4060 6204
517 320 622 387 399

1735 314 2154 373 NlCEI‘llORI
2193 315 2577 377 GllEGORxE

3664 309 3771 370 ἆτ’-ἱ)

519 443 612 497 sed
640 448 821 497 creata
840 446 992 503 sunt,
1022 448 1364 508 quaecunque
1402 429 1468 485 ad
1496 429 1739 483 calorem
1771 439 1825 482 et
1859 428 2091 481 formam

2210 429 2299 481 ὅσα
2323 430 2572 500 χρώμασι
2610 432 2697 484 καῖ
2737 430 2979 499 σχήμασι
3002 426 3095 480 καὶ
3125 424 3427 493 γλυκύτησι
3456 423 3550 477 καὶ
3582 424 3771 493 πικρό-

516 545 570 589 et
596 533 939 596 dulcedinem
959 542 1013 585 et
1033 525 1455 583 amaritudinem
1487 532 1541 576 et
1567 520 1789 574 odorem
1819 521 2096 589 pertinent

516 638 570 683 et
606 627 671 681 ad
700 625 1021 684 videndum,
1050 618 1407 681 audiendum,
1451 613 1797 669 sentiendum
1833 612 2093 687 increata,

518 718 867 774 nominanda
900 713 1153 786 judicet?
1183 711 1461 777 Quantum
1515 707 1607 761 ille
1652 705 1978 759 abhorreret
2024 703 2092 757 ab

521 811 734 866 insanis
769 819 824 863 et
854 821 1048 861 sensus
1080 801 1435 873 expertibus?

590 903 927 972 Vlll.{Atque
946 907 1007 953 ut
1027 898 1095 952 iis
1125 911 1246 967 quae
1275 892 1590 965 singulatim
1618 882 1881 963 apparent
1932 889 2098 944 rebus

516 994 787 1049 rationem
816 992 1228 1054 contirmemus,
1244 994 1550 1043 atramento
1567 994 1661 1040 aut
1678 986 1785 1039 alio
1809 984 1989 1040 colore
2014 981 2099 1052 pi-

518 1085 834 1144 ctazlitterae
869 1093 1020 1140 certe
1046 1074 1245 1137 visioni
1267 1080 1525 1153 subjectae
1553 1088 1702 1142 sunt,
1749 1078 1843 1131 sed
1880 1078 2019 1131 inest
2041 1084 2098 1131 et

517 1179 673 1249 quasi
692 1179 825 1232 latet
844 1178 898 1231 in
921 1175 1016 1230 illo
1038 1183 1348 1230 atramento
1377 1171 1647 1227 sententia
1684 1170 1951 1240 quasdam,
1977 1183 2098 1237 quae

516 1271 720 1326 visioni
751 1268 969 1323 subdita
1004 1281 1128 1321 esse
1179 1265 1330 1320 nullo
1386 1264 1548 1319 modo
1607 1272 1805 1334 potest.
1844 1267 2098 1315 Attamen

517 1363 679 1436 ἡδὶ
709 1362 969 1433 quoniam
1008 1360 1174 1414 homo
1206 1374 1271 1412 ex
1292 1357 1483 1435 anima
1517 1365 1571 1411 et
1598 1372 1830 1424 corpore
1858 1361 2093 1421 constat,

515 1465 574 1510 et
610 1471 710 1525 per
741 1454 1083 1523 corporalem
1114 1462 1170 1506 et
1200 1449 1509 1504 sensualem
1545 1448 1806 1501 visionem
1849 1446 2098 1515 apprime

519 1546 757 1616 percipit
815 1545 1065 1614 corporis
1102 1545 1328 1605 fortnas,
1370 1557 1469 1611 per
1499 1539 1789 1593 mentalem
1822 1546 1876 1592 et
1911 1537 2103 1590 invisi-

518 1637 688 1692 bilem
714 1637 912 1691 anima:
947 1634 1169 1690 oculum
1225 1630 1532 1687 sententias
1583 1644 1705 1699 quae
1760 1628 1960 1682 litteris
1989 1627 2097 1683 illis

520 1730 736 1785 insunt.
767 1728 845 1783 Ac
888 1725 1159 1781 mundum
1191 1724 1374 1789 illum,
1410 1723 1503 1791 qui
1531 1736 1561 1775 e
1604 1721 1746 1775 cozlo
1784 1729 1839 1774 et
1870 1729 2013 1774 terra
2041 1727 2098 1773 et

2201 537 2326 588 τησι
2360 522 2455 576 καὶ
2504 525 2703 592 ὀσμαῖς
2744 520 3032 574 ὑπόκειται
3079 520 3173 570 καὶ
3226 518 3363 584 ἀκοῇ
3392 516 3485 567 καὶ
3524 515 3645 582 ὄψει
3679 516 3773 566 καὶ

2202 613 2312 682 ἀφῇ
2357 614 2629 684 κρίνεται,
2661 613 2845 681 λέγειν
2880 612 3145 672 diction;
3173 609 3226 661 τί
3250 608 3296 661 δ’
3331 608 3579 661 ἀπεοίκοι
3604 606 3668 660 ἂν
3690 605 3774 658 οὗ·

2198 721 2291 767 τος
2325 706 2435 757 τῶν
2464 706 2809 775 μαινομένων
2841 705 2872 768 ἢ
2918 702 3297 769 ἁναισθήτων;

2270 883 2355 937 ιιι.
2392 883 2502 937 Καὶ
2533 884 2600 938 ἵν’
2626 884 2690 937 ὲκ
2719 882 2830 937 τῶν
2884 882 3006 936 καθ’
3032 882 3241 935 ἕκαστα
3289 885 3634 952 φαινομένων
3688 884 3778 934 τὸν

2201 975 2357 1045 λόγον
2382 975 2772 1046 γυμνάσωμεν,
2797 974 2866 1027 τά
2893 974 2980 1028 διά
3015 975 3244 1042 μέλανος
3295 974 3329 1044 ἢ
3378 973 3444 1027 δι’
3467 973 3627 1027 ἄλλου
3680 972 3774 1024 τοῦ

2201 1069 2490 1139 χρώματος
2512 1068 2813 1138 γράμματα
2845 1067 2954 1120 τῶν
2986 1066 3293 1137 αἰσθήσεων
3329 1067 3428 1136 μὲν
3461 1067 3779 1120 ὑπόκεινται

2199 1160 2419 1223 πάντως
2444 1162 2509 1229 τῇ
2543 1159 2663 1228 ὕψει
2686 1175 2700 1189 ·
2728 1158 2843 1213 ἀλλ’
2882 1159 2996 1229 ἔχει
3027 1158 3123 1211 καὶ
3151 1157 3275 1211 νοῦν
3320 1159 3640 1227 ἐγκείμενον
3686 1160 3782 1212 καὶ

2202 1252 2574 1323 κρυπτόμενον
2591 1253 2647 1305 ὲν
2660 1250 2739 1321 τῷ
2764 1250 2976 1320 μέλανι,
2998 1250 3446 1321 ἀπηγορευμένον
3466 1251 3560 1304 καὶ
3577 1251 3707 1303 ἀδυν
3717 1252 3782 1304 ἀ-

2199 1363 2294 1397 του
2320 1346 2671 1399 παντάπασιν
2697 1344 2846 1407 ὄντος
2863 1343 2983 1414 ὄψει
3014 1343 3207 1397 τοῦτον
3235 1343 3785 1413 ὐποτεθῆναι.”ομως

2201 1438 2501 1508 ἐπειδήπερ
2540 1440 2567 1491 ό
2607 1436 2894 1507 ἄνθρωπος
2932 1435 3156 1500 διπλοῦς
3197 1437 3260 1490 ὲκ
3296 1436 3477 1506 ψυχῆς
3518 1437 3782 1506 συνετέθη

2201 1530 2295 1583 καὶ
2331 1529 2619 1598 σώματος,
2654 1530 2749 1583 καὶ
2782 1528 3113 1598 ἀμφοτέρων
3148 1527 3371 1581 ἐκείνων
3403 1528 3620 1591 οἰκείως
3656 1529 3782 1580 ἐπι-

2201 1618 2564 1688 λαμϐάνεται,
2593 1618 2682 1672 διὰ
2712 1619 2811 1689 μὲν
2840 1617 2940 1686 τῆς
2971 1621 3290 1689 σωματικῆς
3321 1619 3417 1672 καὶ
3445 1619 3785 1687 φαινομένης

2201 1711 2377 1780 ὅψεως
2400 1711 2508 1764 τῶν
2532 1711 2619 1765 διὰ
2646 1710 2899 1782 σώματος
2927 1712 3314 1781 χαρακτήρων,
3341 1711 3428 1765 διά
3454 1711 3508 1763 δὲ
3534 1690 3628 1762 τοῦ
3657 1728 3783 1764 vaso

517 1836 866 1892 quascunque
897 1819 1077 1873 media
1111 1825 1242 1872 sunt
1272 1824 1510 1880 constat,
1540 1813 1800 1868 similiter
1828 1813 1896 1865 ab
1939 1810 2099 1865 initio

2210 1801 2298 1872 ροῦ
2322 1801 2418 1855 καὶ
2443 1801 2685 1871 ἀφανοῦς
2703 1802 2802 1871 τῆς
2824 1800 3001 1871 ψυχῆς
3025 1801 3308 1871 ὀφθαλμοῦ
3331 1802 3439 1854 τῶν
3462 1803 3571 1864 τοῖς
3596 1801 3787 1871 γράμ-

522 1917 774 1970 homines
795 1911 959 1967 modo
983 1910 1300 1966 universum
1331 1906 1496 1962 modo
1518 1905 1805 1975 partialem
1833 1904 1949 1958 visu
1970 1918 2103 1959 con-

518 2007 735 2078 cipiunt
760 2004 1065 2059 secundum
1095 2000 1209 2056 vim
1234 2009 1290 2055 et
1324 2008 1576 2053 naturam
1611 2013 1733 2067 quae
1763 1996 1836 2050 rei
1881 1993 2101 2050 unicui-

521 2111 632 2167 que
670 2098 833 2149 inest.
866 2094 942 2147 Ex
976 2091 1061 2146 his
1097 2089 1317 2145 duobus
1348 2088 1596 2142 omnium
1625 2084 1853 2140 omnino
1886 2093 2102 2139 constat

526 2187 770 2258 cognitio
791 2228 807 2251 ,
839 2184 1055 2239 scilicet
1090 2180 1332 2236 sensuali
1364 2177 1721 2248 perceptione
1770 2191 1867 2244 per
1911 2174 2101 2227 oculos

517 2288 575 2333 et
594 2277 648 2332 vi
688 2273 892 2330 mentis
915 2311 929 2334 ,
952 2286 1074 2341 qure
1106 2267 1459 2322 invisibiliter
1489 2279 1586 2333 per
1612 2273 1863 2317 naturam
1892 2262 2101 2316 excita-

522 2387 633 2437 tur,
668 2379 895 2442 apparet
945 2375 1128 2421 autem
1169 2379 1268 2434 per
1290 2362 1504 2417 litteras
1535 2373 1590 2414 et
1619 2374 1951 2413 sermonem.
1978 2356 2103 2412 Haac

519 2463 771 2536 quamvis
816 2476 925 2514 una
960 2459 1014 2513 in
1051 2456 1252 2511 multas
1288 2452 1639 2509 distribuitur
1677 2452 2059 2521 perceptiones
2085 2489 2101 2516 ,

518 2555 721 2625 quippe
744 2567 865 2623 quae
898 2549 1175 2618 duplicem
1203 2547 1312 2601 vim
1337 2552 1626 2608 exerceat;
1653 2541 2103 2612 perceptionibus

519 2648 668 2702 enim
729 2642 1115 2713 corporalibus
1154 2638 1497 2709 corporalem
1534 2652 1631 2705 per
1661 2651 1847 2690 aerem
1902 2650 2099 2687 sonum

520 2733 751 2805 praebet,
780 2730 950 2785 menti
982 2744 1112 2785 vero
1147 2743 1269 2797 qua:
1299 2741 1410 2781 non
1443 2735 1669 2795 apparet
1713 2740 1834 2805 eam
1880 2733 2101 2779 senten-

523 2800 657 2879 tiam
688 2840 809 2894 qua:
842 2822 971 2875 huic
1013 2829 1226 2874 tantum
1255 2826 1483 2887 apparet
1513 2826 1570 2869 et
1592 2800 1922 2878 ostcriditur,
1972 2817 2100 2867 mit-

524 2917 613 2972 tit.
652 2892 843 2984 Itaque
890 2928 1074 2967 rerum
1123 2892 1468 2980 publicarum
1502 2916 1559 2961 et
1591 2906 2021 2960 domesticarum
2048 2917 2104 2959 et

521 3006 771 3063 omnium
822 3018 948 3073 quae
1001 3002 1056 3055 in
1095 3002 1208 3055 vita
1262 3008 1564 3054 nascuntur
1621 3007 1679 3052 et
1728 3007 2099 3061 evanescunt,

524 3098 765 3168 cognitio
798 3110 961 3151 sensu
997 3107 1061 3148 ac
1090 3100 1272 3146 mente
1309 3107 1419 3146 una
1451 3090 1717 3155 sensuali,
1752 3090 1920 3143 altera
1963 3091 2103 3143 invi-

525 3164 697 3255 sibili,
729 3186 907 3257 quoad
936 3183 1243 3251 intelligere
1274 3197 1589 3254 possumus,
1618 3181 1817 3236 oritur.
1850 3182 2101 3251 Quapro-
2128 3164 2172 3220 (ἶ

524 3293 649 3352 pter
680 3281 824 3334 Deus
857 3278 1097 3332 Verbum
1129 3290 1260 3330 caro
1303 3274 1481 3329 factus
1533 3272 1733 3327 mansit
1758 3273 1976 3343 quidem
2010 3273 2104 3342 qui

524 3381 647 3429 erat
662 3370 966 3443 spiritualis
990 3377 1042 3424 et
1060 3378 1253 3439 prater
1270 3376 1508 3423 mentem
1536 3365 1590 3419 id
1607 3365 1752 3435 quod
1773 3381 1881 3419 non
1904 3366 2110 3419 habue-

529 3475 615 3522 rat
639 3466 849 3535 recepit
875 3473 932 3520 et
977 3463 1158 3519 factus
1202 3471 1287 3517 est
1321 3461 1523 3531 duplex
1560 3470 1757 3514 natura
1792 3459 2104 3513 incredibili

528 3560 735 3623 modo,
788 3566 849 3613 ut
913 3572 1014 3627 per
1083 3555 1348 3609 miracula
1415 3569 1535 3622 quae
1590 3550 1776 3606 sensui
1846 3562 2109 3620 apparent

527 3651 693 3725 452
724 3650 1011 3712 deitatem,
1041 3663 1164 3718 qua:
1201 3662 1311 3699 non
1343 3641 1662 3715 apparebat,
1697 3642 2002 3697 denudaret
2033 3651 2112 3696 at-

529 3760 639 3815 que
687 3742 1038 3808 ostenderet,
1095 3748 1261 3808 atque
1302 3737 1375 3791 ita
1416 3737 1485 3791 ab
1528 3735 1806 3791 miraculis
1832 3749 1953 3805 qua:
1992 3748 2113 3789 sen-

528 3838 615 3894 sui
678 3844 941 3906 apparent
999 3843 1245 3902 tempore
1300 3830 1536 3900 erigeret
1603 3840 1659 3883 et
1726 3828 1988 3898 dirigeret
2041 3826 2109 3881 ad

528 3925 874 3997 epiritualem
906 3923 1056 3978 illam
1101 3936 1165 3977 ac
1205 3920 1419 3976 beatam
1456 3920 1624 3975 vitam
1655 3934 1778 3989 quae
1800 3934 1963 3987 supra
1991 3933 2114 3972 sen-

531 4035 653 4074 sum
695 4029 799 4072 est.
836 4013 1052 4070 Etenim
1102 4028 1171 4068 ex
1201 4011 1580 4082 magnitudine
1614 4022 1670 4066 et
1699 4009 2113 4081 pulchritudine

535 4108 958 4172 miraculorum,
1006 4120 1128 4175 quae
1157 4104 1253 4177 ab,
1283 4103 1446 4158 initio
1481 4104 1538 4158 in
1574 4102 1846 4157 creaturis
1896 4115 2113 4170 semper

531 4212 823 4273 apparent,
866 4217 964 4269 per
1016 4198 1322 4270 analogiam
1366 4197 1658 4269 quamdam
1704 4196 1935 4253 Creator
1979 4200 2112 4251 con-‘-

534 4293 788 4363 spicitur.
816 4292 928 4345 Nec
961 4292 1133 4352 enim,
1163 4298 1224 4345 ut
1272 4299 1498 4345 sanctus
1543 4288 1636 4343 ille
1672 4288 1967 4358 Dionysius
1994 4287 2111 4352 ait,

533 4384 767 4440 omnino
793 4383 1053 4451 cognosci
1085 4379 1427 4453 potestquod
1459 4380 1526 4434 ad
1556 4379 1849 4434 essentiam
1875 4378 2114 4446 pertinet

537 4491 644 4533 nec
679 4474 890 4546 percipi
921 4474 1067 4529 Deus
1091 4514 1109 4540 ,
1160 4472 1256 4529 sed
1300 4472 1373 4528 ob
1404 4471 1548 4527 facta
1599 4486 1697 4526 sna
1749 4469 2112 4529 celebrandus
2141 4498 2189 4556 η

534 4577 642 4633 est,
677 4576 1020 4638 quapropter
1048 4565 1362 4635 baptismus
1393 4562 1553 4618 nobis
1586 4561 1641 4616 in
1683 4561 1957 4631 duplicem
1989 4576 2114 4632 gra-

538 4662 670 4715 tiam
705 4670 859 4722 erat,
896 4674 995 4728 per
1020 4655 1416 4727 aquamsimul
1472 4663 1531 4708 et
1586 4653 1887 4722 Spiritum,
1932 4654 1992 4706 u't
2021 4666 2117 4721 per

539 4767 738 4823 aquam
773 4767 896 4821 quae
927 4750 1113 4805 carnis
1152 4754 1355 4804 nostra:
1385 4746 1576 4802 sordes
1605 4745 1790 4799 eluere
1828 4746 1985 4809 solet,
2017 4743 2118 4797 ad-

537 4843 655 4895 dito
674 4840 863 4895 divino
882 4840 1120 4909 Spiritu.
1143 4835 1491 4893 invisibiliter
1510 4844 1565 4890 et
1590 4833 1991 4890 insensibiliter
2007 4846 2118 4886 una

538 4946 664 4985 cum
690 4944 923 5000 corpore
934 4929 1156 4983 eluatur
1175 4926 1378 4981 anima.
1396 4924 1477 4979 Ad
1493 4938 1701 4980 sacram
1720 4938 1914 4993 aquam
1933 4932 2117 4978 autem

539 5021 803 5077 accedere
824 5020 1087 5089 Spiritum
1112 5027 1360 5072 sanctum
1380 5032 1477 5088 per
1495 5031 1718 5086 precum
1738 5015 2119 5070 cmremoniam

543 5111 791 5166 ostendit
819 5108 982 5165 nobis
1013 5119 1241 5166 sanctus
1264 5109 1709 5181 Cbrysostomus,
1742 5126 1760 5159 ι
1786 5105 1924 5160 Tum
1952 5123 2120 5176 super

480 5200 487 5209 ’
538 5203 846 5269 Christum,
873 5202 1181 5272 inquirens,
1212 5203 1462 5257 columba
1487 5200 1856 5271 apparuit,ita
1876 5209 1936 5253 ut
1963 5200 2120 5269 quasi

540 5295 711 5366 digito
725 5295 1041 5351 ostenderet
1059 5296 1127 5351 iis
1145 5295 1238 5365 qui
1256 5295 1483 5350 aderant
1508 5303 1562 5348 et
1578 5293 1775 5347 Joanni
1800 5291 1995 5347 Filium
2025 5292 2120 5347 Dei

541 5402 723 5456 neque
740 5385 842 5442 hoc
857 5388 1034 5442 solum
1058 5403 1247 5442 verum
1266 5389 1431 5442 etiam
1454 5395 1513 5441 ut
1531 5387 1710 5440 discas
1728 5400 1891 5453 supra
1914 5393 1964 5438 te
1984 5400 2125 5454 quo-

542 5496 651 5551 que
675 5481 766 5549 qui
788 5480 1097 5549 baptizatus
1122 5496 1182 5535 es
1200 5480 1463 5550 Spiritum
1485 5478 2120 5533 descemtere.Nuncau-

543 5583 656 5629 tem
678 5573 919 5627 sensuali
950 5574 1111 5629 nobis
1137 5574 1349 5628 visione
1380 5588 1520 5642 Opus
1549 5587 1656 5625 non
1692 5581 1811 5635 est,
1855 5584 1980 5622 cum
2020 5584 2121 5638 pro

534 5666 806 5721 'omnibus
829 5664 963 5721 fides
1007 5665 1328 5721 satisfaciat.
1355 5665 1489 5720 Nam
1515 5664 1666 5733 signa
1702 5679 1808 5717 non
1843 5662 2119 5726 ﬁdelibus,

542 5758 641 5815 sed
670 5756 1036 5815 inﬁdelibus.»
1076 5758 1358 5816 Visibilcm
1395 5758 1554 5828 igitur
1586 5754 1977 5825 theopbaniam
2009 5769 2118 5811 non

2209 1909 2371 1964 μασιν
2417 1893 2647 1956 ὲκείνοις
2693 1895 3027 1963 ἐγκειμένων
3077 1894 3385 1962 νοημάτων.
3433 1893 3543 1948 Καὶ
3585 1894 3677 1947 τδν
3725 1894 3787 1961 ἐξ

2202 1984 2433 2055 οὐρανοῦ
2457 1985 2514 2038 δὲ
2540 1988 2634 2040 καὶ
2661 1984 2765 2054 γῆς
2792 1986 2886 2039 καλ⁵
2909 1985 3017 2038 τῶν
3041 1985 3100 2038 ἐν
3130 1987 3280 2055 μέσῳ
3305 1987 3528 2039 πάντων
3555 1987 3785 2053 συγκεί-

2206 2094 2366 2147 μενον
2399 2078 2605 2148 κόσμον
2637 2077 2838 2149 ὁμοίως
2882 2077 2941 2143 ἐξ
2982 2077 3180 2141 αἰῶνος
3218 2076 3456 2147 ὁρῶντες
3496 2079 3786 2145 καταλαμ-

2205 2169 2460 2223 ϐάνουσιν
2493 2169 2769 2239 ἄνθρωποι
2806 2166 2924 2232 πῶς
2962 2168 3063 2239 μὲν
3097 2168 3361 2237 καθόλου,
3400 2170 3514 2232 πῶς
3547 2170 3604 2223 δὲ
3640 2172 3788 2225 κατὶ

2206 2261 2403 2331 μέρος,
2431 2262 2577 2315 κατὰ
2604 2261 2698 2332 τὴν
2725 2260 2952 2315 ἐνοῦσαν
2976 2262 3193 2333 ἑκάστῳ
3221 2264 3381 2331 φύσιν
3408 2265 3502 2315 καὶ
3527 2264 3782 2334 δύναμιν.

2206 2354 2331 2408 Κάκ
2358 2356 2467 2409 τῶν
2496 2355 2642 2408 δυοῖν
2671 2354 2875 2409 τούτων
2902 2355 3040 2409 πᾶσι
3076 2356 3295 2409 πάντων
3322 2357 3357 2425 ἡ
3395 2355 3595 2424 γνῶσις
3634 2357 3787 2409 συνί-

2207 2461 2419 2512 σταται,
2468 2445 2568 2514 τῆς
2614 2464 2675 2498 τε
2726 2446 2794 2499 δι’
2821 2445 2997 2515 ὅψεως
3046 2446 3373 2516 αἰσθητικῆς
3422 2447 3791 2518 καταλήψεως

2206 2539 2300 2591 καὶ
2333 2537 2434 2608 τῆς
2462 2537 2605 2591 κατά
2632 2539 2724 2592 τὸν
2752 2538 2878 2592 νοῦν
2908 2539 3189 2608 ἐνεργείας
3209 2579 3225 2603 ,
3260 2540 3479 2608 ἀφανῶς
3513 2541 3613 2609 μὲν
3640 2542 3790 2592 κατά

2207 2632 2370 2700 φύσιν
2406 2632 2576 2703 αὐτῆς
2616 2631 2978 2702 κινουμένης,
3015 2631 3458 2701 ἑμφανιζομένης
3498 2633 3543 2684 δ’
3567 2632 3663 2685 οῦν
3695 2633 3792 2686 διὰ

2205 2725 2550 2794 γραμμάτων
2589 2719 2746 2787 αὖθις
2787 2723 2882 2777 καὶ⁵
2924 2723 3134 2785 λαλιᾶς.
3163 2724 3324 2784 Ἤτις
3366 2725 3461 2777 καὶ
3501 2724 3637 2793 αὐτὴ
3681 2725 3792 2792 μία

2205 2814 2338 2868 οῦσα
2362 2814 2498 2884 πρὸς
2527 2814 2727 2878 πολλάς
2755 2815 3040 2885 μερίζεται
3067 2817 3262 2879 ἀκοὰς,
3288 2814 3484 2884 διπλῆν
3506 2815 3604 2885 τὴν
3628 2816 3793 2884 ἐνέρ-

2205 2923 2360 2974 γειαν
2384 2907 2569 2977 δρῶσα
2596 2924 2610 2939 υ
2639 2909 2760 2970 ταῖς
2790 2907 2890 2975 μὲν
2914 2907 3022 2978 γάρ
3050 2909 3242 2971 ἀκοαῖς
3274 2910 3613 2977 σωματικαῖς
3638 2925 3794 2962 τισιν

2204 2997 2393 3061 οὔσαις
2442 3000 2536 3052 τὸν
2584 2997 2896 3068 σωματικὸν
2942 2998 3009 3051 δι’
3044 3000 3205 3068 ἀέρος
3251 2998 3516 3069 ἐνάρθρου
3564 2999 3794 3054 δίδωσιν

2206 3086 2358 3160 ἦχον,
2388 3090 2466 3153 τῷ
2498 3090 2554 3143 δὲ
2590 3089 2664 3160 μὴ
2695 3090 3005 3161 φαινομένῳ
3035 3092 3133 3158 τῆς
3160 3091 3337 3161 ψυχῆς
3367 3092 3538 3162 νοερῷ
3568 3094 3657 3145 τδν
3689 3094 3795 3160 έμ,

2208 3186 2535 3252 φαινόμενον
2576 3185 2713 3254 αὐτῇ
2761 3184 2857 3237 καὶ
2905 3184 3376 3253 ἐνσημαινόμενον
3421 3186 3797 3254 παραπέμπει

2208 3276 2353 3330 νοῦν.
2389 3280 2500 3332 Καὶ
2537 3275 2713 3339 οὕτως
2752 3278 2784 3346 ἡ
2816 3277 2925 3330 τῶν
2963 3278 3257 3332 πολιτικῶν
3291 3279 3389 3333 καὶ
3426 3279 3796 3347 οἰκονομικῶν

2210 3371 2682 3440 πραγμάτωνκαὶ
2712 3370 2822 3424 τῶν
2856 3371 2914 3424 ἐν
2950 3371 3050 3441 βίῳ
3093 3371 3311 3426 πάντων
3345 3373 3646 3443 κατάληψις
3684 3373 3797 3424 ὅσα

2209 3463 2419 3530 γένεσις
2461 3462 2582 3531 ἄγει
2619 3462 2713 3515 καὶ
2754 3462 2965 3534 φθορά,
3000 3464 3069 3517 δι’
3094 3463 3396 3534 αἰσθήσεώς
3427 3480 3484 3517 τε
3523 3465 3615 3515 καὶ
3657 3463 3797 3529 νοῦ,

2209 3552 2310 3620 τῆς
2358 3554 2454 3623 μὲν
2489 3555 2823 3624 φαινομένης
2854 3553 2949 3607 τοῦ
2990 3554 3047 3607 δὲ
3089 3558 3502 3626 κρυπτομένου,
3539 3555 3631 3608 τὸν
3661 3556 3797 3625 ἐφιο

2212 3645 2337 3697 κτὸν
2372 3646 2502 3714 ἡμῖν
2538 3647 2882 3716 περιγίνεται
2917 3647 3139 3717 τρόπον.
3181 3649 3275 3700 Διά
3314 3648 3377 3717 δὴ
3411 3647 3584 3699 ταῦτα
3624 3648 3723 3699 καὶ
3768 3650 3800 3700 ὁ

2211 3735 2344 3800 Θεὸς
2386 3738 2561 3806 Λόγος
2609 3739 2745 3809 σὰρξ
2785 3739 3022 3807 ἐγένετο,
3062 3740 3251 3809 μείνας
3292 3741 3427 3810 ὅπερ
3468 3734 3560 3809 ἦν,
3594 3742 3798 3805 νοητὸς

2212 3832 2306 3883 καὶ
2335 3831 2472 3902 ὑπὲρ
2502 3830 2659 3898 νοῦν,
2693 3831 3017 3903 προσλαϐὼν
3046 3832 3091 3884 δ’
3114 3832 3253 3902 ὅπερ
3283 3832 3380 3885 οὐκ
3408 3827 3476 3902 ἦν
3507 3834 3597 3884 καὶ
3628 3834 3798 3899 γενῧ-

2216 3938 2378 3992 μενος
2406 3922 2627 3987 διπλοῦς
2654 3924 2753 3995 τὴν
2785 3924 2948 3993 φύσιν
2977 3924 3288 3998 ἀπόρρητον
3318 3925 3548 3995 τρόπον,
3583 3923 3669 3977 ἴνα
3696 3923 3799 3978 διὰ

2213 4018 2323 4068 τῶν
2350 4018 2415 4085 τῇ
2445 4015 2701 4087 αἰσθήσει
2734 4016 3073 4087 φαινομένων
3101 4002 3394 4086 θαυμάτων
3422 4015 3519 4086 τὴν
3548 4017 3623 4084 μὴ
3657 4031 3802 4082 qua-

2213 4104 2448 4175 νομένην
2479 4108 2833 4176 παραγυμνοῖ
2867 4107 2959 4159 καὶ
2989 4107 3367 4177 παραδεικνύῃ
3401 4106 3630 4175 θεότητα
3650 4146 3665 4170 ,
3695 4106 3804 4157 καὶ

2215 4194 2388 4257 οὕτως
2417 4197 2526 4251 ἀπὸ
2552 4194 2661 4251 τῶν
2692 4198 2813 4252 κατ’
2838 4199 3096 4270 αἴσθησιν
3128 4199 3469 4269 φαινομένων
3499 4201 3591 4252 καὶ
3622 4214 3805 4267 προσ-

2217 4288 2424 4359 καίρων
2467 4288 2763 4360 θαυμάτων
2804 4292 3001 4361 ἀνιστᾷ
3044 4292 3142 4361 τὴν
3181 4290 3358 4362 ψυχὴν
3403 4290 3655 4360 ἐμμελῶς
3697 4293 3805 4345 καὶ

2218 4382 2296 4443 εἰς
2327 4382 2425 4450 τὴν
2457 4380 2597 4451 ὑπὲρ
2635 4381 2890 4452 αἴσθησιν
2922 4383 3202 4456 ἀπευθύνῃ
3236 4383 3434 4454 νοητήν
3464 4400 3522 4436 τε
3559 4384 3655 4435 καὶ
3690 4401 3807 4451 μα-

2219 4474 2420 4543 καρίαν
2449 4473 2668 4543 ἐκείνην
2699 4473 2865 4545 ζωήν.
2904 4473 2999 4528 Ἐκ
3032 4475 3142 4546 γὰρ
3179 4474 3442 4545 μεγέθους
3476 4476 3567 4526 καὶ
3598 4475 3805 4528 καλλο-

2217 4565 2310 4635 νῆς
2347 4563 2456 4617 τῶν
2487 4564 2545 4631 ἐξ
2582 4564 2758 4634 ἀρχῆς
2796 4568 2855 4618 ὲν
2885 4568 2999 4629 τοῖς
3033 4569 3297 4636 κτίσμασι
3337 4566 3678 4633 φαινομένων
3713 4567 3805 4620 ἀεὶ

2218 4655 2513 4725 θαυμάτων
2541 4656 2821 4724 ἀναλόγως
2851 4658 2880 4709 ὁ
2911 4657 3240 4728 δημιουργὸς
3274 4660 3467 4727 ὁρᾶται
3495 4676 3509 4687 ο
3543 4659 3805 4728 ἀνεννόη-

2218 4766 2308 4802 τον
2333 4750 2439 4819 γὰρ
2459 4788 2474 4814 ,
2503 4750 2532 4802 ό
2557 4749 2698 4813 θεῖός
2726 4768 2858 4821 φησι
2884 4751 3188 4816 Διονύσιος,
3216 4753 3391 4821 πάντη
3420 4753 3560 4805 κατά
3586 4751 3686 4823 τὴν
3710 4753 3806 4804 οὐ·

2222 4842 2343 4894 σίαν
2368 4846 2460 4894 καὶ
2489 4843 2875 4912 ἀκατάληπτον
2900 4843 2964 4896 τὸ
2991 4843 3154 4908 θεῖον,
3181 4843 3295 4898 ἀλλ’
3320 4849 3382 4897 ὲκ
3408 4845 3515 4897 τῶν
3544 4844 3807 4896 αίτιατῶν

2221 4934 2517 5003 ὑμνητέον,
2555 4933 2635 4987 διδ
2674 4934 2770 4988 καὶ
2810 4934 2870 4986 τὸ
2910 4937 3056 4987 θεῖον
3098 4936 3230 5005 ἡμῖν
3269 4935 3557 5007 βάπτισμα
3594 4934 3810 4997 διπλοῖς

2220 5020 2341 5078 οὖσι
2383 5025 2606 5080 διπλοῦν
2645 5025 2910 5097 ἐχαρίσθη
2959 5023 3019 5098 [ί.
3061 5027 3168 5080 259
3213 5027 3293 5098 a],
3337 5026 3619 5103 δι’ῦδατος
3665 5028 3808 5094 όμοῦ

2224 5115 2319 5169 καὶ
2349 5115 2686 5185 Πνεῦματος,
2720 5117 2806 5169 ἵνα
2837 5117 2912 5187 τῷ
2947 5117 3127 5181 ὕδατι,
3155 5119 3280 5180 τοὺς
3314 5120 3611 5185 σαρκικοὺς
3642 5118 3804 5185 ἡμῶν

2221 5209 2310 5262 ἀεὶ
2358 5207 2564 5278 ῥύπους
2610 5208 2893 5278 καθαίρειν
2938 5211 3183 5273 εἰωθότι,
3230 5209 3667 5280 προσγενομένου
3710 5211 3805 5263 καὶ

2223 5298 2315 5353 τοῦ
2351 5299 2499 5353 θείου
2535 5300 2850 5371 Πνεύματος
2880 5302 3130 5373 ἀοράτως
3160 5302 3255 5356 καὶ
3286 5303 3541 5369 ἀφανῶς,
3580 5304 3697 5372 ἅμα
3724 5302 3804 5372 τῷ

2225 5392 2438 5461 σώματι
2480 5393 2918 5463 συγκαθαίρηται
2961 5394 3056 5446 καὶ
3097 5395 3129 5463 ἡ
3170 5394 3319 5463 ψυχὴ
3364 5392 3569 5462 νοερῶς
3607 5410 3665 5445 τε
3707 5394 3806 5446 καὶ

2222 5482 2467 5550 ἀφανῶς.
2505 5481 2631 5534 Ὀτι
2665 5482 2721 5534 δὲ
2757 5484 3235 5552 συμπαραγίνεται
3272 5485 3350 5552 τῷ
3388 5482 3541 5535 ὕδατι
3576 5484 3805 5551 ἀγισξο-

2229 5574 2376 5645 μένῳ
2404 5575 2510 5625 καὶ
2549 5572 2609 5627 τὸ
2654 5574 2880 5644 Πνεῦμα
2919 5577 2979 5628 τὸ
3022 5575 3175 5644 ἅγιον
3213 5576 3301 5628 διὰ
3343 5577 3441 5645 τῆς
3479 5576 3587 5627 τῶν
3626 5574 3809 5643 εὐχῶν

2224 5662 2600 5733 ἐπικλήσεως,
2634 5663 2791 5736 δῆλον
2825 5668 2853 5717 ό
2886 5665 3024 5730 θεῖος
3059 5669 3191 5737 ἡμῖν
3225 5668 3459 5720 ποιεῖται
3496 5665 3814 5738 Χρυσόπο-

2230 5771 2360 5826 μος,
2399 5773 2418 5809 ι
2454 5755 2586 5809 Τότε
2623 5756 2747 5825 μὲν,
2785 5773 2804 5807 ι
2841 5755 3048 5825 λέγων,
3086 5778 3106 5811 ι
3142 5762 3232 5813 ἐπὶ
3262 5757 3498 5830 Χριστοῦ
3529 5756 3615 5810 διὰ
3646 5754 3807 5810 τοῦτ(
