4060 6204
448 243 553 304 ιυῑῖι

1677 248 2099 307 ΝΙΟΕΡΙΙΟΗῙ
2138 245 2531 308 ΟΙΚΕΟΟΠΕ-

3593 238 3706 304 δῦί

446 377 769 432 posuerant.
806 365 1137 436 «Participcs
1160 367 1304 420 enim
1326 366 1551 423 erimus.
1574 364 1772 433 inquit.
1794 363 2014 417 Pascha-

2137 384 2154 415 ι
2189 362 2650 432 Μεταληψόμεθα,
2696 380 2711 412 ι
2747 361 2854 430 γάρ
2885 378 3038 434 φησι,
3076 380 3095 414 ε
3132 358 3225 416 τοῦ
3256 361 3445 433 Πάσχα
3473 361 3568 415 νῦν
3600 361 3704 432 μὲν

447 458 517 509 tis
563 473 710 513 nunc
740 458 964 531 quidem
1001 459 1066 512 ad
1102 457 1355 527 llguram,
1396 455 1650 524 quamvis
1696 453 2012 521 apertiorls,

446 564 606 612 quant
650 549 784 604 illud
836 550 1122 617 antiquum
1177 547 1374 602 fuerat.
1421 543 1628 601 Pascha
1666 545 1840 598 .enim
1895 543 2017 599 dico

447 639 676 709 ﬁguram
712 639 896 710 ﬁgurae
931 640 1099 693 fuisse
1127 639 1523 697 oliscurinrem,
1548 637 1711 708 paulo
1742 646 1865 703 post
1894 650 2018 704 per-

444 732 727 787 l'ectiorem
781 742 837 785 et
876 733 1254 794 sinceriorem,
1288 747 1410 786 cum
1455 745 1658 785 novum
1706 729 1842 783 illud
1877 728 2021 782 bibit

458 822 741 876 nobiscum
778 821 1019 875 Verbum
1073 823 1131 876 in
1173 837 1362 895 regno,
1416 821 1673 875 revelatis
1717 829 1773 874 et
1804 817 2017 872 traditis

446 922 568 974 qua:
589 908 769 961 adhuc
797 908 1150 963 mediocriter
1178 910 1569 979 patefecerat.»
1592 908 1820 962 Tantam
1846 906 2016 975 igitur

445 1014 570 1052 eum
605 1001 816 1068 copiam
853 1000 1154 1054 habeamus
1193 1000 1674 1056 innumerabilium
1706 999 1928 1053 testium
1959 1007 2019 1051 et

446 1096 727 1145 tantorum
753 1098 972 1159 tamque
1005 1092 1337 1160 sapientium
1370 1091 1654 1145 hominum
1691 1099 1747 1145 et
1774 1089 2019 1160 discipu-

444 1181 620 1233 lorum
659 1180 859 1235 divinae
907 1182 1186 1248 Ecclesiae,
1220 1185 1314 1253 qui
1369 1198 1561 1238 omnes
1605 1182 1831 1236 omnino
1860 1196 2017 1250 quaa-

442 1284 663 1337 cunque
697 1272 882 1327 divina
913 1275 1185 1329 mirabilia
1218 1291 1316 1345 per
1349 1276 1555 1330 lumina
1583 1276 1737 1337 liunt,
1773 1274 2017 1329 visibiles

445 1359 920 1419 manifestationes
947 1364 1166 1433 quidem
1211 1364 1427 1427 dicunt,
1458 1365 1684 1417 minime
1715 1374 1897 1417 autem
1936 1363 2019 1416 in-

442 1458 656 1509 cieatas
695 1452 948 1517 deitates,
971 1455 1201 1510 minime
1217 1472 1431 1525 aequum
1464 1465 1668 1510 estnon
1692 1470 1815 1510 cum
1840 1469 2017 1524 pupu-

442 1540 544 1595 lari
571 1541 938 1601 indoctiurum
959 1557 1012 1602 et
1031 1548 1428 1603 ineruditorum
1445 1548 1846 1603 existimatione
1876 1562 2006 1601 con-

438 1633 651 1700 junctis
684 1634 944 1691 deitatem
996 1639 1294 1692 increatam
1328 1638 1556 1692 subesse
1585 1637 1807 1702 docere,
1841 1649 1895 1690 et
1929 1636 2016 1690 die

440 1746 661 1786 versum
693 1747 722 1784 a
758 1731 938 1785 divina
961 1728 1199 1785 essentia
1247 1728 1381 1782 illud
1418 1727 1562 1797 quod
1592 1727 1718 1781 olim
1748 1742 1884 1795 supe
1912 1729 2021 1781 Do-

446 1822 579 1876 mini
641 1821 834 1876 faciem
864 1822 919 1874 in
956 1831 1143 1874 monte
1175 1819 1397 1874 Thabor
1443 1820 1695 1891 apparuit
1734 1821 1941 1887 lumen,
1968 1831 2024 1875 et

441 1912 751 1966 consentire
783 1926 904 1965 cum
938 1909 1275 1965 Manicliaeis
1303 1918 1359 1963 et
1400 1908 1711 1964 Masalianis
1745 1909 1819 1964 ob
1858 1925 2020 1964 unam

440 2003 764 2058 Palamicam
787 2002 1105 2058 blanditiem
1123 2001 1343 2057 stultam
1365 2011 1421 2056 et
1440 2001 1683 2055 illicitam
1701 2009 1761 2055 ut
1776 2001 1911 2055 nihil
1931 2017 2018 2056 eo-

443 2094 603 2165 gitari
638 2102 915 2165 putemus,
938 2094 1031 2149 sed
1060 2093 1334 2164 cogitandi
1355 2094 1580 2148 omnino
1610 2093 1849 2162 ineptam
1876 2094 2017 2147 viam

441 2186 536 2240 uni
569 2187 753 2241 sensui
782 2194 947 2240 totam
975 2186 1304 2247 tribuamus,
1324 2184 1487 2238 Arius
1516 2185 1603 2238 ille
1633 2185 1834 2254 impius
1864 2200 2020 2239 crea-

444 2288 559 2333 tum
586 2277 975 2347 hlaSphemans
1003 2277 1305 2332 nominavit
1332 2277 1531 2331 Filium
1570 2285 1626 2329 et
1654 2277 1894 2331 Verbum
1919 2276 2017 2331 Dei

441 2379 499 2423 et
536 2368 702 2423 Deum
752 2368 1099 2438 suppositum
1140 2385 1154 2422 :
1188 2383 1288 2423 nec
1322 2367 1545 2438 quidem
1576 2368 1641 2422 ad
1671 2375 1880 2422 tantam
1912 2369 2018 2423 im-

439 2459 761 2528 pudentiam
809 2459 1130 2528 pervenitet
1154 2458 1320 2530 456
1349 2458 1616 2527 puerilem
1652 2458 1922 2514 inscitiam
1959 2467 2020 2513 ut

440 2550 917 2604 insuhstantialem
980 2549 1250 2607 visibilem
1339 2550 1641 2604 nominarit
1733 2549 2014 2604 deitatem.

438 2641 630 2711 Neque
670 2642 820 2696 enim
857 2657 980 2697 esse
1009 2642 1076 2696 ad
1120 2642 1470 2711 disciplinam
1509 2656 1611 2695 nec
1642 2641 1885 2695 divinam
1921 2656 2018 2696 ne-

439 2750 549 2801 que
578 2735 874 2793 humanam
906 2750 1011 2789 nec
1046 2750 1268 2788 causam
1307 2748 1429 2788 esse
1462 2733 1624 2789 ullam
1670 2748 1771 2787 cur
1806 2731 2015 2801 aliquid

442 2844 510 2881 ex
542 2828 609 2882 iis
642 2843 762 2896 quae
799 2837 927 2881 sunt
978 2825 1405 2881 insubstantiale
1438 2823 1659 2878 visibile
1689 2824 2015 2876 nominaret.

438 2918 506 2973 lit
532 2919 785 2990 quamvis
817 2919 907 2973 ille
939 2926 1187 2981 creatum
1219 2917 1431 2972 diceret
1480 2916 1688 2977 Deum,
1716 2923 1895 2967 tamen
1930 2912 2018 2966 vi-

438 3012 657 3066 sibilem
694 3026 803 3064 non
836 3018 1051 3079 poterat
1079 3008 1303 3062 addere.
1347 3006 1702 3077 Superiorem
1734 3006 1887 3061 enim
1919 3020 2015 3060 an-

438 3103 631 3170 gelicis
653 3100 912 3161 essentiis
941 3115 1065 3155 cum
1087 3099 1442 3163 declarasset,
1467 3098 1621 3153 nullo
1653 3108 1803 3153 certe
1827 3098 2013 3165 modo,

438 3208 566 3246 eum
601 3193 1031 3248 illteinvisibiles
1054 3193 1187 3259 sint,
1223 3201 1585 3263 poterateum
1611 3191 1886 3246 visibilem
1934 3190 2018 3244 di-

437 3301 586 3340 rere.
612 3286 861 3341 Palamas
879 3293 1293 3354 argumentatus
1317 3293 1402 3340 est
1418 3285 1487 3340 de
1518 3284 1586 3339 iis
1616 3299 1737 3354 quae
1765 3283 1833 3339 ab
1856 3298 2019 3354 argu-

437 3373 641 3427 mentis
658 3374 1028 3429 ahhorrentet
1045 3373 1315 3429 cructavit
1332 3374 1568 3429 obseura
1596 3383 1654 3428 et
1680 3374 1884 3443 inepta,
1905 3388 2014 3426 non

442 3468 509 3521 ad
546 3468 817 3537 poeticam
841 3467 1138 3538 quamdam
1166 3468 1472 3532 licentiam,
1492 3466 1586 3522 sed
1612 3468 1681 3523 ad
1706 3466 2013 3536 imperitam

442 3559 769 3615 l’alamicam
801 3560 1189 3615 temeritatem.
1232 3559 1447 3614 Nemini
1478 3560 1626 3613 enim
1657 3558 2012 3628 profanorum

439 3654 731 3707 ductorum
764 3666 1005 3720 unquam
1066 3651 1121 3704 in
1156 3660 1395 3705 mentem
1429 3650 1581 3705 venit
1613 3649 1739 3704 talis
1768 3658 2016 3703 ostenta-

441 3748 545 3813 lin,
573 3760 752 3814 neque
770 3744 913 3813 apud
946 3743 1311 3798 Barbarorum
1330 3757 1662 3812 quemquam
1698 3742 1822 3796 talis
1852 3757 2014 3811 argu-

434 3836 716 3891 mentandi
776 3836 1071 3891 methodus
1111 3835 1333 3890 inventa
1365 3844 1451 3894 est
1510 3850 1686 3905 usque
1745 3834 1811 3888 ad
1866 3834 2012 3889 hunc

435 3932 807 3987 dmelestat
857 3933 1124 4000 igitur,ut
1159 3934 1366 4003 nosqui
1410 3935 1517 3987 huc
1552 3933 1906 3999 pervenimus
1945 3931 2016 3984 si-

438 4024 455 4076 l
496 4025 607 4077 ntio
656 4025 783 4077 tilia
812 4023 1196 4077 abii-minamur
1245 4033 1304 4077 et
1335 4023 1641 4078 orationem
1673 4031 2015 4077 transeamus

436 4116 685 4166 insanam
712 4122 767 4165 et
786 4113 1088 4180 impietatis
1105 4114 1343 4183 plenam.

508 4203 579 4261 Χ.
615 4202 815 4257 Lucem
878 4203 1043 4271 igitur
1094 4220 1258 4258 unam
1319 4207 1466 4260 illam
1535 4208 1833 4260 inereatam
1886 4221 2010 4260 esse

437 4297 653 4351 beatam
681 4304 738 4351 et
768 4306 1084 4350 exterarum
1141 4298 1389 4351 omnium
1424 4298 1848 4366 procreatricem
1888 4298 2006 4354 dei-

2123 456 2367 518 τυπικῶς
2396 454 2500 516 ἔτι,
2533 453 2624 506 καὶ
2652 454 2700 506 εί
2726 453 2818 505 τοῦ
2851 453 3081 511 παλαιοῦ
3109 457 3444 526 γυμνότερον
3463 470 3479 486 ⁸
3507 454 3569 507 τὸ
3595 454 3705 526 γὰρ

2121 546 2342 614 νομικὸν
2383 544 2594 617 Πάσχα,
2638 542 2822 612 τολμὼ
2865 544 2959 595 καὶ
3001 544 3165 612 λέγω,
3209 544 3383 597 τύπου
3425 541 3595 607 τύπος
3635 539 3704 613 ἦν

2124 638 2492 711 ἀμυδρότερος
2518 652 2532 666 ο
2569 635 2749 706 μικρῷ
2786 635 2828 688 5’
2854 634 3080 706 ὕστερον
3112 635 3440 705 τελεώτερον
3475 637 3571 689 καὶ
3600 652 3705 691 κα·-

2123 727 2438 797 θαρώτερον
2457 767 2472 790 ,
2504 727 2663 783 ἡνίκα
2693 729 2759 780 ἂν
2789 727 2922 779 αὐτὸ
2953 727 3084 799 πίνῃ
3114 728 3303 781 καινὸν
3337 727 3455 795 μεθ’
3484 726 3642 797 ἡμῶν
3674 729 3704 781 ὁ

2121 820 2295 886 Λόγος
2322 819 2381 897 έν
2410 821 2474 889 τῇ
2512 818 2760 890 βασιλείᾳ
2787 815 2880 871 τοῦ
2912 819 3148 887 Πατρδς,
3175 819 3580 878 ἀποκαλύπτων
3611 820 3707 870 καὶ

2120 912 2386 965 διδάσκων
2414 914 2450 978 ἀ
2487 912 2579 965 νῦν
2613 913 2851 983 μετρίως
2886 912 3193 982 παρέδειξε.
3236 932 3253 962 ι
3290 912 3561 964 Τοσοῦτον
3589 910 3703 963 toi-

2121 1022 2215 1058 νυν
2259 1004 2475 1075 ἔχοντες
2521 1006 2903 1075 περικείμενον
2940 1005 3102 1073 νέφος
3147 1004 3444 1077 μαρτύρων
3482 1007 3705 1073 ἀπαρα-

2121 1097 2383 1164 γράτττων
2421 1096 2517 1149 καὶ
2552 1094 2694 1149 οῦτω
2737 1096 3010 1166 μεγίστων
3045 1097 3139 1157 καὶ
3175 1095 3450 1170 θεοσόςρων
3488 1095 3704 1165 ἀνδρῶν

2120 1188 2214 1241 καὶ
2248 1187 2583 1241 διδασκάλων
2612 1189 2708 1257 τῆς
2739 1188 2832 1241 τοῦ
2868 1188 3003 1241 Θεοῦ
3039 1188 3395 1259 Ἐκκλησίας,
3430 1190 3525 1241 καὶ
3563 1190 3706 1242 πᾶν·

2121 1296 2229 1331 των
2272 1277 2524 1344 καθάπαξ
2563 1277 2833 1346 λεγόντων
2873 1278 3071 1331 ἀπανθ’
3097 1280 3198 1331 ὅσα
3240 1277 3330 1331 διὰ
3378 1277 3573 1346 φώτων
3614 1278 3705 1330 ἀεὶ

2121 1369 2358 1423 τελεῖται
2389 1370 2509 1425 θεῖα
2536 1372 2820 1439 τεράστια,
2852 1369 3171 1438 θεοφανείας
3203 1371 3299 1440 μὲν
3327 1370 3551 1441 ὁρατὰς,
3583 1369 3703 1422 θεό-

2118 1477 2288 1529 τητας
2317 1460 2361 1514 δ’
2385 1461 2705 1528 ἀκτίστους,
2738 1462 2993 1539 οὐδαμῶς
3021 1479 3122 1514 που
3155 1463 3363 1516 δίκαιον
3392 1464 3487 1514 καὶ
3517 1463 3700 1531 ἡμᾶς,

2119 1556 2184 1623 τῇ
2223 1553 2463 1623 δημώδει
2499 1554 2607 1607 τῶν
2640 1554 2871 1624 ἀμαθῶν
2907 1554 3002 1608 καὶ
3036 1554 3312 1626 ἀγοραίων
3350 1554 3705 1625 συμφερομέ-

2122 1660 2246 1705 νους
2284 1643 2551 1713 ὑπολήψει
2570 1685 2585 1708 ,
2616 1643 2850 1712 θεότητα
2886 1645 3183 1716 ὑφειμένην
3212 1644 3468 1699 ἀκτιστον
3495 1644 3707 1713 δογμα-

2128 1731 2298 1796 τίζειν
2327 1735 2419 1786 καὶ
2448 1735 2701 1805 διάφορον
2726 1736 2824 1803 τῆς
2855 1735 3005 1798 θείας
3033 1736 3218 1797 οὐσίας
3250 1736 3306 1794 τὸ
3334 1735 3506 1789 πάλαι
3535 1736 3707 1804 φανὲν

2130 1824 2221 1876 ἐπὶ
2249 1823 2343 1876 τοῦ
2378 1823 2655 1893 Κυριακοῦ
2671 1824 2965 1895 προσώπου
2994 1826 3108 1895 φῶς
3137 1827 3194 1883 ὲν
3222 1825 3421 1899 Θαδὼρ
3450 1825 3529 1897 τῷ
3557 1826 3702 1895 ὄρει,

2126 1916 2221 1968 καὶ
2245 1915 2517 1985 ὁμοδοξεῖν
2543 1915 2866 1987 Μανιχαίοις
2895 1918 2991 1971 καὶ
3016 1918 3385 1980 Μασαλιανοῖς
3413 1917 3501 1971 διὰ
3534 1917 3705 1986 μόνην

2127 2006 2449 2078 Παλαμικὴν
2477 2007 2772 2079 ἀρέσκειαν
2807 2009 2996 2079 μωρὰν
3028 2011 3123 2063 καὶ
3154 2011 3497 2083 παράνομον,
3534 2011 3706 2081 μηδὲν

2127 2100 2316 2170 νοητὸν
2343 2100 2686 2170 ἡγουμένους
2707 2139 2722 2163 ,
2751 2100 2889 2154 ἀλλὰ
2918 2099 3127 2169 νοητῶς
3156 2102 3354 2171 κομιδῆ
3383 2104 3475 2155 τὸν
3504 2102 3705 2170 ἄλογον

2126 2191 2326 2260 τρόπον
2355 2193 2418 2261 τῇ
2455 2191 2701 2258 αἰσθήσει
2737 2192 2874 2263 μόνῃ
2908 2192 3085 2246 πάντα
3120 2192 3532 2264 χαριζομένους.
3564 2193 3706 2247 Καί-

2124 2296 2206 2333 τοι
2238 2281 2456 2349 Ι’Λρειος
2499 2283 2706 2342 ἐκεῖνος
2751 2284 2778 2335 ὁ
2826 2282 3090 2353 δυσσεϐὴς
3139 2284 3347 2354 κτίσμα
3400 2286 3499 2355 μὲν
3546 2285 3705 2353 ἔλεγε

2127 2369 2464 2441 βλασφημῶν
2492 2369 2580 2424 τὸν
2615 2372 2738 2425 Υίδν
2770 2373 2863 2426 καὶ
2895 2375 3068 2440 Λόγον
3096 2373 3191 2428 τοῦ
3229 2374 3365 2427 Θεοῦ
3388 2413 3404 2438 ,
3435 2376 3531 2428 κα)⁵
3569 2376 3707 2431 Θεὸν

2124 2465 2414 2536 ὑφειμένον
2435 2483 2449 2497 ⁸
2484 2466 2545 2520 οὐ
2585 2466 2689 2537 μὴν
2726 2469 2806 2531 εἰς
2841 2468 3109 2538 τοσαύτην
3143 2463 3277 2541 ἧκεν
3312 2468 3704 2538 ἀναισχυντίαν

2122 2559 2215 2611 καὶ
2241 2557 2509 2635 νηπιῶδες
2534 2558 2803 2628 ψέλλιτμα
2829 2557 2971 2611 ὥστε
2997 2560 3246 2614 ἀνούσιον
3270 2561 3471 2633 ὀρατὴν
3498 2560 3703 2629 ὀνομά-

2125 2666 2216 2703 σαι
2254 2649 2482 2719 θεὸτητα
2506 2665 2520 2679 ο
2560 2649 2695 2721 μηδὲ
2733 2650 2844 2722 γὰρ
2884 2644 3022 2708 εἶναι
3060 2651 3182 2705 κατ’
3205 2653 3521 2722 ἐπιστήμην
3556 2651 3699 2723 μήτε

2122 2739 2273 2793 θείαν
2304 2739 2428 2810 μήτ’
2452 2739 2822 2810 ἀνθρωπίνην,
2855 2740 2993 2811 μήτε
3024 2741 3182 2809 λόγον
3213 2740 3358 2812 ἔχειν
3384 2741 3576 2794 οὐδένα
3605 2740 3698 2797 λὲο

2119 2849 2240 2901 γειν
2275 2850 2328 2885 τι
2364 2833 2475 2886 τῶν
2506 2832 2678 2886 ὄντων
2711 2833 2960 2887 ἀνούσιον
2996 2836 3211 2905 ὁρατόν.
3254 2835 3444 2888 Καίτοι
3487 2836 3698 2898 ἐκεῖνος

2125 2925 2222 2994 μὲν
2261 2924 2479 2978 κτιστὺν
2516 2924 2695 2995 λέγων
2731 2923 2864 2978 Θεὸν
2901 2926 3049 2994 ὅμως
3088 2927 3282 2996 ὁρατὸν
3321 2926 3419 2979 οὐκ
3460 2926 3694 2998 ἐδυνήθη

2121 3017 2441 3086 προσειπεῖν
2462 3031 2477 3047 ·
2516 3014 2814 3085 ὑπέρτερον
2848 3016 2958 3086 γὰρ
2994 3017 3103 3069 τῶν
3141 3016 3454 3084 ἀγγελικῶν
3488 3015 3696 3069 οὐσιῶν

2117 3106 2523 3177 ἀποφηναμένη)
2558 3106 2618 3160 οὗ
2659 3107 2808 3177 μέντ’
2835 3106 2902 3161 ἂν
2936 3108 3084 3178 αὑτῷ
3118 3107 3341 3161 δυνατὸν
3377 3107 3566 3162 ἔπειτα
3601 3104 3693 3177 ἦν,

2116 3198 2364 3267 ἀοράτων
2398 3200 2622 3250 ἐκείνων
2657 3197 2854 3260 οὐσῶν,
2890 3201 3086 3270 ὁρατὸν
3121 3200 3284 3253 αὑτὸν
3325 3201 3653 3269 δογματίσαι
3674 3215 3691 3231 ’

2121 3291 2383 3359 Παλαμᾶς
2417 3290 2475 3342 δὲ
2511 3290 2605 3343 καὶ
2643 3290 3057 3358 συλλογίσασθαι
3086 3292 3389 3360 τετόλμηκε
3420 3291 3488 3343 τά
3527 3291 3696 3343 ἀσυλο

2119 3382 2363 3448 λόγιστα,
2408 3382 2501 3433 καὶ
2539 3380 2868 3451 ὲξηρεόξνιτο
2907 3382 2976 3433 τά
3018 3380 3343 3450 ἀσύμϐλητά
3379 3398 3437 3433 τε
3478 3380 3572 3433 καὶ
3615 3380 3694 3444 ὡς

2119 3474 2323 3526 ἐπίπαν
2356 3474 2660 3543 ἀσύμφωνα
2681 3513 2696 3535 ,
2726 3473 2784 3525 οὐ
2816 3475 2959 3527 κατά
2988 3474 3280 3542 ποιητικήν
3309 3489 3430 3525 τινα
3454 3473 3563 3524 τῶν
3592 3471 3693 3523 θῦ-

2123 3564 2287 3631 ραθεν
2323 3564 2526 3627 ἄδειαν,
2562 3564 2697 3617 ἀλλά
2735 3566 2877 3617 κατὰ
2915 3564 3325 3634 ἀνεπιστήμονα
3366 3561 3694 3632 Παλαμικὴν

2119 3655 2406 3709 αὐθάδειαν
2431 3672 2446 3686 ⁸
2478 3654 2602 3709 οὕτε
2631 3656 2739 3725 γὰρ
2769 3657 2944 3711 οὐδενὶ
2969 3659 3079 3710 τῶν
3107 3656 3343 3726 θύραθεν
3373 3655 3553 3724 σοφῶν
3580 3653 3694 3706 πώ-

2121 3746 2241 3799 ποτ’
2267 3748 2344 3809 εἰς
2373 3745 2498 3799 νοῦν
2524 3748 2749 3818 τοιαύτη
2775 3766 2860 3811 τις
2887 3747 3089 3819 ἠνέχθη
3118 3748 3398 3818 τερατεία,
3424 3745 3548 3799 οὔτε
3582 3745 3692 3815 μὴν

2119 3834 2413 3906 βαρϐάρων
2448 3835 2649 3907 έψαυσέ
2683 3854 2823 3898 τινος
2861 3837 3125 3906 λογισμοῦ
3160 3836 3462 3907 τηλικαύτη
3509 3837 3692 3906 μωρία

2130 3934 2291 4002 μέχρι
2360 3933 2456 3986 καὶ
2513 3935 2773 4003 τήμερον.
2820 3934 3081 3986 Λείπεται
3122 3932 3217 3986 οῦν
3258 3931 3507 3989 ἐνταυθοῖ
3548 3947 3693 3996 γενο-

2123 4019 2305 4088 μένοις
2352 4019 2446 4072 κα¹ι
2476 4021 2630 4089 ἡμῖν,
2660 4023 2837 4091 σιωπῇ
2889 4022 2953 4073 τὰ
3002 4020 3227 4074 τοιαῦτα
3251 4020 3686 4091 βδελυξαμένοις,

2119 4109 2290 4180 ἀκοὴν
2316 4110 2692 4180 παραδραμεῖν
2720 4112 2961 4183 μανιώδη
2993 4116 3088 4167 καὶ¹
3111 4113 3430 4176 δυσσεϐείας
3457 4114 3686 4183 μεστήν.

2189 4201 2240 4253 l'.
2277 4202 2408 4269 Περὶ
2442 4201 2540 4270 μὲν
2566 4202 2658 4255 οῦν
2685 4201 2778 4254 τοῦ
2821 4205 2900 4255 ὅτι
2935 4205 3049 4273 φῶς
3094 4205 3153 4257 ἒν
3196 4206 3449 4259 ἀκτιστόν
3480 4209 3626 4257 ἐστιν
3654 4208 3689 4278 ἡ

2118 4292 2215 4361 μία
2242 4294 2334 4344 καὶ
2364 4295 2608 4364 μακαρία
2635 4294 2729 4347 καὶ
2755 4297 3015 4366 ποιητικὴ
3042 4295 3149 4349 τῶν
3176 4297 3293 4368 μετ’
3322 4298 3493 4367 αὐτὴν
3518 4298 3693 4350 ἀπάν-

437 4399 607 4442 tatem
652 4387 826 4442 tribus
888 4388 1143 4458 personis
1204 4397 1546 4443 constantem
1578 4430 1591 4452 ,
1639 4405 1801 4458 quam
1850 4406 2013 4446 nemo

2119 4400 2223 4434 των
2255 4383 2447 4452 θεότης
2483 4387 2510 4454 ἡ
2570 4387 3021 4455 τρισυπόστατος,
3082 4387 3150 4459 ἢν
3182 4388 3357 4451 οὐδεὶς
3401 4387 3514 4441 οὔτ’
3548 4388 3691 4444 εἶδεν

441 4481 579 4536 vidit
633 4495 736 4535 nec
797 4479 1039 4549 potuerit
1102 4479 1336 4541 videre;
1376 4491 1572 4535 caetera
1628 4490 1810 4537 autem
1872 4495 2011 4550 pra:-

445 4587 527 4629 ter
574 4575 720 4629 illam
781 4588 899 4629 esse
959 4583 1140 4629 creata
1199 4585 1254 4628 et
1318 4573 1590 4628 visibilem
1660 4589 1782 4630 esse
1838 4575 2013 4628 mani—

440 4666 791 4720 l'estationem
852 4665 1131 4719 nominari
1177 4681 1206 4717 a
1239 4665 1445 4719 sanctis
1498 4679 1741 4729 carnem,
1802 4664 2011 4717 lucem-

443 4774 552 4825 «ine
583 4775 704 4827 qua:
755 4757 883 4812 olim
940 4759 991 4812 in
1046 4767 1233 4813 monte
1283 4757 1506 4812 Tliahor
1547 4756 1762 4811 Domini
1814 4755 2009 4811 faciem

446 4848 835 4913 circumdedit,
871 4858 1021 4902 certe
1052 4862 1162 4902 non
1187 4848 1458 4902 inereatas
1490 4847 1745 4911 deitates,
1781 4856 1836 4901 et
1868 4847 2010 4900 inrti-

447 4947 627 4992 catam
687 4938 754 4991 iis
806 4952 951 4998 esse,
1011 4952 1117 4990 non
1171 4936 1574 4993 manifestatum
1605 4935 1822 4990 unicam
1862 4935 2008 4991 illam

446 5035 747 5087 increatam
772 5031 933 5102 ‘5']
963 5031 1223 5084 deitatem
1252 5047 1266 5094 ;
1315 5031 1551 5100 denique
1587 5028 2009 5085 Manichaeorum

448 5136 504 5181 et
535 5124 958 5180 Masalianorum
997 5106 1193 5194 dogma
1226 5122 1332 5177 hoe
1364 5137 1484 5177 esse
1512 5164 1528 5188 ,
1586 5137 1696 5176 non
1741 5121 1882 5174 alius
1911 5136 2010 5175 cu-

438 5216 656 5284 jusdam
706 5230 923 5279 eorum,
964 5215 1063 5283 qui
1103 5214 1389 5281 superiore
1440 5222 1685 5282 tempore
1729 5220 2015 5267 sectarum»

441 5309 613 5361 duces
660 5306 889 5360 fuerunt
914 5342 930 5367 ,
968 5306 1239 5359 visibilem
1293 5305 1506 5360 scilicet
1538 5320 1661 5359 esse
1691 5304 1867 5359 oculis
1907 5305 2008 5357 hu-

439 5399 621 5451 manis
671 5397 980 5466 simplicem
1035 5405 1091 5451 et
1148 5397 1451 5453 increatam
1499 5397 1797 5453 essentiam
1859 5396 2013 5451 illam

438 5489 685 5543 divinam
724 5503 888 5558 quam
922 5504 1099 5557 neque
1132 5488 1392 5559 angelica:
1436 5497 1737 5558 potestates
1779 5501 2008 5543 cernere

437 5589 692 5647 possunt,
719 5579 831 5650 jam
882 5580 1109 5649 exposui
1140 5591 1197 5635 et
1247 5596 1518 5649 exponam
1553 5590 1741 5649 postea
1779 5580 2005 5634 clarius.

437 5670 611 5743 llujus
643 5673 966 5744 multiplicis
999 5673 1224 5729 haeresis
1255 5682 1464 5743 pestem
1508 5672 1763 5742 concepit
1788 5683 1841 5727 et
1877 5686 2003 5743 pro-

2113 4474 2227 4528 οὔτ’
2263 4475 2391 4529 ἰδεῖν
2420 4476 2664 4543 δύναται,
2704 4479 2770 4532 τά
2824 4479 2880 4532 δὲ
2913 4480 3033 4549 μετ’
3060 4482 3230 4551 αὐτὴν
3264 4481 3439 4535 πάντα
3467 4483 3689 4549 κτιστά,

2113 4567 2207 4619 καὶ
2233 4567 2316 4619 ὅτι
2352 4569 2525 4639 ὁρατὴ
2558 4569 2658 4639 μὲν
2688 4571 2979 4640 θεοφάνεια
3024 4572 3243 4641 λέγεται
3280 4576 3394 4637 τοῖς
3423 4574 3599 4640 ἁγίοις
3651 4575 3689 4642 ἠ

2113 4672 2170 4710 τε
2200 4658 2336 4730 σὰρξ
2362 4658 2456 4712 τοῦ
2483 4660 2689 4729 Κυρίου
2720 4663 2815 4715 κα)⁵
2845 4660 2908 4734 [ι.
2941 4663 3048 4718 Ξιο
3074 4663 3131 4736 a]
3146 4665 3206 4718 τὸ
3229 4665 3288 4718 ὲν
3317 4663 3393 4733 τῷ
3418 4664 3689 4735 Θαΰωρίῳ

2113 4752 2283 4804 πάλαι
2305 4752 2383 4821 τῷ
2415 4751 2532 4821 ὄρει
2566 4754 2917 4825 περιλάμψαν
2947 4754 3006 4807 τὸ
3033 4755 3126 4808 τοῦ
3156 4758 3364 4827 Κυρίου
3392 4757 3688 4820 πρόσωπον

2113 4844 2249 4911 φῶς,
2307 4845 2369 4896 οὐ
2410 4846 2520 4917 μὴν
2571 4847 2814 4900 ἀκτιστοι
2852 4848 3125 4914 θεότητες,
3175 4849 3269 4902 καὶ
3303 4850 3476 4903 ὄτιδι*
3507 4852 3687 4903 αὐτῶν

2113 4936 2446 5007 παρεδεὲχθη
2475 4938 2595 5006 μὲν,
2625 4939 2722 4990 οὐκ
2755 4939 2969 5010 ἐδείχθη
3006 4940 3053 4991 δ’
3083 4935 3234 5009 οῦνὴ
3268 4941 3404 5011 μόνη
3432 4940 3685 5006 ἀκτιστος

2111 5028 2293 5091 ἐκείνη
2329 5028 2543 5098 θεότης,
2580 5030 2676 5081 καὶ
2710 5030 2792 5082 ὃτι
2843 5030 3166 5100 Μανιχαίων
3189 5032 3283 5083 καὶ
3315 5032 3686 5086 Μασαλιανῶν

2109 5119 2171 5170 τὸ
2196 5119 2370 5187 δίγμα
2404 5119 2574 5185 τουτὶ,
2608 5121 2703 5173 καὶ
2734 5121 2832 5174 οὐκ
2864 5122 3029 5175 ἄλλου
3067 5123 3273 5175 τούτων
3296 5124 3412 5177 ὅσοι
3440 5123 3683 5193 πρεσσόο

2109 5222 2256 5279 τεροι
2282 5209 2574 5295 γεγόνασιν
2600 5212 2868 5281 αἱρέσεων
2913 5214 3171 5285 ἀρχηγοὶ,
3204 5216 3408 5285 ὁρατὴν
3428 5213 3567 5269 εἶναι
3598 5215 3686 5268 λέ-

2110 5321 2227 5372 γειν
2283 5304 2584 5374 ὀφθαλμοῖς
2639 5304 3002 5376 ἀνθρωπίνοις
3062 5307 3275 5378 γυμνὴν
3304 5308 3402 5377 τὴν
3432 5310 3682 5361 ἀκτιστον

2111 5397 2260 5450 θείαν
2297 5396 2508 5459 οὐσίαν,
2551 5396 2620 5467 ἣν
2670 5397 2765 5450 καὶ
2813 5399 3137 5466 ἀγγελικαίς
3164 5399 3432 5466 δυνάμεσι
3464 5398 3682 5468 βλέπειν

2109 5488 2395 5554 ἀδύνατον,
2430 5490 2647 5559 εἴρηταί
2686 5507 2746 5543 τε
2785 5491 2878 5544 καὶ
2905 5491 3186 5560 είρήσεται
3218 5493 3467 5562 προϊοῦσι
3510 5493 3680 5560 σαφέ-

2110 5596 2322 5648 στερον.
2361 5579 2434 5632 Τὸ
2492 5586 2603 5649 γὰρ
2658 5583 2757 5652 τῆς
2788 5583 3133 5636 πολυπλόκου
3179 5584 3387 5651 ταύτης
3418 5584 3681 5653 αἱρέσεως

2110 5671 2322 5740 νόσημα
2361 5669 2555 5753 Μάνης
2591 5672 2688 5740 μὲν
2722 5673 2988 5742 πρότερον
3015 5674 3043 5724 ὁ
3071 5671 3179 5725 τῶν
3202 5672 3521 5744 Μανιχαίων
3548 5672 3680 5742 πρό-
