4060 6204
379 362 492 424 4θὲ

1311 364 1762 427 ΒΥΖᾹΗΓίΝιΕ
1803 369 2188 428 ΠΙΞΤΟΒΙᾸΞ
2231 371 2377 432 Liii.
2425 369 2695 432 XXXIV.

3543 371 3650 431 Infit“:

379 480 543 550 εδρος
573 479 804 546 ὡδίνηεέ
841 498 898 533 τε
933 483 1024 534 καὶ
1049 480 1226 544 ἔτεκε,
1271 483 1612 536 Μασαλιανοὶ
1661 483 1705 536 δ’
1738 483 1962 553 ὲμαιεύο

2074 486 2282 540 creavit
2339 485 2554 555 primus
2619 485 2840 548 Manes,
2899 482 3346 539 Manichaeorum
3396 484 3647 540 antiszes-

381 586 572 634 σαντο,
608 571 640 638 ή
677 567 732 621 δὲ
765 571 874 622 τῶν
906 571 1290 641 Εἰκονομάχων
1322 574 1400 636 είς
1437 574 1712 645 ἀνήμερον
1751 575 1965 645 ἡμέραν

377 664 676 732 ἐξήνεγκεν
705 662 931 733 ὕστερον
961 665 1212 734 τυραννίς
1235 683 1248 696 '
1304 666 1336 734 ἠ
1370 665 1426 718 δὲ
1457 665 1551 720 νῦν
1582 667 1964 720 ἐπιπολάσασα

381 755 677 825 ΙΙαλαμικὴ
709 756 913 824 φατρία
937 756 1029 808 ἐπὶ
1077 757 1284 820 μείζονι
1331 757 1478 829 λύμῃ
1531 760 1628 828 τῆς
1658 758 1964 820 εὐσεϐείας,

381 851 660 920 συμμάχῳ
715 855 780 922 τῇ
823 851 1228 921 δυναστευούσῃ
1253 851 1390 912 τέως
1421 851 1563 922 χειρὶ
1611 852 1961 922 χρησαμένη,

383 944 582 1012 μέχρις
612 945 712 1014 ἤδη
743 945 836 998 καὶ
865 948 961 1016 τῆς
983 946 1229 1014 αἰθερίας
1286 943 1492 1015 λήξεως
1523 943 1830 1014 αὐξηθῆναι
1864 945 1966 1014 τὴν

379 1039 480 1106 τῆς
515 1039 712 1100 κακίας
743 1039 993 1109 πέπραχε
1027 1040 1222 1108 φλόγα.
1253 1038 1344 1091 Διὸ
1383 1039 1475 1091 καὶ
1505 1039 1846 1110 ἀναληπτέον
1871 1039 1964 1092 τὸν

381 1129 576 1196 είρμὸν
602 1132 736 1198 ἡμῖν
787 1131 996 1184 ἐκεῖθεν
1037 1131 1132 1184 τοῦ
1162 1130 1347 1198 λόγου,
1380 1131 1455 1193 ὠς
1487 1131 1554 1185 ἂν
1579 1131 1964 1202 ἐντι-’.λέστερον

379 1223 466 1273 ἔτι
499 1222 592 1274 καὶ
619 1225 651 1290 ή
677 1223 795 1276 τῶν
821 1221 1078 1276 τοιούτων
1109 1223 1388 1294 ἀφήγησις
1432 1223 1656 1293 δέχηται
1691 1223 1781 1278 τὸν
1818 1241 1964 1294 χρω-

383 1313 696 1381 ματισμόν·
753 1314 944 1367 ἔλαθον
1000 1315 1110 1386 γὰρ
1156 1314 1268 1382 ἐγὼ
1301 1314 1723 1384 συναπενεχθεὶς
1757 1314 1834 1384 τῷ
1869 1313 1964 1367 τοῦ

376 1400 551 1468 ζήλου
575 1401 836 1470 ῥεύματι,
883 1402 958 1472 μὴ
990 1403 1362 1473 ἀνασχόμενος
1393 1404 1521 1472 σιγῇ
1547 1401 1839 1473 παρελθεῖν
1869 1420 1966 1454 συ-

379 1491 838 1560 κοφαντουμένων
869 1491 977 1544 τῶν
1013 1493 1266 1562 μεγάλων
1323 1493 1422 1561 τῆς
1483 1492 1814 1562 Ἐκκλησῑας
1874 1492 1966 1544 καὶ

380 1583 544 1634 θείων
573 1585 894 1651 φωστήρων,
929 1583 1234 1654 Γρηγορίου
1287 1601 1346 1636 τε
1402 1583 1496 1637 καὶ
1541 1585 1842 1638 Διονυσίου.
1875 1586 1968 1638 Διὸ

379 1675 475 1726 τὸν
509 1675 638 1745 περὶ
683 1677 871 1730 τούτου
921 1677 1080 1746 λόγον
1113 1677 1460 1748 πλατυτέρας
1489 1679 1746 1748 δεόμενον
1779 1677 1967 1742 ἐξετά-

383 1784 546 1830 σεως,
589 1767 797 1837 βραχέα
849 1771 947 1838 μὲν
977 1771 1202 1844 ἀρτίως,
1235 1773 1328 1824 καὶ
1373 1773 1498 1823 ὅσον
1523 1769 1624 1840 τὴν
1653 1772 1966 1842 προθυμίαν

384 1861 828 1928 ἀφοσιώσασθαι,
857 1864 1136 1934 διεξῆλθον
1164 1883 1178 1895 °
1233 1868 1300 1918 τὰ
1331 1866 1388 1919 δὲ
1418 1865 1587 1918 πλείω
1621 1869 1736 1926 τοῖς
1761 1867 1970 1936 ἔμπρο-

383 1954 512 2006 σθεν
549 1955 907 2022 ταμιεύεσθαι
969 1957 1158 2026 κρίνας
1196 1957 1621 2020 δίκαιονέκεῖσε
1683 1959 1964 2028 ἐπάνειμι,

382 2044 492 2106 τοῖς
523 2041 862 2106 διδασκάλοις
897 2047 998 2100 κάν
1030 2047 1202 2116 τούτῳ
1229 2049 1554 2118 πειθόμενος
1581 2050 1844 2114 τουτοισὶ,
1867 2051 1965 2113 τὰς

382 2135 528 2186 οὕτω
559 2136 824 2208 βεϐήλους
855 2139 1218 2210 καινοφωνίας
1241 2143 1348 2196 τῶν
1383 2143 1556 2210 λόγων
1587 2143 1679 2196 καὶ
1708 2143 1808 2215 τὴν
1833 2143 1962 2196 πολ-

381 2231 482 2301 λὴν
539 2234 826 2304 φλυαρίαν,
868 2231 948 2297 οἷς
1003 2235 1200 2308 σχολὴν
1243 2237 1456 2289 ἔπεισιν
1496 2235 1652 2304 ἄγειν
1681 2277 1696 2298 ,
1741 2236 1965 2290 ἐπιτάτ-

382 2339 538 2375 τουσι
579 2330 928 2398 παραχωρεῖν
959 2347 1015 2382 τε
1063 2331 1158 2394 καὶ
1213 2329 1594 2384 ἀποτίθεσθαι.
1649 2327 1802 2384 Εἶναι
1853 2333 1964 2400 γάρ

384 2429 517 2482 φησι
557 2416 620 2468 τὸ
645 2419 826 2472 κινοῦν
849 2421 1074 2491 ἄσχετόν
1103 2439 1224 2476 τινα
1252 2423 1566 2494 θερμότητα
1600 2427 1768 2494 χωρὶς
1796 2424 1956 2482 λόγον

2071 577 2358 633 Masaliani
2385 577 2784 646 procreandum
2819 585 3124 642 curarunt,
3155 577 3646 632 Iconomachurum

2069 679 2262 741 postea
2291 673 2540 742 tyrannis
2569 673 2620 726 in
2650 672 2828 727 lucem
2859 670 3434 742 protraxit,Palamica
3463 679 3662 724 autem-

2069 779 2194 834 qure
2227 779 2378 819 nunc
2412 773 2604 835 regnat
2655 764 2860 818 familia
2925 764 2990 818 ad
3033 765 3300 832 majorem
3343 763 3644 834 perniciem

2071 856 2358 924 religionis
2387 865 2443 910 et
2483 857 2680 946 sortis\
2697 856 2947 910 caelestis
2969 899 2984 922 ,
3037 872 3162 910 cum
3195 855 3412 926 imperii
3442 855 3648 910 auxilio

2071 950 2368 1020 conjuncta
2403 948 2470 1003 ad
2507 949 2658 1004 hunc
2687 965 2862 1018 usque
2886 949 3030 1003 diem
3063 949 3268 1012 effecit,
3309 957 3370 1002 ut
3397 947 3648 1017 impieta—

2073 1041 2144 1096 tis
2185 1041 2440 1096 cumulus
2472 1051 2788 1112 augeretur.
2815 1041 2942 1096 inde
2983 1043 3148 1112 igitur
3179 1041 3538 1111 excipiendus
3559 1050 3644 1095 est

2069 1135 2338 1190 orationis
2360 1145 2660 1200 eursus,nt
2706 1136 2870 1190 etiam
2911 1135 3106 1189 harum
3163 1150 3347 1190 rerum
3399 1134 3642 1188 narratio

2069 1226 2303 1280 formam
2365 1225 2598 1295 recipiat
2657 1225 2832 1278 multo
2899 1225 3306 1295 perfectiorem.
3365 1223 3644 1292 Abreptus

2068 1317 2216 1372 enim
2263 1317 2428 1370 nimia
2485 1316 2654 1370 animi
2701 1316 3048 1370 vehementia
3100 1333 3208 1371 non
3272 1315 3522 1371 commisi
3586 1323 3644 1368 ut

2069 1409 2290 1463 silentio
2321 1411 2656 1476 prmtcrirem
2711 1423 2908 1478 magna
2951 1409 3040 1463 illa
3067 1423 3131 1464 ac
3171 1408 3357 1462 divina
3391 1407 3646 1462 Ecclesiae

2070 1500 2302 1562 lumina.
2324 1498 2647 1570 Gregorium
2685 1509 2739 1555 et
2777 1499 3119 1570 Dionysium.
3143 1499 3515 1568 Quamobrem
3547 1499 3649 1552 bu.

2031 1661 2034 1664 ῃ
2065 1593 2157 1664 jus
2183 1593 2262 1647 rei
2291 1595 2692 1659 narrationem,
2719 1593 2970 1662 quamvis
2993 1592 3186 1647 latiore
3204 1607 3343 1660 opus
3363 1593 3434 1646 sit
3453 1600 3647 1645 tracta—

2071 1685 2509 1750 tione,breviter
2551 1693 2758 1740 tantum
2789 1693 2846 1739 et
2879 1685 2956 1738 uti
2979 1683 3336 1753 inspirationi
3369 1681 3648 1736 satisface-

2069 1793 2186 1833 rem
2215 1785 2544 1846 persecutus
2591 1792 2710 1832 sum
2741 1819 2756 1842 ,
2793 1787 2847 1830 et
2877 1789 3000 1830 cum
3047 1767 3200 1844 pluria
3238 1775 3309 1828 ad
3359 1781 3640 1843 posterum

2069 1868 2276 1922 dillerri
2315 1883 2535 1938 aequum
2583 1883 2706 1922 esse
2739 1877 2950 1936 putem,
2981 1865 3114 1920 illuc
3141 1865 3325 1930 redeo,
3357 1865 3645 1934 magistros

2069 1965 2144 2018 ita
2179 1969 2406 2018 secutus
2436 1971 2496 2016 ut
2523 1959 2798 2030 ejusmodi
2841 1959 3124 2029 profanam
3169 1956 3466 2012 verborum
3501 1955 3648 2008 inso—

2066 2055 2296 2111 lentiam
2329 2061 2386 2108 et
2417 2053 2588 2124 458
2624 2050 3016 2121 loquacitatem
3053 2049 3122 2104 iis
3160 2047 3255 2118 qui
3295 2045 3538 2102 studium
3591 2046 3644 2098 in

2067 2145 2150 2200 eis
2190 2143 2576 2200 collocandum
2615 2150 2812 2212 putent
2845 2140 3140 2195 concedam
3170 2147 3224 2193 ct
3277 2137 3642 2192 committam.

2065 2236 2204 2290 Nam
2235 2235 2406 2290 animi
2437 2241 2646 2288 motum
2685 2232 2818 2287 dicit
2847 2233 2966 2288 sine
3005 2232 3218 2284 ratione
3257 2227 3422 2285 nimis
3451 2229 3648 2282 ardere

2070 2344 2174 2384 nec
2203 2326 2490 2384 scientiam
2533 2339 2596 2380 ac
2635 2323 2794 2379 fidem
2827 2323 2959 2379 satis
2995 2321 3326 2392 gubernari;
3359 2335 3468 2374 non
3497 2321 3642 2374 cn‘m

2063 2439 2260 2476 eorum
2289 2435 2410 2476 esse
2439 2420 2688 2476 scientia:
2717 2417 3086 2487 gubernacula
3114 2423 3320 2470 tenere.

387 2509 478 2561 καὶ
503 2509 820 2584 ἐπιστήμης
857 2517 948 2570 καὶ
1003 2515 1237 2581 πίστεως
1294 2519 1462 2572 πλοῦν
1515 2519 1926 2590 ἀκυϐέρνητον·
1970 2519 2030 2572 τὸ
2087 2519 2192 2590 γὰρ
2243 2518 2344 2588 τῆς
2397 2518 2732 2586 ὲπιστήμηςδ
2753 2514 3010 2578 πηδάλιον
3041 2513 3242 2584 ἥκιστα
3298 2511 3648 2582 ἔχειναύτοῖς

391 2608 724 2675 ⁴ιιροεῒγεγένη
733 2627 842 2664 ται.

453 2695 554 2751 l.\'.
604 2699 756 2768 Ἐμοὶ
783 2703 838 2756 δὲ
871 2705 1072 2766 σκοπός
1103 2723 1164 2758 τε
1203 2709 1298 2759 καὶ
1329 2705 1594 2775 πρόθεσις
1631 2701 1698 2776 ἦν
1725 2705 1822 2774 τῆς
1871 2704 1974 2774 tilu-

390 2785 504 2852 κῆς.
535 2784 606 2838 δι’
635 2789 700 2858 ἦν
730 2791 1050 2862 εἰρήκειμεν
1096 2794 1156 2858 ἐξ
1207 2793 1384 2864 ἀρχῆς
1437 2795 1642 2857 αἰτίαν,
1684 2795 1972 2863 πρόμαχον

392 2877 770 2948 παρασχέσθαι
791 2881 1058 2948 γλῶτταν,
1087 2885 1211 2937 ὅσον
1230 2885 1472 2952 ἐφικτὸν,
1501 2883 1696 2954 ἐκείνῳ
1712 2883 1790 2954 τῷ
1818 2882 1964 2953 σοφῷ

391 2964 656 3034 Θεοδώρῳ
679 2968 772 3018 καὶ
805 2970 1046 3040 μάρτυρι
1077 2972 1176 3040 τῆς
1207 2970 1486 3038 ἀληθείας,
1527 2971 1840 3040 περιφανῶς
1875 2988 1967 3023 συ-

394 3057 810 3128 κοξαντονμένῳ
849 3057 943 3110 νῦν
997 3061 1133 3128 πρὸς
1167 3063 1274 3112 τῶν
1321 3061 1677 3132 Παλαμιτῶν,
1713 3062 1968 3131 καθάπερ

397 3149 526 3216 πρὸς
551 3149 660 3200 τῶν
686 3148 1068 3222 Εἰκονομάχων
1097 3154 1239 3218 τότε,
1276 3149 1356 3216 οἷς
1389 3155 1484 3208 καὶ
1523 3155 1686 3226 μέχρι
1739 3156 1968 3209 θανάτου

394 3242 488 3310 τήν
541 3242 748 3294 οἰκείαν
810 3245 1018 3306 ἐκεῖνος
1079 3246 1413 3316 ἁντέστησεν
1448 3247 1718 3314 ἔνστασιν,
1777 3249 1836 3299 τὸ
1869 3248 1968 3318 μὲν

396 3333 554 3402 σῶμα
595 3334 872 3399 παντοίαις
905 3337 1046 3408 ὑπὲρ
1105 3338 1340 3408 Χριστοῦ
1371 3339 1604 3410 προδοὺς
1659 3340 1967 3404 κολάσεσιν,

393 3427 489 3495 τήν
518 3427 574 3480 δὲ
607 3428 896 3498 φιλόσοφον
920 3431 1136 3501 ἐκείνην
1165 3433 1256 3484 καὶ
1287 3432 1529 3503 ἔντεχνον
1562 3433 1807 3500 γλῶτταν
1831 3433 1971 3486 κατά

393 3517 502 3570 τῶν
537 3519 832 3573 ἀντιθέτων
861 3521 1094 3584 ὁπλίσας
1133 3523 1450 3594 δογμάτων·
1482 3517 1562 3584 οἷς
1603 3525 1768 3590 κάγὼ
1797 3525 1964 3590 τήμε·

397 3627 508 3679 ρον,
566 3613 676 3674 τοῖς
703 3613 814 3665 τῶν
845 3615 1056 3666 ἐκείνου
1096 3615 1271 3682 λόγων
1299 3615 1482 3672 ὅπλοις
1514 3613 1816 3686 θαρρἠσατ,
1849 3616 1972 3664 ὀνθ-

395 3702 624 3771 ίσταμαί
681 3720 738 3754 τε
790 3705 882 3756 καὶ
931 3707 1348 3775 ἀντιστήσομαι,
1393 3706 1482 3757 καὶ
1513 3705 1632 3765 τοὺς
1663 3705 1804 3773 ὑπΞρ
1836 3705 1970 3772 ἀλη-

392 3795 546 3856 θείας
583 3795 953 3859 ἀνακαινίζειν
981 3797 1176 3860 ἄθλους
1203 3799 1412 3850 ὲκείνου
1438 3799 1497 3850 τό
1523 3814 1582 3864 γε
1609 3798 1688 3858 εἰς
1715 3797 1814 3866 ἐμὲ
1839 3792 1971 3866 ἧκον

389 3888 452 3937 οὗ
489 3891 808 3956 κατοκνήσω
834 3891 972 3942 κατὰ
1004 3889 1110 3940 τῶν
1133 3890 1230 3958 τὴν
1253 3891 1463 3958 αἵρεσιν
1494 3889 1710 3955 ἐκείνην
1745 3889 1974 3940 ἀνακαι-

389 3979 560 4041 νίζειν
586 3980 908 4048 τολμώντων
935 3984 1194 4051 τήμερον,
1232 3981 1366 4034 ἀλλὰ
1401 3982 1538 4033 κατὰ
1595 3983 1725 4042 τοὺς
1752 3997 1969 4048 προμη-

425 4073 682 4140 εττέρονς
731 4071 836 4124 τῶν
865 4073 1066 4142 ἰατρῶν
1117 4074 1210 4124 καὶ
1243 4073 1404 4130 αὐτὸς
1436 4071 1682 4134 κολάζειν
1721 4073 1814 4124 καὶ
1841 4073 1972 4124 ἁνα-

389 4163 654 4224 στέἰιλειν,
699 4164 788 4216 τὸν
847 4164 1068 4232 ἐφικτόν
1118 4181 1182 4231 γε
1241 4165 1463 4234 τρόπον,
1503 4163 1837 4234 πειράσομαι
1874 4165 1970 4232 τῆς

387 4255 501 4306 τῶν
535 4255 829 4308 ἀντιθέτων
857 4256 1084 4325 γνώμης
1127 4256 1215 4307 καὶ
1248 4255 1492 4326 γλώττης
1525 4258 1584 4308 τὸ
1611 4255 1841 4323 ἀσελγὲς
1873 4257 1968 4310 καὶ

387 4345 762 4414 ἀστάθμητον,
826 4345 1076 4412 καθάπερ
1129 4347 1325 4398 ἐκεῖνοι
1380 4345 1480 4416 τῆς
1531 4347 1639 4397 τῶν
1699 4348 1971 4416 σωμάτων

386 4437 604 4500 εὐεξίας
637 4439 760 4496 τοὺς
793 4433 852 4506 [Γ.
883 4435 987 4489 ⁸210
1018 4433 1070 4506 b]
1101 4435 1454 4505 παρανόμους
1478 4437 1765 4488 ἀνασοὸεἰν
1794 4438 1973 4506 ἐγχει-

2144 2695 2241 2751 XI.
2278 2695 2545 2750 Consulto
2581 2703 2762 2748 autem
2791 2703 2958 2763 atque
2989 2709 3052 2747 ex
3094 2693 3376 2762 proposito
3407 2690 3642 2761 quodam

2077 2791 2144 2844 ab
2177 2788 2338 2844 initio
2367 2787 2612 2842 diximus
2651 2786 2960 2841 disserendi
3012 2795 3186 2840 artem
3221 2792 3482 2854 quantum
3529 2785 3644 2836 ﬁeri

2073 2888 2292 2951 poterat
2335 2879 2596 2934 tribuisse
2636 2863 2880 2948 linguam
2931 2875 3226 2930 Theodoro
3255 2873 3488 2943 sapienti
3547 2873 3646 2934 illi,

2072 2983 2300 3046 propter
2369 2972 2620 3028 veritatis
2680 2968 3058 3024 testimonium
3119 2967 3316 3036 injuria
3392 2974 3647 3020 accusan

2075 3080 2222 3120 nunc
2249 3081 2278 3118 a
2313 3063 2593 3118 Palamitis
2617 3100 2632 3126 ,
2691 3073 2752 3116 ut
2807 3059 3089 3129 quondam
3123 3058 3192 3112 ab
3223 3055 3602 3112 lconomacliis
3629 3095 3644 3120 ,

2073 3160 2277 3225 quibus
2311 3157 2376 3212 ad
2423 3168 2656 3210 mortem
2692 3155 2866 3223 ipsam
2903 3152 3020 3207 suis
3057 3151 3149 3207 ille
3176 3151 3388 3206 viribus
3419 3149 3641 3211 restitit,

2073 3261 2128 3306 et
2163 3265 2396 3320 corpore
2447 3247 2616 3302 variis
2643 3257 2870 3316 propter
2901 3245 3184 3300 Christum
3217 3242 3506 3312 suppliciis
3541 3251 3648 3295 tra-

2069 3345 2188 3398 dito
2233 3341 2724 3412 prudentissimam
2770 3349 2826 3394 et
2881 3337 3258 3394 doctissimam
3300 3337 3541 3405 linguam
3591 3337 3646 3388 in

2071 3436 2348 3506 dogmatis
2385 3436 2530 3490 inter
2551 3449 2672 3489 sese
2697 3432 2936 3488 diversis
2962 3430 3232 3486 exercuit.
3258 3429 3468 3497 Quibus
3493 3429 3648 3496 equi-

2071 3528 2197 3582 dcm
2222 3528 2311 3582 his
2345 3527 2495 3580 illius
2515 3523 2988 3594 disputationibus
3031 3531 3278 3577 armatus
3300 3521 3427 3575 forti
3464 3520 3646 3572 animo

2079 3633 2329 3688 repugno
2365 3619 2818 3688 repugnaboque,
2853 3631 2953 3671 nec
2981 3625 3208 3686 propter
3252 3613 3540 3668 veritatem
3580 3611 3647 3665 il-

2079 3715 2190 3768 lius
2215 3712 2522 3768 certamina
2553 3713 2700 3780 quod
2735 3727 2820 3765 me
2850 3712 3048 3764 attinet
3081 3707 3454 3776 redintegrare
3483 3703 3612 3756 dubi
3643 3731 3648 3740 -

2077 3804 2230 3865 tabo,
2261 3804 2355 3857 ubi
2381 3804 2633 3857 litcresim
2667 3803 2814 3857 illam
2850 3801 3226 3868 redintegrare
3257 3800 3520 3859 audeant,
3551 3797 3648 3850 sed

2075 3895 2141 3946 ad
2189 3893 2612 3962 prudentiorum
2662 3892 3004 3946 medicorum
3055 3887 3510 3943 consuetudinem
3558 3901 3646 3940 re-

2075 3983 2296 4036 tardare
2328 3993 2384 4038 ct
2416 3983 2610 4038 tollere
2633 3993 2900 4052 quantum
2927 3988 3119 4050 potero
3149 3994 3336 4048 vagam
3375 3985 3430 4032 et
3467 3978 3646 4031 incer-

2077 4086 2188 4129 tam
2221 4074 2671 4129 adversariorum
2727 4073 3046 4142 opinionem
3097 4082 3154 4127 et
3193 4072 3436 4141 linguam
3487 4085 3649 4124 cona-

2075 4167 2198 4220 bor.
2237 4164 2720 4232 Quemadmodum
2755 4163 2834 4218 illi
2863 4178 3158 4232 corporum
3192 4161 3558 4216 valetudinem
3581 4163 3648 4214 ab

2075 4259 2263 4314 noxiis
2305 4258 2725 4314 discriminibus
2753 4255 3052 4312 defendere
3111 4255 3368 4318 student,
3429 4254 3504 4307 ita
3550 4267 3651 4322 ego

2075 4352 2255 4406 donec.
2291 4351 2476 4420 lingua
2509 4366 2630 4405 mea
2661 4365 2788 4405 cum
2816 4347 2926 4402 Deo
2951 4347 3157 4402 valebit
3185 4357 3242 4402 et
3283 4343 3650 4400 ratiocinandi

2074 4451 2192 4495 arte
2231 4443 2438 4511 pollere
2478 4443 2614 4497 mihi
2666 4457 2764 4510 per
2793 4450 3012 4496 aetatem
3069 4438 3320 4500 videbor,
3376 4453 3443 4490 ne
3489 4436 3647 4488 vivus

390 4531 580 4599 ροῦςιν
609 4527 876 4590 ὀλίσθους,
929 4529 1035 4589 ἕως
1147 4545 1204 4579 τε
1236 4528 1448 4596 γλῶττα
1480 4529 1720 4599 ἔρρωται
1754 4529 1852 4580 σύν
1905 4545 1967 4594 γε

2077 4532 2246 4604 459
2275 4533 2562 4603 religionis
2599 4534 2757 4604 vigor
2787 4532 3031 4600 undique
3074 4528 3412 4586 accrescenti
3459 4526 3653 4594 impie.

387 4622 510 4688 Θεῷ
545 4623 638 4672 καὶ
669 4621 768 4690 τὴν
795 4619 944 4690 ὥραν
976 4619 1247 4673 ἀνθοῦσαν
1269 4621 1485 4672 δίδωσιν
1527 4620 1651 4688 ἐμοὶ
1680 4621 1857 4672 δοκεῖν
1889 4620 1968 4672 ἔτι

389 4713 694 4780 κεκτῆσθαι
732 4713 858 4776 τοὺς
885 4711 1178 4780 λογισμοὺς
1213 4715 1240 4764 ὁ
1272 4714 1484 4782 χρόνος,
1515 4713 1712 4782 μήπως
1741 4714 1772 4782 ἡ
1815 4711 1968 4776 ζῶσα.

387 4809 486 4872 τῆς
511 4806 568 4855 εὑ
581 4803 790 4866 σεϐείας
815 4803 1064 4872 δύναμις,
1092 4803 1423 4874 πολλαχόθεν
1448 4806 1566 4856 κατ’
1592 4803 1762 4870 αὐτῆς
1790 4804 1970 4874 ἀκμά-

2080 4623 2208 4676 tatis
2240 4635 2394 4692 peste
2417 4623 2604 4686 citius,
2641 4635 2804 4690 quam
2838 4619 2976 4672 forte
3015 4614 3264 4671 nonnulli
3301 4624 3488 4682 putem
3522 4650 3536 4671 ,
3567 4612 3652 4664 in—

2075 4718 2282 4786 justam
2327 4723 2558 4768 mortem
2615 4712 2778 4766 obeat
2808 4707 3269 4780 quemadmodum
3305 4705 3403 4758 llos
3440 4703 3492 4756 in
3523 4717 3652 4770 agro

2074 4817 2170 4860 aut
2197 4807 2250 4859 in
2281 4815 2438 4876 prato
2465 4821 2606 4860 rosa.

387 4893 572 4958 ζοντος
599 4893 695 4945 τοῦ
723 4896 820 4962 τῆς
852 4895 1107 4956 ἀσεϐείας
1134 4895 1423 4964 χειμῶνος,
1464 4895 1832 4964 πρωϊαίτερον
1867 4895 1960 4948 καὶ
1999 4897 2097 4964 τῆς
2127 4899 2285 4950 ἐνίων
2345 4897 2474 4961 ῖσως
2529 4897 2853 4968 ὑπολήψεως
2899 4895 2992 4948 καὶ
3023 4894 3178 4964 δόξης
3213 4893 3302 4946 τὸν
3323 4892 3507 4945 ἄδικον
3543 4908 3648 4959 μα-

387 4987 601 5056 ρασμὸν
625 4987 854 5060 ύποστῇ,
882 4990 1135 5058 καθάπερ
1157 4989 1318 5053 ἄνθος
1349 4991 1406 5042 ἐν
1427 4992 1492 5058 ἀγ
1506 4989 1582 5060 pf)
1611 4990 1705 5041 καὶ
1731 4990 1880 5063 ῥόδον
1909 4992 1965 5042 ἐν
1990 4990 2236 5064 λειμῶνι.

463 5083 566 5135 IB'.
597 5085 817 5151 Πρῶτον
840 5084 934 5138 οὖν
960 5085 1276 5151 ἐξεταστέον
1301 5085 1354 5136 τί
1375 5087 1490 5137 ἐστι
1518 5084 1966 5154 μεταμόρφωσις,

393 5177 598 5242 μᾶλλον
653 5178 710 5229 δὲ
747 5179 795 5230 τί
853 5181 969 5232 ἐστι
1005 5180 1188 5250 μορφὴ
1218 5187 1309 5230 καὶ
1341 5180 1394 5230 τί
1441 5179 1502 5232 τὸ
1551 5179 1707 5247 γένος
1753 5175 1920 5242 αὐτῆς
1949 5191 1963 5205 ·

387 5268 538 5320 οὕτω
569 5269 679 5338 γὰρ
711 5269 776 5322 ἂν
805 5271 898 5322 καὶ
922 5271 992 5322 τὰ
1021 5271 1290 5341 εἰρημένα
1321 5271 1628 5338 σαφέστερα
1661 5267 1858 5336 γένοιτ’
1883 5267 1966 5320 ἄν.

389 5361 516 5412 Τῶν
545 5363 654 5432 γὰρ
682 5363 984 5432 ὁμωνύμων
1007 5359 1140 5416 οὖσα
1169 5366 1200 5434 ἡ
1237 5363 1386 5432 φωνὴ
1413 5364 1506 5414 ἐπὶ
1529 5362 1624 5430 μὲν
1657 5361 1792 5416 Θεοῦ
1823 5361 1969 5426 λεγο-

392 5453 539 5522 μένη
576 5457 769 5508 ταυτὸν
803 5455 1024 5510 δύναται
1061 5463 1124 5528 τῇ
1157 5455 1334 5525 οὐσίᾳ,
1371 5454 1514 5506 καθά
1544 5457 1638 5508 καὶ
1666 5459 1774 5518 τοῖς
1809 5453 1974 5511 θείοις

389 5557 496 5624 τῆς
576 5551 906 5619 Ἐκκλησίας
962 5551 1248 5622 φωστῆρσι
1302 5552 1722 5622 νενομοθέτηταί
1771 5569 1830 5604 τε
1883 5551 1976 5604 καὶ

391 5639 754 5710 παραδίδοται
777 5679 788 5698 ,
829 5639 919 5691 ὲπί
952 5655 1016 5708 γε
1057 5641 1163 5709 μὴν
1193 5640 1302 5692 τῶν
1333 5640 1604 5711 αἰσθητῶν
1635 5641 1820 5711 μορφή
1859 5642 1976 5693 ἐστι

391 5736 456 5789 τι
487 5733 616 5804 περὶ
646 5733 746 5803 τὴν
797 5735 1120 5803 ἐπιφάνειαν
1161 5735 1310 5788 ποιὸν
1354 5735 1611 5805 τύπωμα,
1638 5735 1772 5806 πρὸς
1801 5734 1828 5786 ὃ
1854 5735 1974 5805 βλέ-

2151 5085 2522 5141 ΧΙΙ.Ρι-ὶιηιιιῐι
2569 5085 2732 5156 igitur
2777 5079 3194 5152 disquirendum
3249 5089 3353 5145 est,
3389 5079 3520 5150 quid
3580 5082 3652 5136 sit

2081 5161 2618 5250 transﬁguratiomut
2649 5177 2832 5248 potius
2858 5175 2988 5245 quid
3024 5175 3096 5230 sit
3124 5175 3291 5245 figura
3334 5183 3390 5228 et
3419 5175 3552 5244 quid
3579 5176 3651 5230 sit

2076 5272 2322 5340 ejusdem
2352 5287 2544 5342 genus.
2588 5269 2662 5324 lta
2694 5271 2839 5324 enim
2873 5284 2935 5324 ca
2960 5285 3081 5338 qua:
3111 5267 3257 5322 dicta
3293 5279 3423 5322 sunt
3457 5267 3653 5322 melius

2077 5361 2309 5434 intelligi
2343 5371 2591 5432 possunt.
2625 5361 2760 5416 Nam
2787 5376 2884 5414 vox
2915 5369 2974 5414 ut
3004 5377 3126 5431 qua:
3157 5360 3299 5414 inter
3326 5361 3534 5416 similes
3559 5360 3648 5420 sit,

2073 5457 2166 5510 ubi
2199 5455 2266 5509 de
2307 5455 2416 5510 Deo
2447 5455 2653 5508 dicitur
2685 5454 2738 5508 id
2776 5453 3110 5524 valet,!quod
3147 5469 3176 5508 a
3213 5453 3355 5508 divis
3387 5452 3648 5506 Ecclesiae

2071 5547 2376 5603 luminibus
2430 5547 2794 5602 constitutum
2831 5557 2887 5600 et
2920 5545 3184 5600 traditum
3220 5545 3501 5614 estquoad
3525 5542 3650 5610 qui-

2074 5639 2490 5696 demsensualia
2529 5639 2747 5694 attinet.
2769 5639 2966 5708 Figura
2998 5647 3082 5692 est
3115 5635 3465 5691 adumbratio
3496 5649 3644 5702 qua!-

2077 5733 2200 5786 dam
2249 5733 2314 5784 ad
2345 5733 2536 5786 oculos
2567 5741 2840 5801 spectans.
2873 5730 2944 5784 lis
2979 5730 3068 5799 qui
3095 5727 3328 5790 cernunt
3355 5727 3642 5797 pulchrum
