4060 6204
471 349 579 414 407

1682 357 2100 417 NICEPIIORI
2139 357 2526 420 GHEGORJE

3624 351 3730 415 408

463 466 656 528 dicere
685 467 816 524 licet
841 482 936 526 aut
989 480 1146 543 turpe
1177 475 1226 528 id
1257 477 1402 545 quod
1433 479 1620 533 subest
1645 479 1862 534 animal.
1883 481 2054 536 Aecc-

2170 499 2354 545 τοντας
2385 483 2659 553 εὔμορρὸν
2690 495 2748 533 τε
2777 479 2958 545 λέγειν
3001 477 3178 530 ἔνεστι
3218 475 3312 530 καὶ
3337 474 3650 546 δύσμορφον
3673 473 3737 526 τὸ

463 563 610 614 dens
635 562 781 618 enim
799 566 952 620 estin
979 567 1229 638 subjecto
1253 585 1373 640 quas
1393 575 1641 627 cernitur
1658 573 1854 636 forma,
1875 590 2048 643 genus

475 651 642 708 habet
685 657 1042 727 qualitatem,
1093 670 1288 727 quarta
1334 667 1636 719 secundum
1691 667 2044 735 partitionem

475 747 653 815 imago
688 747 967 803 invenitur
995 751 1262 822 ejusdem.
1302 755 1530 811 Mutatio
1558 767 1740 812 autem
1775 760 1888 829 ipsa
1921 776 2047 814 cum

474 835 549 888 sit
586 837 894 900 accedens,
936 842 1188 895 cernitur
1231 844 1282 897 in
1321 847 1598 910 essentia,
1641 856 1696 903 et
1736 849 2047 918 quantitate

472 934 530 978 et
557 928 834 996 qualitate
870 931 1191 988 varietatem
1241 937 1563 993 mutationis
1611 939 1878 996 efﬁciens.
1933 941 2051 995 Mu-

475 1018 744 1073 tationem
769 1032 954 1077 autem
990 1025 1368 1083 incitationem
1403 1030 1700 1099 quamdam
1738 1032 1860 1102 ejus
1892 1047 2048 1095 esse,

471 1112 618 1177 quod
654 1123 780 1169 ante
817 1115 956 1179 fuit,
1007 1119 1102 1172 ubi
1149 1122 1393 1176 essentia
1433 1135 1720 1179 remaneat
1751 1124 2046 1178 deﬁniunt.

477 1202 958 1277 Libenterqumro
1014 1213 1271 1281 equidem
1312 1213 1590 1268 Palamam
1630 1217 1861 1285 ejusque
1902 1229 2050 1270 asse-
2091 1257 2094 1260 .

476 1295 593 1350 clas
641 1299 775 1367 quid
831 1316 958 1356 esse
1015 1305 1258 1373 cogitent
1315 1307 1880 1378 transﬁgurationem.
1941 1309 2055 1365 Nec

475 1388 624 1443 enim
662 1390 988 1447 vocabulum
1020 1395 1178 1462 plane
1231 1397 1502 1464 explicat,
1534 1409 1719 1454 utrum
1757 1401 1827 1454 sit
1868 1401 2056 1456 formae

477 1483 826 1548 variatio,an
863 1491 1212 1556 permutatio.
1232 1490 1397 1564 460
1429 1492 1600 1562 Igitur
1631 1493 1674 1548 si
1704 1494 1830 1559 quis
1862 1510 2055 1549 essen-

479 1573 566 1628 tia:
595 1574 796 1630 divinae
823 1577 1063 1644 dixerit,
1096 1570 1520 1638 Manichaeorum
1563 1587 1822 1640 morbum
1865 1596 2054 1641 osten-

475 1664 622 1720 derit
661 1667 766 1721 ista
798 1671 1084 1736 VOLQllid
1126 1689 1256 1728 vero
1296 1675 1466 1746 magis
1502 1677 1730 1746 impium
1755 1687 1858 1740 est,
1888 1693 2055 1747 quam

475 1759 733 1814 essentia!
779 1765 1248 1830 permutationem
1292 1769 1478 1824 dicere
1519 1767 1724 1824 Christi
1771 1769 1828 1824 in
1871 1778 2058 1826 monte

2160 576 2518 644 ὑποκείμενον
2551 574 2690 639 ζῶον
2719 573 2902 644 τυχόν.
2956 570 3316 641 Συμόεδηκὸς
3358 570 3468 637 γάρ
3499 569 3648 620 ἔστιν
3675 566 3737 618 ὲν

2153 667 2508 736 ὑποκειμένῳ
2560 666 2667 718 τινὶ
2721 661 3096 734 θεωρούμενον
3149 661 3182 727 ἡ
3217 646 3440 730 μορφή.
3500 656 3662 719 rivo;
3689 653 3736 709 δ’

2155 762 2356 831 ἔχουσα
2384 760 2484 829 τὴν
2517 759 2778 828 ποιότητα
2832 757 3090 822 τέταρτον
3133 754 3274 808 κατὰ
3303 752 3568 821 διαίρεσιν
3595 745 3737 809 εἶδος

2153 855 2470 924 εὑρίσκεται
2523 853 2748 922 ταύτης.
2796 850 2949 903 Ἐπεὶ
2981 849 3037 902 δὲ
3069 849 3164 900 καὶ⁸
3191 849 3224 916 ἡ
3261 843 3496 914 κίνησις,
3525 842 3736 908 συμϐε-

2158 947 2327 1016 ϐηκὸς
2351 945 2487 1000 οὖσα
2535 945 2630 998 καὶ
2684 943 2846 1014 αὑτὴ,
2903 943 3190 1012 θεωρεῖται
3227 939 3324 1008 μὲν
3364 937 3456 988 καὶ
3489 936 3546 988 ὲν
3576 936 3738 1004 οὐσίᾳ

2153 1041 2249 1094 καὶ
2281 1039 2435 1110 ποσῷ
2488 1039 2585 1092 κα)⁸
2631 1038 2804 1106 τόπῳ.
2861 1037 3150 1104 Θεωρείται
3197 1030 3488 1100 δὲμᾶλλον
3536 1029 3641 1081 κὰν
3665 1030 3734 1099 τῇ

2157 1131 2406 1202 ποιότητι
2451 1133 2512 1184 τὸ
2561 1129 2838 1191 πολυειδὲς
2861 1125 3204 1195 ἐργαζομένη
3235 1122 3334 1194 τῆς
3367 1119 3733 1181 (modum;

2154 1221 2252 1292 τὴν
2284 1223 2327 1275 δ’
2363 1221 2644 1273 ἀλλοίωσιν
2693 1217 3018 1274 ὲκστατικύν
3055 1233 3108 1268 τι
3136 1213 3273 1266 εἶναι
3325 1211 3418 1264 τοῦ
3470 1211 3740 1278 πρότερον

2157 1315 2308 1376 δντος
2335 1313 2608 1379 ὁρίζονται
2633 1312 2731 1379 τῆς
2759 1309 2948 1372 οὑσίας
2975 1305 3243 1376 μενούσης
3265 1319 3279 1336 ⁸
3302 1304 3472 1376 ἡδέως
3496 1302 3560 1355 ἂν
3591 1299 3748 1380 ἐροίτ

2163 1424 2270 1478 μην
2304 1405 2483 1474 ἔγωγε
2519 1403 2784 1472 [Ιαλαμᾶν
2839 1403 2935 1454 καὶ
2978 1399 3106 1462 τοὺς
3155 1396 3294 1467 ἀμφ’
3352 1395 3536 1457 αὑτὸν,
3590 1393 3643 1446 τί
3673 1392 3742 1444 ἂν

2159 1497 2302 1553 εἶναι
2331 1499 2478 1567 νοοίη
2505 1499 2604 1566 τὴν
2659 1496 3106 1564 μεταμόρφωσιν.
3166 1491 3334 1544 Οὐδὲν
3387 1488 3555 1558 γὰρὴ
3591 1485 3740 1549 λέξις

2157 1595 2348 1661 ἓτερον
2399 1591 2620 1652 πάντως
2683 1587 2833 1658 δηλοί
2880 1587 2915 1654 ἢ
2961 1586 3178 1656 μορφῆς
3217 1580 3503 1638 ἀλλοίωσίν
3531 1596 3592 1632 τε
3639 1579 3742 1632 καὶ

2165 1683 2550 1756 μεταποίησιν.
2585 1681 2645 1734 Εἰ
2675 1679 2775 1749 μὲν
2799 1675 2894 1733 οὖν
2915 1679 3012 1747 τῆς
3039 1671 3224 1738 οὐσίας
3250 1674 3399 1743 λέγοι
3429 1672 3532 1742 τῆς
3561 1671 3740 1734 θείας,

2161 1774 2478 1848 Μανιχαίων
2533 1771 2594 1824 τὸ
2628 1771 2846 1840 νόσημα
2885 1766 3074 1832 δείξων
3101 1767 3130 1819 ὁ
3155 1765 3312 1834 λόγος
3347 1763 3567 1834 ἔρχεται
3589 1776 3604 1792 ⁵
3637 1762 3741 1812 καὶ

479 1853 704 1910 Thabor
735 1856 1536 1928 transligurationem,alteram
1568 1861 1802 1917 duarum
1826 1862 2060 1934 ineptia-

2170 1871 2214 1924 τί
2249 1836 2706 1935 ἄν’ἁσεδέστερον
2856 1861 2948 1914 τοῦ
2981 1857 3338 1929 μετουσίωσιν
3363 1857 3615 1922 λέγοντος
3639 1852 3746 1920 τὴν

480 1959 602 1998 rum
639 1947 948 2015 .inducere,
982 1960 1077 2004 aut
1131 1952 1470 2008 immutabile
1535 1951 1735 2007 divinae
1805 1954 2062 2010 essentia:

479 2034 790 2105 deprimere
835 2040 904 2093 ad
953 2041 1256 2112 subjectum
1305 2053 1360 2096 et
1399 2043 1466 2098 ab
1501 2043 1592 2097 illa
1649 2043 1888 2097 alienum
1918 2085 1934 2107 ,
1967 2052 2064 2099 aut

483 2127 770 2182 inscientia
827 2137 885 2184 et
943 2134 1177 2200 maligna
1232 2143 1414 2188 mente
1481 2135 1534 2187 in
1597 2133 1736 2188 duas
1793 2135 2064 2190 increatas

485 2218 726 2274 deitates
755 2221 1065 2276 distrahere
1098 2238 1261 2276 unam
1298 2223 1600 2280 inereatam
1629 2239 1687 2282 et
1713 2227 2061 2282 individuam

484 2319 542 2365 et
571 2311 900 2382 simplicem,
932 2325 987 2368 et
1026 2331 1190 2369 unam
1238 2317 1422 2372 dicere
1464 2319 1760 2382 visibilem,
1807 2320 2060 2374 invisibi-

482 2407 591 2458 lvm
651 2405 914 2469 alteram,
951 2421 1116 2461 unam
1176 2410 1648 2480 participahilem,
1690 2413 2065 2484 imparticipa-

484 2497 650 2552 bilem
683 2500 910 2554 alteram
932 2541 946 2564 ,
982 2517 1142 2557 unam
1170 2502 1475 2572 subjectam
1497 2543 1512 2568 ,
1536 2507 1896 2576 superjectam
1923 2507 2064 2562 alte-

485 2593 648 2646 ram?
699 2593 846 2662 quod
905 2594 1077 2664 ipsam
1133 2595 1618 2650 lconomachorum
1676 2597 1909 2654 haeresiu
1973 2613 2066 2652 su-

483 2687 722 2756 peravit,
765 2697 826 2741 ut
865 2687 921 2741 in
944 2688 1279 2758 procedente
1319 2691 1570 2746 oratione
1604 2693 1782 2746 fusius
1816 2693 2054 2747 dicetur.

487 2780 582 2833 Sin
619 2793 842 2834 omnem
881 2782 1112 2837 emnino
1141 2783 1343 2838 dixerit
1380 2783 1725 2838 immutatam
1759 2785 1901 2838 servi
1949 2784 2064 2838 for-

487 2887 656 2938 mam,
687 2873 1116 2930 utlcoaomachi
1149 2876 1362 2942 dicunt,
1402 2877 1456 2930 in
1478 2877 1658 2931 lucem
1689 2877 1970 2931 infandam
2006 2887 2062 2931 et

488 2964 795 3018 increatam
831 2974 886 3018 et
919 2964 1184 3018 deitatem
1221 2966 1458 3019 alienam
1508 2975 1568 3020 ut
1611 2967 1664 3020 in
1712 2969 2067 3020 sermonibus

489 3055 558 3107 de
582 3055 704 3109 luce
723 3053 950 3108 disserit
974 3056 1206 3111 vocibus
1224 3057 1502 3123 humanis,
1523 3073 1680 3115 usam
1713 3073 1835 3112 esse
1872 3059 2053 3112 lucem

491 3147 640 3200 illam
669 3145 992 3214 gloriantem
1017 3147 1088 3202 de
1120 3163 1238 3202 sese
1269 3158 1327 3204 et
1369 3168 1388 3198 ι
1425 3150 1545 3206 Non
1577 3158 1788 3205 terrore
1822 3165 2067 3205 commo-

491 3237 696 3301 vearis,
733 3248 914 3293 tecum
944 3239 1092 3292 enim
1121 3255 1298 3306 sum,»
1337 3239 1534 3310 pignus
1551 3240 1748 3295 futurae
1773 3241 1912 3294 lucis
1930 3257 2066 3310 pra:-

497 3329 720 3383 hentem
740 3370 756 3396 ,
785 3330 1144 3399 qumrendum
1179 3339 1299 3401 est,
1330 3331 1608 3400 quomodo
1639 3340 1884 3384 creatum
1919 3322 2070 3384 abie;

497 3424 573 3478 rit
610 3423 676 3478 ad
714 3423 1036 3478 inereatum.
1057 3433 1112 3476 et
1156 3422 1478 3478 inchoatum
1510 3421 1576 3476 ad
1609 3437 1718 3476 non
1751 3421 2068 3476 inchoatum

499 3529 557 3576 et
594 3520 896 3590 temporale
928 3519 996 3572 ad
1030 3533 1137 3572 non
1173 3517 1474 3588 temporale
1518 3526 1576 3572 et
1617 3517 1833 3570 ﬁnitum
1877 3517 1942 3569 ad
1987 3519 2072 3569 in-

495 3614 734 3668 tiuilum.
761 3613 895 3668 Nam
931 3613 1034 3668 hoc
1065 3612 1452 3681 corruptibile,
1492 3617 1552 3663 ut
1583 3609 1750 3664 divus
1775 3607 2070 3678 Apostolus

495 3707 654 3772 dicit,
691 3705 1017 3760 induturum
1049 3703 1526 3772 incorruptionem
1547 3701 1859 3757 audivimus
1888 3701 2071 3756 credi-

492 3800 791 3866 climusquc
815 3837 831 3865 ,
858 3809 1103 3852 creatum
1133 3805 1316 3850 autem
1347 3795 1462 3849 ﬁeri
1494 3795 1800 3849 increatum
1833 3794 1916 3848 vel
1947 3809 2072 3848 cor-

496 3907 596 3959 pus
621 3893 1011 3961 incorporeum
1038 3888 1196 3960 461
1227 3887 1471 3942 nondum
1497 3887 1566 3940 ad
1595 3885 1700 3940 hoc
1730 3900 1906 3955 usque
1933 3895 2072 3938 tem-

493 4002 598 4056 pus
648 3987 758 4041 ulla
811 3985 1024 4039 ratione
1065 3982 1294 4054 praedita
1340 3990 1595 4036 creatura
1641 3988 1736 4034 aut
1785 3978 1926 4034 dixit
1973 3987 2068 4032 aut

497 4077 704 4132 audivit
743 4091 986 4145 unquam
1023 4083 1119 4128 aut
1155 4073 1398 4142 denique
1431 4071 1716 4142 cogitavit.
1751 4071 1944 4140 Neque
1978 4071 2064 4122 in-

497 4180 745 4225 creatum
790 4179 848 4222 et
888 4166 1168 4222 inﬁnitum
1219 4165 1328 4219 ulla
1376 4167 1728 4220 rationeaut
1761 4163 1871 4218 ullo
1905 4161 2071 4216 modo

500 4259 699 4329 recipit
732 4259 1178 4328 qualemcunque
1212 4267 1419 4310 motum
1454 4265 1550 4308 aut
1590 4254 1957 4307 mutationem
2003 4253 2068 4305 ad

499 4351 810 4422 subjectum
835 4391 851 4414 ,
879 4363 990 4402 non
1027 4347 1234 4401 habens
1259 4345 1537 4414 quomodo
1567 4353 1810 4398 mutetur
1839 4353 1934 4397 aut
1961 4357 2071 4412 quo

498 4451 811 4501 moveatur.
857 4440 1076 4496 Etenim
1122 4438 1352 4492 mutatio
1383 4437 1450 4491 ad
1483 4447 1734 4491 naturam
1782 4435 1982 4490 inﬁniti
2017 4445 2072 4490 et

2093 3189 2135 3244 C

2167 1964 2260 2017 ἐπὶ
2287 1961 2380 2014 τοῦ
2406 1958 2692 2027 Θαὸωρίου
2719 1955 2878 2026 ὅρους
2911 1952 3334 2024 μεταμόριρωσιν
3355 1949 3449 2002 τοῦ
3474 1943 3744 2020 Χριστοῦ,

2165 2053 2258 2106 καὶ
2291 2052 2435 2104 δυοῖν
2459 2047 2566 2100 τῶν
2595 2043 2963 2099 ἀτοπωτάτων
2985 2041 3212 2108 θάτερον
3241 2038 3458 2098 πάντως
3489 2033 3745 2099 εἰσάγον.

2163 2163 2274 2201 τος.
2307 2143 2338 2212 ἢ
2369 2143 2467 2206 τῆς
2497 2139 2648 2194 θείας
2679 2137 2868 2196 obuia;
2897 2135 2957 2186 τὸ
2987 2131 3346 2186 ἀναλλοίωτον
3373 2123 3576 2194 δηλαδὴ
3605 2121 3747 2176 καο-

2164 2233 2447 2302 αιροῦντος
2475 2231 2552 2291 είς
2586 2229 2647 2282 τὸ
2679 2227 2975 2296 ὑφειμένον
3024 2224 3118 2276 καὶ
3163 2221 3418 2290 διάφορον
3442 2217 3670 2286 ταύτης,
3704 2213 3742 2284 ἢ

2165 2324 2500 2395 διαιροῦντος
2527 2323 2586 2386 ἐξ
2615 2319 2860 2390 ἀμαθοῦς
2891 2317 2986 2370 καὶ
3017 2313 3358 2383 κακοτρόπου
3391 2310 3617 2379 γνώμης
3659 2307 3745 2368 εἰς

2163 2416 2255 2468 δύο
2288 2413 2558 2483 θεοτήτων
2622 2408 2894 2464 ἀκτίστων
2949 2405 3364 2475 διχοτομήματα
3421 2401 3523 2468 τὴν
3571 2397 3752 2468 μόνην

2165 2507 2420 2561 ἄκτιστόν
2456 2521 2515 2557 τε
2548 2505 2642 2556 καὶ
2669 2503 2848 2573 ἀμερῆ
2878 2502 2974 2553 καὶ
3011 2497 3216 2566 ἁπλῆν,
3261 2495 3356 2547 καὶ
3378 2493 3476 2564 τὴν
3511 2491 3610 2559 μὲν
3645 2487 3748 2541 λέ-

2165 2615 2350 2668 γοντος
2383 2597 2584 2668 ὀρατὴν
2609 2595 2706 2664 τὴν
2723 2595 2769 2646 δ’
2800 2593 3050 2663 ἀόρατον,
3079 2589 3174 2642 καὶ
3207 2587 3305 2656 τὴν
3337 2585 3436 2653 μὲν
3471 2577 3750 2650 μεθεκτὴν

2164 2695 2262 2760 τὴν
2301 2692 2344 2744 δ’
2379 2689 2705 2759 ἀμέοεκτον.
2759 2686 2858 2738 καὶ
2914 2682 3012 2754 τὴν
3084 2681 3183 2749 μὲν
3240 2676 3540 2745 ὑφειμένην
3561 2673 3659 2742 τὴν
3693 2670 3747 2724 δ’

2167 2782 2574 2851 ὑπερκειμένην
2605 2800 2617 2846 ;
2651 2779 2678 2833 ὃ
2708 2779 2801 2832 καὶ
2829 2777 2926 2840 τὴν
2953 2774 3062 2827 τῶν
3091 2769 3476 2838 Εἰκονομάχων
3496 2763 3746 2834 ὑπερϐέ-

2169 2876 2370 2939 ϐληκεν
2397 2875 2628 2942 αἵρεσιν,
2653 2871 2726 2934 ὡς
2749 2871 3026 2940 εἰρήσεται
3046 2862 3310 2936 χωροῦντι
3333 2859 3576 2931 τῷλόγῳ
3604 2856 3750 2908 πλασ-

2169 2971 2412 3038 τύτερον.
2446 2966 2507 3018 Εἰ
2541 2963 2586 3016 δ’
2621 2962 2678 3030 ἐξ
2712 2961 2848 3014 ὅλων
2883 2961 3012 3030 ὃλην
3063 2953 3499 3024 μεταϐεϐλῆσθαι
3537 2951 3746 3018 φάσκοι

2167 3061 2264 3122 τὴν
2290 3060 2384 3113 τοῦ
2410 3057 2596 3111 δούλου
2636 3053 2877 3126 μορφὴν,
2923 3050 3042 3104 κατ’
3067 3048 3266 3106 αὑτοὺς
3295 3041 3538 3114 ἀκριϐῶς
3564 3040 3750 3093 εἰπεῖν

2173 3156 2295 3216 τοὺς
2327 3148 2749 3218 Εἰκονομάχους,
2807 3145 2899 3196 ἐπὶ
2933 3142 3046 3210 φῶς
3077 3137 3315 3210 ἄρῤητόν
3364 3153 3419 3189 τε
3457 3135 3551 3186 καὶ
3579 3131 3748 3186 άκτι-

2177 3253 2301 3300 στον
2328 3245 2422 3298 καὶ
2460 3242 2689 3312 θεότητα
2725 3240 2907 3308 ξένην,
2949 3235 3092 3288 καθὰ
3120 3233 3222 3286 κάν
3255 3231 3365 3293 τοῖς
3400 3227 3531 3298 περὶ
3561 3223 3753 3292 φωτὸς

2171 3339 2390 3402 διέξεισι
2410 3337 2591 3404 λόγοις
2613 3333 2776 3388 αὐτοῦ
2809 3332 3014 3401 φωναῖς
3041 3325 3411 3396 ἀνθρωπίναις
3433 3319 3750 3390 κεχρῆσθαι

2171 3431 2232 3483 τὸ
2256 3428 2372 3495 φῶς
2402 3428 2597 3491 ἐκεῖνο,
2642 3422 2999 3494 καυχώμενον
3035 3419 3172 3492 πρὸς
3207 3416 3390 3478 αὑτὸν,
3430 3413 3546 3478 καὶ,
3587 3429 3605 3464 ι
3643 3410 3749 3481 Μὴ

2173 3521 2364 3590 φοϐοῦ,
2407 3538 2426 3569 ι
2457 3517 2972 3586 παρακελευόμενον
2995 3531 3008 3544 ·
3057 3533 3074 3566 t
3109 3512 3248 3584 μετᾶ
3273 3509 3368 3564 σοῦ
3403 3510 3511 3579 γάρ
3545 3508 3680 3576 είμι,
3717 3525 3744 3558 ι

2170 3613 2265 3666 τοῦ
2305 3609 2589 3682 μέλλοντος
2620 3607 2918 3678 ἀρραϐῶνα
2967 3604 3144 3676 φωτὸς
3201 3602 3598 3672 παρεχόμενον,
3640 3599 3750 3668 ζη-

2170 3703 2362 3776 τητέον
2391 3703 2508 3764 πῶς
2541 3701 2601 3754 τὸ
2659 3698 2880 3754 κτιστδν
2937 3695 3400 3768 μετακεχώρηκεν
3439 3691 3504 3765 [Γ.
3557 3692 3654 3746 ΞΜ
3684 3690 3752 3764 α]
3783 3685 3800 3697 ’

2176 3799 2359 3870 ἐαυτῷ
2395 3795 2527 3866 πρὸς
2575 3794 2638 3849 τδ
2671 3794 2922 3846 ἄκτιστον
2963 3789 3058 3844 καλ⁵
3113 3789 3174 3840 τὸ
3212 3787 3486 3858 ἠργμένον
3520 3784 3656 3853 πρὸς
3683 3785 3754 3836 τὸ

2171 3891 2408 3960 ἄναρχον
2430 3887 2525 3942 καὶ
2563 3886 2624 3938 τὸ
2655 3882 2903 3954 χρονικδν
2931 3879 3066 3950 πρὸς
3093 3878 3154 3928 τὸ
3189 3877 3438 3947 ἄχρονον,
3473 3876 3568 3928 καὶ
3607 3873 3755 3943 πρὸς

2173 3981 2234 4034 τὸ
2265 3976 2692 4050 πεπερασμένον
2720 3973 2780 4025 τὸ
2807 3973 3055 4039 ἄπειρον.
3080 3968 3205 4021 Ὀτι
3232 3967 3330 4037 μὲν
3352 3965 3461 4035 γάρ
3481 3965 3542 4018 τὸ
3567 3963 3752 4035 φθαρ-

2171 4073 2264 4126 τὸν
2284 4070 2441 4125 τοῦτο
2455 4068 2597 4124 κατὰ
2613 4064 2863 4124 τδνῖθεῖον
2895 4060 3029 4114 ’Λπό
3043 4058 3759 4127 στολονζὲνδύσεταιςάφθαρ-

2177 4167 2320 4227 σίαν,
2349 4161 2666 4233 ὴκούσαμέν
2696 4177 2754 4213 τε
2803 4158 2896 4210 καὶ
2923 4156 3374 4225 πεπιστεύκαμεν
3398 4171 3412 4186 ο
3443 4153 3502 4206 τὸ
3531 4153 3590 4207 δὲ
3625 4169 3756 4206 κτι-

2173 4255 2299 4310 στὺν
2325 4251 2579 4321 γενέσθαι
2611 4251 2867 4305 άκτιστον
2917 4251 2952 4320 ἢ
2991 4252 3051 4304 τὸ
3085 4251 3244 4318 σῶμα
3275 4247 3572 4318 ἀσώματον
3596 4243 3756 4297 οὓπω

2174 4349 2232 4410 ἐς
2253 4343 2411 4416 δεῦρο
2439 4341 2566 4396 οὔτε
2625 4359 2680 4394 τι
2737 4341 2846 4394 τῶν
2881 4343 3119 4412 λογικῶν
3171 4339 3328 4404 ζώων
3381 4337 3606 4408 εἴρηκεν
3635 4335 3755 4389 οὔτ’

2179 4441 2418 4508 ἀκήκοεν
2447 4433 2628 4490 ὀὐδὲν
2683 4435 2920 4504 οὐδαμῆ,
2955 4434 3077 4488 οὔτε
3134 4433 3388 4498 καθάπαξ
3433 4433 3612 4484 εἰπεῖν
3640 4430 3756 4483 τῶν

503 4536 573 4592 ad
607 4546 814 4590 motum
845 4548 954 4586 non
990 4531 1120 4585 facti
1153 4540 1248 4584 aut
1274 4530 1509 4584 variatio
1539 4538 1636 4584 aut
1665 4527 1956 4583 distractio
1987 4544 2065 4583 es-

2181 4531 2438 4586 άπάντων
2453 4527 2770 4594 κτισμάτων
2792 4526 2946 4579 οἰδὲν
2971 4526 3184 4594 οὐδαμῆ
3207 4541 3295 4577 πω
3312 4524 3586 4594 νενόηκεν.
3609 4521 3756 4577 Οὔτε

497 4636 616 4692 set,
641 4625 790 4697 quod
829 4625 941 4678 ﬁeri
973 4637 1082 4676 non
1117 4633 1300 4692 potest
1329 4641 1342 4676 :
1378 4622 1560 4676 omnis
1589 4621 1736 4676 enim
1760 4662 1775 4687 ,
1805 4623 1882 4676 ait
1913 4621 2076 4674 divus

502 4719 775 4776 Maximus
795 4729 816 4781 ,’
844 4714 1066 4786 propria
1103 4713 1319 4768 ratione
1357 4723 1552 4768 natura
1589 4713 1758 4767 habet
1787 4713 2080 4782 perfectio-

428 4831 436 4841 ·
504 4825 635 4866 nem
665 4819 722 4864 et
749 4806 1059 4878 spiritualis
1089 4816 1146 4860 et
1180 4805 1488 4875 corporalis
1507 4846 1522 4868 ,
1551 4805 1668 4858 sive
1696 4805 1928 4874 simplex
1959 4804 2078 4859 sive

503 4902 827 4977 composita.
845 4901 1090 4967 Quorum
1110 4901 1256 4952 enim
1275 4914 1453 4954 causae
1467 4897 1610 4968 apud
1629 4899 1799 4952 Deum
1813 4913 1937 4951 cum
1958 4912 2078 4953 esse

503 4995 670 5052 etiam
690 4993 1028 5064 perfectione
1047 4999 1400 5057 receperunt,
1419 5003 1610 5044 eorum
1636 4988 1874 5058 propriis
1895 4986 2076 5042 causis

506 5088 807 5144 declinatio
855 5098 912 5142 et
966 5081 1514 5141 transsubstantiatio
1565 5081 1930 5149 adiectionem
1981 5087 2078 5132 aut

507 5179 874 5237 emissionem
911 5179 979 5232 ad
1013 5191 1138 5231 esse
1171 5185 1446 5244 quatenus
1473 5175 1715 5228 essentia
1749 5170 2080 5239 contingunt

505 5291 619 5330 non
649 5273 972 5328 admittunt.
1001 5270 1096 5325 Sin
1123 5283 1256 5322 vero
1285 5267 1516 5320 variatio
1539 5264 1790 5334 quaedam
1820 5263 1898 5323 lit,
1926 5269 2075 5316 certe

501 5381 615 5422 non
641 5366 706 5422 ad
736 5375 960 5424 naturae.
982 5361 1077 5416 sed
1105 5359 1172 5414 ad
1203 5358 1480 5413 varianda:
1509 5357 1586 5411 rei
1623 5357 2069 5418 mutatationem,

505 5459 652 5512 ratio
677 5457 826 5512 enim
853 5462 1061 5508 mutata
1085 5453 1370 5506 interitum
1421 5450 1604 5505 statim
1636 5459 1844 5502 natura:
1895 5448 2074 5508 affert,

511 5548 744 5602 mutatio
772 5559 894 5614 quae
921 5541 1170 5610 sequitur
1197 5538 1442 5592 miriﬁca:
1469 5537 1692 5591 virtutis
1719 5537 1956 5627 speciem
1985 5535 2078 5588 ha-

506 5638 620 5692 bet.
651 5633 885 5705 Egyptii
931 5632 1036 5686 Nili
1083 5646 1224 5700 aqua
1281 5641 1563 5696 aspectum
1604 5635 1659 5681 et
1692 5626 1908 5696 gustum
1947 5626 2076 5679 olim

509 5731 764 5792 mutavit,
785 5737 842 5781 et
881 5726 1091 5779 variata
1122 5733 1206 5778 est
1243 5724 1297 5776 in
1327 5722 1608 5790 sanguinis
1636 5721 1882 5776 colorem
1915 5729 1970 5774 et
2003 5719 2078 5772 l’a-

487 5821 739 5880 .stidit-m
765 5863 779 5888 ,
807 5820 1071 5892 liquidam
1103 5829 1156 5874 et
1183 5818 1400 5872 ﬂuidam
1433 5825 1684 5870 naturam
1714 5813 1938 5867 minime
1968 5812 2080 5866 die

2186 4623 2291 4693 μὴ)
2320 4619 2430 4672 οὐδ’
2459 4616 2526 4671 αὖ
2555 4619 2614 4670 τὸ
2660 4618 2916 4672 ἄκτιστόν
2968 4634 3027 4668 τε
3085 4619 3180 4669 καὶ
3212 4617 3437 4686 ἄπειρον
3466 4614 3588 4668 οὔτε
3623 4614 3756 4668 κατ’

2179 4714 2368 4767 οὐδένα
2409 4712 2564 4779 λόγον
2619 4709 2742 4762 οὔτε
2800 4709 2918 4762 κατ’
2949 4707 3138 4760 οὐδένα
3187 4708 3390 4777 τρόπον
3439 4707 3755 4778 ἐπιδέχεται

2179 4804 2280 4876 τὴν
2306 4802 2626 4870 οἱανδήποτε
2651 4800 2870 4868 κίνησιν
2894 4799 2986 4852 καὶ
3011 4799 3218 4872 τροπὴν
3244 4803 3324 4864 εἰς
3350 4801 3410 4853 τὸ
3435 4801 3750 4871 ὑφειμένον,

2180 4896 2278 4948 οὐκ
2321 4895 2442 4963 ἕχον
2472 4892 2585 4945 οὗθ’
2610 4893 2754 4960 ὅπως
2790 4895 3130 4961 τραπήσεται
3161 4891 3274 4944 οὔθ’
3303 4894 3439 4946 ὅπου
3468 4893 3756 4963 κινηθήσε-

2182 5001 2305 5039 ται·
2344 4984 2520 5056 τροπὴ
2551 4983 2658 5053 γὰρ
2693 4981 2786 5034 τοῦ
2817 4986 2961 5036 κατὰ
2999 4984 3158 5051 φύσιν
3188 4987 3441 5055 ἀπείρου,
3485 4984 3749 5039 κινεῖσθαι

2188 5081 2262 5150 μὴ
2297 5077 2626 5144 πεφυκότος,
2747 5077 2816 5146 τί
2842 5075 3128 5138 ἀλλοίωσις
3153 5075 3244 5129 καὶ
3265 5075 3530 5146 διαίρεσις
3559 5079 3642 5146 εἴη
3666 5079 3746 5142 Ξν,

2183 5173 2321 5240 ὅπερ
2358 5169 2620 5222 ἀδύνατον
2641 5185 2652 5198 ·
2693 5169 2842 5220 πᾶσα
2863 5169 2992 5238 γὰρ,
3019 5169 3046 5220 ὁ
3091 5169 3231 5229 Oeta;
3261 5169 3430 5238 ἔφησε
3477 5170 3748 5236 Μάξιμος.

2184 5261 2346 5329 φύσις
2377 5258 2452 5329 τῷ
2481 5259 2667 5328 οἰκείῳ
2698 5257 2843 5328 λόγῳ
2871 5259 2958 5311 διὰ
3011 5257 3210 5320 παντὸς
3266 5261 3380 5330 ἔχει
3423 5261 3484 5312 τὸ
3520 5263 3747 5326 τέλειον,

2183 5369 2276 5421 νοη
2291 5355 2347 5422 εὴ
2379 5370 2436 5404 τε
2472 5355 2566 5407 καὶ
2595 5351 2852 5420 αἰσθητὴ,
2909 5351 3005 5404 εἶτ’
3042 5351 3135 5406 οὖν
3169 5353 3315 5424 ἁπλῆ
3353 5371 3410 5408 τε
3448 5355 3542 5408 καὶ
3569 5353 3754 5408 σύνθε-

2185 5461 2275 5506 τος
2299 5461 2314 5476 ο
2349 5438 2424 5495 ὧν
2458 5445 2566 5513 γὰρ
2594 5444 2642 5494 οἱ
2671 5442 2818 5508 λόγοι
2877 5442 3026 5512 παρὰ
3073 5443 3150 5512 τῷ
3187 5443 3307 5513 Θεῷ
3339 5445 3454 5512 ἅμα
3489 5446 3566 5516 τῷ
3613 5441 3753 5498 εἶναι

2183 5536 2248 5587 τὸ
2281 5535 2485 5586 τέλειον
2519 5533 2695 5603 ἔσχον,
2724 5534 2930 5587 τούτων
2963 5537 2994 5604 ἡ
3026 5535 3171 5587 κατὰ
3199 5539 3326 5600 τοὺς
3373 5541 3613 5601 οἰκείους
3660 5541 3752 5593 λό-

2185 5644 2315 5694 γους
2342 5626 2648 5695 παρτιωτὴ
2679 5630 2772 5678 καὶ
2807 5623 3064 5688 οὖσίωσις
3106 5629 3425 5700 προσθήκης
3451 5633 3635 5701 πάσης
3660 5636 3754 5686 καὶ

2189 5719 2476 5786 ἐλλείψεως
2539 5718 2638 5783 τῆς
2680 5718 2813 5787 πρὸς
2846 5719 2903 5770 rb
2937 5715 3096 5781 εἶναι,
3130 5715 3272 5792 ᾗπερ
3303 5723 3430 5774 ὄντα
3467 5725 3755 5794 τυγχάνει,

2191 5811 2464 5874 παντελῶς
2495 5812 2644 5863 ἐστιν
2674 5813 3038 5875 ἀνεπίδεκτοξ.
3071 5813 3125 5866 Ei
3150 5814 3205 5866 δέ
3235 5813 3333 5867 πού
3361 5833 3442 5877 τις
3471 5816 3756 5880 ἀλλοίωσις
