4060 6204
326 372 445 437 Αἲξ)

1263 381 1709 445 ΒΥΖΛΝΤίΝιΈ
1754 384 2139 468 ΙΗΞΤΟίῖῐίΕ
2180 384 2327 444 LIB.
2374 379 2638 442 XXXIV.

3499 372 3608 438 I10

330 493 554 559 γένοιτό
610 508 706 560 πη,
762 493 822 545 οὐ
861 493 1043 562 μέντοι
1084 495 1213 564 περὶ
1244 500 1333 549 τὺν
1390 497 1490 563 τῆς
1520 497 1756 563 φύσεως,
1785 498 1919 549 ἀλλὰ

2042 496 2344 552 simulavit.
2388 495 2567 565 Atque
2617 491 2951 564 Babylonius
2982 490 3075 545 illc
3114 489 3363 545 caminus
3400 495 3608 544 sanctis

332 583 474 652 περὶ
494 581 591 635 τὸν
620 579 714 634 τοῦ
753 581 1140 650 ἀλλοιουμένου
1185 585 1396 650 γίνεται
1431 586 1761 654 πράγματος
1795 588 1925 655 τρό-

331 691 468 728 πον.
538 676 598 729 '0
660 674 760 743 μὲν
814 677 925 742 γὰρ
968 677 1126 743 λόγος
1190 678 1672 747 μεθαρμοζόμενος
1711 679 1923 750 φθορὰν

330 764 544 819 αὐτίκα
572 764 800 835 παρέχει
832 769 898 835 τῇ
928 765 1112 833 φύσει.
1149 769 1176 820 ό
1208 767 1264 821 δὲ
1295 767 1497 831 τρόπος
1534 768 1682 821 τοῦθ’
1711 768 1921 836 ὑπομέ-

332 873 451 907 νων
481 855 883 923 θαυματοποιοῦ
915 859 1198 924 δυνάμεως
1238 857 1467 924 ἔνδειξιν
1490 858 1606 929 ἔχει
1632 875 1647 890 ·
1675 859 1768 913 τοῦ
1810 863 1920 929 γὰρ

333 949 643 1010 Αἰγυπτίου
677 949 871 1001 Νείλου
915 950 975 1001 τὸ
1002 948 1148 1019 ὕδωρ
1177 949 1302 1017 ὄψιν
1335 949 1433 1017 μὲν
1470 951 1567 1002 καὶ
1598 949 1786 1018 γεῦσιν
1812 952 1922 1006 πά-

2031 590 2220 661 pueris
2260 589 2372 643 vim
2416 602 2573 643 suam
2620 586 3004 640 vehementem
3047 581 3397 645 immutavit,
3435 580 3602 651 5.62

2026 681 2289 752 quoniam
2325 683 2505 735 virtus
2544 693 2655 733 non
2687 676 2849 732 facile
2883 675 3145 729 damnum
3179 673 3427 742 recipere
3472 688 3604 741 pos—

2024 775 2119 829 sit.
2148 773 2470 843 Proprietas
2499 771 2643 827 lucis
2675 781 2732 824 et
2766 770 2910 841 ignis
2954 776 3010 822 et
3063 775 3283 821 natura:
3332 764 3417 818 vis
3459 777 3606 833 prae-

2022 865 2235 919 cellens
2269 872 2476 917 mutata
2508 876 2619 916 non
2650 871 2758 916 est.
2807 859 2944 914 Nam
2990 856 3311 928 Babyloniis
3353 854 3407 909 id
3455 853 3606 923 quod

2023 956 2329 1011 secundum
2376 965 2629 1009 naturam
2677 952 2794 1007 urit
2843 950 3129 1015 ostendit,
3176 949 3386 1019 quippe
3436 947 3531 1017 qui
3576 962 3608 1001 a

333 1039 364 1088 λ
413 1058 432 1090 ι
488 1042 993 1111 μεταμεμόρφωται
1046 1042 1142 1094 καὶ
1187 1041 1478 1110 ἠλλοίωται
1512 1043 1651 1112 πρὸς
1689 1046 1926 1114 αἵματος

2039 1057 2212 1103 natura
2237 1046 2302 1102 ad
2333 1047 2639 1102 sensualem
2672 1042 3085 1113 conceptionem
3112 1040 3243 1096 facti
3269 1046 3455 1095 essent
3481 1052 3609 1108 pro-

334 1132 541 1201 χρῶμα
572 1138 663 1187 καὶ
689 1135 904 1206 ἀηδίαν.
929 1136 1029 1207 τήν
1058 1153 1119 1204 γε
1154 1135 1261 1205 μὴν
1292 1136 1466 1207 ὑγράν
1489 1155 1549 1189 τε
1567 1140 1661 1191 καὶ
1688 1140 1918 1211 ῥέουσαν

2039 1155 2155 1214 pter
2185 1143 2477 1214 pravitatis
2507 1143 2818 1197 materiam.

333 1223 540 1289 ἣκιστα
597 1225 832 1295 ἤρνηται
888 1228 1084 1296 φύσιν
1145 1230 1297 1300 καὶὴ
1335 1228 1679 1293 Βαϐυλώνιος
1732 1230 1919 1301 ἐκείνη
1959 1233 2192 1304 κάμινος
2222 1237 2336 1300 τοῖς
2380 1235 2479 1305 μὲν
2509 1234 2679 1295 ὁσίοις
2739 1230 2899 1285 παισὶ
2936 1230 3036 1301 τὴν
3095 1227 3441 1298 ἀναλωτικὴν
3469 1224 3607 1297 μεθ-

335 1317 617 1383 ἦρμτσται
651 1319 900 1388 δύναμιν,
930 1322 1028 1375 οὐκ
1079 1323 1309 1394 ἐχούσης
1375 1323 1478 1393 τῆς
1509 1326 1712 1395 ἀρετῆς
1782 1324 1992 1397 φθορὰν
2031 1330 2386 1401 ἀναδέχεσθαι
2412 1331 2595 1400 -ῥᾷστα
2620 1328 2717 1381 καὶ
2747 1325 3023 1389 ὁπωσοῦν,
3053 1326 3116 1377 τὸ
3141 1324 3322 1394 μέντοι
3347 1321 3609 1390 φωτεινόν

334 1426 395 1461 τε
437 1413 536 1463 καὶ
573 1413 816 1483 πυρῶδες
856 1409 988 1483 ἦθος
1018 1417 1115 1469 καὶ
1150 1421 1209 1495 τὸ
1242 1416 1344 1486 τῆς
1373 1418 1592 1488 φύσεως
1639 1422 1936 1493 ἀνωφερὲς
1962 1422 2023 1476 οὐ
2062 1423 2416 1494 μεθήρμοστο
2440 1438 2454 1454 ο
2511 1425 2626 1484 τοῖς
2663 1422 2774 1491 γάρ
2828 1417 3189 1481 Βαϐυλωνίοις
3231 1416 3291 1471 τὸ
3325 1415 3468 1469 κατὰ
3503 1415 3609 1484 φύ-

342 1518 431 1554 σιν
456 1501 627 1569 ἔδειξε
675 1506 989 1573 καυστικὸν,
1027 1509 1188 1575 φύσει
1238 1508 1510 1571 δεκτικοῖς
1542 1512 1793 1578 γεγονόσι
1828 1512 1917 1566 διὰ
1948 1512 2007 1566 τὺ
2038 1515 2140 1582 τῆς
2174 1512 2376 1576 κακίας
2406 1511 2630 1574 ὑλῶδες.

412 1598 516 1650 II".
550 1599 660 1651 Καὶ
686 1597 773 1651 ἵνα
804 1599 945 1653 κατά
973 1601 1125 1670 ῥῆμα
1152 1601 1219 1654 τὰ
1257 1601 1367 1654 τῶν
1407 1603 1798 1673 Είκονομάχων
1840 1605 1923 1667 εἰς

348 1687 513 1755 μέσον
553 1691 1002 1757 προενεγκόντες.
1028 1694 1122 1742 καὶ
1146 1692 1259 1752 τοῖς
1292 1691 1388 1742 τοῦ
1425 1691 1661 1761 Παλαμᾶ
1688 1694 1925 1764 παρεξε-

2099 1604 2244 1659 Xlll.
2285 1603 2466 1674 Atque
2512 1612 2575 1658 ut
2617 1601 3110 1658 lconomaehorum
3161 1601 3327 1656 dictis
3367 1600 3434 1654 ad
3461 1614 3612 1655 .ver-

2029 1697 2161 1752 bum
2195 1697 2251 1751 in
2285 1696 2527 1751 medium
2560 1696 2793 1765 prolatis
2826 1704 2883 1749 et
2927 1710 3052 1749 cum
3103 1693 3331 1749 Palama
3379 1707 3611 1761 compa-

344 1782 632 1842 τάσαντες,
664 1780 927 1848 δείξωμεν
978 1781 1053 1843 ὼς
1084 1782 1140 1844 ἐς
1168 1783 1229 1833 τὸ
1284 1781 1432 1834 πάνυ
1465 1799 1520 1834 τι
1572 1783 1801 1854 ἀκριϐὲς
1826 1785 1921 1837 καὶ

2039 1790 2166 1844 ratis
2197 1788 2556 1843 ostendamus
2583 1802 2710 1842 eum
2744 1787 2907 1856 plane
2940 1803 3065 1842 cum
3101 1788 3182 1840 eis
3216 1790 3607 1848 consensisse,

347 1873 531 1933 αὐτοῖς
561 1877 968 1941 συμπεφωνηκε
1003 1873 1124 1941 μὲν,
1164 1874 1454 1945 παρήλασε
1482 1878 1529 1931 δ’
1558 1872 1674 1942 οὖν,
1701 1878 1763 1931 τὸ
1796 1878 1928 1949 παρ’

352 1963 544 2016 ἑαυτοῦ
594 1962 1030 2034 συγκεκραγὼς.
1066 1965 1140 2028 ὼς
1171 1966 1385 2030 εἴωθεν,
1429 1968 1522 2022 ἐπὶ
1550 1970 1621 2022 τὰ
1670 1970 1927 2039 αἴσχιστα

354 2055 498 2122 μάλα
533 2055 839 2125 φιλότιμον,
866 2054 1095 2108 ἀκούετε
1144 2056 1232 2127 δή.
1259 2058 1415 2111 Μετά
1448 2059 1559 2129 γὰρ
1594 2060 1794 2121 πολλὰς
1830 2064 1931 2113 κὶ-

351 2149 513 2199 κείνοι
534 2148 633 2209 τὰς
649 2147 813 2212 ἄλλας
842 2147 1021 2202 αὐτῶν
1039 2148 1399 2219 βλασφημίας
1416 2152 1508 2204 καὶ
1537 2152 1661 2206 τάδε
1689 2152 1928 2222 βεϐλασ-

352 2240 702 2308 ςημήκεσαν.
742 2241 832 2294 Ἐν
896 2242 1208 2312 ἀνθρώποις
1258 2242 1359 2307 ἔτι,
1392 2250 1549 2312 φασὶ,
1589 2245 1864 2316 βιοτεύων·
1903 2249 1930 2298 ὁ

352 2332 481 2395 θετς
534 2332 727 2400 Λόγος,
784 2335 897 2394 τοῖς
952 2335 1231 2406 ὲκκρίτοις
1277 2336 1387 2390 τῶν
1418 2336 1613 2390 ἑαυτοῦ
1671 2338 1779 2407 μαθ
1810 2339 1930 2405 ,τῶν

354 2423 975 2494 τροαῤῥαϐωνιζόμενος
1002 2427 1101 2496 τὴν
1132 2425 1263 2479 θέαν
1294 2427 1395 2496 τῆς
1428 2429 1596 2481 αὐτοῦ
1625 2429 1927 2499 βασιλείας,

364 2516 677 2582 μεταϐαλὼν
708 2517 805 2586 τὴν
834 2517 927 2570 τοῦ
983 2518 1173 2572 δούλου
1230 2522 1450 2590 μορφὴν
1503 2524 1596 2574 ἐπὶ
1628 2523 1720 2575 τοῦ
1745 2525 1929 2593 ὅρους,

368 2607 490 2678 νπὲρ
526 2608 630 2676 τὴν
658 2609 1002 2678 ἀνθρωπείαν
1033 2610 1195 2680 φύσιν
1252 2613 1643 2676 ἐπιδέδεικται,
1686 2614 1828 2667 ὥστε
1869 2614 1932 2667 τὸ

372 2701 453 2766 μὲν
487 2704 784 2770 πρόσωπον
818 2704 983 2756 αὑτοῦ
1014 2704 1377 2773 ἀπήστραψεν
1399 2705 1475 2767 ὡς
1505 2706 1531 2756 ὁ
1563 2705 1738 2774 ἥλιος,
1781 2706 1847 2759 τά
1876 2707 1930 2759 δὲ

367 2794 545 2863 ῑμάτια
578 2793 745 2847 αὑτοῦ
771 2795 844 2857 ὡς
878 2796 937 2848 τὶ
971 2797 1105 2862 φῶς.
1141 2796 1205 2867 [ί.
1240 2797 1339 2851 2H
1384 2797 1440 2868 li]
1481 2798 1542 2849 El
1567 2799 1623 2850 δὲ
1654 2798 1774 2850 τότε
1806 2802 1837 2869 ὴ
1875 2800 1932 2851 ἐν

364 2889 517 2958 σαρκὶ
548 2888 716 2942 αὐτοῦ
749 2888 929 2957 μορφὴ
961 2887 1235 2958 τοσαύτης
1278 2888 1439 2958 ἔλαχε
1483 2889 1769 2956 δυνάμεως
1799 2890 1935 2960 πρὸς

361 2981 455 3048 τῆς
480 2978 798 3049 ἐνοικούσης
829 2982 884 3031 ὲν
932 2980 1071 3050 αὐτῇ
1101 2978 1355 3050 Θεότητος
1403 2979 1828 3050 μεταϐληθεῖσα,
1881 2981 1934 3033 τί

363 3073 463 3140 χρὴ
484 3071 669 3138 λέγειν
704 3072 841 3141 μετά
861 3072 958 3145 τὴν
985 3074 1282 3126 ἀνάστασιν
1317 3075 1409 3124 καὶ
1440 3072 1541 3143 τὴν
1562 3074 1640 3135 εἰς
1669 3074 1935 3145 οὐρανοὺς

2032 1881 2143 1936 imo
2166 1896 2262 1936 eos
2285 1896 2600 1951 superasse,
2625 1878 2949 1945 commistis,
2980 1886 3039 1932 ut
3062 1878 3296 1940 solebat,
3324 1891 3451 1932 cum
3489 1884 3610 1929 Iur-

2030 1977 2276 2048 pissimis
2306 1974 2559 2030 honestis
2581 2016 2596 2038 .
2627 1974 2738 2044 jam
2772 1971 3014 2027 audiatis
3046 1971 3237 2026 velim.
3289 1969 3417 2025 Post
3459 1969 3607 2024 enim

2031 2069 2232 2123 multas
2308 2067 2388 2121 illi
2468 2064 2839 2136 blaSphemias
2897 2063 2998 2118 has
3061 2077 3282 2131 quoque
3350 2058 3615 2129 promic-

2032 2169 2160 2213 runt
2182 2176 2194 2212 :
2214 2158 2364 2213 Inter
2385 2158 2663 2221 homines,
2684 2157 2964 2223 inquiunt,
2985 2170 3109 2208 cum
3132 2154 3343 2207 viveret
3362 2150 3613 2206 divinum

2034 2246 2715 2316 Verbiun,discipulornm
2747 2245 2941 2299 electis
2971 2242 3496 2311 contemplationem
3530 2256 3617 2296 re-

2030 2338 2121 2408 gni
2150 2337 2244 2392 sui‘
2271 2347 2693 2409 antecepturus,
2741 2345 2947 2390 mutata
2981 2336 3123 2390 servi
3150 2334 3322 2388 forma
3349 2334 3401 2386 iu
3428 2343 3614 2388 monte

2032 2446 2199 2500 supra
2249 2430 2537 2484 hominum
2588 2439 2847 2484 naturam
2904 2428 3162 2499 apparuit
3218 2415 3294 2481 ita
3336 2435 3395 2479 ut
3444 2425 3616 2480 facies

2033 2525 2153 2591 ejus
2173 2524 2641 2578 lucememitteret
2661 2534 2719 2578 ut
2740 2524 2846 2586 sol,
2867 2531 3052 2576 vestes
3076 2532 3261 2575 autem
3278 2521 3396 2585 ejus
3419 2526 3478 2573 ut
3496 2520 3610 2572 lux.

2039 2615 2094 2668 Si
2130 2630 2258 2669 vero
2291 2626 2405 2669 tum
2452 2630 2653 2669 carnea
2681 2614 2805 2683 ejus
2835 2612 3008 2666 forma
3038 2620 3248 2666 tantum
3300 2611 3408 2663 vim
3454 2617 3616 2664 nacta

2038 2716 2179 2767 crat,
2203 2708 2407 2776 quippe
2433 2707 2722 2761 immutata
2746 2707 2800 2758 in
2828 2721 2948 2758 eam
2977 2720 3099 2774 qua:
3125 2706 3303 2757 inerat
3326 2702 3616 2766 deitatem,

2036 2799 2169 2868 quid
2205 2814 2344 2868 Opus
2378 2807 2464 2852 est
2494 2798 2682 2852 dicere
2711 2798 2777 2851 ad
2813 2796 3279 2851 resurrecuonem
3314 2803 3368 2846 et
3401 2796 3457 2847 in
3506 2807 3619 2848 coa-

2037 2891 2119 2944 los
2138 2890 2520 2945 ascensionem
2553 2899 2609 2944 et
2639 2889 2706 2943 ad
2738 2888 3026 2942 deitteram
3059 2884 3235 2939 Patris
3267 2884 3572 2939 sessionem
3599 2923 3616 2948 ,

2038 2984 2184 3053 quod
2217 2984 2444 3038 omnino
2478 2983 2658 3036 omnis
2687 2991 2771 3035 cst
2803 2982 3091 3034 immutata
3121 2978 3176 3031 in
3209 2977 3399 3032 lucem
3433 2974 3617 3028 infan-

2040 3076 2166 3131 dam
2197 3086 2253 3131 et
2296 3073 2783 3145 inexplicabilem?
2822 3087 2945 3126 nam
2982 3078 3289 3141 permutata
3319 3076 3406 3123 est
3436 3078 3489 3124 et
3519 3067 3624 3122 im-

366 3166 541 3218 ᾶνοδον
576 3166 672 3218 καὶ
701 3166 798 3236 τὴν
825 3169 890 3218 ὲκ
918 3165 1110 3229 δεξιῶν
1145 3168 1239 3219 τοῦ
1269 3167 1481 3236 Πατρὸς
1512 3168 1744 3237 ἵδρυσιν,
1777 3169 1856 3223 ὅτ’
1885 3166 1935 3233 ἐξ

2052 3169 2405 3222 mortalitatis
2440 3168 2616 3238 gloria
2634 3174 2848 3231 ornata,
2896 3175 2951 3219 et
3003 3163 3145 3218 facta
3192 3174 3278 3217 est
3313 3162 3621 3217 increatum

364 3258 490 3310 ὅλων
525 3260 620 3327 ὅλη
658 3258 1059 3327 μεταϐέϐληται
1091 3260 1180 3311 ἐπὶ
1214 3259 1326 3326 φῶς
1369 3259 1608 3327 ἄρρητον
1648 3260 1742 3312 καὶ
1772 3260 1936 3312 ἀνεκ·

2044 3269 2101 3314 et
2131 3259 2579 3329 iucorruptibile.

367 3356 652 3425 διήγητον;
716 3356 1220 3424 μεταμεμόρψωται
1274 3355 1405 3424 γὰρ,
1457 3356 1550 3407 καὶ
1600 3355 2060 3423 ἀπηθανάτισται,
2093 3355 2186 3407 καὶ
2218 3355 2473 3408 ἄκτιστον
2497 3355 2688 3423 γέγονε
2721 3353 2816 3406 καὶ
2849 3353 3148 3419 ἄφθαρτον.

430 3450 526 3504 1Δ¹.
582 3450 882 3515 ’Δκηκόιτε
914 3450 1011 3518 τὴν
1037 3447 1130 3499 ἐπὶ
1152 3446 1309 3513 κακῷ
1354 3448 1657 3518 συμφωνὴν
1691 3448 1784 3502 τοῦ
1820 3450 1932 3501 [Iat-

360 3545 509 3612 λαμᾶ
539 3542 668 3611 περί
702 3559 761 3594 τε
814 3539 909 3593 τοῦ
940 3542 997 3593 ὲν
1030 3540 1300 3610 Θαϐωρίῳ
1353 3540 1553 3607 φωτὸς.
1579 3541 1660 3592 ὅτι
1688 3557 1933 3609 μεταμε-

360 3637 648 3706 μόρφωται
706 3635 843 3704 πρὸς
868 3635 930 3686 ea
966 3635 1223 3687 ἇκτιστον
1256 3633 1319 3683 ὲκ
1351 3633 1443 3684 τοῦ
1482 3632 1806 3700 κτίσματος,
1839 3633 1934 3684 καὶ

354 3731 437 3779 ὅτι
466 3726 728 3797 ἀρραϐὼν
755 3723 851 3777 τοῦ
882 3723 1169 3794 μέλλοντος
1201 3723 1404 3775 οὑτωσὶ
1432 3723 1614 3790 φωτὸς
1664 3723 1929 3788 ἐγεγόνει.

353 3814 582 3885 Γνοὶητε
616 3814 661 3867 δ’
694 3814 759 3867 ἂν
788 3812 1185 3883 ἀκριϐέστερον
1244 3812 1338 3865 καί
1362 3812 1485 3865 ὅσον
1514 3812 1573 3863 τὸ
1601 3813 1699 3879 τῆς
1734 3814 1934 3876 κακίας

349 3907 590 3976 ταυτησὶ
640 3905 891 3974 μέγεθος,
957 3904 1180 3957 ἐπειδὰν
1237 3901 1334 3956 καὶ
1398 3904 1526 3965 τοὺς
1577 3902 1701 3955 κατ’
1765 3902 1936 3971 αὐτῆς

351 3999 616 4069 ἐλέγχους
650 3998 742 4067 ὑφ’
791 3998 948 4067 ἡμῶν
1005 3995 1330 4059 ὲκτεθὲντας
1388 3993 1680 4065 ἀκούσητε,
1719 3995 1939 4057 ὁποίους

350 4095 452 4147 καὶ
477 4096 635 4154 ὅσους
669 4093 718 4144 oi
746 4091 865 4143 τότε
924 4091 1078 4158 σοφοὶ
1142 4089 1242 4158 τῆς
1270 4087 1365 4141 τοῦ
1409 4087 1547 4141 Θεοῦ
1608 4088 1938 4156 Ἑκκλησίας

350 4187 688 4255 προστάται,
722 4184 901 4252 λόγοις
940 4185 1059 4253 ἅμα
1092 4183 1189 4234 καὶ
1230 4182 1411 4251 ἔργοις
1447 4181 1778 4253 ἐρρωμένως
1814 4182 1938 4249 ἐνη-

350 4281 648 4349 οληκότες.
679 4276 1089 4347 συνεγράψαντο
1127 4293 1186 4328 τε
1219 4279 1311 4328 καὶ
1344 4278 1475 4346 ἡμῖν
1504 4276 1616 4338 τοῖς
1654 4275 1770 4341 μετ’
1795 4274 1940 4326 ὲκεί-

352 4392 484 4436 νους
522 4372 660 4425 ἰοῦσι
687 4370 1001 4440 συμμαχίας
1054 4368 1608 4439 προεμνηστεύσαιτο
1636 4374 1937 4441 κρατίστης

352 4468 686 4536 ὑπόμνημα.
712 4463 1022 4535 Προῄδεσαν
1050 4462 1159 4534 γὰρ
1190 4463 1408 4523 ἐκεῖνοι,
1439 4462 1516 4531 τῷ
1550 4462 1677 4532 Οείῳ
1706 4463 1937 4529 φωτιζό-

2112 3447 2276 3526 463
2311 3447 2449 3503 XIV.
2486 3448 2679 3502 Nonne
2733 3445 2966 3501 audistis
3019 3441 3328 3511 improbam
3383 3437 3622 3520 Palaniaa

2041 3543 2464 3598 consensionem
2493 3542 2561 3596 de
2592 3541 2716 3596 luce
2746 3540 2800 3594 in
2828 3539 3074 3602 Thabor,
3100 3544 3471 3607 permutatam
3500 3549 3621 3589 eam

2039 3652 2161 3690 esse
2206 3638 2257 3689 in
2315 3636 2617 3688 increatum
2651 3650 2717 3688 ex
2768 3641 2979 3697 creato,
3004 3639 3059 3685 et
3113 3630 3313 3684 futura:
3350 3628 3489 3682 locis
3537 3628 3626 3697 pi-

2037 3744 2177 3798 gnus
2203 3728 2399 3781 laetam
2426 3728 2451 3780 Ἰ
2503 3726 2847 3795 cognoscetis
2890 3735 3071 3777 autem
3102 3720 3419 3776 accuratius
3455 3721 3625 3790 hujus

2034 3821 2406 3889 improbitatis
2450 3819 2881 3889 magnitudinem
2903 3857 2919 3882 ,
2953 3832 3076 3871 cum
3124 3813 3369 3883 ejusdem
3401 3826 3625 3866 accusa-

2040 3915 2220 3967 tiones
2281 3929 2308 3965 a
2363 3912 2527 3966 nobis
2589 3914 2867 3981 expositas
2938 3905 3258 3968 audieritis,
3326 3904 3517 3972 quales
3563 3910 3623 3956 et

2040 4019 2204 4074 quam
2249 4002 2400 4055 docti
2451 4002 2604 4056 illius
2655 3999 2924 4069 temporis
2964 3998 3247 4052 antistites
3293 3995 3495 4048 divina:
3522 3991 3625 4048 Ec-

2047 4095 2231 4150 clesia:
2281 4105 2337 4147 et
2378 4094 2548 4149 dictis
2589 4104 2646 4148 et
2694 4093 2852 4147 laetis
2894 4090 3113 4145 fortiter
3157 4095 3468 4159 pugnantes
3495 4099 3627 4139 con-

2046 4188 2372 4256 scripseriut
2418 4195 2474 4241 et
2523 4187 2690 4241 nobis
2738 4201 2863 4239 cum
2918 4184 3027 4239 illis
3093 4181 3512 4239 conferentibus
3552 4178 3622 4234 ad

2047 4280 2417 4334 ﬁrmissimam
2462 4278 2743 4349 pugnandi
2790 4278 3115 4332 societatem
3149 4275 3619 4331 commentarium

2046 4373 2383 4443 paraverint.
2402 4370 3058 4442 Praecognoverunteuim
3087 4369 3162 4423 illi
3193 4367 3383 4422 divino
3411 4366 3623 4437 Spiritu

2047 4467 2339 4521 illuminati
2397 4467 2451 4520 in
2484 4479 2730 4537 tempore
2784 4464 2979 4517 ordine
3036 4461 3429 4518 iconomachize
3482 4459 3627 4513 hanc

360 4579 518 4633 μενοι
575 4559 876 4628 Πνεύματι,
916 4560 1015 4626 τὴν
1070 4559 1125 4610 ὲν
1165 4556 1240 4627 τῷ
1293 4556 1437 4610 τέλει
1464 4556 1572 4609 τῶν
1597 4557 1812 4609 αἰώνων
1839 4556 1935 4624 τῆς

2047 4558 2518 4612 resuscitationem
2563 4573 2726 4626 quam
2809 4556 3053 4608 Palamas
3122 4552 3314 4621 genuit
3357 4549 3612 4619 protulit-

356 4651 750 4721 είκονομαχίας
807 4651 1107 4703 ἀναϐίωσιν
1155 4650 1406 4720 ταυτηνὶ,
1437 4649 1502 4719 ἦν
1534 4648 1800 4719 Παλαμᾶς
1845 4649 1943 4720 μὲν

357 4749 594 4816 ὡδίνησέ
627 4763 689 4798 τε
732 4745 826 4797 καὶ
883 4744 1093 4804 ἔτεκεν,
1135 4743 1192 4794 al
1222 4742 1279 4793 δὲ
1308 4740 1612 4811 τηνικαῦτα
1653 4741 1944 4811 ἡγεμονίαι

358 4843 458 4896 καὶ
498 4839 739 4905 ἐξουσίαι
767 4837 858 4891 τοῦ
898 4836 1168 4906 παρόντος
1218 4834 1411 4897 αἰῶνος
1447 4834 1545 4886 καὶ
1597 4835 1822 4897 σκότους
1854 4835 1945 4888 ἐπὶ

359 4934 591 5004 πονήρῳ
619 4931 727 4982 τῶν
781 4929 1025 4997 πατρίων
1059 4927 1344 4995 δογμάτων
1380 4926 1476 4994 τῆς
1513 4924 1605 4978 τοῦ
1636 4925 1771 4978 Θεοῦ
1825 4927 1945 4978 Ἐκ·

358 5027 597 5095 πλησίας
664 5022 1013 5091 ἁνειληφυῖαι
1072 5019 1258 5079 κακῶς
1318 5017 1679 5086 ἐμαιεύσλντό
1737 5035 1794 5070 τε
1851 5019 1947 5071 καὶ

360 5117 687 5185 ἐξέθρεψαν.
730 5109 831 5167 Ὧν
873 5109 954 5175 εἷς
1019 5109 1350 5182 προϐληθεὶς
1401 5109 1495 5161 ἐπὶ
1548 5109 1642 5162 τοῦ
1677 5108 1946 5178 παρόντος

361 5211 594 5280 ἀρκέσει
623 5209 928 5278 κάμνοντας
957 5206 1102 5274 ἡμᾶς
1122 5202 1458 5272 ἀναρρῶσαι,
1484 5200 1578 5254 καὶ
1600 5200 1715 5270 ἅμα
1744 5200 1947 5261 ίκανῶς

361 5308 420 5356 ἐν
456 5304 653 5371 βραχεί
720 5298 1074 5368 παραστῆσαι
1128 5296 1190 5347 τὸ
1245 5295 1342 5363 τῆς
1389 5294 1590 5356 κακίας
1647 5291 1946 5362 νεμόμενον

361 5402 539 5454 ἅπαν.
567 5399 727 5466 μέχρι
753 5395 919 5446 πόσου
952 5390 1049 5460 μὲν
1077 5389 1305 5449 ἀτοπίας
1328 5388 1580 5454 ἐξώκειλε
1604 5388 1746 5442 τότε.
1784 5385 1945 5455 μέχρι

362 5492 540 5543 πόσου
572 5487 628 5539 δὲ
654 5485 745 5538 νῦν
775 5488 1115 5556 προήνεγκεν
1152 5481 1404 5552 ηὐξηκὼς
1454 5480 1743 5549 Παλαμᾶί,
1779 5498 1947 5549 προσο

358 5581 552 5637 λαϐὼν
586 5580 682 5649 μὲν
710 5579 805 5641 τὰς
839 5576 1045 5632 ἐκεῖθεν
1075 5575 1389 5644 εὑρημένας
1427 5573 1603 5642 ῥίζας,
1646 5576 1741 5626 καὶ
1784 5589 1950 5641 προσ-

362 5670 687 5741 επενεγκὼν
733 5670 830 5732 τὰς
889 5667 1099 5722 οἴκοθεν
1168 5667 1548 5734 ἐφευρημένας
1598 5666 1948 5734 μιαρωτέρας

368 5767 699 5838 προφάσεις.
735 5764 1013 5831 Θεόδωρος
1069 5762 1178 5826 γὰρ
1208 5762 1235 5812 ό
1263 5759 1432 5821 πολὺς
1464 5760 1563 5822 μὲν
1608 5758 1945 5826 τὴνποςιίαν,

370 5860 541 5923 πολὺς
572 5859 625 5912 δὲ
653 5860 746 5912 καὶ
782 5857 875 5927 τὴν
920 5857 1300 5926 ἐμπεφυκυῖαν
1355 5856 1554 5923 ἀρετή-ι
1613 5869 1670 5904 τε
1705 5852 1795 5903 κχί
1828 5849 1948 5901 σύν-

2046 4664 2191 4720 que,
2226 4649 2458 4719 imperia
2484 4658 2668 4702 autem
2712 4646 2862 4699 illius
2914 4643 3183 4712 temporis
3223 4652 3279 4697 et
3326 4649 3629 4711 potestates

2046 4750 2252 4795 nostra:
2281 4740 2459 4794 aetatis
2486 4749 2542 4794 et
2574 4737 2827 4808 caliginis
2851 4735 2917 4790 ad
2950 4737 3259 4805 patriorum
3291 4733 3493 4788 divina:
3516 4733 3626 4786 Ec-

2046 4832 2229 4887 clesiae
2259 4831 2578 4901 dogmatum
2612 4828 2913 4898 perniciem
2948 4837 3201 4896 receptas
3247 4824 3460 4879 nefarie
3501 4839 3629 4878 sus-

2050 4925 2296 4979 tulerunt
2344 4933 2401 4978 et
2448 4922 2824 4977 nutriverunt.
2861 4919 3106 4986 Quorum
3162 4933 3307 4972 unus
3348 4917 3402 4970 in
3444 4917 3625 4971 aciem

2046 5027 2276 5072 vocatus
2312 5019 2414 5071 hoc
2460 5025 2704 5084 tempore
2748 5012 2987 5066 suiliciat
3034 5011 3424 5066 laborantibus
3465 5009 3629 5065 nobis

2048 5108 2369 5163 recreandis
2398 5116 2453 5161 et
2498 5108 2564 5158 ad
2615 5107 2765 5159 brevi
2813 5120 3033 5159 omnem
3078 5104 3475 5173 depascentem
3525 5102 3629 5157 im-

2048 5202 2382 5269 probitatem
2414 5198 2634 5251 aliunde
2668 5195 3081 5266 proponendam
3108 5236 3123 5262 ,
3154 5211 3264 5265 quo
3294 5195 3627 5264 ineptiarum

2052 5306 2182 5346 tunc
2215 5289 2505 5344 deﬂexerit
2533 5298 2587 5342 et
2620 5303 2731 5356 quo
2764 5302 2911 5342 nunc
2951 5287 3246 5356 protulerit
3286 5285 3493 5340 auCtim
3527 5283 3630 5338 Pa-

2048 5384 2222 5437 lamas
2243 5422 2256 5445 ,
2286 5382 2525 5451 receptis
2560 5379 2843 5434 radicibus
2872 5379 3002 5433 inde
3033 5378 3282 5434 inventis
3325 5391 3379 5433 et
3422 5376 3626 5431 additis

2052 5476 2272 5544 proprio
2317 5484 2489 5528 mat-te
2529 5472 2762 5544 repertis
2805 5473 3042 5542 impuris
3085 5473 3420 5527 rationibus.
3453 5468 3629 5524 Theo-

2049 5573 2218 5623 dorus
2262 5571 2409 5624 enim
2453 5568 2705 5623 doctrina
2746 5567 3020 5623 excellens
3059 5575 3114 5620 et
3156 5567 3357 5620 virtute
3385 5562 3621 5634 genuina

2051 5679 2307 5733 magnum
2334 5664 2387 5717 in
2410 5661 2850 5718 Iconomaclticis
2878 5646 3044 5732 ἥ,ςά
3072 5658 3475 5714 certaminibus
3508 5660 3626 5705 stu-

2050 5756 2202 5808 dium
2249 5756 2526 5821 ostendit,
2578 5765 2637 5810 ut
2684 5753 2739 5808 in
2791 5753 3079 5823 principiis
3128 5751 3324 5803 horum
3357 5747 3627 5799 librorum

2054 5850 2228 5904 fusius
2279 5862 2306 5901 a
2359 5850 2523 5904 nobis
2597 5848 2807 5903 dictum
2880 5854 2995 5911 est,
3047 5842 3209 5911 long:
3290 5838 3622 5893 acerrimqu
