4060 6204
510 331 617 397 till

1730 335 2151 396 NICEPHORI
2187 334 2573 398 CREGORIE

3650 327 3756 393 ΗΞ

509 459 735 518 ιηὀνιιτ
769 445 1090 517 religionem
1129 448 1371 502 animum
1417 447 1673 503 exhibuit
1709 459 1770 504 et
1825 451 2080 521 tyrannis

2193 468 2319 515 εσιν,
2341 432 2671 524 tamquam
2705 450 2942 521 σπουδὴν
2992 449 3050 504 ὲν
3083 450 3193 512 τοῖς
3217 447 3360 501 κατὰ
3396 446 3505 500 τῶν
3532 445 3754 500 Εἰκονο-

509 542 609 597 illo
644 551 891 609 tempore
938 548 1129 595 contra
1156 554 1349 593 sacras
1372 538 1639 609 imagines
1661 540 1972 595 furentibus
1994 555 2089 609 0p-

519 632 743 700 posuit,
792 646 823 685 a
866 630 1068 700 quibus
1112 630 1279 685 facies
1314 631 1439 700 ejus
1478 630 1752 702 descripta
1796 642 1882 688 est
1910 641 1965 687 et
1994 631 2089 689 de-

514 727 681 792 picta,
702 726 846 780 unde
878 723 1067 793 Grapti
1114 740 1311 779 nomen
1345 726 1507 792 tulit;
1536 742 1661 781 cum
1687 727 1939 797 plurimis
1960 726 2089 782 aliis

519 815 680 870 libris
731 817 819 869 Dei
874 815 1172 869 Ecclesiam
1204 818 1518 880 exornavit,
1544 826 1665 871 tum
1695 819 1776 872 eis
1813 817 2088 881 maxime,

513 921 656 976 quos
727 915 920 961 contra
983 907 1375 963 lconomachos
1423 908 1644 976 edidit;
1689 909 1744 964 in
1792 909 2082 964 historiam

512 997 766 1052 incidens
796 998 944 1053 illius
978 999 1131 1069 impii
1172 1000 1440 1065 Eusebii,
1488 1001 1584 1070 qui
1624 1003 1681 1057 in
1726 1002 1830 1057 hac
1876 1018 1935 1057 re
1976 1001 2092 1071 pri-

512 1103 661 1140 mum
708 1088 922 1143 obtinet
974 1090 1192 1152 locum,
1242 1102 1440 1160 praeter
1485 1090 1593 1146 alia
1636 1094 1754 1148 haec
1819 1092 2086 1149 disserit:

512 1180 661 1246 quod
714 1181 893 1235 lucem
945 1179 1225 1237 infandam
1273 1192 1329 1238 et
1372 1185 1818 1257 inexplicabilem
1873 1197 1929 1243 et
1975 1188 2090 1243 Deo

515 1276 700 1336 Verbo
724 1276 1006 1332 derentem
1035 1278 1250 1341 attinet.
1273 1278 1554 1336 illudendo
1582 1284 1793 1351 profert
1816 1279 2091 1337 Eusebius

522 1369 665 1421 servi
700 1368 931 1423 formam
964 1379 1329 1439 permutatam
1365 1388 1487 1429 esse
1531 1374 1588 1428 in
1635 1385 1823 1428 monte
1846 1416 1862 1441 ,
1908 1375 2088 1429 lucem

521 1475 684 1527 quam
718 1461 902 1517 nullus
933 1463 1126 1518 oculus
1154 1464 1328 1530 vidit,
1363 1466 1509 1520 nulla
1554 1467 1706 1521 auris
1750 1468 1995 1537 percepit
2034 1477 2092 1523 et

520 1567 642 1620 qua:
674 1551 728 1606 in
763 1553 965 1609 nullius
994 1553 1235 1611 hominis
1263 1571 1359 1611 cor
1383 1555 1685 1612 descendit.
1713 1558 1838 1614 Haec
1865 1558 2089 1614 Eusebii

526 1644 857 1708 suntverba,
889 1645 1093 1714 quibus
1137 1657 1300 1703 totam
1360 1662 1514 1703 suam
1544 1649 1775 1704 bmresiu
1810 1650 2090 1706 conﬂavit.

521 1733 642 1800 Quo
709 1752 838 1791 vero
915 1738 992 1793 illi
1045 1739 1160 1795 haec
1222 1741 1470 1796 doctrina
1520 1754 1579 1797 et
1625 1742 1819 1812 dogma
1868 1743 2089 1810 ﬂectat,

522 1840 684 1892 quam
730 1826 963 1881 maxime
992 1828 1186 1897 paucis
1232 1829 1518 1885 videamus
1541 1840 1598 1887 et
1644 1848 1766 1901 quae
1793 1833 2084 1903 qualisque

520 1914 593 1968 sit
622 1918 1046 1984 permutationis
1076 1921 1217 1975 ratio
1249 1922 1557 1992 disquirere
1590 1939 1879 1980 conemur.
1908 1925 2087 1982 Omne

518 2009 662 2075 quod
696 2020 1044 2077 pet-mutatur
1079 2024 1175 2067 aut
1206 2015 1586 2069 essentialiter
1617 2027 1994 2088 permutatur,
2034 2018 2088 2073 id

516 2101 662 2170 quod
693 2114 905 2171 spectat
935 2105 1000 2158 ad
1035 2117 1217 2161 ortum
1250 2117 1306 2162 et
1339 2123 1617 2173 occasum,
1668 2120 1764 2165 aut
1793 2111 2089 2181 particula-

517 2194 678 2258 riter.
708 2210 830 2264 qua:
883 2198 1027 2251 ratio
1060 2199 1261 2269 duplex
1290 2209 1393 2255 est.
1424 2202 1532 2256 Ant
1572 2203 1719 2256 enim
1760 2203 1827 2257 ad
1869 2204 2089 2274 quantio

520 2293 686 2338 tatem
734 2297 1102 2355 permittatur,
1151 2298 1211 2343 ut
1240 2292 1425 2346 auctio
1455 2301 1509 2346 ct
1539 2292 1862 2359 diminutio;
1896 2303 1992 2349 aut
2021 2295 2088 2349 ad

518 2377 881 2445 qualitatem,
910 2395 977 2434 ex
1012 2395 1119 2448 qua
1149 2383 1512 2454 consequitur
1540 2376 1795 2440 variatio.
1832 2385 1887 2440 Si
1923 2388 2091 2458 igitur

516 2468 585 2522 ad
624 2471 943 2537 qualitatem
985 2481 1292 2541 permutata
1335 2485 1453 2541 est,
1491 2476 1730 2532 adducta
1767 2489 1853 2534 est
1884 2480 1952 2534 ad
1985 2496 2081 2535 va-

517 2561 812 2615 riationem
838 2605 853 2625 ,
893 2578 1014 2632 qua:
1051 2573 1135 2618 est
1171 2565 1579 2637 transﬁguratio
1615 2570 1950 2626 characteris
1983 2573 2087 2627 ali-

519 2653 678 2721 cujus
703 2652 874 2708 autin
900 2670 957 2708 re
981 2655 1226 2726 subjecta
1256 2658 1485 2712 mutatio
1517 2659 1668 2716 ﬁnite
1698 2661 1860 2733 465
1888 2673 1985 2717 aut
2011 2664 2092 2718 in-

523 2745 674 2799 ﬁnite
700 2745 862 2812 facta,
882 2763 1004 2816 quin
1033 2749 1279 2804 ostendit
1311 2752 1524 2807 varium
1553 2762 1609 2808 et
1634 2753 1936 2810 diversum.
1971 2756 2089 2811 Non

519 2836 668 2889 cnim
709 2836 855 2890 aliud
902 2838 959 2891 ﬁt
997 2839 1144 2907 quod
1185 2840 1457 2905 variatur,
1497 2844 1702 2913 quippe
1743 2861 1853 2899 non
1897 2862 2093 2903 essen-

521 2930 726 2984 tialiter
764 2940 1135 2998 pcrmutatur,
1168 2932 1265 2986 sed
1293 2947 1358 2986 ex
1396 2935 1489 2988 tali
1524 2935 1667 2990 idem
1702 2938 1823 2992 talis
1853 2939 1919 2992 ad
1957 2955 2093 3008 qua-

513 3018 723 3073 litatem
764 3018 841 3071 ﬁt.
876 3018 993 3073 Non
1025 3021 1206 3085 omnis
1250 3022 1476 3076 omnino
1503 3034 1870 3094 permittatur.
1909 3029 2092 3100 subje-

519 3120 670 3162 ctum
707 3110 854 3162 enim
891 3110 1050 3179 plane
1102 3112 1305 3165 mansit
1359 3113 1653 3184 integrum.
1706 3116 1802 3171 Sin
1840 3134 1973 3172 vero
2022 3118 2089 3174 ad
2119 3134 2164 3195 ε

520 3199 919 3266 qnmtitatem,
956 3202 1268 3256 auctionem
1301 3206 1593 3274 qﬂamdam
1629 3218 1723 3262 aut
1771 3208 2094 3265 diminutio-

520 3304 646 3343 nem
698 3292 940 3360 recepit,
994 3291 1090 3347 sed
1146 3309 1214 3348 ne
1270 3294 1385 3349 haec
1439 3297 1661 3365 quidem
1720 3298 1869 3352 aliud
1926 3316 2090 3370 quam

524 3381 671 3453 quod
706 3382 774 3436 ab
812 3383 968 3437 initio
1002 3386 1188 3441 aderat
1221 3387 1500 3455 cilicium,
1534 3391 1629 3444 sed
1661 3406 1727 3445 ex
1765 3401 1917 3447 tanto
1948 3394 2090 3449 idem

522 3483 733 3528 tantum
765 3476 1067 3530 secundum
1094 3480 1458 3547 quantitatem
1487 3482 1743 3537 eﬁicitur.
1775 3484 1891 3538 Non
1924 3485 2091 3553 igitur

521 3567 626 3622 ltac
655 3567 866 3621 ratione
902 3569 1130 3623 omnino
1165 3572 1346 3624 omnis
1378 3571 1549 3627 forma
1583 3585 1951 3643 permittatur.
1986 3578 2095 3631 Re-

519 3666 628 3712 stat
665 3657 830 3728 igitur
861 3666 922 3711 ut
952 3658 1202 3715 dicamus
1235 3661 1302 3715 de
1335 3665 1741 3732 permutatione
1778 3682 1879 3737 per
1913 3683 1994 3735 se,
2035 3669 2089 3723 id

518 3761 640 3818 est,
678 3753 1051 3808 essentialiter
1086 3754 1263 3820 facta,
1311 3771 1419 3825 qua
1461 3773 1689 3814 necesse
1738 3770 1823 3814 est
1862 3777 1930 3815 ex
1968 3770 2092 3816 ortu

516 3845 573 3898 in
611 3860 872 3898 ος‹·;ιευιιι
903 3857 958 3899 et
1005 3862 1070 3898 ex
1103 3862 1226 3900 esse
1275 3846 1327 3901 in
1380 3865 1487 3903 non
1519 3865 1638 3905 esse
1681 3850 1933 3905 transire.
1985 3851 2091 3908 Sed

525 3937 956 4000 mortalitatem,
1009 3937 1228 4007 inquit,
1277 3938 1532 4008 deposuit
1572 3950 1629 3995 et
1680 3943 2090 4011 corruptionem

517 4030 714 4083 abluit.
746 4028 914 4092 Adde,
935 4030 976 4082 si
1004 4031 1175 4094 lubet,
1195 4034 1249 4085 in
1277 4032 1553 4087 invisibile
1576 4034 1775 4088 mutari
1796 4034 1978 4091 visibil
2005 4045 2095 4090 eet

516 4122 537 4176 ἱ
564 4142 574 4173 ι
606 4123 962 4191 intemporalc
988 4126 1305 4193 temporale,
1329 4135 1383 4179 et
1407 4136 1650 4179 creatum
1678 4127 1730 4179 in
1752 4126 2084 4197 increatum,

512 4223 577 4263 ct
614 4227 735 4279 quae
768 4211 873 4263 alia
906 4211 1177 4280 ejusmodi
1224 4212 1327 4267 sibi
1362 4214 1613 4282 opposita
1648 4222 1794 4269 sunt.
1834 4215 1941 4270 Sed
1981 4234 2091 4273 non

520 4301 913 4356 tnortalitatem
978 4302 1177 4371 aliquis
1225 4304 1529 4372 scripserit,
1580 4320 1681 4360 nec
1735 4308 2091 4379 transﬁgura-

515 4395 730 4448 tionem
767 4408 865 4463 per
901 4409 958 4448 se
986 4412 1000 4458 ;
1034 4411 1138 4448 non
1171 4396 1316 4449 enim
1344 4400 1463 4452 sine
1499 4413 1732 4467 corpore
1768 4416 1864 4469 per
1895 4418 1953 4458 se
1987 4421 2091 4459 un-

2192 544 2380 614 μάχων
2431 543 2639 611 ἀγῶσιν
2686 542 3100 611 ἐπιδειξάμενος
3138 541 3191 603 ἐς
3222 540 3281 593 τὸ
3328 538 3468 592 πάνυ
3493 555 3544 590 τι
3571 536 3763 598 κρατιο

2191 652 2335 698 στον,
2362 634 2440 698 ὡς
2462 635 2521 687 ἐν
2542 636 2664 697 ταῖς
2701 635 2898 704 ἀρχαῖς
2947 632 3059 685 τῶν
3088 622 3369 701 ἡμετέρων
3392 628 3560 683 τῶνδε
3586 627 3763 694 λόγων

2187 729 2324 798 ἡμῖν
2352 727 2418 781 τὰ
2472 728 2601 796 περὶ
2654 726 2821 780 αὑτοῦ
2869 724 3202 793 πλατύτερον
3261 722 3498 791 εἴρηται,
3542 720 3765 774 πάντων

2193 821 2431 891 μάλιστα
2454 820 2704 873 πλεῖστον
2729 817 3161 885 ἀντεισενεγκὼν
3196 815 3338 884 ὑπὲρ
3368 814 3648 873 εὐσεόείας
3672 810 3764 865 τὸν

2188 913 2377 984 ζῆλον,
2415 913 2512 968 καὶ
2564 912 2897 981 ἀντιστήσεις
2931 913 3043 973 τοῖς
3105 908 3225 961 τότε
3279 908 3419 961 κατὰ
3453 905 3560 957 τῶν
3601 903 3763 957 Θείων

2189 1006 2414 1059 εἰκόνων
2456 1006 2670 1074 μανεῖσι
2696 1002 3006 1074 τυράννοις,
3038 1000 3129 1069 ὑφ’
3158 991 3233 1052 ὧν
3264 999 3358 1051 καὶ
3382 997 3443 1049 τδ
3468 997 3765 1065 πρόσωπον

2189 1098 2503 1168 γέγραπταί
2560 1114 2620 1151 τε
2660 1095 2757 1150 καὶ
2794 1094 3062 1156 ἕστικται,
3128 1093 3222 1145 καὶ
3290 1089 3388 1160 τὴν
3439 1088 3765 1153 ἐπωνυμίαν

2189 1189 2439 1260 Γραπτὺς
2466 1187 2675 1242 ἐκεῖθεν
2709 1186 2929 1256 κληθεὶς
2955 1183 3325 1254 ἀπηνέγκατο,
3356 1181 3636 1241 πλείσταις
3664 1179 3766 1247 μὲν

2191 1280 2286 1335 καὶ
2323 1280 2511 1342 ἄλλαις
2538 1280 2711 1349 ἱεραῖς
2741 1276 2905 1331 αὐτοῦ
2939 1275 3145 1347 βίϐλοις
3186 1274 3287 1345 τὴν
3316 1272 3411 1326 τοῦ
3447 1270 3582 1324 θεοῦ
3638 1269 3765 1320 Ἑκ-

2190 1372 2420 1443 κλησὶαν
2449 1369 2791 1440 κεκόσμηκε,
2831 1369 3067 1439 μάλιστα
3103 1366 3149 1420 δ’
3180 1363 3267 1429 αἷς
3306 1366 3449 1420 κατὰ
3474 1363 3582 1417 τιῖιν
3608 1363 3767 1414 Elter.-

2190 1466 2441 1535 νομάχων
2490 1463 2725 1527 ἐξέθετο,
2787 1464 2900 1526 τοῖς
2934 1461 3370 1533 συγγράμμασιν
3415 1455 3763 1524 ἐντυγχάνων

2188 1558 2282 1612 τοῦ
2322 1559 2442 1610 τότε
2495 1558 2562 1609 τὰ
2620 1556 2810 1625 πρῶτα
2876 1555 3134 1624 φέροντος
3189 1555 3247 1604 ὲν
3298 1552 3475 1618 λόγοις
3531 1547 3762 1608 ἀσεϐοῦς

2191 1650 2453 1705 Εὑσεόίου
2478 1666 2490 1681 ³
2516 1651 2574 1703 ὲν
2608 1644 2695 1711 αἷς
2721 1650 2788 1700 τά
2818 1665 2874 1700 τε
2907 1647 3042 1698 ἄλλα
3076 1646 3170 1698 καὶ
3215 1645 3340 1697 τάδε
3370 1642 3612 1706 διέξεισι.
3648 1641 3764 1691 K1-

2192 1741 2615 1812 τακομψεύεται.
2670 1740 2854 1809 φησιν.
2924 1737 3187 1800 Εὺσέϐιος
3240 1737 3331 1789 ἐπὶ
3369 1734 3482 1801 φῶς
3522 1733 3766 1801 ἅρῤητον

2190 1836 2283 1890 καὶ
2307 1836 2695 1905 ἀνεκδιήγητον
2718 1833 2781 1906 μ’.
2808 1832 2914 1887 242
2959 1830 3013 1904 a]
3052 1831 3147 1884 καὶ
3175 1829 3254 1898 τῷ
3292 1827 3411 1896 Θεῷ
3441 1826 3598 1895 Λόγῳ
3630 1826 3766 1896 πρέ-

2189 1946 2289 2000 πον
2337 1927 2435 2000 τὴν
2481 1926 2576 1981 τοῦ
2621 1924 2810 1981 δούλου
2850 1921 3294 1993 μεταῦεσλῆσϐαι
3355 1917 3571 1989 μορφὴν
3598 1920 3656 1969 ὲν
3690 1916 3770 1986 τῷ

2188 1998 2329 2092 opst,
2391 1998 2531 2093 ipim.
2566 2020 2703 2087 ὅπερ
2757 2017 3038 2087 ὀφθαλμὸς
3083 2014 3186 2067 οὐκ
3241 2009 3374 2075 εἶδε,
3429 2011 3522 2063 καὶ
3546 2008 3638 2070 οὓς
3665 2009 3771 2061 οὐκ

2189 2109 2414 2177 ἤκουσε,
2445 2110 2539 2162 καὶ
2568 2109 2661 2163 ἐπὶ
2690 2106 2911 2179 καρδίαν
2934 2106 3221 2176 ἀνθρώπου
3252 2108 3353 2159 οὐκ
3385 2104 3575 2174 ἀνέϐη.
3605 2104 3715 2156 Καὶ
3742 2105 3771 2156 ὁ

2193 2201 2291 2270 μὲν
2318 2201 2580 2254 Εὑσεόίου
2610 2200 2769 2267 λόγος
2794 2197 3037 2261 τοιοῦτος
3060 2200 3154 2252 καὶ
3194 2197 3367 2260 οὕτως
3401 2196 3564 2266 ἔχων,
3585 2195 3683 2249 καὶ
3711 2193 3774 2246 τὸ

2191 2294 2299 2346 πᾶν
2328 2294 2477 2363 αὐτῷ
2517 2291 2748 2347 ἐνταῦθα
2785 2291 2887 2360 τῆς
2910 2289 3171 2351 ἀσεϐείας
3201 2290 3497 2359 ἐξήρτηται
3518 2304 3535 2319 ’
3559 2288 3684 2340 ὅποι
3723 2286 3775 2339 δ’

2192 2385 2339 2454 αὑτῷ
2367 2387 2523 2456 φέρει
2547 2387 2615 2439 τὰ.
2642 2387 2740 2457 τῆς
2778 2386 2976 2456 καινῆς
3010 2383 3223 2452 ταύτης
3284 2380 3632 2443 διδασκαλίας
3671 2382 3777 2435 καὶ

2191 2485 2284 2531 τοῦ
2317 2478 2607 2545 δόγματος,
2644 2478 2721 2541 ὡς
2756 2477 2834 2530 ἔνι
2897 2477 3156 2546 μάλιστα,
3194 2474 3603 2544 συντομώτερον
3644 2488 3777 2524 σκε-

2189 2568 2442 2641 ψώμεθα,
2476 2570 2570 2622 καὶ
2620 2569 2801 2629 ὁποῖος
2833 2568 2894 2640 δὴ
2935 2571 3032 2623 καὶ
3089 2568 3238 2629 ὅστις
3268 2568 3295 2619 ὁ
3324 2566 3422 2634 τῆς
3460 2563 3772 2635 μεταϐολῆς

2190 2662 2412 2729 τρόπος,
2453 2659 2856 2728 ἐπισκέψασθαι
2890 2656 3310 2730 πειρασώμεθα.
3355 2657 3471 2709 Πᾶν
3506 2654 3566 2707 τὸ
3599 2670 3775 2722 μετα·

2194 2754 2521 2823 ϐαλλόμενον
2550 2753 2581 2823 ἢ
2609 2753 2728 2805 κατ’
2783 2751 2971 2804 οὐσίαν
3019 2748 3434 2819 μεταϐάλλεται,
3472 2746 3499 2798 ὃ
3538 2745 3602 2815 δὴ
3640 2744 3775 2813 περὶ

2193 2847 2409 2914 γένεσιν
2445 2846 2538 2901 καὶ
2570 2844 2776 2914 φθορὰν
2826 2844 3121 2915 θεωρεῖται
3144 2860 3158 2874 ·
3200 2841 3232 2910 ἢ
3285 2840 3428 2895 κατὰ
3463 2856 3514 2891 τι
3548 2838 3656 2890 τῶν
3716 2839 3778 2889 ὲν

2194 2939 2364 3007 αὐτῷ,
2399 2936 2679 2993 καὶτοῦτο
2708 2934 2871 3005 διχῶς
2895 2950 2909 2966 ⁸
2943 2935 2975 3005 ἦ
3005 2936 3115 3004 γὰρ
3139 2934 3279 2988 κατὰ
3300 2932 3466 2985 ποσὸν
3497 2928 3776 3000 μεταϐάλ-

2193 3033 2363 3095 λεται,
2399 3032 2535 3084 καθδ
2584 3031 2618 3099 ἡ
2665 3027 2893 3097 αὔξησις
2928 3030 3024 3080 καὶ
3059 3029 3092 3098 ἡ
3127 3026 3357 3096 μείωσις
3394 3024 3692 3085 δείκνυται,
3739 3020 3775 3089 ἦ

2197 3122 2339 3173 κατὰ
2366 3119 2428 3171 τὸ
2450 3118 2622 3185 ποιὸν,
2650 3116 2709 3184 ἐξ
2732 3110 2792 3171 οὗ
2823 3116 3149 3185 ἐμφαίνεται
3182 3114 3216 3184 ἠ
3247 3112 3553 3173 ἀλλοίωσις.
3582 3109 3644 3162 Ei
3670 3109 3776 3180 μὲν

2199 3209 2290 3262 οὖν
2336 3208 2476 3262 κατὰ
2529 3209 2588 3261 τὸ
2634 3207 2805 3262 ποιὸν
2845 3205 3271 3277 μεταϐέϐληται,
3338 3202 3624 3272 κεκίνηται
3668 3200 3776 3270 μὲν

2201 3303 2336 3371 πρὸς
2363 3302 2674 3377 ἀλλοίωσινι
2707 3301 2740 3369 ἡ
2789 3299 2843 3353 δέ
2894 3299 3009 3351 ἐστι
3050 3292 3571 3366 μετασχηματισμὸς
3600 3309 3781 3364 χαρα-

2201 3393 2400 3464 κτῆρός
2424 3410 2570 3456 τινος
2600 3392 2632 3463 ἢ
2662 3391 2810 3446 κατά
2842 3400 2894 3443 τι
2930 3389 3036 3442 τῶν
3068 3387 3159 3440 τοῦ
3201 3386 3559 3456 ὑποκειμένου
3590 3381 3706 3454 πρά
3720 3398 3775 3451 {-

2201 3502 2371 3556 ματος
2394 3482 2688 3555 ἐξαλλαγὴ,
2715 3481 2996 3552 χωριστῶς
3028 3480 3060 3551 ἢ
3093 3477 3406 3550 ἀχωρίστως
3433 3476 3775 3546 ὲπισυμϐαί-

2200 3592 2387 3628 νουσα.
2427 3573 2611 3643 Ἀπερ
2638 3572 2849 3624 ἀλλοῖον
2883 3570 2983 3640 μὲν
3008 3573 3103 3621 καὶ
3151 3568 3408 3637 διάφορον
3458 3565 3548 3618 τοῦ
3579 3565 3781 3636 προτέ-

2203 3682 2295 3736 ρου
2321 3664 2614 3731 δείκνυσιν,
2646 3663 2705 3716 οὐ
2742 3662 2847 3733 μὴν
2870 3661 2927 3715 δέ
2958 3678 3020 3728 γε
3052 3661 3181 3715 ἄλλο
3227 3677 3280 3712 τι
3300 3660 3359 3711 τὸ
3390 3658 3779 3724 ἀλλοιούμενον

2199 3757 2575 3827 ἀπεργάζεται
2600 3771 2615 3787 ο
2646 3757 2706 3808 οὐ
2733 3753 2840 3824 γὰρ
2871 3752 3144 3815 οὑσιωδῶς
3208 3750 3530 3821 μετέϐαλεν,
3566 3749 3681 3802 ἀλλ’
3710 3750 3777 3803 ἐκ

2199 3848 2406 3902 τοιοῦδε
2445 3847 2535 3900 τὸν
2566 3845 2729 3901 αὐτὸν
2758 3844 2960 3900 τοιόνδε
3013 3843 3155 3897 κατὰ
3185 3842 3245 3895 τὸ
3302 3842 3456 3895 ποιδν
3514 3840 3776 3909 γενέσθαι

2201 3938 2493 4008 πεποίηκε.
2527 3935 2702 3990 Τοῦτο
2730 3935 2774 3989 δ’
2800 3935 2899 3989 οὐκ
2920 3934 3068 3987 ἔστιν
3106 3932 3166 3998 ὲξ
3216 3932 3353 3987 ὅλων
3385 3931 3506 3987 ὅλον
3541 3929 3779 4003 μεταϐε-

2199 4031 2429 4101 ϐλῆσθαι
2450 4045 2464 4060 ⁸
2491 4033 2550 4083 τὸ
2580 4029 2688 4098 γὰρ
2717 4026 3076 4098 ὑποκείμενον
3112 4026 3375 4096 ὑπομένει
3413 4027 3635 4087 πάντως
3669 4042 3780 4078 σω·

2199 4122 2446 4192 ζόμενον.
2476 4123 2537 4174 ΕΞ
2558 4120 2613 4173 δὲ
2644 4120 2786 4174 κατὰ
2816 4119 2875 4172 τὸ
2897 4120 3085 4182 ποσὶν,
3121 4107 3349 4188 αὔξησίν
3383 4135 3509 4171 τινα
3538 4118 3570 4188 ἦ
3605 4117 3781 4188 μείωο

2201 4233 2285 4269 σιν
2313 4214 2549 4280 ἐδέξατο.
2592 4211 2734 4267 Ἀλλ’
2777 4212 2897 4266 οὐδὲ
2947 4211 3121 4265 ταῦτα
3174 4211 3303 4267 ἄλλο
3349 4228 3404 4264 τι
3443 4212 3597 4280 παρὰ
3627 4210 3688 4262 τὸ
3714 4210 3779 4276 ἐξ

2198 4308 2372 4379 ἀρχῆς
2424 4306 2671 4377 ὑπάρξαν
2713 4306 2877 4373 ποιεῖ,
2931 4304 3046 4357 ἀλλ’
3092 4307 3157 4359 ὲκ
3215 4303 3435 4357 τοσοῦδε
3484 4303 3576 4356 τὸν
3607 4303 3777 4355 αὐτὸν

2162 4414 2169 4421 ‘
2198 4397 2411 4451 τοσόνδε
2434 4395 2574 4451 κατὰ
2594 4397 2655 4450 τὸ
2676 4395 2910 4467 πηλίκον
2934 4396 3190 4463 γενέσθαι
3213 4392 3536 4462 πεποίηκεν.
3559 4393 3779 4448 Οὐκοῦν

514 4502 685 4557 quam
724 4486 1005 4556 apparuit.
1032 4486 1150 4541 Non
1182 4487 1329 4541 enim
1364 4489 1560 4544 albedo
1594 4502 1688 4546 aut
1721 4492 1939 4562 nigritia
1969 4496 2088 4551 sine

2195 4489 2315 4543 οὐδὲ
2346 4489 2488 4543 κατά
2535 4487 2727 4542 τοῦτον
2754 4488 2847 4541 τὸν
2896 4486 3100 4559 τρόπον
3140 4486 3197 4552 ἐξ
3245 4485 3383 4539 ὅλων
3409 4484 3504 4553 ὅλη
3541 4482 3780 4552 μεταδὲ-

514 4579 803 4633 substrata
857 4578 1214 4632 constabunt.
1264 4578 1459 4633 Forma
1509 4591 1568 4636 et
1615 4582 1788 4637 iacies
1838 4600 1986 4654 non,
2034 4594 2094 4639 ut

522 4672 680 4726 iticce
710 4679 901 4741 putat,
950 4670 1004 4723 in
1053 4670 1276 4725 deitatis
1327 4681 1577 4728 naturam
1643 4676 1933 4731 immutata
1986 4687 2090 4732 est.

517 4760 641 4817 Non
674 4777 833 4831 posse
867 4760 973 4817 hoc
1009 4761 1147 4823 ﬁeri,
1180 4763 1291 4832 jam
1324 4773 1483 4817 antea
1525 4766 1731 4821 dictum
1772 4780 1858 4824 est
1890 4780 1944 4824 ct
1988 4782 2094 4826 tes-

521 4864 669 4907 tatur
718 4855 918 4909 veritas
951 4855 1066 4923 ipsa
1116 4870 1182 4908 ex
1212 4865 1470 4910 accurata
1524 4860 1847 4915 tractatione
1901 4875 2087 4915 rerum

520 4955 774 4999 naturam
808 4956 862 4999 et
887 4943 1051 5017 466
1073 4945 1390 5014 dogmatum
1412 4949 1702 5003 veritatem
1732 4966 1892 5019 quam
1922 4950 2095 5006 veris-

518 5039 658 5092 sime
683 5045 738 5091 et
758 5037 931 5091 ﬁrmis
965 5037 1090 5090 ime.
1113 5035 1219 5091 Sed
1249 5039 1666 5109 transﬁguratus
1680 5051 1786 5107 est,
1817 5042 2017 5112 inquit,
2040 5052 2094 5098 et

527 5129 856 5183 immortalis
896 5130 1072 5183 factus
1106 5142 1162 5185 ct
1203 5131 1622 5202 incorruptibile
1667 5143 1722 5189 et
1765 5135 2093 5191 inercatum.

524 5219 1006 5290 Transﬁguratum
1052 5228 1110 5273 et
1159 5223 1469 5280 immortale
1517 5224 1718 5280 factum
1763 5242 1966 5297 corpus
1999 5238 2095 5282 aut

533 5312 762 5375 mansit,
799 5322 893 5367 aut
928 5328 1035 5367 non
1073 5314 1295 5370 mansit.
1334 5314 1389 5371 Si
1427 5315 1665 5383 mansit,
1694 5333 1829 5372 vana
1869 5318 2093 5373 Eusebii

527 5404 708 5457 oratio
747 5403 1179 5472 deprehenditur
1222 5414 1279 5458 et
1314 5405 1521 5461 nullius
1550 5408 1811 5463 momenti
1842 5408 1962 5463 erit.
1999 5409 2093 5465 Sin

521 5512 638 5551 non
675 5496 912 5562 mansit,
943 5509 1054 5550 non
1088 5495 1536 5567 transﬁguratum
1569 5510 1653 5554 est
1680 5516 1781 5555 nec
1814 5499 2096 5555 immorta-

520 5589 733 5643 litatem
767 5597 822 5642 et
853 5588 1326 5658 incorruptionem
1359 5593 1570 5659 recepit
1604 5607 1783 5659 neque
1826 5592 2090 5655 habebat,

520 5678 579 5731 in
604 5679 750 5748 quod
784 5678 1291 5749 transﬁguraretur.
1334 5679 1524 5750 Neque
1558 5681 1842 5752 eratquod
1873 5684 2093 5736 immor-

526 5770 792 5826 talitatem
840 5769 1112 5837 indueret,
1135 5787 1258 5826 cum
1306 5768 1516 5826 non‘sit
1557 5772 1741 5839 locus,
1770 5773 1822 5829 in
1850 5791 1955 5844 quo
1980 5776 2091 5829 lucc

2199 4583 2392 4652 ὄληται
2442 4583 2476 4652 ή
2533 4582 2737 4654 μορφή.
2799 4581 3061 4640 Λείπεται
3111 4574 3204 4633 οὖν
3238 4578 3420 4646 λέγειν
3449 4576 3575 4631 καθ’
3600 4577 3778 4647 αὐτὴν

2198 4674 2662 4744 μεταϐεϐλῆσθαι,
2686 4691 2751 4725 πε
2762 4674 2815 4744 pi.
2846 4673 2942 4742 τὴν
2969 4673 3155 4726 οὐσίαν
3183 4672 3402 4742 δηλαῧὴ,
3426 4670 3499 4732 ὡς
3524 4670 3776 4738 ἀνάγκην

2194 4758 2337 4817 εἶναι
2373 4764 2556 4817 πᾶσαν
2595 4763 2660 4814 ἐκ
2693 4762 2962 4830 γενέσεως
3004 4762 3082 4822 είς
3125 4759 3333 4829 φθορὰν
3360 4760 3454 4811 καὶ
3492 4757 3585 4810 τοῦ
3616 4757 3773 4819 ὄντος

2195 4859 2274 4920 εἰς
2304 4856 2366 4908 τὸ
2396 4854 2658 4925 μηδαμῶς
2689 4850 2830 4907 εἶναι
2860 4854 3258 4924 κεχωρηκέναι.
3302 4850 3466 4904 Ἀλλὰ
3515 4850 3618 4920 τὴν
3644 4852 3743 4917 Θνη

2193 4949 2412 5018 τότητα,
2463 4948 2650 5017 φησιν,
2710 4945 3022 4999 ἀπεδύσατο
3064 4944 3158 4997 καὶ
3189 4938 3289 5014 τ’ὴν
3341 4941 3550 5014 φθορὰν
3584 4941 3773 4993 ἀπενί-

2193 5039 2353 5110 ψατο.
2386 5037 2648 5111 Πρόσθες,
2676 5039 2723 5091 εί
2762 5037 2962 5106 βούλει,
3001 5037 3083 5089 δτι
3116 5034 3213 5088 καὶ
3248 5035 3327 5097 είς
3357 5033 3418 5086 ea
3448 5033 3684 5103 ἀόρατον
3709 5031 3770 5083 τὸ

2193 5130 2389 5200 ὁρατὸν
2424 5129 2635 5200 μέτεισι
2681 5130 2776 5181 καὶ
2810 5129 2890 5191 εἰς
2945 5127 3007 5179 τὸ
3040 5126 3269 5198 ἄχρονον
3318 5126 3380 5178 τὸ
3412 5124 3519 5177 ὑπὸ
3549 5124 3767 5193 χρόνου,

2194 5224 2290 5278 καὶ
2309 5221 2371 5276 τὸ
2398 5221 2610 5275 κτιστδν
2633 5221 2713 5283 είς
2737 5221 2797 5271 τὸ
2822 5220 3101 5284 ἄκτιστον,
3134 5218 3230 5271 καὶ
3253 5218 3355 5270 ὅσα
3377 5215 3512 5270 ἄλλα
3541 5212 3771 5266 τοιαῦτα

2195 5314 2515 5368 ἀντίκειται.
2560 5311 2699 5363 ’Δλλ’
2722 5311 2783 5363 οὗ
2807 5313 2907 5381 τὴν
2943 5309 3248 5381 θνητότητά
3274 5325 3357 5371 τις
3391 5307 3598 5376 γράφει
3646 5302 3769 5357 οὐδὲ

2194 5407 2290 5477 τὴν
2333 5406 2760 5476 μεταμὸρφωσιν
2791 5405 2961 5475 αὐτὴν
2993 5404 3117 5456 καθ’
3149 5402 3325 5471 αὑτήν
3346 5417 3361 5433 ⁶
3404 5401 3467 5453 οὐ
3503 5399 3617 5467 γὰρ
3641 5398 3767 5452 ἄνευ

2198 5500 2445 5569 σώματος
2472 5499 2557 5567 ἐφ’
2589 5499 2791 5566 ἑαυτήν
2819 5514 2947 5549 ποτε
2998 5494 3437 5565 ϐεωρηθήσεται,
3468 5492 3595 5543 ἐπεὶ
3638 5488 3769 5559 μηδὲ

2193 5592 2451 5661 λευκότης
2497 5590 2860 5662 ἠμελανότης
2907 5588 3272 5659 ὑποκειμένου
3325 5586 3449 5656 δίχα
3475 5584 3769 5637 ὑποσταῖεν

2194 5681 2277 5733 ἄν.
2316 5680 2409 5741 Ὠς
2440 5680 2547 5747 γὰρ
2574 5679 2633 5731 οὐ
2667 5677 3068 5749 μεταϐέϐληται
3099 5679 3130 5746 ἡ
3167 5675 3350 5747 μορφὴ
3374 5672 3557 5743 ἐκείνη
3590 5674 3684 5725 καὶ
3709 5670 3767 5722 τὸ

2197 5769 2334 5837 εἶδος
2370 5773 2446 5836 εἰς
2478 5773 2731 5840 θεότητος
2770 5771 2950 5841 φύσιν,
2984 5768 3058 5834 ὡς
3082 5763 3236 5833 οὗτος
3273 5766 3482 5836 νομίζει
3509 5765 3625 5834 (καὶ
3659 5761 3764 5829 γὰρ
