4060 6204
342 325 453 390 417

1280 331 1724 393 BYZAN'NNE
1764 329 2151 390 IIlS'I‘ORlJE
2185 332 2327 393 LIII.
2368 333 2634 394 ΧΧΧιν.

3494 340 3597 408 418

347 450 489 519 ορᾷν
560 450 657 502 καὶ
702 451 835 519 ὅσην
874 451 1035 516 αὐτὸς
1081 453 1374 520 πεποίηται
1428 452 1525 522 τὴν
1577 450 1927 521 προσθήκην,

2055 447 2240 512 ictum,
2290 450 2545 518 equidem
2595 460 2842 507 extremo
2895 466 3118 524 recepto
3158 459 3390 514 cadaver
3420 475 3600 515 tnenm

350 538 562 612 βλάστῃ
599 541 836 611 βλάστην
891 543 1137 612 ἐφευρὼν
1187 545 1278 596 καὶ
1330 544 1565 611 ἀνομίαν
1614 540 1929 609 ἐπενεγκὼν

348 633 580 702 ἀνομίᾳ.
613 635 713 685 Ἢν
742 635 799 687 δέ
845 651 897 686 τι
931 638 1025 690 καὶ
1059 635 1196 703 πρὸς
1227 634 1612 700 ἐντελεστέραν
1646 633 1928 703 ἀντίληψιν

344 721 435 775 ἔτι
496 723 754 792 λείπηται
787 765 799 786 ,
857 728 965 793 ἐγὼ
1020 725 1243 793 λοιπὸν,
1293 746 1312 778 ι
1378 728 1580 797 φησὶν,
1645 726 1928 781 ἀναλαϐὼν

348 818 452 870 καὶ
486 817 581 869 νῦν
617 818 875 889 θρηνήσω
896 818 987 872 τὸν
1014 820 1209 889 νεκρόν
1242 833 1379 889 μου’
1423 821 1535 887 ἐγὼ
1564 821 1659 874 καὶ
1694 819 1929 874 κλαύσο-

354 924 463 974 μαι
497 909 713 975 πικρῶς
745 911 834 961 ἐπὶ
864 912 925 963 τὸ
968 910 1284 980 σύντριμμα
1316 911 1410 963 τοῦ
1446 912 1635 979 γένους
1663 929 1790 980 μου,
1830 929 1930 964 κα-

348 998 607 1068 τεπᾴδων
642 1002 736 1053 καὶ
762 1002 1130 1071 προσεπάγων
1159 1002 1229 1056 τὰ
1263 1007 1326 1057 ἐκ
1358 1004 1468 1056 τῶν
1504 1004 1664 1057 θείων
1700 1005 1930 1073 Γραφῶν

346 1088 652 1158 φάρμακα,
686 1091 780 1142 καὶ
823 1091 995 1144 ταῦτα
1019 1098 1304 1161 προσάντη
1331 1093 1658 1164 δυσχέρειαν
1700 1093 1837 1162 ἔχων
1868 1093 1929 1145 οὐ

348 1179 503 1245 μάλα
550 1197 602 1232 τι
636 1182 841 1249 σφόδρα
890 1185 1245 1255 ἠγνοημένην
1276 1186 1428 1253 ὑμῖν.
1484 1185 1593 1237 Καὶ
1638 1186 1819 1238 τοίνυν
1840 1185 1930 1237 ἐπὶ

344 1272 449 1337 τὴν
484 1273 588 1336 τῆς
634 1276 1116 1345 μεταμορφώσεως
1165 1279 1474 1348 πανήγυριν
1533 1280 1755 1345 μέτειμι
1821 1277 1918 1330 νῦν

348 1362 447 1410 καὶ
479 1363 646 1425 αὐτὸς
684 1364 751 1416 δι’
784 1366 951 1435 ὑμᾶς,
992 1367 1193 1435 λογικῷ
1245 1368 1563 1438 φραγγελίῳ
1602 1367 1933 1436 τελεώτερον

347 1454 451 1514 τὰ;
498 1454 877 1526 θεοκαπὴλους
932 1459 1206 1524 ἐξελάσων
1273 1460 1530 1513 κάκεῖθεν
1590 1460 1933 1530 βωμολοχίας

349 1544 452 1597 τοῦ
494 1545 799 1610 δυσσεϐοῦς
851 1549 1111 1619 Παλαμᾶ,
1149 1552 1272 1603 ἐπεὶ
1311 1552 1406 1604 καὶ
1440 1552 1607 1613 αὐτὸς
1630 1553 1730 1617 τὴν
1761 1552 1933 1621 αὐτὴν

355 1636 558 1706 ἑορτὴν
595 1639 895 1708 ἐποιήσατο
931 1641 1208 1710 πρόφασιν
1233 1641 1334 1707 τῆς
1358 1640 1523 1694 αὑτοῦ
1558 1644 1780 1705 κακίας,
1810 1659 1935 1694 σκο-

351 1732 535 1791 τεινὸς
566 1731 696 1799 περὶ
728 1731 788 1783 τὸ
821 1730 937 1799 φῶς
967 1733 1145 1784 έκεῖνο
1168 1732 1310 1786 κατὰ
1340 1734 1464 1795 τοὺς
1506 1733 1932 1802 Εἰκονομάχους,

351 1819 429 1881 ὡς
461 1818 714 1891 ἕφθημεν
737 1822 1040 1890 εἰρηκότες,
1069 1823 1360 1891 γενόμενος
1377 1824 1469 1876 καὶ
1493 1823 1679 1888 αὐτὸς,
1704 1823 1799 1875 καὶ
1816 1825 1935 1885 ταῖς

354 1910 645 1973 είωθυίαις
701 1913 850 1981 αὐτῷ
899 1912 1260 1983 βωμολοχίαις
1300 1931 1360 1965 τε
1415 1916 1511 1967 καὶ
1545 1914 1935 1983 συκοφαντίαις

353 2001 617 2070 έμδαλὼν
646 2005 739 2054 καὶ
770 2003 920 2064 αὐτὸ,
954 2005 1049 2056 καὶ
1081 2004 1199 2073 ἅμα
1228 2004 1405 2063 ὁπόσα
1459 2006 1588 2075 περὶ
1622 2005 1791 2059 αὑτοῦ
1829 2009 1935 2059 τῶν

354 2093 539 2159 ἁγίων
569 2094 618 2146 οἱ
645 2093 867 2157 πλείους
906 2096 1225 2166 εἰρήκεσαν,
1258 2096 1348 2150 τὸν
1375 2097 1562 2149 ἐνόντα
1593 2096 1936 2166 διεφθαρκὼς

354 2185 486 2237 νοῦν
523 2184 621 2237 καὶ
658 2186 1045 2256 ἀνατετροφὼς
1083 2189 1110 2239 6
1151 2187 1277 2240 νοῦν
1317 2188 1414 2241 καὶ
1443 2188 1646 2256 φρένας
1680 2188 1935 2258 διάστρο-

355 2295 458 2346 φος
484 2278 584 2331 καὶ
614 2279 796 2332 πάντα
842 2280 1022 2349 πάντη
1046 2278 1368 2349 διεφθορώς,
1406 2282 1499 2334 καὶ
1550 2282 1938 2353 παραπλήσιον

354 2369 505 2440 δρῶν
538 2371 634 2423 καὶ
662 2370 826 2433 αὐτὸς
858 2372 971 2433 τοῖς
1015 2388 1075 2423 τε
1120 2372 1470 2441 νυκτικόραξι
1518 2372 1614 2425 καὶ
1658 2376 1937 2445 νυκτερίσι

357 2462 454 2515 καὶ
483 2464 610 2525 ταῖς
666 2462 893 2530 γλαυξίν
916 2479 931 2493 ’
964 2463 1040 2527 ώς
1069 2463 1178 2533 γὰρ
1204 2464 1367 2516 ταυτὶ
1401 2464 1469 2517 τά
1516 2463 1681 2534 ὄρνεα
1715 2464 1809 2519 τὸν
1840 2466 1938 2535 μὲν

360 2554 449 2607 τοῦ
484 2556 691 2617 παντὸς
716 2554 1019 2625 ὀφθαλμὸν,
1047 2555 1137 2608 τὸν
1159 2554 1253 2607 τοῦ
1282 2555 1535 2625 οὐρανίου
1567 2556 1774 2609 πέπλου
1797 2557 1939 2624 λέγω

365 2643 622 2715 λυχνίτην
644 2646 819 2717 ἥλιον,
847 2645 1025 2716 ὄψεων
1056 2647 1245 2716 ἀτονία
1273 2647 1494 2716 βλέπειν
1520 2649 1657 2709 ὅλως
1686 2649 1745 2700 οὐ
1774 2648 1938 2701 δυνά-

366 2748 504 2802 μενα
526 2735 592 2786 τὸ
633 2735 731 2803 μὲν
759 2734 875 2803 φῶς
908 2737 1124 2805 ἡγεῖται
1154 2738 1367 2798 σκότος,
1400 2735 1463 2787 τὸ
1488 2735 1544 2786 δὲ
1576 2735 1768 2798 σκότος
1798 2736 1935 2803 φῶς,

365 2823 507 2879 οὕτω
532 2825 669 2896 δῆτα
702 2827 796 2879 καὶ
844 2826 1004 2889 αὐτὸς
1033 2826 1159 2888 τοὺς
1195 2829 1296 2896 τῆς
1343 2825 1584 2889 διανοίας
1613 2824 1799 2889 τόνους
1846 2842 1937 2878 κε·

369 2917 708 2988 κλασμένους
740 2919 878 2987 ἔχων
903 2918 998 2970 καὶ
1046 2919 1251 2988 σφόδρα
1280 2918 1554 2988 ἀδρανεῖς,
1588 2919 1680 2969 καὶ
1707 2919 1792 2970 διὰ
1820 2919 1943 2972 σκό-

372 3027 495 3072 τους
523 3009 621 3063 ίὼν
650 3010 915 3080 ἀμαθίας,
950 3010 1088 3082 συλᾷ
1114 3012 1206 3064 καὶ
1241 3011 1559 3082 διαστρέφει
1601 3012 1739 3083 πρὸς
1774 3012 1838 3063 τὺ
1868 3012 1943 3062 οἱα

376 3104 519 3155 κεῖον
545 3102 737 3165 σκότος
766 3103 803 3154 Γ
809 3104 989 3174 ραφῆς
1019 3104 1239 3173 ἀπάσης
1275 3104 1473 3173 αὐγὴν,
1515 3104 1640 3155 ἐπεὶ
1666 3104 1745 3174 μὴ
1798 3104 1945 3156 ἀντι-

379 3196 595 3251 ϐλέπειν
614 3197 751 3259 ὅλως
776 3198 856 3260 είς
885 3197 945 3250 τὸ
964 3197 1062 3267 τῆς
1087 3195 1349 3267 ἀληθείας
1384 3197 1499 3265 φῶς
1532 3197 1566 3265 ἡ
1591 3194 1947 3264 νυκτερινοὺς

378 3287 638 3356 ἄντικρυς
666 3284 981 3353 ὀφθαλμοὺς
1006 3284 1323 3354 κεκτημένη
1350 3284 1695 3348 κακότροπος
1722 3283 1947 3335 δύναται

376 3378 654 3450 νυκτερίς.
690 3376 832 3446 Ἐγὼ
875 3377 973 3446 μὲν
1011 3375 1106 3429 οὖν
1136 3377 1254 3430 πῶν
1284 3376 1453 3430 πάλαι
1505 3376 1706 3445 βίϐλων
1730 3375 1831 3444 τῆς
1857 3375 1952 3427 αὐο

2034 539 2616 608 (lcploraboequidcm
2644 545 3072 601 lamentabiliter
3107 548 3247 604 flebo
3265 554 3604 621 generismei

2036 632 2337 697 interitum,
2369 635 2547 689 allatis
2581 653 2649 691 ex
2685 635 2891 692 divinis
2917 640 3137 707 scriptis
3168 643 3455 707 remediis,
3488 661 3603 698 rem
3674 672 3683 689 ι

2035 723 2317 777 molestam
2374 741 2427 779 et
2459 726 2618 798 471
2676 730 2838 784 nobis
2896 734 3268 801 percognitam
3322 747 3601 805 expertus.

2033 814 2218 883 Itaque
2269 819 2763 888 trausfigurationis
2810 823 3184 879 laudationem
3229 830 3517 897 aggredior
3551 841 3608 885 et

2033 905 2299 959 orationis
2323 905 2535 975 flagello
2569 908 2766 964 fortius
2793 913 2956 966 vilem
2988 914 3266 981 religionis
3325 933 3613 987 meroeuae

2034 995 2172 1047 rium
2206 995 2330 1050 inde
2363 998 2649 1054 detrudam
2688 1002 2960 1056 Palamam
2993 1004 3143 1058 illum
3184 1007 3433 1075 impium.
3469 1010 3606 1064 Cum

2035 1086 2210 1155 ipsum
2242 1088 2435 1144 festum
2471 1093 2797 1154 instituerit,
2825 1111 2935 1163 quo
2964 1096 3296 1165 impietatem
3326 1118 3479 1154 suam
3514 1104 3610 1156 de-

2034 1178 2300 1247 fenderet,
2344 1198 2518 1237 czecus
2551 1184 2641 1238 ille
2673 1183 2851 1238 factus
2877 1195 2982 1252 est,
3028 1198 3087 1241 ut
3118 1189 3184 1242 de
3226 1191 3610 1246 leonomaclris

2033 1278 2191 1325 antea
2217 1273 2475 1336 diximus,
2500 1276 2563 1328 ad
2589 1277 3022 1345 cognoscendam
3043 1280 3215 1333 lucem
3247 1282 3417 1346 i.lam,
3443 1301 3607 1350 quam

2034 1361 2231 1415 vilitati
2260 1379 2368 1432 qua
2397 1375 2513 1418 erat
2540 1376 2594 1419 et
2623 1368 3004 1421 obtrectationi
3057 1370 3375 1426 immiscuit.
3408 1356 3609 1442 Atqrc,

2035 1456 2180 1523 quod
2214 1456 2278 1509 de
2312 1470 2380 1509 eo
2416 1468 2732 1510 sanctorum
2767 1458 3015 1527 plerique
3040 1460 3319 1525 dixerunt,
3371 1477 3611 1518 mentem

2035 1559 2140 1612 qua
2171 1554 2288 1598 erat
2311 1547 2553 1615 perdidit
2575 1547 2887 1617 evertitque
2912 1532 3015 1603 ille.
3048 1551 3260 1604 ratione
3290 1561 3454 1621 atque
3491 1555 3615 1605 ani-

2036 1650 2126 1687 mo
2148 1645 2341 1706 captus
2365 1647 2422 1693 et
2448 1641 2675 1694 omnino
2703 1640 2970 1709 dejectus,
3000 1641 3238 1711 fecitque
3264 1644 3406 1711 quod
3437 1644 3615 1699 simile

2039 1738 2125 1782 est
2178 1729 2360 1783 corvis
2420 1732 2707 1785 nocturnis
2740 1740 2795 1785 ct
2850 1734 3085 1788 noctuis.
3141 1734 3614 1799 Quemadmodum

2041 1820 2186 1875 enim
2242 1837 2371 1875 aves
2429 1822 2534 1876 illae
2584 1823 2769 1876 mundi
2806 1825 3049 1887 oculum,
3112 1842 3306 1894 nempe
3352 1828 3524 1881 solem
3558 1828 3614 1881 in

2042 1913 2183 1967 ccelo
2217 1913 2493 1968 lucentem
2527 1913 2751 1968 visionis
2782 1914 3102 1970 infirmitate
3129 1932 3355 1972 cernere
3387 1920 3615 1973 omnino

2043 2020 2152 2059 non
2184 2016 2435 2074 possunt,
2466 2014 2520 2059 el
2549 2007 2727 2060 lucem
2759 2022 2858 2076 pro
2889 2008 3122 2078 caligine
3156 2017 3206 2063 et
3247 2025 3347 2078 pro
3376 2010 3497 2064 luce
3527 2026 3618 2064 ea-

2045 2095 2270 2163 Iiginem
2295 2095 2530 2158 ducunt,
2571 2098 2647 2149 ita
2678 2097 2767 2150 ille
2792 2097 2980 2152 fractis
3012 2099 3182 2152 animi
3211 2101 3399 2155 nervis
3434 2110 3487 2154 et
3517 2100 3615 2153 ile-

2044 2186 2274 2240 bilitatis
2305 2200 2406 2255 per
2436 2186 2737 2240 inscientiae
2761 2188 3050 2257 caliginem
3077 2188 3335 2241 incedens
3362 2190 3427 2242 ad
3458 2205 3613 2243 suam

2044 2277 2333 2347 caliginem
2371 2277 2672 2345 Scriptura:
2730 2278 2901 2333 totius
2960 2278 3265 2332 claritatem
3305 2280 3505 2350 deripit
3559 2284 3620 2333 et

2043 2368 2301 2432 devertit,
2334 2383 2459 2423 cum
2490 2369 2715 2422 omnino
2749 2384 2857 2423 non
2896 2371 3143 2437 aspicere
3172 2370 3416 2424 veritatis
3437 2371 3616 2426 lucem

2046 2475 2171 2514 cum
2216 2460 2502 2514 nocturnis
2549 2460 2724 2514 oculis
2753 2460 2916 2514 fallax
2966 2470 3165 2515 noctua
3199 2471 3398 2530 potest.
3453 2462 3623 2527 Equi-

2049 2552 2168 2605 dem
2201 2567 2333 2605 vero
2353 2567 2419 2605 ex
2450 2552 2728 2606 veteribus
2754 2552 2910 2605 libris
2934 2554 3055 2622 ejus
3082 2553 3383 2621 impietatis
3410 2570 3622 2609 memor

2047 2657 2355 2712 perpaucos
2409 2643 2463 2696 in
2500 2643 2960 2711 disceptationem
3018 2644 3299 2698 interdum
3343 2662 3619 2702 vocaram.

2049 2734 2542 2789 leonmnacborum
2592 2736 2735 2788 enim
2782 2734 2946 2805 472
3004 2736 3244 2791 Ιιαξτεείη
3293 2737 3619 2805 jamdudum

2052 2828 2287 2881 imitanti
2322 2825 2387 2879 ad
2438 2825 2798 2882 offensionem
2864 2827 2952 2880 ille
2985 2826 3204 2881 occasio
3260 2827 3401 2880 facta
3429 2837 3531 2891 est,
3567 2838 3624 2884 et

2049 2919 2230 2974 statim
2263 2918 2592 2987 caliginosos
2621 2918 2797 2973 edidit
2825 2919 2999 2973 libros
3028 2904 3098 2972 de
3134 2919 3258 2974 luce
3302 2919 3620 2991 inscriptos.

2048 3008 2382 3064 Permultam
2411 3007 2571 3060 nobis
2593 3017 2649 3061 et
2672 3008 3008 3064 adversariis
3037 3010 3396 3079 scriptoribus
3427 3011 3625 3065 silvam

2054 3104 2327 3156 refutandi
2364 3101 2597 3172 praebuit
2651 3107 2703 3156 et
2762 3101 2870 3155 illis
2908 3101 3255 3171 temporibus
3310 3115 3365 3156 et
3416 3114 3627 3173 tempo-

2054 3207 2173 3245 rum
2207 3192 2469 3261 deinceps
2502 3190 2830 3252 intervallis,
2864 3190 2937 3245 ita
2968 3200 3027 3245 ut
3049 3207 3168 3261 qua:
3196 3192 3339 3260 apud
3371 3207 3467 3247 vos
3498 3208 3628 3246 nar-

2056 3283 2169 3338 ravi
2192 3284 2390 3337 veteris
2418 3283 2562 3337 illius
2595 3282 2889 3352 impietatis
2917 3284 3076 3352 pauci
3105 3292 3317 3338 tantum
3347 3300 3635 3340 commen-

2060 3375 2183 3427 tarii
2213 3374 2344 3429 sint.
2368 3392 2388 3425 ι

374 3475 467 3530 τοῦ
496 3476 847 3546 μεμνημένος
896 3475 1119 3541 κακίας,
1169 3474 1346 3544 μικρὰ
1413 3474 1632 3543 μικροῖς
1690 3470 1975 3525 ὲδεδώκειν
2038 3470 2285 3538 ἐλέγχοις
2335 3469 2544 3523 ένίοτε’
2598 3471 2660 3521 ἐκ
2715 3469 2914 3522 πολλοῦ
2965 3471 3074 3542 γὰρ
3132 3475 3341 3544 μιμητῇ
3387 3471 3632 3541 γεγονότι

374 3569 564 3639 τάνδρί⁵
608 3569 708 3636 τῆς
745 3567 854 3620 τῶν
889 3567 1281 3638 Είκονομάχων
1351 3566 1618 3637 αἱρέσεως
1685 3566 1834 3627 λίθος
1879 3565 2029 3636 αὐτῷ
2068 3566 2501 3637 προσκόμματος
2555 3567 2804 3633 ἐγεγόνει
2838 3566 2899 3619 τὸ
2948 3567 3064 3637 φῶς
3096 3569 3302 3620 ἐκεῖνον
3346 3573 3439 3621 καὶ
3485 3569 3633 3646 μάλα

377 3661 483 3731 μὲν
527 3664 840 3725 σκοτεινοὺς
859 3662 1021 3721 εὐθὺς
1045 3660 1140 3714 καὶ
1166 3658 1330 3722 αὐτὸς
1354 3656 1685 3727 ἐξηρεύξατο
1716 3656 1778 3728 [f.
1800 3655 1975 3728 ειια]
2016 3657 2207 3725 λόγους
2246 3657 2375 3727 περὶ
2403 3656 2580 3726 φωτὸς
2635 3656 2969 3726 ἐπιγράψας,
3014 3658 3157 3726 μάλα
3188 3657 3231 3709 δ’
3269 3658 3398 3727 ημῖν
3430 3658 3633 3726 πολλὴν

372 3758 620 3829 παρέσχε
643 3760 743 3829 τὴν
767 3757 900 3829 ὓλην
923 3758 982 3823 ἐξ
1010 3756 1340 3827 ἀντιῤῥόπου
1407 3754 1719 3823 γράφουσιν
1784 3754 2035 3824 ἐλέγχειν
2075 3753 2239 3808 αὐτὸν
2264 3752 2573 3822 τηνικαῦτά
2597 3769 2655 3806 τε
2697 3753 2789 3807 καὶ
2829 3754 2968 3808 κατὰ
2996 3752 3341 3822 διαστήματα
3369 3751 3633 3821 διηνεκῶς

377 3854 595 3908 ἐκεῖθεν
622 3853 874 3926 καιρικὰ,
899 3854 975 3919 ὡς
1004 3850 1141 3908 εἷναι
1168 3855 1264 3906 καὶ
1292 3849 1470 3904 ταῦτα
1499 3850 1536 3905 ἆ
1558 3850 1655 3904 νῦν
1686 3850 1774 3919 ἐφ’
1834 3850 1989 3919 ὑμῶν
2033 3869 2125 3922 μοι
2153 3851 2410 3914 διεξιέναι
2473 3855 2873 3921 συμπέπτωκε,
2911 3851 3011 3919 τῆς
3041 3850 3209 3903 πάλαι
3234 3851 3434 3912 κακίας
3462 3846 3631 3903 αὐτοῦ

379 3951 559 4022 μικρά
584 3968 702 4003 τινα
735 3950 1127 4022 ὑπομνήματα.

446 4044 553 4098 lZ'.
594 4021 927 4112 'All&.<pépe
961 4048 1055 4097 καὶ
1114 4043 1207 4097 νῦν
1263 4043 1355 4096 τὸν
1409 4042 1727 4114 παράνομον
1779 4040 1957 4093 ἁνελί·

376 4138 576 4205 ξαντες
608 4137 817 4188 ἐκεῖνον
860 4134 1049 4202 τόμον,
1077 4134 1177 4197 τὰς
1209 4136 1338 4197 νέας
1390 4134 1524 4203 ἡμῖν
1560 4131 1957 4200 παρανάγνωτε

379 4225 736 4296 βλασφημίας
787 4223 975 4285 αὑτοῦ,
1011 4223 1216 4285 ὁπόσας
1266 4222 1331 4292 δὴ
1367 4223 1464 4274 καὶ
1497 4220 1617 4281 οἵας
1669 4221 1773 4271 κάν
1818 4218 1957 4287 τῷδε

377 4319 512 4389 περὶ
537 4319 637 4384 τῆς
670 4316 763 4369 τοῦ
801 4315 1010 4386 Κυρίου
1053 4313 1421 4383 διεξεληλύθει
1450 4307 1957 4382 μεταμορφώσεως,

378 4412 472 4465 ἴνα
509 4410 604 4462 καὶ
641 4408 809 4478 ἄμφω
842 4406 1176 4477 σαφέστερον
1196 4405 1438 4476 γνῶμεν,
1468 4404 1590 4458 τίνα
1646 4404 1766 4455 ποτ’
1810 4400 1962 4471 αὐτῴ

2130 4034 2291 4091 XVII.
2329 4033 2435 4088 Sed
2473 4033 2706 4103 agedum
2748 4033 2966 4087 evoluto
3000 4032 3283 4104 illcgitimo
3329 4036 3629 4104 volumine,

2064 4144 2236 4185 novas
2261 4127 2424 4181 nobis
2455 4127 2575 4196 ejus
2608 4125 2980 4195 blaspltetnias
3017 4125 3201 4196 legite,
3236 4139 3468 4197 quantas
3498 4147 3637 4200 qua-

2061 4223 2250 4292 Iesque
2278 4223 2380 4274 hoc
2405 4235 2626 4289 quoque
2657 4218 2797 4273 libro
2818 4218 2885 4271 de
2910 4218 3126 4272 Domini
3157 4221 3637 4291 trausliguratione

2065 4310 2370 4382 protulerit,
2404 4309 2475 4362 ita
2512 4319 2570 4363 ut
2596 4317 2889 4378 utrumque
2924 4307 3055 4362 illud
3088 4312 3398 4367 accuratius
3433 4328 3642 4384 cogno-

2064 4393 2323 4458 scamus':
2364 4410 2421 4457 et
2446 4416 2612 4471 quam
2635 4402 2962 4471 qualemque
2996 4412 3128 4457 aetas
3167 4419 3287 4473 quae
3327 4420 3516 4459 omnes
3550 4420 3638 4460 res

384 4506 479 4558 καὶ
511 4502 705 4557 ὁποίαν
738 4501 1025 4572 εἴργασται
1049 4498 1150 4569 τὴν
1180 4497 1471 4553 ἀλλοίωσιν
1502 4500 1530 4552 ό
1580 4497 1761 4550 πάντα
1788 4493 1947 4549 κινῶν

2070 4493 2424 4548 transformat
2469 4502 2525 4547 et
2564 4502 2843 4563 permutat
2888 4493 3134 4547 effecerit
3187 4492 3549 4549 variationem
3581 4504 3636 4549 et

384 4596 483 4645 καί
518 4589 875 4660 μεταϐάλλων
905 4588 1119 4659 χρόνος,
1149 4587 1245 4639 καὶ
1291 4587 1542 4658 ὁποτέρῳ
1584 4586 1744 4656 μέρει
1780 4586 1962 4654 φέρων

385 4686 599 4739 ἐκεῖθεν
628 4685 988 4756 προσένειμεν
1011 4674 1165 4745 οὗτος
1195 4681 1383 4749 αὑτὸν,
1413 4682 1564 4736 δυοῖν
1596 4699 1650 4734 τε
1674 4681 1848 4734 ὄντοιν
1876 4679 1963 4731 ἀεὶ

387 4780 487 4833 καὶ
517 4778 595 4847 τῷ
627 4777 726 4847 βίῳ
763 4774 1004 4846 δημοσίᾳ
1043 4773 1588 4843 ἐμπολιτευομένων,
1625 4771 1716 4824 τοῦ
1751 4787 1811 4823 τε
1858 4770 1966 4839 χεί-

390 4887 570 4941 ρονος,
600 4862 643 4934 ᾧ
693 4866 862 4921 πάλαι
919 4864 1102 4935 φέρων
1131 4861 1301 4923 αὐτὸς
1329 4861 1522 4914 ἑαυτὸν
1547 4856 1829 4941 ἐθελοντὴν
1862 4872 1966 4909 πα-

393 4938 621 5027 ρέσχετο
655 4951 978 5024 λατρευτὴν,
1022 4950 1117 5004 καὶ
1151 4943 1221 5002 αὖ
1282 4947 1376 5001 τοῦ
1427 4945 1718 5017 βελτίονος,
1750 4938 1810 4996 οὗ
1864 4962 1967 5011 φυσ-

388 5049 531 5116 γάόα
558 5048 654 5100 καὶ
680 5045 955 5116 δραπέτην
985 5041 1183 5109 ἔδειξεν
1202 5039 1484 5109 ἐθελοντὴν
1506 5038 1715 5091 ἐκεῖθεν
1743 5036 1966 5089 ἑαυτόν.

401 5142 570 5194 Ἀλλὰ
605 5136 890 5207 λεληθέναι
923 5151 1015 5204 μοι
1053 5133 1319 5187 δοκεῖκαὶ
1359 5132 1389 5184 ό
1417 5131 1606 5201 χρόνος
1650 5132 1810 5193 αὐτὸς
1839 5132 1969 5183 ἑαυ-

389 5236 507 5297 τὸν,
543 5232 642 5302 τὴν
669 5229 865 5307 έαυτοῦ
903 5227 1109 5297 μᾶλλον
1156 5225 1318 5288 αὐτὸς
1354 5222 1691 5294 περιτρέψας
1732 5222 1971 5275 ἐνταῦθα

394 5327 560 5396 φύσιν
593 5324 625 5393 ἢ
654 5323 752 5392 τὴν
778 5320 872 5373 τοῦ
905 5319 1142 5388 Παλαμᾶ
1187 5315 1407 5370 κακίαν.
1439 5315 1529 5385 Τῷ
1560 5316 1670 5386 γὰρ
1716 5312 1974 5377 καθάπαξ

393 5420 477 5479 εἰς
514 5415 682 5483 βάθος
736 5410 1125 5482 ὲμπεπτωκότι
1186 5406 1374 5461 κακῶν
1420 5407 1772 5476 παγχάλεπον
1830 5400 1973 5458 εἶναι

395 5508 601 5581 ῥαδίως
628 5506 1016 5576 παλινδρομεῖν
1044 5503 1100 5565 ἐς
1132 5502 1192 5554 τὸ
1245 5500 1386 5553 πάνυ
1417 5517 1469 5553 τι
1505 5498 1737 5568 βέλτιον,
1781 5500 1975 5551 εὐκτὸν

391 5603 439 5654 δ’
498 5598 565 5651 ἂν
621 5592 689 5667 ἧν
742 5598 789 5648 εἰ
844 5597 938 5648 καὶ
969 5594 1231 5665 βραχεῖαν
1284 5591 1383 5661 τὴν
1411 5592 1475 5644 ὲκ
1508 5590 1603 5644 τοῦ
1633 5590 1880 5660 χείρονος
1924 5593 1978 5641 ὲ-

394 5695 612 5747 ποιεῖτο
634 5690 909 5756 ἀνάδυσιν,
946 5687 1143 5743 ὁπόθεν
1169 5685 1288 5740 ἐστὶ
1315 5684 1406 5738 καὶ
1448 5682 1651 5751 ὁτῳοῦν
1688 5682 1978 5752 ἀρχομένῳ

398 5786 558 5847 ἐλπὶς
593 5783 691 5853 ὀψὲ
736 5783 866 5853 γοῦν
894 5784 950 5847 ἐς
1003 5780 1095 5834 τὸν
1144 5775 1347 5848 μεταξῦ
1394 5776 1487 5829 τοῦ
1523 5774 1763 5845 χείρονός
1792 5789 1851 5826 τε
1887 5774 1980 5826 καὶ

2067 4583 2174 4637 utri
2218 4585 2356 4651 parti
2400 4583 2490 4636 illa
2522 4598 2647 4637 eum
2685 4583 2971 4652 adiecerit.
3002 4583 3140 4636 Nam
3164 4599 3231 4637 ex
3263 4584 3476 4639 duabus
3510 4601 3635 4653 quae

2067 4679 2117 4728 in
2146 4674 2364 4744 publica
2390 4673 2499 4728 vita
2529 4684 2756 4744 regnant
2777 4672 3192 4729 conditionibus
3215 4674 3474 4731 deteriori
3504 4677 3638 4733 olim

2066 4777 2261 4838 sponte
2288 4783 2347 4822 se
2375 4768 2602 4822 dederat
2639 4767 2975 4830 ministrum,
3026 4765 3272 4823 melioris
3304 4770 3638 4842 transfugam

2067 4862 2329 4916 lubenter
2367 4876 2426 4915 se
2456 4860 2710 4930 praebuit.
2768 4858 2874 4913 Sed
2913 4859 3087 4914 oblita
3121 4875 3241 4916 sese
3269 4877 3390 4917 esse
3423 4864 3641 4918 videtur

2071 4961 2203 5007 actas
2238 4968 2363 5005 cum
2413 4952 2578 5006 citius
2623 4966 2774 5005 suam
2809 4952 3137 5019 perverti-rit
3175 4962 3449 5019 naturam,
3479 4972 3643 5025 quam

2072 5040 2307 5094 Palamze
2332 5042 2690 5110 impietatem.
2720 5040 2939 5094 Etenim
2972 5043 3171 5110 cuique
3206 5043 3411 5098 homini
3473 5049 3678 5103 semel‘

2077 5132 2131 5185 in
2188 5130 2486 5200 impietatis
2523 5133 2840 5186 barathrum
2874 5134 3023 5202 lapso
3053 5132 3271 5189 diﬂicile
3320 5148 3405 5190 est
3441 5139 3643 5192 reverti

2074 5221 2140 5274 ad
2184 5221 2468 5275 meliorem
2523 5231 2749 5274 statum.
2802 5220 3114 5290 Optandum
3167 5234 3287 5278 erat
3334 5226 3380 5278 si
3440 5228 3523 5280 vel
3579 5229 3645 5281 ad

2077 5313 2244 5368 breve
2284 5322 2502 5381 tempus
2530 5329 2598 5367 ex
2633 5314 2815 5383 pejore
2850 5314 3219 5368 ri-surrexerit
3249 5317 3648 5388 qualiscunque

2077 5407 2146 5459 ab
2179 5405 2336 5458 initio
2368 5420 2494 5473 spes
2522 5414 2661 5469 erat,
2688 5404 2906 5457 tandem
2940 5405 3103 5476 473
3144 5406 3200 5461 ἰη
3256 5418 3460 5462 statum
3497 5412 3642 5465 inter

2081 5496 2361 5551 meliorem
2407 5507 2461 5550 et
2490 5497 2731 5567 peiorem
2765 5498 3027 5567 positum,
3084 5500 3166 5552 vel
3198 5503 3385 5570 parvis
3424 5512 3479 5557 et
3522 5518 3654 5557 con-

2083 5590 2250 5644 tinuis
2282 5590 2529 5644 motibus
2574 5589 2759 5648 factis.
2803 5590 2919 5645 fore
2974 5590 3235 5646 reditum.
3291 5592 3480 5662 Neque
3504 5595 3650 5647 enim

2082 5680 2317 5733 arduum
2340 5694 2464 5733 cum
2500 5682 2772 5750 profundo
2805 5697 2906 5735 nec
2941 5696 3064 5734 cum
3097 5682 3252 5751 nigro
3276 5682 3458 5734 album
3492 5681 3654 5739 facile

2084 5771 2405 5842 conspirant
2465 5774 2518 5828 in
2572 5791 2761 5842 unum,
2812 5773 3131 5844 priusquam
3194 5772 3439 5827 medium
3490 5784 3656 5829 nacta

3688 596 3693 621 l
