4060 6204
267 289 368 356 421

343 405 416 460 B'.
457 404 597 472 Πρὸς
625 401 800 456 ταῦτα
851 403 880 453 ὁ
915 402 1200 471 Γρηγορᾶς
1253 401 1613 470 ἀποκρίνεται
1649 395 1845 450 οὑτωσί
1876 400 1920 453 Α

267 514 388 559 πως
405 495 596 550 εἰπών·
629 495 762 547 Ἰδοὺ
781 495 876 546 καὶ
891 494 984 545 νῦν
1005 496 1032 546 ὁ
1047 494 1332 560 “check,
1349 492 1422 554 ὡς
1440 492 1627 560 ὁρᾶτε,
1647 489 1844 542 Θέωσιν

269 595 366 644 καὶ
400 589 635 657 Θεότητα
661 586 1044 655 ,συμπεραίνει
1077 583 1311 637 ἐνταῦθα
1362 586 1424 635 τὸ
1460 581 1576 647 φῶς
1613 581 1708 647 τῆς
1745 595 1847 648 μεα

267 681 700 752 ταμορφώσεως,
760 681 854 732 καὶ
913 679 1059 730 δυοῖν
1107 675 1362 745 Θάτερον,
1413 675 1448 744 ἢ
1489 671 1846 742 μετουσίωσιν

272 777 370 844 τῆς
400 775 490 828 τοῦ
521 775 702 840 Λόγου
744 771 1002 840 θεότητος
1034 770 1128 822 καὶ
1164 768 1477 839 μεταϐολὴν
1526 766 1664 834 πρὸς
1693 765 1852 830 ὑφει-

273 868 434 934 μένον
463 866 554 916 καὶ
586 862 964 916 ἀνυπόστατον
989 859 1127 928 φῶς,
1155 859 1189 928 ἢ
1217 857 1320 926 τῆς
1356 857 1448 910 τοῦ
1477 855 1668 908 δούλου
1712 870 1845 924 μορ-

271 958 377 1026 φῆς
421 956 734 1018 ἀλλοίωσινν
768 953 843 1017 ὡς
888 953 1240 1022 εἰρήκειμεν,
1299 951 1378 1011 είς
1426 949 1681 1002 ἇκτιστον
1728 946 1844 1012 φῶς

272 1050 362 1100 καὶ
393 1047 660 1114 δευτέραν
685 1046 786 1113 τῆς
813 1044 1044 1113 πρώτης
1069 1043 1322 1095 ἁνούσιον
1356 1039 1608 1107 Θεότητα.
1645 1038 1788 1090 ’Δλλ’
1818 1039 1845 1090 ὁ

273 1141 370 1209 μὲν
397 1141 526 1208 περὶ
576 1139 766 1191 τούτου
798 1137 958 1204 λόγος
1006 1136 1184 1206 βραχύ
1223 1153 1276 1188 τι
1323 1131 1718 1201 ἁναϐεϐὶήσοω
1757 1148 1847 1199 μοι

269 1234 402 1293 τέως
428 1247 442 1260 ⁸
482 1233 666 1284 ἐκεῖνο
707 1231 766 1282 δέ
813 1247 906 1298 μοι
961 1228 1272 1298 θαυμάζειν
1300 1227 1502 1284 ἔπεισι.
1545 1225 1660 1286 πῶς
1688 1226 1850 1290 ἕτερα

274 1325 363 1392 μὲν
389 1323 446 1373 ἐν
476 1324 598 1384 ταῖς
623 1319 728 1374 τῶν
767 1319 862 1372 τοῦ
889 1319 1058 1387 τόμου
1085 1318 1401 1386 κεφαλαίων
1435 1317 1630 1386 ἀρχαῖς
1675 1317 1850 1381 ἐπαγ-

271 1413 538 1480 γέλλεται,
565 1411 732 1480 ἕτερα
774 1409 824 1462 δ’
871 1411 1254 1464 ἀποδεικνύειν
1305 1409 1608 1475 ἐπείγεται,
1655 1409 1752 1460 καὶ
1782 1403 1848 1460 αὖ

271 1503 456 1572 ἑτέραν
481 1501 594 1570 ἔχει
625 1502 868 1555 διάνοιαν
889 1500 926 1553 ἃ.
959 1501 1288 1570 προκομίζει
1323 1500 1458 1570 πρὸς
1489 1498 1686 1552 ἑαυτοῦ
1715 1517 1853 1568 συμ-

273 1595 474 1664 μαχίαν
503 1594 644 1664 ῥητά
669 1611 682 1623 ’
738 1593 811 1656 ὼς
848 1593 1096 1662 γίνεσθαι
1125 1592 1360 1664 τριπλῆν
1395 1593 1492 1645 καὶ
1533 1590 1851 1659 πολλαπλῆν

269 1691 362 1759 τὴν
389 1690 562 1758 ζάλην
607 1685 688 1751 οἷς
729 1688 861 1756 πρὸς
896 1686 1211 1756 βουλήσεως
1265 1685 1350 1755 ετη
1407 1685 1704 1756 προσέχειν
1761 1683 1851 1735 τὸν

1227 281 1672 344 BYZANTINzE
1707 271 2100 339 iizsrouna
2133 273 2274 334 LIB.
2327 269 2558 332 xxxv.
3421 267 3535 330 1.22

2025 389 2092 444 ll.
2126 388 2208 444 Ad
2265 405 2388 458 qua
2444 385 2790 456 respondens
2819 383 3092 456 Gregoras
3152 386 3206 439 in
3231 385 3382 439 hunc
3424 385 3538 440 fere

1951 485 2172 536 modum
2199 481 2417 534 loeutus
2441 491 2561 534 est:
2599 479 2740 532 Ecce
2765 479 3033 542 Palamas,
3065 487 3126 532 ut
3155 477 3376 544 videtis,
3408 491 3538 544 apo-

1950 573 2168 628 theosin
2215 585 2270 627 et
2314 571 2574 625 deitatem
2619 571 2907 624 confundit
2947 569 3000 624 in
3033 571 3154 625 luce
3183 568 3540 636 transﬁgura-

1950 667 2136 730 tionis,
2183 677 2346 734 atque
2399 675 2494 717 aut
2539 664 2704 719 Verbi
2762 663 3022 716 deitatem
3077 673 3440 729 permutatam
3481 669 3540 716 et

1948 759 2220 830 deiectam
2257 757 2324 811 ad
2358 757 2692 811 substratam
2726 766 2780 810 et
2813 753 3294 808 insubstantialem
3328 753 3538 818 lucem,

1948 851 2208 906 autservi
2235 850 2560 914 formam,ut
2581 847 2846 911 diximus,
2865 846 3131 900 variatam
3151 846 3204 900 in
3233 847 3534 900 iuereatarn

1949 945 2129 998 lucem
2150 951 2206 998 et
2223 943 2450 996 alteram
2473 939 2880 994 inessentialem
2903 939 3187 993 deitatem.
3205 939 3310 992 Sed
3329 937 3542 1006 disqui-

1949 1034 2150 1088 sitione
2175 1033 2243 1088 de
2279 1034 2384 1088 hoc
2407 1033 2595 1094 dilata,
2617 1033 2750 1086 illud
2789 1032 2975 1094 miror,
3001 1031 3276 1100 quomodo
3303 1030 3534 1083 alterum

1949 1126 2010 1179 in.
2036 1126 2333 1180 voluminis
2362 1127 2635 1196 capitibus
2659 1125 2785 1180 inde
2817 1125 2884 1178 ab
2917 1125 3074 1178 initio
3101 1123 3540 1192 proﬁteatur,al-

1952 1217 2528 1271 terumdemoustrare
2589 1228 2839 1271 conetur.
2869 1217 2935 1269 Et
2989 1233 3156 1285 porro
3189 1215 3356 1268 alium
3415 1231 3540 1269 sen-

1949 1323 2070 1362 sum
2123 1309 2326 1362 babeut
2359 1309 2471 1374 illa,
2505 1325 2626 1378 qua:
2658 1309 2724 1362 ad
2751 1325 2808 1362 se
2843 1309 3252 1363 defendendum
3294 1308 3537 1377 pra-mit-

1953 1399 2036 1464 tit,
2077 1399 2242 1464 dicta,
2289 1401 2364 1454 ita
2397 1410 2456 1454 ut
2487 1403 2531 1454 si
2559 1403 2654 1470 qui
2687 1401 2884 1465 velint,
2927 1401 3130 1453 variam
3173 1417 3237 1453 ac
3269 1399 3538 1467 multipli-

1951 1505 2072 1546 cem
2111 1507 2300 1545 rerum-
2345 1492 2730 1546 eoulusiouem
2777 1491 2944 1562 476
2990 1490 3436 1545 animadvertant
3483 1499 3540 1542 et

1951 1585 2122 1636 multa
2170 1585 2475 1640 inscientiae
2523 1586 2642 1654 ejus
2679 1593 2734 1638 et
2773 1585 3136 1654 malignitatis
3183 1583 3538 1637 dOCllll'lcllla.

1951 1675 2156 1730 Similis
2183 1677 2332 1730 enim
2365 1677 2412 1730 ei
2432 1687 2534 1740 est,
2556 1677 2650 1746 qui
2679 1679 2970 1747 :euigmata
3003 1677 3279 1746 proponit.
3303 1675 3427 1728 Ideo
3458 1675 3542 1727 iu-

271 1777 414 1842 νοῦν,
444 1781 542 1831 καὶ
583 1779 700 1848 ἅμα
725 1777 948 1830 διπλοῦν
975 1777 1070 1830 καὶ
1101 1775 1446 1828 nonan).on
1473 1777 1570 1843 τῆς
1605 1774 1845 1841 ἀμαθίας

1960 1769 2170 1838 quirere
2199 1769 2516 1824 existimavi
2541 1781 2817 1838 apol-tere.
2857 1785 2986 1822 num
3017 1769 3146 1822 rellt
3176 1766 3412 1837 experiri
3441 1765 3546 1820 Pa-

271 1868 434 1922 αὐτοῦ
463 1870 560 1921 καὶ
575 1869 946 1932 κακοτροπίας
971 1872 1062 1921 τὸν
1090 1867 1310 1936 ἔλεγχον
1332 1885 1342 1896 ·
1366 1867 1510 1920 ἔοικε
1532 1867 1638 1934 γὰρ
1661 1865 1848 1936 ὥσπερ

269 1959 568 2028 αἰνίγματα
595 1957 892 2012 συντιθέντι
913 1957 1138 2027 ὁτῳοῦν.
1171 1959 1262 2009 Διὸ
1287 1957 1383 2010 καὶ
1409 1959 1629 2009 σκοπεῖν
1657 1957 1849 2026 ἔκρινα

266 2051 396 2115 δεῖν,
437 2051 626 2119 μήπου
684 2051 1093 2119 ἀποπειρᾶσθαι
1149 2051 1412 2120 βούληται
1469 2051 1761 2118 ΙῙαλαμᾶς,
1799 2051 1850 2101 εί

265 2141 374 2208 ἄρα
413 2137 697 2206 γνώεομαι
743 2139 1223 2210 χαριεντιζομὲνου
1274 2138 1438 2190 αὑτοῦ
1491 2140 1584 2192 καὶ
1641 2137 1850 2207 σφόδρα

265 2232 526 2298 λέγοντος
561 2231 760 2284 ἑαυτοῦ
787 2231 1052 2284 τάναντία.
1089 2231 1462 2295 παντάπασιν,
1488 2229 1680 2298 ὥσπερ
1712 2229 1778 2282 ἂν
1801 2230 1850 2282 ει

263 2325 622 2390 ἅντωμοσίαν
661 2323 1097 2394 διαμειψάμενος
1140 2325 1325 2393 ἔλεγεν
1353 2324 1637 2393 ἄντικρυς,
1665 2324 1747 2376 ὅτι
1784 2327 1852 2378 Ἃ

265 2418 546 2484 προτείνω
583 2419 674 2471 καὶ
701 2417 966 2486 βούλομαι
1000 2417 1206 2486 λέγειν,
1233 2417 1410 2470 ταῦτα
1440 2418 1576 2481 δῆτα
1629 2418 1692 2470 οὐ
1731 2417 1854 2487 βού-

271 2510 436 2578 λομαι
465 2509 672 2576 λέγειν,
709 2510 804 2562 καὶ
833 2504 913 2572 οἷς
937 2509 1272 2580 ἀπαγορεύω
1302 2509 1378 2579 μὴ
1409 2512 1729 2578 συμφωνεῖν
1759 2527 1857 2562 κα·-

275 2601 542 2665 κώόξοις,
571 2601 782 2664 τούτοις
812 2603 876 2655 ὲκ
900 2600 996 2655 τοῦ
1022 2603 1336 2672 προφανοῦς
1369 2601 1674 2672 συμφωνῶ,
1706 2603 1856 2670 παρὰ.

264 2693 536 2746 τοσοῦτον
580 2693 762 2748 αὐτῶν
817 2695 1164 2764 διιστάμενος
1221 2696 1351 2764 παρ’
1386 2697 1509 2748 ὅσον
1555 2695 1751 2750 αὐτοὺς
1799 2695 1856 2746 ὲν

268 2785 470 2844 κακοῖς
505 2783 830 2852 ὑπερϐάλλω
852 2801 866 2816 ·
899 2784 996 2853 τῆς
1042 2784 1151 2852 γάρ
1183 2785 1382 2846 κακίας
1419 2785 1510 2836 ἐπὶ
1547 2784 1608 2836 τὸ
1649 2784 1856 2851 φιλότι-

277 2892 382 2942 μον
423 2879 772 2948 κινουμένης,
797 2879 858 2931 οὺ
893 2879 1038 2948 μάλα
1079 2878 1344 2948 βραχεῖαν
1412 2877 1511 2948 τὴν
1577 2878 1858 2947 παρενθή-

1957 1859 2152 1923 laruas,
2193 1875 2320 1912 num
2355 1861 2726 1930 intelligerent
2769 1875 2800 1913 e
2841 1876 2898 1912 re
2932 1875 3052 1913 mea
3085 1874 3144 1914 se
3169 1857 3326 1927 loqui
3365 1871 3540 1926 raque

1959 1951 2116 2004 val-dc
2147 1953 2446 2014 comi-aria,
2481 1961 2542 2004 ut
2573 1952 2619 2004 si
2665 1951 2796 2020 quis
2833 1951 2886 2004 iu
2925 1950 3274 2006 defendendo
3303 1951 3540 2004 crimine

1957 2045 2272 2107 exsismret,
2329 2059 2450 2114 qua:
2509 2045 2800 2114 proliterer
2852 2051 2907 2096 ct
2963 2042 3160 2096 vellem
3187 2041 3395 2104 dicere,
3427 2057 3540 2094 non

1961 2154 2046 2190 me
2109 2139 2248 2192 velle
2305 2137 2511 2202 dicere,
2561 2147 2620 2191 et
2665 2137 2992 2206 quibuscum
3043 2135 3430 2189 contenderem
3473 2148 3549 2187 ne

1959 2227 2332 2281 consentirem
2385 2227 2677 2296 improbis,
2731 2241 2856 2280 cum
2893 2229 2974 2281 eis
3023 2241 3110 2278 me
3149 2239 3376 2294 prorsus
3406 2239 3542 2278 con-

1960 2321 2189 2384 sentire,
2227 2331 2513 2389 tantopere
2569 2321 2640 2374 ab
2695 2321 2804 2374 illis
2853 2329 3151 2382 remotum,
3203 2329 3546 2389 quantopere

1960 2429 2054 2469 eos
2089 2414 2440 2483 improbitate
2492 2429 2788 2483 exsupero.
2819 2413 3191 2482 lmprobitatis
3233 2415 3384 2467 cnim
3421 2427 3543 2483 qua:

1961 2505 2028 2558 ad
2065 2505 2420 2560 ambitionem
2451 2507 2834 2576 progreditur,
2869 2522 2975 2560 non
3033 2507 3200 2560 breve
3245 2513 3396 2559 Certe
3422 2507 3546 2560 illo-

1971 2613 2092 2651 rum
2173 2598 2536 2666 blasphemiis
2603 2599 3044 2652 additamentum
3111 2599 3283 2663 dedi,
3331 2609 3392 2654 ut
3448 2599 3543 2652 tali

1965 2689 2125 2743 uredo
2154 2689 2362 2743 clarum
2397 2704 2596 2743 nomen
2640 2691 2994 2759 adipiscerer.
3021 2689 3212 2745 Claros
3243 2691 3388 2745 enim
3423 2691 3543 2744 ﬁeri

1963 2797 2076 2836 non
2095 2791 2242 2836 recte
2268 2782 2424 2836 factis
2453 2783 2632 2838 solum
2663 2783 2876 2848 audivi,
2915 2799 3102 2836 verum
3135 2781 3298 2838 etiam
3333 2799 3396 2838 ea
3423 2799 3548 2854 qua:

1965 2876 2374 2945 improbitatem
2405 2885 2698 2945 exsuperat
2728 2877 3084 2930 scelestorum
3119 2877 3315 2946 gloria.

277 2983 380 3034 κην
423 2967 514 3018 ἐπὶ
551 2971 663 3032 τοῖς
695 2968 922 3022 ἐκείνων
943 2969 1283 3040 βλασφήμοις
1313 2969 1666 3039 ἐνεδειξάμην
1704 2969 1836 3038 ἐγὼ,
1878 2967 1947 3021 ἵν’
1977 2969 2178 3021 οὑτωσὶ
2213 2967 2542 3038 περιϐόητον
2583 2970 2870 3038 κτήσωμαι
2917 2968 3156 3040 τοῦνομα
3177 2986 3192 2999 '
3225 2973 3395 3026 ποιεῖν
3437 2972 3550 3042 γὰρ

315 3061 528 3132 ηκουσα
589 3062 946 3132 περιϐοήτους
991 3064 1052 3116 ού
1123 3062 1303 3126 δεξιὰς
1339 3063 1569 3134 πράξεις
1613 3063 1798 3132 μόνον,
1823 3062 1958 3116 ἀλλὰ
1999 3063 2094 3114 καὶ
2126 3062 2326 3114 κακίαν
2354 3061 2594 3114 νικῶσαν
2627 3061 2885 3132 πονηρῶν
2915 3063 3295 3134 εὐδοκίμησιν.

357 3158 432 3212 1".
465 3157 656 3222 Οὕτως
683 3158 910 3222 ἄστατος
943 3161 1042 3212 καὶ
1068 3159 1326 3221 ἀϐέϐαιός
1356 3161 1474 3211 ἐστι
1496 3159 1589 3212 καὶ
1622 3159 1852 3228 ἀνέδρα-
1880 3161 1926 3222 C

303 3266 413 3313 σῑος
443 3251 502 3315 ἐξ
543 3251 808 3319 ἀμαθίας,
859 3251 935 3310 ὠς
971 3250 1102 3320 μήθ’
1145 3250 1180 3306 ἃ
1216 3255 1328 3304 νοεῖ
1356 3250 1620 3304 δύνασθαι
1651 3251 1854 3318 λέγειν,

303 3341 419 3412 μήθ’
447 3341 480 3396 ἃ
518 3343 666 3408 λέγει
724 3341 988 3395 δύνασθαι
1038 3342 1306 3408 ξυννοεῖν,
1339 3343 1475 3396 ἀλλὰ
1515 3345 1610 3396 καὶ
1639 3341 1721 3407 οἷς
1757 3344 1856 3414 μὲν

297 3432 533 3482 κοινωνεῖ
573 3429 982 3499 βλασφημοῦσι,
999 3431 1224 3496 τούτους
1259 3436 1436 3487 δοκεῖν
1475 3434 1854 3501 ἀποσείεσθαι,

298 3519 386 3583 οὓς
412 3521 455 3573 δ’
503 3522 848 3584 ἀποσείεται,
900 3523 1112 3588 τούτοις
1169 3526 1348 3579 δοκεῖν
1401 3528 1704 3588 κοινωνεῖν,
1763 3527 1858 3578 καὶ

297 3613 454 3682 ἄμφω
485 3617 584 3686 μὲν
609 3617 896 3688 λοιδορεῖν,
927 3619 1127 3688 ἀμφοῖν
1157 3619 1216 3673 δὲ
1248 3621 1583 3690 συμφωνεῖν.
1616 3621 1728 3674 Καὶ
1757 3620 1860 3673 οὐκ

297 3703 390 3758 οἷδ’
423 3709 680 3780 ὁπότερον
719 3709 820 3778 μὲν
865 3709 974 3761 τῶν
1015 3709 1203 3763 κακῶν
1254 3711 1576 3764 ἀποσείεται
1623 3711 1860 3780 μάλιστα

299 3799 530 3865 πάντων,
563 3801 806 3870 ὁποτέρῳ
837 3799 884 3852 δ’
909 3800 976 3854 αὖ
1011 3802 1298 3856 σπένδεται
1339 3803 1576 3872 μάλιστα
1605 3805 1822 3856 πάντων
1841 3819 1858 3836 ·

299 3891 468 3946 πάντα
504 3893 606 3963 μὲν
635 3895 746 3962 γάρ
773 3894 872 3946 ὅσα
898 3894 946 3946 oi
979 3893 1219 3966 λεχθείη,
1249 3896 1424 3966 μεστά
1453 3897 1660 3961 κακῶν,
1681 3899 1862 3952 πάντα

292 3981 340 4034 δ’
380 3983 474 4035 ὅσα
505 3983 556 4036 oi.
597 3983 893 4052 γνωσθείη,
941 3983 1102 4054 γέμει
1134 3985 1356 4049 νυκτός.
1397 3986 1628 4040 Βεϐαίου
1679 3987 1862 4040 δὲκαὶ

293 4074 544 4128 ἀϐεϐαίου
593 4075 740 4144 πέρι,
796 4073 920 4127 οὔτε
961 4075 1188 4146 θάτερον
1237 4075 1353 4130 οὔτ’
1409 4078 1696 4148 οὐδέτερον
1748 4077 1859 4132 οὔτ’

292 4165 596 4237 ἀμφότερον
632 4164 786 4234 εὖροι
813 4183 897 4228 τις
925 4165 990 4219 ἂν
1022 4168 1355 4237 ἐρριμμένον
1387 4169 1420 4239 ἢ
1457 4167 1863 4238 ἀνειλημμένον

294 4257 346 4317 ἐς
375 4257 430 4308 τὸ
458 4254 882 4325 ὀπωσδηποτοῦν
913 4254 1082 4324 σαφὲς
1127 4257 1334 4328 τάνδρί.
1369 4255 1526 4309 Οὕτω
1577 4259 1710 4325 πρὸς
1740 4258 1864 4308 ἄτο-

298 4339 388 4390 πόν
437 4357 493 4391 τι
535 4340 630 4390 καὶ
673 4337 975 4408 τερατῶδες
1026 4341 1054 4391 ό
1093 4340 1356 4407 γεννάδας
1407 4339 1861 4409 μεταπέπλασται

291 4433 474 4501 χρῆμα
498 4449 510 4461 ·
541 4435 606 4484 ὲκ
633 4432 734 4500 μὲν
769 4433 880 4502 γάρ
899 4431 993 4483 τοῦ
1021 4431 1300 4501 ὁμοδοξεῖν
1330 4435 1440 4495 τοῖς
1464 4433 1860 4502 Εἰκονομάχοις

285 4525 576 4576 σπένδεται
617 4523 716 4592 μὲν
761 4525 855 4576 καὶ
889 4523 1071 4592 χαίρει
1116 4525 1226 4585 τοῖς
1256 4523 1416 4587 αὐτὸς
1457 4525 1640 4587 αὐτοῖς
1667 4541 1679 4552 ⁸
1724 4527 1788 4578 ὲκ
1812 4525 1858 4578 δ’
1889 4505 1939 4565 Ῑ)

278 4613 348 4668 αἱ
386 4615 482 4668 τοῦ
507 4615 755 4666 δεδιέναι
795 4615 869 4683 μὴ
899 4615 994 4666 καὶ
1021 4617 1134 4676 τοῖς
1164 4614 1346 4676 αὐτοῖς
1379 4615 1718 4684 ἀναοέμασιν
1747 4618 1862 4670 ἔνο-

273 4727 376 4778 χος
399 4709 630 4776 γένηται
657 4707 786 4770 ζῶν,
811 4705 1160 4759 ὲναλλάσσειν
1189 4703 1303 4758 ἔνια
1328 4704 1498 4759 ἐνίοτε
1529 4707 1694 4772 δοκεῖ,
1724 4709 1864 4778 πλὴν

271 4803 384 4854 οὐκ
417 4799 514 4852 ἐπὶ
539 4800 602 4851 τὺ
635 4799 871 4869 βέλτιον,
903 4797 1022 4850 ἀλλ’
1058 4799 1150 4850 ἐπὶ
1188 4797 1248 4850 τὺ
1284 4797 1430 4866 μάλα
1474 4799 1538 4866 γέ
1569 4815 1622 4852 τι
1656 4801 1864 4870 σφόδρα

271 4892 562 4964 χείριστον
587 4905 602 4919 ·
640 4889 669 4942 ὃ
719 4889 819 4959 μὲν
850 4889 960 4957 γὰρ
987 4889 1186 4939 ἐκεῖνοι
1224 4888 1476 4957 περὶτοῦ
1516 4889 1692 4957 φωτὸς
1720 4890 1864 4942 ὲκεί-

272 5003 376 5038 νου
407 4983 516 5053 τὴν
547 4985 627 5046 είς
657 4983 918 5036 ἄκτιστον
947 4980 1009 5053 [Γ.
1042 4980 1148 5034 245
1179 4979 1234 5052 a]
1284 4979 1588 5052 μεταϐολὴν
1629 4983 1724 5035 τοῦ
1769 4983 1870 5036 σώ-

280 5095 462 5147 ματος
495 5075 1052 5146 βεϐλασφημήκεσαν,
1088 5075 1264 5144 τούτῳ
1309 5077 1404 5128 καὶ
1439 5075 1603 5138 αὐτὸς
1637 5093 1866 5145 συμφω..

275 5175 386 5236 νεῖ,
417 5171 446 5223 ὃ
497 5170 541 5221 δ’
577 5171 776 5221 ἐκεῖνοι
813 5169 977 5238 φύσιν
1005 5167 1188 5239 ἥκιστ’
1220 5169 1366 5238 ἔχειν
1409 5163 1549 5222 εἶναι
1579 5169 1862 5239 ἐνόμισαν,

271 5267 444 5317 τοῦτο
475 5264 533 5315 δὲ
585 5262 894 5333 προσέθηκε
946 5261 1222 5331 τολμήσας
1267 5254 1445 5326 οὗτος,
1495 5261 1556 5314 τὸ
1602 5262 1864 5331 δευτέραν

271 5353 494 5426 δηλαδὴ
520 5353 616 5405 καὶ
659 5353 963 5421 ὑφειμένην
1013 5351 1109 5404 καὶ
1142 5351 1393 5404 ἀνούσιον
1419 5351 1514 5404 καὶ
1553 5351 1672 5422 ἆμα
1705 5353 1864 5406 ἄκτι-

277 5463 410 5498 στον
445 5445 681 5515 θεότητα
708 5447 768 5498 τὸ
803 5445 918 5515 φῶς
961 5445 1230 5516 ὑπάρχειν
1277 5445 1472 5498 ἐκεῖνο.
1507 5444 1663 5498 Ὠσθ’
1695 5447 1731 5498 ἃ.
1765 5445 1866 5516 μὲν

279 5539 526 5600 ἐκείνοις
556 5540 860 5606 συμφωνεῖ,
908 5539 1129 5599 πάντως
1163 5535 1387 5590 ἐκείνων
1417 5538 1520 5590 οὐκ
1569 5538 1866 5591 ἀπολείπε-

279 5645 399 5681 ται.
438 5631 508 5681 ’Δ
539 5628 584 5682 δ’
640 5629 837 5681 ἐκεῖνοι
873 5629 1040 5698 μήπω
1083 5627 1248 5696 φάναι
1283 5627 1714 5698 τετολμήκεσαν,
1745 5629 1868 5682 τού-

284 5737 399 5782 τοις
469 5721 528 5772 δὲ
577 5719 865 5790 νενίκηκεν
927 5718 1125 5782 αὐτοὺς
1177 5717 1348 5774 εἰπὼν
1409 5719 1589 5796 αὑτός.
1659 5719 1862 5787 Ἡδέως

2028 3157 2118 3211 Ill.
2148 3157 2298 3210 Adeo
2325 3157 2482 3210 enim
2501 3157 2776 3212 instabilis
2805 3165 2860 3212 et
2889 3158 3107 3214 mobilis
3135 3171 3187 3213 et
3225 3161 3552 3218 inconstans

1961 3263 2060 3317 per
2085 3247 2444 3316 ignorantiam
2481 3257 2584 3313 est,
2606 3255 2784 3303 utnec
2801 3250 2984 3304 dicere
3006 3249 3313 3321 possitquae
3344 3255 3552 3324 cogitat

1961 3353 2065 3391 nec
2113 3339 2356 3408 cogitare
2405 3355 2526 3408 quae
2575 3341 2735 3404 dicit,
2783 3341 2879 3396 sed
2913 3341 3250 3411 quibuscum
3286 3344 3547 3416 blasphe—

1959 3427 2096 3483 mias
2145 3430 2542 3492 communicat,
2591 3446 2688 3486 eos
2745 3431 3002 3486 videatur
3057 3437 3339 3498 aversari,
3407 3451 3550 3506 quas

1959 3527 2140 3573 autem
2171 3533 2477 3586 aversatur,
2507 3537 2634 3578 cum
2667 3523 2738 3576 iis
2766 3525 3200 3592 communicare,
3243 3527 3318 3581 ita
3345 3537 3404 3582 ut
3425 3544 3556 3584 eos-

1962 3613 2084 3667 dem
2119 3623 2174 3669 et
2211 3616 2575 3672 calumnietur
2628 3626 2681 3672 et
2710 3631 2992 3688 sequatur.
3044 3621 3158 3677 Nec
3199 3623 3315 3678 scio
3355 3629 3554 3694 quem;

1961 3719 2088 3757 nam
2124 3705 2420 3775 impiorum
2453 3709 2698 3761 omnium
2724 3709 2960 3764 maxime
2989 3719 3293 3775 aversetur,
3323 3713 3554 3767 cuinam

1960 3797 2122 3868 477
2156 3813 2286 3852 vero
2323 3799 2568 3853 omnium
2627 3801 2866 3855 maxime
2899 3803 3099 3856 faveat.
3159 3803 3348 3857 Omnia
3396 3806 3554 3859 enim.

1961 3903 2026 3944 ea
2071 3895 2192 3960 quae
2227 3891 2366 3945 abeo
2393 3891 2537 3946 dicta
2559 3907 2707 3958 sunt,
2741 3898 2906 3964 plena
2955 3895 3335 3964 malignitatis,
3363 3898 3546 3954 omnia

1963 3995 2086 4050 quae
2127 3981 2196 4034 ab
2229 3997 2296 4036 eo
2329 3985 2546 4053 cognita
2597 3996 2746 4050 sunt,
2795 3996 3010 4041 scatent
3059 3988 3322 4042 tenebris.
3389 3989 3554 4055 Quod.

1962 4087 2092 4126 vero
2123 4081 2334 4127 certum
2367 4087 2422 4128 et
2471 4075 2742 4130 incertum
2794 4079 3025 4144 attinet,
3085 4088 3342 4135 neutrum
3397 4091 3560 4136 certe-

1962 4165 2254 4234 quisquam
2293 4165 2538 4221 inveniet
2565 4181 2662 4223 aut
2693 4170 2960 4240 reiectum
2991 4170 3060 4225 ab
3092 4186 3160 4226 eo
3191 4183 3286 4226 aut
3318 4172 3386 4226 ad
3417 4188 3552 4242 per-

1963 4256 2312 4326 spicuitalem
2349 4261 2646 4328 quamdam
2681 4273 2960 4317 vocatum.
3031 4265 3218 4333 Itaque
3253 4281 3454 4319 novum
3490 4275 3560 4320 et.

1965 4349 2166 4401 mirum
2196 4348 2250 4400 in
2280 4347 2500 4402 modum
2541 4349 2816 4421 ingenuus
2845 4353 2932 4406 ille
2965 4369 3076 4407 rem
3098 4356 3351 4408 mutavit.
3389 4355 3559 4421 Quor!

1964 4438 2112 4492 enim
2171 4441 2444 4495 consentit
2495 4457 2620 4494 cum
2669 4443 3081 4508 lconomachis,
3129 4449 3407 4501 consociat
3435 4449 3554 4503 sibi

1965 4543 2062 4584 eos
2091 4538 2144 4584 et
2175 4539 2342 4584 amat.
2401 4531 2556 4595 Quod
2603 4549 2734 4587 vero
2766 4547 3007 4598 veretur,
3037 4552 3105 4590 ne
3145 4537 3282 4606 ipsis
3310 4537 3548 4591 anathe-

1963 4622 2126 4676 matis
2153 4621 2435 4676 obnoxius
2470 4623 2582 4686 ﬂat,
2633 4633 2847 4678 mutare
2879 4641 3274 4696 nonnunquam
3302 4629 3546 4695 videtur,

1963 4715 2060 4770 sed
2095 4731 2202 4770 non
2231 4715 2297 4768 ad
2330 4715 2642 4779 meliorem,
2683 4731 2871 4771 verum
2897 4718 2966 4770 ad
2989 4719 3214 4774 omnino
3247 4723 3556 4791 pessimam

1961 4807 2358 4865 conditionem.
2421 4807 2590 4876 Quod
2641 4810 2788 4863 enim
2825 4811 2905 4864 illi
2961 4811 3028 4865 de
3080 4813 3202 4868 luce
3235 4816 3323 4868 illa
3377 4818 3556 4884 impie»

1961 4899 2318 4966 protulerunt
2343 4900 2398 4952 in
2427 4901 2731 4955 laureatum
2759 4912 3128 4971 permutatum
3160 4919 3281 4958 esse
3316 4921 3544 4975 corpus,

1969 4989 2076 5044 hoc
2103 4990 2220 5058 ipse
2245 4993 2552 5058 consentit;
2587 4997 2732 5062 quod
2757 5009 2886 5048 vero
2915 4995 2992 5048 illi
3037 5005 3287 5051 naturam
3319 4999 3554 5054 minime

1968 5084 2263 5136 essentiam
2295 5084 2502 5139 habere
2536 5097 2800 5155 putarunt
2822 5127 2836 5148 ,
2878 5087 2968 5141 ille
2999 5090 3104 5141 hoc
3143 5089 3344 5143 addere
3377 5107 3545 5146 cona-

1972 5184 2061 5230 tus
2095 5185 2212 5239 est,
2251 5187 2306 5230 et
2335 5177 2638 5247 subjectum
2667 5187 2721 5233 et
2760 5179 3164 5233 inessentialem
3189 5191 3245 5234 et
3268 5183 3428 5236 simul
3460 5187 3545 5238 in-

1970 5278 2212 5322 creatam
2249 5269 2506 5324 deitatem
2535 5287 2657 5326 esse
2693 5273 2872 5327 lucem
2906 5273 3077 5337 illam,
3118 5273 3200 5328 ita.
3237 5284 3296 5329 ut
3328 5277 3383 5329 in
3418 5281 3557 5348 qui-

1969 5357 2075 5414 bus
2103 5361 2266 5416 rebus
2297 5377 2420 5416 cum
2457 5363 2572 5417 illis
2596 5367 2902 5426 consentit.
2952 5382 3060 5418 non
3100 5369 3444 5437 relinquatur
3474 5373 3556 5426 ab.

1967 5451 2098 5504 illis.
2164 5450 2296 5517 Qua:
2323 5469 2458 5508 vero
2494 5455 2572 5508 illi
2620 5456 2862 5510 nondum
2895 5457 3142 5527 proferre
3179 5465 3360 5516 conati
3391 5475 3542 5530 sunt,

1969 5544 2036 5598 iis
2071 5547 2358 5614 propalam
2390 5551 2766 5617 proponendis
2797 5565 2892 5605 eos
2927 5552 3041 5621 ipse
3075 5553 3226 5607 vicit.
3265 5555 3556 5608 Lubenter

1963 5649 2090 5686 eum
2126 5651 2376 5704 querere
2418 5639 2638 5704 vellem,
2677 5655 2808 5696 num
2837 5643 2963 5712 quis
2991 5653 3176 5714 posset
3215 5645 3270 5698 in
3301 5645 3543 5712 proban—

1967 5726 2050 5784 dis
2100 5728 2592 5786 lconomacborum
2653 5735 2943 5792 sententiis
2993 5751 3102 5790 non
3162 5751 3284 5791 csse
3351 5735 3544 5792 lcono-
