4060 6204
530 317 639 382 423

1750 309 2175 372 NICEPHORI
2218 303 2607 370 ῦΗΕΟΟΓίίΕ

3696 293 3816 353 424

530 434 783 490 machus.
837 430 1029 487 Simile
1071 429 1218 485 enim
1252 438 1400 484 esset
1428 443 1494 484 ac
1527 427 1573 482 si
1604 442 1729 498 quis
1758 425 1812 479 in
1835 426 2118 495 publicum

2240 429 2266 479 i’
2298 428 2367 480 ἂν
2398 431 2491 477 καὶ
2536 423 2762 492 ἐρέσθαι
2810 421 3109 492 βουλοίμην
3142 417 3308 470 αὑτὸν
3365 415 3416 467 εί
3460 411 3681 465 δύναιτό
3722 425 3817 472 τις

536 525 798 595 prodiens
857 524 1069 579 diceret
1119 519 1455 576 citharoedos
1509 535 1665 585 esse,
1710 534 1820 573 non
1882 532 2004 574 esse
2036 518 2117 573 ci-

536 620 787 681 tharam;
828 616 1010 670 sidera
1047 613 1266 678 quidem
1294 612 1564 676 coelestia,
1602 626 1714 665 non
1750 611 1949 666 cmlum
1979 628 1994 676 ;
2030 625 2119 665 res

532 710 700 781 478
728 709 948 777 quidem
981 716 1443 774 terrenas,neque
1461 719 1590 759 vero
1621 712 1840 758 terram.
1874 703 2014 768 Quid
2038 702 2122 756 di-

534 804 635 866 cis,
665 799 866 854 sodes?
895 799 973 852 Ex
1028 797 1245 851 duobus
1280 796 1427 850 enim
1483 796 1717 849 alterum
1765 794 2121 863 cositandum

535 893 694 946 nobis
720 890 941 951 dedisti.
985 889 1199 943 Etenim
1232 898 1325 943 aut
1363 889 1574 943 insanis
1613 888 1755 957 ipse,
1790 894 1886 941 aut
1918 902 2114 942 omnes

536 982 777 1037 insanire
802 991 982 1052 putas.
1005 980 1103 1034 Hic
1117 990 1299 1035 autem
1326 992 1437 1034 non
1460 989 1665 1043 noster,
1682 985 1777 1035 sed
1798 991 1924 1034 tuus
1949 981 2117 1035 affec-

536 1085 644 1129 tus.
695 1072 751 1128 Si
786 1074 936 1128 enim
967 1073 1158 1128 ebrius
1194 1072 1447 1142 quemxis
1497 1072 1717 1126 obviam
1759 1083 1984 1127 euntem
2019 1072 2125 1126 du-

537 1166 735 1236 plicem
770 1180 869 1235 pro
894 1181 1005 1221 uno
1039 1166 1227 1220 videre
1249 1165 1356 1219 sibi
1392 1163 1631 1227 videtur,
1667 1178 1778 1218 non
1802 1172 2125 1233 conspecto.

539 1273 658 1313 rum
706 1258 995 1312 hominum
1040 1257 1250 1311 erroris
1282 1255 1514 1310 affectus
1544 1265 1651 1322 est,
1685 1256 1779 1311 sed
1822 1256 1965 1310 male
1997 1271 2123 1311 con--

532 1349 842 1419 spicientis.
906 1349 1198 1417 Sigillatim
1231 1348 1381 1402 enim
1430 1347 1506 1401 illi
1558 1348 1625 1402 ad
1665 1363 2118 1417 unumquemque

537 1442 814 1497 numerati
850 1449 1028 1495 erant.
1087 1439 1221 1494 Nam
1277 1441 1563 1510 professus
1618 1450 1704 1496 est
1747 1441 2128 1496 demonstrare

551 1532 606 1587 id
637 1531 783 1601 quod
816 1532 1254 1587 asaccrdotibus
1304 1531 1413 1587 illis
1468 1547 1533 1587 ac
1584 1531 1782 1588 scribis
1837 1532 2127 1602 quaesitum

537 1637 660 1679 esse
691 1624 851 1678 dixit.
928 1624 1105 1679 Jubeo
1128 1624 1242 1694 jam
1271 1634 1491 1679 sanctos
1515 1624 1569 1677 in
1598 1622 1838 1679 medium
1868 1625 2127 1694 proferri,

537 1714 635 1785 qui
692 1715 872 1770 lucem
903 1731 1025 1786 quae
1079 1717 1131 1770 in
1165 1716 1380 1770 Domini
1418 1715 1905 1786 transfiguratione
1959 1731 2129 1787 appa-

2219 518 2289 573 τὰ
2339 520 2450 572 τῶν
2502 516 2894 584 Εἰκονομὰχων
2949 513 3127 583 τιμῶν
3172 509 3249 582 μὴ
3307 503 3450 561 εῖναι
3502 502 3814 572 Είκονομά-

2222 627 2314 679 χος
2343 625 2357 638 ⁸
2388 610 2574 677 ὅμοιον
2596 607 2705 677 γὰρ
2743 607 2810 660 ἂν
2838 606 2923 675 εἴη
2966 604 3156 675 ὥσπερ
3195 604 3261 656 ἂν
3291 602 3339 654 εί
3373 596 3666 668 παρελθὼν
3703 596 3817 647 διε-

2221 701 2431 756 τείνετο
2460 718 2542 764 τις
2573 698 2910 770 κιθαρῳδοὺς
2947 696 3048 765 μὲν
3076 693 3235 759 εἶναι,
3270 692 3505 762 κιθάραν
3531 688 3578 744 δ’
3600 688 3686 749 οὓ,
3715 686 3815 739 καὶ

2223 794 2509 867 οὐρανίους
2570 791 2670 862 μὲν
2717 779 2978 862 ἀστέρας,
3021 788 3252 859 οὐρανὸν
3286 785 3332 839 δ’
3375 782 3460 847 οὒ,
3510 784 3606 835 καὶ
3644 780 3821 846 γήϊνα

2228 889 2328 960 μὲν
2361 888 2685 959 πράγματα,
2718 886 2822 954 γῆν
2872 885 2919 938 δ’
2970 880 3201 952 οὐδαμῆ.
3235 879 3297 932 Τί
3350 878 3477 949 φῂς,
3511 875 3820 945 άνθρωπες

2225 984 2383 1034 Δυοῖν
2409 981 2519 1051 γὰρ
2563 981 2784 1043 πάντως
2807 978 2949 1031 νοεῖν
2976 975 3134 1038 δίδως
3160 974 3297 1045 ἡμῖν
3338 971 3567 1041 θάτερον
3586 984 3600 997 '
3632 967 3667 1038 ἢ
3699 966 3821 1034 γὰρ

2230 1076 2421 1150 μαίνῃ,
2463 1076 2495 1147 ἢ
2550 1076 2760 1137 πάντας
2797 1074 3162 1143 μαινομένους
3195 1062 3335 1122 εῖναι
3384 1065 3596 1134 λογίζῃ.
3633 1059 3822 1114 Τοῦτο

2227 1170 2273 1223 δ’
2306 1171 2405 1240 οὐχ
2472 1169 2647 1239 ἡμῶν,
2686 1168 2825 1222 ἀλλὰ
2860 1166 2954 1221 σοῦ
2988 1183 3054 1235 γε
3092 1165 3155 1218 τὸ
3186 1162 3379 1225 πάθος.
3426 1160 3686 1228 καθάπερ
3723 1156 3814 1227 δή·

2228 1262 2427 1315 πουθεν
2458 1262 2550 1315 καὶ
2579 1263 2625 1315 εί
2659 1261 2877 1331 μεθύων
2915 1276 3001 1318 τις
3039 1259 3216 1313 πάντα
3245 1256 3388 1321 τινὰ,
3439 1254 3546 1323 ὅτῳ
3579 1252 3646 1305 ἂν
3682 1268 3820 1304 συν·

2231 1355 2437 1426 αντῴη.
2469 1352 2691 1407 διπλοῦν
2746 1368 2869 1405 τινα
2899 1352 3016 1405 ἀνθ’
3041 1350 3162 1413 ἑνὸς
3193 1350 3329 1418 ὀρᾷν
3366 1348 3563 1407 ἐδόκει,
3599 1344 3659 1396 οὐ
3705 1343 3819 1395 τῶι

2229 1445 2526 1515 ὁρωμένων
2560 1445 2623 1496 ἂν
2680 1442 2741 1493 τὸ
2789 1442 2884 1509 τῆς
2923 1439 3142 1505 ἀπάτης
3181 1438 3355 1499 πάθος
3404 1431 3494 1506 ἦν,
3550 1434 3691 1488 ἀλλὰ
3721 1431 3820 1485 τοῦ

2233 1535 2522 1607 σφαλερῶς
2568 1534 2839 1604 ὁρῶντος’
2893 1534 3094 1593 πάντες
3135 1531 3242 1601 γὰρ
3294 1529 3360 1582 ἂν
3409 1528 3575 1597 μοναδ
3602 1525 3720 1589 κῶς
3756 1526 3818 1577 ὐ-

2235 1628 2447 1697 πῆρχον
2482 1626 2882 1699 ἀριθμούμενοι
2940 1624 3061 1678 καθ’
3111 1624 3344 1676 ἕκαστον
3385 1623 3602 1674 ἐκεῖνοι.
3636 1617 3811 1689 "pob-

2234 1720 2360 1774 θετο
2407 1720 2505 1788 μὲν
2536 1721 2641 1789 γὰρ
2670 1718 2841 1783 δεῖξαι
2872 1717 2900 1770 ὃ
2925 1719 3038 1779 τοῖς
3061 1714 3412 1785 ἀρχιερεῦσιν
3459 1712 3692 1773 ἐκείνοις
3727 1711 3820 1763 καὶ

539 1806 675 1871 ruit,
712 1806 1012 1861 increatam
1048 1822 1171 1861 esse
1204 1806 1436 1872 dicant,
1495 1822 1607 1861 non
1661 1806 1956 1861 essentiam
2007 1807 2126 1872 Dei,

2240 1804 2653 1878 γραμματεῦσιν
2688 1804 2849 1865 αὐτὸς
2885 1804 3182 1873 ζητηθῆναί
3216 1819 3349 1870 φησι
3371 1818 3385 1832 ο
3420 1800 3565 1867 λέγω
3588 1800 3652 1870 δὴ
3686 1800 3821 1864 τοὶς

538 1897 638 1953 sed
692 1898 1104 1953 inesseutialem
1159 1908 1215 1953 et
1258 1899 1776 1962 insubstantialem;
1827 1899 1940 1969 jam
1995 1912 2130 1953 vero

538 1990 694 2059 quasi
726 1990 1065 2045 obliviscens
1104 1993 1190 2046 sui
1219 1992 1581 2061 quaestionem
1607 1990 1796 2046 ntultis
1826 1990 2129 2046 dubitatio-

538 2081 702 2137 nibus
756 2082 1092 2151 implicatam
1146 2092 1204 2136 et
1257 2083 1406 2137 omni
1449 2082 1768 2152 dogmatum
1806 2082 2132 2138 confusione

539 2175 921 2241 perturbatam
952 2172 1179 2227 silentio
1216 2174 1588 2242 praetermisit,
1613 2173 1681 2228 de
1707 2189 1815 2243 qua
1841 2174 1988 2228 nulla
2013 2183 2134 2229 erat

546 2263 820 2317 dubitatio
851 2273 907 2317 et
939 2274 1128 2318 contra
1161 2280 1323 2333 quam
1369 2279 1547 2333 neque
1584 2263 1700 2333 ipse
1741 2266 1922 2319 omnis
1973 2265 2133 2318 mali-

540 2355 764 2425 gnitatis
794 2364 950 2424 pater
987 2355 1245 2409 diabolus
1287 2355 1592 2426 quidquam
1643 2370 1923 2426 opponere
1970 2370 2135 2411 cona-

542 2455 717 2512 retur,
744 2446 794 2500 ei
815 2446 1013 2501 aﬂ‘crrc
1043 2447 1229 2502 studet
1258 2447 1594 2513 testimonia,
1630 2458 1690 2503 ut
1715 2447 1899 2502 dicere
1926 2447 2133 2515 aliquid

546 2536 876 2605 quibusdam
935 2537 1205 2591 videatur.
1289 2536 1425 2605 Quis
1474 2537 1622 2591 enim
1677 2536 1772 2606 qui
1830 2535 2133 2590 secundum

549 2632 714 2687 tidem
741 2632 928 2686 vivere
956 2646 1015 2685 se
1044 2631 1357 2700 profitetur,
1385 2631 1524 2685 dixit
1553 2644 1795 2699 unquam
1826 2636 1923 2683 aut
1957 2627 2135 2698 potuit

520 2725 759 2789 -dicere,
796 2733 942 2779 stare
967 2724 1022 2778 iu
1057 2722 1368 2777 substantia
1396 2730 1452 2775 et
1478 2720 1721 2776 essentia
1753 2717 1849 2773 Dei
1891 2727 1949 2773 et
1980 2718 2131 2772 illius

545 2826 795 2872 naturam
832 2826 925 2870 aut
956 2815 1159 2869 vidisse
1188 2823 1286 2868 aut
1312 2814 1620 2884 professum
1669 2826 1816 2876 esse,
1850 2825 1977 2866 cum
2016 2825 2135 2865 om-

549 2925 651 2964 nes
684 2910 791 2964 hoc
818 2908 1003 2963 dicere
1030 2922 1139 2961 non
1182 2909 1345 2960 modo
1378 2908 1705 2975 prophetas,
1751 2919 1940 2959 verum
1970 2904 2133 2958 etiam

548 3001 749 3072 quibus
821 2998 988 3070 479
1049 2999 1218 3053 multo
1286 2997 1712 3067 propinquiores
1764 3006 1926 3052 erant
2001 3010 2138 3064 pra:-

550 3103 804 3163 ceptores
856 3092 1029 3145 nostri
1081 3089 1350 3153 audisset,
1412 3089 1509 3160 qui
1583 3100 1781 3159 praeter
1828 3090 2000 3144 multa
2032 3089 2136 3143 alia

550 3157 854 3253 loquuntur
886 3182 966 3237 sic
1006 3199 1019 3236 :
1058 3179 1116 3234 Si
1146 3180 1269 3250 quis
1318 3157 1785 3251 cognovit—Deum
1817 3190 1909 3235 aut
1936 3195 2140 3249 cogno—
2166 3157 2209 3214 c

552 3276 699 3331 visae
746 3283 993 3343 putatur,
1048 3284 1280 3328 eatenus
1329 3273 1624 3343 cognovit,
1676 3283 1950 3343 quatenus
1998 3274 2139 3330 lucis

553 3367 789 3424 similior
811 3365 1065 3436 apparuit
1087 3382 1250 3435 quam
1280 3365 1429 3420 aliud
1453 3365 1779 3435 quidquam,
1804 3366 2008 3436 quippe
2026 3381 2137 3420 nou

553 3458 810 3515 similiter
843 3458 1248 3514 collustratum.
1313 3459 1376 3511 Et
1421 3458 1472 3513 id
1508 3458 1654 3528 quod
1681 3468 1976 3528 exsuperat
2011 3473 2139 3528 per-

555 3548 759 3605 fectum
789 3559 1036 3619 putatum
1066 3559 1152 3604 est
1186 3563 1297 3604 non
1327 3548 1584 3615 veritate,
1615 3549 1712 3605 sed
1758 3549 1805 3605 si
1834 3565 1958 3605 cum
1997 3551 2138 3607 alte-

557 3639 676 3697 rius
703 3651 1053 3712 comparatur
1088 3642 1349 3711 potentia.

2233 1896 2426 1964 ἁγίους
2479 1895 2828 1963 παραγαγεῖν
2872 1895 2953 1953 είς
2991 1895 3156 1960 μέσον
3188 1890 3237 1944 οἳ
3284 1890 3345 1944 τὸ
3392 1892 3559 1958 φανὲν
3588 1889 3686 1942 ἐπὶ
3720 1889 3821 1958 τῆς

2233 1989 2329 2040 τοῦ
2360 1987 2557 2057 Κυρίου
2593 1984 3072 2055 μεταμορφώσεως
3108 1984 3221 2054 φῶς
3251 1983 3508 2038 ἄκτιστον
3542 1983 3645 2052 μὲν
3670 1978 3818 2035 εἷναί

2235 2097 2425 2151 φασιν,
2460 2081 2560 2133 οὐκ
2603 2081 2793 2133 οὐσίαν
2821 2081 2877 2132 δὲ
2925 2078 3081 2143 Θεοῦ,
3147 2077 3263 2131 ἀλλ’
3314 2077 3565 2129 ἀνούσιόν
3592 2092 3654 2128 τε
3724 2074 3818 2127 καὶ

2235 2174 2634 2228 ἀνυπόστατον.
2691 2169 2801 2225 Εἶθ’
2848 2171 3036 2241 ὥσπερ
3092 2168 3456 2237 ἐκλαθόμενος
3501 2167 3667 2227 αὐτὸς
3697 2166 3808 2219 latr

2236 2265 2356 2333 τοῦ,
2381 2266 2442 2320 τὸ
2472 2266 2569 2335 μὲν
2607 2264 2963 2334 ζητούμενον,
3004 2264 3102 2316 καὶ
3133 2260 3175 2328 ᾧ
3204 2262 3375 2329 πολλή
3401 2278 3482 2322 τις
3512 2259 3812 2330 περικέχυ-

2236 2373 2329 2409 ται
2368 2354 2810 2425 ἀμφισὸήτησις,
2846 2353 2937 2406 καὶ
2968 2351 3099 2420 περὶ
3122 2350 3150 2404 ὃ
3172 2351 3272 2420 τῆς
3298 2350 3427 2417 ὅλης
3458 2349 3569 2402 τῶν
3617 2347 3812 2416 δογμά-

2236 2462 2347 2498 των
2370 2442 2686 2514 συγχύσεως
2717 2444 2749 2513 ἡ
2782 2441 3056 2511 πρόφασις
3078 2441 3299 2509 ἔστηκε,
3324 2438 3482 2492 τοῦτο
3517 2437 3621 2509 μὲν
3650 2438 3821 2503 παρέ·

2235 2538 2413 2610 δραμε
2452 2541 2576 2608 σιγῇ
2604 2554 2620 2568 ·
2672 2536 2801 2607 περὶ
2836 2529 2897 2589 οὗ
2924 2535 2968 2590 δ’
3001 2534 3099 2587 οὐκ
3125 2529 3194 2605 ἦν
3220 2533 3631 2604 ἀμφισϐήτησις
3671 2532 3825 2586 οὐδε-

2241 2632 2362 2703 μία,
2392 2630 2486 2685 καὶ
2521 2622 2564 2699 ᾧ
2600 2628 2710 2683 οὐδ’
2738 2629 2806 2683 ἂν
2830 2630 2989 2690 αὐτὸς
3019 2629 3047 2679 ὁ
3081 2626 3263 2695 πάσης
3294 2625 3491 2688 κακίας
3534 2623 3827 2695 γεννήτωρ

2236 2725 2483 2787 διάόο).σς
2528 2723 2855 2792 τολμήσειεν
2896 2721 3197 2786 ἀντειπεῖν,
3250 2720 3430 2790 τούτῳ
3476 2719 3531 2772 δὲ
3562 2718 3828 2787 κομίζειν

2237 2816 2398 2886 δῆθεν
2432 2813 2718 2882 ἐπείγεται
2768 2813 3104 2876 συστατικὰς
3148 2811 3479 2881 μαρτυρίας,
3519 2809 3603 2863 ἵνα
3634 2826 3691 2862 τι
3735 2808 3829 2862 λέ-

2238 2926 2356 2977 γειν
2409 2907 2536 2977 δόξῃ
2589 2906 2721 2961 τισί.
2761 2907 2857 2970 Τίς
2889 2910 2997 2977 γάρ
3032 2907 3149 2959 ποτ’
3205 2904 3448 2968 εὐσεϐῶς
3493 2903 3829 2975 αἱρούμενος

2239 3000 2340 3073 ζῇν
2376 2997 2500 3054 εἶπέ
2530 3016 2661 3052 ποτε
2695 2998 2727 3068 ἢ
2764 2997 2937 3068 λέγει,
2971 2998 3004 3069 ἢ
3036 2996 3242 3051 δύναιτ’
3269 2999 3337 3051 ἄν
3367 2995 3484 3049 ποτ’
3513 2996 3716 3063 εἰπεῖν,
3752 2992 3829 3055 ὡς

2242 3095 2374 3163 ἔστη
2406 3096 2463 3148 ὲν
2493 3093 2842 3163 ὐποστήματι
2889 3092 2982 3144 καὶ
3040 3090 3203 3161 οὐσίᾳ
3228 3089 3389 3157 Θεοῦ,
3425 3091 3682 3142 κάκείνου
3730 3086 3829 3159 τὴν

2244 3189 2410 3258 φύσιν
2451 3186 2483 3257 ἦ
2516 3181 2661 3240 εἶδεν
2707 3184 3128 3255 ἢὲξηγόρευσε,
3175 3181 3424 3254 βοώντων
3461 3182 3726 3235 ἁπάντων
3771 3182 3831 3235 ἁ-

2244 3278 2425 3331 κούων
2453 3277 2614 3329 ταυτὶ
2647 3275 2722 3346 μὴ
2768 3275 2851 3328 ὅτι
2885 3273 3203 3345 προφητῶν,
3236 3273 3373 3326 ἀλλὰ
3404 3272 3498 3326 καὶ
3527 3267 3614 3333 οἷς
3660 3274 3831 3341 ἐγγύα

2242 3370 2387 3439 τέρω
2437 3366 2617 3437 πολλῷ
2667 3365 3010 3429 διδασκάλοις
3065 3365 3225 3436 ήμῶν
3274 3364 3555 3433 γεγονέναι
3612 3364 3830 3433 συμπέο

2244 3478 2482 3514 πτωκεν.
2516 3460 2578 3514 Οἳ
2605 3460 2673 3514 τά
2699 3459 2747 3513 τ’
2778 3460 2916 3514 ἄλλα
2939 3458 3235 3528 φάσκουσι,
3267 3457 3361 3510 xui.
3394 3460 3493 3527 μὲν
3519 3458 3584 3527 δὴ
3627 3459 3728 3511 καὶ
3756 3457 3824 3520 ὡς

2245 3552 2299 3604 εί
2333 3568 2419 3615 τις
2440 3551 2581 3621 ἔγνω
2604 3550 2737 3605 Θεὸν
2766 3552 2797 3622 ἢ
2829 3551 3135 3619 ὲγύωκέναι
3162 3548 3611 3620 μεμαρτύρηται,
3634 3548 3830 3602 τοσοῦ-

2243 3660 2337 3697 τον
2366 3644 2508 3709 ἔγνω
2539 3645 2664 3698 ὅσον
2694 3643 2857 3697 ἄλλου
2910 3643 2987 3711 μὴ
3033 3642 3095 3694 τὸ
3131 3642 3246 3695 ἴσον
3285 3640 3695 3710 ὲλλαμςρθέντος
3728 3658 3833 3709 φα-

557 3733 716 3803 νῆναι
770 3701 1258 3805 φωτοειδέστεροςο
1317 3734 1417 3789 καὶ
1460 3701 1890 3805 τὸιύπερδάλλον
1918 3735 2126 3790 τέλειον
2165 3701 2428 3809 ἐνομίσθη
2466 3738 2529 3791 οὐ
2568 3739 2635 3808 τῇ
2686 3701 2937 3807 ἀληθεία,
2964 3701 3028 3806 τῇ
3076 3735 3134 3789 δὲ
3184 3735 3278 3788 τοῦ
3316 3701 3544 3806 πλησίον
3587 3701 3827 3805 δυνάμει

559 3830 916 3900 παραμετρού
925 3846 1108 3899 μενον.

630 3924 721 3980 1V.
765 3923 873 3979 Sed
919 3925 1167 3982 Palamas
1209 3935 1404 3983 contra
1457 3927 1746 3985 veritatem
1794 3940 2140 4001 pugnaturus

555 4030 687 4072 cum
718 4025 911 4071 contra
939 4017 1076 4071 nihil
1104 4017 1291 4074 dicere
1324 4019 1500 4089 possit
1524 4036 1625 4077 nec
1650 4021 1923 4093 refugium
1955 4022 2138 4092 quod-

560 4123 728 4178 quam
754 4108 978 4174 habeat,
1004 4110 1073 4165 ad
1103 4111 1414 4169 latebrosos
1445 4129 1700 4169 recessus
1727 4116 1915 4170 statim
1946 4116 2139 4171 oculos

561 4199 753 4263 vertit,
784 4201 914 4269 quia
949 4217 1059 4255 non
1093 4202 1400 4275 intelligere
1428 4213 1609 4274 potest
1639 4222 1698 4262 se
1729 4206 1846 4277 ipsa
1884 4223 1943 4262 re
1966 4208 2142 4262 mani-

571 4287 869 4344 festissime
919 4292 1122 4353 evinci.
1166 4308 1289 4347 cum
1341 4293 1411 4348 iis
1459 4311 1600 4363 quos
1651 4296 1855 4365 injuria
1903 4297 2141 4352 lacessat

565 4380 704 4435 nihil
760 4382 1169 4451 probabilitatis
1212 4398 1494 4453 opponere
1542 4386 1739 4455 possit.
1791 4386 1948 4454 Quod
1991 4389 2141 4443 enim

2311 3929 2385 3985 A'.
2432 3929 2572 3985 Ἀλλ’
2606 3933 2634 3984 ὁ
2662 3928 2927 4000 Παλαμᾶς
2958 3931 3023 4000 τῇ
3053 3928 3154 3999 μὲν
3193 3928 3424 3999 ἀληθείᾳ
3478 3927 3827 3998 μαχόμενος,

2241 4023 2303 4075 οὐ
2332 4023 2633 4093 δυνάμενος
2660 4022 2706 4075 δ’
2744 4024 3049 4088 ἀντειπεῖν,
3085 4023 3197 4075 οὐδ’
3227 4023 3518 4093 ἀποφυγὴν
3550 4023 3651 4074 οὐκ
3685 4020 3834 4092 ἔχων

2241 4113 2503 4184 οὐδεμίαν
2533 4112 2768 4183 οὐδαμῆ,
2829 4113 2968 4184 πρὸς
3016 4113 3441 4183 λαϐυρινθώδεις
3502 4112 3665 4178 εὐθὺς
3725 4113 3833 4184 ὁρᾷ

2243 4203 2593 4271 καταδύσεις,
2648 4207 2744 4259 καὶ
2783 4205 2893 4259 οὐδ’
2926 4204 3216 4258 αἰσθέσθαι
3273 4206 3502 4260 δύναται
3563 4207 3647 4259 ὅτι
3675 4203 3830 4259 τοῦτ’

2244 4300 2390 4351 ἐστὶν
2417 4298 2445 4351 ὃ
2478 4299 2714 4368 μάλιστα
2745 4299 2966 4352 πάντων
3029 4300 3114 4351 ἐπ’
3168 4300 3471 4370 αὐτοφώρῳ
3504 4298 3695 4352 τοῦτον
3721 4317 3829 4353 κα-

2243 4391 2552 4469 ταδικάζει,
2589 4392 2756 4463 μηδὲν
2811 4393 2921 4447 τῶν
2953 4393 3194 4460 εὐλόγων
3252 4393 3447 4463 ἔχοντα
3503 4397 3616 4456 τοῖς
3675 4393 3828 4464 αὐτῷ

564 4475 701 4530 dicit
745 4491 808 4531 ea
839 4491 961 4546 qua:
983 4492 1145 4532 nemo
1168 4477 1419 4546 quaesivit
1446 4493 1686 4548 unquam
1723 4489 1910 4550 utpote
1965 4481 2134 4536 mani-

2252 4465 2769 4553 παρανομουμένοις
2804 4484 3153 4554 χαρίζεσθαι.
3209 4484 3283 4538 Τὸ
3333 4484 3441 4554 γὰρ
3495 4485 3681 4548 λέγειν
3731 4485 3829 4553 μὲν

564 4566 725 4629 festa,
760 4575 901 4621 tacet
954 4569 1021 4622 de
1056 4568 1123 4623 iis
1174 4585 1295 4639 qua:
1347 4585 1406 4625 se
1436 4571 1714 4625 dicturum
1753 4573 2034 4642 professus
2059 4583 2142 4627 est

566 4661 721 4715 nullo
751 4668 1002 4730 cogente,
1027 4661 1206 4717 simile
1237 4662 1340 4716 hoc
1366 4661 1520 4726 facit,
1551 4677 1614 4717 ac
1639 4663 1684 4717 si
1722 4664 1846 4732 quis
1873 4664 2141 4719 accedens

564 4752 859 4823 proﬁtetur
889 4768 947 4807 se
978 4753 1256 4807 dicturum
1290 4754 1345 4807 id
1376 4756 1521 4823 quod
1551 4756 1767 4825 ignorat
1798 4771 1981 4821 nemo,
2006 4756 2140 4825 quid

567 4842 641 4897 sit
683 4841 887 4908 homo;
916 4843 1115 4898 deinde
1142 4859 1267 4899 cum
1301 4844 1485 4901 dicere
1513 4847 1764 4915 cmperit,
1799 4848 1854 4900 id
1888 4848 2035 4917 quod
2072 4849 2143 4902 sit

569 4933 738 4986 homo
768 4932 952 4988 dicere
981 4949 1090 4988 non
1126 4946 1326 5004 potest,
1374 4953 1495 5007 qua:
1526 4954 1670 4993 -vero
1706 4953 1813 4993 non
1844 4940 2049 4993 cadunt
2085 4937 2139 4992 in

570 5023 876 5085 hominem,
924 5024 1041 5079 haac
1088 5028 1272 5082 omnia
1313 5030 1537 5083 omnino
1573 5044 1695 5085 esse
1728 5039 1912 5101 negat,
1947 5032 2139 5085 bovem

569 5114 786 5169 scilicet
820 5123 877 5168 ct
904 5130 1104 5185 equum
1139 5126 1192 5171 et
1232 5133 1462 5188 cycnum
1498 5131 1556 5174 et
1588 5122 1865 5176 cornicem
1897 5130 1955 5176 et
1987 5138 2141 5191 qua:-

570 5216 792 5270 cunque
821 5203 1105 5257 humidam
1141 5205 1195 5258 in
1231 5208 1364 5260 mari
1394 5209 1559 5263 vitam
1592 5220 1778 5280 agunt.
1814 5212 1944 5265 Dein
1974 5214 2140 5267 etiam

572 5291 762 5379 brevia
790 5294 964 5347 sancti
992 5294 1212 5349 Maximi
1241 5299 1405 5353 verba
1438 5299 1617 5366 affert,
1648 5303 1744 5356 sed
1786 5318 1895 5357 non
1931 5304 2141 5375 integra

570 5398 675 5438 nec
703 5384 822 5440 sine
856 5402 922 5440 eo
954 5402 1063 5455 quo
1093 5396 1177 5442 est
1208 5392 1591 5460 corrumpendi
1624 5394 1809 5449 studio
1854 5395 2141 5466 relinquut.

572 5474 861 5535 Quomodo
909 5477 1056 5531 enim
1106 5479 1271 5533 homo
1324 5480 1580 5535 aﬂcctum
1630 5484 1737 5554 jam
1782 5486 2141 5541 inveteratum

571 5564 740 5635 480
769 5574 821 5619 et
866 5568 1259 5639 longinquitate
1316 5576 1577 5643 temporis
1630 5580 2039 5633 corroboratum
2089 5589 2144 5634 et

575 5657 632 5709 in
666 5667 910 5711 naturam
960 5663 1129 5729 ipsam
1177 5666 1518 5717 inunutatum
1570 5669 1831 5736 abjiciet?
1874 5671 2141 5725 Distracta

572 5746 720 5801 enim
773 5750 825 5806 in
864 5750 1000 5807 duas
1036 5764 1217 5823 partes
1269 5756 1481 5828 integra
1528 5761 1858 5830 cogitatione
1912 5772 1967 5817 et
2014 5763 2144 5817 dein

2249 4576 2284 4630 ἃ
2313 4576 2504 4645 μηδεὶς
2541 4577 2777 4647 ἐζήτησε
2836 4579 3057 4630 πώποτε
3114 4577 3356 4648 πρόδηλα
3391 4577 3539 4641 ὅντα,
3588 4578 3753 4647 σιγᾷν
3785 4572 3827 4629 δ’

2252 4667 2285 4720 ὃ.
2313 4665 2583 4735 προῦθετο
2614 4685 2672 4720 τε
2706 4670 2801 4722 καὶ
2825 4669 3196 4738 ἐπηγγείλατο
3242 4670 3421 4737 λέγειν
3477 4668 3641 4730 αὐτὸς
3677 4669 3827 4721 006:-

2252 4760 2341 4823 νὸς
2380 4759 2808 4828 ἀναγκάζοντος,
2875 4763 3062 4833 ὅμοιόν
3109 4764 3259 4815 ἐστιν
3292 4760 3483 4830 ὧσπερ
3531 4761 3596 4811 ἂν
3655 4762 3829 4822 εἴτις

2257 4853 2482 4920 μηδενὸς
2511 4849 2830 4920 ἀγνοοῦντος
2866 4854 3155 4924 παρελθὼν
3204 4852 3575 4922 ἐπηγγέλλετο
3612 4852 3716 4920 μὲν
3744 4851 3832 4901 λέο

2252 4959 2372 5009 γειν
2405 4944 2454 4995 τί
2494 4945 2609 4996 ἐστι
2667 4945 2975 5016 ἄνθρωπος,
3015 4946 3208 5000 ἔπειτα
3260 4946 3441 5013 λέγειν
3496 4944 3826 5012 ἀρξάμενος,

2254 5033 2282 5083 ὃ
2323 5030 2421 5100 μὲν
2462 5033 2612 5085 ἐστιν
2645 5034 2933 5105 ἄνθρωπος
2962 5035 3137 5086 εἰπεῖν
3195 5034 3295 5086 οὐκ
3330 5030 3502 5104 εἶχεν,
3534 5032 3571 5086 ἃ.
3623 5032 3667 5085 δ’
3728 5033 3827 5083 οὐκ

2252 5116 2408 5170 ἔστιν
2431 5119 2741 5187 ἄνθρωπος,
2796 5121 2976 5174 πάντα
3011 5122 3254 5192 σωρηδὸν
3285 5123 3586 5193 ἀπηρνεῖτο
3637 5120 3716 5190 μὴ
3744 5115 3822 5175 εἷ·

2253 5225 2362 5273 ναι,
2398 5208 2525 5278 βοῦν
2555 5214 2647 5263 καὶ
2678 5213 2844 5265 ἵππον
2872 5212 3071 5284 δηλαδὴ
3109 5214 3202 5265 καὶ
3256 5212 3460 5266 κύκνον
3521 5214 3616 5264 καὶ
3650 5207 3824 5279 xopte-

2255 5318 2375 5370 νην,
2419 5304 2513 5354 καὶ
2543 5305 2716 5357 ὁπόσα
2755 5306 2845 5356 τὸν
2874 5306 3039 5376 ὑγρὸν
3069 5307 3126 5357 ὲν
3158 5305 3397 5379 θαλάττῃ
3446 5304 3624 5369 διάγει
3686 5301 3820 5370 βίον.

2258 5395 2491 5447 Ἔπειτα
2530 5395 2629 5448 καὶ
2669 5395 2930 5467 βραχείας
2961 5398 3183 5466 κομίζει
3220 5400 3412 5468 ῥήσεις
3433 5395 3693 5463 Μαξίμου
3730 5391 3821 5445 τοῦ

2254 5488 2427 5552 θείου,
2469 5487 2589 5559 μηδ’
2627 5491 2797 5553 αὐτὰς
2826 5490 3091 5554 λελοιπὼς
3120 5490 3355 5553 ἀπαθεῖς
3394 5488 3526 5557 μηδὲ
3558 5493 3655 5555 τῆς
3676 5486 3821 5555 αὖτῴ

2257 5580 2522 5648 συνήθους
2559 5580 2689 5633 ἄνευ
2717 5580 3078 5651 παραφθορᾶς
3104 5597 3117 5610 '
3140 5581 3255 5642 πῶς
3284 5581 3395 5651 γὰρ
3431 5582 3494 5634 ἂν
3519 5584 3545 5633 ὁ
3572 5581 3710 5649 ἀνὴρ
3732 5582 3825 5648 ἁρ-

2253 5671 2444 5739 νηθείη
2482 5672 2650 5732 πάθος
2694 5672 2793 5740 ἤδη
2831 5673 3140 5725 παλαιωθὲν
3169 5674 3264 5725 καὶ
3310 5676 3475 5743 μήκει
3513 5672 3572 5742 ίί.
3607 5671 3714 5726 Ξίὸ
3763 5667 3817 5738 [ιι

2252 5764 2447 5835 χρόνον
2489 5764 2789 5833 βεϐαιωοὲν
2824 5767 2917 5820 καὶ
2941 5760 3051 5817 οἷον
3086 5768 3163 5830 εἰς
3199 5767 3362 5835 φύσιν
3419 5770 3595 5834 τούτῳ
3650 5780 3818 5837 μετα-
