4060 6204
498 302 608 370 4‘27

1710 298 2127 364 NlCEPHORi
2164 304 2547 370 GREGORIE

3644 308 3749 376 £38

501 420 857 479 consentiens
882 420 1129 476 Palamas
1158 417 1433 488 duplicem
1456 417 1737 471 Christum
1763 435 1826 471 ex
1861 417 2075 471 duabus

2198 424 2275 473 υἱ
2307 424 2571 493 Παλαμᾶς
2599 426 2727 478 ὄντα
2760 426 2982 481 διπλοῦν
3020 429 3107 481 to:
3138 428 3373 497 Χριστὸν
3416 426 3524 479 κάκ
3571 429 3746 495 μόνων

505 526 713 573 tantum
731 516 963 579 ua:uris,
984 514 1205 569 deitatis
1228 521 1282 565 et
1304 510 1683 575 humanitatis,
1702 508 2069 578 compositum

506 615 559 667 in
590 610 861 681 triplicem
890 608 942 661 in
984 616 1166 659 monte
1189 604 1409 658 'l'habor
1434 603 1779 655 immutatum
1803 602 2075 655 docuerit.

505 704 678 758 Aliam
698 702 843 755 enim
864 698 1095 752 inediam
1129 698 1422 749 incrcatam
1448 695 1704 747 dcitatcnt
1726 694 1903 746 lucem
1926 692 2074 746 illam

508 797 887 866 interpositam
913 793 1048 847 dixit
1069 788 1368 844 secundum
1400 788 1651 842 Proclum
1674 786 1849 838 locum
1878 784 2078 837 habere

508 893 651 944 inter
675 888 987 942 absolutum
1015 893 1070 945 et
1102 898 1212 935 non
1246 880 1559 934 absolutum
1594 888 1649 932 et
1691 893 1810 931 esse
1843 876 1895 929 id
1930 874 2076 944 quod

506 982 799 1053 participat
849 988 905 1033 et
960 975 1106 1046 quod
1159 974 1543 1045 participatur.
1594 972 1660 1025 Et
1711 987 1816 1039 qua
1877 951 2079 1037 ubique

510 1075 669 1128 malis
698 1072 915 1126 artibus
947 1068 1227 1123 abundare
1256 1068 1488 1129 solebat,
1518 1064 1719 1117 ibidem
1750 1063 1992 1116 inereato
2027 1067 2081 1112 et

508 1163 851 1221 inessmtiali
883 1161 1097 1216 visubile
1126 1159 1372 1221 addidit;
1398 1159 1513 1210 haec
1540 1171 1671 1210 vero
1701 1153 1939 1210 conferri
1970 1168 2078 1206 non

509 1268 777 1329 possunt;
812 1270 913 1309 nec
947 1265 1191 1313 veretur,
1215 1266 1281 1305 ne
1318 1250 1471 1304 falsis
1510 1245 2080 1319 argumentationibus

508 1362 703 1405 testem
739 1349 886 1403 illum
919 1355 976 1401 et
1017 1345 1263 1399 divinum
1307 1350 1363 1395 et
1408 1340 1873 1409 sapientissimum
1910 1335 2081 1389 Maxi—

510 1461 658 1499 mum
698 1441 895 1512 puerili
946 1451 1197 1492 sermone
1240 1444 1297 1489 et
1348 1432 1813 1503 blasphemiarum
1860 1429 2083 1498 ineptiis

513 1552 645 1589 usus
668 1541 950 1602 coarguat.
973 1531 1082 1584 Nec
1104 1528 1251 1583 enim
1279 1525 1551 1580 intellexit
1576 1523 1724 1578 illius
1748 1522 2081 1585 doctrinam,

511 1642 673 1695 supra
704 1624 887 1677 omnia
924 1636 1044 1691 quae
1079 1620 1411 1689 participant
1441 1627 1498 1672 et
1531 1630 1652 1684 quae
1682 1613 2086 1684 participantur

511 1736 633 1775 esse
670 1719 724 1771 in
767 1716 1046 1770 inﬁnitum
1094 1709 1299 1766 elatum
1332 1712 1526 1765 Deum.
1562 1709 1619 1762 Si
1668 1708 1817 1762 enim
1857 1705 2083 1776 partici-

2177 515 2325 566 δυοῖν
2356 518 2597 584 φύσῑων,
2662 518 2920 590 θεότητος
2958 521 3103 589 λέγω
3164 523 3257 573 καὶ
3304 519 3746 586 ἁνθμυπότητος.

2180 604 2456 673 σύνθετον,
2488 613 2567 671 εἰς
2598 613 2859 681 τριπλοῦν
2899 613 3062 676 αὐτὸς
3102 613 3265 665 αύτὸν
3308 611 3451 665 κατὰ
3477 611 3539 663 τὸ
3568 610 3756 662 Θαῦὠ-

2184 714 2297 766 ριον
2332 700 2687 770 ἐδογμάτισεν
2723 704 2847 775 ὁρος
2908 704 3364 772 μεταπεπλάσθαι
3391 718 3407 735 ·
3453 703 3628 773 μέσην
3647 701 3756 769 γὰρ

2180 793 2349 859 ἄλλην
2420 797 2678 849 ἄκτιστον
2748 797 3122 869 παρεμὸαλὼν
3197 798 3451 866 θεότητα,
3508 796 3572 848 τὸ
3638 794 3756 862 φῶς

2181 887 2377 952 ἐκεῖνο,
2417 888 2721 960 ὑφειμένην
2751 891 2987 962 ἐκήρυξε
3044 891 3114 963 [ί.
3174 889 3281 946 246
3328 889 3385 963 α]
3439 890 3536 943 καὶ
3592 887 3756 947 αὐτὸς

2183 978 2323 1029 κατὰ
2366 979 2607 1049 Πρόκλον
2632 980 2936 1049 κεκτῆσθαι
2972 981 3072 1052 τὴν
3104 982 3259 1047 τάξιν
3304 977 3509 1051 μεταξὺ
3544 976 3757 1031 τελείου

2185 1074 2278 1125 καὶ
2310 1072 2557 1135 ἀτελοῦς,
2597 1076 2688 1125 καὶ
2736 1074 2966 1143 μετέχον
3022 1075 3118 1127 καὶ
3164 1074 3531 1143 μετεχόμενον
3587 1065 3755 1123 εἶναι.

2186 1163 2295 1215 Καὶ
2318 1162 2377 1214 τό
2400 1180 2464 1231 γε
2522 1163 2835 1232 εἰθισμένον
2889 1165 3038 1234 αύτῷ
3098 1166 3443 1218 πλεονεκτεῖν
3502 1161 3757 1229 πανταχῆ

2182 1259 2297 1321 τοῖς
2348 1261 2561 1323 κακοῖς,
2587 1259 2897 1333 προσέθηκε
2929 1260 3213 1315 κάνταῦθα
3273 1261 3366 1314 καὶ
3416 1260 3580 1317 αὐτὸς
3616 1258 3759 1310 οἰκος

2184 1348 2276 1404 θεν
2302 1350 2378 1420 τῷ
2405 1351 2647 1423 ἁκτίστῳ
2675 1354 2769 1405 καὶ
2795 1355 3031 1423 ἀνουσίῳ
3082 1353 3144 1406 τὸ
3208 1352 3424 1423 ὁρατὸν,
3483 1350 3658 1403 ταῦτα
3693 1348 3757 1418 δὴ

2183 1440 2251 1491 τὰ
2284 1439 2628 1512 ἀξύμὸλητα.
2688 1445 2797 1497 Καὶ
2819 1445 2919 1497 οὐκ
2951 1445 3185 1499 αίδεῖται
3250 1442 3608 1511 συκοφαντῶν
3663 1442 3759 1491 καὶ

2188 1527 2444 1599 μάρτυρα
2471 1532 2740 1601 παράγων
2777 1532 2871 1584 τὸν
2897 1532 3210 1600 σοφώτατον
3241 1525 3448 1584 ἐκεῖνον
3490 1530 3587 1582 καὶ
3616 1528 3760 1580 θεῖον

2186 1616 2441 1687 Μάξιμον
2491 1620 2607 1681 τοῖς
2675 1619 2961 1689 βρεφικοῐς
3022 1620 3189 1673 αὑτοῦ
3255 1620 3590 1687 ψελλίσμασι
3667 1623 3761 1669 καὶ

2189 1707 2535 1779 βλασφήμοις
2577 1711 3078 1782 παραληρήμασιν.
3115 1712 3249 1765 oste
3276 1713 3385 1783 γὰρ
3431 1710 3543 1763 οὐδ’
3586 1712 3765 1764 ἐκεῖνο

514 1821 636 1881 pata
685 1810 777 1863 illa
825 1807 919 1861 lux
968 1805 1223 1860 eumdem
1257 1816 1384 1857 cum
1431 1798 1787 1871 participanti
1830 1797 2083 1852 ordinem

2198 1802 2427 1873 συνῆκεν
2447 1804 2658 1857 ἐκείνου
2692 1804 2945 1873 λέγοντος
3002 1803 3184 1869 αὖθις,
3241 1804 3316 1867 ὡς
3378 1802 3599 1856 πάντων
3654 1803 3765 1854 τῶν

513 1905 702 1966 habet,
738 1911 792 1955 et
824 1901 878 1954 iu
912 1898 1186 1953 inﬁnitum
1213 1896 1393 1952 eidem
1430 1909 1555 1949 cum
1583 1891 1852 1947 creaturis
1884 1889 2081 1944 rationi

512 1996 758 2067 subjecta
784 2002 889 2059 est,
921 1992 1014 2046 ﬁet
1037 2005 1103 2045 ex
1131 1989 1345 2045 duobus
1374 1988 1631 2042 alterum.
1654 1984 1788 2039 Nam
1818 1993 1911 2036 aut
1934 1997 2086 2035 crea-

517 2100 640 2144 tura
674 2089 818 2142 idem
845 2102 908 2140 ac
938 2083 1327 2155 partieipantia
1359 2095 1545 2149 opera.
1580 2086 1675 2131 aut
1709 2074 1891 2131 omnia
1923 2071 2085 2144 483

512 2180 897 2254 participantia
928 2191 1096 2245 Opera
1125 2182 1290 2229 erunt
1316 2172 1543 2225 omnino
1575 2169 1841 2224 increata.
1871 2164 2085 2218 Etenim

511 2274 758 2345 ejusdem
807 2268 1046 2339 duplicia
1084 2268 1230 2320 inter
1278 2279 1336 2318 se
1386 2262 1613 2317 omnino
1661 2259 1809 2330 paria
1857 2268 1985 2313 sunt
2033 2267 2089 2311 et

431 2390 437 2397 ο
512 2363 761 2435 ejusdem
796 2360 1025 2415 dimidia
1081 2355 1335 2411 similiter
1390 2354 1535 2406 inter
1581 2367 1640 2405 se
1700 2349 1870 2419 paria,
1923 2348 2086 2419 etiam

515 2456 742 2511 omnino
786 2450 1033 2521 ejusdem
1091 2449 1145 2503 in
1201 2446 1479 2500 inlinitum
1536 2442 1781 2513 subjecta
1829 2440 1975 2494 inter
2029 2453 2089 2493 se

516 2548 671 2618 paria
704 2552 833 2598 sunt
880 2551 933 2596 et
965 2538 1213 2611 ejusdem
1261 2534 1422 2607 pretii
1457 2542 1513 2589 et
1558 2532 1792 2593 ordinis,
1836 2530 1982 2600 quod
2022 2529 2087 2585 ad

517 2638 853 2693 creationem
893 2643 948 2687 et
1001 2628 1400 2701 subjectionem
1454 2625 1717 2695 pertinet.
1752 2622 1888 2677 Nam
1921 2635 2091 2691 supra

511 2729 633 2783 haec
683 2727 737 2781 in
777 2724 1054 2779 infinitum
1092 2721 1274 2774 elatus
1319 2728 1406 2773 est
1442 2717 1608 2779 Deus,
1658 2715 1773 2769 haec
1814 2712 1999 2767 omnia
2034 2712 2089 2766 in

516 2821 795 2878 infinitum
852 2815 1115 2870 inferiora
1170 2812 1278 2864 Deo
1308 2820 1435 2864 sunt
1488 2818 1542 2862 et
1597 2808 1778 2862 locum
1828 2804 2087 2861 eumdem

516 2926 642 2968 cum
666 2910 936 2966 creaturis
965 2906 1186 2959 habent.
1220 2901 1418 2955 Eadem
1446 2901 1656 2954 ratione
1681 2913 1908 2966 magnus
1940 2896 2093 2950 Basi-

516 3004 624 3060 lius
666 3017 786 3070 qua:
837 3014 961 3053 cum
1012 2994 1207 3050 eadem
1254 3008 1513 3046 mensura
1550 2992 1605 3045 in
1655 3004 1986 3060 quacunque
2030 3004 2088 3044 re

517 3094 781 3154 eradunt,
818 3092 962 3145 inter
993 3101 1113 3141 sese
1143 3085 1295 3154 paria
1323 3074 1445 3138 esse
1476 3084 1629 3137 dicit.

2189 1895 2361 1949 ὄντων
2421 1896 2517 1949 καὶ
2577 1898 2923 1966 μετεχόντων
2980 1898 3079 1949 καὶ
3126 1894 3405 1965 μεθεκτῶν
3470 1894 3767 1962 ἀπειράκις

2189 1988 2433 2060 ἀπείρως
2457 1988 2866 2061 ὁπερεξῄρητσιι
2896 1991 2924 2043 ὁ
2955 1988 3113 2051 Θεός.
3145 1989 3210 2041 Ei
3238 1989 3344 2058 γὰρ
3402 1988 3463 2039 τὸ
3499 1985 3766 2055 μεθεκτδν

2189 2080 2365 2132 ἐκεῖνο
2391 2080 2509 2149 φῶς
2552 2080 2650 2150 τὴν
2681 2080 2849 2151 αὐτὴν
2880 2081 2958 2151 τῷ
2996 2082 3284 2150 μετέχοιτι
3314 2080 3472 2143 τάξιν
3516 2079 3653 2148 ἔχει,
3674 2085 3767 2129 κιὶ

2190 2174 2488 2244 ἀπειράκις
2566 2174 2817 2244 ἀπείρως
2878 2174 3095 2242 ὑφεῖται
3135 2173 3227 2226 τὸν
3285 2173 3449 2225 αὑτὸν
3481 2174 3597 2233 τοῖς
3653 2172 3769 2221 κτί-

2195 2282 2370 2334 σμασι
2409 2265 2631 2335 τρόπον,
2660 2266 2815 2318 ἐσται
2843 2265 2954 2338 ἄρα
2985 2265 3129 2318 δυοῖν
3155 2265 3382 2332 θάτερον
3402 2279 3416 2294 ’
3446 2263 3478 2333 ἢ
3521 2263 3633 2331 γὰρ
3653 2264 3764 2313 xti-

2201 2374 2316 2427 σμα
2340 2357 2433 2411 καὶ
2460 2358 2594 2411 αύτὸ
2629 2357 2772 2411 κατὰ
2794 2358 2994 2411 ταυτὸν
3027 2360 3139 2419 τοῖς
3186 2356 3473 2426 μετέχουσι
3520 2355 3759 2423 ποιήμα-

2193 2444 2308 2512 σιν,
2336 2450 2369 2519 ἢ
2396 2448 2466 2501 τὰ
2490 2450 2790 2519 μετέχοντα
2821 2451 3000 2503 πάντα
3046 2451 3330 2518 ποιήματα
3382 2448 3600 2498 ἔσονται
3629 2447 3767 2498 πάν.

2192 2556 2301 2602 τως
2334 2539 2590 2597 ἄκτιστα.
2630 2541 2720 2603 Ὠς
2750 2541 2859 2612 γὰρ
2908 2540 2979 2593 τά
3007 2523 3103 2593 τοῦ
3143 2537 3614 2593 αὐτοῦ’διπλάσια
3674 2537 3770 2587 ίσα

2192 2631 2444 2702 ἀλλήλοις
2476 2632 2863 2702 ἀναμφιὸόλως
2898 2634 3038 2698 ἐστὶ,
3071 2632 3163 2685 καὶ
3223 2630 3291 2684 αὖ
3342 2630 3410 2682 τὰ
3463 2630 3557 2682 τοῦ
3593 2626 3768 2681 αὑτοῦ

2193 2739 2255 2791 γε
2283 2724 2457 2795 ἡμίση
2501 2724 2589 2777 ίσα
2628 2724 2828 2794 ὁμοίως
2854 2724 3131 2794 ἀλλήλοις,
3194 2723 3366 2775 ἔπειτ’
3429 2721 3495 2775 ἂν
3546 2721 3769 2781 πάντως

2194 2817 2289 2869 καὶ
2318 2817 2388 2869 τὰ
2413 2815 2508 2869 τοῦ
2540 2815 2708 2870 αὑτοῦ
2749 2816 3044 2887 ἀπειράκις
3074 2815 3324 2886 ἀπείρως
3371 2811 3641 2882 ὑφειμένα
3673 2812 3767 2862 [σα

2193 2909 2446 2979 ἀλλήλοις
2480 2906 2625 2962 εἶναι
2663 2910 2762 2962 καὶ
2793 2911 3033 2980 ὁμότιμα
3076 2910 3174 2962 καὶ
3202 2907 3449 2978 ὁμοταγῆ
3506 2906 3648 2958 κατά
3702 2920 3767 2972 γε

2192 3003 2256 3054 τδ
2287 3000 2536 3054 ἐκτίσθαι
2564 3000 2659 3053 καὶ
2680 3000 2955 3068 ὑφεῖσθαι·
2983 2993 3056 3053 ὧν
3077 3002 3187 3068 γὰρ
3209 2998 3503 3067 ἀπειράκις
3524 2997 3769 3061 άπείςως

2196 3090 2603 3162 ύπερεξῄρηται
2619 3091 2647 3143 ὁ
2663 3090 2817 3154 Θεὸς,
2835 3090 3008 3144 ταῦτα
3025 3090 3181 3143 πάντ’
3211 3088 3503 3157 ἀπειράκις
3522 3087 3771 3155 ἀπείρως

520 3185 739 3255 ὑφεῖται
767 3180 864 3234 τοῦ
893 3176 1029 3231 θεοῦ
1062 3180 1156 3229 καὶ
1186 3176 1370 3247 χώραν
1397 3174 1482 3225 ἐπ’
1515 3174 1636 3243 ῐσης
1697 3173 1811 3243 ἔχει
1840 3178 1952 3239 τοῖς
1990 3178 2249 3254 κτίσμασι
2273 3183 2373 3251 τὴν
2420 3182 2609 3253 αὑτήν.
2640 3165 2939 3250 Μετὰ-γὰρ
2986 3182 3083 3246 τῆς
3115 3181 3288 3250 αὐτῆς
3325 3179 3633 3248 ἐπιστήμης
3670 3179 3773 3229 καὶ

516 3280 545 3327 ὁ
612 3277 789 3346 μέγας
846 3272 1046 3343 φάσκει
1113 3269 1396 3328 Βασίλειος
1430 3266 1497 3318 τὰ
1528 3266 1586 3317 ὲν
1642 3266 1721 3334 τῷ
1770 3266 1920 3335 αύτῷ
1981 3271 2164 3343 μέτρῳ
2222 3273 2354 3343 παρ’
2405 3272 2630 3326 ὁτουοῦν
2699 3272 3079 3342 ὑπερεχόμενον.
3136 3273 3243 3324 tua.
3284 3269 3534 3339 ἀλλήλοις
3600 3263 3767 3319 εἶναι.

594 3368 705 3423 VII.
741 3365 847 3420 Sed
878 3365 946 3417 de
973 3362 1060 3415 bis
1079 3361 1188 3431 jam
1216 3359 1369 3413 satis.
1392 3354 1640 3411 Audistis
1668 3358 1815 3411 enim
1846 3374 2091 3425 causam,

2269 3366 2345 3418 Z'.
2390 3365 2552 3418 Ἀλλά
2582 3364 2789 3418 τούτων
2836 3364 2934 3433 μὲν
2964 3363 3119 3425 ἃλις·
3167 3361 3319 3431 ἔχετε
3352 3362 3459 3428 γὰρ
3500 3359 3773 3428 μαθόντες

519 3478 618 3517 cur
642 3458 926 3529 sequentia
953 3455 1097 3511 sacri
1121 3451 1394 3509 Sermonis
1423 3450 1646 3505 silentio
1678 3452 2095 3519 praetermiserit

524 3554 774 3615 dimidia,
797 3560 851 3603 et
882 3548 951 3603 ab
985 3548 1133 3601 illius
1164 3543 1439 3599 sententia
1475 3543 1634 3613 plane
1668 3543 1957 3596 alrerrarit.
1987 3540 2097 3596 Vo-

524 3648 629 3701 luit
662 3645 809 3699 enim
856 3640 1136 3695 Christum
1170 3636 1224 3690 in
1267 3635 1487 3703 'l'habor
1518 3634 1785 3703 triplicem
1824 3634 2096 3689 redditum

525 3752 575 3793 et
607 3733 961 3807 principalem
982 3740 1039 3785 et
1068 3728 1335 3785 internum
1354 3728 1644 3781 ostendere
1671 3741 1767 3795 per
1790 3726 1906 3796 ejus
1927 3725 2100 3779 deita-

529 3846 658 3894 tem,
693 3840 745 3883 et
782 3826 927 3897 quod
959 3824 1159 3877 attinet
1206 3822 1385 3876 lucem
1427 3820 1575 3874 illam
1614 3830 1726 3874 tum
1779 3822 1924 3875 circa
1971 3835 2100 3874 eum

530 3927 752 3985 iactant,
786 3916 1007 3973 Christo
1034 3928 1157 3969 esse
1188 3912 1326 3967 duas
1363 3911 1641 3966 increatas
1679 3910 1934 3972 deitates,
1966 3909 2102 3963 duas

531 4030 696 4083 porro
730 4012 1002 4064 increatas
1038 4004 1374 4066 voluntates,
1419 4002 1639 4057 tertiam
1675 4002 2101 4056 humanitatem.

533 4108 664 4160 Dein
691 4106 779 4158 ubi
809 4103 1055 4156 divinum
1093 4097 1385 4151 Maximum
1413 4094 1587 4147 audiit
1608 4094 1879 4147 dicentem
1913 4093 2103 4145 volun-

532 4208 642 4250 tate.
694 4195 974 4249 Creatoris
1026 4191 1219 4245 lactant
1278 4203 1423 4253 esse,
1480 4202 1591 4240 non
1648 4200 1810 4255 posse
1860 4199 2102 4254 unquam

532 4288 733 4342 volenti
774 4300 892 4339 eam
923 4283 1037 4336 lieri
1063 4292 1413 4343 comternam,
1440 4280 1727 4347 tripliciter
1760 4287 1816 4331 et
1853 4277 2101 4344 quadru-

532 4379 746 4447 pliciter
784 4375 989 4436 divisit,
1024 4382 1079 4426 et
1112 4388 1273 4441 quam
1308 4380 1515 4439 partem
1560 4368 1711 4423 falsis
1748 4370 2103 4443 argumenta~

533 4472 775 4525 tionibus
837 4464 1005 4538 484
1053 4472 1367 4535 pervertere
1416 4469 1629 4531 poterat
1690 4462 1948 4525 sustulit;
1997 4478 2103 4515 cae-

536 4568 666 4620 teris
707 4563 965 4615 nmnitius
1000 4556 1271 4647 pepercit;

612 4833 745 4887 Vlll.
783 4832 910 4885 lizec
943 4818 1069 4885 eum
1104 4828 1265 4882 finem
1308 4827 1641 4880 habuerunt.
1674 4824 1791 4880 Jatn
1827 4826 2099 4894 reliquum

540 4934 623 4978 est
675 4922 1008 4985 ostendere,
1070 4919 1201 4987 quid
1259 4917 1551 4971 invisibilis
1609 4917 1831 4971 dcitatis
1880 4918 2107 4987 glariunt

537 5014 752 5088 aperire
790 5010 1089 5081 signiticet,
1127 5008 1273 5062 unde
1310 5016 1571 5077 tanquam
1610 5024 1641 5061 e
1679 5007 1867 5061 radice
1906 5006 2107 5060 factum
2146 5046 2149 5051 .

538 5120 619 5161 cst.
679 5103 976 5174 quondam,
1029 5110 1089 5153 ut
1139 5100 1411 5154 Eusebius
1464 5099 1955 5154 lconontacborum
2016 5098 2108 5151 ille

537 5208 785 5257 antistes,
819 5207 965 5245 nunc
998 5201 1179 5243 autem
1214 5190 1481 5253 l’alamas,
1513 5190 1709 5243 similis
1737 5191 2110 5258 improbitatis

539 5285 954 5351 auctor,mttltis
975 5281 1257 5334 erroribus
1284 5282 1613 5350 simpiicium
1641 5282 1925 5336 hominum
1952 5298 2114 5336 aures

543 5376 893 5447 itnplicncrit,
936 5390 1059 5431 cum
1093 5373 1354 5441 opinione
1388 5390 1500 5441 ipse
1536 5382 1784 5429 uteretur
1819 5390 1948 5428 sane
1982 5389 2107 5442 pcr-

539 5474 745 5526 naciosa
775 5481 829 5521 et
858 5469 995 5519 alios
1036 5464 1293 5516 similiter
1319 5480 1382 5517 ea
1413 5464 1518 5516 l'rui
1552 5474 1794 5531 cogeret.
1827 5464 1925 5517 Cui
1959 5467 2106 5519 enim

538 5573 787 5618 ςυιιιυιιιι
827 5557 1065 5612 amentia
1112 5557 1439 5609 sententiain
1489 5557 1656 5625 cepit,
1703 5567 1761 5610 ut
1808 5558 2111 5611 Αιιωιιίρη-

539 5670 682 5708 stunt
704 5658 834 5704 arce
868 5647 1141 5716 quondam
1196 5648 1513 5700 Pisistratus
1553 5657 1761 5714 potitus
1793 5650 2108 5702 orationum

541 5754 650 5800 dux
682 5742 784 5798 luit
817 5758 917 5796 suo
941 5740 1089 5809 jure,
1126 5742 1168 5791 is
1204 5755 1268 5790 nc
1302 5739 1588 5791 minimum
1624 5741 1843 5807 quidem
1882 5743 1948 5794 de
1976 5758 2109 5809 qua-

2197 3458 2297 3528 τὴν
2332 3458 2513 3510 αἰτίαν
2550 3456 2618 3509 δι’
2647 3458 2713 3526 ἢν
2744 3455 2815 3508 τὰ
2845 3456 2973 3525 ἑξῆς
3025 3454 3124 3521 τῆς
3187 3451 3283 3506 τοῦ
3336 3451 3494 3519 άγίου
3552 3452 3773 3521 ρήσεως

2202 3549 2508 3621 σεσιγηκὼς
2566 3548 2803 3619 ἡμιτελῆ
2868 3550 2965 3602 καὶ
3019 3548 3112 3600 τὸν
3163 3545 3378 3599 ἐκείνου
3429 3541 3779 3611 συγκαταλέ-

2200 3646 2356 3698 λοιπε
2416 3643 2562 3696 νοῦν.
2632 3643 2965 3713 Βουλόμενος
3002 3643 3112 3712 γὰρ
3160 3640 3247 3691 ἶνα
3316 3636 3579 3709 τριπλοῦν
3632 3636 3780 3688 κατά

2203 3735 2456 3787 σύνθεσιν
2488 3737 2545 3785 ἐν
2582 3732 2660 3801 τῷ
2690 3732 2960 3802 Θαεωρίῳ
3017 3726 3336 3799 πεποιηκὼς
3385 3729 3479 3779 τὸν
3539 3727 3779 3796 Χριστὸν

2203 3826 2536 3895 συνάναρχόν
2567 3841 2623 3877 τε
2676 3826 2771 3877 καὶ
2833 3821 3102 3875 συναῖδιον
3156 3818 3414 3888 ἀποδείξῃ
3466 3819 3531 3888 τῇ
3593 3816 3770 3870 αὑτοῦ

2202 3919 2414 3988 θεότητι
2441 3918 2534 3969 καὶ
2556 3916 2615 3970 τὸ
2640 3916 2767 3981 περὶ
2801 3913 2967 3967 αύτὸν
3026 3913 3206 3964 ἐκεῖνο
3260 3909 3563 3979 τηνικαῦτα
3616 3907 3780 3974 γενόο

2206 4022 2364 4076 μενον
2399 4004 2536 4071 φῶς,
2566 4003 2642 4065 ὡς
2673 3999 2807 4055 εἶναι
2838 4001 2916 4070 τῷ
2956 3998 3178 4069 Χριστῷ
3222 3996 3317 4050 δύο
3350 3996 3450 4066 μὲν
3484 3994 3783 4054 ἀκτίστους

2203 4096 2413 4150 ἐκεῖθεν
2440 4096 2703 4165 θεότητας
2734 4094 2830 4146 τοῦ
2869 4092 3082 4155 λοιποῦ,
3117 4090 3210 4143 δύο
3248 4090 3294 4142 δ’
3334 4085 3647 4147 ἀκολούθως
3674 4087 3782 4137 ἀκ-

2204 4190 2421 4249 τίστους
2461 4186 2734 4252 θελήσεις,
2798 4186 2894 4236 καὶ
2948 4182 3140 4253 τρίτην
3192 4180 3291 4249 τὴν
3351 4176 3784 4247 deﬁnitam-:3.

2206 4279 2379 4332 ἔπειτ’
2404 4279 2826 4347 ἀπαγορεύοντα
2856 4277 3197 4344 θεασάμενος
3226 4272 3315 4323 τὸν
3345 4271 3490 4323 θεῖον
3522 4269 3786 4336 Μςὶξιμυν

2185 4374 2262 4426 οέν
2292 4372 2496 4440 ταυτῴ,
2535 4372 2649 4432 καὶ,
2691 4388 2708 4419 ι
2750 4370 2821 4420 Τὸ
2848 4368 3067 4436 θελήσει
3098 4366 3189 4417 τοῦ
3219 4363 3586 4426 πεποιηκότος
3632 4360 3789 4427 γενό-

2209 4481 2396 4531 μενον,
2429 4480 2446 4513 ι
2483 4463 2739 4524 λέγοντα,
2768 4478 2785 4509 ι
2823 4462 2924 4512 οὐκ
2966 4461 3030 4511 iv
3071 4460 3154 4526 εἴη
3196 4455 3323 4508 ποτὲ
3358 4454 3436 4523 τῷ
3490 4453 3789 4523 θελήσαντι

2207 4555 2342 4607 αύτὸ
2373 4553 2630 4622 γενέσθαι
2662 4552 2957 4613 συναῖδιον,
2988 4569 3007 4600 ι
3061 4550 3227 4619 τριχῆ
3262 4547 3356 4600 καὶ
3405 4545 3648 4615 τετραχῆ
3700 4562 3789 4596 τεο

2214 4649 2471 4716 μαχίσας,
2496 4645 2525 4697 ὁ
2567 4645 2669 4714 μὲν
2704 4644 2937 4713 ἐδυνήθη
2967 4640 3382 4710 συκνιφαντῆσαι
3417 4638 3509 4690 καὶ
3529 4638 3790 4707 δισστρὲ·

2144 4778 2184 4827 n
2208 4743 2305 4808 ψαι
2333 4742 2518 4809 μέρος,
2549 4738 2783 4813 ειλήφεε,
2815 4738 2843 4787 ὅ
2870 4737 2913 4789 δ’
2944 4735 3028 4798 οῦ,
3056 4735 3211 4786 τοῦτο
3239 4732 3322 4786 οὗ.

2288 4833 2370 4884 ιιι.
2404 4831 2515 4883 Καὶ
2554 4830 2679 4882 τάδε
2711 4836 2810 4897 μὲν
2842 4827 3095 4893 τοιαύτην
3148 4830 3275 4894 ἔσχε
3320 4824 3419 4892 τὴν
3463 4822 3621 4875 λύσιν
3649 4837 3663 4853 ·
3692 4820 3790 4873 νῦν

2214 4924 2270 4976 δὲ
2292 4924 2462 4987 δεῖξαι
2496 4922 2808 4989 πρόκειται,
2845 4920 2896 4969 τί
2921 4920 2980 4970 τὸ
3011 4918 3108 4986 τὴν
3139 4918 3238 4984 τῆς
3265 4915 3499 4970 ἀθεάτου
3530 4914 3790 4984 θεότητος

2220 5011 2723 5083 παρανοῐξαιὸὁξαν
2753 5010 2854 5059 ωδε
2891 5009 3043 5075 δηλοῖ
3066 5022 3081 5036 ⁶
3139 5005 3391 5059 ἐντεῦθεν
3442 5007 3535 5058 καὶ
3568 5004 3683 5076 γὰρ
3714 5004 3790 5065 ὡς

2222 5111 2286 5158 ἐκ
2320 5106 2475 5172 ῥίζης
2508 5108 2655 5164 τινίς
2688 5102 2859 5152 πάλαι
2884 5102 2983 5169 μὲν
3018 5097 3266 5167 Εὑσεϐίῳ
3296 5098 3376 5167 τῷ
3431 5098 3538 5149 τῶν
3576 5098 3791 5149 Εἰκονοο

2222 5191 2417 5261 μάχων
2449 5191 2642 5259 ἐκείνῳ
2673 5189 2945 5259 προέδρῳ,
2995 5189 3090 5239 νῦν
3122 5188 3177 5239 δὲ
3218 5188 3453 5257 Παλαμᾷ
3490 5190 3792 5258 συνερρύη-

2222 5300 2306 5346 κε,
2337 5284 2431 5351 τῆ.
2463 5282 2657 5351 ὁμοίας
2684 5283 2880 5341 κακίας
2908 5279 3191 5350 ἠργμένῳ,
3264 5282 3483 5348 μακρᾶς
3518 5282 3620 5347 τῆς
3655 5282 3790 5331 πλα-

2219 5391 2313 5441 νη,
2356 5375 2452 5433 τὰς
2518 5375 2629 5425 τῶν
2677 5374 3066 5444 ἁπλουστέρων
3124 5372 3542 5442 ἐμπεπληκέναι
3599 5375 3791 5436 ἀκοὰς,

2219 5466 2364 5535 ούτῴ
2394 5484 2451 5517 τε
2488 5469 2762 5535 παρανοίᾳ
2795 5467 3128 5535 χρησαμένῳ
3156 5466 3301 5536 μάλα
3324 5483 3375 5518 τι
3407 5467 3665 5535 ὀλεθρίῳ,
3700 5482 3792 5518 και

2218 5560 2334 5627 ἅμα
2374 5559 2553 5628 ἐκυτῴ
2584 5561 2707 5620 τοὺς
2758 5560 2953 5621 ἄλλους
2987 5560 3186 5627 ὁμοίως
3251 5558 3491 5627 χρῆσθαι
3533 5558 3791 5627 βιαζομέ-

2219 5670 2291 5719 νῳ
2316 5668 2327 5680 ο
2358 5647 2399 5719 ᾦ
2426 5652 2534 5720 γὰρ
2572 5652 2667 5720 τὴν
2702 5652 2928 5720 γνώμην
2986 5652 3180 5704 σκολιά
3242 5669 3323 5714 τις
3380 5656 3782 5720 παραφροσύνη

2216 5744 2620 5813 χειρωσαμένη,
2666 5745 2918 5811 καθάπερ
2972 5745 3068 5812 τὴν
3132 5743 3434 5812 Ἀθηναίων
3488 5743 3783 5815 ἀκρόπολιν
