4060 6204
305 349 410 410 43?
1279 355 1728 418 ΒΥΖΑΝΤΙΝᾹΞ
1767 355 1898 416 IIIS

2004 359 2156 420 RL’E
2197 362 2342 426 LIB.
2391 363 2620 424 XXXV.

3465 357 3566 420 438

303 463 572 515 ἄκτιστον
605 460 793 534 κᾶλλην
850 463 1224 520 ἀνυπόστατον
1270 467 1468 535 φάσκει
1519 469 1771 540 θεοτητα,
1831 470 1896 523 τὸ

2004 488 2302 530 secundum
2339 487 2658 531 sanctorum
2701 475 2873 531 libros
2921 473 3130 544 efﬁgies
3160 483 3215 528 ct
3261 473 3564 544 syntbolnm

299 554 612 624 τηνικαῦτα
655 557 986 626 φαινόμενον
1037 557 1156 626 φῶς
1205 560 1264 613 ὲν
1306 560 1508 632 Θαῦὼρ
1556 561 1646 615 ἐπ’
1698 561 1888 628 αὐτοῦ,

301 649 401 698 καὶ
437 646 776 718 παράδειξιν,
807 649 868 700 οὐ
910 647 1118 716 δεῖξινς
1165 651 1320 722 Μηδὲ
1348 652 1460 723 γὰρ
1492 647 1632 706 εἶναι
1665 652 1892 706 δυνατὸν

299 739 578 808 ὁραθῆναι
639 743 754 804 τοῖς
815 742 1087 812 κτίσμασι
1143 743 1206 797 τὸ
1265 744 1526 806 ἄκτιστον
1583 745 1719 816 μηδὲ
1775 747 1893 810 τοῖς

301 833 756 903 πεπερασμένοις
777 835 838 887 τὸ
859 833 1086 906 ἄπειρον
1109 836 1281 905 λέγει.
1303 838 1464 908 Δηλοϊ
1487 838 1534 892 δ’
1563 839 1892 910 ἐναργέστε-

299 942 400 991 ρον
428 924 510 980 ἔτι
539 924 634 978 καὶ
676 925 708 978 ό
749 924 926 996 μέγας
955 927 1060 996 τῆς
1096 927 1431 1001 Ἐκκλησίας
1461 929 1622 984 τοῦτο
1659 931 1888 1002 φωστὴρ

304 1017 616 1088 Κύριλλος·
667 1037 690 1072 ι
745 1019 1072 1091 Πεπρᾶχθαι
1111 1021 1223 1094 γάρ
1272 1038 1455 1090 φαμεν
1497 1022 1598 1093 τὴν
1646 1021 1742 1075 106
1779 1022 1892 1076 Ku-

301 1110 449 1178 ρίου,
483 1129 500 1164 ι
533 1110 705 1179 λέγει,
734 1130 754 1165 ι
795 1113 1252 1184 μεταμόρφωσιν,
1279 1113 1341 1168 ού
1388 1113 1562 1185 δήπου
1587 1097 1665 1168 ’τὸ
1700 1114 1890 1186 σχῆμα

293 1203 364 1254 τὸ
419 1202 768 1273 ἀνθρώπινον
821 1205 1191 1267 ἀποϐαλόντος
1241 1201 1338 1257 τοῦ
1401 1203 1691 1273 σώματος,
1751 1201 1891 1256 ἀλλὰ

297 1293 466 1362 δόξης
507 1295 656 1358 τινὸς
703 1295 1034 1362 φωτοειδοῦς
1069 1294 1534 1368 περιστελλούσης
1566 1293 1698 1348 αὐτό
1721 1309 1736 1325 ·
1773 1293 1893 1364 μεί-

298 1401 498 1447 ναντος
525 1385 634 1454 γὰρ
661 1383 756 1437 106
799 1385 1058 1456 σώματος
1089 1385 1186 1438 ἐπὶ
1232 1383 1326 1438 τοῦ
1361 1385 1662 1456 σχήματος,
1701 1383 1795 1438 ἐπὶ
1829 1383 1892 1436 τὸ

299 1475 646 1546 ἐνδοξότερον
691 1479 742 1531 oi
777 1479 1136 1550 χαρακτῆρες
1171 1479 1262 1532 διὰ
1290 1477 1622 1548 φωτοειδοῦς
1655 1477 1890 1548 χρώμα-

275 1553 396 1626 ’τος
439 1565 864 1636 διεχρὼννυντο.
894 1587 913 1620 ι
949 1567 1016 1640 li.
1055 1567 1162 1624 249
1189 1567 1246 1640 a]
1281 1569 1342 1622 Εί
1369 1563 1466 1622 οὖν
1490 1569 1631 1622 κατὰ
1655 1569 1756 1632 τὰς
1781 1569 1892 1622 τῶν

297 1655 481 1723 ἁγίων
515 1660 738 1727 γραφὰς
780 1659 954 1724 τύπος
995 1661 1094 1715 καὶ
1141 1660 1414 1730 σύμϐολον
1469 1660 1730 1714 ἀκτίστου
1775 1657 1893 1712 θεό-

297 1765 470 1818 τητος
519 1745 590 1821 ἦν
631 1752 856 1806 κάκεῖνο
906 1755 970 1806 τὸ
1019 1753 1161 1822 φῶς,
1199 1754 1390 1824 ἕτερον
1435 1753 1659 1824 ἐκείνης
1699 1749 1767 1823 ἦν
1794 1753 1892 1806 καὶ

295 1843 408 1894 οὐκ
453 1843 664 1914 ἐκείνη,
699 1845 812 1899 οὐδ’
839 1845 1099 1910 ἄκτιστος
1129 1847 1324 1917 θεότης
1364 1847 1544 1900 εῐτουν
1578 1847 1758 1902 οὐσία.
1799 1846 1890 1910 Ὦς

297 1934 415 2001 γὰρ
472 1935 533 1987 τὸ
587 1933 776 2006 ἕτερον
817 1937 970 2007 παρὰ
1010 1935 1111 2006 τὴν
1159 1937 1391 2007 δύναμιν
1440 1935 1581 1991 κατὰ
1618 1937 1710 1990 τδν
1741 1936 1890 1989 Νυσ-

169 2057 188 2076 .
297 2027 446 2078 σαέα
497 2027 802 2098 Γρηγόριον
857 2027 1088 2092 δύναμις
1139 2029 1241 2082 οὑκ
1289 2029 1457 2096 ἐστιν,
1493 2027 1637 2082 οὕτω
1687 2027 1784 2083 καὶ
1829 2027 1892 2082 τὸ

295 2123 498 2192 ἕτερον
545 2123 698 2194 παρὰ
751 2123 852 2194 τὴν
914 2127 1083 2196 μόνην
1141 2123 1400 2179 ἄκτιστον
1458 2123 1648 2176 οὐσίαν
1697 2121 1893 2194 θεότης

295 2215 564 2279 ἄκτιστος
591 2217 688 2269 οὐκ
728 2215 904 2270 ἔστιν·
946 2217 1126 2286 είγὰρ
1156 2197 1442 2287 ἀλλη,’καὶ
1487 2217 1746 2279 ἄκτιστος
1796 2215 1894 2270 atati.

297 2307 562 2372 ἀνούσιος
615 2311 710 2362 καὶ
755 2309 1158 2370 ἀνυπόστατος.
1199 2309 1576 2381 ’Δνύπαρκτος
1619 2309 1752 2380 ἄρα,
1792 2310 1892 2364 καὶ

298 2401 366 2452 τ’)
408 2401 578 2464 σέϐας
634 2402 792 2456 ἁθεία
823 2405 1052 2478 σαφής.
1083 2403 1272 2466 Οὕτως
1326 2405 1392 2457 ὲκ
1447 2403 1550 2474 μὲν
1595 2403 1891 2467 πολυθεῖας

307 2495 638 2563 Παλαμικῆς
673 2497 754 2560 είς
804 2497 994 2551 ἀθεῖαν
1026 2497 1356 2568 Παλαμικὴν
1386 2500 1418 2570 ἡ
1449 2497 1705 2562 ἀνούσιος
1750 2497 1893 2567 αὕτη

309 2585 404 2636 καὶ
439 2586 820 2654 ἀνυπόστατος
852 2603 946 2642 νεα
972 2591 1068 2643 τοῦ
1101 2591 1338 2659 Παλαμᾶ.
1371 2591 1564 2660 θεότης
1599 2589 1678 2650 ⁸ίὲ
1710 2587 1772 2642 τδ
1797 2588 1892 2642 τοῧ

316 2677 549 2746 Παλαμᾶ
595 2678 872 2750 βάραθρον
919 2683 1050 2746 τοὺς
1107 2683 1520 2753 ἁπλουστέρους
1575 2682 1892 2750 ἐφέλκεται.

311 2769 422 2822 Καὶ
461 2770 550 2822 ἵνα
583 2770 924 2842 τελεωτέραν
959 2771 1037 2826 ἔτι
1066 2771 1165 2842 τὴν
1203 2773 1334 2844 περὶ
1362 2772 1456 2826 τοῦ
1481 2771 1658 2840 φωτὸς
1682 2770 1894 2824 ἐκείνου

302 2860 667 2916 διδασκαλίαν
697 2863 961 2934 ἐπιγνῷς,
1001 2865 1232 2918 ἀκούετε
1279 2863 1374 2920 τοῦ
1423 2865 1896 2938 Χρυσορῥήμονος

303 2951 472 3018 αὖθις
506 2956 779 3010 Ἰωάννου.
833 2955 918 3010 Ἑν
947 2957 1054 3024 γὰρ
1081 2958 1158 3024 τῷ
1191 2958 1330 3012 κατὰ
1367 2955 1467 3030 τὴν
1501 2957 1596 3012 τοῦ
1639 2955 1896 3026 Σωτῆρος

305 3048 590 3116 ἀνάληψιν
633 3048 774 3116 λόγῳ
826 3049 954 3122 τάδε
1008 3051 1269 3118 διέξεισι·
1309 3069 1327 3102 ι
1387 3049 1608 3120 Θαύμα,
1671 3069 1688 3102 ι
1736 3047 1895 3118 φησι,

1999 565 2259 620 ἰιιιιτρειαξ
2287 565 2512 622 deitatis
2541 577 2663 622 erat
2696 567 2785 622 lux
2818 567 2928 628 illa,
2966 565 3114 621 aliud
3146 565 3420 635 quoddam
3447 573 3566 621 erat

1994 666 2162 728 atque
2195 659 2307 725 illa,
2343 667 2402 714 et
2436 673 2544 714 non
2571 659 2660 714 illa
2688 675 2790 714 nec
2819 655 3060 714 increata
3093 656 3268 712 deitas
3297 698 3309 722 ,
3345 655 3398 711 id
3447 667 3568 724 est,

1994 749 2256 804 essentia.
2285 747 2760 815 Quemadmodum
2811 750 2958 804 enim
3008 748 3242 802 altcruut
3288 747 3564 818 quoddam

1993 849 2192 908 pra-ter
2241 841 2541 912 potentiam
2571 841 2874 898 secundum
2905 841 3228 916 Gregorium
3261 823 3564 912 Nyssennm

1995 933 2244 1003 potentia
2277 933 2424 989 nulla
2460 943 2542 990 est
2569 973 2586 998 ,
2631 936 2704 989 ita
2750 935 2914 989 etiam
2947 937 3120 990 altera
3157 945 3354 1004 praeter
3397 947 3564 988 uuam

1995 1023 2634 1092 increatamessentiam
2688 1025 2866 1080 deitas
2901 1025 3144 1080 increata
3187 1025 3332 1079 nulla
3371 1031 3475 1080 est.
3510 1023 3565 1080 Si

1992 1117 2138 1173 enim
2182 1118 2385 1182 altera,
2417 1133 2552 1190 ergo
2597 1118 2842 1172 increata
2872 1126 2929 1174 et
2979 1118 3349 1174 inessentialis
3395 1127 3452 1172 et
3486 1118 3570 1170 iu-

1993 1209 2372 1265 substanlialis
2398 1219 2454 1264 et
2477 1210 2784 1280 spiritualis
2801 1219 2858 1264 et
2879 1209 3160 1284 veneratio
3184 1210 3344 1280 plane
3363 1209 3569 1264 atheis-

1995 1315 2137 1356 mus.
2163 1300 2353 1372 itaque
2371 1316 2437 1356 ex
2463 1301 2832 1372 poiytheismo
2851 1299 3346 1374 Palamicoﬁshin
3360 1300 3570 1355 atheis-

1993 1406 2143 1446 mum
2177 1391 2508 1448 Palamicum
2541 1392 2655 1449 Iure
2680 1393 3054 1450 inessentialis
3080 1403 3136 1449 et
3169 1393 3569 1448 iusubstantia-

1991 1480 2060 1537 lis
2079 1496 2214 1536 nova
2228 1481 2456 1538 Palamze
2473 1481 2647 1538 deitas
2665 1483 2719 1538 in
2733 1485 2962 1539 Palanue
2981 1484 3300 1540 barathrum
3318 1483 3572 1540 credulos

1995 1574 2178 1629 trahit.
2204 1573 2379 1644 Atque
2407 1583 2465 1629 ut
2497 1575 2876 1646 perfectiorem
2921 1577 2986 1630 de
3009 1576 3132 1630 luce
3157 1575 3246 1629 illa
3266 1571 3569 1630 doctrinam

1993 1665 2266 1732 habeatis,
2285 1665 2470 1722 audite
2494 1665 2676 1721 denuo
2701 1665 2967 1722 Joannem
2998 1665 3476 1738 Cbrysostomum.
3511 1663 3567 1717 lu

1993 1759 2246 1814 oratione
2271 1761 2422 1815 enim
2458 1760 2510 1814 in
2541 1758 2847 1814 Salvatoris
2887 1761 3354 1815 resurrectionem
3385 1756 3572 1811 habita

1998 1853 2116 1908 haec
2145 1851 2355 1923 profert
2379 1867 2393 1908 :
2419 1870 2438 1904 ι
2462 1850 2770 1906 Admiratio
2789 1851 2930 1905 inter
2946 1851 3224 1922 apostolos
3245 1859 3301 1906 et
3327 1847 3572 1918 trepida-

2001 1945 2078 2001 tio
2097 1953 2154 2000 et
2170 1944 2538 2002 murmuratio
2560 1943 2748 1999 (iebat.
2765 1943 3019 1998 Mortales
3042 1943 3191 2014 enim
3219 1951 3411 1996 natura
3433 1939 3572 2006 nati,

1997 2051 2108 2092 non
2137 2035 2406 2108 ejusmodi
2442 2034 2752 2091 visionibus
2801 2033 3012 2090 assueti
3066 2042 3308 2088 mentem
3353 2029 3574 2088 amitte-

1999 2128 2156 2184 bant.
2191 2125 2302 2184 Sed
2340 2126 2490 2184 dicet
2517 2127 2794 2198 quispiam
2845 2133 2974 2181 ante
3007 2124 3284 2196 cognitam
3314 2121 3576 2177 habuisse

2002 2219 2544 2292 transﬂgurationem
2599 2228 2656 2274 et
2687 2217 2911 2274 Petrum
2944 2227 3000 2274 et
3029 2217 3295 2274 Jacobum
3326 2223 3382 2270 et
3411 2214 3578 2271 Joan-

2000 2330 2151 2370 nem.
2170 2315 2313 2370 Sane
2331 2312 2702 2386 praeviderant
2723 2311 3078 2367 ciarilicatum
3099 2308 3387 2366 Dominum
3405 2317 3460 2364 et
3477 2323 3578 2362 nu-

2000 2407 2088 2465 bis
2133 2407 2324 2463 umbra
2381 2404 2782 2463 circumdatum
2835 2403 2938 2468 iri,
2984 2418 3083 2458 nec
3140 2417 3274 2458 vero
3331 2386 3581 2460 sciebant

2001 2501 2200 2556 nubent
2233 2500 2288 2554 in
2331 2514 2514 2554 aerem
2544 2497 2794 2567 illapsam
2830 2495 2885 2550 in
2917 2495 3118 2551 caelum
3159 2493 3454 2549 Dominum
3483 2507 3584 2547 su-

2001 2593 2365 2648 blevaturam.
2399 2589 2720 2644 Miraculum
2766 2587 2900 2642 illud
2921 2627 2938 2654 ,
2971 2585 3296 2642 miraculum
3329 2585 3458 2640 hoc.
3483 2583 3584 2638 Ilio

2002 2681 2268 2736 miraculo
2303 2679 2612 2736 terribilius
2638 2678 2744 2733 hoc
2775 2687 2830 2733 et
2853 2679 3130 2756 superius,
3159 2677 3262 2731 etsi
3288 2677 3453 2730 unius
3485 2674 3580 2729 Dei

2003 2770 2248 2842 potentia
2278 2779 2334 2825 et
2355 2768 2679 2840 mysterium
2711 2767 2951 2824 suberat.
2977 2766 3114 2820 Tum
3147 2767 3323 2822 Moses
3347 2775 3402 2822 et
3431 2766 3580 2822 Elias

2001 2863 2284 2934 conspecti
2313 2872 2448 2918 sunt
2481 2859 2550 2916 ab
2583 2859 2690 2925 eis,
2725 2859 2820 2931 qui
2865 2875 2990 2916 cum
3023 2859 3184 2914 Petro
3219 2867 3382 2914 erant
3408 2857 3580 2912 collo-

2002 2965 2236 3028 quentes
2270 2969 2391 3010 cum
2428 2969 2514 3020 eo,
2538 2967 2686 3008 nunc
2719 2960 2902 3006 autem
2945 2949 3174 3006 thronus
3213 2949 3581 3016 cherubicus,

2006 3049 2058 3104 id
2096 3058 2182 3104 est
2217 3045 2512 3102 invisibilis
2539 3045 2784 3116 potentia
2813 3044 2958 3100 nube
2983 3043 3242 3118 obvoluta
3277 3041 3450 3112 spissa
3493 3057 3583 3097 ac-

313 3159 334 3190 ι
381 3141 498 3203 τοῖς
529 3140 854 3206 ἀποστόλοις
902 3141 998 3196 καὶ
1023 3142 1284 3206 ἔκστασις
1317 3141 1409 3196 καλ⁸
1441 3141 1606 3214 θροῦς
1631 3219 1634 3222 γ
1655 3143 1894 3210 ἐγένετο.

2004 3141 2168 3198 cessit
2196 3149 2252 3196 et
2297 3139 2584 3194 Dominum
2617 3151 2744 3192 cum
2793 3137 2972 3192 servis
3004 3137 3410 3207 colloquentem
3441 3134 3584 3189 arri-

309 3233 516 3302 θνητοὶ
551 3233 661 3304 γὰρ
706 3235 806 3305 τὴν
851 3236 1014 3304 φύσιν
1046 3238 1220 3302 ὅντες,
1255 3237 1350 3290 καὶ
1387 3237 1681 3306 ἀσυνήθεις
1723 3234 1900 3288 τοιού-

305 3339 422 3374 των
460 3321 734 3392 θεωριῶν,
775 3323 1073 3396 ἐξέστησαν
1111 3327 1179 3396 τῇ
1202 3323 1437 3396 διανοίᾳ.
1481 3324 1624 3378 Ἀλλ’
1665 3325 1782 3394 ἐρεῖ
1816 3341 1898 3388 τις

307 3417 396 3467 ὅτι
445 3415 758 3485 προϊδόντες
807 3411 946 3488 ἦσαν
1001 3419 1097 3471 καὶ
1135 3419 1235 3490 τὴν
1292 3417 1726 3488 μεταμόρφωσιν
1768 3420 1796 3474 ὅ
1837 3435 1896 3470 τιι

311 3507 526 3575 Πέτρος
567 3509 664 3564 καὶ
706 3509 964 3574 Ἰάκωϐος
1014 3511 1108 3564 καὶ
1166 3495 1460 3582 Ἰωάννης..
1493 3513 1753 3583 Προεῖδον
1801 3511 1900 3581 μὲν

310 3601 438 3654 ἐκεῖ
501 3601 1009 3673 μεταμορφωθέντα
1077 3601 1168 3656 τὸν
1241 3602 1452 3676 Κύριον
1505 3604 1598 3658 καὶ¹
1668 3605 1902 3674 νεςρὲλην

2005 3235 2151 3306 puit.
2175 3233 2314 3288 Tum
2347 3232 2546 3288 Petrus
2579 3229 2759 3285 libero
2800 3244 2896 3284 ore
2929 3246 2942 3282 :
2991 3247 3009 3279 ι
3048 3227 3279 3282 Domine
3301 3268 3315 3290 ,
3359 3223 3584 3296 inquit,

2007 3326 2213 3382 bonum
2236 3331 2322 3380 est
2353 3337 2454 3378 nos
2483 3322 2576 3378 hic
2599 3337 2756 3386 esse;
2779 3321 2883 3375 tria
2913 3319 3268 3374 tabernacula
3297 3317 3584 3384 faciamus,

2009 3418 2129 3482 tibi,
2150 3415 2305 3482 Mosi,
2327 3416 2488 3482 Elim;
2522 3433 2540 3466 ι
2755 3427 2904 3467 nunc
2933 3425 3000 3466 ne
3023 3401 3169 3481 loqiti
3191 3409 3409 3480 quidem
3443 3411 3588 3465 ullos

2009 3517 2226 3580 poterat
2249 3505 2674 3575 discipulorum,
2723 3517 2901 3575 neque
2933 3516 2994 3556 os
3021 3500 3273 3571 aperire,
3309 3501 3406 3556 sed
3437 3511 3586 3557 metu

2011 3601 2250 3658 maximo
2283 3597 2521 3669 perculsi
2560 3605 2742 3652 erant.
2788 3613 2808 3646 ι

311 3697 626 3751 σκιάσαῖταν
673 3699 876 3752 αὐτόν·
911 3697 1030 3754 ἀλλ’
1071 3699 1172 3753 οὐκ
1219 3697 1362 3754 εἶδον
1409 3701 1509 3773 τὴν
1546 3702 1780 3770 νεφέλην
1845 3703 1926 3762 είς
1963 3699 2103 3770 ἀέρα
2156 3696 2534 3768 ἁρπασθεῖσαν
2581 3693 2678 3747 καὶ
2751 3693 2833 3756 είς
2863 3691 3129 3762 οὐρανοὺς
3177 3689 3268 3745 τὸν
3309 3685 3588 3758 Δεσπότην

309 3793 836 3860 ἀναλαμϐάνουσαν.
908 3794 1106 3866 Θαῦμα
1138 3799 1333 3864 ἐκεῖνο,
1395 3797 1586 3866 θαῦμα
1634 3797 1922 3852 καὶτοῦτο
1947 3811 1962 3826 ·
2003 3795 2144 3850 ἀλλὰ
2189 3793 2377 3864 θαῦμα
2427 3790 2708 3862 θαύματος
2741 3789 3139 3861 φοϐερώτερον,
3169 3787 3328 3844 τούτο
3373 3789 3586 3842 ἐκείνου

309 3887 812 3966 ὑψηλότερονεκᾶν
841 3889 1122 3948 ἔχθος-Θεοῦ
1155 3893 1186 3960 ἡ
1218 3890 1451 3959 δύναμις
1478 3891 1654 3945 καὶτὸ
1687 3891 1992 3962 μυστήριον
2023 3889 2260 3959 ὑπῆρχε.
2325 3887 2460 3940 Τότε
2527 3885 2736 3952 Μωσῆς
2799 3884 2896 3938 καὶ
2937 3883 3126 3948 Ἦλίας
3184 3883 3447 3954 ὤφθησαν
3473 3885 3588 3946 τοῖς

311 3979 450 4050 περὶ
497 3981 590 4032 τδν
635 3981 841 4052 Πέτρον
871 3979 993 4052 μετ’
1025 3980 1190 4036 αὑτοῦ
1261 3981 1693 4046 συλλαλοῦντες⁹
1743 3980 1839 4035 νῦν
1877 3981 1932 4035 δὲ
1973 3981 2162 4050 θρόνος
2233 3977 2591 4050 Χερουϐικδς,
2639 3976 2924 4029 τουτέστιν
2966 3976 3199 4046 ἀόρατος
3241 3977 3473 4046 δύναμις
3515 3983 3584 4052 τῇ

309 4073 524 4144 τεφέλῃ
545 4071 950 4144 καλυπτομένη,
985 4075 1183 4144 ἀθρόον
1211 4075 1482 4130 ἐπιστᾶσα
1547 4075 1640 4128 τὸν
1703 4075 1972 4143 δεσπότην
2007 4075 2118 4136 τοῖς
2169 4071 2380 4132 δούλοις
2443 4067 2739 4138 ὁμιλοῦντα
2803 4069 3122 4138 ἁφήρπασε.
3182 4070 3316 4124 Τότε
3381 4071 3588 4142 Πέτρος

313 4162 464 4230 μετὰ
495 4163 812 4234 παρρησίας
856 4163 1214 4234 ἀπεκρίνατο,
1253 4183 1272 4217 ι
1313 4165 1509 4235 Κύριε,
1550 4164 1717 4219 καλόν
1781 4165 1932 4218 ἐστιν
1973 4165 2122 4234 ἡμᾶς
2178 4155 2280 4216 ὧδε
2311 4156 2492 4214 εἶναι’
2530 4159 2851 4232 ποιήσωμεν
2877 4161 3039 4238 *τρεῖς
3064 4162 3293 4232 σκηνὰς,
3319 4165 3402 4216 σοι
3436 4161 3589 4232 μίαν,

311 4258 416 4308 καὶ
495 4257 688 4310 illum!
730 4257 862 4328 μίαν
909 4259 1006 4311 καὶ
1056 4259 1187 4328 μίαν
1267 4259 1448 4330 Ἠλίᾳ.
1487 4279 1506 4312 ι
1563 4259 1702 4312 Νυνὶ
1756 4257 1800 4312 δ’
1856 4258 1980 4312 οὐδὲ
2021 4253 2361 4326 φθέγξασθαί
2412 4270 2496 4317 τις
2564 4253 2799 4326 ἐδυνήθη
2859 4253 2971 4308 τῶν
3027 4253 3310 4326 μαθητῶν,
3354 4254 3476 4308 οὐδὲ
3531 4253 3593 4308 τδ

315 4353 502 4420 στόμα
531 4351 814 4417 διανοῖξαι,
845 4353 982 4406 ἀλλὰ
1008 4353 1160 4426 φόϐῳ
1191 4355 1435 4424 μεγίστῳ
1459 4353 1909 4421 καταπλαγέντες
1951 4354 2310 4424 ἐξέστησαν.»
2413 4355 2418 4358 ”
2769 4413 2778 4416 _

393 4443 502 4500 IA'.
547 4445 816 4500 Ἐνταῦθα
855 4447 951 4500 καὶ
983 4449 1033 4510 εί
1075 4447 1345 4518 βασκανίᾳ
1397 4448 1627 4518 κάτοχός
1666 4465 1749 4510 τις
1795 4447 1900 4518 είη1

2004 4495 2006 4500 ,
2089 4447 2182 4502 ΧΙ.
2223 4447 2321 4503 llic
2360 4449 2462 4505 etsi
2485 4448 2610 4519 quis
2633 4446 2856 4506 invidia:
2877 4447 2950 4503 sit
2983 4445 3239 4502 addictus
3268 4453 3360 4500 aut
3395 4444 3593 4516 plenus

315 4541 422 4592 καὶ
473 4541 522 4592 εἰ
573 4539 794 4610 μακρᾶς
843 4521 1100 4611 εὐηθείας
1140 4542 1358 4610 μεστὸς,
1413 4541 1622 4602 πάντας
1684 4540 1751 4596 ἄν
1815 4555 1900 4609 μοι

2013 4537 2197 4592 nimia:
2228 4538 2622 4608 simplicitatis,
2652 4553 2847 4594 omnes
2884 4548 3064 4596 tamen
3105 4535 3440 4592 sententiam
3471 4551 3592 4590 eam

317 4632 476 4684 δοκεῖ
527 4630 630 4699 τῆς
689 4627 920 4700 γνώμης
967 4631 1094 4700 ἐμοὶ
1143 4633 1443 4694 κοινωνεῖν,
1501 4630 1911 4702 μεταθεμένους

319 4725 384 4776 τὸ
416 4721 674 4793 ἄγνωμόν
701 4740 762 4776 τε
791 4724 888 4780 καὶ
912 4723 1100 4796 δύσερι
1127 4725 1265 4797 πρός
1301 4743 1364 4792 γε
1401 4727 1462 4780 τὸ
1491 4727 1630 4798 μήτε
1665 4726 1912 4789 πλείονος

323 4815 474 4886 μήτε
522 4814 768 4885 μείζονος
825 4817 954 4888 μήτ’
993 4818 1396 4892 ὲναργεστέρας
1441 4820 1650 4876 δεῖσθαι
1703 4835 1916 4889 μαρτυ-

324 4911 475 4980 ρίας,
509 4909 592 4962 ὅτι
619 4911 728 4964 τῶν
769 4909 864 4964 τοῦ
898 4911 1140 4980 Χριστοῦ
1184 4911 1251 4988 [1⁸.
1281 4913 1388 4970 249
1411 4914 1441 4966 b
1469 4912 1490 4986 ]
1525 4913 1824 4983 θαυμάτων
1855 4911 1915 4965 ἓν

322 5005 424 5056 καὶ
449 5005 512 5055 τὸ
531 5003 590 5055 ἐν
611 5003 882 5074 Θαόωρίῳ
913 5002 1196 5073 δειχθῆναι
1233 5005 1374 5070 φῶς.
1405 5005 1598 5074 Ὅμως
1640 5005 1786 5058 δυοῖν
1831 5007 1918 5058 tv-

319 5095 522 5148 ταυθοῐ
553 5095 960 5167 διειλημμένων
1004 5095 1261 5166 μεγάλων
1287 5095 1382 5154 106
1415 5096 1656 5167 Χριστοῦ
1702 5095 1916 5165 θαυμάο

323 5209 462 5254 των,
503 5189 538 5260 ἦ
589 5193 680 5242 καὶ
731 5189 880 5242 δυοῖν
910 5187 1081 5260 ἐχρῆν
1127 5187 1368 5256 Παλαμᾶ
1409 5190 1508 5259 τὴν
1550 5189 1918 5262 λατρειιτικὴν

325 5283 630 5350 ἀπονέμειν
668 5283 1046 5354 προσκύνησιν
1083 5281 1162 5347 ὡς
1205 5281 1481 5345 ἀκτίστοις
1519 5283 1793 5350 θεότησιν,
1831 5282 1918 5335 ίνα

331 5369 524 5441 μεῖζον
566 5371 658 5424 καὶ
683 5373 1068 5440 φανερώτερον
1171 5372 1230 5424 τὸ
1261 5370 1566 5440 νεμόμενον
1599 5373 1700 5442 τῆς
1746 5369 1916 5422 αὐτοῦ

327 5463 558 5526 κακίας,
595 5464 630 5534 ἦ
677 5465 914 5534 θατέρῳ,
949 5463 1025 5533 τῷ
1059 5464 1272 5532 μείζονι
1318 5463 1520 5535 δηλαδὴ
1571 5465 1668 5518 καὶ
1710 5461 1910 5534 ὑψηλοο

327 5558 496 5624 τέρῳ.
542 5554 603 5608 Εἰ
642 5555 700 5608 δὲ
735 5557 893 5608 τοῦτο
933 5557 1124 5626 μηδεὶς
1175 5556 1406 5626 μηδαμῆ
1452 5573 1540 5609 πω
1579 5557 1918 5626 τετόλμηκεν

331 5647 442 5698 οὐδ’
479 5648 560 5709 είς
589 5645 718 5700 νοῦν
746 5647 1032 5719 εἱληφένλι
1060 5651 1324 5718 τρόφιμος
1357 5649 1643 5711 εὐσεϐείας
1677 5652 1770 5702 καὶ
1801 5648 1918 5716 ἅμα

335 5738 588 5800 παιδείας
621 5740 959 5808 εὐσχήμονος
1001 5739 1141 5810 ἔχων
1171 5741 1458 5812 ἡλικιῶτιν
1507 5740 1773 5802 διάνοιαν,
1811 5737 1918 5794 ποῦ

335 5833 552 5884 δίκαιον
585 5835 696 5897 τοίς
745 5851 802 5886 τε
859 5833 1248 5906 Εἰκονομάχοις
1295 5835 1524 5900 ἐκείνοες
1571 5835 1664 5890 καὶ
1711 5833 1826 5906 ἃμα
1854 5835 1920 5904 τῇ

2015 4645 2230 4690 mecum
2269 4628 2780 4684 communicaturus
2809 4636 2964 4696 puto,
2995 4627 3070 4680 ita
3097 4635 3157 4680 ut
3187 4625 3401 4680 sublata
3425 4635 3596 4678 teme-

2017 4722 2181 4778 ritate
2221 4733 2276 4779 et
2315 4723 2492 4792 litigio
2537 4737 2648 4777 non
2705 4719 2942 4790 amplius
2989 4733 3128 4788 Opus
3173 4719 3246 4772 sit
3285 4720 3488 4789 majore
3539 4727 3596 4774 et

2019 4814 2402 4870 manifestiore
2437 4812 2788 4886 ar'gumento.
2830 4825 2942 4882 quo
2995 4810 3140 4864 inter
3171 4809 3381 4866 Christi
3425 4813 3596 4866 tnirn-

2017 4907 2142 4961 cuia
2181 4909 2526 4962 numeranda
2549 4921 2671 4960 esse
2705 4904 2872 4960 etiam
2897 4904 2992 4958 lux
3019 4901 3112 4957 illa
3147 4904 3200 4957 in
3228 4901 3456 4958 Thabor
3499 4904 3597 4959 de-
3703 4965 3710 4972 ,

2017 5008 2382 5058 monstretur.
2431 4999 2694 5054 Attamen
2721 5011 2848 5052 cum
2889 4997 3000 5054 duo
3041 5011 3236 5068 magna
3281 4996 3358 5052 ibi
3386 4995 3594 5054 Christi

2018 5090 2285 5148 miracula
2307 5098 2608 5144 monstrata
2635 5097 2844 5154 essent,
2864 5098 2960 5143 aut
2991 5087 3205 5144 duabus
3232 5103 3457 5144 necesse
3477 5099 3598 5144 erat

2019 5185 2430 5240 venerationem
2451 5181 2714 5236 vindicari
2741 5181 2976 5236 Palamaa
2995 5181 3254 5238 incrcatis
3277 5182 3594 5249 deitatibus,

2021 5277 2096 5332 ita
2139 5283 2198 5334 ut
2229 5275 2404 5347 major
2451 5285 2507 5332 et
2553 5275 2898 5328 manifestiur
2929 5275 3214 5346 pravitatis
3261 5275 3382 5347 ejus
3417 5275 3598 5330 vindi-

2020 5365 2164 5422 catio
2198 5376 2384 5430 esset,
2419 5376 2514 5420 aut
2562 5367 2722 5421 alteri
2758 5366 2954 5438 majori
3011 5375 3068 5420 et
3110 5367 3402 5436 superiori.
3437 5367 3596 5436 Quod

2020 5461 2068 5516 si
2121 5476 2283 5519 nemo
2341 5475 2584 5531 unquam
2655 5468 2889 5514 conatus
2957 5470 3044 5516 cst
3111 5460 3165 5514 in
3213 5461 3454 5516 animum
3513 5461 3636 5518 in-.

2021 5554 2250 5620 ducere,
2277 5555 2484 5624 quippe
2517 5555 2762 5606 nutritus
2793 5553 3060 5623 religione
3089 5561 3145 5608 ct
3177 5555 3440 5624 praeditus
3465 5567 3596 5606 sana

2024 5648 2179 5702 bona:
2203 5646 2488 5702 erudiouis
2515 5645 2770 5708 scientia,
2801 5661 2928 5700 nunt
2955 5661 3174 5714 aequum
3202 5655 3284 5700 est
3319 5645 3594 5698 lcouoma-

2023 5741 2144 5802 chis
2173 5739 2280 5796 illis
2309 5748 2362 5794 ct
2387 5755 2539 5794 nova.-
2559 5739 2687 5796 huic
2707 5739 2940 5794 Palamze
2969 5739 3114 5808 genti
3140 5747 3374 5792 mentem
3403 5737 3594 5790 adver-

2027 5842 2164 5898 tere,
2195 5829 2290 5902 qui
2319 5839 2372 5886 ct
2403 5831 2586 5888 omnia
2641 5831 2868 5900 impune
2915 5829 3124 5886 audcut
3173 5826 3414 5899 νοεοὶιιια·
3444 5824 3594 5894 inqui
