4060 6204
317 337 420 384 441

1283 325 1728 386 ΒΥΖλΝἸῚΝΕ
1770 327 2154 388 IllSTOliL-E
2197 332 2344 390 LIB.
2385 329 2618 388 XXXV.

3503 314 3608 384 442

321 439 506 488 ἐκεῖνο
549 435 610 484 τδ
657 433 772 500 φῶς
819 433 1009 502 θεῦτης
1059 434 1316 494 ἄκτιςτὸς
1375 450 1434 484 τε
1485 433 1580 484 καὶ
1631 433 1906 497 ἀνούσιος,

2019 439 2250 492 ostendit
2287 439 2488 502 lucem,
2519 453 2624 490 non
2664 451 2922 506 magnum
2957 433 3286 490 desiderium
3311 447 3398 487 res
3440 443 3604 489 uatic-

317 527 438 580 ἀλλ’
473 525 584 577 οὐδ’
615 523 908 593 ἀσώματον
933 543 944 554 ·
994 527 1126 592 φησὶ
1175 524 1281 591 γὰρ
1329 523 1517 592 ὑμνῶν
1562 525 1762 576 οὖτωσί
1795 541 1912 582 πως

319 608 482 675 οὗτος
505 614 670 667 αῦτὸ-
712 631 730 662 ι
767 613 827 666 Εἰ
857 613 953 664 καὶ
990 609 1355 682 σωματικώτε
1368 627 1458 680 ρον
1487 613 1512 662 6
1546 611 1737 678 Σωτὴρ
1766 611 1911 665 τοῦτῖ

321 704 537 759 ἐδείκνυ
591 704 652 755 τὸ
722 702 860 772 φῶς,
921 703 1036 754 ἀλλ’
1083 703 1176 756 οὖν
1233 702 1438 772 πολλὴν
1491 703 1798 772 ἐπιθυμίαν
1849 703 1910 756 τὸ

321 798 564 865 πρᾶγμα
615 791 750 864 εἶχε.
795 815 812 846 ι
867 795 975 850 Καὶ
1015 794 1201 858 πάλιν,
1251 813 1268 846 ι
1321 795 1379 847 El
1418 795 1463 847 δ’
1505 795 1756 865 ἁμυδράν
1791 813 1914 848 τινα

322 889 438 940 τῶν
467 887 772 956 μελλόντων
813 889 840 938 6
870 887 1074 955 Πέτρος
1111 885 1232 938 ίδὼν
1275 887 1485 948 εἰκόνα,
1521 889 1720 942 Καλόν
1737 887 1920 940 ιέστιν

325 977 489 1046 ἡμᾶς
519 971 634 1032 ὧδε
663 975 838 1040 εἶναι,
863 979 988 1045 ἔφη,
1019 977 1072 1029 τί
1099 977 1164 1030 ἄν
1193 995 1278 1038 τις
1310 978 1437 1046 εἴπῃ
1479 978 1608 1031 ὅταν
1645 977 1784 1047 αὑτὴ
1809 978 1915 1032 τῶν

325 1072 678 1139 πραγμάτιον
715 1071 746 1140 ὴ
777 1069 1007 1139 ἀλήθεια
1045 1069 1466 1138 παραγένηται;
1518 1085 1536 1119 ι
1585 1070 1690 1121 Καὶ
1725 1069 1911 1136 πάλιν,

335 1181 358 1214 ι
404 1161 806 1232 Ἐθεασάμεθα,
851 1181 869 1212 ι
913 1161 1070 1232 φησι,
1109 1179 1126 1212 ι
1163 1161 1263 1230 τὴν
1298 1159 1457 1224 δόξαν
1483 1161 1670 1226 αὑτοῦ,
1716 1161 1913 1214 οὐκ-ἂν

327 1258 664 1322 θεασάμενοι
693 1258 741 1309 εί
769 1257 844 1327 μὴ
904 1257 991 1309 διὰ
1038 1254 1132 1306 τοῦ
1165 1257 1467 1324 συντρόφου
1546 1252 1799 1324 σώματος
1843 1256 1976 1324 ἡμῖν

331 1354 478 1422 μεθα
501 1353 594 1404 τὸν
632 1352 892 1421 Χριστὸν,
915 1348 1012 1418 οὐχ
1060 1347 1232 1411 οὕτως
1265 1348 1340 1412 ὡς
1407 1350 1454 1401 oi
1486 1348 1776 1404 ἀπόστολοι
1838 1349 1982 1426 τότε,

329 1461 430 1512 τοςε
440 1463 478 1496 ι.
520 1464 538 1496 ³

373 1479 505 1592 ἸΡ.
541 1537 605 1590 Et
638 1529 731 1589 οὗν
755 1533 1011 1603 λαμπρὸν
1056 1531 1156 1600 μὲν
1201 1532 1230 1583 ὀ
1287 1529 1523 1604 Χριστὸς
1569 1529 1807 1584 ἐνταῦθα
1851 1529 1915 1584 τδ

330 1629 452 1698 φῶς
499 1630 676 1680 ὲκείνο
719 1624 948 1693 δέδειχε,
987 1623 1375 1694 λαμπρότερον
1403 1622 1447 1675 δ’
1480 1622 1574 1675 οῦν
1605 1623 1664 1685 ἐς
1692 1621 1754 1673 τὸ
1789 1620 1916 1691 μὲλ-

329 1722 428 1774 λον
466 1723 578 1783 τοῖς
606 1718 785 1786 ἁγίοις
831 1717 996 1781 δείξει
1030 1715 1280 1786 ἀνδράσι,
1321 1715 1642 1768 πιστευτέον
1691 1713 1926 1783 ἀνάγκη
1949 1760 1988 1816 Β

325 1813 412 1881 τῷ
467 1812 894 1882 Χρυσορῤἡμονι
963 1809 1426 1876 σωματικῶτερον
1484 1803 1625 1859 εἶναι
1682 1806 1744 1858 τὸ
1799 1803 1914 1872 φῶς

327 1907 517 1958 ικεῖνο
565 1904 752 1972 σαφῶς
801 1899 1188 1966 παραινοῦντι,
1233 1899 1327 1952 καὶ
1367 1897 1626 1964 ἀληθείας
1669 1895 1918 1965 ἀμυδρὰν

329 2001 523 2053 εἰκόνα
580 2001 675 2052 καὶ⁹
741 1999 842 2050 οὐκ
897 1994 1068 2065 αὐτὴν
1125 1997 1227 2063 τὴν
1278 1993 1564 2062 ἀλήθειαν.
1605 1992 1665 2043 Εί
1714 1989 1758 2042 δ’
1802 1985 1916 2054 οὖν,

326 2091 550 2160 ἁ-ἀγκη
589 2088 775 2140 λοιπὸν
816 2087 913 2142 καὶ
952 2088 1050 2154 τὴν
1078 2084 1174 2136 νῦν
1205 2083 1510 2152 ὑφειμένην
1541 2081 1636 2136 καὶ
1667 2079 1919 2134 ἀνοὺσιον

327 2183 542 2252 ταύτην
573 2181 667 2234 τοῦ
701 2179 938 2248 Παλαμᾶ
969 2176 1202 2245 θεότητα
1245 2175 1379 2246 πρὸς
1422 2173 1483 2228 τδ
1525 2171 1918 2242 λαμπρότερόν

328 2295 396 2332 τε
427 2277 524 2330 καὶ
581 2273 981 2344 ὑπερκείμενον
1027 2267 1374 2332 ἀπαλλάξαι,
1417 2267 1514 2320 καὶ
1569 2265 1824 2334 γενέσθαι
1859 2263 1920 2316 τὸ

338 2365 444 2434 μὲν
499 2364 754 2416 ἄκτιστον
809 2359 1217 2428 ἁκτιστότερον,
1255 2355 1318 2407 τὸ
1369 2354 1414 2407 δ’
1461 2353 1713 2407 ἀνοὺσιον
1759 2352 1920 2404 ἀνου-

335 2452 624 2522 σιώτερον,
673 2451 767 2502 καὶ
817 2449 934 2520 ἅμα
973 2449 1034 2500 τὺ
1083 2448 1279 2518 δρατ>,ν
1325 2447 1691 2513 ὀρατιὺτερον,
1719 2443 1767 2493 ει
1813 2437 1919 2510 χρὴ

335 2547 436 2598 καὶ
484 2542 692 2596 τοιαῦθ’
741 2543 877 2604 ὅλως
927 2538 1286 2608 ἐνθυμεῖσθαι
1329 2537 1462 2603 γοῦν
1496 2535 1530 2604 ἢ
1571 2535 1664 2586 καὶ
1705 2533 1919 2602 γλώττῃ

335 2632 644 2703 προφέρειν
672 2648 684 2660 ·
715 2629 978 2682 σκεπτέον
1025 2627 1080 2680 δὲ
1123 2627 1270 2695 ὅμως
1319 2625 1372 2677 τί
1426 2624 1492 2676 ἂν
1547 2622 1644 2691 εἴη.
1681 2619 1836 2672 τουτὶ
1893 2619 1920 2672 ὃ

340 2721 752 2790 φανταζόμλης
811 2719 912 2788 μὲν
967 2717 1178 2784 ἀγνοεῖ,
1211 2713 1427 2782 ἀγνοῶν
1471 2713 1528 2764 δὲ
1579 2709 1915 2780 βλασφημεῖ,

341 2805 692 2882 βλασφημῶν
731 2811 776 2864 δ’
833 2810 1019 2879 ἀπατᾷ
1084 2807 1212 2870 τοὺς
1277 2803 1541 2868 πολλούς·
1581 2801 1760 2871 πολλῷ
1809 2800 1920 2870 γὰρ

337 2909 478 2975 ἡμῖν
525 2901 976 2974 πρεπωδέστερον
1028 2897 1232 2952 τοιαῦτ’
1278 2897 1507 2966 ὲρευνᾷν
1551 2891 1918 2964 ἢΣωκράτην

335 2997 552 3049 ἐκεῖνον
609 2995 700 3046 τὸν
754 2990 1160 3062 Σωφρονίσκου,
1195 2989 1348 3052 ὅστις
1402 2986 1491 3055 εἴη
1548 2985 1712 3053 σοφὸς
1756 2971 1918 3049 Ἀθέπῖ

339 3103 472 3158 νῃσι
526 3086 728 3154 μᾶλλον
783 3082 950 3136 αὐτοῦ
1002 3081 1300 3150 ζητοῦντα,
1329 3081 1602 3148 περιιέναι
1657 3075 1918 3136 Samaei;

337 3183 434 3232 καὶ
469 3180 701 3248 ῥήτορας
723 3176 820 3228 καὶ
842 3175 1071 3241 ποιητὰς
1101 3171 1424 3243 τραγῳδιῶν
1447 3173 1538 3222 καὶ
1567 3167 1915 3236 διθυράμϐων

337 3273 440 3324 καὶ
471 3271 607 3340 πρὸς
640 3269 850 3327 τούτοις
888 3265 1241 3336 χειροτέχνας
1273 3261 1675 3326 παντοδαποὺς,
1703 3260 1778 3322 ὡς
1825 3261 1916 3311 ὲν-

335 3362 518 3416 ταῦθα
553 3361 642 3412 ἐπ’
667 3359 973 3428 αὐτοφώρῳ
1003 3355 1456 3426 καταληψόμενον
1491 3353 1590 3422 τὴν
1631 3351 1910 3421 ἀλήθειαν.

334 3453 480 3506 Φασὶ
523 3451 724 3516 τοίνυν,
755 3447 837 3513 οἷς
869 3450 1013 3518 λόγῳ
1043 3448 1138 3500 καὶ
1181 3447 1329 3516 ἔργῳ
1388 3443 1677 3515 μεθοδικὴν
1717 3445 1914 3512 ἐμπει-

337 3545 469 3614 ρίαν
497 3543 787 3613 ἀσκήσεως
815 3544 1030 3606 ἑαυτοῖς
1051 3542 1346 3594 δεδωκέναι
1380 3538 1814 3608 συμπέπτωκεν,
1841 3535 1916 3600 ὡς

333 3636 486 3707 ἁρχὴ
519 3637 728 3705 πλάνης
759 3635 848 3688 νοῦ
887 3633 1184 3697 κενοδοξία,
1210 3634 1266 3699 ἐξ
1295 3627 1360 3702 ἦς
1389 3629 1708 3700 κινούμενος
1737 3632 1763 3682 ὁ
1793 3629 1918 3690 νοῦς

333 3733 397 3782 ἐν
427 3729 676 3799 σχήμασι
707 3728 800 3779 καὶ
838 3728 1078 3796 μορφαῖς
1115 3725 1454 3793 περιγράφει
1489 3723 1551 3776 τὸ
1600 3723 1742 3775 θεῖοι
1772 3736 1786 3749 ·
1823 3721 1918 3774 καὶ

333 3824 526 3886 πᾶλιν,
578 3841 596 3872 ι
651 3821 928 3889 Μακάριος
959 3821 986 3870 6
1017 3815 1138 3878 νοῦς
1189 3816 1246 3880 ὃς
1299 3819 1438 3869 κατὰ
1472 3813 1534 3886 [ί.
1569 3814 1674 3868 250
1717 3811 1792 3884 b.]
1825 3811 1916 3864 τὸν

332 3915 537 3984 καγξν
557 3915 652 3980 τῆς
680 3911 986 3983 προσευχῆς
1019 3908 1232 3962 τελείαν
1266 3905 1544 3976 ἀμορφίαν
1572 3906 1859 3974 ἐκτήσατο.
1893 3923 1911 3956 ι

289 4079 294 4086 .
335 4007 450 4056 Καὶ
507 4003 688 4063 πάλιν,
723 4020 740 4052 ι
779 4001 870 4068 Μὴ
921 4001 1074 4068 ζήτει
1115 3997 1396 4060 παντελῶς
1449 3997 1667 4066 μορφήν
1715 4012 1840 4048 τινα
1882 3995 1914 4066 ἢ

333 4096 532 4162 σχῆμα
585 4093 616 4163 ἦ
665 4095 864 4163 χρῶμα
923 4092 1174 4162 δέχεσθαι
1226 4093 1286 4144 ὲν
1333 4091 1408 4160 τῷ
1450 4093 1548 4161 τῆς
1605 4092 1916 4161 προσευχῆς

333 4186 538 4256 καιρῷ.
571 4204 590 4236 ι
643 4185 752 4238 Καὶ
798 4186 980 4248 πάλιν,
1021 4203 1038 4234 ι
1077 4183 1167 4252 Μὴ
1204 4183 1358 4236 πόθει
1404 4182 1670 4250 ἀγγέλους
1719 4182 1849 4234 ἰδεῖν
1883 4179 1914 4250 ἦ

331 4279 660 4347 ὀννὰμειςῆ
705 4277 938 4346 Χριστὸν
967 4275 1265 4346 αἰσθητῶς,
1297 4277 1384 4330 ἵνα
1443 4275 1516 4345 μὴ
1558 4274 1740 4326 τέλεον
1784 4290 1916 4342 φρε-

337 4369 512 4436 νήρης
573 4367 727 4437 γένῃ,
771 4365 932 4418 λύκον
985 4367 1107 4418 ἀντὶ
1162 4368 1422 4435 ποιμένος
1472 4365 1764 4436 δεχόμενος
1820 4362 1916 4415 καὶ

2021 529 2133 581 bat.
2172 547 2187 578 ι
2223 528 2286 580 Ει
2315 544 2550 582 rursus:
2589 527 2645 582 Si
2686 527 2978 581 obscuram
3049 525 3363 578 futurorum
3411 525 3604 593 imagi—

2021 635 2144 672 nem
2179 620 2375 672 videns
2404 621 2601 674 Petrus
2635 636 2648 672 :
2718 619 2953 680 Bonum,
2987 616 3182 686 inquit,
3213 632 3314 670 nos
3345 615 3431 668 hic
3459 630 3600 683 esse,

2021 707 2148 778 quid
2184 711 2474 777 quisquam
2509 709 2732 770 dixerit,
2766 709 2810 761 si
2853 721 3035 762 rerum
3085 707 3288 760 veritas
3320 705 3458 758 facta
3519 721 3604 760 es-

2021 799 2148 852 set?
2172 817 2188 849 »
2226 801 2294 854 Ει
2323 815 2510 853 rursus
2547 817 2560 853 :
2597 819 2614 850 ι
2645 797 2892 854 Vidimus
2925 797 3151 864 gloriam
3183 799 3324 864 ejus,
3365 797 3457 852 sed
3489 812 3600 850 non

2025 890 2132 946 nisi
2188 907 2282 960 per
2333 892 2648 959 adiunctum
2685 906 2885 958 corpus
2931 891 3087 944 nobis
3147 899 3539 959 apparentem;
3575 906 3595 939 ι

2025 992 2080 1036 et
2109 998 2342 1036 rursus:
2389 1000 2406 1034 ι
2457 982 2512 1038 Si
2552 985 2818 1046 volemus,
2869 993 2924 1038 et
2963 984 3064 1051 ipsi
3102 981 3412 1036 videbimus
3433 978 3600 1034 Clu-i-

2023 1082 2191 1131 stnm.
2227 1089 2334 1125 non
2395 1084 2455 1127 ut
2496 1074 2729 1142 apostoli
2781 1073 2933 1136 olim,
2989 1073 3090 1127 sed
3129 1071 3304 1124 multo
3349 1069 3598 1122 luculen-

2025 1164 2154 1218 tius.
2193 1165 2308 1220 Non
2337 1165 2483 1218 enim
2511 1165 2588 1218 sic
2624 1176 2807 1234 posma
2839 1166 3040 1220 veniet.
3081 1183 3100 1216 ›

2018 1256 2198 1326 ὤφθη.
2239 1277 2256 1308 ι
2296 1259 2398 1309 Καὶ
2440 1257 2622 1322 πάλιν,
2661 1276 2678 1308 ι
2721 1259 2820 1309 ’Ἂν
2857 1257 3119 1326 θέλωμεν,
3151 1258 3242 1308 καὶ
3276 1257 3434 1325 ἡμεῖς
3471 1255 3598 1322 ὀψό-

2023 1349 2160 1404 ἀλλὰ
2209 1350 2391 1421 πολλῷ
2441 1349 2864 1420 λαμπρότερον·
2899 1350 2960 1402 οὐ
3009 1351 3118 1420 γὰρ
3156 1337 3326 1412 οὕτωςζ
3370 1348 3595 1418 ὕστερον

2093 1533 2230 1588 ΧΙΙΙ.
2269 1532 2324 1588 Si
2365 1534 2530 1604 igitur
2557 1533 2897 1606 Splendidam
2931 1532 2984 1586 in
3025 1538 3210 1586 monte
3239 1529 3416 1583 lucem
3448 1529 3595 1583 illam

2017 1627 2270 1685 Christus
2328 1630 2608 1692 ostendit,
2674 1629 3100 1699 splendidiorem
3143 1627 3196 1681 iu
3233 1625 3418 1680 futuro
3475 1641 3598 1679 san-

2019 1721 2124 1776 etis
2183 1721 2318 1776 viris
2384 1721 2676 1786 ostendet,
2761 1719 3094 1776 credendum
3153 1717 3461 1772 necessario
3522 1723 3603 1768 est

2017 1807 2449 1879 Chrysostomo,
2534 1809 2957 1878 corporaliorem
3033 1807 3166 1872 esse?
3215 1807 3390 1862 lucem
3453 1805 3600 1858 illam

1973 1905 2206 1967 'aperte
2263 1899 2579 1954 admonenti
2655 1909 2710 1952 et
2773 1898 3060 1952 obscuram
3127 1897 3386 1950 veritatis
3444 1895 3590 1947 ima-

2019 1989 2220 2060 ginem,
2249 2004 2356 2042 non
2389 1989 2559 2057 ipsam
2581 1997 2764 2042 autem
2787 1987 3089 2041 veritatem.
3115 1984 3169 2039 Si
3201 1986 3315 2038 haec
3347 1985 3418 2036 ita
3449 1993 3600 2045 sunt,

2021 2082 2331 2136 necessario
2358 2081 2520 2134 etiam
2549 2081 2904 2148 consequitur
2929 2077 3231 2147 subjectam
3263 2085 3319 2129 et
3351 2074 3600 2128 inessen-

2024 2169 2206 2228 tialem
2231 2172 2372 2228 hanc
2393 2171 2626 2230 Palamte
2662 2169 2920 2224 deitatem
2981 2167 3035 2220 in
3073 2164 3503 2234 splendidiorem
3545 2171 3602 2216 ct

2022 2265 2388 2335 superjectam
2421 2261 2724 2330 permutari
2754 2269 2806 2314 et
2841 2275 2907 2314 ex
2935 2257 3180 2314 increato
3231 2255 3346 2310 ﬁeri
3378 2256 3598 2308 increa-

2025 2355 2149 2417 tius,
2217 2350 2648 2408 exinessentiali
2710 2347 3140 2409 inesscntialius,
3189 2354 3244 2398 et
3275 2359 3341 2398 ex
3395 2342 3598 2396 visibili

2023 2443 2311 2506 visibilius,
2347 2442 2390 2495 si
2421 2455 2563 2510 opus
2611 2449 2696 2492 est
2728 2439 2856 2492 talia
2893 2435 3118 2490 omnino
3157 2433 3464 2504 dijulicare
3500 2444 3596 2484 aut

2023 2537 2206 2593 verbis
2264 2536 2564 2604 explicare.
2639 2536 2894 2588 Attamen
2949 2529 3248 2582 videndum
3297 2540 3464 2596 porro
3495 2533 3599 2582 est.

2021 2642 2121 2682 cur
2159 2627 2250 2696 qui
2276 2625 2429 2695 ﬁngit
2453 2623 2554 2679 sibi
2592 2620 2822 2691 aliquid,
2869 2617 3080 2682 nescit;
3114 2617 3210 2686 qui
3245 2615 3454 2696 nescit,
3478 2615 3604 2668 illu-

2024 2715 2098 2768 dit
2126 2732 2140 2779 ;
2173 2693 2266 2782 qui
2299 2693 2501 2778 illudit,
2535 2711 2735 2765 multos
2778 2707 3002 2777 decipit.
3037 2706 3206 2760 Multo
3244 2704 3388 2760 enim
3427 2693 3602 2772 magis

2022 2805 2187 2877 499
2211 2820 2310 2858 nos
2333 2803 2492 2857 decet
2519 2802 2646 2855 talia
2679 2799 2969 2869 exquirere
3031 2811 3195 2866 quam
3247 2798 3314 2849 de
3367 2795 3594 2849 Socrate

2025 2898 2118 2952 illo
2142 2893 2496 2965 Sophronisci
2531 2893 2664 2958 ﬁlio,
2714 2891 2837 2962 quis
2865 2889 3032 2944 fuerit
3075 2886 3599 2944 Atheniensium‘eo

2025 2988 2349 3066 sapientior,
2408 2995 2746 3054 quaerentem
2805 2982 3118 3036 discurrere
3153 2978 3220 3032 ad
3279 2977 3494 3046 judices
3541 2985 3596 3028 et

2029 3082 2275 3135 rhetores
2330 3085 2386 3132 et
2443 3085 2626 3146 poetas
2683 3074 2920 3144 tragicos
2973 3069 3512 3142 dithyrambicosque
3542 3075 3598 3120 et

2027 3183 2285 3244 praeterea
2319 3169 2385 3223 ad
2415 3167 2594 3222 varias
2625 3179 2790 3229 artes,
2817 3175 2878 3220 ut
2910 3165 3036 3218 inde
3083 3163 3284 3217 veritas
3311 3157 3597 3212 manifeste

2019 3239 2484 3335 deprehendatur.
2537 3259 2731 3314 Dicunt
2785 3258 2819 3311 ii
2859 3255 2952 3325 qui
3003 3253 3188 3308 verbis
3222 3239 3277 3306 ei
3308 3249 3466 3304 factis
3501 3264 3591 3300 ra-

2021 3356 2282 3411 tionalem
2319 3354 2444 3408 vitae
2483 3354 2625 3406 viam
2673 3349 2938 3410 inierunt,
2973 3346 3191 3399 initium
3237 3341 3445 3396 erroris
3475 3355 3595 3393 esse

2022 3447 2224 3502 mentis
2279 3445 2670 3512 arrogantiam,
2700 3455 2804 3508 qua
2830 3436 3046 3490 animus
3077 3431 3398 3502 perducitur
3423 3431 3490 3482 ad
3513 3429 3596 3479 di-

2019 3541 2208 3594 vinum
2242 3538 2433 3591 formis
2460 3544 2514 3590 et
2551 3534 2736 3604 ﬁguris
2766 3523 3356 3584 circumscribemlum.
3393 3520 3458 3574 lit
3481 3535 3597 3573 rur-

2021 3646 2116 3685 sus
2155 3645 2168 3680 :
2229 3647 2247 3680 ι
2287 3629 2486 3682 Beatus
2520 3625 2760 3683 animus.
2792 3621 2884 3690 qui
2936 3613 3205 3672 orationis
3248 3625 3491 3678 tt'lltporc
3525 3611 3594 3662 ab

2018 3723 2167 3778 omni
2209 3721 2384 3775 forma
2411 3733 2468 3773 se
2498 3715 2792 3770 abstrahit.
2833 3733 2850 3764 ›
2884 3711 2941 3764 Et
2977 3725 3167 3764 rursus
3199 3725 3214 3760 :
3249 3726 3267 3758 ι
3305 3706 3381 3760 Ne
3412 3721 3593 3772 quam:

2019 3815 2246 3870 omnino
2277 3813 2506 3865 formam
2544 3804 2840 3876 quamdam
2863 3810 2958 3856 aut
2992 3801 3237 3870 ﬁguram.
3271 3804 3364 3848 aut
3389 3809 3594 3860 corpus

2019 3899 2265 3969 recipere
2285 3899 2338 3952 in
2379 3893 2645 3950 orationis
2710 3901 2976 3960 tempore.
3017 3907 3038 3940 ι
3079 3889 3143 3941 Ει
3169 3899 3362 3938 rursus
3397 3899 3410 3935 :
3453 3901 3468 3932 ι
3511 3881 3591 3934 Ne

2017 3993 2296 4048 desideres
2323 3988 2547 4057 angelos
2577 3985 2787 4048 videre,
2825 3990 2921 4036 aut
2954 3989 3278 4050 potestates,
3313 3983 3410 4028 aut
3435 3973 3592 4027 Chri-

2019 4093 2160 4140 stum
2222 4081 2577 4146 sensibiliter,
2620 4087 2678 4131 ut
2732 4092 2802 4132 ne
2843 4077 3002 4146 plane
3051 4085 3241 4127 amens
3291 4068 3408 4128 ﬁas.
3467 4065 3594 4131 lupo

2019 4192 2118 4248 pro
2143 4183 2362 4246 pastore
2387 4181 2630 4240 recepto,
2661 4178 2715 4224 et
2738 4168 3088 4222 veneratione
3117 4151 3368 4231 turpibus
3399 4159 3596 4212 daemo-

2019 4247 2181 4322 nibus
2208 4264 2425 4319 tradita.
2463 4281 2482 4315 ι
2519 4261 2652 4318 Nam
2701 4255 2969 4330 quidquid
3030 4254 3134 4309 sub
3186 4253 3358 4306 forma
3416 4247 3588 4302 menti

2021 4366 2248 4430 apparet
2277 4356 2392 4412 sive
2425 4367 2483 4410 ut
2540 4357 2715 4408 lucem
2752 4351 2867 4406 sive
2911 4360 2974 4403 ut
3003 4349 3181 4418 ignem
3217 4344 3332 4398 licri
3393 4340 3591 4394 diaboli

339 4435 688 4527 προσκυνῶν
715 4459 828 4520 τοῖς
870 4457 1114 4526 αἰσχροῖς
1145 4456 1416 4524 δαίμοσιν.
1460 4457 1528 4509 "0
1569 4473 1624 4508 τι
1665 4455 1772 4524 γὰρ
1808 4455 1916 4508 πᾶν

2023 4450 2383 4519 malignitate,
2414 4447 2636 4501 divinus
2660 4444 2866 4498 Paulus
2893 4441 3178 4510 sapienter
3202 4438 3362 4490 docet
3397 4435 3462 4486 de
3492 4449 3592 4484 an-

335 4551 402 4600 τὺ
430 4551 488 4600 ἐν
521 4550 762 4619 σχήματι
806 4550 1136 4617 φαινόμενον
1166 4549 1243 4618 τῷ
1275 4549 1348 4619 νῷ
1374 4549 1480 4601 εἴτε
1526 4548 1600 4610 ὼς
1638 4549 1754 4614 φῶς
1801 4547 1913 4598 εἴτε

337 4643 418 4704 ὡς
449 4640 564 4712 πῦρ
595 4645 660 4695 ὲκ
703 4642 802 4711 τῆς
834 4641 928 4695 τοῦ
972 4641 1172 4711 ἐχθροῦ
1214 4640 1580 4710 κακοτεχνίας
1619 4641 1857 4708 γίνεται,
1886 4639 1914 4690 6

339 4734 630 4796 θεσπέσιος
689 4733 898 4795 Παῦλος
967 4734 1158 4802 σαφῶς
1214 4733 1481 4798 διδάσκει,
1533 4735 1614 4796 είς
1685 4731 1916 4798 ἄγγελον

341 4825 522 4892 φωτὸς
553 4826 715 4876 αὑτὸν
744 4825 919 4893 λέγων
964 4825 1569 4896 μετασχηματίζεσθαι.
1603 4824 1676 4877 0'3
1711 4824 1792 4876 δεῖ
1822 4822 1917 4876 οὖν

337 4917 436 4966 ἐπὶ
469 4914 642 4986 ταύτῃ
676 4917 742 4985 τῇ
796 4915 974 4968 ἐλπίδι
1031 4918 1154 4968 τινὰ
1199 4915 1290 4968 τὸν
1335 4913 1634 4982 ἀσκητικὸν
1668 4912 1916 4979 μετιέναι

339 5007 480 5076 βίον,
515 5007 602 5060 ἵνα
659 5009 732 5076 μὴ
773 5007 800 5056 ὁ
837 5008 1081 5070 Σατανᾶς
1131 5005 1356 5076 ἑτοίμην
1409 5004 1544 5075 εὕρῃ
1591 5005 1692 5074 τὴν
1739 5002 1918 5071 ψυχὴν

335 5097 592 5150 ἐντεῦθεν
616 5098 694 5161 είς
719 5099 999 5167 ἁρπαγήν.
1036 5118 1054 5150 ι
1096 5098 1205 5150 Καὶ
1239 5097 1290 5148 τί
1331 5098 1412 5149 δεῖ
1447 5095 1667 5158 πλείους
1699 5091 1915 5148 ἐνταῦθ’

283 5189 292 5194 ’
335 5189 642 5254 ᾁνελίττειν
689 5189 906 5259 βίϐλους
955 5190 1128 5258 ἁγίων
1172 5187 1405 5256 ἀνδρῶν,
1451 5187 1642 5238 ὁπόσοι
1700 5186 1796 5237 σύν
1849 5201 1910 5252 γε

339 5281 510 5352 σοφία
559 5283 650 5334 καὶ
687 5282 871 5350 νόμοις
923 5281 1209 5349 ἀσκήσεως
1239 5281 1328 5332 τὸν
1367 5279 1578 5332 ἑαυτῶν
1607 5277 1914 5346 ἐκεκοσμη-

337 5391 513 5426 κεσαν
569 5374 703 5440 βίον,
754 5367 834 5434 οἷς
879 5373 1144 5433 συνέσεως
1207 5370 1460 5440 μέτεστιν
1514 5371 1742 5434 ᾶπατιν,
1793 5369 1911 5434 ἐξὸν

335 5465 629 5534 ἀρκεῖσθαι
679 5467 864 5534 μόνοις
915 5465 1126 5528 τούτοις
1174 5464 1224 5528 οῖ
1261 5463 1594 5534 θεραπευταὶ
1649 5463 1750 5530 τῆς
1795 5463 1910 5512 ἐνε-

340 5558 556 5626 στώσης
585 5557 774 5627 χρείας
824 5559 954 5626 ἡμῖν
989 5558 1047 5610 ἐν
1079 5557 1156 5627 τῷ
1203 5556 1430 5628 παρόντι
1465 5553 1904 5624 προϐέϐληνται;

337 5655 466 5707 Ὅτι
533 5653 632 5724 μὲν
686 5655 792 5722 γὰρ
843 5656 898 5707 ai
955 5655 1276 5723 φαινόμεναι
1331 5655 1442 5716 τοῖς
1503 5653 1682 5720 ἁγίοις
1729 5649 1904 5702 ἐνίοτε
1943 5648 2256 5719 μορφώσεις
2318 5650 2410 5698 καὶ
2450 5646 2498 5696 οἱ
2567 5641 2944 5714 σχηματισμοὶ
2987 5635 3055 5692 δι’
3087 5632 3332 5702 ἀγγέλων

2012 4541 2133 4612 gelo
2179 4539 2338 4604 lucis,
2373 4553 2533 4606 quem
2590 4535 3029 4604 transﬁguratum
3082 4527 3235 4580 dicit.
3287 4525 3403 4578 Non
3428 4523 3596 4590 igitur

2018 4647 2157 4704 opus
2181 4637 2266 4686 est
2293 4629 2420 4683 huic
2441 4629 2555 4698 spei
2581 4626 2873 4680 asceticam
2899 4620 3188 4690 quamdam
3215 4617 3379 4669 vitam
3402 4629 3593 4682 snper-

2019 4735 2260 4786 struere,
2295 4735 2364 4776 ne
2395 4718 2628 4773 Satanas
2667 4725 2908 4785 paratam
2941 4709 3176 4780 prazdam
3211 4705 3592 4774 deprehendat

2019 4815 2280 4868 animam.
2315 4809 2494 4878 Atque
2550 4806 2682 4876 quid
2741 4815 2968 4858 necesse
3019 4807 3104 4853 est
3163 4797 3366 4850 ibidem
3423 4793 3594 4846 libros

2017 4914 2330 4960 sanctorum
2363 4901 2608 4955 virorum
2635 4898 2912 4955 evolvere,
2945 4889 3040 4961 qui
3071 4887 3340 4958 sapientia
3369 4895 3424 4939 et
3454 4883 3594 4953 legi-

2021 4996 2124 5050 bus
2158 4995 2317 5064 500
2365 4991 2616 5046 asceticis
2643 4989 2810 5042 vitam
2842 4999 3034 5039 corum
3082 4986 3442 5041 exornarunt,
3475 4975 3598 5044 qui-
3647 5005 3658 5010 -

2021 5087 2124 5140 bus
2156 5087 2210 5140 iu
2245 5085 2507 5138 omnibus
2543 5079 2834 5152 prudentia
2889 5077 3054 5140 inest,
3107 5089 3231 5128 cum
3295 5067 3592 5131 suﬁiciant,

2021 5183 2112 5250 qui
2159 5177 2414 5249 praesenti
2467 5173 2780 5230 necessitati
2807 5169 3055 5224 serviunt
3083 5166 3106 5219 ?
3139 5165 3270 5219 Nam
3309 5161 3594 5215 formatio-

2023 5289 2118 5328 nes
2157 5283 2210 5326 ct
2245 5273 2486 5325 visiones
2532 5283 2650 5338 quae
2685 5263 2888 5322 sanctis
2933 5257 3202 5313 interdum
3233 5253 3591 5322 apparebant,

2021 5381 2117 5438 per
2171 5367 2399 5435 angelos.
2451 5361 2620 5415 factas
2647 5373 2785 5422 esse,
2817 5355 2947 5408 satis
2979 5353 3408 5406 demonstratum
3443 5353 3592 5414 puto.

2018 5460 2137 5513 Non
2182 5460 2324 5511 enim
2361 5463 2540 5526 potest
2593 5451 2904 5505 immediate
2963 5461 3199 5514 unquam
3249 5440 3424 5494 dcitas
3481 5435 3594 5501 ipsa

2016 5537 2211 5620 ap‘parc
2221 5566 2294 5603 re.

3375 5617 3592 5677 τελοῦνς

338 5766 432 5800 ται
468 5747 628 5806 Θεοῦ,
665 5749 804 5800 πάνυ
833 5750 895 5816 γέ
951 5765 1000 5800 τι
1047 5747 1248 5808 ἱκανῶς
1317 5746 1693 5815 ἀποδεδεῖχθαι
1758 5743 1978 5816 οἴομαι·
2022 5743 2152 5812 μηδὲ
2191 5741 2296 5810 γὲιρ
2339 5739 2475 5794 εἶναι
2518 5740 2743 5795 δυνατὶν
2787 5739 3006 5810 ἀμέσως
3036 5727 3292 5802 γενέσθαι
3341 5720 3416 5792 τῷ
3463 5713 3592 5770 ποτὲ

339 5839 592 5910 θεότητος
621 5839 940 5910 ἐπιφάνειαν
975 5837 1094 5894 καθ’
1131 5838 1320 5907 αὑτήν.
1637 5851 1644 5858 '
1808 5849 1815 5872 ι
