4060 6204
509 280 614 345 463

1082 645 1432 779 ΤΟΥ
1523 639 2103 776 ΑΥΤΟΥ
2193 638 3194 774 ΝΙΚΗΦΟΡΟΥ

1714 283 2140 344 NlLEPUOltI
2181 283 2565 345 GBEGDIL'E

3662 279 3761 342 414

1565 882 1870 999 ΤΟΥ
1989 881 2704 999 ΓΡΗΓΟΡΑ
2921 997 2924 1000 ,
3049 1029 3061 1039 ,

1232 1105 1806 1194 ΡΩΜΑΙΚΗΣ
1885 1107 2379 1194 ΙΣΤΟΡΙΑΣ
2453 1105 2822 1195 ΛΟΓΟΣ
2895 1101 3110 1203 AC'.

858 1369 1573 1595 EJUSDEM
1649 1463 2508 1616 NICEPHORI
2606 1459 3402 1590 GREGORZE

950 1721 1682 1812 BYZANTIN/E
1755 1716 2382 1811 HISTORL/E
2455 1717 2824 1807 LIBER-
2881 1717 3331 1809 XXXVI.

2089 1927 2166 1940 —

570 2062 726 2132 501
773 2061 811 2115 Ι.
847 2059 1122 2129 Incipiens
1157 2057 1442 2113 historiam
1478 2072 1871 2128 proposueram
1909 2057 2067 2123 mihi,

2251 2055 2408 2130 [Cod.
2454 2057 2592 2128 Reg.
2640 2055 2805 2129 5075]
2862 2055 2924 2129 [ι.
2963 2057 3062 2111 25a
3109 2055 3164 2128 a]
3214 2058 3291 2109 A'.
3324 2057 3482 2126 mat
3517 2037 3757 2130 σαρκο.

500 2168 559 2211 ιιι
580 2169 761 2207 rerum
789 2152 1130 2222 publicarum
1151 2153 1554 2205 etmrrationem
1576 2162 1631 2206 et
1647 2150 2073 2218 explicationem

500 2249 731 2318 posteris
766 2249 1067 2308 traderem;
1099 2245 1191 2298 sed
1229 2244 1693 2311 quemadmodum
1726 2260 1905 2298 saevus
1939 2260 2076 2296 ven-

499 2347 640 2387 tnse
673 2331 1203 2402 septentrionalibus
1257 2330 1517 2399 delapsus
1553 2331 1872 2397 regionibus
1921 2337 2076 2383 ante-

496 2443 659 2493 quam
708 2423 1211 2478 animadvertamus
1272 2431 1329 2476 et
1385 2421 1434 2475 ei
1495 2423 1754 2475 resistere
1809 2437 2076 2475 conemur

496 2528 720 2586 repente
779 2516 1072 2586 prorupit,
1124 2524 1178 2570 et
1209 2515 1372 2567 animi
1407 2523 1740 2568 con-uetanr
1771 2513 2076 2583 tranquilli-

498 2619 659 2661 ιειιιειιι
732 2612 959 2670 turbat,
1034 2607 1235 2661 divina:
1296 2595 1563 2660 Ecclesize
1608 2615 1959 2674 Iempestates
2018 2615 2075 2660 et

495 2681 692 2752 tinctus
715 2700 976 2752 atterens.
1011 2697 1220 2752 Idcirco
1252 2713 1378 2750 cum
1427 2698 1598 2751 semel
1635 2700 1925 2765 empissem
1980 2697 2075 2752 de-

493 2791 768 2853 scribere,
807 2805 1151 2858 quaecunque
1209 2789 1504 2858 qualiaque
1550 2804 1617 2843 ex
1646 2788 1906 2842 Ecclesia)
1946 2788 2073 2841 futi-

493 2881 754 2936 damento
782 2883 1062 2950 naufragia
1086 2881 1428 2944 acciderant,
1473 2896 1698 2935 necesse
1731 2890 1850 2934 erat
1905 2881 2070 2933 etiam

492 2985 548 3026 et
575 2975 664 3042 qui
701 2984 757 3027 et
799 2974 1077 3042 quomodo
1108 2983 1162 3027 et
1187 2985 1532 3044 quantopere
1563 2984 1618 3029 ct
1651 2991 1760 3044 quo
1797 2977 1981 3030 studio
2016 2975 2068 3029 in

495 3074 883 3132 tetnpesfatnm
916 3065 1133 3118 illarum
1167 3065 1430 3120 [luctibus
1458 3079 1932 3135 perseverasse-nt,
1972 3070 2072 3121 ltu-

487 3153 575 3223 jus
611 3153 858 3206 historia:
917 3154 1078 3208 serici
1136 3155 1374 3208 etinter
1431 3173 1492 3210 se
1537 3158 1892 3228 conjungere,
1949 3175 2068 3227 qua:

490 3259 669 3296 causze
703 3244 955 3308 fuissent,
983 3254 1041 3298 ut
1072 3245 1359 3301 docebitur
1385 3289 1401 3312 ,
1436 3251 1792 3315 prtetttitlere.
1865 3251 2066 3303 Eorum

491 3352 613 3404 qme
641 3338 786 3390 inter
819 3353 938 3392 sese
970 3353 1222 3392 connexa
1262 3351 1413 3404 sunt,
1447 3357 1548 3396 nec
1572 3357 1813 3410 unquam
1847 3359 1874 3397 a
1911 3360 2066 3397 corn-

495 3429 642 3480 muni
675 3445 924 3483 connexu
964 3431 1218 3500 abrumpi
1261 3441 1515 3500 possunt,
1555 3433 1764 3486 variam
1818 3445 1871 3487 et
1907 3435 2067 3504 502

491 3520 848 3590 multiplicem
884 3521 1165 3576 historiam
1204 3539 1302 3592 pro
1326 3525 1560 3590 simplici
1604 3535 1658 3578 et
1700 3527 1843 3578 nuda
1879 3527 2068 3580 olfeci-

493 3628 634 3665 mus.
670 3612 802 3666 Nam
832 3627 1029 3682 praster
1061 3615 1374 3684 opinionem
1407 3625 1462 3668 et
1495 3617 1620 3670 inde
1651 3617 1720 3671 ab
1753 3617 1910 3670 initio
1945 3633 2064 3685 pro-

492 3705 731 3772 positum
764 3705 817 3758 in
859 3707 1024 3761 rebus
1053 3717 1108 3760 et
1141 3708 1376 3776 publicis
1408 3719 1464 3761 et
1496 3709 1888 3764 ecclesiasticis
1928 3709 2071 3763 acci-

489 3796 572 3850 dit
602 3798 760 3850 nobis
787 3797 945 3866 quasi
995 3798 1178 3853 medio
1205 3799 1257 3852 in
1283 3799 1500 3864 itinere,
1538 3811 1596 3853 nt
1640 3800 1837 3854 multas
1868 3816 2069 3855 excuro

488 3888 671 3944 siones
720 3898 776 3942 et
834 3891 1189 3959 rcpetitiones
1271 3907 1598 3945 sermonum
1659 3893 1952 3948 instituere
2012 3901 2069 3947 et

490 3980 822 4035 interserere
875 3992 932 4036 et
988 3983 1236 4037 subsidia
1299 3985 1568 4053 permulta
1632 3984 1956 4054 plerumque
2010 3995 2066 4040 et

489 4069 896 4126 admonitiones
935 4082 989 4125 et
1030 4073 1208 4128 varias
1257 4075 1516 4144 ambages
1549 4075 1813 4130 adbibere
1842 4091 2066 4146 cogere-

491 4175 613 4211 mur
666 4160 828 4213 modo
873 4178 941 4216 ex
1005 4163 1334 4232 longinquo,
1395 4166 1559 4219 modo
1613 4181 1678 4218 ex
1736 4168 2062 4236 pr0pinquo.

489 4249 656 4316 Igitur
683 4266 806 4303 cum
833 4251 896 4305 ad
924 4253 1083 4307 talem
1114 4255 1497 4308 necessitatem
1551 4256 1925 4325 pervenimus,
1954 4257 2065 4310 dis-

486 4341 818 4394 cernendum
858 4343 1024 4396 estin
1079 4345 1241 4397 rebus
1291 4346 1663 4399 diversimode
1699 4349 2062 4416 exponendis.

487 4431 701 4484 Etenim
751 4449 872 4502 qua:
916 4432 984 4486 ab
1027 4434 1344 4488 hominibus
1397 4446 1451 4490 et
1505 4438 1691 4491 animo
1741 4448 1797 4492 et
1832 4454 2065 4508 corpore

486 4525 772 4579 utentibus
811 4535 1116 4581 tractantur
1176 4544 1299 4583 cum
1336 4537 1392 4582 et
1431 4543 1623 4583 natura
1656 4539 1710 4584 ct
1767 4531 1982 4601 legibus
2009 4542 2066 4588 et

485 4619 730 4672 moribus
762 4618 1088 4688 dirigantur,
1121 4637 1348 4677 necesse
1371 4630 1458 4676 est
1479 4621 1727 4676 diversas
1757 4623 1872 4676 ﬁeri
1898 4625 2061 4691 vitas,

485 4721 707 4779 propter
741 4711 1124 4767 diversitatem
1155 4713 1507 4767 tractantium
1539 4724 1596 4768 ct
1623 4715 2060 4780 tractandorum,
2091 4751 2131 4806 Ο

481 4815 702 4861 eorum,
762 4817 883 4869 quzc
927 4803 1174 4872 dirigunt
1227 4815 1282 4858 et
1335 4821 1455 4874 qua:
1510 4805 1845 4874 diriguntur.
1892 4817 1950 4862 ut
1983 4809 2060 4876 di-_

481 4901 627 4945 ctum
649 4903 734 4946 est
763 4908 778 4944 :
809 4905 866 4948 et
893 4911 1053 4949 verso
1079 4897 1299 4961 ordine,-
1327 4913 1448 4966 qua:
1475 4914 1571 4966 por
1593 4899 1780 4968 inriga,
1817 4904 1938 4969 qua!
1963 4917 2059 4970 per

484 4983 734 5038 breviora
781 4988 1041 5056 temporis
1084 4991 1282 5057 spatia,
1312 5006 1434 5060 qua:
1474 4992 1741 5046 modicam
1793 4993 2058 5047 vilitatem

445 5086 643 5130 ‘nacta
679 5089 829 5143 sunt,
863 5095 985 5147 quae
1019 5081 1083 5132 ad
1139 5083 1400 5151 majorem
1464 5100 1625 5153 quam
1681 5084 1772 5140 illa
1837 5086 2058 5140 redacta

483 5178 654 5232 sunt;
694 5187 816 5239 qua:
842 5187 941 5240 per
967 5187 1048 5232 se,
1102 5188 1224 5242 qua:
1262 5189 1370 5226 non
1436 5191 1532 5243 per
1563 5192 1660 5239 se;
1725 5175 1889 5229 modo
1953 5178 2058 5230 sub

487 5272 718 5324 temere,
751 5263 915 5315 modo
947 5264 1252 5332 prudenter
1276 5268 1614 5335 gerentibus,
1661 5283 1783 5336 qua:
1816 5267 2054 5338 denique

487 5367 596 5405 non
637 5354 828 5406 eadem
863 5371 1159 5424 nusquam,
1194 5371 1262 5411 ne
1287 5358 1464 5411 dicam
1515 5359 1730 5412 diversa
1783 5368 1838 5413 et
1873 5359 2056 5427 impli-

485 5450 605 5495 cata
637 5443 868 5511 etplane
903 5446 1293 5501 dissimillima.
1341 5447 1496 5514 Quod
1545 5449 1713 5517 igitur
1749 5464 1874 5502 eum
1918 5449 2056 5504 feci-

489 5548 632 5596 mus,
669 5552 777 5589 non
819 5537 1064 5606 ineptum
1101 5539 1375 5606 quoddam
1408 5539 1586 5594 facere
1614 5556 1792 5610 neque
1827 5540 1926 5609 ipsi
1958 5557 2057 5610 pu—

489 5624 724 5679 tavimus
757 5641 934 5696 neque
965 5627 1124 5698 503
1161 5629 1284 5682 aliis
1323 5630 1424 5683 visi
1460 5647 1650 5684 sumus
1679 5648 1780 5684 nec
1808 5632 1849 5684 si
1873 5640 2054 5698 postea

492 5717 780 5788 faciemus,
841 5723 1001 5780 inane
1065 5724 1338 5795 quoddam
1401 5725 1663 5780 faciemus
1718 5741 1818 5780 nec
1876 5725 2059 5778 facere.

2187 2152 2334 2220 μένῳ
2362 2151 2460 2220 τῆς
2495 2151 2737 2220 ἱστορίας
2768 2150 2829 2203 τὸ
2863 2150 3283 2219 σκοπιμώτατον
3311 2144 3381 2218 ἦν
3399 2149 3500 2218 τὴν
3532 2150 3641 2202 τῶν
3662 2145 3754 2219 8n-

2186 2244 2388 2313 μοσίων
2415 2243 2758 2314 πραγμάτων
2801 2245 2914 2308 τοῖς
2956 2243 3126 2296 ἔπειτ’
3145 2241 3450 2314 ἀνθρώποις
3489 2243 3753 2312 γράφοντι

2184 2335 2581 2406 παραπέμπειν
2620 2336 2871 2406 διήγησίν
2901 2351 2958 2388 τε
3010 2335 3100 2387 καὶ
3139 2335 3397 2404 δήλωσινο
3432 2335 3752 2403 ἀλλ’ὦσπερ

2181 2441 2265 2488 τις
2297 2424 2486 2495 ἄγριος
2513 2425 2712 2494 ἄνεμος
2739 2424 2797 2488 ἐξ
2826 2420 3092 2494 ἀρκτῴων
3118 2424 3487 2495 καταρραγεὶς
3535 2426 3753 2494 πηγῶν,

2182 2519 2494 2587 πρῖνιήμᾶς
2519 2517 2805 2571 αἰσθέσθαι
2835 2518 2931 2571 καὶ
2961 2519 3091 2587 πρὶν
3135 2518 3587 2587 παρεσκευάσθαι
3616 2519 3754 2586 πρὸς

2179 2608 2278 2679 τὴν
2307 2609 2634 2678 ἀπάντησιν.
2664 2608 2924 2678 ἐξαίφνης
2949 2609 3286 2677 συνεκύκησέ
3316 2627 3372 2662 τε
3407 2611 3498 2663 καὶ
3526 2611 3752 2662 συνετά-

2182 2700 2310 2770 ραξε
2347 2700 2446 2769 τῆς
2472 2699 2752 2770 ἡμετέρας
2803 2701 2896 2752 καὶ
2941 2701 3206 2770 συνήθους
3249 2701 3463 2770 ἐκείνης
3509 2702 3751 2771 γαλήνης

2177 2791 2467 2860 τοῦδαφος,
2505 2793 2632 2854 τοὺς
2659 2790 2804 2845 κατὰ
2835 2792 2934 2862 τῆς
2967 2791 3061 2844 τοῦ
3096 2792 3232 2845 Θεοῦ
3273 2781 3594 2860 Ἐκκλησίας
3625 2793 3750 2842 ἐπε-

2178 2883 2386 2951 νεγκὼν
2438 2883 2714 2952 χειμῶνας
2762 2886 2855 2936 καὶ
2907 2883 3208 2947 κλύδωνας.
3259 2870 3617 2956 Κάπειδήπερ
3663 2887 3748 2939 διὰ

2177 2975 2291 3026 τάδ’
2336 2974 2636 3038 ἀναγκαῖον
2687 2973 2834 3042 ἅπαξ
2879 2976 3234 3046 προελομένῳ
3283 2975 3541 3042 διεξιέναι
3588 2977 3748 3030 πάνθ’

2177 3062 2385 3131 ὅσαπερ
2441 3062 2508 3114 ἂν
2557 3063 2650 3114 καὶ⁸
2705 3057 2793 3116 οἶά
2823 3080 2887 3131 γε
2929 3067 3014 3134 εῐη
3052 3067 3118 3118 τὰ
3148 3067 3284 3129 τέως
3329 3067 3747 3138 παρεκπεσόντα

2174 3153 2272 3224 τῆς
2307 3153 2772 3222 ἐκκλησιαστικῆς
2805 3154 3117 3217 ὑποθέσεως
3144 3158 3404 3226 ναυάγια,
3431 3161 3524 3211 καὶ
3547 3160 3745 3221 οἵτινες

2176 3241 2287 3296 εἷεν
2320 3244 2412 3296 καὶ
2465 3243 2613 3306 ὅπως
2647 3243 2744 3296 καὶ
2791 3245 2956 3314 μέχρι
3014 3247 3183 3300 πόσου
3213 3248 3308 3300 καὶ
3353 3249 3474 3318 μεθ’
3502 3249 3622 3312 οἴας
3649 3250 3746 3317 τῆς

2177 3337 2489 3407 προθυμίας
2519 3339 2633 3401 τοῖς
2663 3338 2772 3395 τῶν
2803 3339 3090 3409 χειμώνων
3132 3342 3358 3394 ἐκείνων
3380 3342 3746 3413 ἐνεκαρτέρη-

2175 3443 2272 3478 σαν
2297 3426 2508 3495 κύμασι
2547 3429 2817 3498 συνείρειν
2857 3431 2951 3482 καὶ
2975 3430 3330 3500 συνυφαίνειν
3357 3432 3433 3501 τῷ
3464 3434 3564 3501 τῆς
3597 3435 3746 3485 ἱστο-

2178 3517 2296 3588 ρίας
2333 3518 2549 3588 σώματι
2572 3523 2826 3589 ταυτησὶ,
2866 3523 2958 3574 καὶ
3021 3524 3318 3576 συνάπτειν
3374 3524 3662 3591 ἑκατέροις
3693 3526 3745 3576 ἐ-

2173 3609 2383 3679 κάτερα
2437 3609 2533 3664 ἆτε
2581 3612 2834 3664 συναίτια
2879 3613 3147 3681 γινόμενα
3189 3613 3463 3683 ἀλλήλοις,
3517 3613 3594 3676 ὡς
3635 3615 3744 3667 δει-

2172 3702 2434 3771 χθήσεται
2479 3704 2766 3773 προϊοῦσιν
2795 3705 2953 3775 ἡμῖν.
2989 3709 3082 3758 καὶ
3132 3706 3222 3774 ὑφ’
3257 3706 3468 3758 ἐαυτῶν
3488 3706 3738 3776 ἀλλήλοις

2174 3794 2622 3864 συμπλεκόμενα,
2651 3796 2746 3848 καὶ
2773 3795 2986 3868 οὖδαμῆ
3038 3797 3136 3867 τῆς
3167 3798 3300 3868 πρὸς
3351 3798 3562 3867 ἄλληλα
3601 3817 3740 3868 συμο

2173 3886 2339 3955 φυῖας
2362 3902 2422 3938 τε
2480 3887 2574 3939 καὶ
2608 3886 2967 3957 ἀλληλουχίας
2998 3889 3396 3959 διασπασθῆναι
3443 3891 3739 3961 δυνάμενα,

2171 3980 2429 4050 πολυειδῆ
2463 3980 2557 4033 καὶ
2585 3979 2782 4051 διπλῆν
2807 3981 2921 4034 ἀνθ’
2948 3981 3124 4050 ἁπλῆς
3157 3983 3248 4035 καὶ
3283 3983 3591 4051 μονοειδοῦς
3622 3984 3741 4036 Eici-

2171 4073 2338 4141 θομεν
2371 4071 2606 4141 δρῶντες
2638 4071 2737 4142 τὴν
2783 4072 3030 4142 ἱστορίαν
3071 4073 3348 4142 δημοσίων
3397 4076 3740 4144 πραγμάτων

2169 4164 2260 4214 καὶ
2301 4161 2420 4231 ἅμα
2471 4160 2967 4231 ἐκκλησιαστικῶν,
3003 4164 3156 4232 παρὰ
3207 4164 3388 4217 πᾶσάν
3419 4183 3477 4218 τε
3509 4167 3738 4235 προσδο-

2169 4253 2293 4306 κίαν
2324 4254 2420 4308 καὶ
2455 4253 2609 4325 παρὰ
2638 4255 2822 4308 πᾶσαν
2854 4253 2952 4323 τὴν
2984 4256 3041 4321 ἐξ
3076 4257 3254 4326 ἀρχῆς
3290 4257 3448 4326 ἡμῶν
3479 4258 3739 4327 πρόθεσιν

2170 4345 2385 4413 συμΰὰν
2409 4346 2609 4398 οὑτωσί
2635 4363 2753 4408 πως
2779 4345 2836 4397 ἐν
2868 4345 3008 4416 μέσῃ
3037 4347 3202 4416 φάναι
3227 4350 3444 4419 πορεία,
3476 4349 3553 4413 ὡς
3569 4351 3740 4418 αναγ-

2168 4435 2430 4498 κάζεσθαι
2457 4437 2606 4506 ἡμᾶς
2635 4438 2878 4504 συνεχεῖς
2914 4437 3012 4501 τὰς
3046 4439 3315 4508 ἐκδρομὰς
3355 4457 3411 4492 τε
3437 4442 3533 4495 καὶ
3561 4442 3742 4495 ἀνελίο

2167 4527 2279 4593 ξεις
2303 4527 2396 4580 καὶ
2427 4527 2798 4597 ἐπαναλήψεις
2815 4529 2926 4581 τῶν
2949 4529 3125 4597 λόγων
3148 4532 3423 4584 ποιεῖσθαι
3451 4535 3545 4586 καὶ
3569 4535 3738 4604 ἐφαρ-

2171 4619 2391 4686 μόττειν
2421 4619 2516 4670 καὶ
2561 4618 2896 4684 συντιθέναι,
2931 4621 3025 4673 καὶ
3057 4623 3438 4693 παραπομπάς
3477 4628 3734 4693 παμπόλ-

2167 4705 2262 4770 λας
2296 4707 2542 4778 πολλαχῆ
2585 4708 2861 4763 ποιεῖσθαι
2895 4710 2988 4762 καὶ
3025 4703 3363 4780 ἀναμνήσεις
3411 4718 3505 4768 καὶ
3547 4720 3733 4788 περιό-

2162 4797 2286 4859 δους
2315 4799 2715 4870 πολυτρόπους.
2747 4801 2842 4854 νῦν
2877 4802 2975 4871 μὲν
3001 4801 3089 4855 διὰ
3124 4803 3342 4874 μακροῦ
3376 4807 3471 4859 τοῦ
3503 4811 3730 4877 μεταξὺ,

2165 4889 2261 4942 νῦν
2286 4889 2333 4942 δ’
2358 4893 2416 4942 ἐκ
2449 4891 2544 4944 τοῦ
2567 4890 2853 4960 σύνεγγυς.
2885 4893 3246 4963 Ἀνεμέσητον
3271 4889 3366 4949 οὖν
3391 4894 3532 4952 εἶναι
3555 4903 3731 4970 χρεὼν

2163 4984 2224 5036 τὸ
2269 4985 2393 5038 καθ’
2431 4987 2581 5057 ἡμᾶς
2619 4988 2699 5049 είς
2748 4987 2897 5041 τοῦτ’
2928 4988 3177 5059 ἀνάγκης
3231 4992 3620 5058 συνελαθέντας
3663 5001 3726 5066 τῇ

2161 5074 2298 5128 τῶνε
2318 5078 2376 5143 ἐξ
2409 5079 2657 5147 ἀνάγκης
2689 5079 2868 5132 ἄλλοτ’
2895 5079 3076 5144 ’ἄλλως
3115 5083 3347 5152 ἐχόντων
3385 5089 3728 5156 πραγμάτιον

2161 5170 2324 5239 φορᾷ.
2364 5169 2504 5222 Ὑπὸ
2527 5169 2637 5241 γὰρ
2667 5169 2815 5224 δυοῖν
2857 5173 3140 5240 ἐναντίοιν,
3175 5174 3375 5246 ψυχαῖς
3399 5178 3601 5250 δηλαδὴ
3637 5187 3726 5237 καὶ

2160 5261 2400 5329 σώμασι,
2447 5264 2749 5332 χρωμένων
2803 5264 3108 5334 ἀνθρώπων
3161 5269 3302 5321 αὐτὰ
3358 5271 3724 5343 διοικούμενα.

2159 5354 2276 5415 πῶς
2305 5355 2406 5423 μὲν
2437 5354 2541 5406 ὑπὸ
2573 5355 2790 5422 φύσεως
2833 5357 2928 5409 καὶ
2973 5357 3132 5419 aera,
3162 5361 3281 5422 πῶς
3327 5362 3371 5414 δ’
3403 5365 3508 5418 ὑπο
3550 5369 3726 5437 νόμων

2159 5449 2254 5498 καὶ
2303 5447 2443 5498 ἐθῶν
2498 5447 2897 5518 ῥυθμιζόμενα,
2937 5451 2995 5523 μ’.
3033 5451 3130 5506 251
3173 5453 3226 5524 b]
3276 5455 3486 5526 ἀνάγκη
3537 5459 3723 5529 διαφό-

2165 5556 2290 5608 ρους
2321 5540 2568 5604 γίνεσθαι
2611 5541 2739 5603 τοὺς
2776 5540 2928 5610 βίους
2971 5543 3246 5613 διαφόρων
3288 5546 3461 5602 ὄντων
3511 5552 3618 5603 τῶν
3664 5571 3722 5606 τε

2160 5629 2513 5682 διοικούντων
2545 5632 2639 5684 καὶ
2672 5630 3080 5700 διοικουμένων,
3116 5620 3226 5686 τῶν
3260 5653 3317 5687 τε
3352 5638 3723 5708 ρυθμιζόντων

2163 5725 2254 5776 καὶ
2284 5721 2724 5794 ῥυθμιζομένων,
2772 5723 2846 5787 ὡς
2895 5725 3129 5796 εἴρηται,
3171 5730 3260 5780 καὶ
3305 5730 3723 5796 ἐξα>.).ἁττ-σϐαι
