4060 6204
438 237 546 301 447

1624 255 1675 314 Ν
1688 258 2047 317 ILEPHORI
2092 259 2484 322 GREGOILE

3579 263 3691 325 158

439 350 964 423 praiternavigantes
995 371 1119 411 eum
1152 361 1458 416 carminum
1504 364 1801 420 admodum
1855 367 2016 421 lictis-

2125 371 2332 440 εἰλήφει
2381 373 2473 426 τὸν
2524 371 2859 441 ζητούμενον
2910 372 3077 425 παῖδα
3121 370 3551 440 τοῦῙΥρκανοὶῦ.
3598 374 3700 427 καὶ

440 440 708 495 simorum
741 455 929 513 cantu,
973 450 1177 520 quippe
1232 467 1354 520 qum
1408 469 1598 523 pacem
1642 456 1712 510 ah
1783 459 2013 513 barbaro

441 531 582 586 duce
619 531 958 600 nuntiatam.
1008 557 1116 595 non
1149 544 1382 612 amplius
1407 545 1460 600 in
1496 563 1592 616 spe
1652 549 2014 608 dormientem

434 621 710 691 viderent,
745 628 840 683 sed
877 618 1147 710 inlucem
1207 637 1475 705 prolatam
1521 640 1793 710 publicam
1859 652 2012 699 tran-

432 718 769 808 quillitatem
802 708 1106 782 incredibili
1138 729 1234 784 Dei
1266 708 1632 801 providentia.
1675 736 1823 802 Quas
1851 736 2017 808 igitur

446 806 740 871 gratias'et
787 811 1024 871 honores
1058 816 1111 871 in
1137 820 1318 893 epulis
1364 831 1420 876 et
1449 836 1711 894 quantam
1759 806 2016 898 magniﬁ-

444 899 678 953 centiam
740 900 793 956 in
826 905 1072 962 vestibus
1123 912 1387 967 continuo
1438 918 1723 973 mutandis
1777 916 2013 989 Hyrcani

446 985 558 1040 lilio
596 990 876 1061 tribuerit,
920 1014 1185 1069 generum
1213 1019 1336 1058 eum
1368 1009 1649 1077 appellans
1675 1021 1730 1067 et
1756 985 1927 1069 lilium
1959 1025 2016 1072 et

444 1094 564 1145 qua:
589 1096 853 1153 praeterea
887 1092 1156 1162 ejusmodi
1181 1107 1329 1153 amat
1363 1100 1638 1158 humanus
1658 1114 1720 1159 et
1753 1106 2016 1163 domesti-

443 1167 541 1226 cus
569 1188 687 1229 mos
711 1186 768 1231 et
796 1178 980 1237 dicere
1010 1185 1289 1257 etfacere,
1324 1189 1438 1246 haec
1467 1207 1794 1251 enumerare
1813 1212 2013 1268 super-

439 1259 615 1316 ﬂuum
648 1266 780 1322 mihi
811 1271 1050 1330 videtur.
1081 1276 1221 1333 Neta
1250 1281 1395 1335 enim
1425 1294 1599 1343 erunt
1621 1287 1879 1344 omnibus
1909 1291 2014 1346 etsi

444 1355 666 1412 silentio
683 1375 711 1413 a
730 1362 891 1419 nobis
911 1367 1130 1424 omissa.
1147 1370 1282 1426 Nam
1295 1378 1669 1432 communium
1690 1381 2013 1450 opinionum

432 1459 497 1502 ct
517 1465 728 1506 morum
746 1453 947 1526 largam
969 1461 1248 1518 scientiam
1268 1452 1647 1540 unusquisque
1664 1487 1695 1527 e
1712 1473 1879 1529 variis
1892 1474 2016 1535 vita:

444 1540 662 1633 t-asibus
692 1544 853 1617 506
878 1551 1133 1633 colligere
1159 1563 1214 1610 et
1243 1557 1587 1630 singulorum
1610 1562 2013 1633 experientiam

444 1628 499 1680 in
534 1645 702 1686 unum
732 1626 1061 1707 componere
1092 1659 1192 1713 pro
1225 1661 1321 1701 sua
1353 1650 1567 1705 ratione
1595 1660 1796 1722 potest.
1830 1652 2016 1720 Quan-

438 1725 636 1788 topere
670 1737 853 1782 autem
878 1743 1097 1798 peracta
1131 1738 1481 1809 navigatione
1510 1742 1566 1797 in
1589 1756 1888 1816 conspectu
1915 1746 2019 1819 By'

447 1814 755 1870 zantiorttnt
779 1836 906 1876 cum
939 1823 1316 1896 honoraverit,
1360 1842 1416 1888 et
1448 1843 1583 1903 quot
1638 1814 1920 1895 adfuerint
1951 1814 2018 1896 ex

449 1906 754 1974 peregrinis
805 1916 963 1970 terris
1019 1925 1077 1972 et
1108 1921 1359 1990 urbibus,
1410 1941 1737 1986 enumerare
1784 1946 1895 1985 non
1949 1932 2019 1987 ad

449 2009 562 2048 rem
595 2013 841 2065 spectare
873 2010 1084 2074 putavi.
1139 2010 1336 2070 Videre
1369 2029 1622 2087 poterant
1646 2024 1794 2077 enim
1822 2040 2018 2082 omnes

451 2090 580 2160 imp.
635 2098 871 2166 equitem
897 2105 1179 2173 ,equidem
1223 2107 1519 2167 barbarum
1567 2115 2018 2174 introducentetn

450 2184 510 2279 in
534 2188 681 2279 regia
711 2191 1010 2248 domicilia.
1058 2197 1152 2253 llle
1204 2212 1324 2270 post
1366 2203 1498 2273 imp.
1532 2220 1657 2259 cum
1703 2208 1836 2263 solis
1884 2209 2016 2279 imp.

451 2274 647 2332 libi-ris
689 2291 743 2335 et
769 2284 1017 2351 patribus
1048 2290 1399 2347 .vebebatur.
1448 2293 1719 2352 Caeterum
1787 2274 2018 2354 nimium

452 2366 716 2443 honorem
767 2376 1225 2439 animadvertisse
1285 2385 1582 2442 barbarum
1632 2398 1691 2443 et
1744 2392 2021 2460 quomodo

449 2461 662 2515 veritus
691 2476 863 2532 esset,
895 2469 1137 2527 inaudita
1167 2489 1232 2529 ex
1263 2477 1429 2548 regiis
1455 2479 1632 2549 portis
1682 2481 2021 2541 introductio

446 2552 711 2609 ostendit.
749 2555 1001 2615 Piirrecta
1042 2579 1206 2619 manu
1253 2571 1812 2638 comprehendentem
1873 2575 2017 2646 imp.

454 2657 670 2697 manum
699 2656 755 2700 et
782 2646 1029 2715 praebens
1089 2654 1334 2713 habenas
1377 2661 1504 2731 ejus
1562 2679 1673 2734 quo
1717 2667 2023 2722 vehebatur

450 2734 575 2827 equi
626 2737 735 2791 alta
784 2755 918 2797 voce
947 2752 1009 2799 ut
1056 2747 1160 2802 sibi
1191 2740 1530 2813 descendere
1588 2756 1751 2811 liceat
1783 2760 2023 2827 postulet

442 2837 499 2877 ci
535 2824 738 2885 invitus
778 2838 833 2884 ct
878 2835 1033 2902 quasi
1064 2837 1410 2911 obstrepens,
1449 2843 1502 2897 in
1568 2824 1803 2901 mediam
1845 2840 2021 2920 ustiue

448 2916 630 2971 aulam
658 2920 860 2990 regiam
881 2927 1052 2980 venit.
1077 2928 1178 2984 Ubi
1205 2947 1313 2985 non
1337 2936 1555 3002 quidem
1586 2938 1654 2992 ad
1683 2916 2018 2998 voluntatem

2115 461 2345 531 ἐπανῄει
2375 461 2583 530 χαίρων
2612 462 2669 524 ἐς
2704 461 2765 513 τὸ
2798 460 3114 525 Πυζάντιον.
3146 461 3259 514 Καὶ
3289 457 3356 529 ἦν
3384 461 3695 530 τηνικαῦτα

2114 552 2174 606 τὸ
2195 552 2313 619 ἔτος
2345 553 2405 604 ἐν
2427 554 2545 613 ταῖς
2573 554 2780 620 ἀκμαῖς
2801 552 2896 605 τοῦ
2928 552 3144 622 θέρους,
3168 554 3258 606 ὅτε
3292 553 3358 623 δὴ
3390 554 3520 623 περὶ
3547 554 3696 608 ἅλω-

2115 660 2212 709 νας
2242 644 2336 696 καὶ
2364 644 2514 696 σίτου
2565 643 2793 713 κομιδὴν
2825 644 3042 714 ἀνάγκη
3077 644 3411 714 συνήλαυνεν
3437 644 3698 715 ἀσχολεῖ-

2116 739 2245 795 σθαι
2277 740 2490 803 πάντας
2537 734 2619 801 οἷς
2646 740 2813 810 ἔργον
2853 741 2904 794 οί
2937 742 3086 794 πόνοι
3127 741 3257 808 γῆς,
3288 741 3516 810 εἰρήνης
3559 742 3697 812 άρτι

2114 831 2464 901 παντοδαπῆς
2530 832 2995 903 περιχορευούοης
3048 834 3116 885 τὰ
3175 831 3465 901 Ῥωμαίων
3509 833 3698 901 πράγο-

2119 940 2289 995 ματα.
2323 923 2435 976 Καὶ
2461 923 2623 993 μέχρι
2656 922 2756 991 μὲν
2783 924 2840 986 ἐς
2869 922 3169 1005 Βυζάντιον
3186 924 3225 976 ’ό
3254 921 3424 986 πλοῦς
3454 918 3522 990 ἦν
3553 923 3698 976 ἐπα-

2115 1017 2287 1073 νιόντι
2321 1017 2401 1086 τῷ
2429 1015 2665 1087 βασιλεῖ,
2708 1015 2809 1084 μία
2848 1016 3104 1086 τριήρης.
3138 1017 3172 1084 ή
3202 1013 3456 1084 βασιλικὴ
3487 1030 3698 1081 ναυαρ-

2114 1111 2225 1181 χὶς,
2254 1108 2510 1177 ἐκόμισεν
2548 1107 2738 1179 ἄμφω.
2772 1108 2868 1162 τόν
2902 1123 2963 1162 τε
3009 1106 3229 1176 βασιλέα
3279 1107 3377 1160 καὶ
3407 1105 3468 1178 [ί.
3494 1105 3602 1160 252
3629 1103 3691 1177 b]

2113 1201 2208 1254 τὸν
2249 1197 2521 1268 Ὑρκανοῦ
2546 1198 2711 1253 παῖδα
2733 1214 2748 1231 ·
2776 1198 2835 1251 αἱ
2863 1197 2910 1251 δ’
2941 1197 3101 1250 ἄλλαι
3142 1197 3386 1266 τριήρεις
3420 1194 3691 1264 περιπλέο

2114 1294 2270 1347 ουσαί
2289 1309 2352 1345 τε
2380 1292 2476 1345 καὶ
2501 1291 2907 1361 παραπλέουσαι
2940 1292 2998 1345 ἐν
3034 1290 3199 1361 ᾠδαῖς
3230 1284 3370 1359 ἦσαν
3395 1287 3539 1342 πάνυ
3565 1303 3694 1357 χαι-

2118 1384 2362 1456 ρούσαις,
2395 1383 2496 1455 τὴν
2545 1381 2965 1452 ἐπηγγελμένην
3011 1381 3151 1452 πρὸς
3192 1380 3286 1434 τοῦ
3329 1378 3437 1432 τῶν
3470 1377 3693 1448 Βαρόά-

2104 1495 2230 1549 ,ρων
2259 1477 2527 1546 ἡγεμόνος
2554 1476 2782 1546 ειρήνην
2798 1475 2987 1532 οὐκέτ’
3021 1475 3081 1526 ἐν
3104 1472 3337 1527 ἐλπίδων
3361 1475 3545 1537 σκιαῖς
3584 1490 3690 1527 κα-

2117 1570 2411 1626 θεύδουσαν
2449 1569 2766 1640 βλέπουσαι,
2805 1567 2921 1621 ἀλλ’
2955 1568 3032 1630 είς
3084 1566 3204 1636 φῶς
3252 1565 3690 1637 προεληλυθυῖαν

2117 1661 2219 1733 ήδη
2264 1661 2604 1716 κατάστασιν
2636 1659 2954 1731 πρακτικὴν
3009 1658 3349 1730 ἀπορρήτοις
3397 1656 3693 1728 προνοίαις

2118 1754 2214 1808 τοῦ
2241 1753 2630 1824 φιλανθρώπου
2654 1751 2819 1827 Θεοῦ.
2855 1752 2987 1814 Οῐας
3023 1752 3124 1822 μὲν
3151 1750 3244 1806 οῦν
3269 1751 3369 1814 τὰς
3398 1748 3694 1821 βασιλικὰς

2121 1841 2522 1912 φιλοφροσύνας
2579 1840 2674 1896 καὶ
2716 1840 2995 1907 δεξιώσεις
3025 1841 3084 1895 ἐν
3119 1839 3378 1909 εὐωχίαις
3422 1840 3515 1894 καὶ
3562 1839 3692 1892 ὅσον

2119 1933 2180 1988 τὸ
2214 1932 2638 2004 μεγαλοπρεπὲς
2678 1934 2738 1987 ἐν
2778 1934 2897 1995 ταῖς
2950 1931 3060 1985 τῶν
3100 1931 3415 2001 ἐνδυμάτων
3462 1932 3696 2001 συχναῖς

2119 2025 2391 2093 ἀλλαγαῖς
2424 2023 2728 2091 ἐνεδείξατο
2760 2025 2896 2095 πρὸς
2924 2026 3016 2076 τὸν
3044 2023 3141 2076 τοῦ
3185 2022 3455 2094 Ὑρκανοῦ
3501 2018 3695 2085 παῖδα,

2120 2114 2368 2188 γαμϐρὸν
2392 2115 2556 2169 αὐτὸν
2593 2114 2885 2169 ἀποκαλῶν
2915 2115 3009 2167 καὶ
3034 2114 3170 2179 υίδν,
3201 2115 3290 2167 καὶ
3315 2114 3412 2167 ὅσα
3442 2112 3530 2165 ἐπὶ
3569 2111 3697 2165 τούν

2119 2225 2235 2271 τοις
2270 2207 2417 2276 φιλεῖ
2449 2207 2510 2261 τὸ
2532 2206 2874 2277 ἀνθρώπινον
2897 2206 2991 2262 καὶ
3024 2206 3286 2276 δημόσιον
3314 2204 3439 2268 ἔθος
3479 2204 3578 2261 καὶ
3602 2203 3699 2256 λέο

2121 2316 2240 2368 γειν
2285 2300 2380 2353 καὶ
2407 2299 2561 2370 δρᾷν,
2593 2297 2851 2369 περιττόν
2898 2314 2990 2368 μοι
3021 2297 3280 2362 διεξιέναι
3309 2296 3491 2349 δοκεῖ’
3544 2294 3697 2363 γνὼο

2123 2408 2261 2460 ριμα
2288 2391 2402 2461 γὰρ
2449 2391 2513 2445 ἂν
2547 2390 2635 2459 εἴη
2680 2390 2815 2460 πᾶσι
2849 2390 2939 2444 καὶ
2972 2388 3326 2456 σιωπώμενα,
3361 2387 3470 2441 τῶν
3493 2386 3696 2440 κοινῶν

2120 2481 2348 2536 ἐννοιῶν
2395 2481 2492 2536 καὶ
2537 2480 2648 2534 τῶν
2698 2480 3019 2550 συντρόφων
3063 2479 3302 2548 ἐθισμῶν
3330 2476 3429 2548 τὴν
3469 2476 3695 2549 τῆςιένο

2120 2572 2294 2626 ταῦθα
2321 2573 2579 2641 γνώσεως
2606 2570 2740 2642 ὕλην
2768 2570 3003 2641 ἄφθονον
3037 2570 3418 2640 χορηγούντων
3457 2566 3691 2620 αὐτόθεν

2121 2664 2397 2731 ἑκάστοις,
2448 2665 2513 2718 ἐκ
2545 2662 2655 2717 τῶν
2700 2661 2795 2717 τοῦ
2826 2661 2946 2732 βίου
3001 2658 3299 2723 πολυειδῶν
3345 2655 3729 2727 πραγμάτων

2120 2754 2536 2825 διδασκομένοις
2562 2755 2673 2820 ἀεὶ,
2708 2754 2798 2807 καὶ
2826 2752 3247 2824 ἅναλεγομένοις
3276 2751 3377 2822 τὴν
3406 2750 3514 2804 τῶν
3553 2748 3691 2802 ἐκά-

2124 2862 2264 2899 στων
2311 2846 2611 2916 ἐμπειρίαν
2639 2847 2719 2912 είς
2746 2845 2808 2898 ἓν
2860 2843 3220 2916 ἠθροισμένον
3278 2842 3548 2903 συνέσεως
3593 2840 3693 2909 έμ-

2122 2951 2371 3005 πρακτον
2425 2935 2706 3005 σύστημα.
2730 2935 2870 2989 Ὅσα
2899 2935 2944 2988 δ’
2979 2935 3107 3006 ἄρτι
3157 2930 3692 2988 καταπεπλευκότων

352 3020 357 3027 λ
453 3009 585 3079 imp.
619 3026 683 3091 ex
723 3027 865 3082 equo
898 3015 1183 3075 descendit
1208 3032 1265 3078 et
1292 3027 1499 3096 regium
1530 3043 1732 3098 equum
1759 3046 2020 3102 compre-

2125 3025 2179 3089 ἐς
2206 3025 2499 3089 Βυζάντιον
2529 3026 2792 3095 τετίμηκε
2825 3023 3013 3078 τοῦτον
3041 3025 3069 3077 ὀ
3098 3022 3372 3093 βασιλεὺς.
3399 3021 3694 3091 θεωμένων

455 3101 639 3155 liensis
663 3104 891 3161 habenis
913 3109 965 3162 in
987 3112 1167 3182 equile
1194 3130 1365 3185 usque
1385 3119 1597 3189 regium
1618 3122 1793 3178 duxit.
1815 3101 2020 3182 Deinde

2125 3116 2231 3169 τῶν
2289 3116 2602 3181 Βυζαντίων
2638 3117 2737 3169 καὶ
2773 3116 2890 3170 ὅσοι
2949 3115 3008 3182 ἐξ
3056 3116 3380 3170 ἀλλοδαπῶν
3432 3118 3695 3185 παρῆσαν

449 3211 580 3247 cum
616 3195 745 3265 imp.
780 3200 831 3252 in
882 3205 1029 3272 regia
1077 3208 1352 3263 conclavia
1396 3210 1676 3276 introibat,
1713 3216 1805 3271 ubi
1860 3217 2021 3275 Hele-

458 3303 580 3341 nam
617 3287 1020 3358 iinperatricem
1071 3315 1194 3354 cum
1241 3303 1489 3369 videret,
1545 3322 1833 3365 servorum
1868 3327 2023 3367 more

450 3384 871 3440 venerationem
913 3393 1223 3458 praestando
1271 3395 1389 3451 haec
1418 3396 1536 3455 fere
1566 3401 1731 3461 verba
1758 3392 2020 3471 protulit:

464 3497 481 3528 ι
522 3480 810 3545 Equidem,
847 3483 1047 3554 inquit,
1081 3504 1178 3557 per
1209 3492 1324 3546 vias
1357 3509 1495 3561 quas
1529 3497 1771 3553 universi
1798 3499 2025 3556 Creator

452 3577 515 3622 ct
544 3569 810 3626 Dominus
850 3575 1023 3638 novit,
1070 3590 1297 3647 repente
1318 3593 1514 3651 captus
1569 3596 1735 3640 erant"
1790 3590 2024 3645 medioe

463 3660 605 3726 loco,
641 3673 700 3716 ut
727 3662 800 3717 ita
841 3664 1045 3728 dicam,
1094 3676 1151 3722 et
1182 3671 1296 3740 ipsa
1344 3689 1412 3727 ex
1456 3675 1631 3744 patria
1692 3688 1915 3748 ereptus
1960 3690 2027 3735 et

461 3768 742 3821 summas,-
784 3756 926 3812 heu!
986 3760 1236 3817 miserias
1301 3779 1516 3833 passus.
1569 3766 1777 3833 Quodsi
1825 3772 2027 3827 multos

463 3847 874 3910 potentissimus
902 3850 1057 3906 hicce
1088 3869 1182 3907 rex
1220 3853 1379 3925 507
1411 3872 1567 3912 meus
1588 3868 1644 3914 et
1665 3862 1848 3917 varios
1900 3878 2027 3931 pro-

463 3945 583 4004 pter
610 3937 919 3995 libertatem
950 3958 1142 4017 meam
1190 3945 1408 4003 labores
1446 3954 1688 4020 suscep‘t
1728 3964 1786 4008 et
1832 3953 2028 4010 itinera

460 4039 516 4082 et
548 4030 831 4099 longarum
860 4033 1103 4089 hiemum
1123 4026 1326 4109 frig'ora
1373 4042 1605 4109 pertulit
1635 4051 1694 4097 et
1748 4047 2031 4102 aestuosis-

463 4118 631 4173 siinns
656 4123 859 4177 aestatis
886 4134 1076 4199 ventos
1110 4129 1513 4186 intolerabilem
1573 4134 1757 4189 medio
1789 4136 1844 4189 in
1887 4138 2026 4192 mari

459 4211 716 4285 ardorem
770 4214 1220 4274 circumferentes
1254 4231 1309 4275 et
1346 4223 1418 4275 ita
1451 4239 1537 4277 me
1600 4224 1881 4280 servitutis
1910 4227 2031 4281 vin-

460 4302 605 4357 culis
630 4302 907 4367 liberavit,
941 4307 1167 4377 dignum
1210 4310 1263 4363 in
1290 4313 1491 4381 justam
1522 4316 2026 4373 remunerationem

464 4395 604 4451 nihil
637 4374 1185 4466 habeo,supravcnim
1211 4374 1533 4472 potestatem
1563 4422 1739 4463 meam
1764 4418 1849 4463 est
1874 4410 2031 4467 illud.
2069 4374 2107 4428 θ

458 4487 616 4553 Quod
679 4500 861 4545 autem
934 4493 988 4547 in
1028 4505 1353 4562 potestatem
1414 4499 1581 4562 cadit,
1644 4515 1752 4555 non
1806 4517 2028 4571 possum

460 4594 663 4649 aii-gare
694 4596 781 4635 me
810 4598 973 4638 omne
996 4584 1240 4639 debitum
1267 4587 1527 4643 omnibus
1589 4589 1763 4644 studii
1831 4600 1889 4647 et
1942 4608 2035 4646 vo-

460 4668 692 4726 luntatis
736 4675 911 4730 modis
937 4692 1036 4746 per
1066 4693 1285 4731 omnem
1315 4680 1478 4734 vitam
1532 4696 1709 4737 meam
1758 4685 2034 4752 praestitu-

463 4775 588 4812 rum
619 4776 759 4816 esse.
786 4782 806 4814 ι
855 4765 987 4829 Qua:
1012 4782 1137 4822 cum
1166 4767 1384 4823 locutus
1410 4780 1557 4826 esset
1593 4780 1650 4826 et
1678 4771 1947 4840 audisset,
1975 4785 2034 4830 ut

460 4847 718 4912 decebat,
739 4850 791 4903 in
811 4853 1068 4907 conclave
1086 4855 1189 4911 sibi
1209 4865 1369 4912 antea
1393 4857 1723 4914 destinatum
1745 4860 1899 4927 abiit,
1923 4877 2031 4916 non

460 4954 621 4994 extra
658 4944 999 5021 regiam,sed
1038 4947 1187 5016 regio
1237 4948 1357 5004 loco
1393 4951 1785 5022 propinquutn.
1847 4954 2035 5009 Vestes

472 5041 733 5100 jizaeterea
764 5035 1081 5104 Splendidas
1117 5047 1172 5092 et
1196 5041 1461 5095 continuo
1496 5053 1736 5098 mutatas
1793 5057 1849 5100 et
1881 5045 2033 5100 varia

473 5121 658 5188 «,raiia:
691 5123 1040 5194 documenta,
1080 5128 1242 5201 modo
1273 5130 1341 5184 ab
1371 5132 1737 5200 imperatriee.
1776 5135 1938 5189 modo
1964 5136 2034 5190 ab

2125 3207 2318 3277 χωρῶν
2367 3209 2462 3261 κα)⁸
2509 3206 2738 3272 πόλεων,
2788 3206 3061 3281 παρέλκον
3092 3200 3188 3262 καλ
3217 3208 3390 3262 ταῦτα
3437 3205 3696 3273 διεξιέναι

2128 3317 2218 3369 μοι
2243 3301 2561 3371 νενόμισται
2581 3317 2596 3334 ⁸
2626 3295 2766 3355 εἶδον
2788 3299 2898 3370 γὰρ
2924 3299 3165 3363 ἅπαντες
3185 3299 3259 3364 ώς
3278 3299 3514 3369 ἔφιππος
3530 3297 3699 3367 ἐφιπ-

2126 3408 2227 3445 πον
2255 3391 2284 3443 ό
2313 3390 2570 3460 βασιλεὺς
2606 3389 2698 3443 τὸν
2737 3389 3027 3460 Βάρὸαρον
3073 3389 3364 3460 εἰσήνεγκε
3399 3389 3498 3451 τὰς
3541 3387 3700 3459 βασι-

2124 3480 2304 3545 λείους
2327 3480 2521 3547 αὑλὰς,
2550 3479 2579 3533 ὂ
2603 3480 2666 3551 δὴ
2701 3482 2884 3551 μόνοις
2917 3481 3128 3550 ἐφεῖται
3162 3481 3302 3550 μετά
3348 3480 3568 3550 βασιλέα
3602 3478 3701 3550 βα-

2126 3574 2319 3628 σιλέων
2349 3575 2509 3627 παισί
2531 3590 2592 3627 τε
2626 3572 2722 3626 καὶ
2753 3573 3000 3643 ἀδελφοῖς
3024 3588 3038 3604 ·
3074 3571 3214 3643 πλὴν
3258 3573 3342 3626 ὅτι
3369 3572 3698 3641 αἰσθόμενος

2126 3668 2154 3722 ὁ
2195 3667 2475 3738 Βάρὸαρος
2514 3668 2574 3720 τὸ
2604 3666 2705 3736 τῆς
2744 3666 2912 3736 τιμῆς
2939 3664 3302 3735 ὑπερϐάλλον,
3339 3664 3434 3717 καὶ
3468 3657 3579 3716 οἷον
3608 3663 3699 3716 αί-

2126 3760 2360 3824 δεσθεὶς,
2402 3759 2464 3813 τδ
2502 3759 2759 3814 ἀκούσιον
2790 3758 2891 3829 τῆς
2934 3758 3246 3827 εἰσαγωγῆς
3284 3757 3445 3819 εὐθὺς
3473 3757 3539 3809 ἐκ
3583 3757 3698 3808 τῶν

2130 3846 2413 3916 βασιλείων
2448 3846 2634 3900 πυλῶν
2663 3846 3017 3910 ἐνεδείκνυτο,
3050 3846 3361 3899 ἀντιτείνων
3389 3844 3485 3897 καὶ
3512 3842 3701 3898 ἀνθέλ-

2129 3958 2242 3994 κων
2268 3940 2368 4011 τὴν
2397 3939 2773 3994 καθέλκουσαν
2804 3940 2869 3993 ἐκ
2894 3937 3074 4009 χειρὸς
3097 3939 3257 4008 χεῖρα
3280 3936 3377 3991 τοῦ
3404 3935 3695 4006 βασιλέως,

2129 4032 2227 4086 καὶ
2258 4031 2467 4099 ἐπέχων
2491 4030 2589 4093 τὰς
2624 4031 2781 4102 ήνίας
2810 4025 2982 4098 οὗπερ
3010 4028 3174 4092 αὐτὸς
3202 4029 3469 4099 ἐπωχεῖτο
3498 4028 3696 4089 ῖππου,

2130 4123 2228 4177 καὶ
2260 4122 2475 4194 γλώττῃ
2526 4123 2676 4193 πάσῃ
2714 4121 2964 4191 δεόμενος
3007 4120 3297 4189 ἀφεθῆναι.
3328 4119 3515 4188 Ὅμως
3554 4117 3701 4171 οὕτω

2129 4213 2552 4285 δυσανασχετῶν
2583 4200 2693 4267 καῖ’
2730 4213 3029 4284 ἀχθόμενος
3078 4211 3175 4266 καὶ
3223 4205 3336 4264 οἷον
3382 4210 3701 4287 ἀφηνιάζων

2132 4302 2238 4380 ἧκε
2295 4306 2460 4376 μέχρι
2506 4307 2601 4360 καὶ
2646 4306 2705 4369 ἐς
2746 4307 2808 4358 τὸ
2858 4304 3021 4375 μέσον
3050 4304 3152 4370 τῆς
3188 4302 3471 4372 βασιλικῆς
3503 4303 3698 4373 αὐλῆς.

2136 4400 2199 4474 [ί.
2231 4400 2337 4455 255
2368 4397 2425 4470 al
2472 4398 2732 4451 Ἐνταῦθα
2784 4396 2839 4450 δέ
2872 4396 2966 4450 καὶ
3001 4395 3075 4467 μὴ
3117 4396 3341 4461 πάνυδτι
3371 4393 3701 4465 βουλομένου

2136 4490 2231 4544 τοῦ
2282 4489 2545 4559 βασιλέως
2574 4487 2893 4559 ἀπεπήδησε
2938 4504 2996 4541 τε
3047 4486 3143 4540 τοῦ
3180 4486 3356 4539 ῖππου
3387 4485 3524 4556 πρὸς
3570 4485 3700 4555 γῆν,

2136 4583 2234 4636 καὶ
2284 4583 2380 4644 τὰς
2426 4582 2582 4652 ἡνίας
2620 4579 2714 4634 τοῦ
2748 4576 3032 4649 βασιλικοῦ
3078 4579 3483 4653 χειρωσάμενος
3531 4577 3703 4631 ἵππου

2138 4674 2318 4729 ίθυνεν
2367 4672 2497 4744 ἄχρι
2552 4671 2645 4725 τοῦ
2702 4670 2986 4740 βασιλικοῦ
3037 4668 3425 4739 πεζευτηρίου.
3471 4669 3704 4722 Ἔπειτα

2139 4762 2417 4834 συνεισῄει
2472 4763 2549 4832 τῷ
2598 4762 2813 4833 βασιλεῖ
2844 4762 2983 4832 πρὸς
3013 4762 3140 4824 τοὺς
3176 4759 3495 4831 βασιλικοὺς
3542 4760 3705 4814 θαλά-

2144 4871 2279 4924 μους
2303 4869 2316 4882 ’
2348 4854 2477 4907 ἔνθα
2504 4854 2568 4924 δὴ
2615 4854 2708 4907 καὶ
2730 4855 2828 4921 τὴν
2862 4852 3111 4923 βασιλίδα
3148 4852 3369 4922 Ἑλένην
3420 4851 3548 4905 ἰδὼν
3588 4852 3704 4905 δουο

2140 4946 2275 5014 λικῴ
2307 4963 2366 4999 τε
2410 4948 2547 5017 αὐτῇ
2598 4945 2698 5014 τὴν
2731 4946 3104 5016 προσκύνησιν
3159 4944 3390 4997 ἀπέτισε
3442 4944 3700 5013 σχήματι,

2144 5040 2237 5091 καὶ
2266 5016 2383 5104 ἅμα
2408 5016 2585 5090 τοιάδε
2611 5036 2916 5105 ἐφθέγξατο
2943 5040 3191 5106 ῥήματα*
3228 5053 3247 5088 ι
3293 5036 3452 5103 Ἐγὼ,
3491 5053 3510 5087 ι
3547 5035 3698 5105 φησὶ,

2148 5149 2165 5180 ι
2209 5129 2299 5182 διὰ
2327 5129 2565 5198 τρόπους
2601 5128 2691 5192 οὒς
2733 5131 2761 5179 ὁ
2801 5128 2910 5196 τῶν
2942 5131 3079 5181 ὅλων
3106 5123 3215 5182 οἶδε
3251 5124 3704 5197 δημιουργὸςικαὶ

473 5215 823 5281 imperatore,
854 5217 1015 5271 tnodo
1048 5219 1121 5271 ab
1164 5220 1548 5277 illustribusit
1591 5224 1870 5279 nobilibus
1906 5224 2024 5279 viri:

2142 5221 2444 5290 Δεσπότης,
2461 5220 2720 5289 ἐξαίφνης
2747 5221 3027 5289 ἐγεγόνειν
3054 5219 3421 5304 αἰχμαλωτος,
3452 5219 3518 5271 ἐκ
3537 5218 3703 5288 μέσης

479 5304 576 5371 ιι)δὶ
600 5304 725 5359 data
757 5306 1004 5374 proferre
1043 5310 1271 5365 minime
1300 5313 1670 5369 necessarium
1729 5315 1865 5369 mihi
1890 5314 2043 5370 vide-

2144 5312 2327 5373 ἑστίας
2360 5314 2534 5363 εἰπεῖν
2561 5312 2657 5363 καὶ
2691 5312 2946 5382 πατρίδος
2959 5312 3155 5381 καύτῆς
3185 5309 3478 5381 ἁρπαγεὶς,
3509 5311 3605 5366 καὶ
3640 5307 3704 5360 τὰ

478 5407 588 5464 tur,
641 5406 700 5450 ut
748 5399 912 5452 etiam
962 5400 1303 5467 balnearum,
1354 5404 1642 5471 epularum
1685 5407 1869 5460 luxum
1922 5422 2024 5475 qua

2148 5406 2382 5474 μέγιστα
2434 5401 2777 5468 ἐπεπόνθειν,
2827 5403 2930 5472 φεῦ
2965 5405 2978 5458 i
3011 5403 3121 5455 τῶν
3172 5402 3383 5457 δεινῶν.
3447 5399 3600 5453 Ἐπεὶ
3650 5397 3703 5451 δὲ

468 5490 659 5542 omnia
707 5490 965 5547 omnibus
1010 5494 1266 5561 ciigitosci
1304 5504 1560 5563 possunt,
1589 5506 1768 5552 tacere
1802 5508 2045 5568 praestat.

2148 5495 2375 5557 πολλοὺς
2428 5494 2597 5564 οὑμὸς
2656 5494 2935 5566 αὗθέντης-
2966 5494 3117 5558 οὗτος
3172 5495 3267 5548 καὶ
3318 5493 3570 5564 βασιλεὺς
3615 5490 3704 5545 καὶ

480 5584 626 5652 μάλα
663 5602 714 5637 τι
742 5586 1117 5659 πολυτρόπους
1142 5588 1283 5659 ὑπὲρ
1320 5589 1419 5659 τῆς
1458 5591 1618 5660 -ἐμῆς
1685 5589 2000 5663 ἐλευθερίας
2054 5588 2389 5643 κατεϐάλετο
2411 5586 2606 5649 πόνους
2635 5588 2729 5640 καὶ
2764 5588 3017 5660 δρόμους,
3049 5588 3139 5641 καὶ
3170 5587 3455 5657 χειμώνων
3473 5586 3705 5655 inrepsi-

488 5694 571 5730 θεν
599 5678 791 5749 ψύξεις
824 5682 1049 5754 μακρῶν
1079 5685 1175 5738 καὶ
1223 5684 1416 5756 θέρους
1468 5670 1753 5751 καύσωνας
1785 5686 2221 5757 δυσκαρτέρητον
2285 5687 2342 5737 ἐν
2404 5684 2545 5757 μέσῃ
2590 5684 2831 5755 θαλάττῃ
2863 5685 3127 5755 φέροντας
3159 5686 3414 5755 κάμινον,
3453 5686 3547 5740 καὶ
3571 5682 3703 5737 οὕτω

682 5894 709 5929 Ι
