4060 6204
359 255 459 324 457

362 384 538 441 ροντο,
575 371 667 425 καὶ
706 373 860 426 πλέον
896 372 1071 424 αὐτῶν
1126 373 1172 425 οξ

359 462 450 513 καὶ
485 463 537 522 ἐς
567 461 860 526 Βυζάντιον
895 464 1154 533 χρήματα
1184 463 1571 532 ἀπεστάλησαν
1598 462 1926 532 ἀποχρῶντα

360 550 498 621 πρὸς
526 552 838 621 οίκοδομίαν
867 553 960 605 τοῦ
997 555 1352 614 πεπτωκότος
1389 551 1692 622 τηνικαῦτα
1727 553 1927 622 μέρους

357 642 452 695 τοῦ
495 643 754 712 μεγίστου
799 644 902 698 νεὼ
936 648 1032 715 τῆς
1061 647 1222 712 ἁγίας
1252 646 1346 699 τοῦ
1378 645 1514 698 Θεοῦ
1549 645 1761 713 σοφίας
1798 645 1927 712 περὶ

355 727 434 790 ὧν
463 736 562 788 κάν
609 738 684 805 τῷ
721 737 808 806 κη’
841 739 939 808 τῆς
991 739 1235 809 ἱστορίας
1282 741 1426 808 λόγῳ
1473 739 1779 810 διείληπταί
1834 755 1926 807 μοι

357 828 426 880 τά
459 845 520 880 τε
556 828 709 894 ἄλλα,
755 829 851 883 καὶ
905 831 979 893 ὠς
1034 831 1212 894 καλῶς
1266 834 1364 902 μὲν
1399 833 1609 886 ἐκεῖθεν
1643 830 1926 902 ἐπέμςθηο

361 932 485 980 σαν,
541 917 603 970 οὐ
656 919 840 982 καλῶς
878 921 925 973 δ’
960 919 1076 972 οὔτ’
1126 922 1380 975 ἐνταυθοῖ
1433 923 1781 992 διῳκήθησαν
1812 919 1926 974 οὐτ’

356 1005 531 1058 ἐκεῖσε
569 1007 668 1077 τὴν
696 1010 886 1079 φήμην
939 1010 1095 1076 ἀξίαν
1139 1013 1253 1074 τοῖς
1312 1011 1660 1080 πεπομφόσιν
1705 1013 1925 1064 ἀντιπε-

359 1098 660 1166 πόμφασιν,
696 1102 812 1154 ἀλλ’
843 1105 922 1166 είς
966 1105 1169 1157 οἰκεῖον
1204 1104 1371 1176 ἄχαρι
1395 1105 1586 1175 κέρεος
1608 1105 1925 1176 βωμολοχή-

364 1203 560 1250 σαντες
606 1190 700 1242 καλ⁵
747 1194 1071 1262 νειμάμενοι
1099 1234 1111 1254 ,
1175 1197 1453 1265 πρόφασιν
1499 1194 1766 1248 δεδώκασι
1814 1197 1925 1260 τοῖς

356 1279 422 1350 If.
450 1281 556 1336 258
608 1280 665 1353 α]
710 1284 1004 1337 ἀκούουσιν
1064 1285 1300 1354 αἰσχρὰν
1355 1286 1551 1355 κομιδῇ
1584 1286 1924 1360 καὶισφόδρα

355 1369 625 1438 λοιδορίας
679 1374 897 1436 ἁπάσας
951 1374 1479 1444 προσκαλουμένην,
1532 1374 1624 1429 καὶ
1667 1377 1925 1428 τάναντία

353 1458 666 1524 λογίζεσθαι
698 1463 996 1517 πείθουσαν
1035 1464 1142 1517 τῶν
1179 1467 1489 1537 προτέρων
1511 1467 1622 1536 ὅσῳ
1660 1466 1768 1537 γάρ
1793 1467 1925 1538 πρὶν

353 1549 604 1615 ἰσοθέους
653 1555 824 1624 τιμάς
860 1558 973 1618 τοῖς
1008 1555 1110 1624 τῆς
1153 1558 1778 1623 Κωνσταντινουπόλεως
1809 1559 1926 1630 θρί-

271 1627 274 1630 ’
349 1656 466 1702 νοις
516 1645 800 1713 παρεῖχον,
834 1643 1079 1712 τοσούτῳ
1112 1645 1504 1714 χαλεπωτάτην
1536 1644 1597 1709 ἐξ
1624 1645 1922 1699 ἀντιπάλου

1299 260 1734 320 ΕΥΖᾹΝΤΙΝᾸΞ
1774 259 2160 318 ΙΠςΤΟΙΗιΕ
2193 255 2339 321 LIB.
2379 253 2639 322 XXXVI.

1209 373 1414 424 τούτων
1441 373 1730 442 ἡγεμόνες,
1759 370 1817 434 ἐξ
1846 364 1915 422 ὧν

2028 387 2131 423 non
2165 371 2467 423 honoriﬁce
2508 371 2729 424 ibidem.
2762 385 2880 439 quin
2924 371 3086 425 missa
3120 382 3275 428 erant
3302 414 3316 439 ,
3360 374 3594 430 admitti-

2031 471 2197 514 strata
2226 476 2368 527 esse,
2395 477 2496 516 nec
2519 463 2661 515 enim
2686 465 2889 530 justam
2917 463 3114 516 fatuam
3142 467 3484 521 mittentibus
3512 484 3600 522 reo

2031 555 2321 616 miserunt,
2346 555 2442 609 sed
2487 554 2790 610 domestico
2819 555 3108 608 commodo
3159 557 3523 612 sacriﬁcantes
3541 570 3600 613 et

2028 645 2413 708 attribuentes,
2459 644 2809 702 audientibus
2836 648 3060 699 omnino
3086 657 3293 716 lttl‘pcnl
3344 663 3392 701 ct
3450 650 3601 718 ignm

2029 735 2315 789 miniosam
2343 749 2563 790 causam
2603 737 2923 792 obtulerunt
2967 747 3019 791 et
3045 740 3316 792 contraria
3361 741 3600 809 cogitare

2027 841 2124 882 eos
2154 836 2319 896 atque
2354 837 2512 881 antea
2549 831 2867 898 coegerunt.
2911 829 3027 894 Quo
3076 832 3220 882 enim
3275 831 3597 885 diviniorcm

2028 927 2186 971 antea
2222 918 2486 971 honorem
2521 916 3145 988 Constatttinopolitana:
3171 920 3329 990 517
3362 925 3473 977 sexti
3500 925 3600 977 tri-

2027 1007 2284 1068 buerant.
2310 1023 2377 1062 eo
2411 1009 2717 1078 graviorem
2757 1011 2892 1063 iram
2921 1010 3282 1071 reddiderunt
3309 1027 3361 1067 et
3391 1015 3598 1079 odium,

2027 1114 2091 1154 ac
2114 1101 2354 1154 studium
2379 1101 2509 1155 illud
2538 1103 2682 1170 quod
2709 1112 2867 1156 antea
2903 1119 3093 1157 eorum
3138 1105 3394 1172 pietatem
3446 1123 3601 1159 rt-xu-

2027 1201 2112 1244 rat
2137 1201 2194 1245 'et
2227 1200 2520 1245 ornaverat
2552 1193 2750 1247 illustri
2786 1193 2950 1258 fama,
2983 1211 3128 1250 nunc
3159 1211 3260 1250 nec
3319 1197 3513 1266 injuria
3547 1199 3597 1248 in

2027 1289 2401 1350 contemptum
2429 1282 2599 1345 venit,
2635 1297 2741 1336 non
2790 1285 2932 1352 apud
2984 1299 3178 1340 omnes
3225 1291 3469 1350 omnino,
3503 1289 3598 1342 ι«,·‹Ι

2026 1371 2291 1441 plurimos
2321 1382 2376 1428 et
2411 1375 2667 1444 vulgares
2699 1375 2900 1444 quippe
2944 1378 3036 1445 qui
3093 1379 3273 1431 minus
3340 1394 3451 1431 rem
3511 1394 3602 1431 co—

2024 1472 2369 1533 gnoscerent,
2399 1467 2540 1534 aput
2578 1467 2935 1536 multos,qni,
2970 1477 3028 1521 ut
3057 1469 3375 1537 pletuntque
3399 1470 3486 1533 lit,
3519 1471 3601 1522 in.

2025 1553 2238 1608 vidioso
2265 1554 2474 1625 judicio
2531 1566 2848 1612 tenerentur
2873 1575 2974 1613 nec
3023 1570 3075 1613 et
3117 1562 3408 1614 anterioris
3448 1561 3600 1614 fama:

2024 1656 2080 1701 et
2099 1646 2421 1715 posterioris
2449 1659 2721 1704 momenta
2740 1651 3138 1707 exantinarent.

343 1737 449 1800 τῖεν
482 1734 707 1804 νέμεσιν
741 1737 1075 1792 ἀντεδίδουν.
1124 1737 1234 1790 Καὶ
1286 1737 1314 1789 δ
1355 1738 1554 1807 τρόπος
1618 1736 1676 1800 δς
1736 1737 1868 1804 πρὶν
1902 1737 1999 1810 τὴν
2037 1739 2129 1790 τοῦ
2171 1739 2469 1797 συνειδότος
2517 1741 2740 1794 ἐκείνων
2789 1746 3150 1812 χειραγωγῶν
3206 1746 3426 1814 ἐκόσμει
3470 1763 3600 1814 σεμ-

343 1827 552 1896 νότητα
609 1827 747 1894 πρὸς
799 1827 859 1882 τὸ
897 1827 996 1898 τῆς
1039 1829 1212 1900 ἀκοῆς
1250 1828 1631 1899 περίϐλεπτον,
1663 1831 1927 1893 ἐπιεικῶς
1967 1830 2140 1902 ἐρρύη
2210 1831 2345 1901 πρὸς
2388 1832 2447 1884 τὸ
2516 1837 3012 1906 περιφρονούμενον
3055 1840 3279 1908 ἀρτίως,
3312 1841 3360 1891 εἰ
3407 1840 3480 1908 μὴ
3512 1839 3598 1890 διὰ

344 1920 572 1972 πάντων
620 1921 716 1972 καὶ
789 1921 1157 1982 παντάπασιν,
1201 1918 1343 1974 ἀλλὰ
1407 1919 1498 1971 διὰ
1547 1920 1646 1988 μὲν
1709 1921 1819 1974 τῶν
1868 1920 2134 1974 πλείστων
2193 1924 2287 1974 καὶ
2339 1922 2727 1994 ἁπλουστέρων
2784 1925 2874 1978 ἐπ’
2926 1926 3164 1990 ἔλαττον,
3220 1929 3314 1981 ἅτε
3363 1928 3426 1998 δὴ
3489 1931 3596 1981 τῶν

339 2013 612 2068 τοιούτων
646 2015 821 2086 μικρὰ
855 2015 1172 2080 συνιέντων,
1227 2014 1316 2067 διὰ
1371 2014 1417 2066 δ’
1466 2015 1623 2068 ἐνίων
1653 2017 1724 2080 ὡς
1785 2017 1880 2070 ἐπὶ
1939 2017 2002 2070 τὸ
2043 2017 2292 2069 πλεῖστον
2345 2019 2439 2070 ἆτε
2491 2019 2555 2088 δὴ
2610 2019 2866 2090 βασκάνῳ
2912 2023 3157 2093 λογισμῷ
3191 2025 3282 2077 καὶ
3325 2029 3596 2095 κριτηρίῳ

341 2109 752 2178 παρεχομένων
775 2108 871 2162 καὶ
892 2109 993 2180 οὐχ
1032 2105 1415 2179 δμοζυγούσας
1442 2110 1542 2172 τὰς
1600 2108 1947 2177 πλάστιγγας
1985 2110 2334 2180 συνορώντων
2379 2112 2479 2178 τῆς
2537 2126 2596 2162 τε
2650 2113 2918 2182 προτέρας
2951 2115 3138 2184 φήμης
3177 2115 3270 2168 καὶ
3330 2117 3428 2186 τῆς
3468 2135 3595 2170 κατ-

333 2201 468 2252 όπιν
501 2201 696 2270 ίούσης
721 2201 842 2271 ὀψέ.

414 2297 502 2352 H'.
550 2297 692 2350 Ἀλλ’
725 2300 1132 2370 ἐπαναληπτέον
1172 2301 1263 2354 τδν
1307 2300 1485 2370 λόγον.
1509 2300 1796 2368 Ἕφθημεν
1813 2298 1921 2367 γὰρ
1955 2306 1995 2361 Β

334 2388 594 2450 εἰπόντες
647 2388 775 2450 τοὺς
838 2390 937 2457 μὲν
993 2393 1147 2460 τρεῖς
1184 2392 1294 2444 τῶν
1346 2394 1444 2463 τῆς
1499 2391 1627 2460 ὅλης
1684 2391 1912 2452 Ῥωσίας⁵

335 2479 642 2546 ἡγεμόνων
667 2478 804 2546 ὁμοῦ
834 2480 1128 2548 τοῖς-σφῶν
1161 2481 1421 2548 ὑπηκόοις
1463 2481 1743 2550 ὀρθόδοεον
1770 2481 1912 2550 ἔχειν

336 2571 511 2633 σέϐας
552 2571 648 2623 καὶ
684 2572 819 2642 ἡμῖν
847 2572 1159 2642 ὁμόφρονας
1184 2572 1347 2639 εἶναι,
1370 2575 1461 2627 τόν
1491 2591 1554 2642 γε
1586 2573 1690 2644 μὴν
1719 2573 1914 2642 τέταρ-

333 2678 437 2714 τον
474 2662 575 2716 καὶ
603 2661 749 2730 μάλα
775 2663 996 2731 ἥκιστα·
1033 2663 1092 2726 ὃς
1117 2664 1180 2733 δὴ
1226 2665 1322 2717 καὶ
1361 2663 1545 2734 μεῖζον
1575 2665 1670 2717 καὶ
1703 2663 1913 2732 ίσχυρό-

331 2768 524 2821 τερον-
563 2751 705 2821 ἔχων
749 2754 950 2823 κράτος
992 2756 1138 2808 κατά
1187 2771 1244 2807 τε
1283 2752 1486 2822 πλῆθος
1531 2755 1792 2822 στρατιᾶς
1817 2753 1912 2830 καὶ

335 2845 530 2895 ὃπλων
581 2843 878 2914 ἐμπειρίαν
922 2845 1022 2914 ἤδη
1065 2844 1162 2898 καὶ
1216 2847 1332 2907 τοῖς
1369 2842 1736 2914 βορειοτέροις
1763 2842 1912 2896 ἀνθί-

333 2952 541 2987 σταται
571 2935 812 3000 Σκύθαις
839 2937 900 2989 lx
945 2936 1144 2990 πολλοῦ
1176 2936 1270 2990 τοῦ
1303 2937 1634 3007 κρείττονος,
1671 2937 1766 2989 καὶ
1802 2935 1912 2987 τῶν

335 3027 524 3079 ἄλλων
557 3027 805 3098 ἐτησίους
865 3029 1116 3082 διδόντων
1165 3030 1364 3100 φόρους
1424 3029 1652 3091 ἐκείνοις
1698 3026 1910 3097 οὐδαμῆ

335 3120 465 3169 ποτ’
492 3118 698 3184 αὐτὸς,
738 3120 822 3175 ἅτ’
878 3122 1111 3193 ὀχυρούς
1161 3139 1312 3180 τινας
1363 3121 1562 3182 τόπους
1611 3119 1778 3174 οἰκῶν
1816 3120 1912 3173 καὶ

334 3207 746 3276 ἁγχιτέρμονας
777 3207 916 3278 ἔχων
963 3210 1200 3272 Κελτοὺς
1239 3210 1336 3263 καὶ
1378 3209 1642 3275 Γαλάτας,
1672 3208 1722 3261 οῖ
1761 3208 1912 3278 παρὰ

334 3299 436 3350 τὸν
468 3299 606 3369 πρὸς
647 3299 885 3368 ἄρκτους
939 3301 1037 3354 καὶ
1094 3301 1302 3371 θούλην
1347 3301 1444 3372 τὴν
1473 3303 1634 3371 νῆσον
1672 3299 1912 3354 οἰκοῦσιν

334 3389 608 3454 ὠκεανὸν,
651 3391 772 3443 ὅθεν
823 3393 1057 3463 ζέφυρός
1106 3411 1166 3446 τε
1197 3396 1604 3464 ἁναρῤήγνυται
1654 3394 1748 3447 καὶ
1787 3393 1911 3446 ὅποι

333 3479 516 3532 δύνων
543 3481 840 3550 πορεύεται
867 3485 1040 3553 ἦλιος,
1075 3485 1315 3554 μάχιμον
1344 3483 1496 3548 ἔθνος
1523 3483 1599 3548 ὡς
1623 3484 1692 3538 τὰ
1715 3482 1778 3555 [Γ.
1805 3483 1912 3538 258

338 3569 390 3641 b]
457 3572 628 3626 πολλὰ
665 3574 757 3626 καὶ
801 3575 861 3627 οὐ
919 3577 1106 3647 πόρρω
1138 3592 1242 3628 που
1281 3576 1504 3646 γίνομαι
1536 3576 1717 3645 λέγειν
1747 3577 1913 3630 ἀναν-

333 3658 709 3725 ταγώνιστον.
751 3661 890 3714 Ἀλλ’
924 3662 1073 3715 ἐστιν
1125 3662 1531 3734 ἀλλοτριόφρων
1579 3681 1639 3717 τε
1680 3665 1776 3717 κιιλ⁵
1829 3663 1908 3733 τῷ

333 3750 482 3818 ἡλίῳ
526 3751 588 3802 τδ
618 3753 717 3820 τῆς
762 3753 1019 3820 λατρείας
1047 3753 1211 3814 σέϐας
1239 3755 1421 3824 νέμων
1455 3754 1578 3823 μὲν,
1614 3753 1909 3823 ὑπισχνού-

332 3860 505 3912 μενος
535 3842 580 3894 δ’
613 3847 672 3896 ἐν
708 3843 786 3914 τῷ
816 3843 941 3912 ἄρτι
967 3845 1063 3897 καὶ
1093 3844 1346 3913 όμόδοξος
1379 3847 1511 3915 ἡμῖν
1547 3844 1687 3898 κατὰ
1716 3846 1776 3897 τὸ
1810 3845 1907 3914 τῆς

333 3935 646 4003 θρησκείας
690 3935 909 3988 ἔσεσθαι
944 3935 1130 3998 σέϐας,
1165 3937 1213 3988 εί
1261 3936 1341 4006 τῷ
1371 3937 1508 4008 πρὸς
1552 3937 1719 3992 αὑτοῦ
1766 3952 1909 4006 πεμ-

331 4028 534 4094 φθέντι
584 4026 893 4098 πρεσϐευτῇ
931 4027 1198 4096 Ῥωμανῷ
1246 4027 1346 4100 τὴν
1373 4029 1473 4097 τῆς
1501 4029 1629 4099 ὅλης
1672 4028 1907 4091 Ῥωσίας

330 4117 652 4188 ἐπισκοπὴν
681 4118 774 4170 καὶ
808 4119 1141 4194 μητρόπολιν
1166 4120 1578 4191 ἐγχειρίσαιμεν
1612 4121 1754 4174 κατὰ
1781 4119 1908 4184 τοῦς

333 4212 770 4279 νενομισμένους
816 4211 910 4280 τῆς
948 4210 1275 4279 Ἐκκλησίας
1297 4214 1531 4283 θεσμοὺς
1563 4214 1626 4266 ἐκ
1659 4213 1906 4282 διαδοχῆς

332 4301 432 4354 τοῦ
497 4301 946 4371 τετελευτηκότος
1008 4303 1211 4374 ἀρτίως
1279 4306 1486 4357 ἐκείνου
1536 4304 1905 4371 Θεογνώστου.

337 4392 617 4461 Ἕστεργε
658 4393 767 4460 γάρ
799 4392 947 4461 αύτῷ
975 4394 1068 4446 καὶ
1093 4395 1415 4460 προσέκειτο
1438 4393 1580 4458 λίαν,
1620 4392 1777 4446 τοῦτο
1809 4392 1909 4462 μὲν

335 4486 432 4535 καὶ
469 4481 544 4544 ὡς
577 4484 642 4534 ἐκ
669 4482 925 4548 γυναικὸς
975 4483 1230 4550 συγγενεῖ
1283 4483 1377 4535 τοῦ
1411 4481 1675 4551 κηδεστοῦ
1717 4481 1906 4551 ρηγδς,

335 4571 392 4633 ὃς
427 4570 739 4640 ὁμοροῦντα
785 4572 884 4642 μὲν
911 4573 1208 4641 τετύχηκεν
1235 4572 1372 4642 ἔχων
1398 4573 1578 4634 αὑτὸν,
1610 4572 1837 4640 εὐσεϐὴς
1862 4571 1907 4624 δ’

338 4659 402 4728 ἦν
427 4661 614 4713 οὑτοσὶ
659 4663 754 4715 καὶ
783 4665 894 4726 τοῖς
920 4663 1084 4724 θείοις
1111 4663 1500 4734 προσκείμενος
1524 4663 1760 4732 δόγμασι
1787 4662 1911 4716 καθ’

338 4752 370 4818 ἡ
381 4750 512 4816 μᾶς,
542 4749 618 4810 ὡς
655 4749 740 4802 διὰ
787 4749 959 4803 ταῦτα
991 4750 1141 4818 φίλον
1174 4744 1313 4803 εἶναι
1344 4751 1594 4802 κάκεῖνον
1643 4749 1910 4820 Ῥωμανῷ

339 4838 567 4909 τουτῳῒ,
593 4839 685 4892 καὶ
734 4840 904 4907 ἡδέως
948 4838 1114 4893 αὑτοῦ
1144 4839 1362 4893 ἀκούειν
1397 4840 1565 4908 συχνὰ
1595 4841 1910 4908 προσιόντος

342 4932 442 4982 za‘t
470 4930 867 5000 παραινοῦντος
895 4933 962 4984 τὰ
997 4931 1092 5001 τῆς
1131 4930 1412 4993 εὐσεϐείας
1442 4930 1532 4982 καὶ
1562 4930 1908 4992 διδάσκοντος

2103 2297 2232 2353 Vlll.
2267 2298 2371 2352 Sed
2411 2299 2710 2369 recipiatur
2739 2316 2922 2356 sermo
2956 2315 3180 2358 necesse
3203 2315 3307 2360 est.
3341 2301 3596 2362 Narravi;

2019 2404 2142 2444 mus
2172 2398 2284 2443 tres
2303 2389 2469 2444 totius
2498 2385 2708 2446 Russia:
2739 2391 2911 2447 duces
2941 2409 3062 2447 cum
3109 2395 3325 2450 civibus
3379 2398 3595 2468 religio-

2013 2493 2127 2534 sam
2173 2481 2428 2550 pietatem
2474 2483 2652 2538 colere
2692 2491 2746 2537 et
2783 2484 3030 2540 eamdem
3093 2489 3376 2544 nobiscum
3431 2491 3591 2544 Iidem

2015 2569 2206 2637 sequi;
2251 2570 2473 2624 minime
2519 2579 2700 2624 autem
2745 2574 3141 2642 quartum,qui
3181 2576 3411 2644 majores
3440 2588 3598 2630 οχοιδ

2015 2659 2222 2714 cituum
2251 2676 2510 2716 numeros
2545 2678 2607 2717 ac
2637 2677 2833 2716 nervos
2859 2670 2916 2718 et
2941 2669 3216 2717 armorum
3279 2681 3437 2720 usum
3498 2669 3594 2720 ha-

2013 2750 2168 2815 bens,
2211 2751 2464 2820 gentibus
2490 2753 3034 2821 septentrionalibus,
3072 2764 3129 2807 ut
3155 2754 3392 2824 Scythis,
3419 2759 3593 2811 multo

2012 2841 2264 2908 superior
2303 2840 2513 2894 viribus
2547 2849 2656 2905 est,
2689 2849 2898 2895 etcum
2945 2842 3136 2911 reliqui
3187 2845 3371 2913 populi
3410 2861 3590 2899 annua

2014 2930 2276 2987 Barbaris
2300 2933 2583 3003 vectigalia
2623 2933 2878 2997 solvunt,
2911 2950 3187 3003 nunquam
3214 2936 3366 3005 {ipse
3407 2939 3592 3002 solvit,

2013 3022 2158 3091 quod
2203 3023 2410 3078 munita
2464 3024 2711 3094 quaedam
2754 3026 2872 3080 loca
2917 3035 3068 3080 tenet
3135 3035 3190 3082 et
3255 3030 3614 3099 pr0pinquos,

2017 3115 2179 3168 habet
2222 3114 2406 3170 Celtos
2430 3124 2484 3170 et
2511 3114 2748 3180 Galatas,
2802 3116 2896 3185 qui
2946 3117 3014 3170 ad
3059 3133 3323 3173 oceanum
3374 3133 3594 3192 septena

2017 3202 2301 3257 trionalem
2322 3213 2378 3258 et
2398 3203 2627 3259 Thulam
2648 3205 2881 3260 insulam
2910 3221 3101 3262 versus
3143 3221 3459 3280 vergentem
3496 3211 3595 3265 has

2017 3294 2215 3360 bitant,
2252 3295 2398 3350 unde
2425 3297 2698 3367 zephyrus
2747 3297 2918 3367 spirat
2968 3308 3024 3354 et
3057 3301 3137 3354 sol
3195 3302 3430 3369 occidit;
3461 3319 3594 3374 gens

2019 3387 2338 3457 plerumque
2363 3385 2618 3442 bellicosa
2646 3396 2722 3452 et,
2744 3389 2886 3458 quod
2919 3390 3149 3444 nimium
3206 3407 3312 3446 non
3347 3404 3451 3459 est,
3510 3397 3595 3450 in-

2016 3478 2179 3541 victa,
2206 3479 2299 3534 sed
2335 3478 2566 3534 diversae
2608 3478 2773 3550 518
2813 3481 3014 3535 mentis
3055 3491 3112 3535 et
3147 3484 3286 3536 solis
3317 3485 3594 3540 adoratio-

2020 3570 2074 3624 ni
2131 3572 2379 3636 deditus,
2434 3570 2696 3641 pollicens
2751 3585 2811 3626 se
2858 3571 2914 3624 in
2974 3583 3214 3626 nostram
3271 3575 3589 3646 religionem

1963 3662 1982 3708 3
2017 3671 2297 3726 venturos,
2324 3662 2370 3716 si
2402 3663 2646 3717 Romano
2671 3662 2848 3732 legato
2873 3677 2902 3716 a
2937 3677 2996 3718 se
3044 3664 3210 3719 misso
3252 3665 3420 3720 totius
3450 3667 3592 3721 Rus-

2015 3751 2108 3804 εἰσι
2133 3751 2318 3807 sedem
2347 3752 2713 3822 episcopalem
2740 3762 2798 3808 et
2831 3754 3172 3824 metropolim
3206 3755 3273 3810 ad
3321 3756 3469 3826 leges
3520 3763 3590 3812 ah

2017 3841 2257 3899 Ecclesia
2283 3831 2645 3908 constitutas,
2677 3853 2733 3898 ut
2770 3845 3131 3914 subsequenti
3179 3846 3582 3918 Theogttostum

2013 3933 2164 3986 brevi
2221 3945 2378 3986 antea
2427 3944 2700 3989 mortuum
2761 3937 3108 3991 tradiderint.
3177 3936 3307 3991 Nam
3358 3939 3408 3992 ei
3465 3955 3587 3994 cum

2008 4037 2196 4077 amore
2225 4021 2395 4076 dediti
2435 4033 2611 4089 erant,
2638 4036 2760 4080 orto
2794 4041 2861 4079 ex
2891 4025 3070 4080 soceri
3107 4027 3251 4096 regis
3282 4040 3470 4090 οισι-ο.
3495 4030 3588 4098 qui

2007 4127 2130 4168 eum
2155 4111 2390 4165 vicinum
2426 4111 2675 4178 habebat;
2708 4115 2833 4182 pius
2863 4123 3045 4170 autem
3074 4116 3163 4170 illc
3196 4116 3368 4171 l’uitet
3389 4119 3592 4172 divinis

2008 4202 2213 4257 nostris
2233 4202 2502 4272 dogmatis
2524 4203 2863 4270 deditus,ita
2895 4214 2954 4260 ut
2984 4208 3195 4263 anticus
3231 4208 3475 4264 Romano
3506 4225 3595 4266 es.

2008 4302 2111 4357 set,
2131 4308 2292 4363 quem
2312 4293 2565 4371 lubenter
2580 4295 2836 4350 audiebat
2862 4297 3221 4352 disserentem
3246 4298 3314 4353 de
3329 4301 3590 4371 religione

2007 4392 2064 4437 et
2089 4382 2334 4438 discebat
2374 4385 2756 4452 prophetarum
2795 4387 3280 4456 apostolorumque
3298 4391 3484 4452 verba,
3518 4389 3588 4442 ita

2010 4484 2073 4528 ut
2103 4477 2156 4528 in
2184 4489 2280 4530 ore
2302 4477 2421 4545 eius
2444 4487 2812 4531 versarentur.
2833 4478 3002 4547 Igitur
3029 4479 3244 4532 amabat
3271 4479 3362 4532 ille
3391 4480 3588 4532 Roma-

2009 4581 2139 4621 num
2171 4576 2225 4621 et
2254 4569 2325 4621 ob
2354 4568 2452 4622 has
2479 4579 2534 4621 et
2577 4569 2648 4620 ob
2680 4568 2801 4621 illas
2830 4584 3045 4634 causas,
3089 4570 3388 4637 praesertim
3438 4572 3584 4639 quod

2011 4656 2080 4711 ab
2100 4657 2243 4711 eoin
2272 4657 2552 4726 religionis
2596 4659 2848 4727 dogmata
2913 4659 3159 4713 initiatus
3207 4666 3327 4711 erat
3375 4659 3587 4713 crebris

2015 4747 2281 4803 doctrinis
2318 4756 2373 4801 et
2419 4747 2907 4814 admonitionibus,
2941 4763 3041 4802 nec
3087 4749 3320 4802 multum
3373 4749 3582 4816 aberat,

2012 4840 2142 4909 quin
2201 4853 2354 4894 sacro
2388 4838 2656 4908 baptismo
2697 4850 3072 4894 renovaretur.
3124 4838 3250 4894 Fuit
3297 4840 3579 4896 Romanus

2012 4931 2100 4984 vir
2131 4929 2391 4999 religione
2415 4937 2468 4984 et
2495 4929 2644 4984 civili
2674 4927 2962 4998 prudentia
2987 4938 3041 4983 et
3075 4928 3295 5000 ingenio
3329 4927 3581 5001 insignis.

341 5023 441 5083 τάς
472 5039 532 5074 τε
557 4992 636 5092 ’δὴ
667 5021 773 5075 τῶν
806 4992 1096 5092 προφητων
1118 5023 1213 5075 καὶ
1239 4992 1553 5076 ἀποστόλων
1587 5024 1794 5094 ῥήσεις,
1829 5021 1903 5084 ὡς

2017 5022 2192 5076 lactus
2221 5021 2475 5076 sacerdos
2508 5030 2564 5076 et
2599 5023 2799 5090 justam
2858 5037 2887 5076 a
2942 5021 3188 5092 legendis
3231 5024 3403 5076 sacris
3433 5023 3590 5078 libris

341 5116 439 5168 καὶ
463 5115 568 5166 ἀνὰ
600 5113 774 5182 στόμα
794 5117 983 5186 φέρειν
1016 5117 1266 5179 κάκεῖνον
1295 5113 1720 5181 αύτάς.⁹Εστεργ
1733 5130 1788 5164 εν
1813 5111 1906 5164 οὖν

341 5207 599 5269 κάκεῖνος
634 5207 899 5276 Ῥωμανῴ
939 5207 1055 5269 πῶς
1107 5208 1204 5275 μὲν
1238 5206 1302 5257 δι’
1333 5207 1538 5265 ἐκεῖνα,
1577 5206 1689 5268 πῶς
1721 5205 1777 5258 δὲ
1817 5204 1904 5257 διὰ

342 5295 638 5360 tutissima".
661 5295 895 5364 μάλιστα
916 5295 990 5358 ὡς
1008 5295 1383 5365 προτελεσθεὶς
1411 5295 1477 5347 τὰ
1495 5296 1592 5364 τῆς
1625 5295 1904 5354 εὐσεϐείας

346 5389 443 5441 ὑπ’
479 5387 641 5440 αὐτοῦ
696 5387 942 5456 δόγματα
997 5389 1218 5454 συχναῖς
1239 5385 1604 5449 διδασκαλίαις
1643 5388 1736 5439 καὶ
1781 5402 1918 5456 παρ-

348 5482 608 5533 αινέσεσι·
637 5483 730 5534 καὶ
769 5476 838 5550 ἦν
863 5479 1026 5546 ἐγγὺς
1054 5477 1145 5530 τοῦ
1177 5481 1273 5531 καὶ
1299 5478 1372 5546 τῷ
1408 5478 1540 5547 θείῳ
1585 5477 1907 5547 τελεσθῆναι

353 5575 710 5642 βαπτίσματι.
743 5568 850 5625 Ἦν
875 5571 919 5624 δ’
955 5573 984 5622 δ
1031 5569 1310 5637 Ῥωμανδς
1363 5570 1546 5623 οὑτοσὶ
1592 5568 1699 5622 τῶν
1751 5572 1906 5624 εῦσεε-

549 5672 796 5731 Parnm.
843 5672 964 5733 Gn.
990 5667 1259 5730 CXLIX.

2023 5113 2309 5167 scientiam
2382 5120 2438 5166 et
2509 5111 2815 5166 doctrinam
2877 5111 3126 5180 adeptus.
3191 5110 3592 5182 Quinquaginta

2019 5208 2265 5274 quinque
2291 5217 2558 5258 annorum
2587 5211 2802 5258 atatem
2854 5217 3040 5270 agens,
3074 5202 3265 5256 facient
3305 5217 3336 5256 a
3395 5212 3591 5256 natura

2017 5300 2210 5355 habuit
2246 5297 2613 5352 venerabilem
2654 5311 2718 5350 ac
2761 5295 2926 5366 piam,
2957 5305 3014 5350 et
3060 5295 3210 5364 operi
3269 5293 3592 5350 revocandae

2019 5393 2088 5448 ab
2119 5390 2509 5461 superstitione
2546 5389 2695 5444 illius
2733 5388 2912 5458 gentis
2957 5387 3118 5442 ﬁnem
3151 5389 3522 5457 imposuisset,
3541 5383 3590 5438 sl

2014 5483 2082 5537 ad
2112 5482 2262 5536 missi
2289 5479 2527 5550 praefecti
2561 5480 2895 5535 voluntatem
2929 5480 3045 5533 lieri
3075 5478 3353 5543 licuisset;
3386 5476 3479 5532 sed
3503 5491 3590 5530 res

2007 5571 2346 5628 stititdivtna
2371 5572 2448 5626 ira
2476 5573 2750 5627 Romanos
2765 5571 2899 5626 nihil
2920 5569 3044 5624 boni
3076 5569 3333 5638 perlicere
3362 5565 3574 5635 patiens

3240 5666 3312 5724 15

3490 260 3593 322 458
3689 276 3693 281 ’
