4060 6204
483 198 587 261 ἇῖθ

1674 190 2092 266 Nicamont
2138 207 2524 272 eneconc

3607 217 3719 283 460

484 309 645 379 519
664 286 884 380 p’t‘opter
898 309 1252 380 polytltcismi
1298 310 1528 367 hmrcsin
1550 311 1648 382 (ι).
1669 329 1830 383 quam
1862 313 1916 367 in
1941 314 2037 368 Ee-

2141 298 2272 388 ’θεία
2319 321 2415 373 καὶ
2463 322 2722 392 μοναδικῇ
2771 322 3015 395 πολιτείᾳ
3077 325 3171 378 καὶ
3225 325 3477 398 εὐλαϐείᾳ
3528 344 3684 382 συντε

482 403 702 457 clesiam
757 403 920 456 modo
964 403 1243 458 antistites
1291 403 1491 459 nefarii
1543 405 1869 460 intulerunt.
1924 406 2041 460 Sta-

405 563 421 579 .
484 494 579 547 tim
596 494 740 547 enim
780 494 992 548 delecto
1038 494 1283 549 Routauo
1321 496 1565 551 surrexit
1604 496 1822 565 quidam
1864 498 2047 552 nomi-

409 614 436 656 q
484 602 548 639 ne
566 585 816 648 Alexius,
835 587 927 654 qui
951 585 1202 640 celeriter
1228 582 1552 656 Byzantium
1574 602 1632 642 se
1662 590 2046 651 contulit,non

425 674 435 747 ξ
482 674 606 729 inde
632 689 789 729 ortus
819 685 873 729 et
903 675 1190 740 educatus,
1221 677 1314 731 sed
1336 678 1569 744 pecunia
1601 677 1764 732 vilem
1801 681 1870 734 ab
1900 678 2049 747 epis-

427 744 433 837 ῗ
478 767 632 835 copis
673 767 999 835 quibusdam
1054 766 1375 836 dignitatem
1423 768 1651 837 adeptus
1686 779 1744 824 et
1773 770 1840 824 ad
1888 744 2049 825 terri-

426 857 433 923 ξ
478 873 738 921 genarum
784 857 1073 927 Gigantum
1121 859 1533 913 similitudinem
1576 861 1768 915 eodem
1815 860 1903 916 die
1936 876 2049 917 me-

479 950 844 1016 tmpolitanus
902 949 1115 1011 factus.
1170 951 1275 1004 'vir
1333 951 1559 1005 humilis
1610 960 1667 1006 et
1729 968 1931 1019 parvus
1991 962 2049 1008 et

475 1039 776 1107 nm'tiplcx,
817 1040 884 1094 ab
918 1040 1062 1093 omni
1103 1041 1403 1110 disciplina:
1433 1040 1719 1109 prudentia
1745 1041 1957 1096 alienus
1986 1051 2043 1096 et

477 1131 663 1183 multis
693 1131 1019 1200 capitalibus
1041 1132 1507 1197 accusationibus,
1538 1143 1597 1185 ut
1632 1140 1816 1199 postea
1843 1132 2044 1186 civium

476 1221 599 1273 libri
628 1222 1306 1290 protulerunt,~ohnoxius.
1328 1221 1431 1276 Sed
1459 1222 1811 1291 pecuniarum
1833 1222 2044 1292 copiam

474 1312 1030 1367 rfeditCautacuzenu
1061 1323 1171 1365 tum
1207 1314 1456 1382 regnanti
1501 1321 1554 1367 et
1615 1311 1902 1365 l'hilotlteo
1950 1327 2048 1382 pa-

482 1405 849 1467 triarcharum
905 1405 1189 1472 utriusque
1254 1403 1585 1457 voluntatem
1639 1411 1695 1455 et
1756 1402 2045 1457 utilitatem

480 1516 602 1553 cum
635 1500 892 1554 facilitate
923 1498 1152 1567 quadam
1189 1497 1447 1562 ollerens,
1472 1505 1527 1550 et
1555 1505 1613 1550 ιιι
1646 1496 1818 1550 libere
1844 1496 2042 1562 dicam,

477 1605 539 1644 ns
568 1599 736 1642 totum
764 1588 1052 1641 cb~tt'uxit.
1079 1587 1321 1653 Quorum
1376 1586 1573 1639 animis
1619 1586 1928 1641 conciliatis
1986 1593 2044 1640 et

474 1681 683 1749 legibus
716 1679 947 1734 sublatis
978 1679 1282 1749 ejectisque
1318 1692 1349 1732 e
1381 1677 1665 1742 memeria,
1701 1677 1906 1731 factum
1956 1686 2043 1731 est
2079 1660 2117 1713 Β

476 1784 533 1826 ut
562 1781 673 1824 tota
703 1769 898 1823 Russia
936 1771 990 1823 in
1020 1770 1158 1823 duas
1212 1779 1390 1837 partes
1421 1778 1476 1823 et
1504 1768 1802 1822 Romanam
1838 1778 1894 1822 et
1920 1767 2043 1822 Ale-

472 1864 687 1916 aianam
723 1860 1085 1916 divideretur.
1118 1859 1334 1914 Utinam
1393 1859 1685 1914 mansisset
1725 1874 1846 1928 quae
1883 1866 2042 1912 antea

470 1956 647 2010 fuerat
671 1953 904 2009 divisio!
944 1952 1048 2006 Sed
1080 1951 1368 2006 abeuntem
1414 1950 1715 2005 Romanum
1747 1949 1798 2003 in
1839 1957 2042 2019 partem

471 2061 632 2113 quam
664 2045 889 2099 sortitus
914 2044 1294 2111 crat,ﬁAlexius
1317 2042 1564 2113 pluribus
1584 2042 1780 2112 opibus
1821 2041 1962 2094 datis
1987 2047 2043 2095 et

473 2136 797 2205 largioribus
827 2133 1024 2188 iterum
1054 2132 1414 2202 pra-voluitet
1448 2144 1693 2201 tempore
1733 2142 2044 2200 opportuno

473 2227 775 2282 ltutnanum
827 2223 1215 2294 supplantavit.
1270 2223 1536 2290 Quocirca
1588 2222 1739 2277 brevi
1774 2231 1898 2290 post
1927 2223 2042 2292 spei

473 2322 669 2389 plenus
709 2319 990 2371 ltomanus
1013 2314 1330 2386 Byzantium
1361 2314 1641 2384 profectus
1670 2323 1753 2369 est
1802 2313 2041 2367 necessi-

473 2421 582 2463 tate
618 2417 840 2464 coactus
866 2422 990 2462 cum
1018 2405 1232 2476 imperii
1256 2404 1640 2477 [gubernacula
1678 2405 1841 2475 520
1864 2406 2040 2460 delata

468 2518 590 2556 esse
640 2500 708 2555 ad
745 2502 1133 2571 Palmologum,
1168 2507 1223 2554 et
1258 2499 1675 2570 patriarchieam
1734 2500 1919 2552 sedem
1971 2498 2038 2552 ad

470 2595 754 2650 Callistum
827 2594 1093 2649 audisset.
1159 2592 1298 2647 lluic
1357 2592 1503 2647 enim
1574 2591 1788 2661 injuriis
1844 2602 2039 2646 vexato

468 2702 691 2756 operam
758 2686 986 2740 daturus
1039 2683 1349 2755 patriarcha
1407 2695 1465 2739 et
1496 2683 1590 2753 qui
1632 2684 1772 2739 forte
1808 2684 2038 2738 aderant

471 2779 787 2834 sacerdotes
814 2777 1025 2832 litteras
1054 2786 1110 2832 et
1133 2776 1510 2831 damnationes
1536 2775 1900 2844 scripserunt.
1930 2774 2036 2831 Sed

468 2870 783 2940 priusquam
821 2883 909 2923 res
955 2869 1020 2923 ad
1073 2867 1232 2923 tinem
1285 2866 1623 2936 perducitur,
1652 2880 1845 2921 rursus
1882 2865 2037 2921 adest

2153 407 2485 481 θραμμένων
2515 414 2726 485 ἀνδρῶν
2748 453 2764 479 ,
2800 417 3093 487 ἱερωμένος
3120 434 3177 471 τε
3225 418 3320 473 καὶ
3362 423 3558 492 πεῖραν
3590 423 3684 492 ἐξη
3704 451 3715 458 -

2154 502 2425 570 πημένος
2453 504 2553 572 τῆς
2599 504 2709 579 τῶν
2750 505 2910 577 ἱερῶν
2944 508 3151 576 ’βίϐλων
3190 510 3554 579 ἀναγνώσεως
3587 511 3676 564 ix:
3702 542 3717 551 -

2151 593 2267 662 νὴν,
2297 596 2459 648 πέντε
2492 613 2592 649 που
2636 598 2730 651 καὶ
2774 600 3115 670 πεντήκοντα
3147 601 3282 655 ἐτῶν
3317 601 3539 671 ἠλικίαν
3562 604 3716 673 ἄγων

2152 686 2343 754 ἐγγὺς,
2376 687 2470 741 καὶ
2498 685 2637 752 εἶδος
2659 690 2794 760 ἔχων
2816 692 2882 745 ἐκ
2907 692 3120 759 φύσεως
3151 693 3350 763 σεμνὸν
3382 694 3579 765 κομιδῇ
3612 696 3714 747 καὶ

2150 779 2454 848 αἰδέσιμον.
2494 781 2602 833 Καὶ
2630 782 2958 851 προῦὀαινεν
2985 783 3051 836 ἂν
3073 785 3155 845 εἰς
3184 784 3358 853 πέρας
3389 784 3449 838 τὸ
3477 786 3716 855 πρᾶγμα

2148 871 2383 939 χρηστὸν
2430 875 2560 942 περὶ
2587 873 2648 925 τὸ
2680 874 2836 938 ἔθ’.ος
2858 869 3036 928 ἐκεῖνο
3061 875 3161 945 τῆς
3195 874 3492 945 θρησκείας
3520 876 3710 941 ἕνεκα,

2147 964 2196 1015 εἰ
2241 963 2484 1032 ἐγίγνετο
2529 964 2728 1029 τελέως
2778 969 2920 1021 κατὰ
2963 967 3062 1038 τὴν
3106 968 3332 1037 ζήτησιν
3375 968 3468 1021 τοῦ
3500 974 3717 1037 πεπομ-

2149 1053 2307 1122 φάτις
2366 1055 2653 1124 ἐθνάρχου.
2727 1057 2867 1109 Ἀλλ’
2922 1057 3258 1127 ἀντέπραξεν
3313 1060 3346 1129 ἠ
3406 1059 3567 1129 μηδὲν
3603 1061 3715 1113 τῶν

2151 1144 2401 1212 γρηστῶν
2448 1145 2595 1200 ἐῶσα
2628 1146 2928 1217 Ῥωμαίους
2968 1148 3232 1217 θεομηνία
3272 1152 3446 1202 τελεῖν
3497 1150 3584 1203 διὰ
3613 1149 3715 1220 τὴν

2146 1235 2250 1301 τῆς
2282 1235 2571 1300 πολυθεῑας
2599 1237 2831 1307 αἵρεσιν,
2855 1236 2918 1311 [Γ.
2948 1238 3053 1293 259
3084 1238 3141 1311 a]
3172 1238 3240 1309 ἢν
3262 1241 3308 1291 oi
3337 1238 3437 1307 τῆς
3480 1240 3715 1309 Ἐκκλη-

2150 1326 2271 1388 aia;
2311 1328 2436 1396 ἄρτι
2469 1327 2871 1397 προεστηκότες
2905 1327 3122 1398 ἀνόμως
3154 1327 3505 1398 είὰήνεγκαν.
3537 1328 3714 1391 Εὐθὺς

2145 1418 2254 1484 γὰρ
2280 1416 2747 1486 χειροτονηθέντας
2808 1415 3042 1470 ἐνταῦθα
3067 1416 3162 1470 τοῦ
3197 1417 3494 1488 Ῥωμανοῦ,
3519 1419 3714 1490 ἀθρόον

2145 1506 2359 1575 ἐπεφύη
2395 1522 2480 1569 τις
2514 1505 2723 1559 ἐκεῖθεν
2774 1505 2984 1578 ἕτερος,
3018 1505 3242 1576 τοῦνομ’
3287 1508 3543 1575 Ἀλέξιος,
3577 1526 3711 1562 κατε

2148 1599 2598 1668 εσποιδασμένην
2628 1598 2953 1668 ποιούμενος
2976 1599 3075 1669 τὴν
3104 1602 3161 1663 ἐς
3184 1597 3475 1664 Βυζάντιον
3500 1600 3707 1667 ἄφιξιν,

2146 1688 2284 1760 όμοῦ
2313 1706 2371 1739 τε
2419 1691 2647 1759 σπαρεὶς
2692 1691 2787 1742 καὶ
2817 1689 3093 1750 ἀναόοθεὶς
3137 1690 3236 1743 οὐκ
3267 1690 3539 1757 ἐντεῦθεν,
3576 1691 3710 1744 ἀλλά

2146 1784 2424 1851 χρήμασιν
2449 1780 2610 1833 ὤνιον
2642 1780 2777 1852 πρὸς
2809 1780 2964 1833 ἐνίων
2992 1780 3153 1851 δῆθεν
3178 1780 3388 1835 ἐκεῖθεν
3416 1782 3711 1848 δεξάμενος

2145 1872 2243 1942 τὴν
2273 1871 2432 1935 ἀξίαν
2493 1871 2827 1933 ἐπισκόπων,
2875 1873 3017 1924 κατά
3064 1871 3125 1923 τὸ
3173 1872 3283 1924 τῶν
3317 1872 3578 1941 σπαρτῶν
3611 1872 3709 1925 καὶ

2146 1964 2306 2027 auri;
2339 1963 2649 2034 αὑοήμερον
2691 1963 2964 2032 γιγάντων
2992 1964 3168 2018 ἐκεῖνο
3205 1965 3360 2033 γένος
3407 1962 3562 2034 ὤφθη
3601 1981 3705 2033 μη-

2143 2055 2492 2127 τροπολίτης,
2527 2054 2667 2125 ἀνὴρ
2696 2054 2971 2126 μοχθηρὸς
3009 2056 3105 2109 καὶ
3147 2056 3453 2127 πανοῦργος
3481 2057 3576 2111 καὶ
3614 2056 3710 2123 ἐμ-

2144 2146 2421 2214 πληκτος,
2468 2145 2650 2214 πάσης
2698 2161 2757 2197 τε
2807 2144 3086 2217 ἀλλότριος
3139 2143 3401 2210 εὐλαΰοῦς
3431 2144 3708 2200 καταστά-

2146 2254 2307 2301 σεως,
2369 2239 2462 2289 καὶ
2501 2237 2621 2306 ἃμα
2691 2235 2910 2301 πολλοῖς
2959 2237 3269 2307 ἐγκλήμασι
3330 2236 3704 2307 καθαιρέσεως

2142 2326 2325 2397 ἔνοχος
2355 2326 2452 2391 ῶν,
2480 2325 2556 2391 ὡς
2603 2326 2673 2380 τὰ
2713 2328 2822 2382 τῶν
2852 2327 3139 2400 ἐγχωρίων
3168 2328 3379 2383 ἐκεῖθεν
3410 2328 3703 2398 ἐληλυθότα

2139 2419 2373 2472 κατόπιν
2434 2418 2697 2487 ἐσήμαινε
2757 2421 3082 2491 γράμματα.
3171 2419 3331 2473 Ἀλλά
3401 2418 3704 2489 χρημάτων

2141 2510 2345 2578 πλῆθος
2404 2512 2740 2580 κεκομικὼς,
2793 2512 2891 2564 καὶ
2948 2511 3073 2574 δοὺς
3118 2510 3219 2582 μέν
3268 2511 3703 2580 Καντακουζηνῷ

2140 2602 2218 2672 τῷ
2249 2601 2552 2673 τηνικαῦτα
2599 2601 2966 2672 βασιλεύοντι,
3012 2601 3137 2666 δοὺς
3190 2602 3248 2654 δὲ
3306 2600 3405 2656 καὶ
3448 2600 3524 2671 τῷ
3554 2618 3705 2670 τηνι-

2139 2695 2317 2749 καῦτα
2344 2695 2825 2764 πατριαρχεύοντι,
2846 2693 3084 2766 τοῦνομα
3107 2693 3362 2765 Φιλοθέῳ,
3384 2689 3459 2749 ὧν
3482 2694 3698 2763 ἐφίεντο

2138 2787 2330 2857 δώρων
2380 2788 2663 2857 ἑκάτερος,
2698 2779 2777 2842 ὧν
2823 2786 2995 2841 ἐδεῖτο
3045 2791 3187 2857 μετά
3216 2786 3499 2859 ῥᾳστώνης
3535 2788 3699 2849 αὐτὸς

2139 2878 2537 2948 ἀντελάμσανε.
2587 2878 2698 2932 Καὶ
2754 2878 3027 2932 συνελόντι
3074 2879 3263 2947 φάναι,
3301 2876 3448 2932 ἅπαν
3496 2877 3697 2947 έφραξε

467 2962 695 3017 Alexius
757 2960 1048 3013 maximam
1103 2957 1458 3026 pecuniarum
1506 2956 1719 3025 copiam
1774 2955 2035 3011 oﬂ‘erens.

2141 2968 2335 3038 στόμα,
2369 2969 2463 3022 καὶ
2496 2967 2679 3031 πάσας
2730 2969 2790 3023 ἐν
2836 2968 2916 3036 τῷ
2958 2969 3156 3037 ἀφανεῖ
3181 2967 3433 3023 τεθνάναι
3467 2985 3704 3039 κατηγο-

465 3054 676 3120 Quibus
700 3052 933 3120 primum
984 3046 1306 3116 patriarcha:
1368 3048 1613 3101 animum
1670 3046 1837 3117 cepit,
1862 3055 2032 3102 mate-

468 3146 565 3199 rite
625 3148 853 3197 terrenae
896 3140 1198 3209 cupiditate
1245 3139 1462 3209 plenum
1518 3154 1696 3209 neque
1755 3155 1786 3194 a
1835 3140 2032 3195 mentis

466 3236 733 3306 pravitate
764 3232 995 3287 liberum
1027 3249 1042 3297 ;
1076 3230 1204 3284 dein
1233 3229 1299 3283 ad
1330 3229 1467 3284 alios
1513 3230 1782 3286 accedens
1833 3246 2033 3284 unum-

466 3338 739 3396 quemque
771 3322 877 3377 sibi
911 3320 1246 3377 conciliavit.
1276 3319 1395 3375 Jam
1428 3333 1554 3374 vero
1600 3320 1764 3375 etiam
1821 3319 2031 3389 princi-

469 3434 565 3488 pes
590 3417 739 3472 viros
757 3413 893 3469 adiit
915 3423 971 3469 et
994 3412 1181 3468 multis
1199 3413 1445 3482 pecuniis
1473 3420 1762 3481 corruptos
1786 3410 1941 3466 facile
1959 3410 2026 3465 ad

468 3494 803 3563 voluntatem
833 3520 987 3559 suam
1019 3502 1205 3567 traxit,
1227 3502 1320 3573 qui
1353 3512 1569 3572 pactum
1592 3502 1703 3572 jam
1748 3516 1780 3555 a
1804 3501 2028 3557 Callisto

468 3599 781 3673 patriarcha
850 3603 1206 3667 acceperant,
1268 3593 1365 3664 qui
1448 3591 1815 3648 sacerdotales
1880 3592 2029 3663 leges

466 3708 526 3747 se
551 3690 909 3746 defensurum
938 3687 1218 3758 juraverat
1245 3700 1346 3739 nec
1369 3683 1715 3754 proditurum
1742 3691 1896 3748 pacta
1927 3698 2028 3738 nec

467 3786 638 3839 sancti
699 3781 935 3852 Spiritus
962 3778 1193 3849 gratiam
1226 3786 1483 3847 tanquam
1520 3776 1768 3832 vernalem
1806 3776 1861 3831 in
1907 3775 2028 3831 foro

462 3875 840 3946 expositurum
889 3870 1128 3926 Simonis
1158 3869 1293 3940 Magi
1322 3868 1706 3933 sectatoribus,
1736 3867 1862 3923 dein
1910 3868 2028 3934 ipse

464 3965 713 4035 pl‘OdilOl‘
788 3977 908 4019 esse
981 3960 1257 4031 apparuit,
1308 3958 1603 4029 dignitates
1660 3973 1724 4012 ac
1800 3973 2028 4013 munera

463 4059 646 4127 pretio
676 4054 889 4110 venalia
915 4052 1125 4107 habens
1170 4061 1227 4106 et
1260 4050 1397 4105 alios
1441 4049 1497 4103 in
1530 4049 1812 4117 pravitatis
1854 4050 2030 4105 socie-

465 4159 628 4204 tatem
688 4147 959 4201 alliciens.
998 4143 1360 4209 Quamobrem
1414 4141 1652 4210 primum
1710 4142 2028 4196 retractavit

462 4255 584 4308 quae
614 4238 769 4308 521
818 4235 888 4289 de
937 4243 1126 4289 sancto
1173 4233 1444 4302 baptismo
1498 4233 1712 4288 civibus
1757 4232 1874 4288 suis
1906 4233 2028 4303 plu-

2138 3061 2266 3133 ρίας
2328 3063 2391 3114 ἐκ
2447 3061 2542 3115 τοῦ
2596 3063 2796 3133 ῥᾴστου
2827 3063 3164 3133 κατέπραξε,
3204 3063 3304 3127 τάς
3337 3062 3436 3134 μὲν
3472 3063 3699 3133 γνώμας

2139 3154 2291 3221 σφῶν
2334 3153 2766 3223 δουλωσάμενος,
2813 3138 2941 3219 τούς
2992 3155 3049 3209 δέ
3097 3156 3294 3225 νόμους
3340 3155 3575 3226 συλήσας
3607 3161 3699 3209 καὶ

2138 3246 2330 3317 πόρρω
2379 3244 2602 3315 μνήμης
2651 3243 2868 3300 κεῖσθαι
2919 3248 3338 3317 παρωσάμενος.
3405 3247 3568 3301 Ὅθεν
3604 3250 3698 3300 καὶ

2139 3335 2471 3405 μεμερίσθαι
2503 3334 2593 3388 διά
2638 3336 2811 3389 ταῦτα
2868 3338 3234 3407 συμπέπτωκε
3272 3338 3372 3407 τὴν
3424 3337 3525 3405 τῆς
3567 3338 3695 3407 ὅλης

2147 3424 2378 3487 Ῥωσίας
2412 3424 2748 3495 μητρόπολιν
2772 3426 2853 3491 είς
2881 3424 2975 3480 δύο
3009 3427 3224 3498 μοίρας,
3265 3428 3346 3489 είς
3374 3443 3435 3480 τε
3470 3426 3692 3496 Ῥωμα-

2137 3516 2228 3571 νδν
2275 3517 2372 3570 καὶ
2426 3516 2687 3583 Ἀλέξων.
2725 3518 2836 3571 Καὶ
2870 3518 2986 3571 εἴθε
3024 3519 3275 3587 ἐνέμενεν
3307 3517 3383 3582 ὡς
3411 3518 3512 3587 τὴν
3544 3522 3693 3587 πρῶ⁸
3781 3563 3791 3573 .

2135 3625 2235 3678 την
2285 3608 2415 3678 γοῦν
2476 3610 2506 3662 ὀ
2564 3609 2833 3681 μερισμὸς
2895 3610 3159 3679 ἐγεγόνει.
3233 3612 3378 3665 Ἀλλ’
3434 3613 3690 3674 ἀπιόντος

2146 3698 2431 3768 Ῥωμανοῦ
2466 3697 2604 3769 πρὸς
2648 3698 2716 3768 ἢν
2759 3698 2918 3770 ἔλαχε
2966 3702 3182 3770 μοῖραν,
3231 3699 3403 3754 πλείω
3442 3699 3689 3761 δεδωκὼς

2148 3789 2382 3855 Ἀλέξιος
2414 3780 2671 3861 χρήματα
2701 3791 2873 3845 πλείω
2905 3793 2999 3845 καὶ
3030 3791 3264 3860 κρείττω
3297 3792 3395 3846 καὶ
3439 3791 3539 3861 τὴν
3576 3795 3691 3859 μοῖο

2137 3900 2239 3954 ραν
2279 3880 2434 3946 αὖθις
2467 3884 2820 3954 συγκυκήσας
2849 3882 3126 3953 ἀνείληφε,
3175 3882 3463 3953 ζημιώσας
3494 3883 3551 3935 ἐν
3577 3884 3688 3942 τοῖς

2135 3974 2370 4045 καιρίοις
2396 3975 2487 4027 τὸν
2528 3974 2829 4042 Ῥωμανόν.
2859 3975 2950 4027 Διὸ
2979 3976 3072 4028 καὶ
3115 3968 3274 4037 αὖθις
3327 3973 3466 4042 μετά
3516 3972 3686 4042 βραχὺ

2135 4066 2272 4136 πρὸς
2305 4065 2598 4129 Βυζάντιον
2641 4065 3094 4136 ἐπανεληλυθέναι
3131 4068 3196 4140 μ’.
3232 4065 3338 4122 259
3388 4064 3441 4136 b]
3493 4067 3688 4133 μεστὸν

2137 4157 2367 4210 ἐλπίδων
2411 4156 2692 4229 Ῥωμανδν
2743 4160 2776 4229 ἡ
2823 4158 3039 4227 ἀνάγκη
3070 4159 3422 4228 συνήλαυνεν,
3458 4155 3556 4209 ἀτε
3597 4164 3691 4207 και

2140 4248 2466 4318 μεταπεσεῖν
2516 4248 2837 4319 αίσθόμενον
2892 4248 2963 4302 τά
3000 4265 3059 4301 τε
3113 4250 3214 4319 τῆς
3265 4246 3568 4318 μοναρχίας
3612 4247 3692 4298 ἐν-

466 4333 620 4387 rimis
641 4327 983 4398 promiserat.
1009 4326 1235 4380 Praestat
1256 4325 1424 4388 enim,
1446 4324 1542 4389 ait,
1563 4323 1812 4379 venerari
1835 4324 2028 4391 solem,

2141 4335 2313 4392 ταῦθα
2348 4338 2603 4408 σκῆπτρα
2629 4338 2769 4407 πρὸς
2813 4337 3177 4405 Παλαιολόγον
3227 4337 3324 4391 καὶ
3367 4336 3569 4398 αὐτοὺς
3597 4336 3690 4400 τῆς

467 4424 562 4477 toti
587 4419 793 4476 mundo
837 4420 1039 4480 lucem,
1066 4416 1587 4486 vigorem,calorem
1635 4416 1948 4473 atl'erentem
1973 4427 2029 4473 et

460 4512 736 4570 Creatoris
766 4508 957 4566 mundi
987 4507 1225 4563 dilucida
1256 4506 1504 4578 quadam
1533 4508 1760 4577 vestigia
1784 4507 2027 4563 etdocu-

463 4613 644 4659 menta
696 4600 1052 4671 praebentem,
1086 4613 1250 4669 quam
1276 4597 1520 4652 avaritiae
1563 4597 1887 4664 daemonem,
1912 4612 2023 4668 quo

461 4694 833 4756 Romanorum
892 4688 1233 4759 patriarchas
1292 4702 1443 4742 nunc
1491 4697 1681 4758 captos
1731 4687 1921 4750 audio,
1980 4687 2026 4741 si

460 4787 706 4856 ipsorum
734 4782 979 4853 magistri
1013 4781 1324 4851 exemplum
1351 4788 1684 4849 spectamus,
1710 4779 1808 4848 qui
1835 4778 2025 4833 diabo-

459 4876 571 4930 lum
595 4873 941 4943 pollicentem
970 4886 1031 4925 se
1071 4872 1238 4926 totius
1261 4879 1422 4926 terra:
1451 4886 1617 4941 regna
1640 4880 1698 4926 et
1716 4885 1850 4943 opes
1871 4871 2029 4924 datu-

462 4978 581 5017 rum
610 4960 656 5015 si
689 4956 1048 5030 procumbere
1077 4966 1131 5012 et
1160 4958 1388 5014 adorare
1415 4974 1474 5014 se
1528 4959 1715 5023 vellet,
1746 4946 2030 5014 aversatus

458 5066 544 5108 est
560 5063 616 5108 et
638 5052 797 5108 enixe
819 5049 1038 5119 repulit.
1058 5047 1242 5119 itaque
1262 5051 1357 5120 qui
1381 5049 1434 5105 in
1461 5050 1584 5105 talia
1601 5065 1661 5107 se
1682 5051 1870 5106 insane
1890 5066 2029 5119 pra:-

457 5142 768 5215 cipitaverit
798 5151 854 5196 et
884 5155 985 5210 pro
1043 5141 1234 5196 iisdem
1264 5156 1391 5198 eum
1425 5157 1588 5214 quem
1636 5142 1925 5197 Dominum
1973 5152 2024 5196 et

460 5242 629 5294 Deum
674 5233 777 5289 sibi
828 5230 1117 5287 colendum
1156 5242 1485 5303 sumpserat,
1518 5233 1792 5307 reiecerit,
1829 5232 2030 5300 quibus

371 5335 384 5345 '
457 5326 676 5384 laudent
710 5322 903 5392 pomis,
939 5320 1141 5390 quibus
1179 5322 1462 5393 suppliciis
1514 5339 1626 5379 non
1658 5324 1856 5394 dignus
1897 5324 2027 5387 erit,

454 5421 656 5489 quippe
682 5415 773 5485 qui
796 5411 1017 5467 Christo
1048 5412 1283 5470 Domino
1307 5431 1371 5472 ac
1409 5416 1679 5472 Salvatori
1749 5417 2024 5471 diabolum

526 5598 601 5671 (i)
637 5598 1007 5664 l‘.ii.._miticatn
1032 5586 1275 5649 setlicct.

2133 4426 2502 4497 πατριαρχίας
2554 4426 2775 4496 θρόνους
2827 4426 2983 4490 αὖθις
3015 4430 3075 4490 ἐς
3110 4428 3409 4481 Κάλλιστον
3434 4425 3689 4495 τοῦνομα.

2143 4513 2456 4583 Ἐληλυθότι
2483 4514 2544 4582 δὴ
2577 4511 2672 4568 οὖν
2704 4515 2947 4585 βοηθεῖν,
2977 4517 3149 4586 ὁπόση
3194 4517 3447 4585 δύναμις,
3480 4517 3693 4569 ἀδικου-

2138 4606 2283 4673 μένῳ
2329 4604 2440 4658 τῶν
2489 4605 2630 4659 πάνυ
2680 4623 2734 4658 τι
2773 4606 2982 4677 σφόδρα
3025 4607 3216 4678 κρίνας
3242 4603 3383 4661 εῖναι
3409 4607 3636 4661 δικαίων
3665 4609 3691 4658 ὁ

2135 4696 2496 4765 πατριάρχης,
2526 4696 2662 4764 ὁμοῦ
2697 4698 2810 4758 τοῖς
2850 4697 3334 4768 παρατετυχηκόσι
3381 4698 3688 4768 τηνικαῦτα
3739 4679 3745 4685 ’

2133 4786 2475 4855 ἀρχιερεῦσι.
2508 4785 2576 4837 τὰ
2608 4784 2703 4837 ἐπὶ
2731 4784 2939 4848 τούτοις
2986 4786 3462 4855 παρεσκευάζοντο
3501 4786 3683 4855 γράμ-

2137 4893 2283 4944 ματα
2323 4878 2420 4929 καὶ
2455 4874 2804 4946 ψηφίσματα.
2847 4874 3011 4929 Ἀλλὰ
3040 4877 3170 4947 πρὶν
3217 4877 3276 4939 ἐς
3319 4876 3496 4946 πέρας
3529 4878 3685 4935 ἰέναι.

2132 4967 2395 5033 πάρεστιν
2442 4962 2599 5026 αὖθις
2661 4965 2896 5030 ’Δλέξιος
2942 4967 3242 5036 χρημάτων
3293 4966 3685 5037 ἐπιφερόμενος

2136 5055 2361 5107 πλεῖστα
2397 5053 2676 5124 βαλάντια,
2716 5057 2785 5109 δι’
2821 5050 2896 5110 ὧν
2933 5057 3032 5127 τὴν
3075 5057 3171 5110 τοῦ
3203 5060 3542 5129 πατριάρχου
3581 5076 3690 5126 χει-

2133 5148 2450 5216 ρωσάμενος
2477 5146 2704 5218 γνώμην
2726 5151 2795 5202 τὰ
2824 5151 3036 5219 πρῶτα,
3066 5148 3200 5219 ὕλης
3228 5151 3494 5220 γηγενοῦς
3528 5152 3691 5219 ὑπερ·

2132 5239 2282 5305 φυῶς
2317 5236 2561 5306 ὀρέξεσιν
2613 5240 2894 5309 ἡλικιῶτιν
2935 5240 3103 5295 οὖσαν
3162 5244 3257 5295 καὶ
3283 5243 3553 5312 δεσμῶτιν
3588 5243 3685 5317 οὐκ

2134 5327 2240 5392 ἔξω
2264 5328 2597 5399 φαυλότητος
2628 5331 2925 5401 λογισμῶν,
2944 5332 3151 5387 Insue
3180 5332 3397 5405 περιῄει
3422 5334 3562 5411 ,τοὺς
3595 5331 3685 5386 ἄλο

2132 5418 2257 5480 λους
2295 5419 2574 5486 ἀναλόγως
2622 5423 2802 5486 διδοὺς
2850 5424 2947 5477 καὶ
2996 5423 3353 5494 δουλούμενος
3404 5425 3529 5480 καθ’
3554 5423 3679 5480 ἐκα-
