4060 6204
433 296 540 351 Mil

1635 279 2053 354 NllIEPIIORI
2093 291 2482 356 GllEGOR.E
2533 238 2538 252 Ι

3575 291 3683 357 464

435 404 766 472 probitatem
801 414 906 458 non
938 402 1206 457 direxeris
1235 409 1472 471 unqna‘n
1509 400 1576 455 ad
1627 402 1800 455 bonas
1830 402 2000 470 leges,

2128 409 2316 477 μήφους
2348 408 2446 475 τῆς
2485 406 2641 476 δίκης
2695 402 3070 476 αίσχροποιεῖν
3101 418 3114 433 '
3169 405 3260 456 καί
3296 399 3360 474 ἦν
3397 403 3503 455 τῶν
3539 408 3684 456 πολι-

438 512 538 551 nec
569 499 613 549 si
638 495 769 565 quid
795 490 1440 565 respublicamgrotetad
1470 493 1755 563 pristinam
1780 493 2012 547 felicita-

439 597 548 643 tem
585 588 820 642 reditum
856 587 1015 642 facile
1041 586 1312 651 effeceris,
1333 586 1429 640 sed
1461 587 1623 655 plane
1671 587 2010 640 contrarium

439 681 655 743 feceris,
691 695 855 751 quam
889 680 931 734 si
964 678 1272 733 cliorostata
1304 686 1361 732 et
1416 677 1674 748 magister
1701 677 1938 732 instituit
1959 685 2015 730 et

441 772 754 828 claudicare
783 772 939 824 docet
970 768 1114 822 inter
1148 767 1362 837 pulchri
1418 777 1472 821 et
1527 768 1642 822 veri
1715 767 2011 822 Cﬂllt‘rHOS.

441 866 634 920 Vicina
697 863 802 916 sibi
853 868 1117 930 mgrotum
1177 867 1232 912 et
1288 857 1552 922 validum,
1585 867 1640 912 et
1690 869 2012 928 prosperum

444 969 660 1024 semper
683 959 892 1022 spectat.
914 949 979 1004 ad
1009 965 1227 1003 vanum.
1257 949 1322 1002 Et
1345 949 1388 1002 si
1407 948 1530 1018 quis
1555 948 1831 1002 desertum
1859 947 2012 1016 quasi

445 1046 654 1102 socium
685 1045 786 1098 sibi
818 1041 1136 1112 sumpserit,
1166 1042 1286 1110 ejus
1313 1040 1420 1094 vita
1451 1054 1480 1094 a
1542 1038 1757 1109 legibus
1806 1047 1862 1092 et
1908 1052 2016 1107 qua

448 1140 696 1192 instituta
733 1145 816 1191 est
875 1134 1091 1189 vivendi
1141 1133 1352 1187 ratione
1397 1131 1701 1200 discrepat.
1735 1129 2014 1196 Quemad-

449 1231 668 1284 modum
703 1227 848 1282 enim
873 1225 1083 1296 justitia
1115 1220 1581 1278 consociationem
1611 1219 1759 1281 facit,
1799 1219 1868 1272 ita
1899 1218 2015 1271 dis-

444 1321 658 1393 junctio
681 1316 976 1390 abjustitia
996 1323 1052 1370 et
1088 1316 1141 1368 in
1170 1314 1388 1378 deserto
1416 1311 1683 1365 habitatio
1733 1308 2015 1364 bestialem

448 1415 746 1471 etomnino
782 1413 1073 1466 immanem
1093 1408 1256 1460 vitam
1287 1403 1484 1458 reddit.
1516 1401 1721 1458 Urbem
1760 1401 1905 1457 enim
1953 1416 2019 1454 ex

449 1506 698 1564 aediliciis
726 1502 1086 1573 compositam
1117 1498 1348 1568 publica:
1377 1495 1569 1550 salutis
1599 1493 2016 1548 fundamentum

450 1615 572 1654 esse
602 1607 657 1652 et
677 1597 948 1667 justarum
970 1593 1150 1662 legum
1179 1587 1498 1643 obstrictam
1520 1585 1777 1640 cancellis
1799 1598 2020 1638 necesse

449 1701 555 1744 est.
587 1687 688 1742 Cui
720 1685 885 1755 igitur
910 1683 980 1737 ob
1009 1680 1278 1736 inscitiam
1321 1676 1593 1730 commodi
1625 1675 1851 1729 minime
1891 1687 2023 1728 con-

2117 498 2279 552 τειῶν
2310 499 2402 552 καὶ
2435 498 2640 551 πόλεων
2669 497 2822 565 σφῶν
2859 495 3112 566 προφανῆ
3154 497 3252 548 καὶ
3287 494 3556 565 ὐπαίθρον
3588 515 3686 548 κα-

2070 658 2075 662 ,
2115 590 2340 644 τάλυσιν
2377 589 2593 660 νύκτωρ
2625 589 2719 641 καὶ
2753 589 2874 659 μεθ’
2904 589 3121 658 ἡμέραν
3156 588 3214 639 οὐ
3240 587 3500 656 λήγουσιν
3534 587 3688 641 αὐτοὶ

2116 679 2240 732 καθ’
2275 679 2485 732 ἐαυτῶν
2515 679 2900 750 ἐργαζόμενοι,
2935 677 3142 748 ταύτην
3171 678 3336 746 ἕδραν
3367 680 3462 732 καὶ
3496 679 3687 733 στάσιν

2116 771 2202 823 ἐπ’
2236 769 2359 838 ίσης
2392 773 2504 834 τοῖς
2557 771 2836 840 οὐρανίοις
2886 771 3071 834 πύλοις
3104 771 3238 842 πρὸς
3294 770 3598 838 ἀσφάλειαν
3625 770 3688 824 τὸ

2115 861 2374 932 ἀκίνητόν
2421 879 2478 915 τε
2517 865 2612 916 καὶ
2661 863 3027 916 ἀναλλοίωτον
3062 862 3210 932 ἔχειν
3239 863 3467 925 οἴονται,
3500 863 3690 924 κακῶς

2117 953 2321 1016 εἰδότες
2358 954 2454 1008 καὶ
2511 953 2636 1007 λίαν
2692 955 2970 1024 ἀμούσως,
3021 956 3116 1008 καὶ
3177 953 3344 1024 μηδὲν
3397 953 3619 1023 ἄμεινον
3653 953 3688 1024 ἢ

2118 1042 2306 1111 ὥσπερ
2358 1042 2407 1094 οἱ
2457 1041 2862 1110 τυφλὼτιοντές
2899 1057 2959 1093 τε
3019 1042 3116 1094 καὶ
3174 1041 3311 1110 μηδέ
3341 1042 3408 1093 τὰ
3438 1042 3492 1092 ἐν
3529 1045 3688 1095 ποσὶν

2116 1132 2253 1194 ὅλως
2284 1132 2417 1201 ὁρᾷν
2445 1130 2740 1200 δυνάμενοι
2761 1146 2775 1160 ο
2801 1131 2894 1183 καὶ
2925 1124 3071 1184 οὗτοι
3090 1130 3199 1200 γὰρ
3225 1133 3458 1184 κατόπιν
3489 1131 3690 1200 ἐπομέ-

2119 1241 2243 1284 νους
2296 1223 2534 1292 ὁρῶντες
2585 1223 2712 1284 τούς
2768 1225 2864 1294 τῆς
2906 1223 3177 1294 τοσαύτης
3209 1225 3305 1277 καὶ
3351 1225 3690 1296 τηλικαύτης

2121 1314 2496 1382 κακοτροπίας
2528 1317 2623 1368 καὶ
2654 1313 2889 1378 ἀτοπίας
2942 1318 3210 1384 καρποὺς,
3249 1316 3452 1385 μᾶλλον
3490 1319 3546 1370 δέ
3583 1321 3692 1387 πρὸ

2119 1405 2418 1476 ὀφθαλμῶν
2450 1406 2678 1475 κείμενα
2719 1405 2934 1475 νύκτωρ
2961 1407 3054 1458 καὶ
3084 1405 3207 1476 μεθ’
3250 1407 3462 1478 ἡμέραν
3494 1410 3559 1461 τὰ
3589 1409 3690 1477 τῆς

2123 1497 2273 1566 σφῶν
2299 1497 2491 1559 κακίας
2527 1496 2802 1565 ἐπίχειρα,
2833 1495 3048 1566 οὐδαμῆ
3083 1497 3385 1560 ἐπαΐουσιν,
3450 1498 3564 1550 ἀλλ’
3599 1498 3690 1551 ἐπ’

2124 1591 2246 1660 ῐσης
2278 1593 2389 1652 τοῖς
2447 1589 2798 1658 μαινομένοις
2845 1590 2944 1650 τὰς
2989 1589 3142 1659 σφῶν
3195 1592 3376 1644 αὐτῶν
3417 1593 3690 1655 ἐσθίοντες

2127 1682 2337 1750 σάρκας
2367 1681 2680 1750 χαίρουσιν·
2719 1679 2908 1749 ὥσπερ
2943 1680 3010 1735 ἂν
3067 1683 3116 1734 εί
3146 1683 3536 1751 προσετίθεσαν
3567 1686 3695 1750 κέρ-

454 1775 1010 1837 ιόιιὶιοςίιιιίιιίειτοιίο
1055 1771 1296 1835 familiae,
1317 1778 1574 1838 tanquam
1604 1782 1812 1840 magna:
1851 1764 2022 1836 partis

2128 1774 2235 1827 δεσι
2265 1773 2428 1844 κέρδη
2455 1775 2550 1826 καὶ
2580 1773 2766 1843 κλήρῳ
2791 1774 2989 1843 κλῆρον
3024 1774 3122 1844 γῆς
3153 1775 3244 1827 καὶ
3279 1773 3576 1843 θαλάσσης,
3595 1777 3694 1829 καὶ

453 1875 710 1936 civitatis,
749 1870 980 1924 multum
1011 1867 1188 1922 deerit
1213 1875 1272 1921 ut
1307 1866 1404 1921 toti
1440 1861 1561 1918 urbi
1598 1859 2022 1931 praesit.Quem-

456 1966 748 2022 admodum
771 1963 937 2031 igitur
955 1961 1140 2023 homo,
1166 1958 1357 2028 euijus
1378 1965 1432 2010 et
1465 1954 1612 2023 leges
1640 1951 1840 2005 innata:
1874 1956 2022 2010 sunt,

456 2059 696 2129 optimus
729 2066 849 2107 esse
879 2048 1155 2120 etoptime
1191 2062 1303 2101 rem
1347 2055 1538 2113 regere
1568 2037 1906 2111 poterit,ita,
1935 2037 2024 2088 cui

459 2167 564 2206 non
582 2151 786 2210 insunt,
801 2143 1094 2215 pessimum
1115 2139 1228 2193 fieri
1245 2151 1297 2192 et
1318 2136 1546 2206 pessime
1562 2148 1674 2188 rem
1688 2130 2028 2185 administra-

457 2257 517 2297 re
534 2254 659 2295 eum
701 2254 768 2292 ex
793 2232 1068 2290 contrario
1085 2229 1353 2298 sequitur.
1390 2225 1562 2279 llomo
1594 2223 1740 2277 enim
1771 2239 1800 2275 a
1829 2231 2027 2274 natura

461 2332 721 2406 prmditus
754 2326 913 2398 525
942 2323 1097 2394 quasi
1138 2318 1520 2375 instrumentis
1551 2315 1618 2369 ad
1645 2315 1818 2368 varias
1852 2313 2028 2364 virtu.

463 2404 543 2479 tes
562 2420 920 2481 exercendas,
946 2417 990 2470 si
1022 2430 1128 2468 non
1159 2411 1288 2466 velit
1321 2409 1386 2462 ad
1411 2409 1501 2480 jus
1529 2416 1584 2462 et
1627 2407 1772 2474 leges
1801 2404 1912 2472 regi
1971 2412 2028 2456 et.

465 2527 672 2585 regere,
695 2511 966 2564 labentem
992 2516 1048 2559 et
1071 2501 1408 2572 deperditam
1451 2508 1616 2552 totam
1646 2497 1860 2560 urbem,
1894 2493 2052 2548 civim

466 2619 653 2669 tatem,
683 2603 922 2662 iloaium,
964 2610 1153 2650 omnes
1184 2593 1410 2646 omnino
1441 2606 1529 2644 res
1565 2587 1716 2644 brevi
1750 2587 2024 2650 ostendet,

465 2714 644 2769 neque
678 2692 826 2749 aliud
857 2690 1153 2762 quidquam
1190 2685 1264 2750 ei,
1290 2683 1382 2752 qui
1422 2681 1641 2736 virtutis
1699 2681 2030 2734 instrumen-

466 2790 535 2844 tis
561 2767 710 2841 vtnale
749 2783 944 2842 utitur,
971 2783 1420 2846 superest,quam
1465 2781 1525 2825 ut
1551 2769 1615 2826 ad
1666 2767 1806 2839 ignis
1837 2767 2030 2821 simili-

465 2881 709 2934 tudinem
733 2882 855 2928 urat
891 2879 946 2925 et
979 2869 1031 2922 in
1056 2866 1356 2936 perniciem
1395 2864 1595 2926 trahat,
1626 2860 1831 2930 quibus
1874 2857 2024 2911 brevi

464 2985 622 3030 antea
649 2966 925 3025 felicitatis
975 2961 1106 3032 quid
1167 2957 1346 3012 adhuc
1421 2960 1618 3008 Inerat.
1651 2952 1804 3006 Dicat
1863 2949 2029 3019 igitur

2130 1872 2205 1940 μὴ
2230 1871 2336 1922 πᾶν
2361 1867 2670 1922 τούναντίον
2711 1866 2970 1934 ἔπασχον,
2995 1865 3123 1935 ἄχρι
3167 1864 3353 1917 πυλῶν
3388 1865 3480 1918 καὶ
3511 1865 3696 1918 αὐτῶν

2128 1964 2302 2014 εἰπεῖν
2331 1959 2521 2012 οἰκιῶν
2574 1959 2672 2027 τῆς
2732 1957 2880 2024 σφῶν
2930 1954 3133 2026 ζημίας
3162 1955 3251 2010 ἀεὶ
3301 1956 3695 2026 προχωρούσης

2129 2051 2220 2103 καὶ
2253 2048 2408 2118 δίκην
2445 2047 2614 2118 πυρὸς
2647 2046 2950 2117 αὐξομένης
2978 2047 3113 2102 κάπὶ
3148 2046 3392 2116 σφετέρῳ
3419 2044 3576 2116 κακῷ
3603 2062 3698 2096 vs-

2132 2143 2375 2212 μομένης
2405 2140 2472 2192 τά
2504 2141 2710 2209 πρόσω,
2743 2138 2838 2191 καὶ
2867 2137 3084 2209 μάλισθ’
3119 2138 3248 2190 ὅταν
3279 2135 3531 2206 καλάμης
3554 2134 3702 2189 κατὰ

2129 2233 2424 2304 πρόσωπον
2466 2231 2762 2301 ίσταμένης
2817 2229 3089 2300 λαμπρῶς
3150 2229 3541 2298 ἐπιδράττηται
3597 2225 3699 2280 τοῦ

2131 2325 2301 2396 πυρὸς
2328 2325 2362 2394 ἡ
2399 2323 2558 2394 φορά.
2588 2323 2648 2376 Ei
2672 2317 2766 2376 οὖν
2786 2320 2945 2390 ἐμοῦ,
2975 2320 3128 2390 φησὶ,
3163 2323 3490 2392 κατηγορεῖι
3521 2320 3701 2374 ἐθέλοι

2127 2435 2212 2481 τις
2246 2416 2488 2478 τοιαῦτα,
2525 2413 2722 2468 πολλοῦ
2781 2413 2928 2484 μέντ’
2967 2412 3032 2467 ἂν
3070 2413 3286 2482 δεήσειε
3347 2413 3702 2482 τρισα⁸ξλίους

2131 2511 2328 2572 αὐτοὺς
2358 2510 2564 2569 καλεῖκ,
2597 2507 2692 2560 καὶ
2742 2504 2911 2558 ταῦτα
2963 2504 3277 2574 ποιμαίνειν
3303 2504 3562 2574 λαχόντας
3604 2505 3701 2558 καὶ

2133 2601 2420 2672 ῥυθμίζειν
2473 2599 2536 2652 οὐ
2583 2599 2814 2668 ῥέουσαν
2859 2596 2994 2666 ὓλην
3040 2599 3135 2650 καί
3181 2595 3547 2666 φθειρομένην
3585 2597 3696 2658 ἀεὶ,

2133 2696 2265 2748 ἀλλὰ
2302 2695 2363 2746 τὸ
2421 2694 2564 2761 μέγα
2620 2691 2802 2760 κτῆμα
2851 2691 2945 2743 καὶ
2981 2688 3311 2760 τιμιώτατον
3338 2690 3432 2742 καὶ
3463 2690 3699 2742 θανάτου

2136 2788 2330 2847 παντὸς
2371 2782 2664 2854 ἀνώτερον,
2698 2781 2797 2852 τὴν
2839 2779 3130 2851 ἀνθρώπου
3157 2780 3335 2850 ψυχὴν
3361 2779 3561 2849 δηλαδή
3591 2796 3608 2809 ·
3657 2773 3706 2846 ᾧ

2132 2879 2240 2947 γὰρ
2269 2875 2594 2944 εὐθυντῆρος
2631 2875 2723 2926 καὶ
2748 2873 2972 2934 κανόνος
3017 2871 3161 2940 ἐχειν
3199 2871 3565 2941 συμπέπτωκε
3608 2871 3700 2922 τύ-

2134 2987 2258 3031 πον,
2290 2968 2382 3021 καὶ
2429 2965 2487 3029 ὃς
2543 2964 2850 3035 ἀρχέτυπον
2900 2963 3075 3016 ἄλλων
3128 2961 3267 3017 εἶναι
3317 2963 3699 3021 πεπίστευται,

468 3064 600 3121 milii
630 3058 920 3132 quispiam,
953 3068 1082 3106 num
1125 3047 1344 3104 aliunde
1377 3047 1429 3100 in
1481 3041 1745 3115 ejusmodi
1781 3039 2026 3096 diabolo-

2133 3053 2286 3122 οὗτος
2312 3060 2359 3110 εἰ
2387 3057 2462 3126 μὴ
2487 3055 2624 3108 κατὰ
2645 3052 2880 3124 τοῦνομα
2904 3054 3258 3116 πολιτεύοιτο,
3287 3052 3415 3121 μηδὲ
3447 3051 3506 3104 τὸ
3529 3068 3702 3120 προσ·

471 3170 591 3212 rum
621 3153 755 3206 fines
777 3160 964 3215 magna
993 3142 1082 3196 illa
1115 3149 1170 3193 et
1203 3139 1328 3192 talia
1366 3151 1559 3192 eorum
1593 3135 1732 3189 facta
1763 3145 2028 3202 pervene-

469 3248 598 3302 rint.
632 3241 883 3296 Profecto
921 3251 1026 3289 non
1069 3231 1312 3294 aliunde,
1351 3229 1456 3283 nisi
1504 3227 1572 3281 ab
1612 3234 1785 3280 semet
1817 3222 1970 3292 ipsis,
1999 3237 2030 3276 e

469 3346 632 3400 domo
682 3340 737 3394 in
793 3325 1038 3394 domum,
1067 3339 1122 3382 ut
1177 3327 1396 3381 dicitur.
1424 3323 1590 3377 Multo
1639 3319 1893 3390 equidem
1949 3317 2031 3370 lu-

469 3433 692 3491 bentius
716 3423 1074 3496 cutnjustitia
1127 3428 1184 3474 ct
1229 3417 1480 3487 (equitate
1527 3414 1695 3468 solem
1751 3419 1807 3466 et
1862 3409 2031 3463 Deum

471 3527 602 3582 solis
627 3514 944 3578 Creatorem
973 3511 1250 3584 propalam
1280 3523 1496 3576 semper
1522 3519 1771 3568 venerer,
1790 3516 1953 3573 quam
1977 3509 2038 3553 ut

471 3618 542 3673 ob
569 3611 852 3670 avaritiam
899 3615 1106 3677 pestem
1145 3599 1510 3669 turpissimam
1573 3610 1696 3650 cum
1751 3591 2035 3662 iniquitate

471 3721 528 3766 et
560 3702 825 3777 iniustitia
851 3700 1015 3757 vitam
1047 3695 1339 3762 transigant
1373 3701 1428 3745 et
1476 3688 1645 3742 variis
1671 3701 1734 3742 ac
1774 3686 2039 3754 multipli-

473 3801 628 3854 cibus
660 3792 889 3850 maculis
916 3789 1244 3857 baptismum
1292 3795 1453 3852 quem
1509 3778 1704 3834 animas
1761 3777 2035 3830 lavacrum

475 3891 666 3946 dicunt
686 3879 1100 3956 polluam.Quis
1120 3876 1264 3930 enim
1295 3887 1349 3928 et
1379 3869 1656 3943 quomodo
1685 3883 1772 3922 me
1800 3867 2038 3936 baptiza-

475 3984 556 4038 bit
587 3976 853 4051 ejusmodi
904 3972 1239 4028 macularum
1296 3979 1512 4034 semper
1567 3964 1760 4033 plenus
1805 3970 1860 4016 et
1905 3960 2040 4013 mihi

477 4083 763 4141 tantopere
816 4061 1147 4134 suspectus?
1198 4059 1313 4113 Non
1379 4057 1526 4111 enim
1579 4055 1859 4109 auditores
1905 4051 2041 4121 legis

474 4165 608 4237 justi
642 4171 766 4216 sunt
785 4157 928 4228 apud
957 4156 1150 4216 Deum,
1180 4150 1278 4206 sed
1332 4153 1566 4204 factores
1598 4147 1734 4214 legis
1775 4143 2038 4215 justiltca-

481 4235 720 4314 buntur;
755 4256 810 4304 et
841 4249 894 4302 in
926 4244 1074 4299 omni
1111 4251 1268 4310 gente
1331 4241 1422 4308 qui
1490 4246 1711 4291 veretur
1755 4235 2042 4288 Dominum

480 4354 668 4416 gratus
689 4342 738 4396 ei
767 4347 887 4403 est;
931 4349 1040 4390 non
1079 4333 1223 4388 enim
1261 4343 1494 4400 persona
1513 4328 1658 4382 valet
1678 4325 1817 4396 apud
1847 4325 2041 4389 Deum,

2132 3155 2264 3221 ἧκον
2296 3149 2570 3218 ἀποδδοίη
2625 3150 2692 3216 τῇ
2748 3147 2840 3198 τοῦ
2871 3145 3094 3208 κανόνος
3145 3149 3240 3198 καί
3270 3144 3368 3208 τῆς
3401 3145 3704 3211 εὐθύτητος

2133 3246 2324 3314 ἀρετῇ,
2363 3242 2424 3313 [Γ.
2458 3240 2556 3294 261
2593 3237 2650 3306 a]
2695 3238 2832 3291 ἀλλὰ
2871 3240 3190 3307 πράγμασιν
3246 3238 3481 3298 ἀνοσίοις
3532 3239 3706 3305 ὄνομα

2135 3332 2436 3404 περιτιθείη
2468 3329 2724 3400 χρηστὸν,
2760 3327 3030 3380 δείκνυσιν
3058 3325 3299 3395 ἐναργῶς
3325 3327 3400 3396 μὴ
3436 3328 3494 3378 τὸ
3519 3329 3645 3393 χ,.ἰρ
3665 3343 3708 3376 ,ν

2135 3428 2238 3482 ὐπὸ
2271 3424 2366 3479 τοῦ
2396 3424 2704 3495 κρείττονος
2739 3417 2878 3473 εἶναι
2905 3419 3205 3489 ἀρχόμενον
3231 3419 3361 3481 δεῖν,
3389 3419 3522 3470 ἀλλὰ
3557 3421 3619 3469 τό
3643 3433 3705 3483 γε

2137 3521 2384 3589 κρεῖττον
2413 3516 2520 3568 ὐπὸ
2551 3514 2650 3568 τοῦ
2683 3514 2950 3583 χείρονος.
2999 3511 3395 3582 Σχετλιώτερον
3443 3513 3485 3561 δ’
3520 3511 3707 3578 uix-at

2138 3613 2242 3666 καὶ
2273 3610 2330 3662 οὐ
2368 3608 2512 3678 μάλα
2564 3607 2896 3674 εὐσχήμονος
2953 3601 3092 3656 εἶναι
3147 3604 3380 3673 ὀλέθρου
3427 3603 3618 3672 δήμοις
3652 3621 3708 3655 τε

2141 3707 2236 3759 καὶ
2269 3704 2465 3765 οἴκοις,
2489 3700 2716 3769 ἄρχουσί
2739 3715 2798 3752 τε
2827 3697 2892 3768 δὴ
2925 3703 3016 3750 καὶ
3051 3699 3399 3766 ἀρχομένοις,
3428 3697 3570 3758 νέοις
3615 3699 3708 3750 καί

2140 3807 2417 3867 γέρουσιν,
2451 3793 2676 3864 ἀνδράσι
2721 3809 2781 3844 τε
2811 3793 2908 3844 καὶ
2944 3791 3182 3859 γυναιξὶ,
3207 3791 3484 3854 πλουσίοις
3517 3807 3574 3842 τε
3614 3792 3710 3843 καὶ

2146 3892 2371 3958 πένησι,
2398 3888 2492 3938 καὶ
2523 3885 2658 3937 πᾶσι
2685 3883 2868 3951 σχεδον
2897 3882 3134 3948 λογικοῖς
3178 3883 3276 3934 καὶ
3305 3883 3541 3950 ἀλόγοις,
3578 3882 3709 3934 ὅταν

2141 3982 2252 4042 τοῖς
2286 3977 2521 4048 βελτίοσι
2573 3975 2933 4044 νομοθετῶσιν
2963 3975 3012 4027 οί
3071 3976 3324 4027 κάκιστοι
3346 3989 3361 4004 ⁸
3411 3974 3472 4026 οὐ
3503 3975 3614 4041 γὰρ
3650 3975 3709 4026 τὸ

2141 4070 2422 4140 διεφθορὸς
2451 4069 2559 4122 τῶν
2585 4068 2836 4137 δρώντων
2885 4067 3278 4137 κατευθυνθείη
3306 4067 3373 4122 ἄν
3401 4084 3530 4120 ποτε
3568 4070 3709 4137 προς

2145 4162 2424 4232 εὐνομίαν,
2475 4159 2589 4214 οὐδ’
2649 4158 2703 4212 εί
2727 4175 2780 4211 τι
2807 4157 2989 4226 νοσοίη
3039 4157 3136 4224 τῆς
3197 4159 3498 4223 πολιτείας,
3526 4176 3709 4226 παρα-

2149 4253 2476 4322 σκευασθείη
2514 4250 2650 4322 πρὸς
2699 4249 2796 4321 τὴν
2853 4252 2983 4320 πρὶν
3031 4249 3247 4316 εὐεξίαν
3301 4250 3708 4320 παλινδρομεῖν,

2147 4344 2282 4398 ἀλλὰ
2307 4342 2484 4414 πολλῷ
2533 4341 2843 4396 τούναντίον
2897 4341 3100 4409 γένοιτ’
3153 4342 3242 4403 ἂν,
3274 4343 3713 4412 παραπαιδαγω-

482 4436 579 4493 sed
607 4430 858 4504 quisquis
909 4423 1189 4482 invocabit
1226 4436 1424 4476 nomen
1460 4419 1675 4474 Domini
1721 4416 2017 4472 salvabitui-

2147 4433 2369 4501 γοῦντος
2407 4433 2502 4486 τοῦ
2533 4434 2862 4504 χοροστάτου
2909 4433 3008 4485 καὶ
3059 4431 3409 4495 διδασκάλου,
3452 4432 3547 4484 καὶ
3605 4451 3736 4502 χωοι,

483 4529 646 4600 526
677 4524 742 4580 Ει
768 4520 1071 4592 indignatio
1117 4525 1174 4572 et
1208 4515 1287 4569 ira
1316 4522 1374 4569 et
1420 4511 1641 4568 tristitia
1704 4509 1761 4564 in
1807 4508 2026 4564 animan

2151 4525 2326 4577 λεύειν
2359 4522 2636 4586 ποιοῦντος
2691 4523 2787 4577 τοῦ
2836 4523 3004 4576 καλοῦ
3047 4523 3271 4593 καὶτῆς
3321 4523 3582 4593 ἀληθείας
3623 4525 3714 4575 τὸν

485 4589 917 4689 διῖιξουίυειιυε
993 4611 1233 4668 hominis
1291 4608 1492 4662 malum
1561 4603 1834 4670 facientis,
1872 4603 2026 4658 Juda:

2149 4614 2366 4684 δρόμον.
2403 4613 2668 4684 Πρόξενος
2704 4614 2812 4684 γὰρ
2872 4614 3035 4676 αὐτὸς
3092 4589 3354 4685 ἄντικρυς
3384 4589 3590 4680 γίνεται
3624 4589 3742 4667 νου)

484 4713 744 4783 primum,
779 4719 835 4762 et
860 4705 1067 4770 Graeci;
1100 4701 1268 4772 gloria
1294 4714 1424 4754 vero
1448 4705 1503 4752 et
1532 4697 1700 4766 gratia
1723 4703 1780 4751 et
1805 4708 1908 4764 pax
1927 4696 2026 4748 uni

2152 4705 2264 4754 σεῖν
2285 4702 2380 4755 καὶ
2400 4701 2460 4753 τὸ
2486 4702 2749 4769 ὑγιαῖνον,
2801 4701 2898 4754 καὶ
2934 4700 2992 4766 ἐξ
3020 4703 3210 4772 οὐρίας
3240 4705 3329 4756 ἀεὶ
3357 4704 3713 4757 καταϐαίνειν

487 4805 684 4872 cuique
723 4800 927 4854 bonum
973 4793 1213 4857 facienti,
1243 4789 1432 4845 Judan
1476 4789 1710 4858 primum
1745 4796 1799 4842 et
1831 4785 2019 4844 Graeco

2151 4794 2286 4863 πρὸς
2315 4793 2378 4846 τὸ
2404 4793 2788 4865 φθειρόμενονο
2812 4795 2909 4849 καὶ
2937 4795 2965 4848 ὂ
2994 4796 3092 4865 τὴν
3137 4796 3375 4868 ἐρημίαν
3410 4795 3486 4860 ὡς
3509 4798 3713 4849 ἐπίπαν

487 4896 756 4965 ἐκτήσατο
798 4889 1086 4960 πάρεδρον,
1131 4882 1562 4954 ἀντιφωνοῦντος
1635 4883 1786 4954 αὐτῷ
1837 4886 1931 4936 τοῦ
1993 4886 2109 4954 βίου
2149 4889 2262 4952 τοῖς
2308 4888 2489 4958 λόγοις
2535 4883 2695 4960 καὶῇ
2751 4889 3008 4942 τέτακται
3058 4891 3358 4960 διοικήσει*
3389 4889 3579 4961 ῶσπερ
3607 4897 3712 4960 γὰρ

487 4983 802 5052 δικαιοσύνη
822 4979 1104 5040 κοινωνίας
1137 4978 1440 5046 ποιητικὸν,
1474 4976 1646 5038 οὐτως
1680 4975 2043 5046 ἀκοινώνητον
2081 4979 2264 5033 ἀδικία
2330 4983 2427 5034 καὶ
2494 4981 2738 5034 σύνοικον
2789 4982 3015 5054 ἐρημίᾳ,
3061 4980 3299 5052 θηριώδη
3341 4983 3572 5036 ποιοῦσα
3626 4984 3712 5034 τὸν

491 5079 603 5150 βίον
629 5077 722 5131 καὶ
753 5073 1097 5128 παντάπασιν
1153 5071 1365 5138 ἄγριον.
1406 5067 1516 5138 Τὴν
1551 5069 1660 5139 γάρ
1710 5083 1795 5121 τοι
1863 5070 2016 5123 πόλιν
2055 5073 2113 5140 ἐξ
2152 5074 2339 5127 οἰκιῶν
2375 5075 2738 5146 συγκειμένην
2787 5079 3108 5144 κοινωνικῆς
3165 5075 3419 5140 εὐταξίας
3464 5077 3710 5147 θεμέλιον

489 5166 631 5223 εἶναι
683 5165 897 5232 ἀνάγκη
932 5163 1026 5216 καί⁵
1079 5161 1258 5229 νόμων
1291 5160 1516 5214 δικαίων
1569 5161 2042 5231 ἐμπεφραγμένην
2079 5163 2329 5234 δεσμοῖς⁶
2384 5160 2429 5235 ᾧ
2497 5169 2628 5235 γοῦν
2669 5169 2846 5230 οίκίας
2915 5169 2983 5222 δι’
3005 5169 3245 5238 ἀμαθίαν
3278 5170 3372 5222 τοῦ
3407 5174 3712 5242 κρείττονος

489 5259 670 5332 ἥκισθ’
701 5258 960 5328 ἁρμόττει
999 5255 1322 5324 προστασίαι
1359 5253 1649 5306 πολλοστοῦ
1710 5271 1852 5341 τινεξς
1919 5257 2116 5338 μέρους
2158 5261 2372 5326 μακρᾶς
2398 5259 2694 5326 πολιτείας,
2731 5261 2925 5314 πολλοῦ
2961 5263 3115 5332 μέντ’
3151 5263 3214 5316 ἂν
3247 5263 3459 5334 δεήσειε
3484 5266 3708 5328 δεόντως

489 5353 700 5413 πόλεως
735 5351 862 5419 ὅλης
889 5347 1212 5419 προστῆναι.
1269 5346 1356 5410 Ὠς
1381 5347 1511 5415 γοῦν
1533 5348 1642 5400 τῶν
1668 5348 1969 5418 ἀνθρώπων
2001 5343 2044 5417 ᾧ
2077 5353 2203 5420 δίκη
2265 5355 2361 5406 καὶ
2417 5355 2645 5422 εὐνομία
2678 5355 3102 5425 συντέθραπται,
3136 5358 3312 5428 τούτῳ
3337 5362 3428 5412 καὶ
3453 5361 3512 5413 τὸ
3539 5361 3708 5431 βελτί-

490 5467 600 5520 στῳ
626 5463 687 5501 τε
717 5439 856 5500 εῖναι
886 5443 981 5496 καὶ
1025 5441 1168 5496 κατὰ
1209 5441 1272 5494 τὸ
1306 5441 1580 5511 βέλτιστον
1646 5442 1834 5514 ἄρχειν
1896 5432 2270 5516 προσγίνεται,
2328 5447 2498 5509 οὕτως
2550 5441 2593 5515 ᾧ
2622 5448 2718 5520 μὴ,
2772 5448 2942 5520 τούτῳ
3007 5450 3100 5502 καὶ
3162 5451 3420 5522 χειρίστῳ
3468 5453 3706 5518 γίνεσθαι

485 5545 628 5598 κατᾶ
677 5541 739 5593 τὸ
765 5535 1055 5591 ἀντίπαλον
1088 5534 1277 5589 ἕπεται
1315 5536 1408 5588 καὶ
1468 5536 1817 5607 παγχάλεπον
1889 5539 2077 5608 ἄρχειν
2113 5543 2311 5612 ἀρχήν.
2371 5542 2614 5610 Ὄργανα
2667 5545 2776 5613 γὰρ
2852 5546 2915 5597 ἐκ
2974 5543 3190 5614 φύσεως
3251 5544 3538 5614 ἄνθρωπος
3573 5547 3705 5617 ἔχων

487 5636 624 5703 πρὸς
673 5633 884 5704 ἀρετῶν
940 5629 1204 5701 ἐργασίαν
1255 5627 1571 5695 πολυειδῶν,
1604 5633 1652 5681 εί
1683 5628 1759 5699 μὴ
1793 5629 2034 5699 βούλοιτο
2070 5632 2196 5704 δίκῃ
2263 5649 2320 5685 τε
2361 5634 2454 5686 καὶ
2484 5634 2713 5705 εὐνομίᾳ
2767 5636 3085 5690 διοικεῖσθαι
3150 5638 3244 5690 καὶ
3293 5636 3540 5706 διοικεῖν,
3573 5656 3704 5704 παγ-

487 5730 723 5800 χάλεπον
757 5727 850 5782 καὶ
879 5724 1120 5796 ἐξίτηλον
1155 5721 1310 5776 πόλιν
1335 5721 1514 5776 πᾶσαν
1538 5721 1629 5776 καὶ
1653 5720 1928 5778 πολιτείαν
1986 5723 2081 5777 καὶ
2107 5724 2283 5778 οἰκίαν
2314 5725 2407 5777 καὶ
2472 5725 2773 5798 συλλήϐδην
2807 5725 3022 5782 ἅπαντα
3063 5729 3227 5798 φάναι
3261 5730 3563 5799 πράκ-ιμχτπ
3599 5730 3700 5782 δεῖ-
