4060 6204
484 277 580 338 471

478 486 605 547 Quae
642 487 868 543 erimina
914 506 1037 547 cum
1080 495 1390 563 Philotheo,
1435 502 1526 571 qui
1585 517 1706 573 post
1759 486 2044 568 Callistum

474 574 758 641 expulsum
791 581 1240 664 patriarclta'erat
1264 588 1622 656 referrentur,
1659 596 1774 664 ipse
1797 601 1890 668 qui
1920 602 2048 658 ade-

479 673 582 731 rat,
609 667 849 733 Alanias,
869 672 972 728 fide
989 673 1244 744 dignisex
1275 679 1465 735 Alauia
1494 685 1714 742 arbitris
1747 693 2042 760 arcessitis,

477 769 569 828 per
595 757 851 828 suffragia
873 761 984 817 diei
1013 769 1451 836 prorogationeiu
1483 783 1674 830 nactus
1695 787 1801 834 est.
1831 779 2043 837 Interea

472 857 675 910 autem,
711 851 879 907 dilato
902 853 989 910 die
1010 857 1232 925 judicii,
1271 863 1458 918 subito
1482 865 1801 936 Byzantium
1830 871 2041 942 ingres-

470 955 564 993 sus
596 939 831 996 Joannes
867 944 1204 1018 Palasologus
1243 963 1530 1020 paternum
1559 957 1847 1028 imperium
1881 978 2038 1017 recu-

472 1033 704 1096 peravit,
766 1045 880 1089 uta
915 1039 1079 1094 nobis
1125 1057 1288 1112 supra
1340 1048 1526 1103 multis
1559 1062 1837 1106 narratum
1876 1054 2034 1126 533

465 1131 564 1175 est.
605 1124 752 1179 Illius
782 1142 912 1182 vero
943 1145 1129 1186 comes
1163 1145 1305 1201 erat,
1336 1137 1592 1193 Callistus
1621 1155 1650 1194 a
1685 1124 2034 1203 Philotbcoe

467 1215 828 1275 patriarchatu
855 1227 909 1272 et
930 1224 1236 1279 sacerdotio
1263 1230 1545 1297 expulsus,
1577 1233 1669 1301 qui
1711 1251 1936 1293 suorum
1972 1250 2034 1295 ut

461 1321 672 1372 mquum
713 1309 885 1364 visum
937 1313 1156 1377 vindex,
1196 1317 1539 1374 Philotheum
1577 1339 1799 1381 munere
1843 1345 2035 1386 rursus

461 1396 638 1456 tuccit.
698 1408 752 1450 et
801 1399 852 1452 in
903 1403 1336 1469 patriarchatutu
1395 1414 1682 1469 successit.
1745 1417 2031 1484 Quomodo

459 1495 636 1538 ςιςιιαιη
670 1487 782 1542 lucc
808 1491 950 1547 inter
982 1496 1104 1550 illos
1139 1510 1259 1552 aeta
1301 1503 1433 1566 sint,
1469 1516 1522 1560 et
1555 1524 1676 1578 quae
1729 1512 1834 1567 alia
1863 1515 2026 1570 simul

458 1573 777 1642 acciderint,
805 1580 916 1649 jam
941 1586 1076 1640 satis
1105 1603 1135 1640 a
1171 1590 1328 1646 nobis
1358 1598 1668 1663 expositum
1697 1611 1800 1668 est,
1836 1615 1892 1658 et
1933 1622 2030 1660 ex-

459 1675 693 1744 p-iuetur
726 1668 834 1736 jam
870 1673 1120 1740 pluribus
1171 1681 1316 1747 aliis,
1352 1686 1443 1740 tibi
1483 1689 1764 1745 historiam
1807 1695 1898 1752 lou

457 1844 875 1922 patriarcltatuiu
910 1851 1482 1917 habuerathlistnm
1519 1881 1578 1920 se
1622 1844 1898 1936 contulit,
1935 1889 2023 1928 ro-

453 1949 584 1999 gans
632 1945 690 1990 ut
727 1939 1020 1997 criminum
1065 1946 1165 2000 sibi
1214 1951 1317 2003 sub
1350 1953 1641 2010 Philotlteo
1676 1959 2017 2030 objectoruut

452 2025 780 2086 oblivionem
813 2032 1036 2100 faceret,
1069 2047 1122 2092 et
1146 2044 1400 2108 promisit
1432 2046 1608 2117 largas
1633 2065 1698 2115 se,
1723 2055 2018 2108 missurum

454 2121 731 2185 pecunias,
777 2123 820 2174 si
849 2124 1053 2180 Alauim
1084 2127 1136 2182 in
1173 2130 1361 2186 sedem
1397 2151 1550 2190 suam
1604 2140 2013 2198 restitueretur.

448 2207 657 2270 Quibus
682 2226 986 2272 commotus
1024 2219 1300 2287 Callistus,
1335 2240 1458 2278 cum
1491 2230 1853 2287 certissimam
1885 2250 2016 2304 pro-

451 2300 740 2354 missorum
767 2319 916 2372 spem
965 2308 1068 2362 sibi
1122 2310 1363 2378 fecisset,
1413 2332 1575 2385 quam
1633 2322 1920 2380 celerrime
1964 2327 2015 2380 id

447 2391 651 2456 etfecit,
693 2404 746 2447 et
774 2407 960 2464 gratus
984 2401 1103 2471 ejus
1136 2401 1314 2461 factus
1345 2418 1430 2461 est
1472 2411 1674 2480 collega
1711 2415 1931 2470 Alauias
1959 2419 2012 2472 in

447 2482 772 2550 sacriﬁciis,
826 2485 1014 2556 festis,
1065 2493 1298 2550 cmtibus
1349 2498 1606 2566 publicis.
1648 2513 1703 2556 et
1739 2507 1921 2562 socius
1959 2508 2012 2562 in

442 2574 664 2643 judiciis
709 2580 954 2646 quotidie
983 2586 1331 2642 exercendis.
1386 2589 1490 2646 Sed
1529 2608 1652 2647 cum
1691 2596 1782 2651 ille
1809 2598 2010 2666 abiret,

448 2666 714 2730 promissa
746 2683 873 2722 vero
903 2673 1160 2730 continua
1190 2676 1471 2734 oblivione
1517 2683 1768 2753 neglecta
1803 2699 2008 2754 essent,

447 2755 610 2823 iique
641 2761 974 2830 percepisset
1012 2766 1106 2835 qui
1147 2781 1274 2822 eum
1315 2781 1478 2826 antea
1522 2790 1878 2832 accusaverat
1915 2795 2008 2835 uo.

446 2844 590 2926 υιίςιο
614 2846 905 2915 Callistus,
942 2851 988 2906 is
1025 2855 1176 2912 omni
1211 2856 1566 2918 festinatione
1599 2873 1652 2917 et
1686 2865 1865 2934 plenis
1893 2883 2009 2922 ma-

444 2920 602 2988 uihus
651 2936 717 2990 ad
764 2937 1046 2997 Callistum
1094 2960 1329 3013 quocum
1384 2955 1604 3006 nomine
1651 2967 1706 3010 et
1759 2957 2008 3013 moribus

438 3027 766 3096 conjunctus
819 3041 938 3086 erat
985 3040 1304 3104 properavit
1348 3049 1404 3096 et
1447 3044 1636 3098 eadem
1671 3063 1794 3116 qua:
1846 3061 2004 3105 antea

437 3117 582 3184 apud
615 3117 982 3186 Pliilotheum,
1020 3139 1166 3178 nunc
1191 3129 1331 3196 apud
1366 3130 1518 3185 illum
1545 3136 1771 3191 crimina
1800 3141 1855 3193 in
1879 3140 2002 3196 Ala-

439 3212 581 3261 uiaut
619 3212 875 3279 protulit,
900 3213 1171 3286 simulque
1201 3220 1524 3279 utAlaniam
1557 3229 1686 3283 sede
1737 3246 1837 3287 sua
1891 3249 2005 3288 mo-

437 3307 585 3358 vt-ret
613 3308 668 3351 ct
701 3300 807 3355 sibi
845 3317 966 3358 eam
997 3307 1328 3366 concederet
1361 3316 1596 3382 rogavit.
1630 3315 1795 3390 535l
1838 3319 2003 3376 Calli-

436 3398 556 3442 stus
605 3389 770 3460 igitur
799 3394 960 3452 donis
999 3401 1300 3469 perductus
1321 3443 1336 3470 ,
1368 3405 1522 3462 illum
1548 3408 1692 3478 juris
1722 3389 1778 3466 et
1802 3414 1999 3483 judicii

435 3494 533 3546 per
565 3479 754 3551 fugam
783 3485 1194 3548 detrectationis
1224 3497 1402 3564 arguit
1431 3507 1485 3552 et
1516 3500 1736 3556 nomine
1769 3479 1872 3558 sibi
1909 3521 2000 3560 co-

432 3583 654 3641 gnatum
702 3575 986 3634 Callistum
1044 3597 1424 3645 successorem
1481 3589 1788 3664 designavit
1835 3605 1890 3658 et
1943 3597 1997 3652 in

433 3665 718 3732 Symconis
766 3669 1022 3726 thronum
1073 3674 1246 3730 misit.
1299 3679 1488 3750 Itaque
1542 3684 1632 3738 ille
1689 3683 1998 3743 fortunatus

429 3755 681 3812 celeriter
747 3759 810 3820 in,
861 3760 1108 3818 Alaniant
1158 3781 1412 3828 reversus
1461 3782 1546 3827 est
1597 3786 1652 3828 et
1692 3778 1810 3832 sine
1846 3795 2002 3834 mora.

427 3847 793 3918 episcopalem
841 3854 1157 3909 cathedram
1188 3857 1475 3928 ingressus
1511 3864 1836 3936 Symeonem
1870 3888 1993 3927 cum

429 3937 652 3993 infamia
674 3957 736 3995 ea
773 3943 954 4013 ejecit.
989 3945 1037 4001 ls
1058 3961 1187 4002 vero
1220 3950 1537 4020 Byzantium
1567 3958 1750 4011 statim
1778 3974 1837 4014 se
1859 3975 1994 4016 con-

427 4029 549 4084 tulit
583 4041 639 4085 ct
672 4048 863 4087 ouiues
891 4035 1191 4106 implorans
1221 4041 1361 4099 adiit
1392 4044 1681 4115 episcopos
1727 4057 1783 4102 et
1811 4052 1994 4108 senio.-

425 4132 513 4172 res
561 4129 618 4173 et
672 4120 929 4190 injustam
982 4128 1068 4182 sui
1104 4131 1614 4190 condemnationem
1664 4137 1988 4210 divulgavit.

423 4209 601 4262 ltitiam
653 4213 952 4269 manifesta:
1003 4229 1319 4275 sanctorum
1379 4239 1650 4283 canonum
1704 4240 1763 4283 et
1810 4231 1998 4302 legunt

421 4299 720 4355 eversionis
750 4301 1042 4359 Callistum
1062 4311 1328 4380 coarguit.
1363 4310 1517 4389 Quod
1548 4331 1674 4381 cum
1705 4316 1789 4379 ita,
1809 4299 1986 4389 palam

421 4387 698 4458 vulgatum
727 4400 894 4457 esset,
922 4394 1138 4466 injuria;
1164 4409 1220 4453 et
1267 4385 1530 4470 improbae
1567 4413 1624 4461 et
1653 4385 1988 4467 detestandae

421 4479 500 4533 rei
535 4483 680 4548 tanta
708 4483 874 4542 etiam
903 4484 972 4540 ad
1010 4503 1186 4558 regem
1225 4495 1502 4560 pervenit,
1553 4497 1647 4569 qui
1691 4499 1807 4570 ipse
1841 4518 1988 4563 nunc

419 4568 658 4640 linguam
685 4587 839 4628 suam
871 4576 1106 4647 amplius
1144 4596 1252 4646 nou
1286 4585 1484 4654 tenuit,
1517 4568 1614 4644 sed
1633 4590 1712 4646 rei
1750 4595 1988 4648 temeri-

419 4675 529 4720 tate
559 4682 698 4735 pene
724 4671 1142 4743 obstupefactus
1191 4678 1306 4734 haec
1336 4697 1401 4737 ex
1435 4685 1622 4739 animo
1661 4689 1987 4755 patriarchae

417 4758 670 4827 scripsit:
731 4761 818 4817 «Si
869 4779 1000 4819 vera
1049 4779 1205 4830 erant
1239 4786 1360 4840 quae
1408 4785 1565 4830 antea
1604 4777 1985 4834 referebantur

416 4848 668 4915 crimina,
698 4864 798 4905 cur
829 4867 952 4908 cum
985 4857 1232 4913 audisses
1255 4876 1362 4916 non
1409 4866 1664 4934 repulis1i
1695 4882 1850 4934 eum,
1884 4873 1982 4927 sed

416 4937 678 5007 σ-υιιιειιιη
716 4950 871 5004 tuum
925 4943 1148 5000 fecisti?
1201 4948 1258 5007 Si
1309 4965 1438 5006 vero
1492 4954 1648 5019 falsa,
1711 4973 1813 5012 cur
1872 4968 1982 5017 tant

415 5043 642 5100 propera
679 5035 1004 5103 expulsione
1035 5041 1359 5099 removisti?
1399 5054 1476 5110 et,
1503 5049 1647 5115 quod
1683 5050 1984 5120 injustissi-

413 5134 562 5176 mum
593 5131 697 5186 est,
743 5140 918 5194 neque
945 5127 1055 5182 ullo
1082 5130 1241 5186 modo
1275 5137 1524 5190 excusari
1555 5148 1756 5209 potest,
1803 5143 1980 5213 ipsum

416 5211 736 5272 absentem?
789 5215 932 5286 Quin
979 5218 1144 5275 etiam
1186 5222 1231 5276 si
1277 5224 1479 5285 licebat
1508 5244 1635 5286 eum
1683 5211 1979 5302 expellere,

416 5309 596 5359 tamen
637 5302 790 5359 nefas
831 5318 1212 5373 accusatonem
1245 5311 1300 5365 in
1333 5315 1454 5385 ejus
1480 5317 1664 5383 locum
1689 5335 1980 5381 successo-

413 5406 528 5455 rem
579 5407 786 5450 creare.
847 5397 1196 5456 Manifestum
1243 5417 1397 5475 ergo,
1452 5408 1606 5464 illum
1652 5411 1980 5484 episcopalis

410 5482 691 5554 dignitatis
715 5488 998 5557 cupidum,
1023 5505 1090 5556 ex,
1120 5493 1326 5555 invidia
1357 5497 1701 5556 fraudulenta
1741 5482 1892 5561 dolos
1924 5508 1978 5563 iit

408 5592 534 5630 cum
568 5581 940 5636 counnolitum
987 5597 1128 5638 esse.
1191 5585 1270 5640 Tu
1309 5604 1439 5645 vero
1491 5592 1606 5662 ipse
1635 5594 1792 5666 535
1825 5602 1980 5668 cupi-

411 5667 511 5733 dus
550 5669 696 5730 illius
742 5675 1141 5752 pecuniarum,
1197 5678 1610 5754 inju‘stissituam
1661 5698 1715 5742 ct
1748 5667 1978 5748 maxime

1661 301 2074 366 NiCEPHOBl
2121 311 2504 381 GREGOR£

481 392 612 446 "iris
632 394 869 463 ίιιάίίόιιῑς
892 401 1070 468 pretio
1098 405 1357 462 venderet
1376 409 1578 465 donum
1601 420 1774 470 sancti
1795 421 2007 488 Spiritu:

481 486 605 525 llum,
642 487 868 525 priminq
914 506 1036 525 num
1082 495 1368 525 [ὶιιειιυιυ.Α
1439 502 1526 525 ...ηε
1585 517 1700 525 -η,
1762 508 1799 525 η
1839 512 1893 525 η.
1937 523 1944 525 .

2108 429 2130 484 ι
2159 435 2349 487 τονιῶν
2381 437 2661 509 ἀθέσμων,
2689 444 2747 496 τὸ
2787 447 2880 514 τῆς
2924 449 3224 522 ἱερωσύνης
3281 455 3603 525 καπηλεύων
3633 477 3720 512 σεο

3616 343 3724 407 472

2156 523 2287 590 μνὸν
2334 530 2428 581 καὶ
2493 533 2770 600 προτιθεὶς
2827 537 3075 610 βεϐήλοις
3125 542 3284 596 ὢνιον
3345 523 3568 616 ἀνδράσι
3618 551 3719 618 τὴν

2152 616 2310 685 χάριν
2344 621 2436 673 τοῦ
2471 624 2807 693 Πνεύματος.
2833 630 2954 682 Τῶν
2975 631 3040 698 δὴ
3064 633 3322 687 τοιούτων
3347 616 3715 707 ἐγκλημάτων

2150 710 2241 763 ἐπὶ
2277 713 2530 769 Φιλοθέου
2573 717 2667 771 τοῦ
2717 722 2852 789 μετά
2910 723 3008 795 τὴν
3056 727 3360 780 Καλλίστου
3392 732 3719 801 καθαίρεσιν

2151 806 2694 874 πατριαρχεύσαντος
2710 809 3071 880 λαληθέντων,
3091 817 3213 869 ἐπεὶ
3238 819 3420 886 παρῆν
3442 821 3534 872 καὶ
3552 821 3720 877 Ἀλαο

2149 892 2268 956 νίας
2299 894 2482 962 αὖτις,
2511 898 2570 950 τὸ
2602 898 2920 963 ἀξιόπιστον
2950 904 3172 973 ἔχοντας
3204 907 3261 971 ἐξ
3300 908 3549 972 Ἀλανίας
3577 913 3716 983 μάρ-

2143 998 2316 1054 τυρας
2350 987 2812 1059 προκαλούμενος,
2847 993 3144 1064 ὑπέρθεσιν
3183 998 3497 1070 καιρικηνή
3531 1000 3713 1071 ψῆφος

2139 1069 2429 1141 λαμϐάνει.
2456 1075 2747 1148 Μετεὼρου
2793 1081 2973 1134 τοίνυν
2998 1083 3096 1152 τῆς
3116 1084 3272 1155 δίκης
3300 1069 3494 1156 οὖσης,
3513 1069 3712 1157 ἐξαίφ-

2140 1181 2236 1233 νης
2288 1165 2484 1231 ἔξωθεν
2519 1171 2600 1230 είς
2649 1171 2711 1225 τὸ
2741 1172 3032 1238 Βυζάντιον
3067 1177 3487 1247 είσπεπηδηκὼς
3527 1181 3711 1234 Ἰωάνα

2139 1271 2234 1323 νης
2262 1257 2289 1308 6
2321 1258 2678 1328 Παλαιολόγος
2704 1263 2804 1333 τὴν
2832 1264 3094 1335 πατρῴαν
3118 1267 3376 1336 ἀνείληφε
3404 1269 3704 1336 βασιλείαν,

2136 1347 2483 1419 ἐκϐεϐληκὼς
2516 1353 2992 1426 Καντακουζηνὸν,
3045 1359 3121 1422 ῶς
3173 1377 3277 1412 που
3312 1363 3406 1412 καὶ
3439 1362 3706 1431 πρότερον

2133 1439 2267 1508 ἡμῖν
2293 1444 2578 1514 εἰρημένον
2624 1449 2704 1511 είς
2731 1450 2905 1518 μῆκός
2953 1453 3106 1506 ἐστι’
3139 1454 3234 1506 καί
3266 1457 3316 1508 oi
3348 1456 3704 1523 ἐπηκολούθει

2133 1535 2161 1586 6
2201 1536 2333 1604 προς
2369 1537 2619 1592 Φιλοθέου
2681 1542 3031 1614 καθαιρεθεὶς
3088 1545 3188 1612 τῆς
3227 1563 3284 1597 τε
3335 1548 3703 1616 πατριαρχίας

2133 1626 2227 1677 καὶ
2250 1627 2347 1695 τῆς
2381 1629 2677 1700 ἱερωσύνης
2703 1633 3026 1699 Κάλλιστος,
3055 1636 3114 1699 ὃς
3144 1637 3237 1690 καὶ
3264 1638 3424 1700 αὐτὸς
3447 1639 3702 1706 καθάπερ

1904 1699 2028 1796 gius
2058 1780 2095 1796 ἢ
2131 1715 2194 1768 ἐκ
2222 1718 2575 1786 παρατάξεως
2700 1723 2806 1776 264
2837 1722 2892 1795 a]
2929 1725 3267 1796 ἀμυνόμενος
3296 1699 3458 1781 αὐτόν
3483 1746 3539 1782 τε
3566 1699 3700 1782 καθζ

458 1753 895 1816 maduerimus.
945 1762 1129 1833 Itaque
1177 1769 1411 1838 Symeon
1456 1775 1522 1828 ad
1575 1777 1720 1833 hunc
1764 1782 1858 1850 qui
1892 1784 2020 1838 olim
2056 1780 2096 1832 Β

2124 1811 2274 1878 αιρεί
2294 1811 2390 1876 τῆς
2415 1811 2714 1882 ἱερωσύνης
2747 1813 2998 1868 Φιλόθεον
3023 1818 3118 1870 καὶ
3147 1818 3254 1869 τῶν
3283 1821 3700 1890 πατριαρχικῶν

2123 1897 2238 1952 ἀντ’
2270 1901 2479 1954 ἐκείνου
2533 1901 2854 1958 καθίσταται
2886 1905 3091 1974 θρόνων
3136 1909 3402 1978 διάδοχος.
3454 1911 3624 1972 Οπως
3655 1912 3698 1963 δ’

2124 1992 2304 2054 αὐτοῖς
2332 1995 2675 2061 ἐσχεδίασται
2702 1997 2768 2048 τά
2789 1996 3034 2061 τοιαῦτα,
3062 1999 3156 2050 καὶ
3180 1993 3268 2051 οἷα
3291 2001 3698 2068 συμπέπτωκεν

2122 2075 2284 2148 ἕτερα
2315 2079 2539 2146 μεταξὺ,
2575 2080 2792 2152 είρηταί
2827 2098 2885 2134 τε
2923 2084 3159 2154 μετρίως
3193 2087 3323 2164 ἡμῖν
3351 2089 3445 2138 καὶ
3474 2087 3700 2155 εἰρήσε-

2121 2183 2209 2216 ται
2258 2167 2499 2223 πλείοσιν
2553 2168 2736 2232 ἄλλοις
2800 2169 2899 2240 τὴν
2941 2172 3185 2241 ἱστορίαν
3237 2176 3366 2237 ῐσως
3398 2177 3477 2236 είς
3515 2175 3696 2243 μῆκος

2123 2257 2322 2324 μᾶλλον
2370 2261 2723 2314 ἐκτετακόσιν
2769 2263 2923 2331 ἡμῶν
2985 2265 3256 2318 ἐνταυθοῖ.
3322 2267 3430 2318 Καὶ
3483 2267 3589 2335 μὲν
3632 2268 3695 2336 δὴ

2119 2349 2402 2418 πρόσεισιν
2429 2352 2682 2417 Ἀλανίας
2710 2355 2787 2421 τῷ
2811 2355 2974 2408 πάλιν
2995 2357 3494 2425 πατριαρχεύσαντι
3514 2359 3696 2426 τούτῳ

2119 2440 2422 2511 Καλλίστῳ,
2459 2442 2630 2512 λήθην
2675 2461 2735 2496 τε
2766 2445 2935 2510 ἀξιῶν
2966 2447 3217 2514 γενέσθαι
3248 2447 3356 2498 τῶν
3415 2449 3692 2519 πρότριτα

2116 2529 2208 2582 ἐπὶ
2229 2530 2479 2584 Φιλοθέου
2501 2532 2918 2602 ἐγκεκλημένων
2942 2535 3110 2600 αὐτῷ,
3141 2538 3234 2588 καί
3265 2535 3413 2606 δῶρα
3445 2538 3691 2607 πέμψειν

2116 2619 2544 2692 ὑπισχνούμενος
2594 2623 2923 2695 ἀποχρῶντα
2957 2624 3370 2695 ἐπιδεδημηκὼς
3427 2630 3482 2688 ἐς
3527 2628 3688 2680 Ἀλα-

2113 2709 2254 2762 νῐαν.
2301 2709 2392 2780 Τῷ
2435 2708 2530 2765 οὖν
2557 2713 2846 2784 Καλλίστῳ
2888 2712 3064 2783 ἐχοντι
3092 2714 3162 2767 τά
3209 2717 3602 2786 ἐπηγγελμένα
3631 2721 3687 2770 ἐν

2112 2799 2325 2854 ἐλπίσιν
2379 2802 2482 2872 ἤδη
2537 2804 2985 2873 ἀναμφιλέκτοις,
3027 2806 3258 2876 τάχιστα
3287 2809 3614 2877 ἐπεραίνετό
3637 2809 3684 2861 oi

2113 2891 2198 2960 ἐφ’
2223 2889 2304 2954 οἷς
2328 2892 2608 2964 ἐμισθώθη
2629 2911 2643 2926 ο
2675 2895 2768 2948 καὶ
2796 2891 2862 2965 ἦν
2908 2896 3057 2966 αύτῷ
3097 2898 3512 2966 συλλειτουργὺς
3545 2901 3682 2968 ἡδὺς

2123 2983 2372 3046 Ἀλανίας
2397 2984 2455 3036 ἐν
2475 2985 2690 3055 ἑορταῖς
2708 3003 2768 3038 τε
2789 2987 2885 3039 καὶ
2909 2986 3284 3058 πανηγύρεσιν
3310 2993 3399 3040 καὶ
3424 2990 3682 3058 σύνεδρος

2032 3099 2075 3156 c
2109 3073 2168 3127 ἐν
2199 3077 2311 3139 τοῖς
2369 3075 2493 3128 καθ’
2540 3077 2753 3149 ἡμέραν
2804 3079 3173 3149 ψηφίσμασιν.
3238 3081 3390 3134 Ἐπεὶ
3434 3083 3479 3134 δ’
3515 3084 3543 3134 6
3583 3085 3681 3150 μὲν

2110 3167 2295 3237 ἀπῄει,
2329 3169 2396 3221 τὰ
2439 3168 2483 3220 δ’
2529 3169 2916 3238 ἐπηγγελμένα
2945 3171 3113 3240 λήθης
3166 3170 3346 3240 βυθοίς
3391 3176 3681 3241 παρεπέμ-

2109 3274 2263 3325 πετο,
2301 3259 2622 3328 αἰσθόμενος
2649 3263 2678 3314 6
2718 3263 2848 3332 πρὶν
2882 3264 3086 3326 ἐκεῖνος
3116 3267 3442 3336 κατήγορος,
3473 3265 3682 3317 Κάλλι-

2111 3365 2232 3412 στος
2260 3349 2450 3420 ὅνομα,
2480 3353 2708 3420 ἀφίκετο
2739 3354 2890 3426 πάσῃ
2922 3357 3123 3427 σπουδῇ
3155 3358 3464 3427 βριοούσαις
3502 3359 3677 3412 παλάο

2108 3456 2238 3505 μαις
2271 3440 2477 3518 ἐκεῖθεν
2535 3445 2686 3513 παρά
2738 3446 2830 3498 τὸν
2893 3445 3180 3516 ὁμώνυμον
3231 3450 3323 3500 καὶ
3367 3449 3678 3518 ὸμὸτροπον

2107 3514 2424 3598 Κάλλιστον,
2451 3532 2516 3596 ἀς
2541 3535 2853 3603 ἐκεκομίκει
2884 3514 3146 3606 πρότερον
3175 3514 3432 3609 Φιλοθέιρ,
3461 3514 3553 3592 κᾲι
3578 3541 3676 3594 νῦν

2105 3621 2344 3690 κομίξων
2377 3624 2708 3696 κατηγορίας
2756 3628 2897 3680 κιτά
2952 3628 3046 3681 τοῦ
3111 3628 3381 3694 ’Δλανίας,
3433 3632 3526 3683 καὶ
3555 3631 3675 3700 ἅμα

2102 3715 2201 3783 τήν
2238 3732 2298 3768 τε
2351 3714 2560 3770 ἐκείνου
2595 3717 2774 3787 ζητῶν
2806 3719 3130 3790 καθαίρεσιν
3168 3724 3262 3774 καὶ
3293 3723 3393 3791 τὴν
3431 3721 3524 3776 τοῦ
3549 3722 3676 3792 θρό-

2103 3821 2193 3857 νου
2247 3806 2568 3878 μετάληψιν.
2633 3809 2710 3878 Τῇ
2739 3804 2831 3862 οὖν
2890 3811 3136 3882 παρολκῇ
3189 3813 3297 3865 τῶν
3359 3814 3671 3882 λημμάτων

2101 3898 2500 3966 παρελκυσθεὶς
2551 3903 2578 3954 6
2630 3900 2929 3965 Κάλλιστος
2979 3903 3294 3970 φυγοδικίας
3347 3921 3406 3956 τε
3461 3908 3670 3958 ἐκεῖνον

2098 3983 2307 4038 ἀπόντα
2362 3986 2734 4049 καταδικάζει,
2788 3988 2998 4041 καὶτὸν
3051 3989 3344 4058 ὁμώνυμον
3369 3990 3672 4045 Κάλλιστον

2097 4071 2178 4132 είς
2199 4070 2290 4124 τὸν
2328 4071 2420 4126 τοῦ
2449 4073 2673 4143 Συμεὼν
2699 4073 2889 4144 θρόνον
2945 4075 3222 4145 ἐκπέμπει
3254 4079 3668 4147 χειροτονήσας.

2098 4159 2252 4219 Οὕτω
2280 4177 2343 4230 γε
2376 4163 2481 4233 μὴν
2539 4164 2740 4233 εὐτυχῆ
2780 4165 2874 4218 καὶ
2906 4170 3127 4236 ταχεῖαν
3176 4169 3204 4219 ὁ
3229 4167 3484 4250 δεύτερος
3510 4165 3667 4230 οὗτος

2095 4251 2195 4324 τὴν
2233 4253 2291 4316 ἐς
2352 4254 2603 4308 Ἀλανίαν
2641 4256 2897 4309 ἐπάνοδον
2929 4258 3318 4326 ποιησάμενος,
3370 4261 3468 4312 καὶ
3489 4259 3666 4323 οὕτως

2095 4343 2255 4397 ὢνιον
2291 4345 2354 4398 ἐκ
2377 4343 2470 4398 τοῦ
2503 4347 2698 4417 ῥᾴστου
2729 4347 2826 4418 τὴν
2860 4347 2955 4400 τοῦ
2987 4348 3254 4418 προτέρου
3276 4349 3667 4417 διαδεξάμενος

2022 4425 2483 4507 υάρχιερατικὴν
2536 4437 2826 4507 καθέδραν,
2880 4439 3090 4503 ἀτίμως
3143 4441 3355 4493 ἐκεῖθεν
3385 4442 3666 4510 ἐκπέμπει

2088 4524 2177 4577 τὸν
2226 4524 2470 4592 Συμεών.
2538 4526 2650 4578 Καὶ
2679 4525 2736 4588 ὃς
2793 4529 2850 4588 ἐς
2894 4528 3189 4591 Βυζάντιον
3245 4529 3662 4600 ἐπιδεδημηκὼς

2087 4614 2305 4685 περιῄει
2349 4616 2557 4679 πάντας
2585 4616 2954 4687 ἐπιϐοώμενος
3005 4620 3338 4677 ἐπισκόπους
3366 4622 3459 4674 καὶ
3492 4639 3664 4690 πρεσ-

2087 4705 2370 4775 ϐυτέρους,
2397 4704 2494 4778 τὴν
2513 4707 2697 4760 ἀδικον
2725 4708 2920 4761 ἑαυτοῦ
2950 4711 3246 4780 καταδίκην
3272 4713 3658 4782 ἐκτραγῳδῶν,

2086 4793 2182 4844 καὶ
2211 4791 2309 4862 τὴν
2331 4795 2583 4861 προφανῆ
2621 4793 2730 4846 τῶν
2760 4794 2919 4864 ἱερῶν
2949 4795 3189 4856 κανόνων
3229 4797 3324 4851 καὶ
3355 4799 3536 4866 νόμων
3562 4816 3658 4854 κα-

2085 4882 2308 4936 τάλυσιν
2358 4883 2602 4953 ἐγκαλῶν
2655 4884 2732 4954 τῷ
2761 4885 3067 4956 Καλλίστῳ.
3117 4886 3276 4941 Οὕτω
3306 4888 3348 4941 δ’
3382 4889 3656 4943 ἐκπύστου

2086 4974 2372 5040 γεγονότος
2399 4975 2492 5028 τοῦ
2525 4977 2842 5044 παρανόμου
2897 4977 2988 5028 καὶ
3018 4980 3235 5047 ἀνιέρου
3292 4984 3384 5035 καὶ
3411 4982 3654 5051 μυσαροῦ

2085 5065 2431 5133 πράγματος.
2461 5065 2581 5118 οὐδὲ
2614 5065 2689 5134 τῷ
2722 5066 2926 5134 βασιλεί
2955 5067 3253 5138 τετύχηκεν
3285 5069 3504 5140 ἀνηκόῳ
3530 5071 3656 5122 τού-

2084 5171 2175 5206 του
2208 5155 2461 5222 γενέσθαι
2493 5157 2600 5210 οὐδ’
2623 5156 2889 5227 ἀφθόγγῳ
2918 5158 3093 5227 πάντη
3131 5161 3317 5227 μεῖναι
3350 5161 3448 5228 τὴν
3486 5161 3653 5229 γλῶτρ

2083 5263 2202 5310 ταν,
2275 5246 2389 5300 ἀλλ’
2448 5248 2504 5300 ἐν
2561 5247 2800 5316 θαύματι
2830 5251 2891 5302 τὸ
2919 5251 3175 5319 τόλμημα
3229 5251 3651 5321 πεποίηταικαὶ

2085 5335 2265 5397 αὑτός.
2301 5337 2410 5391 Καὶ
2432 5337 2883 5406 ἀναλογιζόμενος
2915 5338 3067 5407 ἐλεγε
3106 5340 3239 5410 πρὸς
3269 5340 3360 5392 τὸν
3390 5343 3653 5411 πατριάρ-

2083 5442 2205 5496 χην,
2238 5443 2256 5476 ι
2287 5425 2350 5477 Εἰ
2387 5425 2487 5494 μὲν
2529 5425 2722 5495 ισχυρὰ
2748 5427 2814 5478 τά
2851 5428 2979 5497 πρὶν
3011 5423 3147 5500 ἦσαν
3187 5429 3532 5499 ἐγκλήματα,
3567 5430 3649 5482 διά

2081 5513 2135 5565 τί
2184 5513 2436 5582 ἀκηκοὼς
2475 5512 2575 5565 οὐκ
2629 5515 2999 5584 ἀπεκρούσω,
3055 5517 3190 5570 ἀλλὰ
3237 5518 3646 5589 συλλειτουργῖιν

2082 5604 2464 5674 ἐπεποιήκεις;
2517 5604 2566 5656 εί
2620 5605 2676 5656 δὲ
2725 5606 2799 5677 μὴ
2844 5609 3058 5678 ἰσχυρά,
3112 5608 3198 5661 διὰ
3251 5609 3304 5661 τί
3335 5611 3636 5680 καθαιρέσει

2086 5694 2390 5765 σπευδούσῃ
2441 5694 2825 5764 παρέπεμψάς,
2873 5700 2965 5750 καὶ
3000 5700 3056 5751 τό
3096 5715 3156 5765 γε
3192 5699 3633 5770 παραλογιῐιταῖόι
