4060 6204
349 347 448 402 473

1267 353 1708 416 ΙΒΥΖΛΝΤΙΝΑΞ
1755 358 2144 420 ΙΙΙΞτῚὈΙῖΙᾸί
2183 359 2332 423 Llil.
2371 366 2664 428 XXXVII.

3481 374 3586 446 474

352 467 404 503 τε
443 452 538 504 καὶ
571 450 938 518 ἀτοπώτατον,
977 455 1050 524 μὴ
1105 461 1386 526 stag-rium;
1427 461 1486 515 Εἰ
1517 463 1574 517 δὲ
1602 466 1696 518 καὶ
1725 466 1884 520 καθαι

1990 509 1996 529 ι
2027 468 2364 536 illegitimam
2397 472 2560 543 hujus
2587 477 2964 546 expulsionem
3015 481 3214 547 fecisti,
3275 493 3328 540 ct
3367 495 3424 541 ut
3455 501 3580 542 cum

349 543 460 609 ρεῑν
493 539 656 594 αὐτὸν
705 543 850 610 ἐνῆν,
885 543 1002 597 ἀλλ’
1028 547 1090 598 οὐ
1123 548 1216 598 τὸν
1264 551 1430 604 αὑτοῦ
1459 557 1767 627 κατήγορον
1795 575 1906 628 χει-

346 635 576 698 ροτονεῖν
603 633 724 685 ἀντ’
760 635 922 686 αὑτοῦ
962 639 1084 689 κατ’
1114 639 1282 694 αὑτοῦ
1309 658 1322 673 ·
1347 641 1379 712 ἢ
1405 643 1564 712 δῆλον
1594 647 1670 709 ὡς
1699 649 1906 713 ἐκεῖνος

345 723 438 786 μὲν
468 723 564 792 τῆς
589 725 962 794 ὲπισκοπικῆς
995 728 1171 800 ἀρχῆς
1204 733 1442 802 ἐραστὴς
1467 735 1708 803 γεγονὼς
1743 739 1904 807 ζηλο-

344 813 530 874 τυπίας
587 815 844 880 ἐκγόνους
896 817 1114 886 ψευδεῖς
1170 823 1474 894 συνέρραψε
1525 827 1732 895 δόλους,
1767 831 1831 882 σὺ
1858 830 1903 883 δ’

342 905 562 972 ἐραστὴς
585 906 678 956 καὶ
707 907 868 970 αὐτὸς
899 913 1178 972 καταστὰς
1222 915 1330 966 τῶν
1365 915 1576 970 ἐκείνου
1601 921 1902 990 χρημάτων

341 995 670 1066 ἅδικωτάτην
702 998 796 1050 καὶ
823 999 968 1067 μάλα
997 1002 1354 1072 ἀνομωτάτην
1381 1007 1622 1077 είργάσω
1655 1011 1754 1080 τὴν
1777 1013 1902 1065 τού-

340 1101 426 1136 του
469 1086 810 1156 καθαίρεσιν,
877 1090 971 1142 καὶ
1001 1091 1062 1144 τὸ
1113 1092 1206 1146 τοῦ
1231 1096 1410 1160 ,Δαόὶδ
1447 1099 1644 1164 εἰπεῖν,
1699 1101 1900 1156 λάκκον

339 1174 543 1264 ames;
569 1177 666 1229 καὶ
701 1177 894 1248 βόθρον
930 1179 990 1252 [ι.
1020 1183 1126 1238 act
1157 1183 1210 1256 ι]
1239 1186 1572 1256 ἀνέσκαψας.
1599 1192 1678 1256 εις
1713 1193 1770 1245 ὃν
1803 1196 1900 1264 ἑμ-

339 1262 614 1315 πεσεῖσθαι
650 1281 712 1316 σε
768 1265 919 1332 ἀξιον
951 1271 1090 1324 κατά
1141 1274 1268 1335 τοῦς
1306 1275 1412 1326 τῶν
1463 1276 1622 1346 ἱερῶν
1659 1262 1898 1336 κανόνων

340 1353 422 1402 iui.
448 1353 638 1444 νόμων⁴
673 1355 934 1426 θεσμοὺς,
987 1363 1034 1414 εί
1071 1361 1146 1432 μὴ
1187 1364 1286 1433 τὴν
1333 1366 1636 1437 διόρθωσιν,
1669 1373 1716 1424 εί
1745 1372 1893 1444 ὲξείη

341 1458 430 1504 σοι,
460 1443 718 1510 δρᾶσειας
747 1450 848 1517 τὴν
877 1451 1164 1522 ταχίστην.
1197 1455 1292 1508 καὶ
1314 1459 1342 1508 ό
1369 1459 1585 1526 τρώσας
1607 1463 1768 1526 αὐτὸς
1800 1443 1896 1516 καί

338 1533 424 1598 τὴν
473 1535 614 1586 tactv
673 1538 1054 1606 ἁρμόττουσαν
1105 1547 1424 1614 ὲπαγὰγοις.
1482 1551 1643 1623 Ὁρᾷς
1669 1557 1776 1623 γὰρ
1803 1559 1894 1612 καὶ

335 1625 424 1689 τὴν
449 1625 552 1677 τῶν
583 1628 892 1700 ἀρχιερέων
921 1635 1102 1704 ὁρμὴν
1133 1640 1270 1692 κατά
1309 1641 1404 1693 σοῦ
1441 1649 1766 1716 κινουμένην
1802 1647 1894 1718 βι-

337 1715 494 1779 ρείαν,
525 1719 620 1769 καὶ
645 1721 865 1791 μακρὸν
896 1725 988 1778 τὸν
1009 1726 1150 1798 ὑπὲρ
1198 1730 1298 1799 τῆς
1330 1733 1636 1799 ὑποθέσεως
1667 1715 1894 1806 θόρυϐον

2013 558 2216 613 Davidc
2267 559 2492 630 loquar,
2527 564 2820 622 cisternam
2852 573 3057 638 parasti
3083 580 3141 627 et
3189 573 3404 630 foveam
3449 577 3586 632 ell‘o-

2009 648 2136 704 disti
2170 650 2224 703 in
2254 667 2418 720 quam
2449 653 2646 724 dignus
2676 672 2736 712 es
2767 659 2880 727 ipse
2912 661 3004 731 qui
3033 663 3338 734 dejiciaris,
3375 681 3578 723 secun-

2008 740 2138 794 dum
2175 753 2488 798 sanctorum
2517 760 2788 804 canonum
2821 761 2876 806 et
2901 753 3078 824 legum
3132 767 3424 828 praecepta,
3471 761 3578 814 nisi

2008 847 2172 902 quam
2205 834 2490 890 celerrime
2522 839 2925 898 restitutionem
2953 846 3002 902 ei
3037 849 3338 916 paraveris,
3377 857 3434 904 et
3465 851 3580 920 ipse

2007 923 2102 989 qui
2138 925 2340 980 vulnus
2383 927 2628 985 inﬂixisti
2679 933 3005 990 medicinam
3035 947 3216 1008 aptam
3245 941 3576 1010 prtebtteris.

2005 1010 2172 1065 Vides
2203 1015 2350 1067 enim
2407 1018 2784 1087 episcoporum
2831 1023 2886 1078 in
2933 1033 2985 1080 te
3035 1029 3241 1082 moveri
3283 1028 3578 1093 odium,et

2003 1115 2257 1170 magnum
2289 1116 2514 1176 prapter
2544 1125 2760 1164 causam
2803 1121 2951 1167 tuam
2989 1118 3282 1172 tumultum
3314 1120 3578 1174 continuo

2001 1193 2232 1247 auribus
2267 1198 2404 1251 meis
2435 1198 2679 1254 advolvi.
2756 1201 2958 1258 Contra
2999 1222 3121 1275 quae
3161 1223 3282 1277 ego,
3319 1219 3380 1262 ut
3419 1211 3576 1263 oble—

2000 1295 2198 1354 gantur
2228 1296 2284 1342 et
2313 1290 2572 1344 liniantur
2598 1293 2826 1348 crimina
2860 1303 2976 1358 tua,
3004 1298 3289 1352 obvertere
3316 1313 3386 1353 ne
3409 1301 3574 1352 mini-

2000 1389 2148 1456 mum
2179 1376 2400 1444 quidem
2445 1381 2619 1446 valeo,
2650 1383 2724 1436 illi
2779 1399 2910 1438 vero
2955 1401 3066 1440 non
3107 1388 3282 1441 solum
3331 1405 3570 1457 presens

1997 1463 2130 1519 illud
2159 1469 2533 1530 commissum,
2578 1473 2672 1526 sed
2701 1473 2862 1527 etiam
2899 1475 3002 1528 alia
3049 1479 3220 1530 multa
3267 1478 3484 1532 diversa
3515 1490 3570 1530 ct

1996 1557 2178 1623 gravia
2233 1571 2424 1614 contra
2487 1571 2538 1616 te
2588 1563 2642 1616 in
2691 1575 2944 1635 promptu
3009 1566 3234 1621 habent.
3316 1566 3564 1634 Quorum

2000 1661 2166 1700 unum
2203 1651 2464 1719 quodque
2521 1652 2713 1708 dicunt
2770 1657 2904 1710 satis
2933 1672 3056 1712 esse
3087 1657 3152 1712 ad
3191 1665 3338 1712 tuam
3375 1659 3570 1728 expul-

1998 1735 2230 1790 sionem.
2290 1740 2436 1794 Idem
2468 1743 2705 1799 clamant
2754 1761 2950 1802 omnes
2991 1751 3165 1803 sancti
3209 1764 3450 1804 canones
3499 1765 3570 1804 ne

333 1807 438 1866 ταῖς
467 1810 623 1874 ἐμαῖς
665 1812 934 1882 διηνεκῶς
988 1818 1177 1882 ἀκοαῖς
1229 1823 1600 1879 ὲπαντλοῦσαν
1625 1843 1640 1860 ο
1694 1824 1770 1889 οἷς
1806 1832 1884 1883 καὶ

2005 1826 2112 1880 vim
2145 1843 2296 1883 suam
2326 1835 2600 1888 amittant.
2657 1836 2778 1891 llaac
2809 1853 2940 1907 ergo
2989 1840 3172 1894 omnia
3203 1855 3328 1894 cum
3367 1841 3440 1894 ita
3469 1855 3570 1910 per

335 1894 687 1952 τροῦαλέσθαι
731 1901 944 1956 δίκαιόν
1001 1922 1054 1959 τι
1105 1910 1242 1978 πρὸς
1299 1911 1732 1981 ἀντιπαράταξιν
1798 1919 1894 1970 καὶ

335 1983 474 2052 λῆξιν
497 1986 607 2040 τῶν
641 1989 729 2042 σοί
753 1991 803 2058 γ’
835 1993 1278 2065 ἐγκεκλημένων.
1328 2001 1477 2072 Ἐχω
1501 2003 1598 2070 μὲν
1626 2005 1735 2058 τῶν
1757 2009 1892 2062 πάν-

329 2091 430 2126 των
459 2078 610 2132 οὐδὲν
638 2082 830 2148 αὐτὸς,
860 2085 1044 2154 έχουσι
1069 2087 1122 2140 δ”
1146 2089 1297 2142 αὐτοὶ
1321 2093 1396 2163 μὴ
1419 2093 1580 2163 μόνον
1607 2100 1668 2150 τὸ
1694 2099 1892 2167 παρὸν,

1999 1915 2198 1970 famam
2224 1921 2428 1990 ubique
2485 1923 2852 1993 divulgentur,
2884 1936 2937 1980 et
2971 1943 3064 1980 ora
3116 1929 3477 1998 malignorum
3513 1930 3567 1982 in

1999 2021 2054 2067 te
2090 2015 2358 2084 aperiant,
2387 2031 2492 2072 non
2525 2020 2878 2076 mediocriter
2909 2037 2996 2077 me
3029 2021 3276 2093 afﬂigunt
3301 2033 3356 2078 et
3379 2024 3568 2078 dolore

1997 2103 2238 2160 alliciunt
2270 2109 2514 2163 animum
2553 2125 2790 2166 meum.»

329 2171 454 2281 ἀλλξι
505 2175 597 2226 καὶ
629 2176 836 2281 ’πόλλ’.
855 2179 1019 2250 ἕτερα
1069 2181 1330 2255 πολυειδῆ
1361 2203 1420 2240 τε
1471 2189 1564 2242 καὶ
1591 2191 1778 2260 ἡλίκα,
1805 2187 1880 2248 ὧν
1919 2195 2151 2252 ἕκαστον
2208 2201 2514 2272 ἀποχρῆναι
2575 2222 2739 2273 φασιν
2768 2207 2846 2269 είς
2875 2209 3196 2280 καθαίρεσιν
3221 2210 3339 2281 σὴν.
3362 2209 3566 2278 ὁμοίως

327 2263 760 2334 ἐπιϐοσκομένων
811 2269 1066 2325 ἀπάντων
1148 2275 1245 2343 τῆς
1287 2278 1397 2331 τῶν
1465 2281 1624 2350 ἱερῶν
1669 2285 1909 2338 κανόνων
1947 2291 2134 2357 χρείας
2165 2291 2264 2362 τὴν
2297 2292 2446 2360 ῶραν
2468 2311 2480 2325 ·
2514 2294 2656 2366 ἀπερ
2711 2295 2775 2366 δὴ
2803 2299 2896 2350 καὶ
2926 2299 3042 2362 πῶς
3076 2301 3142 2353 ἂν
3199 2301 3412 2368 εἴποιμι
3447 2301 3568 2352 δια-

330 2350 684 2424 θρυλλούμενα
707 2362 960 2430 πανταχῆ
978 2363 1070 2417 καὶ
1097 2365 1345 2430 γλώττας
1392 2375 1740 2442 χαιρεκάκων
1795 2350 2080 2448 ἀνοίγοντα
2111 2350 2252 2436 κατά
2313 2350 2412 2454 τῆς
2485 2385 2582 2455 σῆς
2625 2350 2896 2457 κεφαλῆς,
2947 2350 3256 2461 ου’μινκρῶς
3303 2350 3568 2442 ἀποκνάει

331 2449 412 2500 καὶ
439 2451 562 2521 ἀνιᾷ
597 2470 704 2522 μου
740 2457 803 2508 τδ
833 2456 1184 2528 λογιζόμενον
1215 2463 1318 2531 τῆς
1351 2463 1551 2535 ψυχῆς.
1594 2485 1613 2519 ι

393 2543 460 2598 A'.
487 2545 630 2614 Πρὸς
657 2548 839 2601 ταῦτα
865 2549 894 2602 ό
923 2551 1224 2619 Κάλλιστος
1253 2556 1681 2628 διαπορούμενός
1709 2579 1767 2615 τε
1791 2565 1886 2617 καὶ

327 2630 436 2684 λίαν
488 2636 794 2708 ἀχθόμενος
841 2643 934 2694 ἐπὶ
981 2645 1196 2699 πλείοσι
1259 2649 1380 2703 καθ’
1415 2651 1598 2713 αὑτὸν,
1639 2653 1734 2705 καὶ
1771 2655 1885 2708 ὅσοι

330 2725 454 2792 ἀμφ’
491 2729 652 2783 αὑτὸν
689 2733 1045 2800 οἰκειότατοι,
1099 2737 1452 2792 διεσκέπτετο
1517 2743 1884 2814 νυχθημέροις

328 2815 381 2866 τὸ
409 2820 677 2888 ποιητέον,
713 2824 814 2876 καὶ
869 2823 1018 2880 δυοῖν
1076 2829 1244 2898 μέσος
1300 2831 1548 2900 ἐγίγνετο
1582 2833 1881 2905 λογισμῶν,

329 2909 554 2975 χειμῶνα
575 2916 672 2968 καὶ
691 2912 870 2983 ζάλην
889 2919 948 2969 οὐ
979 2917 1122 2972 πάνυ
1160 2921 1364 2990 μικρὰν
1387 2922 1721 2979 ἀνιστάντων
1741 2928 1884 2981 κατά

328 2999 412 3062 τῆς
445 3001 710 3070 σκέψεως.
747 3005 943 3074 Ἔλεγε
970 3007 1080 3079 γὰρ
1111 3008 1187 3073 ὡς
1207 3011 1300 3064 δύο
1327 3014 1728 3082 μητροπολίτας
1753 3019 1883 3086 μιᾶς

2065 2563 2150 2618 IV.
2207 2566 2286 2620 Ad
2342 2565 2456 2622 haec
2493 2565 2752 2621 Callistus
2792 2583 2916 2623 cum
2971 2568 3028 2623 in
3088 2569 3300 2624 consilii
3338 2573 3566 2640 penuria

1995 2668 2304 2710 versaretur
2331 2667 2386 2712 et
2417 2659 2775 2714 vehementer
2809 2661 3174 2715 contristatus
3218 2671 3388 2728 esset,
3425 2667 3566 2720 mill-

1993 2756 2104 2800 tum
2140 2747 2232 2801 diu
2265 2755 2540 2816 noctuque
2564 2749 2704 2818 apud
2733 2764 2791 2804 sc
2815 2758 2872 2804 et
2897 2765 3021 2804 cum
3049 2751 3305 2805 omnibus
3329 2752 3564 2808 fzuniliao

1989 2837 2145 2892 ribus
2181 2837 2296 2892 suis
2334 2837 2518 2892 animo
2567 2839 2822 2894 volvebat
2849 2840 2977 2910 quid
3024 2840 3230 2896 faceret
3261 2862 3274 2907 ;
3323 2843 3498 2898 donec
3531 2861 3564 2899 e

1989 2925 2204 2981 duobus
2231 2927 2474 2982 consiliis
2503 2943 2624 2996 quze
2654 2943 2760 2982 non
2793 2929 3128 2984 mediocrem
3163 2932 3469 3000 procellam
3507 2945 3563 2987 ct

1990 3025 2372 3086 tempestatem
2415 3016 2468 3071 in
2501 3017 2939 3075 consideratione
2969 3019 3132 3092 536
3160 3037 3346 3077 secum
3388 3025 3562 3079 addu-

333 3095 702 3158 μητροπόλεως
735 3092 878 3150 εῖναι
935 3102 1076 3169 μήτε
1127 3105 1239 3166 τοῖς
1278 3103 1388 3157 τῶν
1413 3104 1576 3158 θείων
1622 3109 1883 3178 Πατέρων

1990 3117 2198 3170 serant,
2229 3123 2398 3161 unum
2439 3107 2632 3162 melius
2684 3109 2856 3162 visum
2905 3119 3008 3164 est.
3044 3111 3348 3182 Respondit
3375 3113 3558 3168 enim:

331 3183 500 3234 κανόσι
528 3187 618 3238 καὶ
637 3188 830 3256 νόμοις
851 3193 1324 3262 συγκεχωρῆσθαι,
1357 3199 1492 3266 μήτε
1515 3201 1580 3267 τῇ
1601 3201 1753 3268 κοινῇ
1773 3201 1882 3252 τῶν

331 3271 520 3326 πολλῶν
553 3278 822 3350 συνηθείᾳ
869 3285 1360 3354 προκατειλῆφθαι,
1393 3287 1508 3340 ἀλλ’
1541 3284 1683 3340 εἷναι
1715 3289 1885 3342 καθά-

328 3361 422 3426 παξ
445 3365 737 3422 ἀλλόκοτόν
775 3387 827 3422 τι
863 3372 1054 3442 χρῆμα
1086 3377 1180 3426 καὶ
1221 3377 1356 3430 πάνυ
1389 3379 1883 3448 τερατωδέστατον,

325 3455 410 3523 τὴν
433 3457 534 3510 τῶν
563 3477 686 3512 παπ
698 3460 782 3529 ρίν
810 3462 1104 3535 αίσχωρῶς
1159 3467 1560 3537 ἀφαιρούμενον
1605 3470 1880 3538 πρόνοιαν.

325 3548 482 3606 Είοῦν
508 3554 596 3606 τὸν
634 3553 936 3625 ὁμώνυμον
994 3557 1316 3620 καθελόντες
1358 3560 1458 3629 τῆς
1492 3559 1648 3624 ἀξίας
1684 3556 1886 3616 Καλλι-

323 3657 452 3710 στον,
475 3645 566 3698 τίον
593 3647 670 3698 Συ
687 3646 900 3716 μεώνην
926 3645 1410 3719 ἀντεισαγάγωμεν
1431 3651 1610 3716 αὖθις,
1631 3653 1883 3722 ἀφίξεται

326 3733 412 3804 τὴν
460 3737 732 3807 ταχίστην
792 3739 1078 3792 καταϐοῶν
1135 3740 1343 3804 ἐκεῖνος
1386 3744 1482 3796 καὶ
1533 3747 1884 3814 κατατρέχων

325 3829 474 3896 ἡμᾶς,
531 3830 622 3882 καὶ
673 3830 926 3883 ἀπαιτῶν
964 3831 1107 3902 ἅπερ
1163 3833 1296 3902 ἡμῖν
1328 3833 1578 3887 ἐδεδώκει
1607 3835 1757 3902 δῶρα
1785 3837 1884 3906 τῆς

323 3921 701 3991 ἀρχιερατικῆς
745 3921 902 3988 ἀξίας
953 3921 1118 3975 ἕνεκα
1167 3924 1382 3988 πάντα,
1435 3925 1504 3978 δι’
1555 3925 1694 3978 ὅσων
1717 3929 1884 3992 αὐτὸς

323 4012 530 4078 ἐπρίατο
558 4014 658 4084 τὴν
727 4014 1082 4082 μητρόπολιν.
1130 4017 1196 4069 ’0
1239 4016 1304 4087 δὴ
1333 4017 1544 4072 πολλῶν
1574 4018 1742 4087 ξιφῶν
1770 4020 1884 4092 δρι-

325 4103 568 4172 μυτέραν,
611 4103 758 4174 μετά
789 4105 932 4156 πάνυ
972 4105 1190 4174 μακρᾶς
1237 4105 1330 4175 τῆς
1356 4105 1639 4176 αἰσχύνης,
1676 4109 1744 4178 τῇ
1773 4111 1880 4178 ὲμῇ

325 4195 519 4261 κομίζει
548 4196 702 4265 ψυχῇ
724 4195 822 4256 τὴν
854 4195 1050 4265 ὀδύνην
1075 4211 1089 4228 ·
1125 4199 1176 4248 οἱ
1206 4195 1314 4266 γὰρ
1347 4198 1440 4249 καὶ
1473 4197 1606 4266 πρὶν
1637 4202 1718 4262 είς
1767 4201 1882 4266 ἐ.ξέ-

322 4306 462 4342 τασιν
496 4291 632 4344 ἰέναι
669 4291 770 4352 τὰς
794 4291 935 4358 ἐμὰς
967 4289 1120 4352 δίκας
1155 4290 1252 4342 καὶ
1279 4292 1408 4359 πρὶν
1431 4289 1881 4360 ἀνακαλυφθῆναι

323 4381 382 4433 τὰ
409 4383 802 4453 προτεινόμενα
831 4381 956 4434 καθ’
977 4383 1132 4450 ἡμῶν
1155 4383 1482 4452 ἐγκλήματα
1509 4381 1723 4450 πικρῶς
1743 4383 1880 4452 ἡμῖν

1997 3197 2081 3252 «Si
2131 3197 2242 3252 duo
2289 3207 2456 3252 erunt
2504 3214 2610 3252 una
2655 3199 2710 3251 in
2747 3202 3040 3268 metropoli
3078 3205 3463 3272 metropolim,
3505 3205 3560 3258 id

1987 3303 2166 3357 neque
2188 3296 2502 3344 sanctorum
2528 3289 2748 3343 Patrum
2771 3292 3070 3346 canonibus
3101 3303 3158 3348 et
3189 3295 3403 3364 legibus
3427 3311 3564 3350 con-

1987 3379 2158 3441 venit,
2213 3394 2389 3447 neque
2441 3390 2704 3434 consueto
2753 3397 2907 3437 more
2960 3383 3270 3438 institutum
3307 3397 3428 3450 est.
3462 3387 3559 3442 sed

1987 3471 2150 3524 alieni
2201 3471 2462 3539 quiddam
2503 3473 2668 3529 habet
2711 3485 2766 3530 et
2801 3489 3030 3545 prorsus
3063 3478 3210 3544 miri,
3233 3488 3288 3533 et
3325 3481 3560 3550 turpiter

1986 3561 2168 3616 aufert
2215 3562 2436 3618 Patrum
2487 3566 2846 3622 voluntatem.
2917 3568 3036 3624 Jam
3085 3585 3218 3624 vero
3253 3571 3298 3624 si
3339 3573 3560 3627 nomine

1986 3656 2150 3712 nobis
2199 3669 2492 3726 cognatum
2555 3659 2840 3715 Callistum
2894 3661 3271 3730 expulerimus
3329 3679 3558 3720 munere

1984 3762 2105 3809 suo,
2133 3755 2187 3802 et
2218 3747 2542 3818 Symeonem
2575 3765 2768 3805 rursus
2789 3751 3216 3818 restituerimus,
3247 3754 3431 3808 statim
3463 3755 3558 3809 ille

1985 3853 2110 3891 cum
2136 3838 2380 3894 clamore
2411 3841 2478 3894 ad
2510 3856 2610 3896 nos
2643 3842 2965 3910 properabit
2996 3857 3206 3912 nosque
3237 3843 3458 3898 vexabit
3501 3855 3557 3900 et

1988 3941 2243 3999 reposcet
2277 3933 2422 3985 dona
2451 3947 2572 4001 qua:
2601 3934 2762 3988 nobis
2792 3933 2944 3988 dedit
2975 3949 3075 4003 pro
3103 3935 3398 4004 episcopali
3429 3951 3556 3988 mn.

1986 4034 2118 4074 nere
2169 4029 2370 4075 cuncta
2421 4022 2624 4090 quibus
2674 4024 3022 4090 metropolim
3065 4025 3171 4078 sibi
3219 4025 3374 4080 emit.
3441 4026 3562 4080 Hoc

1984 4123 2167 4164 autem
2197 4111 2446 4166 dolorem
2479 4113 2666 4168 multis
2691 4113 2887 4183 gladiis
2914 4115 3186 4170 acriorem
3216 4132 3324 4171 una
3361 4133 3564 4187 magna,

1983 4217 2108 4256 cum
2139 4201 2364 4257 infamia
2385 4203 2520 4259 mihi
2555 4204 2790 4274 parabit.
2821 4205 2954 4260 Nam
2981 4206 3223 4276 episcopi
3249 4209 3342 4277 qui
3373 4211 3563 4278 prius-.

1983 4307 2146 4360 quam
2178 4292 2246 4348 ad
2275 4295 2642 4350 examinanda
2672 4299 2904 4354 crimina
2939 4307 3072 4354 eant
3093 4309 3152 4354 et
3188 4309 3438 4370 relegant
3467 4317 3556 4363 ea,

1983 4385 2253 4440 acerrime
2307 4386 2360 4442 in
2387 4403 2472 4443 me
2515 4373 2776 4445 dentibus
2824 4392 3106 4456 l‘rendunt,
3157 4393 3321 4445 etiam
3371 4391 3572 4460 plures.

325 4473 593 4540 ἐμϐάλλειν
619 4475 826 4528 οὑτωσὶ
857 4474 984 4536 τοὺς
1007 4473 1230 4536 ὀδόντας
1271 4473 1622 4538 ἀπειλοῦντες
1650 4474 1874 4527 ἐπίσκο-

1995 4489 2166 4528 ιιονιδε
2197 4477 2441 4532 maculas
2485 4479 2621 4532 mihi
2669 4481 2912 4550 obiicere
2941 4491 3160 4547 curant,
3211 4481 3560 4549 impietatem.

327 4583 424 4632 ποι,
447 4571 538 4623 καὶ
561 4573 611 4622 οἱ
643 4566 866 4637 μείζους
889 4567 996 4618 τῶν
1019 4567 1455 4634 προτεινομένων
1485 4567 1566 4620 ἔτι
1604 4567 1878 4636 μελετῶν-

327 4673 406 4718 τες
435 4657 714 4728 ἐπιφέρειν
769 4655 1056 4724 λοιδορίας.
1113 4653 1368 4708 ἀσέϐειαν
1417 4656 1514 4723 οὐχ
1541 4654 1721 4723 ἁπλῆν
1755 4671 1876 4708 τινα

329 4751 409 4799 καὶ
436 4751 700 4818 μονοειδῆ,
731 4747 866 4800 ἀλλά
895 4747 1150 4816 ποικίλην
1178 4763 1236 4798 τε
1275 4747 1369 4798 καὶ
1401 4745 1536 4798 πολὺ
1564 4745 1870 4814 προϐαλλο-

333 4836 487 4908 μένην
518 4838 578 4910 [1⁵.
603 4839 710 4894 265
739 4836 794 4908 a]
837 4837 896 4890 τὸ
955 4838 1246 4906 ἀφόρητον.
1288 4836 1432 4897 τίνος
1473 4835 1540 4887 ἂν
1593 4837 1875 4904 φείσαιντο

327 4915 554 4999 γλώττης
597 4930 679 4992 είς
727 4929 842 4999 φῶς
896 4927 1259 4998 προηγμένων
1315 4925 1426 4978 τῶν
1459 4926 1872 4996 θρυλλουμένων

333 5020 418 5084 μὲν
443 5021 620 5086 ἀξίως,
650 5024 706 5074 ὲν
735 5021 925 5088 νέφεσι
980 5019 1025 5072 δ’
1073 5019 1202 5082 ἴσως
1259 5018 1354 5072 καὶ
1393 5017 1712 5086 δισταγμοίς
1762 5033 1872 5069 τιτι

331 5110 706 5180 κρυπτομένων
739 5109 820 5162 ἔτι
847 5129 860 5174 ;
891 5149 898 5154 .
925 5109 1066 5176 Ἐγὼ
1122 5107 1166 5161 δ’
1198 5111 1376 5162 ἐκεῖνο
1409 5107 1732 5176 τεθαύμακα
1761 5107 1870 5158 τῶν

332 5201 520 5254 σκαιῶν
543 5219 600 5253 τε
632 5203 724 5254 καὶ
761 5199 1130 5271 χαιρεκάκων,
1173 5199 1290 5262 πῶς
1318 5200 1386 5253 τὰ
1433 5199 1638 5252 ἑαυτῶν
1670 5200 1872 5269 αἰσχρά

331 5295 748 5362 παρατρέχοντες
769 5294 882 5356 τοῖς
913 5293 1064 5362 ὲμοῖς
1115 5291 1302 5352 ἀτενὲς
1352 5289 1580 5360 ἐνορῶσι
1633 5295 1728 5342 καὶ
1751 5293 1870 5354 ταῖς

333 5383 474 5448 ἐμαῖς
496 5387 878 5452 ὲπιγάννυνται
898 5383 1208 5454 λοιδορίαις,
1255 5383 1348 5434 καὶ
1379 5383 1614 5451 μάλιστα
1651 5383 1870 5434 πάντων

331 5472 422 5536 τὴν
469 5473 574 5526 τῶν
601 5475 957 5527 Μασαλιανῶν
992 5490 1082 5543 μοι
1115 5469 1601 5541 προσονειδίζοντες
1633 5469 1868 5539 αἰρεσιν,

333 5562 484 5630 συχνᾶ
514 5564 608 5616 καὶ
641 5564 898 5626 πολλάκις
957 5560 1392 5623 ἐνδιαϐάλλοντὲς
1447 5577 1506 5613 τε
1538 5561 1596 5612 οὐ
1663 5561 1868 5612 διαλεί-

333 5665 478 5703 πςυσι
501 5653 594 5704 καὶ
629 5657 751 5725 περὶ
779 5653 876 5726 τὴν
901 5653 1070 5724 αὐτὴν
1115 5651 1202 5706 ἀεὶ
1239 5651 1600 5723 στρεφόμενοι
1654 5653 1749 5706 καὶ
1775 5670 1870 5705 π;-

332 5742 666 5814 ρ.ειλούμενοι
693 5746 985 5819 λοιδορίαν.
1019 5746 1108 5800 Ἐν
1137 5744 1248 5816 γὰρ
1295 5747 1414 5810 ταῖς
1446 5749 1545 5816 τῆς
1580 5745 1717 5815 ἐμῆς
1763 5765 1864 5798 πει-

1987 4565 2252 4620 nimirum
2301 4582 2412 4621 non
2468 4571 2718 4638 exiguam
2755 4581 2811 4624 et
2841 4586 3028 4634 unam,
3073 4571 3168 4624 sed
3219 4585 3466 4638 magnam
3497 4579 3570 4630 et

1984 4656 2518 4726 pravam,quomodo
2551 4667 2775 4725 parcent
2809 4659 3027 4729 linguae,
3057 4659 3103 4715 si
3133 4661 3186 4714 in
3215 4661 3392 4716 lucem
3429 4675 3558 4730 pro-

1982 4745 2328 4814 dibunt;quze
2353 4761 2501 4800 nunc
2522 4762 2712 4802 revera
2737 4748 2958 4818 quidem
2987 4749 3040 4802 in
3071 4764 3292 4805 rumore
3323 4751 3562 4816 haerent,

1981 4838 2078 4892 sed
2133 4838 2376 4894 nubibus
2429 4839 2612 4894 adhuc
2661 4848 2716 4896 et
2772 4841 3212 4898 dubitationibtts
3280 4845 3568 4900 occultata

1981 4927 2148 4982 sunt?
2209 4927 2476 4998 Equidem
2521 4931 2628 4984 hoc
2674 4931 2730 4984 in
2764 4930 2872 4984 illis
2904 4931 3152 4987 molestis
3184 4943 3240 4988 et
3269 4933 3564 4994 malevolis

1981 5019 2296 5076 hominibus
2319 5021 2622 5076 admiratus
2655 5037 2802 5086 sum,
2836 5021 3004 5092 quod,
3032 5025 3276 5093 ipsorum
3315 5026 3570 5095 turpitu-t

1979 5109 2128 5164 diuis
2191 5111 2566 5176 immemores,
2607 5127 2743 5168 mea:
2809 5115 3074 5168 continuo
3127 5117 3448 5180 inhaereant,
3500 5129 3568 5180 et,

1981 5205 2116 5258 meis
2145 5205 2376 5259 maculis
2408 5205 2703 5275 gaudeant,
2747 5214 2805 5260 et
2857 5222 2968 5276 prae
3017 5208 3144 5262 aliis
3199 5209 3456 5263 omnibus
3483 5207 3564 5263 de

1978 5295 2400 5352 Masalianorum
2468 5297 2660 5352 hasresi
2711 5314 2798 5352 me
2857 5299 3170 5367 objurgcnt.

1978 5385 2174 5438 crebro
2197 5394 2252 5440 et
2271 5385 2534 5440 continuo
2557 5387 2964 5440 calumniantur
2993 5404 3078 5442 me
3107 5405 3285 5458 neque
3309 5404 3560 5458 unquam.

1979 5477 2258 5538 desinunt,
2293 5476 2449 5546 537
2477 5479 2763 5546 semperin
2795 5479 2988 5534 eodem
3026 5481 3260 5535 crimine
3287 5482 3566 5538 sistentes,

1978 5575 2032 5620 et
2061 5577 2362 5620 versantes.
2429 5565 2562 5620 Nam
2617 5567 2674 5620 in
2727 5567 2962 5638 pristino
2997 5585 3120 5624 meo
3171 5568 3548 5638 patriarchatn

1978 5657 2081 5711 sub
2141 5671 2265 5724 rt'gc
2315 5655 2694 5712 Cantacuzeno
2717 5699 2734 5724 ,
2767 5669 3064 5730 antequam
3097 5675 3276 5714 annus
3307 5658 3547 5718 ﬁnierat,

1979 5747 2272 5823 superbam
2345 5750 2584 5822 linguam
2651 5763 2912 5838 acuentes
2961 5762 3016 5808 et
3069 5753 3224 5812 valde
3285 5749 3552 5816 acerbam,

3258 5301 3566 5358 EnitttverQ
3611 5301 3630 5320 ’
