4060 6204
291 301 396 362 4“7

1221 313 1662 375 ῐῖΥΖΛΝΤῙΝςΕ
1703 319 2084 381 ῙΗΞἹὈΙὶΙΕ
2123 327 2268 387 LiB.
2315 327 2606 388 XXXVII.

3431 325 3536 388 478

289 423 496 484 εἰώθει,
536 421 628 472 καὶ
665 425 786 484 τοὺς
815 425 962 477 οὐδὲν
1001 427 1148 493 αὖτῷ
1179 427 1242 497 if.
1295 430 1401 482 966
1447 431 1503 502 α]
1539 435 1848 486 συντελοῦν-

1973 437 2120 500 ιιδῑιιμι
2155 435 2468 506 ignominia:
2497 448 2751 504 tanquam
2787 433 3039 490 velamini
3078 442 3280 497 essent,
3316 443 3370 489 et
3408 435 3536 504 qui.

289 529 390 573 τας
422 513 762 579 etp-optandi;
794 515 868 575 ὡς
891 513 988 582 τῆς
1017 515 1322 584 ἐνεστώσης
1348 519 1608 587 αἰσχύνης
1643 523 1852 590 προκα-

289 605 488 670 λυμμα
542 607 633 656 καὶ
698 605 1035 672 πρόσκαιρον
1105 607 1398 678 ἀποφυγὴν
1432 610 1532 676 τῆς
1591 612 1856 679 ἀνὰγκης.

303 696 431 748 Ἐπὶ
469 695 533 765 δὴ
561 694 770 758 τούτοις
816 696 1135 764 δεδογμένον
1183 699 1345 762 ἐνίοις
1397 700 1506 752 τῶν
1545 704 1860 754 ἐπισκόπων

293 789 536 858 κατέστη
572 790 690 850 ταῖς
747 789 956 852 ἀδίκοις
1006 789 1216 843 ἐκείνου
1274 791 1562 862 λοιδορίαις
1597 793 1692 846 καὶ
1747 797 1858 858 τοῖς

291 883 625 950 ἀφορισμοῖς
654 881 898 944 δικαίους
931 883 1253 946 ἀντιθεῖναι,
1300 885 1395 937 καὶ
1429 884 1746 954 καθαιρέσει
1777 903 1864 938 τε·

290 973 413 1040 λείι
441 973 810 1044 παραπέμψαι
845 973 936 1026 τὸν
963 973 1202 1043 ἄσεμνον
1246 975 1454 1027 ἐκεῖνον
1490 977 1584 1028 καὶ
1605 979 1672 1046 τῇ
1697 979 1862 1030 ἀσελ-

289 1064 420 1134 γείᾳ
451 1067 550 1134 τῆς
580 1065 824 1136 γλώττης
875 1067 964 1118 ἀεὶ
1010 1065 1554 1136 ἐγκαλλωπιζόμενον
1585 1071 1785 1138 μᾶλλον
1828 1071 1860 1140 ἢ

287 1155 711 1224 αἰσχυνόμενον.
754 1154 893 1206 Ἀλλ’
927 1156 1006 1207 ὅτι
1039 1157 1114 1226 μὴ
1167 1157 1257 1208 καὶ
1291 1156 1506 1226 βασιλεί
1539 1147 1860 1228 δεδογμένον

286 1249 436 1300 τοῦτ’
471 1243 538 1319 ἦν
573 1246 1016 1317 ματαιότητικαὶ
1039 1246 1297 1315 νηπιώδει
1352 1248 1536 1320 μωρία
1589 1251 1690 1319 τὴν
1735 1251 1860 1321 τσην

1967 528 2066 580 bus
2095 539 2455 595 opportunam
2489 529 2713 582 haberet
2743 527 2920 596 fugam
2974 526 3341 582 necessitatis.
3394 525 3538 592 Qua-

1965 631 2187 688 propter
2259 621 2538 674 nonnullis
2590 620 2864 689 episcopis
2920 620 3098 672 visum
3145 627 3248 682 est,
3315 615 3536 688 iniustis

1961 710 2080 778 eius
2108 711 2416 779 opprobriis
2429 709 3034 780 etschismatihusjnsta
3062 723 3359 778 opponere,
3383 723 3540 762 eum-

1962 817 2088 870 que.
2111 803 2313 871 quippe
2371 811 2479 856 tam
2514 802 2822 872 improbum
2881 812 2934 857 et
2971 803 3277 857 temeritate
3338 801 3536 870 lingnze

1962 893 2228 946 continuo
2278 907 2444 962 supra
2499 908 2716 946 omnem
2767 892 3036 963 pudorem
3095 892 3535 962 superbientem,

1959 997 2024 1036 ex
2077 984 2206 1038 sede
2246 999 2340 1038 sna
2387 983 2439 1038 vi
2471 983 2764 1052 depellere.
2807 983 2908 1039 Sed
2960 998 3080 1038 cum
3115 999 3220 1037 non
3257 985 3391 1054 imp.
3447 982 3531 1036 vi-

1965 1087 2086 1126 sum
2119 1085 2286 1136 esset,
2339 1076 2492 1128 vanis
2517 1075 2761 1130 consiliis
2793 1083 2847 1130 et
2872 1073 3068 1144 puerili
3126 1075 3413 1129 dementia:
3439 1089 3536 1142 pa-

1956 1182 2070 1220 rem
2127 1169 2430 1222 antidolum
2489 1181 2788 1236 opponere,
2873 1165 3140 1236 judicium
3203 1179 3534 1233 suspensum

1959 1257 2222 1324 liverebat,
2261 1261 2436 1314 donec
2467 1260 2642 1312 vocati
2693 1257 2934 1328 episcopi
2979 1257 3392 1312 convenissent.

285 1343 562 1396 ἀντίδοσιν
594 1341 748 1412 aps»,
779 1343 836 1392 έν
867 1341 1128 1411 μετεώρῳ
1183 1338 1254 1392 τὰ
1281 1341 1380 1412 τῆς
1415 1341 1570 1414 δίκης
1631 1345 1992 1419 ἀποκέκριται
2035 1353 2198 1424 μέχρι
2259 1353 2360 1426 τῆς
2401 1354 2510 1407 τῶν
2575 1353 2993 1426 προκληθέντων
3031 1353 3345 1407 ἐπισκόπων
3390 1347 3540 1418 ἐνδη-

289 1441 446 1510 μίας.

363 1531 456 1600 εἷ’-
494 1531 562 1583 Ὄ
617 1547 680 1599 γε
737 1529 842 1598 μὴν
892 1529 1235 1598 πατριάρχης
1282 1527 1382 1590 τὰς
1431 1527 1539 1581 τῶν
1595 1529 1860 1582 πλείστων

287 1626 610 1692 δυσφήμους
653 1621 1040 1690 αἰσχυνόμενος
1085 1620 1274 1682 ἀκοὰς,
1310 1621 1449 1672 οἶκοι
1489 1619 1550 1672 τὸ
1597 1621 1858 1690 παράπαν

289 1718 552 1786 ἀπρὸῖτος
586 1715 770 1784 ἔμεινε
802 1713 895 1766 τοῦ
929 1713 1140 1776 λοιποῦ,
1177 1713 1430 1776 ἀπειλαῖς
1467 1716 1858 1783 παραπέμπων

289 1808 358 1860 τὰ
395 1808 657 1875 μέλλοντα
693 1805 952 1857 πλείοσιν.
989 1805 1093 1856 Ἐῶ
1125 1806 1230 1873 γὰρ
1265 1806 1440 1870 λέγειν
1470 1808 1566 1858 ὅσα
1598 1810 1662 1876 τῇ
1698 1809 1858 1875 δυση-

283 1899 389 1966 νίῳ
427 1895 620 1948 ἑαυτοῦ
655 1894 869 1966 γλώττῃ
905 1895 1302 1964 παραδεδωκὼς
1334 1897 1431 1965 τὴν
1462 1897 1702 1950 διάνοιαν
1735 1899 1861 1966 ἐξη-

291 1989 528 2058 ρεύξατό
559 2007 618 2040 τε
654 1989 748 2041 καὶ
779 1988 1151 2058 λελοιδόρηκεν
1185 1987 1419 2057 ἄσεμνα.
1457 1989 1647 2056 Γέγονε
1684 1991 1740 2043 δέ
1777 2009 1862 2053 τις

284 2080 555 2149 διαπορέα
588 2081 697 2138 τοῖς
733 2075 838 2151 [τε]
871 2079 1135 2146 ἀκηκοόσι
1173 2079 1290 2140 πῶς
1323 2079 1489 2131 τᾶλλα
1522 2079 1628 2130 τῶν
1665 2081 1853 2150 ἐγκλη-

281 2177 486 2240 μάτων
529 2172 744 2226 ἅπαντα
785 2171 842 2222 ὲν
887 2169 1123 2239 δευτέρῳ
1173 2168 1396 2238 Θέμενος
1437 2169 1601 2238 λόγῳ,
1646 2171 1724 2238 τῷ
1763 2174 1862 2240 τῆς

271 2265 648 2333 Μασαλιανῆς
679 2263 937 2333 αἱρέσεως
966 2261 1458 2332 ὲμπεφιλοχώρηκε
1497 2263 1731 2330 μάλιστα
1766 2265 1862 2314 καὶ

277 2359 421 2426 περὶ
456 2357 712 2408 πλείστου
747 2355 1034 2424 πεποίηκε.
1071 2354 1179 2406 Καὶ
1211 2354 1360 2407 ἄλλοι
1398 2355 1495 2422 μὲν
1523 2353 1689 2420 ἄλλα,
1726 2356 1861 2408 παν-

271 2467 392 2500 των
429 2447 476 2498 δ’
500 2446 578 2508 είς
610 2445 704 2497 ἕνα
743 2445 939 2496 σκοπὸν
971 2443 1030 2495 τὸ
1069 2443 1242 2512 πέρας
1275 2441 1528 2512 ἥθροιζεν
1563 2445 1595 2512 ἡ
1635 2460 1860 2511 συμφωο

273 2540 369 2590 νία
407 2539 492 2590 ὅτι
529 2536 756 2590 παλαιὸν
787 2535 935 2606 αὐτῷ
965 2535 1178 2604 νόσημα
1209 2535 1268 2587 ὃν
1299 2533 1501 2598 τουτοϊ,
1535 2537 1628 2588 καὶ
1663 2535 1860 2588 πολλά-

273 2648 366 2691 κις
402 2627 572 2682 αὐτοῦ
597 2625 974 2696 κατηγορηθὲν
1005 2627 1098 2678 καὶ
1126 2625 1274 2695 παρὰ
1307 2625 1516 2676 πολλῶν
1542 2625 1857 2692 ἀλλοτρίων,

271 2723 380 2774 νῦν
422 2722 664 2785 ἄφυκτον
699 2721 822 2788 ἔσχε
857 2718 954 2788 τὴν
988 2717 1216 2786 δύναμιν
1251 2719 1283 2788 ἡ
1323 2733 1644 2786 κατηγορία.
1680 2718 1760 2768 δτι
1801 2719 1861 2770 ἐκ

273 2814 393 2865 τῶν
428 2811 578 2863 ἔνδον
609 2811 699 2863 καὶ
733 2811 841 2864 τῶν
868 2809 1083 2862 οἰκείων
1115 2810 1208 2863 καὶ
1242 2809 1332 2877 ἀφ’
1359 2809 1538 2870 ἑστίας
1577 2812 1602 2861 ὁ
1633 2809 1730 2876 τῆς
1767 2826 1862 2860 κα-

275 2907 414 2966 κίας
454 2901 772 2971 ἐξελήλυθεν
811 2901 1052 2970 ἔλεγχος,
1090 2901 1162 2963 ὡς
1199 2903 1226 2953 ό
1261 2901 1368 2952 τῶν
1404 2901 1721 2952 ἐπισκόπων
1762 2917 1860 2967 με-

281 2990 617 3060 μαρτύρηκέ
645 3005 702 3041 τε
733 2989 826 3042 καὶ
854 2987 1282 3042 διεϐεϐαιώσατο
1309 2989 1464 3056 λόγος
1495 2988 1571 3058 τῷ
1605 2989 1818 3056 βασιλεί
1842 3005 1857 3019 ·

276 3087 502 3153 ἔφασαν
534 3085 640 3152 γὰρ
670 3083 740 3135 τά
766 3099 824 3134 τε
856 3081 990 3136 ἄλλα
1019 3081 1159 3134 κατὰ
1186 3079 1279 3134 τοῦ
1313 3083 1655 3152 πατριάρχου
1687 3083 1733 3132 οξ
1765 3081 1859 3134 τοῦ
1889 3109 1928 3160 C

279 3177 667 3245 πατριάρχου,
713 3174 806 3226 καὶ¹
846 3171 922 3235 ὡς
965 3173 992 3224 ὁ
1036 3173 1097 3224 τὸ
1149 3173 1434 3242 μοναδικδν
1482 3173 1862 3242 περικείμενος

279 3271 500 3336 σχῆμα,
549 3263 813 3332 Σκορπίος
856 3261 1230 3330 τούπὼνυμον,
1281 3257 1342 3317 οὗ
1388 3263 1554 3325 πολὺς
1602 3263 1862 3325 πολλάκις

275 3357 483 3422 γέγονε
517 3352 672 3420 λόγος
705 3351 766 3424 [Γ.
801 3351 906 3404 266
937 3351 1014 3420 ὺ.]
1047 3352 1155 3411 τοῖς
1185 3365 1244 3401 τε
1278 3349 1461 3410 ἄλλοις
1496 3351 1587 3402 καὶ
1625 3350 1862 3418 μάλιστα

273 3449 396 3502 τοῖς
447 3447 506 3496 ὲν
539 3444 686 3512 Ἀθῳ
732 3441 809 3512 τῷ
855 3443 970 3512 ὄρει
1009 3441 1108 3508 τὴν
1144 3440 1378 3510 ἄσκησιν
1416 3439 1728 3506 διανύουσι,
1770 3441 1863 3493 καὶ

275 3535 338 3593 οὗ
380 3536 553 3606 χάριν
583 3535 676 3588 δύο
711 3535 804 3587 καὶ
837 3535 985 3604 τρεῖς
1021 3549 1125 3585 που
1163 3531 1529 3601 τομογραςρίαι
1565 3532 1658 3583 καὶ
1693 3529 1860 3582 ὕπαι-

275 3633 404 3698 θροι
439 3626 766 3696 κατηγορίαι
800 3624 930 3693 παρ’
953 3623 1177 3677 ἐκείνων
1201 3623 1259 3674 ὲν
1285 3621 1861 3674 Κωνσταντινουπόλει

273 3721 354 3790 τῷ
391 3735 458 3768 τε
495 3715 811 3784 πατριάρχῃ
847 3717 938 3766 καὶ
967 3715 1083 3775 τοῖς
1117 3713 1432 3774 ἐπισκόποις
1469 3711 1858 3781 ἐπέμφθησαν,

277 3810 600 3882 μηνύουσαι
635 3805 880 3878 φρικώδη
911 3823 970 3858 τε
1006 3805 1100 3859 καὶ
1136 3805 1365 3856 πλεῖστα
1400 3803 1620 3874 μυσαρὰ
1653 3805 1750 3856 καὶ
1786 3803 1860 3872 μὴ

277 3904 454 3968 μόνον
487 3899 824 3967 Χριττιανῶν
857 3899 1048 3958 ἀκοαῖς
1077 3895 1426 3965 ἀποτρόπαια
1457 3897 1550 3947 καὶ
1577 3893 1698 3947 λίαν
1731 3911 1860 3962 φευ-

273 3989 390 4041 κτᾶ
411 4028 428 4050 ,
463 3987 602 4039 ἀλλὰ
637 3985 727 4036 καὶ
754 3985 866 4044 τοῖς
897 3983 1190 4053 βαρϐάρων
1219 3981 1552 4042 ἀθεωτὰτοις
1583 3981 1860 4034 κατάπτυ-

275 4095 409 4131 στα.
439 4069 608 4136 Οὗτος
635 4074 748 4139 οὖν,
778 4073 963 4140 φασιν,
991 4071 1142 4126 ὁπότ’
1163 4071 1226 4123 ἑκ
1251 4069 1590 4140 Τριϐαλλῶν,
1619 4073 1713 4124 καὶ
1739 4071 1860 4124 ὅθεν

271 4167 514 4222 ἄλλοθεν
565 4167 664 4227 τὰς
715 4165 943 4234 ἀδήλους
991 4164 1229 4215 ποιεῖται
1278 4161 1498 4231 χρονίας
1545 4161 1857 4231 διατριϐὰς,

271 4257 586 4329 ἐπιδημοίη
629 4257 694 4326 τῇ
741 4253 1337 4320 Κωνσταντινουπόλει,
1385 4253 1533 4324 μόνῳ
1575 4253 1860 4323 Καλλίστῳ

269 4347 588 4420 ὁμόστεγός
617 4363 675 4400 τε
707 4347 800 4399 καὶ
828 4347 1129 4416 ὁμοδίαιτος
1158 4345 1367 4414 γίνεται
1395 4345 1474 4414 τῷ
1505 4345 1858 4417 πατριάρχῃ,

2039 1531 2128 1587 Vl.
2165 1533 2482 1590 Patriarcha
2515 1535 2702 1605 igitur,
2755 1549 2875 1589 cum
2925 1539 3034 1586 tam
3081 1533 3376 1586 multorum
3410 1547 3534 1585 eum

1967 1629 2392 1696 opproliriorum
2429 1629 2678 1698 puderet,
2710 1627 2856 1682 domi
2891 1641 2946 1680 se
2980 1624 3251 1679 continuit
3281 1639 3377 1693 per
3406 1624 3536 1678 reli-

1967 1735 2137 1788 qumn
2169 1730 2402 1788 tempus,
2435 1720 2654 1774 omnino
2689 1719 2971 1790 negligens
3020 1717 3372 1779 minationes,
3408 1730 3533 1770 eas-

1964 1827 2068 1881 que
2111 1813 2418 1879 repellens;
2447 1811 2603 1864 mitto
2629 1810 2776 1862 enim
2815 1809 3020 1870 dicere,
3053 1807 3425 1877 quomomodn
3483 1809 3531 1862 is

1967 1913 2202 1957 menfem
2231 1918 2380 1956 suam
2419 1901 2694 1954 indomita:
2721 1901 2920 1970 lingua:
2951 1899 3286 1954 concesserit
3341 1909 3396 1952 et
3429 1899 3532 1952 hoc

1964 1995 2127 2050 modo
2165 1996 2477 2065 turpissima
2506 1993 2836 2048 eructaverit
2861 2002 2914 2046 et
2944 1991 3230 2045 maledicta
3271 1989 3533 2060 profude—

1964 2087 2054 2140 rit.
2081 2087 2210 2142 Orta
2252 2096 2433 2142 autem
2464 2095 2548 2141 est
2595 2085 2814 2141 consilii
2877 2083 3131 2152 penuria.
3177 2098 3305 2138 eum
3373 2081 3536 2150 540

1963 2179 2220 2233 audirent
2252 2179 2353 2241 illi,
2377 2193 2503 2232 eum
2534 2186 2728 2230 cuncta
2759 2175 2863 2228 alia
2909 2173 3140 2228 crimina
3165 2187 3273 2226 non
3303 2182 3388 2226 sat
3421 2187 3534 2224 ma-

1963 2272 2049 2341 gni
2081 2271 2399 2333 aestimasse,
2433 2278 2488 2322 et
2509 2269 2594 2321 vel
2626 2266 2924 2335 plurimum
2957 2263 3265 2318 Masaliana:
3309 2261 3534 2341 haeresis

1964 2337 2181 2415 crimini
2227 2359 2486 2414 tribuisse
2548 2358 2712 2428 idque
2747 2355 2972 2428 plurimi
3015 2354 3297 2409 habuisse.
3343 2337 3533 2422 itaque

1963 2454 2098 2506 alios
2123 2451 2246 2514 alia,
2309 2466 2501 2504 omnes
2557 2465 2686 2504 vero
2719 2464 2821 2502 una
2879 2447 2934 2502 in
2967 2448 3068 2502 hac
3131 2461 3188 2501 re
3232 2459 3536 2500 consensus

1967 2560 2132 2598 unam
2173 2544 2226 2596 in
2264 2552 2504 2596 utentem
2557 2540 2865 2608 conjunxit,
2911 2537 3163 2592 hmresim
3216 2537 3365 2591 illam
3419 2536 3532 2602 jam

1963 2635 2056 2687 diu
2089 2635 2456 2687 inveteratum
2492 2631 2611 2700 ejus
2635 2631 2887 2684 morbum
2928 2643 3070 2690 esse,
3132 2635 3186 2680 et
3212 2627 3322 2696 jam
3383 2639 3528 2692 saepe

1963 2725 2012 2778 ei
2043 2723 2259 2777 crimini
2285 2723 2474 2776 datum
2525 2721 2662 2790 ipsis
2706 2721 2773 2774 ab
2839 2718 3134 2773 extraneis.
3189 2716 3531 2784 Quapropter

1966 2827 2097 2870 tunc
2165 2813 2534 2867 firmissimam
2591 2827 2811 2866 causam
2866 2809 3096 2880 prasbuit
3172 2807 3528 2866 accusationi.

1965 2919 2086 2957 cum
2121 2901 2190 2955 ab
2215 2900 2488 2968 indigenis
2516 2910 2570 2954 et
2597 2899 2914 2953 domesticis
2944 2908 2998 2952 et
3035 2896 3394 2951 familiaribus
3426 2896 3530 2948 im-

1965 2992 2182 3062 pietatis
2211 2991 2566 3060 0pprobrium
2593 2991 2794 3044 factum
2825 2997 2972 3044 esset
3023 2986 3320 3042 secundum
3381 2984 3534 3038 testi-

1965 3083 2143 3137 monia
2186 3091 2241 3136 et
2276 3089 2617 3152 argumenta,
2651 3096 2771 3149 qua:
2821 3080 2934 3150 regi
2995 3081 3064 3133 ab
3100 3077 3374 3147 episc0pis
3404 3075 3530 3128 data

1962 3183 2138 3230 erant.
2171 3175 2528 3229 Protulerunt
2567 3173 2713 3226 enim
2739 3171 2792 3224 hi
2819 3173 2961 3225 inter
3018 3171 3121 3224 alia
3176 3169 3228 3222 in
3279 3168 3529 3236 ipsorum

1964 3266 2647 3337 patriarcham,addictum
2683 3279 2804 3320 esse
2846 3279 2973 3316 eum
3011 3261 3267 3314 solitaria:
3294 3273 3531 3312 consue-

1965 3356 2138 3410 tudini
2202 3357 2540 3426 Scorpionis,
2583 3357 2649 3410 de
2684 3371 2793 3426 quo
2849 3353 3016 3408 multa
3057 3351 3167 3421 jam
3195 3349 3395 3417 sirpius
3444 3349 3532 3400 di-

1963 3447 2176 3516 vulgata
2207 3455 2332 3501 sunt
2365 3446 2432 3500 ab
2457 3445 2576 3500 aliis
2595 3455 2649 3499 et
2682 3445 2734 3497 in
2771 3439 2963 3512 primis
2990 3437 3057 3493 ab
3089 3438 3156 3492 iis
3185 3437 3274 3503 qni
3306 3435 3358 3488 in
3385 3433 3529 3489 Atho

1965 3547 2150 3592 monte
2176 3533 2484 3591 solitariam
2533 3535 2703 3589 vitam
2762 3533 2986 3602 degunt,
3037 3537 3091 3582 et
3119 3539 3341 3595 prepter
3366 3539 3528 3594 quem

1965 3629 2077 3684 duo
2105 3630 2192 3684 vel
2225 3637 2336 3684 tres
2373 3627 2499 3682 libri
2548 3635 2604 3682 et
2637 3623 2872 3694 publicae
2921 3619 3299 3676 accusationes
3354 3613 3422 3667 ab
3468 3613 3532 3670 iis

1961 3719 2568 3790 Constantinopolitano
2597 3715 2925 3787 patriarcha:
2957 3721 3012 3766 et
3039 3707 3314 3780 episcopis
3351 3704 3536 3758 missio

1962 3819 2142 3876 erant,
2189 3811 2535 3864 declarantes
2603 3805 2891 3862 lmrribilia
2927 3811 2982 3857 et
3034 3797 3267 3855 nefanda
3325 3795 3530 3850 scelera

1961 3917 2070 3955 non
2095 3901 2271 3955 solum
2294 3899 2733 3954 Christianorum
2777 3893 3005 3949 auribus
3045 3891 3233 3944 odiosa
3280 3895 3336 3941 et
3374 3883 3531 3938 valde

1961 3987 2468 4054 abominanda,sed
2507 3987 2675 4041 etiam
2717 3983 2968 4039 barbaris
3029 3979 3308 4049 religionis
3351 3973 3534 4030 omnis

1963 4082 2165 4150 ignaris
2201 4081 2399 4134 invisa.
2461 4077 2510 4134 ls
2543 4078 2711 4140 enim,
2760 4073 3038 4144 inquiunt,
3077 4067 3296 4140 quando
3323 4083 3353 4121 e
3405 4065 3531 4118 Tri-

1963 4171 2122 4227 ballis
2147 4173 2230 4225 vel
2251 4172 2470 4226 aliunde
2503 4169 2596 4224 ubi
2635 4167 2878 4222 occultas
2907 4177 3004 4234 pro
3041 4171 3282 4229 tempore
3321 4157 3533 4212 habita-

1963 4261 2196 4316 tationes
2239 4261 2510 4326 habuerit,
2549 4253 3100 4324 Constantinopolim
3140 4265 3196 4304 se
3255 4249 3531 4313 conferat,

1961 4354 2130 4408 solius
2153 4351 2361 4408 Callisti
2391 4351 2715 4422 patriarcha:
2741 4343 3152 4404 contubernalis
3196 4350 3252 4395 et
3307 4340 3530 4393 convic-

275 4443 386 4494 καὶ
439 4439 798 4508 μυσταγωγὸς
849 4438 946 4491 καὶ
999 4436 1209 4507 μύστης
1259 4437 1588 4508 ἀπορρήτων
1633 4437 1852 4506 ὀργίων.

1963 4455 2046 4500 lor
2070 4445 2224 4514 5&1
2263 4455 2364 4506 est,
2399 4452 2455 4497 et
2487 4443 2869 4513 mysteriorum
2899 4438 3156 4508 magister
3195 4442 3251 4487 et
3284 4431 3532 4484 initiator

281 4531 509 4586 Ἒπειτ’
535 4531 746 4584 ἐκεῖθεν
781 4529 873 4583 ίὼν
907 4531 962 4585 ὲν
993 4529 1068 4600 τῷ
1105 4531 1268 4600 κήπῳ
1307 4531 1520 4601 ὲνουρεϊ
1553 4531 1862 4600 καθήμενος

275 4627 354 4694 τῇ
387 4624 498 4676 τῶν
526 4622 777 4692 πρασιῶν
807 4621 937 4691 χλόῃ
972 4620 1068 4673 καὶ
1099 4621 1202 4691 πόᾳ.
1223 4661 1238 4684 ,
1271 4619 1476 4690 ὁπόσην
1507 4619 1598 4673 καὶ
1627 4620 1747 4672 οἷαν
1775 4619 1862 4674 διὰ

273 4717 348 4769 τὸ
379 4715 594 4768 οἴκοθεν
625 4712 852 4781 εὔοσμον
883 4713 1002 4772 ταῖς
1037 4709 1260 4780 χύτραις
1296 4711 1657 4778 ἐμϐάλλουσιν
1685 4711 1734 4763 oi
1765 4711 1860 4774 τὰς

275 4808 398 4860 τῶν
421 4805 732 4873 ἐδεσμάτων
756 4803 1136 4873 έτοιμάζοντες
1158 4804 1224 4872 τῇ
1249 4800 1343 4854 τοῦ
1371 4802 1710 4872 πατριάρχου
1733 4819 1863 4872 τρα-

277 4897 438 4968 πέζῃ
463 4895 760 4960 ποικιλίας.
787 4895 896 4948 Καὶ
919 4891 1098 4964 ἡμῶν,
1123 4893 1276 4959 φασὶ,
1303 4890 1401 4962 τὴν
1425 4893 1606 4944 αἰτίαν
1629 4893 1721 4945 τοῦ
1745 4895 1862 4946 τολ-

283 4988 550 5056 μήματος
587 4985 858 5055 ἐρομένων
888 4986 980 5037 καὶ
1016 4983 1166 5048 ἅπαξ
1198 4984 1290 5036 καὶ
1327 4985 1406 5045 δὶς
1427 5024 1439 5047 ,
1471 4983 1622 5036 οὐδὲν
1653 4985 1860 5048 ἐκεῖνος

277 5081 392 5146 ἕιρη
425 5077 614 5128 καινδν
645 5069 781 5128 εῖναι
811 5075 997 5128 τουτί’
1032 5075 1125 5127 καὶ
1155 5073 1264 5142 γὰρ
1295 5074 1386 5126 καὶ
1417 5075 1581 5137 κύνες
1615 5075 1862 5144 ἐνουροῦ-

281 5186 377 5220 σιν
400 5167 595 5238 αὐταῖς
619 5167 712 5219 καὶ
737 5167 922 5234 γαλαῖ,
949 5166 1041 5218 καὶ
1070 5165 1272 5235 κόπρια
1301 5165 1680 5235 ὲπιρραίνουσι
1708 5167 1862 5228 ζώων

279 5257 504 5324 ἀλόγων
535 5273 593 5306 τε
627 5257 719 5307 καὶ
748 5253 1070 5325 ἀνθρώπων,
1103 5255 1152 5306 εἰ
1179 5253 1330 5324 τύχοι
1362 5269 1464 5305 που
1490 5269 1503 5284 ο
1537 5254 1630 5306 καὶ
1660 5255 1720 5305 τὸ
1750 5243 1882 5307 xw:

279 5346 418 5398 λύον
449 5345 621 5398 οὐδέν.
655 5346 762 5397 Καὶ
789 5345 962 5397 ταῦτα
993 5347 1092 5414 μὲν
1123 5345 1373 5414 έρόμενοι
1405 5343 1756 5414 ἠκηκόεισαν,
1787 5345 1862 5407 ὡς

283 5439 488 5488 ἐκεῖνοι
517 5435 680 5506 φασίν
705 5452 719 5466 ·
747 5435 783 5488 ἃ
811 5437 866 5489 δὲ
901 5436 1096 5498 [δόντες
1127 5439 1251 5504 σιγῇ
1283 5435 1383 5505 μὲν
1410 5435 1496 5488 ἐπ’
1521 5436 1728 5488 ἐκείνου
1759 5454 1860 5487 πα-

285 5529 546 5599 ραδόντες
575 5528 774 5596 ἥκιστα
805 5530 1016 5598 ἤροντο,
1050 5530 1403 5597 πεπεισμένοι
1437 5527 1555 5580 λίαν
1587 5529 1777 5580 ἀνόσιά
1807 5545 1859 5580 τε

283 5623 385 5672 καὶ
412 5619 619 5694 βέϐηλοι
644 5618 786 5672 εἶναι
814 5623 904 5673 καὶ
931 5621 1189 5688 ἄντικρυς
1214 5619 1527 5685 διαϐολικῆς
1556 5619 1688 5688 ἔργα
1716 5621 1860 5672 διδα-

289 5713 556 5776 σκαλέας,
588 5717 696 5778 τοῖς
727 5714 768 5764 δ’
797 5713 1112 5776 ἐπισκόποις
1144 5713 1422 5782 ἐμήνυσὰν
1457 5731 1510 5764 τε
1546 5714 1634 5766 καὶ
1665 5714 1854 5766 cit-zmi-

1963 4547 2288 4588 arcanorum
2325 4532 2630 4601 orgiorum.
2667 4531 2796 4583 Post
2819 4530 2936 4582 haec
2960 4537 3142 4581 autem
3177 4525 3218 4579 it
3250 4527 3316 4578 ad
3351 4526 3528 4576 locum

1963 4625 2136 4680 urina:
2159 4633 2214 4678 et
2263 4623 2416 4678 sedet
2443 4624 2496 4674 in
2527 4619 2712 4675 herbis
2747 4618 3018 4671 viridibus
3066 4627 3122 4672 et
3165 4615 3532 4687 graminibus,

1962 4717 2144 4789 qualia
2173 4715 2318 4770 domi
2363 4722 2582 4783 propter
2615 4711 2819 4764 bonum
2863 4709 3083 4761 odorem
3118 4707 3240 4762 ollis
3273 4706 3532 4776 injiciunt

1962 4808 2055 4878 qui
2082 4806 2235 4862 cibos
2263 4805 2445 4858 varios
2480 4811 2670 4870 parant
2721 4815 2922 4854 mensa:
2951 4797 3300 4868 patriarcha}.
3357 4796 3532 4850 Nobis

1961 4911 2165 4964 autem,
2194 4900 2470 4969 inquiunt,
2495 4911 2714 4950 causam
2747 4895 2909 4963 hujus
2937 4894 3084 4946 mira:
3107 4892 3181 4947 rei
3209 4891 3534 4963 rogantibus

1962 4991 2126 5045 etiam
2176 5000 2342 5058 atque
2384 4989 2567 5050 etiam,
2606 4985 2766 5044 nihil,
2803 4983 3082 5052 respondit
3129 4984 3236 5044 ille.
3286 4998 3407 5036 esse
3476 4981 3529 5034 in

1963 5083 2069 5136 hoc
2125 5081 2273 5134 miri.
2337 5081 2471 5134 Nam
2529 5087 2585 5131 et
2647 5093 2811 5130 canes
2890 5075 3257 5144 cotnmingere
3321 5088 3414 5129 eas
3475 5082 3532 5126 et

1961 5171 2096 5226 feles
2121 5177 2177 5224 et
2203 5179 2415 5224 stercus
2441 5167 2514 5220 ibi
2551 5167 2728 5220 facere
2762 5165 2963 5218 bestias
2992 5174 3048 5218 et
3100 5164 3247 5232 ipsos
3275 5165 3528 5216 homines

1963 5261 2008 5315 si
2062 5255 2359 5313 necessitas
2411 5266 2602 5324 urget;
2653 5269 2828 5323 neque
2869 5253 3165 5321 quidquam
3215 5265 3310 5304 eos
3355 5251 3530 5319 impe-

1964 5341 2102 5405 dire.
2137 5349 2260 5404 Haec
2299 5349 2462 5417 igitur
2503 5361 2768 5412 responsa
2818 5345 3066 5398 tulerunt
3110 5353 3170 5396 ut
3204 5343 3280 5394 iili
3315 5342 3530 5398 dicunt.

1965 5441 2070 5497 Sed
2117 5440 2217 5493 alia
2244 5455 2366 5508 qua:
2410 5437 2919 5490 animadverterunt
2960 5433 3107 5489 taciti
3139 5444 3194 5488 ct
3227 5434 3294 5488 de
3329 5435 3531 5502 quibus

1964 5548 2088 5588 eum
2122 5547 2226 5584 non
2278 5539 2620 5599 rogaveram,
2681 5543 2803 5580 cum
2843 5526 2947 5582 sibi
2984 5541 3308 5595 persuasum
3356 5525 3526 5578 hahe-

1965 5633 2084 5676 rent
2119 5621 2282 5688 impia
2326 5635 2387 5672 ea
2429 5633 2549 5672 esse
2578 5625 2631 5670 et
2658 5615 2977 5672 detestanda
3029 5625 3084 5669 et
3120 5615 3402 5669 diabolica:
3429 5613 3525 5666 do-

1965 5713 2152 5768 ctrina:
2193 5725 2376 5779 opera,
2409 5723 2638 5778 quaeque
2679 5705 2952 5777 episcopis
2983 5707 3282 5760 retulerant
3322 5714 3376 5758 et
3427 5720 3522 5768 ett,-
