4060 6204
310 256 402 326 431
1202 268 1670 331 -BYZANTIN:E
1713 263 2095 327 IIISTORHE
2133 271 2277 330 LIB.
2321 271 2615 333 XXXVII.

3448 267 3557 332 4°?

310 381 636 452 ἐπεπράχει,
689 383 785 437 καὶ
835 383 1081 456 ἐλελήθει
1134 385 1260 439 καθ’
1307 385 1505 438 ἑαυτοῦ
1551 384 1876 455 συρῤάπτων

1990 396 2141 442 cerat
2173 402 2274 458 pro
2316 387 2382 442 iis
2427 403 2549 458 quae
2599 386 2848 454 fecerat;
2881 395 2937 442 et
2987 401 3109 442 cum
3163 398 3455 442 tonsueret
3501 397 3559 442 et

311 473 403 524 καὶ
439 473 798 538 συσκευάζων
835 471 918 538 οἷς
947 475 1110 538 αὐτὸς
1140 477 1340 529 αὐτίκα
1382 474 1881 544 περιστοιχίζεσθαι

309 564 542 635 ήμελλεν
594 565 860 633 ἀφύκτοις
916 571 1012 621 καὶ
1075 569 1314 639 ἰσχυροῖς
1363 567 1623 629 δικτύοις.
1679 567 1740 620 Οἱ
1774 566 1883 634 γάρ

309 655 747 726 κατηγοροῦντες
787 657 955 712 αὐτοῦ
995 660 1105 713 τῶν
1147 659 1196 712 τ’
1229 659 1546 713 ἐπισκόπων
1586 657 1680 711 καὶ
1711 675 1883 728 πρεσ-

307 743 552 816 ϐυτέρων
589 745 660 799 τά
692 744 742 796 τ’
787 746 922 800 ἄλλα
971 747 1284 818 προῦφερον
1337 749 1418 810 είς
1465 748 1740 811 ἀπόδειξιν
1787 745 1882 800 τοῦ

307 837 601 908 ψεύδεσθαι
632 838 915 907 προδήλως
948 839 1136 906 αὐτὸν,
1161 841 1256 893 καὶ
1285 840 1383 908 οὐχ
1424 840 1624 910 ἥκιστα
1648 840 1746 910 τήν
1780 856 1886 909 μα-

310 929 450 998 κράν
484 945 542 980 τε
576 929 670 981 καὶ
694 929 974 1001 ἄρρηκτον
1001 930 1096 984 τοῦ
1130 931 1403 1001 Σκορπίου
1427 931 1633 999 φιλίαν,
1659 930 1719 984 δν
1750 929 1882 983 πολ-

311 1020 403 1072 λαὶ
431 1021 732 1090 μαρτυρίαι
768 1023 860 1074 καὶ
897 1022 1102 1093 σφόδρα
1133 1023 1327 1092 σαφεῖς
1357 1022 1420 1076 ἐκ
1454 1022 1648 1076 πολλοῦ
1684 1022 1880 1075 Μασα-

310 1111 492 1164 λιανὸν
537 1109 677 1164 εἶναι
727 1113 1176 1183 κατεψηφίσαντό
1221 1130 1280 1166 τε
1313 1114 1408 1168 καὶ
1440 1114 1529 1167 ἀεὶ
1566 1113 1882 1184 καταψηφί-

306 1201 518 1268 ζονται,
554 1202 686 1257 πολὺ
719 1203 780 1257 τὸ
825 1205 1236 1276 άναμφίὶεκτον
1278 1207 1499 1276 ἔχουσαι
1555 1206 1650 1261 καὶ
1679 1206 1883 1276 ἥκιστα

305 1294 462 1362 νέφει
497 1294 951 1365 συγκρύπτεσθαι
981 1296 1279 1367 δυνάμεναι
1309 1298 1626 1367 πλάσματος
1647 1297 1878 1360 οὐδενός.

305 1384 399 1455 Τῷ
456 1385 566 1454 γὰρ
608 1385 707 1457 τὴν
753 1385 918 1440 αὑτοῦ
958 1386 1142 1454 φιλίαν
1189 1387 1250 1452 ἐξ
1281 1388 1453 1458 ἀρχῆς
1483 1386 1884 1441 άναπόσπαστα

302 1477 636 1547 κεκτημένῳ
664 1481 762 1532 καὶ
791 1471 901 1531 οἷον
937 1479 994 1532 ἐν
1025 1481 1138 1544 τοῖς
1187 1480 1287 1549 τῆς
1340 1479 1570 1550 καρδίας
1616 1480 1883 1549 θαλάμοις

299 1565 881 1639 άγαλματοφοροῦντι,
927 1570 1012 1633 τίς
1040 1571 1105 1625 ἄν
1143 1586 1273 1625 ποτε
1309 1571 1652 1625 πιστεύσειεν
1689 1571 1882 1635 ἄλλους

297 1660 549 1732 ἐλέγχειν
586 1663 1010 1734 ἐγκαυχωμένῳ,
1045 1665 1138 1719 καὶ
1192 1667 1255 1720 οὐ
1311 1667 1456 1736 μάλα
1500 1666 1702 1736 μᾶλλον
1745 1683 1884 1732 συμ-

1988 479 2342 534 contraheret
2396 481 2555 534 latuit
2602 495 2748 542 eum,
2779 479 3051 548 quomodo
3078 478 3145 534 iis
3191 479 3305 547 ipse
3351 478 3551 534 deinde

1989 579 2245 640 tanquam
2278 570 2710 642 ineﬂ‘ugibilibus
2735 580 2792 625 et
2835 570 3164 626 iirmissimis
3213 570 3427 640 laqueis
3458 586 3554 624 ca-

1986 671 2231 731 peretur.
2277 662 2640 715 Accusatores
2663 661 2810 715 enim
2839 677 2905 716 ex
2938 661 3213 731 episcopis
3261 671 3315 715 et
3370 660 3554 714 seniu-

1992 754 2148 808 ribus
2171 769 2294 809 cum
2327 754 2430 808 alia
2484 754 2837 824 proferebant
2867 754 2934 808 ad
2987 753 3290 808 manifesta:
3345 751 3556 806 fraudis

1991 858 2116 897 eum
2148 845 2574 913 coargeundum,
2605 852 2718 897 tum
2750 843 3065 899 diuturnam
3091 853 3147 898 et
3174 844 3554 899 inconcussam

1984 933 2282 989 amicitiam
2315 933 2668 1004 Scorpionis;
2724 950 2891 1005 quem
2919 934 3080 1007 544
3108 935 3276 990 multa
3313 937 3558 991 testimo-

1983 1025 2076 1079 nia
2113 1039 2286 1095 eaque
2319 1024 2479 1080 valde
2511 1034 2698 1094 aperta
2719 1027 2832 1096 jam
2864 1036 3024 1080 att-tea
3069 1025 3268 1095 saepius
3329 1040 3558 1080 accusa-

1983 1129 2179 1172 verant
2210 1127 2266 1171 et
2293 1133 2512 1187 semper
2533 1125 2812 1182 accusant,
2841 1133 2966 1172 cum
3029 1133 3276 1189 magnam
3328 1117 3556 1171 ﬁrmita-

1988 1214 2095 1260 tem
2129 1206 2390 1272 habeant,
2429 1223 2606 1276 neque
2636 1207 2744 1262 ullo
2794 1207 2959 1261 modo
3008 1207 3191 1278 obtegi
3251 1209 3465 1278 possint
3521 1225 3548 1257 ει

1987 1312 2261 1368 quoquam
2286 1298 2431 1352 nube
2461 1299 2780 1353 commenti.
2808 1296 2942 1364 Quis
2971 1297 3118 1352 enim
3145 1299 3220 1360 ei,
3265 1298 3358 1367 qui
3397 1296 3556 1350 isti'us

1985 1388 2284 1443 amicitiam
2314 1388 2383 1443 ab
2420 1389 2578 1444 initio
2611 1388 2682 1444 ita
2735 1389 2975 1444 servavit
3023 1395 3084 1442 ut
3118 1403 3396 1458 nunquam
3457 1389 3555 1442 de-

1987 1481 2233 1543 sciverit,
2273 1495 2504 1550 eamque
2534 1481 2589 1534 in
2617 1480 2801 1535 cordis
2834 1480 2918 1535 sui
2960 1478 3178 1550 angulis
3195 1480 3350 1549 quasi
3381 1478 3557 1532 simu-

1986 1571 2194 1626 lacrum
2226 1587 2410 1627 secum
2443 1571 2728 1642 fert,quis,
2753 1572 2898 1637 dico,
2922 1571 2972 1627 ei
3004 1572 3116 1626 ullo
3147 1571 3310 1626 modo
3343 1569 3550 1631 credat.

1987 1663 2030 1716 si
2057 1661 2193 1716 alios
2211 1677 2505 1733 coarguere
2526 1662 2823 1732 praesumit,
2844 1675 3022 1730 neque
3049 1661 3230 1731 potius
3255 1660 3434 1730 ipsum
3462 1660 3557 1714 iis-

298 1753 523 1822 μύστην
551 1756 790 1820 ἐκείνοις
821 1753 963 1811 εῖναι
1011 1759 1106 1811 καὶ
1141 1760 1398 1813 κοινωνὸν
1443 1761 1530 1814 ἀεὶ
1571 1760 1876 1830 καταψηφί-

1986 1756 2110 1808 dem
2137 1755 2306 1807 sacris
2333 1752 2608 1807 initiatum
2630 1762 2687 1808 et
2719 1753 2930 1807 socium
2988 1752 3204 1807 ill-orum
3262 1751 3557 1807 manifesto

295 1845 454 1909 ζοιτο
484 1850 778 1918 προφανῆ;
813 1849 1091 1918 Τέτταρας
1123 1850 1187 1920 δὴ
1219 1847 1314 1906 οὖν
1343 1851 1548 1913 ταύτας
1581 1851 1883 1921 ξυνειλοχέ·

293 1953 392 1990 ναι
427 1939 542 2001 τοῖς
573 1939 900 2008 κατηγόροις
947 1943 1262 2008 προτάσεις,
1314 1941 1416 1994 οὐκ
1459 1939 1683 1995 ἄλλοθέν
1717 1941 1882 1995 ποθεν

291 2023 422 2076 ἀλλ’
460 2025 521 2089 ἐξ
566 2017 640 2079 ὦν
693 2026 859 2089 αὐτὸς
915 2027 1058 2096 ὑπὲρ
1107 2028 1301 2082 ἐαυτοῦ
1359 2029 1693 2100 προήνεγκε,
1741 2028 1882 2093 τέως

290 2113 623 2182 γεγένηται,
657 2116 874 2185 πρῶτον
909 2117 1009 2188 μὲν
1039 2119 1120 2171 ὅτι
1169 2120 1565 2191 μυσαρωτέραν
1594 2121 1688 2174 καὶ
1718 2121 1881 2184 αὐτὸς

295 2206 541 2260 ἁπασῶν
580 2208 848 2278 αἱρέσεων
891 2211 991 2280 τήν
1032 2210 1141 2265 τῶν
1174 2211 1534 2265 Μασαλιανῶν
1579 2211 1881 2283 ἡγούμενος

292 2299 540 2370 αἵρεσιν,
577 2299 652 2364 ῶς
687 2319 820 2370 φησι
856 2301 974 2368 νῦν,
1019 2305 1116 2357 καὶ
1163 2304 1423 2368 συνειδὼς
1463 2305 1541 2374 τῷ
1593 2305 1707 2375 δρει
1758 2307 1880 2359 τότε

291 2391 769 2459 ἐπιπολάζουσαν,
792 2394 892 2447 οὐκ
917 2395 1258 2466 ἁνεκάλυψεν
1283 2395 1406 2450 οὔτε
1434 2399 1542 2468 πρὸ
1572 2398 1680 2452 τῶν
1704 2398 1881 2453 ἄλλων

290 2483 430 2536 οὔτε
462 2485 602 2554 μετά
630 2487 757 2549 τοὺς
789 2485 1002 2552 ἄλλους,
1057 2487 1180 2542 οὔτε
1226 2490 1348 2543 τότε
1387 2489 1510 2544 οὔτε
1545 2492 1662 2562 μετ’
1699 2491 1882 2561 ὀλίγον

290 2573 490 2635 εὐθὺς,
535 2573 826 2628 καὶταῦτα
865 2575 973 2627 τῶν
1007 2575 1218 2630 πολλῶν
1255 2572 1335 2642 εἷς
1361 2577 1436 2631 ῶν
1485 2581 1580 2633 καὶ
1611 2580 1771 2642 αὐτὸς
1799 2575 1881 2642 οἷς

293 2666 684 2732 συμπαρεῖναι
727 2664 1034 2735 τηνικαῦτα
1083 2666 1178 2718 καὶ
1215 2666 1522 2736 ἀκροᾶσθαι
1569 2667 1876 2724 συνέϐαινε.

293 2755 574 2826 Δεύτερον
601 2756 659 2810 δέ
690 2757 806 2821 πῶς
835 2757 956 2811 τότε
991 2758 1126 2829 μηδέ
1160 2761 1483 2830 συνηγορεῖν
1517 2759 1648 2827 γοῦν
1685 2759 1879 2830 βουληο

293 2849 417 2910 Θεὶς
457 2849 571 2912 τοῖς
603 2849 752 2914 ὅπως
796 2848 928 2903 ποτέ
956 2849 1370 2920 ἁνακαλύψασιν
1402 2851 1583 2914 ἄλλοις
1612 2853 1878 2924 τοσαύτην

293 2941 509 2991 κακίαν
557 2940 694 3004 ἐκεῖ,
753 2940 869 2994 ἀλλ’
926 2940 1070 2994 οὕτω
1127 2943 1367 3013 μακραῖς
1419 2943 1556 2996 ἐτῶν
1608 2946 1879 3011 περιόδοις

291 3029 494 3100 ῶσπερ
534 3031 654 3083 τινὰ
708 3029 984 3102 θησαυρὸν
1047 3030 1372 3100 θαλαμεύων
1431 3035 1488 3086 ἐν
1536 3035 1732 3106 καρδίᾳ
1783 3039 1877 3088 καὶ

291 3120 470 3191 μέχρι
502 3118 598 3173 νύν
653 3121 1007 3190 περιθάλπων
1049 3122 1354 3194 άνέκφορον
1405 3125 1504 3195 τὴν
1560 3130 1681 3178 κατ’
1737 3122 1876 3192 εἶδος

289 3211 642 3282 προαγωγὴν
671 3212 765 3265 καὶ
792 3215 1112 3284 σαφήνειαν,
1144 3213 1335 3268 ἔπειτα
1365 3214 1460 3270 νῦν
1502 3218 1876 3288 ἐκπομπεύειν

290 3304 502 3370 ἐθέλει,
531 3302 626 3357 τοῦ
656 3307 769 3368 τοῖς
799 3304 1040 3375 ἐλέγχοις
1076 3305 1246 3361 πάλαι
1277 3308 1648 3378 προσήκοντος
1679 3312 1873 3379 χρόνου

292 3397 532 3458 στάντος
563 3395 627 3448 ἐκ
657 3395 975 3466 διαμέτρου,
1023 3397 1348 3467 καταφυγήν
1378 3397 1666 3474 λεληθυῖαν
1696 3400 1876 3471 οἶόμε·

289 3498 385 3546 νος
416 3482 554 3544 ῐτως
581 3482 856 3553 θηρᾶσθαι
893 3500 1018 3538 τινα
1060 3484 1158 3538 νῦν
1187 3485 1324 3556 πρὸς
1357 3487 1706 3558 ἀπαλλαγήν.
1739 3487 1873 3559 Τρί-

289 3588 387 3628 τον
421 3574 481 3626 δέ
513 3575 632 3638 πῶς
677 3575 844 3656 πολὺν
893 3576 993 3648 ήδη
1050 3575 1114 3649 υ.
1156 3576 1264 3631 268
1311 3575 1369 3649 α]
1409 3578 1600 3649 χρόνον
1642 3596 1875 3649 κατηγο-

293 3656 704 3736 ρούμενον’τδν
734 3657 998 3738 Σκορπιον
1053 3670 1110 3721 ἐν
1152 3669 1362 3739 ἀκμαῖς
1409 3670 1494 3724 ἀεὶ
1543 3673 1874 3740 πρακτικαῖς

289 3764 391 3829 τῆς
421 3760 683 3830 τοιαύτης
712 3760 977 3831 αἱρέσεως
1007 3755 1170 3828 εῖναι,
1202 3763 1297 3816 καὶ
1325 3763 1538 3816 πολλῶν
1563 3764 1873 3834 ἐρχομένων

289 3845 649 3917 γραμμάτων
683 3848 746 3900 ἐκ
777 3847 888 3901 τῶν
927 3847 1019 3901 τοῦ
1058 3848 1218 3916 ὅρους
1255 3850 1452 3920 τιμίων
1487 3851 1696 3922 ἀνδρῶν
1739 3867 1875 3922 προ·

287 3938 476 4007 δήλως
505 3935 607 4008 τὴν
640 3936 878 4022 άρχαίαν
904 3938 1000 3992 καὶ
1039 3938 1204 4008 μέχρι
1238 3938 1334 3993 νῦν
1360 3938 1630 3994 ἀνθοῦσαν
1656 3940 1870 3993 ἐκείνου

288 4028 501 4084 κακίαν
530 4026 942 4097 ἐξελεγχόντων,
978 4029 1141 4093 αὐτὸς
1184 4030 1276 4084 ἀεὶ
1301 4031 1580 4102 περιέπων
1608 4033 1873 4102 ἐγκαρτε-

291 4123 404 4192 ρεῖ,
439 4121 724 4190 πρόμαχος
761 4118 973 4191 ἄμαχος
1004 4121 1196 4190 ἐκείνῳ
1224 4123 1519 4192 γενόμενος
1549 4126 1641 4177 καὶ
1679 4124 1871 4190 στῦλος

288 4211 476 4263 εἰπεῖν
519 4210 903 4280 ἀδαμάντινος,
938 4211 1032 4264 καὶ
1075 4212 1225 4281 θαμά
1267 4211 1430 4282 βοῶν,
1463 4215 1560 4267 καὶ
1608 4214 1712 4283 γῆν
1747 4218 1873 4268 ἁνα-

267 4303 502 4373 νμιγνὺς
545 4301 779 4372 οὐρανῷ,
819 4301 914 4355 καὶ
949 4303 1091 4356 κατά
1133 4304 1261 4367 τοὺς
1299 4305 1657 4375 μαινομένους
1689 4307 1748 4357 τὸ
1775 4306 1872 4376 τῆς

1983 1845 2387 1915 deprehensum
2408 1845 2660 1899 accusat?
2714 1844 2906 1913 Itaque
2956 1843 3160 1898 factum
3213 1851 3274 1898 ut
3317 1853 3555 1912 quatuor

1983 1935 2081 1990 has
2113 1949 2308 1989 causas
2344 1943 2687 1988 accusatores
2713 1933 3054 2004 colligerent,
3089 1948 3196 1986 non
3237 1948 3304 1987 ex
3332 1933 3549 1998 alienis,

1983 2028 2079 2082 sed
2111 2027 2272 2082 exiis
2295 2041 2416 2095 qum
2463 2025 2554 2080 ille
2586 2025 2704 2093 ipse
2726 2025 2792 2079 de
2835 2040 2894 2080 se
2931 2035 3303 2081 concesserat.
3355 2026 3415 2081 In
3466 2025 3556 2081 his

1983 2119 2160 2190 prima
2198 2137 2210 2172 :
2253 2117 2399 2188 quod
2433 2116 2854 2171 Masalianorum
2894 2117 3144 2172 heresim
3192 2132 3355 2188 quam
3404 2134 3556 2173 nunc

1983 2210 2102 2280 ipse
2125 2209 2258 2263 dicit
2283 2208 2527 2264 omnium
2563 2221 2685 2262 esse
2712 2207 3182 2275 scelestissimam,
3220 2220 3386 2264 antea
3422 2225 3552 2264 cum

1984 2301 2040 2356 in
2074 2311 2259 2356 monte
2309 2299 2554 2355 exerceri
2590 2315 2707 2354 eam
2769 2308 3112 2369 compertum
3140 2301 3388 2366 haberet,
3439 2316 3554 2355 non

1984 2391 2200 2457 retexit,
2228 2406 2407 2461 neque
2436 2399 2562 2444 ante
2593 2391 2732 2445 alios
2761 2406 2940 2459 neque
2972 2399 3091 2460 post
3139 2391 3298 2455 alios,
3368 2408 3550 2461 neque

1984 2492 2098 2539 tum
2127 2497 2306 2552 neque
2359 2493 2589 2552 postea;
2648 2483 2886 2551 etquod
2940 2483 3057 2551 ipse
3125 2498 3270 2537 unus
3315 2499 3382 2538 ex
3442 2483 3556 2540 illis

1982 2575 2190 2636 multis,
2224 2573 2423 2642 quibus
2456 2580 2569 2627 tum
2626 2573 2890 2626 intererat
2921 2582 2977 2626 et
3008 2588 3147 2642 quos
3190 2573 3422 2628 audivit.
3456 2575 3552 2629 Αι.

1985 2675 2120 2729 tera,
2155 2661 2301 2733 quod
2331 2671 2445 2716 tum
2496 2677 2565 2716 ne
2628 2677 2750 2716 cum
2777 2662 2900 2717 aliis
2937 2663 3160 2731 quidem
3197 2665 3289 2733 qui
3318 2665 3391 2718 ibi
3432 2674 3552 2719 tau.

1983 2768 2096 2812 tum
2120 2755 2302 2813 scelus
2333 2751 2675 2822 aperiebant,
2702 2754 3109 2807 accusationem
3139 2753 3318 2809 facere
3351 2753 3553 2823 voluit,

1981 2848 2078 2905 sed
2147 2863 2246 2918 per
2299 2844 2503 2899 multos
2552 2859 2728 2898 annos
2783 2853 3043 2913 tanquam
3106 2844 3425 2899 thesaurum
3491 2846 3548 2900 in

1980 2941 2145 2997 corde
2175 2937 2454 2994 conditum
2505 2951 2678 3006 usque
2705 2935 2771 2990 ad
2806 2935 2911 2991 hoc
2941 2944 3156 3006 tempus
3179 2936 3314 2990 fovit
3345 2947 3404 2991 ut
3433 2952 3551 2993 rem

1979 3030 2362 3101 quatueﬂ'erre
2395 3028 2622 3082 timebat
2653 3036 2877 3097 propter
2906 3026 3016 3080 vim
3049 3028 3548 3093 testimoniignunc

1985 3136 2113 3175 vero
2146 3118 2320 3173 multo
2345 3119 2458 3189 jam
2500 3116 2762 3186 temporis
2827 3117 3120 3172 intervallo
3161 3132 3271 3187 quo
3325 3133 3550 3173 accusa-

1984 3215 2188 3268 tionem
2218 3211 2396 3265 facere
2419 3223 2547 3264 eum
2577 3208 2868 3278 oportebat
2897 3208 3271 3277 praeterlapso,
3303 3208 3556 3277 proferre

1981 3305 2120 3368 vult,
2161 3301 2320 3375 545
2348 3311 2544 3372 putans
2592 3315 2658 3355 eo
2685 3315 2743 3356 se
2780 3299 3053 3365 refugium
3109 3299 3315 3356 habere
3349 3300 3415 3354 ad
3447 3302 3552 3356 de.

1981 3394 2308 3450 fensionem.
2382 3391 2566 3447 Tertia
2625 3405 2776 3455 vero,
2827 3389 2973 3460 quod
3027 3387 3382 3457 Scorpionem
3431 3392 3548 3462 jam

1979 3486 2144 3556 longo
2181 3500 2249 3539 ex
2301 3467 2547 3554 tempore
2593 3491 2908 3536 accusatum
2961 3482 3056 3551 qui
3095 3481 3300 3550 primas
3328 3495 3555 3552 semper

1979 3587 2162 3651 partes
2193 3577 2248 3632 in
2279 3575 2469 3631 haeresi
2502 3575 2594 3630 illa
2613 3583 2919 3638 exerceret,
2978 3584 3032 3651 et
3063 3573 3118 3629 in
3178 3590 3340 3645 quem
3373 3577 3548 3631 multa

1978 3649 2183 3740 scripta
2204 3669 2418 3739 vulgata
2443 3675 2571 3722 sunt
2624 3682 2654 3721 a
2699 3667 2834 3721 viris
2893 3668 2948 3720 itt
3003 3649 3189 3722 monte
3240 3669 3542 3736 praeclaris,

1977 3779 2100 3834 quae
2137 3762 2314 3833 palam
2344 3769 2400 3815 et
2431 3759 2614 3815 adhuc
2636 3757 2887 3814 ﬂorentis
2918 3759 3219 3830 impietatis
3254 3775 3381 3814 eum
3416 3775 3550 3814 cou-

1978 3854 2402 3924 viceruuthipse
2433 3867 2649 3920 semper
2677 3851 2912 3921 protegit
2933 3859 2990 3906 et
3041 3851 3312 3906 incitatut
3341 3867 3547 3922 propu-

1978 3957 2171 4021 gnator
2201 3947 2289 4004 cui
2321 3945 2424 4016 ipsi
2459 3960 2568 3999 non
2633 3944 3005 4014 impugnatur,
3072 3953 3129 4001 et
3183 3956 3242 4001 ut
3285 3946 3545 4001 columna

1979 4039 2367 4107 adamantina};
2413 4035 2563 4106 quod
2591 4035 2744 4089 vocis
2773 4035 3066 4090 tumultum
3107 4037 3219 4092 edit
3255 4046 3310 4094 et
3338 4046 3542 4092 terram

1979 4135 2116 4189 coelo
2153 4131 2470 4188 commiscet
2505 4138 2562 4183 et
2606 4142 2760 4182 more
2789 4127 3108 4193 insanorum
3147 4131 3348 4185 mentis
3375 4131 3546 4187 stabi-

1977 4225 2187 4280 litatem
2240 4231 2426 4278 servat
2453 4228 2510 4276 et
2559 4221 2711 4292 gravi
2774 4223 3153 4276 exsecratione
3202 4237 3395 4278 omnes
3447 4223 3544 4295 qui

1978 4316 2129 4372 omni
2186 4315 2418 4370 crimine
2465 4312 2622 4368 vacui
2685 4322 2814 4367 sunt
2869 4311 3220 4378 condemnat,
3255 4323 3546 4383 propterea

288 4394 530 4464 γνώμης
567 4393 855 4462 ἱστάμενον
891 4393 1247 4465 ἐλαυνόμενος
1291 4397 1387 4450 καὶ
1430 4397 1637 4461 πάντας
1678 4398 1874 4451 ἀναθέ-

1981 4407 2123 4476 quod
2182 4405 2535 4474 Scorpionem
2585 4418 2849 4458 accusare
2901 4418 3007 4457 nou
3069 4405 3282 4458 timent.
3334 4403 3545 4469 Quarta

293 4502 434 4555 ματι
474 4483 676 4554 μακρῷ
703 4483 1110 4554 παραπέμπων,
1144 4485 1243 4553 οὐχ
1270 4483 1318 4536 οἳ
1352 4485 1560 4548 τούτοις
1589 4486 1864 4556 ἐνέχονται

291 4580 412 4638 τοῖς
461 4574 822 4644 ἐγκλήμασιν,
870 4575 986 4628 ἀλλ’
1026 4574 1078 4628 οἶ
1134 4573 1213 4645 τῷ
1266 4577 1518 4646 Σκορπίῳ
1562 4578 1866 4648 ἐνεχομένῳ

292 4669 601 4742 προφέρειν
651 4669 831 4739 ἥκιστ’
878 4669 1117 4724 ὀκνοῦσι.
1182 4670 1294 4725 Καὶ
1341 4671 1596 4742 τέταρτον
1648 4673 1728 4725 ὅτι
1779 4674 1870 4724 καὶ

294 4765 469 4832 μέχρι
501 4760 598 4815 νῦν
629 4761 760 4831 ὁρᾷν
797 4759 1135 4830 ἰσχυρίζεται
1165 4761 1258 4815 τὸν
1304 4761 1466 4831 μόνον
1512 4762 1871 4816 ἀναλλοίωτον

290 4871 356 4906 τε
384 4853 482 4906 καὶ
516 4851 774 4905 ἄκτιστον
800 4851 956 4916 Θεὸν,
1000 4851 1115 4920 φῶς
1149 4848 1338 4920 ἔτερόν
1371 4868 1430 4904 τε
1477 4853 1575 4904 καὶ
1612 4851 1870 4906 ἄκτιστον

293 4944 362 4996 ἐκ
405 4941 713 5012 μεταὸολῆς
755 4941 893 5012 πρὸς
946 4942 1008 4994 τὸ
1061 4943 1348 5010 ὑφειμένον
1394 4943 1680 5012 γινόμενον
1720 4943 1872 5014 αύτῷ

292 5033 580 5104 τρυφῶντι
610 5033 704 5086 καὶ
753 5031 1159 5103 βλακευομένῳ.
1193 5032 1374 5087 Ταῦτα
1422 5035 1486 5102 δὴ
1539 5035 1742 5101 πάντα,
1776 5035 1871 5090 καὶ

293 5127 351 5179 εἰ
377 5143 432 5178 τι
477 5125 684 5177 τούτων
727 5125 1008 5191 ἐπέκεινα,
1040 5125 1329 5195 προτάσεις
1375 5128 1526 5189 τινας
1567 5125 1872 5192 ἐκτιθέντες

295 5217 707 5287 ἀναμφισόλους
738 5218 1219 5288 ἀναμφισϐήτητον
1251 5220 1324 5282 ὼς
1355 5219 1503 5282 εἰκὸς
1545 5220 1752 5288 ἐπῆγον
1777 5220 1872 5272 κα)⁸

297 5309 364 5361 τδ
394 5309 786 5380 συμπέρασμα,
823 5310 967 5377 λέγω
995 5309 1058 5380 δὴ
1105 5310 1165 5361 τὸ
1210 5309 1555 5363 Μασαλιανδν
1601 5311 1871 5380 ὑπάρχειν

298 5402 468 5454 αὑτὸν
493 5401 555 5466 ἐξ
578 5390 750 5472 ἀρχῆς
777 5419 834 5454 τε
863 5401 956 5454 καὶ
980 5403 1145 5472 μέχρι
1172 5401 1412 5472 τήμερον
1444 5403 1870 5473 ἀναμφίλεκτον·

298 5490 447 5548 εῖναι
473 5497 583 5565 γὰρ
616 5495 829 5564 ἀξίωμα
858 5494 1018 5547 τοῦτο
1065 5495 1230 5550 πάλαι
1264 5495 1506 5566 κυρωθὲν
1535 5498 1644 5560 τοῖς
1678 5514 1736 5550 τε
1776 5496 1870 5548 θύ-

306 5588 473 5656 ραθεν
533 5589 628 5640 καὶ
678 5587 966 5656 ἡμετέροις
1005 5586 1114 5641 τῶν
1167 5587 1525 5654 διδασκάλων,
1557 5589 1615 5654 ἐξ
1653 5588 1872 5659 ἀληθῶν

301 5684 401 5736 καὶ
430 5679 844 5746 ἀναμφιλέκτων
873 5681 1015 5750 ὅρων
1044 5680 1137 5732 καὶ
1163 5679 1477 5747 προτάσεως
1503 5679 1700 5750 ἀληθὲς
1731 5683 1868 5752 ὁμοῦ

1981 4497 2242 4566 denique,
2301 4494 2446 4565 quod
2482 4493 2553 4549 ad
2604 4494 2750 4547 hunc
2781 4493 2922 4548 diem
2969 4494 3437 4565 comprehendere
3482 4513 3546 4553 se

1980 4591 2115 4644 dicit
2147 4587 2326 4642 solum
2358 4584 2756 4641 immutabilem
2785 4591 2844 4638 et
2869 4583 3172 4638 increatum
3211 4587 3403 4651 Deum,
3462 4588 3547 4658 lu-

1978 4696 2102 4736 men
2147 4680 2377 4734 alterum
2429 4685 2485 4732 et
2518 4676 2846 4741 increatum,
2874 4683 2933 4730 ut
2981 4691 3049 4730 ex
3081 4677 3434 4734 translatione
3473 4679 3541 4734 ad

1977 4774 2278 4844 subjectum
2302 4769 2606 4840 profectum
2643 4768 2893 4823 insolenti
2927 4768 3001 4822 illi
3037 4777 3090 4822 et
3129 4768 3392 4824 deuteuti.
3447 4770 3545 4828 llis

1977 4881 2109 4920 vero
2139 4873 2196 4918 et
2243 4861 2366 4916 aliis
2419 4859 2607 4915 multis
2659 4859 3126 4929 propositionibus
3173 4860 3399 4929 prolatis
3446 4863 3548 4917 mi-

1977 4957 2126 5012 nime
2147 4954 2352 5020 dubiis,
2391 4962 2452 5008 ut
2502 4959 2931 5006 consentaneum
2985 4959 3095 5019 est,
3130 4953 3544 5009 conclusionem

1977 5063 2089 5103 non
2129 5045 2349 5101 dubiant
2395 5043 2737 5113 adjecerunt,
2785 5041 3000 5097 scilicet
3054 5044 3192 5097 citra
3221 5053 3545 5100 controver-

1977 5142 2112 5196 siam
2143 5152 2287 5199 esse.
2310 5152 2435 5192 eum
2477 5134 2545 5190 ab
2577 5135 2737 5189 initio
2769 5143 2825 5190 et
2851 5134 2918 5189 ad
2954 5135 3007 5189 id
3038 5147 3254 5205 tempus
3299 5136 3546 5192 Masalia-

1980 5247 2062 5285 nae
2127 5228 2317 5284 haeresi
2357 5227 2634 5281 addictum
2693 5225 2882 5280 fuisse.
2939 5226 3055 5281 lloc
3114 5227 3262 5281 enim
3331 5229 3545 5283 axioma

1981 5322 2135 5376 valde
2173 5320 2462 5390 probatum
2494 5325 2578 5372 est
2627 5327 2684 5373 et
2724 5318 2971 5373 externis
3024 5328 3079 5373 ct
3109 5321 3312 5374 nostris
3370 5323 3544 5390 magi-

1979 5415 2135 5478 stris,
2167 5429 2197 5468 e
2249 5411 2392 5466 veris
2423 5421 2612 5466 etnon
2658 5411 2929 5482 ambiguis
2961 5412 3428 5482 pr0positionibus
3450 5429 3546 5466 ve-

1981 5525 2093 5562 ram
2124 5519 2178 5562 ct
2204 5506 2512 5562 evidentem
2545 5506 2958 5562 conclusionem
2997 5509 3311 5563 necessario
3349 5523 3545 5563 conse-

1978 5600 2095 5671 qui.
2128 5599 2496 5665 Quamobrem
2533 5599 2673 5656 forte
2705 5599 2868 5671 546
2902 5609 3032 5654 tunc
3096 5599 3392 5668 episcopali
3453 5599 3544 5653 di-

1979 5694 2182 5763 gnitate
2208 5705 2334 5746 cum
2360 5691 2722 5760 expulissent,
2755 5693 2858 5746 nisi
2886 5691 3159 5748 anxietate
3181 5690 3542 5760 ct_timiditate
