4060 6204
465 255 570 320 483

1664 226 2076 299 NlCEPllOlll
2116 232 2495 296 GREGORAS

3580 228 3682 290 £8i

454 371 631 429 animi
655 367 1009 440 perturbatus
1065 364 1349 432 utriusque
1403 359 1535 428 imp.
1574 356 1663 410 ille
1693 354 2021 411 benevolen-

2130 354 2223 405 καὶ
2254 352 2646 420 ἀναντίρρητον
2679 346 2736 414 ἐξ
2785 346 3027 417 ἀνάγκης
3065 340 3328 399 εἶναικαὶ
3370 340 3431 396 τδ
3475 345 3685 412 συμπέ-

457 470 586 520 tiam
611 461 862 532 precibus
881 466 933 512 et
958 456 1208 528 plurimis
1241 450 1491 522 latrynis
1519 448 1619 503 sibi
1653 455 2021 516 tomparasst-t

455 564 514 609 et
567 529 759 607 eorum
817 547 911 618 qui
945 543 1087 615 apud
1140 544 1309 611 impp.
1343 545 1499 593 erant
1536 535 1797 589 auxilium
1852 529 2020 586 multa

461 643 777 699 adulatione
833 648 890 694 et
948 636 1109 693 donis
1162 631 1505 687 redemisset.
1570 625 1757 697 Itaque
1813 625 2011 679 factum

460 748 518 792 ut
547 750 645 806 pro
670 733 839 802 impp.
864 729 1142 784 voluntate
1174 740 1280 778 non
1309 720 1540 801 amplius
1571 728 1632 773 ut
1665 716 1930 773 scelestus
1964 724 2016 768 et

457 805 781 882 temerarius
836 822 1001 875 homo
1040 816 1353 880 haberetur,
1393 824 1571 880 neque
1614 816 1674 864 ut
1709 805 2015 876 exetnplum

457 919 614 987 quale
642 925 803 971 antea
826 920 945 969 erat
976 907 1264 965 dementiae
1321 916 1379 959 et
1413 903 1571 972 cujus
1599 899 1749 955 nulla
1807 906 1893 953 est
1925 910 2019 952 cx-

454 1005 689 1063 cusatio.

2129 459 2331 513 ρασμα.
2364 443 2470 494 Καὶ
2500 439 2616 510 τάχ’
2645 440 2711 493 ἂν
2740 439 2992 503 ὲξωθεῖτο
3013 438 3109 507 τῆς
3138 434 3504 505 ἑπισκοπικῆς
3533 433 3687 499 ἀξίας

2126 531 2266 596 τότε,
2294 531 2343 584 εί
2378 534 2452 601 μὴ
2483 530 2655 602 δειλία
2694 531 2788 583 καὶ
2814 530 2963 600 φόϐῳ
3004 527 3286 598 συσχεθεὶς
3318 526 3481 588 αὐτὸς
3517 526 3690 595 ὑπερ-

2117 622 2368 677 ϐάλλοντι
2430 620 2530 693 τὴν
2584 621 2683 689 μὲν
2730 621 2841 673 τῶν
2887 620 3034 673 δυοῖν
3086 617 3351 689 βασιλέων
3399 615 3690 685 εὐμένειαν

2116 712 2334 783 δεήσεσί
2360 728 2422 765 τε
2469 712 2567 766 καὶ
2596 712 2829 783 δάκρυσι
2877 711 3149 774 πλείστοις
3203 712 3293 762 ἐπ’
3333 708 3538 779 ἀμφοῖν
3574 708 3690 759 τοῖν

2119 805 2335 872 καιροῖν
2361 801 2668 873 ἐπορίζετο,
2690 802 2789 873 τὴν
2831 800 2889 855 δὲ
2912 784 3035 854 ’τῶν
3076 800 3220 871 ἀμφὶ
3257 799 3387 863 τοὺς
3433 799 3691 869 βασιλέας

2118 896 2440 965 ἐπικουρίαν
2467 894 2731 957 θωπείαις
2759 894 3012 960 ἐξωνεῖτο
3055 893 3147 945 καὶ
3188 891 3488 945 ἀντιδόσεσι
3521 888 3693 942 πολυ-

2118 986 2361 1056 τρόποις,
2388 987 2463 1051 ὡς
2503 982 2646 1040 εῖναι
2696 984 2794 1038 τοῦ
2839 984 3032 1039 λοιποῦ
3087 984 3224 1055 πρὸς
3262 983 3360 1046 τὰς
3406 979 3691 1052 βασιλικὰς

460 1097 716 1161 καθάπαξ
748 1091 1031 1164 βουλήσεις
1061 1086 1225 1143 αὐτὸν
1250 1082 1311 1139 οὐ
1342 1084 1483 1138 πάνυ
1516 1077 1753 1149 σκληρὸν
1776 1078 1871 1132 καὶ
1894 1077 2123 1148 θρασὺν,
2170 1078 2280 1131 οὐδ’
2342 1080 2635 1132 ἀντίτυπον
2680 1079 2758 1142 ὡς
2824 1078 2884 1131 τὸ
2924 1076 3195 1149 πρότερον
3231 1075 3425 1141 ἄλογόν
3485 1090 3545 1127 τε
3594 1069 3694 1123 καὶ

456 1190 888 1255 ἀπροφάσιστον.

524 1282 615 1336 IX.
664 1281 777 1351 Ego
814 1291 944 1333 vero
969 1289 1283 1346 quanquam
1319 1258 1621 1327 innumera
1661 1268 1767 1324 alia
1804 1278 1860 1321 et
1903 1266 2011 1336 iam

456 1373 691 1428 narratis
742 1370 999 1441 graviora
1041 1364 1291 1436 proferre
1334 1377 1593 1434 possum,
1637 1374 1763 1430 qua
1789 1358 2021 1414 evidens

458 1462 825 1533 turpitudinis
847 1461 970 1530 ejus
1002 1458 1269 1514 indicium
1299 1454 1580 1526 praebent,
1614 1464 1764 1507 nunc
1795 1450 1908 1504 haec
1936 1447 2015 1500 ul-

460 1567 549 1609 tro
601 1552 1019 1624 praetermittam
1069 1564 1137 1603 ex
1186 1547 1404 1602 duabus
1448 1543 1662 1608 causis,
1695 1556 1818 1596 cum
1866 1536 2012 1609 quod

455 1645 820 1703 commoratio
859 1643 916 1697 in
956 1638 1271 1712 huiusmodi
1308 1633 1792 1693 criminationibus
1819 1631 2018 1700 linguae

460 1734 845 1803 procacitatem
879 1731 1033 1785 addit
1076 1744 1198 1798 qua:
1246 1727 1451 1797 probos
1494 1724 1641 1779 viros
1674 1721 1896 1776 minime
1926 1719 2021 1775 de—

456 1836 579 1892 cet,
621 1833 736 1879 tum
779 1837 911 1878 vero
950 1819 1096 1892 quod
1142 1817 1397 1886 plurimis
1442 1816 1556 1887 jam
1588 1813 1756 1883 longo
1787 1827 1854 1867 ex
1888 1821 2023 1866 tem-

461 1932 594 1986 pore
625 1930 715 1971 res
744 1923 886 1970 nota:
945 1920 1109 1979 sunt,
1142 1925 1280 1981 quas
1310 1908 1358 1964 si
1389 1922 1582 1962 rursus
1621 1904 1922 1960 scientibus
1964 1904 2020 1957 in

461 2008 779 2064 memoriam
797 2018 1134 2069 revocarem,
1157 2009 1372 2056 tantum
1404 2015 1434 2053 a
1470 1997 1835 2055 delectatione
1862 1994 2023 2050 abes-

459 2115 576 2155 sem
625 2107 892 2168 quantum
950 2104 1011 2149 ut
1067 2092 1204 2148 ﬁdes
1242 2091 1511 2145 habeatur
1560 2102 1699 2156 opus
1746 2093 1854 2140 est.
1892 2084 2023 2150 Quae

460 2190 610 2243 enim
652 2184 944 2239 rnanifesta
978 2181 1125 2237 ultro
1149 2188 1207 2234 et
1235 2178 1355 2234 siue
1384 2175 1571 2232 studio
1601 2175 2021 2244 intelligentiam

466 2280 733 2348 pnebent,
760 2274 815 2328 in
840 2273 927 2327 his
950 2277 1287 2332 versantem,
1312 2278 1373 2322 ut
1395 2266 1478 2330 ﬁt,
1502 2263 1751 2333 sequitur
1777 2261 2020 2326 taedium,

463 2364 907 2436 quandoquidem
938 2369 1128 2430 postea
1166 2355 1369 2412 docere
1407 2352 1748 2424 aggreditur.
1780 2350 1911 2416 Quae
1944 2357 2025 2402 ta-

466 2475 590 2513 men
623 2454 986 2512 nihilominus
1013 2448 1425 2505 calumniantur
1452 2453 1507 2501 et
1535 2441 1811 2514 quomodo
1843 2441 1898 2496 in
1932 2455 2024 2495 oc-

465 2552 615 2605 culto
645 2548 848 2617 scripta
875 2558 997 2598 mea
1029 2550 1280 2611 carpant,
1307 2538 1432 2609 quis
1458 2552 1521 2591 ea
1552 2534 1869 2605 singulatim
1895 2548 2024 2604 per-

466 2641 622 2712 sequi
650 2637 858 2709 possit?
882 2635 949 2690 Et
970 2634 1086 2688 hinc
1109 2631 1239 2686 dum
1264 2638 1449 2698 agunt,
1475 2638 1787 2695 quanquam
1812 2638 1840 2676 a
1864 2622 2025 2678 nobis

468 2747 687 2804 semper
715 2728 1142 2788 convincuntur,
1179 2721 1336 2793 547
1382 2719 1595 2774 nullum
1633 2725 1810 2771 tamen
1844 2714 2020 2785 pudo-

472 2837 587 2875 rem
635 2818 877 2873 habent:
918 2812 1015 2869 sed
1048 2809 1340 2866 insolentia
1371 2807 1560 2878 genuit
1591 2805 1932 2861 insolentiam
1970 2814 2027 2860 ct

471 2915 726 2982 impietas
755 2906 1061 2978 graviorem
1093 2899 1458 2971 impietatem.
1498 2916 1516 2950 ι
1538 2898 1836 2968 lrnpudens
1876 2897 2023 2952 enim

467 3017 616 3066 eras,
675 2998 814 3053 dicit
900 2993 1227 3061 Scriptura,
1283 2989 1476 3043 oculus
1539 2989 1845 3043 meretricis
1907 2995 2028 3043 erat
2054 3024 2099 3079 (ι

472 3095 591 3147 tibi.
627 3111 643 3141 ι
672 3088 791 3155 Quo
825 3087 990 3156 igitur
1019 3082 1271 3139 convicio
1298 3078 1354 3136 in
1388 3096 1490 3135 nos
1522 3079 1612 3135 isti
1644 3079 1895 3135 homines
1920 3095 2029 3133 non

470 3185 730 3246 utantur;
755 3193 862 3247 qua
891 3176 1074 3230 autem
1115 3173 1412 3230 acerbitate
1452 3179 1642 3241 contra
1682 3169 1855 3225 libros
1882 3183 2035 3224 meos

468 3266 824 3326 mistiueaut?
852 3280 977 3320 cum
1014 3263 1140 3320 talia
1195 3261 1458 3317 continuo
1490 3268 1682 3314 contra
1716 3267 1936 3329 sanctos
1967 3256 2036 3311 li-

474 3366 602 3418 bros
635 3359 816 3415 moliri
873 3341 1384 3426 deprehendantur,
1420 3360 1475 3407 et
1508 3351 1672 3405 etiam
1705 3365 1801 3405 eos
1838 3358 2032 3404 contra

478 3468 724 3526 ipsorum
770 3447 1005 3505 haeresin
1050 3453 1362 3516 pugnantes
1392 3442 1788 3512 experiuntur:
1818 3450 1874 3494 et
1903 3454 2036 3493 con-

473 3561 554 3599 tra
588 3560 705 3609 eos,
743 3548 802 3595 ut
832 3540 906 3594 ita
930 3537 1130 3600 dicam,
1165 3532 1447 3603 tyrannice
1486 3529 1555 3585 de
1591 3530 1724 3598 sella
1772 3529 2035 3584 dimicant

474 3648 765 3705 propterea
791 3673 806 3697 ,
833 3640 890 3686 et
917 3629 1075 3699 quasi
1107 3624 1321 3681 ludicra
1344 3624 1680 3678 aestimantes
1705 3622 2031 3688 reverenda,

472 3730 898 3800 quibuscumque
928 3717 1218 3775 calumniis
1247 3704 1599 3786 impudenter
1627 3724 1821 3771 contra
1853 3731 1948 3771 eos
1974 3726 2031 3771 et

473 3823 557 3875 usi
592 3828 721 3874 sunt
751 3825 807 3871 et
842 3816 1095 3868 utuntur.
1129 3811 1195 3864 Et
1238 3800 1616 3878 discerpentes
1645 3808 1752 3863 huc
1783 3806 1914 3863 illuc
1942 3807 2031 3863 ni-

474 3916 587 3967 hilo
622 3909 822 3964 melius
873 3904 1167 3959 destruunt
1186 3951 1207 3979 ,
1246 3915 1409 3970 quam
1457 3899 1700 3954 Bacchas
1734 3899 2035 3969 accipimus

475 4007 529 4058 in
562 4002 866 4057 Pentheum
905 3994 1171 4049 furentes.
1210 3992 1594 4046 Verumtamen
1634 3990 1736 4046 has
1773 3988 2032 4059 quidem,

420 4076 425 4081 ’
477 4093 661 4145 furore
697 4088 834 4157 ipsis
867 4083 1059 4138 invitis
1090 4081 1354 4153 probrum
1388 4081 1599 4135 ferente
1621 4119 1637 4147 ,
1673 4081 1909 4135 fortasse
1941 4094 2030 4134 se-

477 4180 671 4250 quitur
688 4176 968 4231 cxcusatio
990 4182 1047 4229 et
1072 4172 1468 4235 misericordia,
1490 4186 1615 4225 cum
1638 4169 1784 4239 quod
1807 4185 1917 4224 non
1938 4183 2036 4224 vo-

478 4268 888 4325 lnerintsecum
924 4263 1108 4317 tulerit
1138 4263 1557 4314 Commissorum
1596 4258 2033 4312 incusationem:

2189 1262 2267 1319 8'.
2293 1261 2436 1330 Ἐγὼ
2461 1262 2518 1318 δὲ
2550 1264 2721 1333 μυρία
2755 1263 2853 1316 καῖ¹
2879 1257 3048 1331 μείζω
3074 1258 3181 1314 τῶν
3212 1256 3515 1328 εἰρημένων
3548 1255 3692 1321 διεξ-

2123 1356 2263 1411 ιέναι
2284 1354 2448 1426 ἔχων,
2474 1353 2513 1408 ἃ
2539 1354 2639 1423 τῆς
2665 1353 2817 1422 σφῶν
2843 1352 3074 1413 ἀτοπίας
3096 1349 3316 1419 ἔλεγχον
3345 1347 3456 1416 ἔχει
3519 1348 3691 1414 σαφῆ,

2120 1447 2261 1502 ἑκὼν
2289 1448 2529 1518 παρίημι
2561 1445 2706 1499 δυοῖν
2741 1444 2928 1512 ἕνεκα,
2971 1443 3092 1505 svo;
3120 1441 3221 1512 μὶν
3254 1441 3336 1494 ὅτι
3366 1440 3484 1497 ταῖς
3509 1440 3696 1491 τοιαύ-

2121 1556 2245 1603 ταις
2280 1537 2639 1608 ἐνδιατρίϐειν
2672 1536 2887 1607 κηλῖσιν
2929 1535 3150 1603 ἐθισμὸν
3176 1535 3242 1604 τῇ
3278 1534 3495 1604 γλώττῃ
3522 1546 3693 1600 προσ-

2120 1631 2369 1703 τρίϐεται
2427 1630 2613 1701 ἥκιστ’
2663 1629 2923 1701 ἀνδράσιν
2974 1625 3245 1680 ἐπιεικέσι
3298 1624 3695 1694 προσήκοντα,

2123 1725 2314 1794 ἐτέρου
2344 1722 2390 1776 δ’
2415 1723 2521 1787 ὅτι,
2559 1721 2597 1777 ἀ
2628 1724 2736 1785 τοῖς
2785 1719 3001 1784 πολλοῖς
3044 1721 3108 1772 ἐκ
3160 1716 3355 1770 πολλοῦ
3406 1714 3695 1784 πρόκειται

2123 1816 2401 1887 γνώριμα,
2441 1817 2647 1869 τούτων
2689 1812 2986 1883 πειρᾶσθαι
3017 1810 3113 1881 τὴν
3143 1808 3344 1877 γνῶσιν
3380 1808 3492 1869 τοῖς
3520 1805 3695 1858 εἰδόσι

2123 1909 2382 1978 παρέχειν
2412 1907 2614 1978 ἀρτίως
2638 1905 2792 1976 παρά
2817 1903 3072 1958 τοσοῦτον
3100 1901 3194 1955 τοῦ
3218 1902 3437 1969 τέρπειν
3461 1898 3697 1966 ἀφίστα-

2123 2013 2214 2049 ται
2246 1997 2381 2066 παρ’
2404 1995 2527 2047 ὅσον
2556 1992 2648 2046 καὶ
2671 1992 2735 2045 τὸ
2764 1989 3114 2046 πιστεύεσθαι
3147 1988 3433 2057 πρόχειρον
3458 1983 3588 2052 ἔχει.
3623 1985 3693 2035 ’Δ

2123 2084 2234 2151 γὰρ
2264 2082 2509 2151 παρόντα
2566 2082 2770 2151 προῖκα
2809 2080 2906 2131 καὶ
2948 2077 3127 2131 πόνων
3176 2076 3298 2144 δίχα
3345 2074 3443 2141 τὴν
3487 2071 3695 2141 γνῶσιν

2124 2174 2446 2244 παρέχεται,
2480 2172 2692 2234 τούτοις
2727 2168 3080 2234 ἐπιπολάζειν
3115 2168 3189 2229 ὡς
3221 2168 3287 2220 τά
3318 2165 3489 2219 πολλὰ
3524 2163 3697 2232 παρέ·-

2126 2282 2285 2318 πεται
2316 2266 2411 2317 καὶ
2438 2262 2656 2335 τάηδὲς,
2686 2261 2741 2314 εί
2765 2278 2848 2324 τις
2874 2260 3107 2312 κατόπιν
3132 2256 3402 2310 διδάσκειν
3434 2252 3691 2324 πειρῷτο.

2129 2358 2196 2408 Ἀ
2215 2356 2260 2409 δ’
2290 2357 2440 2424 ὅμως
2472 2351 2845 2423 βωμολοχοῦσι
2871 2352 2967 2406 καὶ
2993 2349 3137 2404 κατά
3176 2349 3284 2402 τῶν
3309 2346 3459 2407 ὲμῶν
3492 2344 3696 2415 βίϐλων

2124 2446 2513 2519 ὑφαιρούμενοι
2539 2443 2737 2514 λάθρα,
2768 2443 2853 2505 τίς
2884 2441 2953 2497 ἂν
2985 2443 3080 2497 καὶ
3114 2440 3256 2494 αὐτὰ
3291 2440 3542 2507 διεξιέναι
3571 2439 3698 2492 καθ’

2124 2541 2334 2595 ἕκαστα
2364 2535 2625 2599 δόνακος
2657 2533 2769 2588 Καὶ
2809 2532 2981 2587 ταῦτα
3008 2531 3208 2602 δρῶσιν
3250 2531 3431 2602 αὐτοῖς
3469 2530 3565 2584 καὶ
3600 2532 3674 2598 ὑφ

2125 2630 2282 2698 ήμῶν
2320 2625 2702 2698 ἐλεγχομένοις
2737 2625 2823 2680 ἀεὶ
2860 2624 3025 2688 αἰδώς
3055 2641 3140 2687 τις
3176 2622 3277 2676 οὑκ
3315 2623 3547 2686 ἔπεισιν,
3574 2622 3694 2675 ἀλλ’

2125 2723 2284 2793 ὒϐρις
2316 2718 2475 2792 ὖεριν
2514 2719 2668 2773 ἔτεκε
2707 2717 2802 2771 καὶ
2858 2716 3085 2772 ἀσέϐεια
3130 2716 3515 2787 χαλεπωτέραν
3565 2716 3697 2770 ciet-

2125 2815 2300 2866 ϐειαν.
2354 2830 2373 2864 ι
2414 2809 2955 2881 ’Δπηναισχύντησας
2995 2826 3015 2860 ι
3070 2808 3180 2878 γάρ
3224 2823 3389 2877 φησιν
3428 2808 3462 2876 ή
3502 2805 3698 2875 Γραφὴ

2125 2907 2237 2968 τοῖς
2280 2903 2586 2966 τοιούτοις·
2631 2920 2651 2953 ι
2694 2900 2815 2971 δψις
2867 2901 3074 2969 πόρνης
3122 2901 3342 2967 ἐγένετό
3384 2916 3487 2952 σοι.
3531 2918 3550 2950 ι
3598 2900 3697 2950 Τί-

2130 3013 2217 3057 νος
2245 2991 2341 3049 οὖν
2381 2993 2447 3048 ἂν
2481 2995 2532 3046 οῖ
2565 2992 2800 3045 τοιοῦτοι
2846 2990 3130 3058 φείσαιντο
3165 2988 3288 3042 καθ’
3322 2988 3480 3058 ἡμῶν
3527 2987 3693 3040 λοιδοι

2136 3090 2277 3159 ρὶας,
2305 3087 2454 3150 τίνος
2476 3086 2520 3139 δ’
2543 3085 2608 3139 ἂν
2631 3084 2775 3137 κατά
2795 3083 2904 3135 τῶν
2936 3082 3088 3151 ἐμῶν
3119 3084 3441 3151 ἀπόσχοιντο
3469 3080 3693 3150 βιϐλίων

2131 3179 2536 3250 ἀναισχυντίας,
2592 3174 2642 3229 οἲ
2678 3176 2747 3230 τὰ
2800 3173 3025 3228 τοιαῦτα
3066 3174 3329 3242 διηνεκῶς
3385 3173 3529 3225 κατά
3586 3173 3693 3224 τῶι

2136 3273 2296 3344 ίερῶν
2324 3268 2632 3333 τολμῶντες
2678 3266 2999 3321 ἁλίσκονται
3031 3265 3285 3336 Γραφῶν,
3321 3264 3417 3319 ἀτε
3456 3268 3693 3334 μαχομέ.

2131 3379 2238 3417 νων
2262 3359 2536 3415 κάκείνων
2560 3363 2626 3430 τῇ
2653 3360 2716 3432 [ί.
2749 3359 2856 3415 268
2886 3357 2938 3430 b]
2966 3359 3115 3426 σφῶν
3159 3358 3368 3428 αἱρέσει
3410 3356 3698 3427 πειρώμε-

2138 3472 2219 3506 νοι
2250 3471 2266 3522 ;
2299 3453 2410 3507 Kal.
2436 3453 2545 3521 γὰρ
2578 3450 2866 3513 κάκείνους
2905 3447 3017 3505 οἷον
3044 3451 3220 3502 εἰπεῖν
3250 3450 3355 3502 ἀπὸ
3388 3450 3580 3519 δίφρου
3607 3466 3695 3501 tu.

2136 3539 2405 3611 ραννικῶς
2458 3537 2799 3609 ἀμυνόμενοι
2833 3538 2924 3591 διὰ
2957 3536 3152 3603 ταῦτα,
3184 3538 3278 3590 καὶ
3306 3535 3380 3599 ὡς
3421 3539 3478 3588 ὲν
3527 3537 3697 3606 ἀθύρη

2136 3648 2305 3703 ματος
2344 3631 2489 3700 λόγῳ
2532 3628 2810 3698 τιθέμενοι
2864 3629 2935 3682 τὰ
2982 3628 3278 3698 σεϐάσμιᾱ,
3310 3630 3510 3689 πάσαῖς
3544 3630 3698 3681 ἀναί-

2132 3724 2229 3791 δην
2257 3723 2376 3778 κατ’
2405 3722 2586 3777 αὐτῶν
2620 3722 2925 3793 ἐχρήσαντό
2962 3739 3021 3775 τε
3058 3723 3153 3774 καὶ
3185 3723 3427 3793 χρῶνται
3454 3722 3698 3790 βωμολου

2133 3818 2300 3886 χίαις·
2331 3817 2426 3871 καὶ
2456 3814 2794 3877 διασπῶντες
2822 3814 2970 3867 ἐνθεν
3002 3815 3256 3868 κάκεῖθεν
3287 3816 3439 3868 οὐδὲν
3474 3817 3699 3884 ἄμεινον

2134 3909 2469 3963 διατίθενται
2517 3907 2774 3979 ἢῶσπερ
2818 3908 2915 3969 τὰς
2977 3906 3194 3981 βάκχας
3258 3908 3532 3978 ἀκούομεν
3557 3909 3699 3965 κατᾶ

2135 3999 2228 4054 τοῦ
2256 4000 2502 4063 Πενθέως
2537 4001 2820 4068 μανεῖσας.
2871 3998 3013 4052 ⁹Δ).λ’
3045 4000 3285 4062 ἐκείναις
3318 4000 3417 4065 μὲν
3443 4002 3700 4055 ἀκούσιον

2135 4089 2475 4152 πεπονθυίας
2512 4091 2613 4160 τὴν
2637 4089 2737 4161 τῆς
2768 4090 2968 4158 μανίας
2994 4088 3282 4160 αἰσχύνην,
3318 4092 3413 4145 καὶ
3442 4092 3503 4144 τὸ
3532 4094 3699 4161 ἀνεγ-

2138 4183 2361 4253 κλήτοις
2410 4177 2553 4235 εἷναί
2596 4198 2658 4234 τε
2710 4184 2803 4235 καὶ
2865 4181 2984 4253 ἅμα
3033 4181 3222 4236 οἴκτου
3254 4183 3545 4253 τυγχάνειν
3571 4188 3701 4246 ἴσως

2137 4271 2371 4324 κατόπιν
2421 4270 2726 4337 ἀκολουθεῖ,
2772 4271 2868 4324 τοῦ
2904 4270 3208 4340 ἀϐουλήτου
3260 4273 3396 4343 πρὸς
3446 4273 3611 4326 ἑαυτό
3635 4291 3700 4341 γε

481 4360 589 4414 illis
614 4373 741 4412 vero
768 4356 912 4409 ultro
938 4365 1001 4407 ea
1025 4351 1316 4422 agentibus
1337 4365 1458 4419 qua)
1487 4348 1826 4404 conveniunt
1844 4347 2029 4403 iuren-

2140 4362 2505 4430 ὲφελκομένου
2531 4361 2600 4418 τὰ
2627 4359 2735 4415 τῶν
2765 4360 3174 4415 ἀποϐαινόντων
3196 4364 3364 4432 ὲγκλή
3374 4381 3539 4431 ματα·
3573 4363 3700 4416 τού-

479 4450 652 4515 tibus,
686 4447 973 4516 castigatio
1000 4443 1232 4499 debetur
1262 4440 1622 4511 implacabilis
1647 4448 1703 4495 et
1731 4441 1890 4495 valde
1926 4442 2036 4495 cir-

366 4534 377 4545 ’
475 4551 813 4613 cumspecta.
834 4540 1051 4595 Illarum
1069 4537 1233 4591 etiam
1252 4534 1619 4589 libentissime
1636 4533 1774 4587 obli\
1790 4535 2039 4588 iscuntur

480 4636 754 4697 liutnines,
781 4648 959 4702 neque
984 4629 1274 4701 quisquam
1300 4626 1453 4681 illine
1477 4625 1753 4680 inlinitum
1775 4625 2034 4679 damnum

476 4723 842 4789 subintelligit
895 4742 909 4775 :
962 4720 1064 4774 hos
1102 4728 1284 4772 autem
1324 4725 1380 4771 et
1414 4715 1729 4769 meminisse
1765 4723 1821 4769 et
1854 4714 2040 4769 odisse

479 4815 702 4884 plurimi
743 4811 826 4866 vel
860 4810 1093 4864 maxime
1132 4807 1291 4862 inviti
1331 4815 1646 4876 coguntur;
1686 4804 1903 4857 illarum
1943 4818 2040 4874 pe-

482 4904 722 4957 riculum
759 4901 995 4954 vitantes
1027 4907 1085 4952 et
1122 4909 1539 4967 compescentes
1583 4894 1903 4965 priusquam
1939 4898 2040 4947 oh-

483 4995 685 5048 vcnizit.
716 4992 848 5047 Nam
878 4990 1148 5063 ejusmodi
1177 5004 1351 5058 nuper
1385 4989 1504 5057 ipsa
1533 4987 1588 5041 in
1621 5002 1678 5040 re
1705 4984 2037 5055 deprehensi

480 5095 609 5139 sunt
669 5080 1018 5152 impudentes
1073 5079 1165 5135 isti
1231 5079 1286 5132 in
1341 5078 1545 5146 scripta
1602 5091 1720 5130 mea
1775 5077 2035 5145 tanquam

477 5176 749 5231 ebrietate
795 5174 1170 5230 insanientes:
1206 5173 1435 5227 verbum
1486 5169 1545 5223 εὖ
1580 5170 1788 5239 adjecta
1820 5187 1857 5238 φ
1892 5168 2039 5222 litte-

479 5264 596 5321 rula
624 5265 675 5318 in
702 5265 801 5334 φεῦ
827 5273 1118 5330 mutantes,
1133 5264 1294 5317 καλὸν
1327 5258 1490 5332 548
1517 5270 1698 5315 autem
1744 5261 1906 5316 unius
1943 5261 2038 5315 lit-

480 5367 613 5408 terae
640 5354 669 5405 λ
702 5354 1002 5408 mutatione
1055 5362 1331 5407 mutantes
1362 5352 1417 5405 in
1451 5352 1619 5405 κακὸν
1655 5367 1752 5421 per
1780 5350 2042 5405 mutatio.

482 5460 605 5500 nem
637 5446 689 5499 in
717 5461 772 5499 κ.
803 5445 870 5499 Ει
903 5452 1165 5515 praeterea
1196 5446 1325 5514 περί
1356 5443 1749 5513 praepositione
1782 5451 1893 5495 tota
1925 5441 2040 5509 eje-

480 5544 569 5589 cta
606 5543 661 5589 et
694 5535 747 5588 in
783 5535 925 5589 κατά
960 5550 1257 5600 conversa,
1298 5549 1400 5605 pro
1435 5533 1563 5602 περὶ
1596 5533 1692 5585 τοῦ
1725 5534 1902 5600 φωτὸς
1945 5548 2038 5586 re-

482 5625 825 5693 scripserunt
872 5628 1015 5682 κατὰ
1053 5627 1143 5680 τοῦ
1185 5629 1384 5691 φωτός.
1411 5625 1628 5680 Ludunt
1678 5624 2030 5688 pucrulorum

2135 4470 2250 4516 τοις
2282 4453 2327 4506 δ’
2364 4453 2632 4515 ἑκουσίοις
2669 4453 2870 4523 δρῶσιν
2915 4453 2951 4506 ἃ
2981 4455 3090 4514 τοῖς
3123 4458 3470 4523 μαινομένοις
3497 4453 3699 4524 ἁρμότ-

2135 4561 2240 4608 τει,
2260 4543 2483 4599 κόλασιν
2507 4546 2806 4614 ἀνήκεστον
2838 4544 3152 4599 ἐκκαλεῖται
3181 4547 3277 4599 καὶ⁵
3310 4544 3516 4615 σφόδρα
3545 4546 3706 4616 περί-

2138 4636 2393 4689 ϐλεπτον.
2447 4636 2734 4691 Κάκείνων
2768 4635 2868 4707 μὲν
2898 4636 2991 4690 καὶ
3026 4636 3172 4707 μάλα
3218 4637 3435 4700 ἑκόντες
3474 4637 3703 4690 ἐπιλαν-

2138 4724 2389 4776 θάνονται
2425 4723 2727 4794 ἄνθρωποι,
2759 4724 3035 4797 μηδεμίαν
3060 4724 3272 4789 οὐδένες
3301 4725 3514 4778 ἐκεῖθεν
3544 4724 3703 4778 ἀτέκ-

2143 4814 2739 4897 μαρτονρφορώμενοι
2771 4816 3002 4888 βλάϐηνο
3035 4816 3241 4870 τούτων
3294 4817 3351 4870 δὲ
3412 4818 3507 4871 καὶ
3559 4818 3707 4887 μάλα

2140 4905 2366 4968 ἄκοντες
2399 4907 2713 4977 μεμνῆσθαι
2738 4908 2856 4978 ἅμα
2884 4912 2980 4961 καὶ
3013 4910 3194 4979 μισεῖν
3213 4911 3264 4963 οί
3293 4908 3509 4971 πλείους
3540 4913 3712 4977 ἀναγ-

2141 4993 2403 5058 κάζονται
2429 5033 2444 5058 ,
2480 4992 2571 5047 τὸν
2618 4994 2848 5048 ἐκείνων
2897 4994 3295 5065 φυλαττόμενοι
3332 4997 3578 5051 κίνδυνον
3610 5001 3708 5049 καὶ

2142 5085 2270 5151 πρὶν
2322 5082 2457 5134 ίέναι
2512 5083 3064 5148 προαναστέλλοντες.
3129 5085 3242 5138 Καὶ
3289 5084 3399 5153 γὰρ
3447 5086 3589 5138 αὺτά
3639 5086 3709 5155 δὴ

2138 5176 2316 5230 ταῦτα
2363 5179 2457 5229 καὶ
2496 5177 2636 5230 κατά
2673 5177 2782 5231 τῶν
2836 5176 2986 5247 ὲμῶν
3025 5177 3258 5249 ἔναγχος
3288 5177 3377 5232 ἐπ’
3402 5177 3710 5248 αὐτοφώρῳ

2144 5263 2343 5333 βίϐλων
2375 5264 2621 5318 ἑάλωσαν
2651 5266 3195 5337 ἐμπεπαρῳνηκότες
3248 5268 3301 5320 οί
3346 5268 3608 5332 ἀναιδεῖς,
3644 5270 3711 5321 τὸ

2146 5354 2244 5424 μὲν
2274 5348 2333 5406 εὖ
2370 5354 2655 5426 προσθήκῃ
2683 5358 2774 5408 τοῦ
2824 5373 2868 5424 φ
2914 5358 3179 5426 στοιχείου
3215 5359 3348 5428 πρὸς
3377 5358 3438 5412 τὸ
3468 5358 3572 5428 φεῦ
3612 5377 3714 5429 με·

2138 5445 2681 5514 ταστοιχειὼσαντες,
2720 5449 2780 5500 τὸ
2828 5448 2884 5500 δὲ
2927 5448 3092 5502 καλὸν
3144 5449 3210 5503 αὖ
3259 5451 3377 5515 ἑνὸς
3427 5452 3714 5506 ἀλλοιώσει

2140 5536 2233 5589 ταῦ
2270 5540 2309 5589 λ
2352 5554 2444 5588 στο
2468 5539 2615 5605 χείου
2668 5539 3136 5611 μεταϐεϐληκότες
3182 5545 3264 5606 εἰς
3315 5543 3377 5596 τὸ
3423 5547 3592 5598 κακὸν
3621 5548 3715 5599 διὰ

2141 5633 2237 5687 τ’.ς
2271 5630 2350 5687 εἰς
2377 5628 2436 5680 τὸ
2464 5644 2498 5681 κ
2534 5630 2855 5688 μεταῧολῆς.
2889 5633 2996 5685 Καὶ
3028 5632 3162 5690 πρός
3213 5649 3275 5699 γε
3304 5630 3386 5686 ἔτι
3432 5632 3529 5706 τὴν
3575 5636 3711 5701 περὶ

3582 5884 3603 5911 ι
