4060 6204
331 289 436 350 485

1283 282 1724 346 BYZ:\.\"l‘IN.'E
1769 279 2145 339 HISTORIJE
2197 277 2338 338 LIB.
2373 279 2672 343 XXXVII.

3471 277 3576 342 46

333 403 621 474 πρόθεσιν,
655 405 804 470 λέξιν
829 399 996 459 οὖσαν
1023 402 1174 472 ὃλην,
1203 401 1616 472 παραξέσαντες
1645 399 1738 450 καὶ
1767 396 1904 467 πρὸς

2015 395 2190 448 instar
2241 395 2541 458 facientes.
2593 398 2758 466 idque
2804 411 2928 451 cum
2980 403 3304 466 argumenta
3355 393 3466 450 sint
3521 397 3574 448 in

334 499 432 565 τὴν
470 501 620 550 κατὰ
655 496 1099 567 μετενηνοκὸτες,
1129 493 1256 546 ἀντὶ
1297 491 1389 545 τοῦ
1439 491 1571 562 περὶ
1597 489 1690 541 τοῦ
1725 489 1901 557 φωτὸς

332 597 472 643 κατὰ
527 587 622 643 τοῦ
661 589 838 658 φωτὸς
899 587 1343 658 μεθηρμόσαντο,
1403 583 1665 651 ἁῦἱρουσι
1712 579 1904 632 παιδι-

335 684 474 751 ρίοις
509 683 816 751 προσόμοια
873 677 1130 748 δρῶντες,
1184 679 1279 728 καὶ
1307 673 1480 728 ταῦτα
1512 673 1621 725 τῶν
1667 672 1904 741 ἐλέγχων

330 775 389 826 ἐν
443 772 741 842 ὀφθαλμοῖ,
796 770 1180 839 προκειμένων
1237 768 1325 819 διὰ
1373 767 1468 832 τῆς
1521 766 1647 834 ὅλης
1696 765 1904 826 ἐννοίας

329 867 424 918 τοῦ
462 863 623 932 λόγου
668 863 761 914 καὶ
812 863 921 914 τῶν
973 859 1423 930 ἐπιχειρημάτων
1453 855 1589 922 ὁμοῦ
1620 857 1715 908 καὶ
1745 857 1904 923 ἐργα-

335 955 488 1020 σιῶν,
517 954 640 1008 καί)⁹
669 955 796 1007 ὅσον
833 951 1003 1014 είκδς,
1037 950 1132 1002 καὶ
1165 949 1402 1018 μάλιστα
1445 947 1553 998 τῶν
1584 947 1900 1016 γραφικῶν,

332 1052 426 1101 καὶ
456 1047 612 1100 πάνθ’
649 1047 748 1099 ὅσα
776 1047 852 1114 τῷ
885 1045 1029 1112 λόγῳ
1058 1043 1319 1112 πρόσεστι
1351 1040 1482 1108 περὶ
1520 1039 1614 1091 τοῦ
1661 1037 1900 1090 τοιούτου

333 1135 531 1202 φωτός.
585 1134 748 1187 ’Λλλὰ
777 1133 950 1185 ταῦτα
990 1129 1274 1192 ποιοῦντες
1303 1127 1424 1180 οὔτε
1461 1127 1722 1196 βλάπτειν
1755 1125 1902 1194 ἡμᾶς

331 1224 608 1286 δύνανται,
647 1225 743 1277 καὶ
773 1223 888 1290 ἅμα
922 1222 1022 1292 τὴν
1073 1211 1348 1289 σφετέραν
1411 1218 1505 1269 καὶ
1559 1217 1784 1278 ἄκοντες
1829 1215 1903 1277 ὡς

331 1313 538 1366 ἐπίπαν
585 1313 939 1382 ὁμολογοῦσιν
984 1309 1275 1366 ἀσθένειαν
1331 1309 1620 1378 μονονουχὶ
1646 1306 1899 1374 βοῶντες,

331 1403 422 1455 καὶ
477 1403 618 1470 σφᾶς
684 1401 886 1463 αὐτοὺς
945 1399 1402 1470 ἑκπομπεύοντες
1441 1397 1516 1460 ὡς
1574 1398 1750 1460 ἄλλως
1803 1397 1903 1449 οὐκ

331 1492 550 1562 ἔχοντες
599 1490 948 1544 ἀντιϐλέπειν
995 1491 1134 1562 πρὸς
1187 1489 1288 1559 τὴν
1313 1487 1610 1560 ἀλήθειαν.
1654 1489 1763 1541 Καὶ
1795 1489 1903 1540 πά-

334 1597 521 1652 σχουσι
560 1582 926 1652 παραπλήσια
947 1583 1014 1653 τῇ
1046 1581 1142 1634 τοῦ
1171 1581 1430 1635 Δίσὼπου
1474 1579 1732 1650 καμήλῳ,
1758 1579 1792 1649 ἡ
1833 1577 1902 1631 δι’

331 1673 614 1726 ἀσῠὲνειαν
644 1671 888 1743 ἔμφυτον
937 1673 1191 1742 κεράτων
1240 1671 1594 1740 ἀμυντηρίων
1636 1669 1906 1740 ἐπιθυμή-

333 1781 496 1826 σασα,
555 1767 651 1818 καὶ
713 1766 821 1818 τῶν
893 1763 1040 1819 ἰδίων
1091 1761 1246 1816 ὢτων
1299 1763 1606 1832 ἐστέρηται.
1649 1762 1756 1814 Καί
1813 1778 1905 1829 μοι

329 1852 520 1904 λοιπὸν
553 1854 766 1905 οἴεσθαι
813 1852 1051 1915 ἔπεισιν,
1081 1851 1155 1914 ὡς
1205 1851 1350 1918 ξίφει
1378 1849 1477 1920 τὴν
1509 1851 1650 1919 ἐμὴν
1680 1849 1904 1917 ἀφελεῖν

332 1945 576 2012 κεφαλὴν
601 1943 699 1997 καὶ
726 1947 827 2014 τῆς
857 1943 1143 2013 παρούσης
1169 1940 1482 2004 ἀπαλλάξαι
1513 1938 1659 2010 ζωῆς
1683 1941 1740 1993 ἐν
1774 1937 1905 2009 βρα-

331 2037 414 2105 χεῖ
444 2036 725 2105 ἐφιέμενοι
760 2035 882 2104 μὲν,
903 2036 962 2086 οὐ
995 2033 1294 2102 δυνάμενοι
1323 2032 1401 2098 δὲ,
1438 2031 1612 2101 τάμὰ,
1645 2031 1738 2084 τὸν
1782 2029 1906 2082 δεύ-

329 2141 488 2193 τερον
541 2113 738 2188 πλοῦν,
779 2122 1236 2188 ὑποκλέπτοντες,
1285 2123 1584 2192 μαχαίραις
1615 2117 1906 2186 ἀποξέουσί

331 2231 387 2267 τε
439 2215 538 2268 καὶ
587 2213 995 2268 ἀπαλλάττουσι
1049 2213 1190 2283 πρὸς
1233 2211 1294 2266 τδ
1334 2211 1491 2280 σφίσι
1539 2209 1903 2280 βουλόμενον,

331 2311 448 2361 ἔστι
493 2307 538 2360 δ’
579 2307 670 2360 ὅτε
713 2306 809 2359 καὶ
856 2306 1040 2377 βυθοῖς
1088 2303 1418 2374 ἀφανισμῶν
1465 2303 1908 2374 πρύτανεύουσιν

332 2401 454 2452 ὅσον
479 2399 542 2452 τδ
576 2397 702 2452 κατ’
729 2398 951 2462 αὐτοὺς,
989 2398 1039 2450 εί
1083 2397 1178 2452 καὶ
1212 2395 1412 2462 ἄλλως,
1444 2395 1546 2465 τῆς
1576 2395 1727 2456 θείας
1759 2397 1909 2448 ἀντι-

335 2491 682 2562 πραττούσης
712 2490 914 2557 δεξιᾶς,
947 2487 1174 2558 καιρίαν
1197 2503 1258 2540 τε
1287 2486 1610 2557 ἐπλήγησαν
1639 2485 1904 2550 πολλάκις

337 2581 426 2636 καὶ
476 2581 566 2634 ἀεὶ⁸
635 2581 968 2651 πλήττονται
1027 2579 1124 2632 καὶ
1177 2577 1331 2632 λύκοι
1395 2579 1576 2648 μάτην
1615 2578 1909 2646 κεχηνότες

332 2674 636 2728 δείκνυνται
667 2675 810 2727 κατὰ
838 2673 936 2742 τὴν
963 2669 1430 2742 παροιμίαν.[269
1453 2688 1484 2725 a
1539 2668 1728 2732 Οὕτως
1753 2671 1912 2722 ἀναί-

333 2768 482 2819 δειαν
505 2767 686 2820 πᾶσαν
723 2765 1031 2818 ἐνδέδυνται
1066 2758 1319 2833 καὶῆθος
1353 2763 1547 2832 ίταμδν
1582 2760 1676 2814 καὶ¹
1696 2760 1908 2830 οὐδαμῆ

337 2876 462 2912 ποτε
509 2859 946 2928 ὑπισχνούμενον
997 2857 1099 2927 τὴν
1155 2855 1466 2924 διόρθωσιν.
1497 2853 1627 2906 Δέον
1668 2854 1776 2924 γὰρ
1808 2853 1910 2905 αύ-

335 2949 458 3008 τοίις
489 2949 855 3002 καταδύεσθαι
891 2947 986 3000 καὶ
1017 2945 1304 3018 ἐρυθριᾷν,
1328 2945 1378 2999 οἱ
1403 2945 1461 2999 δέ
1488 2945 1583 2999 καὶ
1612 2946 1908 3012 ἀναισχυν-

2009 487 2186 540 oculis
2237 499 2464 558 ιῖιηψιυι·
2494 496 2662 541 totam
2699 487 2970 541 sermonis
3003 485 3368 542 intentionem
3397 496 3453 538 et
3496 486 3578 536 in-

2010 590 2166 646 cepta
2200 589 2254 632 et
2289 579 2470 632 studia
2495 619 2507 640 ,
2543 589 2602 632 ut
2635 587 3068 634 consentaneum
3127 587 3214 632 est
3239 595 3255 640 ς
3285 577 3337 630 iu
3388 576 3578 644 primis

2007 677 2190 721 autem
2246 677 2470 736 propter
2525 667 2822 736 Scriptura:
2877 667 3232 729 testimonia,
3286 673 3342 720 et
3394 662 3578 716 omnia

2011 775 2133 829 qua:
2165 774 2289 812 cum
2325 773 2583 812 sermone
2619 760 2685 812 de
2725 759 2815 812 illo
2847 759 3027 828 φωτὸς
3075 767 3207 810 sunt
3255 755 3572 824 conjuneta.

2009 849 2113 904 Sed
2149 850 2254 903 hoc
2285 860 2509 918 agentes
2543 849 2704 903 nobis
2730 849 2928 902 obesse
2953 863 3066 902 non
3095 855 3362 916 possunt.
3389 845 3580 898 simul-

2005 956 2114 1010 que
2147 941 2321 994 coacti
2361 949 2490 994 sunt
2523 956 2626 994 una
2653 943 2844 994 omnes
2868 955 3020 994 suam
3053 940 3296 1008 ipsorqu
3332 935 3580 990 inllit'CIl-

2007 1032 2214 1086 litatem
2249 1033 2527 1102 propalant
2564 1046 2843 1093 accusare,
2867 1041 2922 1085 et
2945 1039 3120 1084 semet
3147 1029 3294 1098 ip-os
3323 1029 3375 1081 in
3407 1027 3576 1080 risum

2007 1125 2158 1186 dare,
2189 1124 2342 1193 quasi
2388 1123 2547 1176 al’ter
2591 1138 2700 1176 non
2749 1123 2956 1192 possint
2999 1121 3216 1174 obtueri
3267 1121 3530 1172 veritatem
3560 1153 3576 1168 .

2009 1215 2199 1285 Itaque
2237 1215 2420 1268 simile
2447 1214 2579 1284 quid
2609 1211 3010 1280 acciditzﬁsopi
3041 1211 3248 1266 camelo
3275 1251 3289 1273 ,
3321 1211 3413 1278 qui
3455 1224 3578 1276 pro-

2007 1317 2128 1376 pter
2162 1307 2401 1360 innatam
2443 1305 2870 1360 imbecillitatem
2906 1319 3112 1358 cornua
3171 1299 3575 1370 propulsatorla

2007 1399 2430 1467 concupiscens,
2468 1397 2702 1452 auribus
2731 1397 2981 1466 privatus
3009 1405 3114 1449 est.
3147 1395 3226 1448 Ae
3269 1392 3404 1447 mihi
3447 1393 3576 1444 reli-

2005 1506 2176 1560 quum
2209 1499 2296 1545 est
2321 1500 2382 1546 ut
2407 1491 2630 1546 credam
2665 1489 2846 1560 gladio
2893 1504 2989 1544 eos
3014 1497 3182 1558 caput
3229 1503 3413 1545 meum
3439 1502 3580 1555 pne-

2007 1582 2194 1636 cidere
2233 1597 2432 1652 meque
2475 1591 2750 1651 praesente
2795 1580 2910 1634 vita
2949 1580 3170 1650 privare
3211 1579 3395 1644 velle;
3429 1576 3576 1646 quml

2010 1689 2136 1728 cum
2175 1689 2288 1729 non
2323 1673 2576 1744 possint,
2629 1687 2780 1726 meas
2832 1687 2920 1726 res
2963 1671 3208 1726 secundo
3255 1683 3423 1724 vento
3467 1669 3583 1722 suf-

1941 1738 1980 1791 Β
2010 1765 2269 1820 furantur
2323 1738 2380 1820 et
2430 1764 2731 1820 corradunt
2770 1765 3035 1826 cultellis,
3062 1775 3116 1818 et
3158 1763 3474 1816 distrahunt
3513 1777 3580 1814 ex

2007 1857 2257 1913 arbitrio.
2291 1857 2700 1927 Nonnunquam
2749 1865 2928 1912 autem
2957 1856 3121 1910 etiam
3153 1855 3206 1908 in
3241 1855 3350 1908 imo
3377 1853 3584 1908 distur-

2007 1948 2248 2004 bationis
2279 1957 2514 2019 regnant
2547 1963 2650 2018 pro
2685 1947 2832 2002 virili
2869 1959 3022 2016 parte
3044 1987 3058 2012 ,
3097 1959 3410 2015 quanquam
3445 1943 3584 1997 alias

2007 2039 2103 2094 Dei
2133 2037 2324 2093 dextra
2352 2041 2630 2094 contraria
2666 2039 2936 2093 moliente
2960 2037 3025 2090 ad
3057 2047 3288 2090 mortem
3321 2035 3420 2090 icti
3451 2045 3584 2089 sunt

2008 2143 2153 2198 saepe
2202 2141 2260 2184 et
2307 2130 2493 2184 adhuc
2545 2145 2763 2200 semper
2799 2130 3074 2184 feriuntur
3109 2139 3166 2184 et
3212 2128 3580 2184 ostenduntur

2009 2229 2271 2291 tanquam
2309 2222 2418 2291 lupi
2455 2223 2656 2277 frustra
2692 2223 2940 2288 hiantes,
2985 2223 3130 2291 quod
3179 2233 3262 2276 est
3311 2223 3364 2278 in
3401 2221 3582 2293 5&9

2007 2313 2324 2382 proverbio.
2361 2312 2452 2368 Sic
2480 2312 2632 2368 omni
2667 2313 3012 2384 impudentia
3041 2314 3220 2368 induti
3256 2324 3388 2370 sunt
3415 2324 3470 2367 ct
3500 2317 3582 2366 in-

2009 2387 2172 2474 genio
2233 2406 2374 2460 truci
2410 2405 2558 2475 quod
2591 2421 2874 2476 nunquam
2909 2407 3110 2477 corrigi
3144 2423 3308 2476 posse
3344 2407 3582 2460 videtur.

2009 2495 2145 2551 Cum
2188 2497 2338 2550 enim
2381 2497 2608 2566 pr0prie
2642 2511 2740 2552 eos
2773 2497 3083 2554 submissos
3123 2513 3244 2552 esse
3285 2508 3342 2552 et
3377 2501 3582 2552 erube-

2009 2603 2163 2644 scere
2193 2597 2488 2657 oporteat,
2523 2587 2876 2657 impudentes
2905 2597 3034 2642 sunt
3064 2597 3120 2642 et
3145 2589 3401 2658 graviora
3431 2593 3586 2658 pejo-

2017 2695 2188 2748 raque
2225 2681 2280 2732 in
2315 2693 2404 2732 me
2434 2687 2493 2731 ut
2525 2679 2738 2734 dictum
2773 2687 2860 2733 est
2891 2694 3039 2732 nunc
3070 2689 3240 2746 agunt
3274 2689 3330 2733 et
3361 2695 3585 2750 semper

2011 2783 2176 2838 agere
2211 2769 2492 2822 minantur
2527 2777 2757 2836 propter
2785 2767 2992 2821 nullam
3017 2769 3244 2821 omnino
3270 2769 3432 2822 aliain
3457 2785 3586 2821 catt-

2011 2873 2130 2913 sam
2160 2873 2324 2928 quant
2356 2858 2503 2928 quod
2537 2859 2954 2914 criminationes
2983 2858 3110 2913 inde
3154 2858 3376 2924 timent,
3411 2856 3490 2914 Ita
3525 2872 3586 2914 ut

2013 2965 2114 3022 ego
2144 2967 2364 3020 quoque
2395 2961 2620 3004 coactus
2652 2951 2755 3004 sim
2788 2991 2802 3016 ,
2835 2951 3031 3006 amicis
3065 2965 3299 3020 quorum
3328 2951 3434 3005 erit
3463 2963 3588 3020 post

337 3039 486 3092 τοῦσί
522 3057 608 3106 γε,
643 3040 712 3092 τὰ
761 3039 934 3106 μείζω
964 3055 1022 3091 τε
1070 3038 1166 3091 καὶ
1221 3036 1582 3108 χαλεπώτερα
1625 3036 1768 3089 κατὰ
1796 3035 1906 3089 τῶν

2015 3052 2244 3096 mortem
2289 3056 2466 3094 meam
2495 3055 2557 3093 ea
2589 3039 2741 3094 adire
2767 3080 2782 3104 ,
2817 3040 3052 3096 suadere
3105 3049 3164 3094 ut
3209 3041 3492 3110 inquirant
3531 3055 3588 3094 et

336 3135 504 3202 ἐμῶν,
555 3133 630 3194 ὡς
685 3131 924 3201 εἴρηται,
959 3131 1057 3183 νῦν
1111 3147 1168 3182 τε
1215 3131 1454 3200 δρῶντες
1504 3129 1601 3181 καὶ
1649 3126 1786 3197 δρᾷν
1818 3127 1908 3180 ἀεὶ

334 3224 684 3286 ἀπειλοῦντες
717 3223 823 3284 ἐτι,
863 3223 1090 3292 μηδενὸς
1121 3221 1290 3274 ἓνεκα
1320 3220 1540 3282 πάντως
1569 3219 1762 3287 ἐτέρου
1799 3219 1908 3272 τῶν

336 3319 558 3372 πάντων
587 3317 622 3388 ἢ
647 3316 776 3380 τοὺς
809 3313 1064 3368 ἐντεῦθεν
1095 3315 1356 3386 ἐλέγχους
1397 3314 1488 3368 ἀεὶ
1528 3311 1778 3373 δεδιότες.
1821 3309 1908 3374 Ὠς

335 3408 746 3479 ἀναγκάζεσθαι
787 3408 934 3477 κὰμέ
969 3407 1279 3478 παραινεῖν,
1314 3400 1393 3469 οἷς
1430 3404 1674 3475 μετιέναι
1707 3402 1910 3465 ταύτας

334 3504 518 3555 ἔπεισι
551 3502 728 3572 φίλοις
760 3495 912 3554 οὖσιν
947 3498 1108 3568 ἡμῶν
1143 3497 1283 3568 μετὰ
1325 3497 1428 3566 τὴν
1459 3498 1600 3566 ἐμὴν
1631 3495 1908 3565 τελευτὴν,

333 3594 524 3664 ζητεῖν
551 3593 647 3646 καὶ
681 3589 1048 3662 παρατιθέναι
1075 3589 1176 3652 τὰς
1207 3587 1350 3650 τέως
1379 3588 1568 3650 αὐτοῖς
1596 3587 1700 3640 ἀνὰ
1727 3589 1918 3657 χεῖρας

335 3687 553 3754 ἑτέραις
575 3683 790 3752 ὁμοίαις
812 3681 906 3735 καὶ
926 3681 1129 3750 ὁμοίως
1161 3678 1250 3748 ὑφ’
1280 3678 1572 3749 ἡμετέρων
1605 3695 1918 3750 μετεγγρα-

333 3779 555 3844 φείσαις
582 3776 759 3846 ὀρῦῶς
794 3773 1094 3844 φοιτητῶν,
1130 3773 1226 3827 καὶ⁵
1254 3773 1495 3843 συνορᾷν
1520 3772 1722 3825 οὑτωσὶ
1750 3772 1916 3843 τάλη-

331 3869 447 3931 Θές.
486 3867 563 3922 Τὸ
595 3869 704 3937 γὰρ
749 3865 993 3919 τοιοῦτον
1027 3865 1204 3934 ἔγωγε
1256 3863 1374 3924 δέος
1407 3863 1786 3932 προκαοιστὰς
1821 3863 1918 3916 καὶ

2013 3143 2348 3203 componant
2377 3133 2676 3203 Scriptura:
2701 3134 3040 3203 exemplaria
3065 3148 3187 3202 quae
3214 3148 3340 3187 cum
3369 3135 3589 3188 caneris

2011 3226 2289 3282 similibus
2327 3227 2659 3296 transcripta
2691 3227 2804 3280 sint
2831 3238 2886 3280 et
2910 3227 3134 3296 quidem
3167 3235 3316 3282 recte
3361 3226 3476 3280 inec
3517 3229 3588 3280 ab

2013 3317 2240 3373 asseclis
2271 3317 2476 3372 nostris
2499 3361 2516 3388 ,
2552 3327 2609 3373 et
2639 3318 2714 3372 ita
2747 3327 2808 3373 ut
2831 3319 3152 3374 discernant
3181 3335 3390 3373 verum.
3429 3319 3588 3374 lluiie

2013 3409 2158 3464 enim
2209 3410 2462 3463 timorem
2508 3425 2636 3464 cum
2677 3425 2778 3480 ego
2823 3410 3228 3480 protexuissem
3272 3419 3328 3464 et
3359 3411 3584 3479 longius

2014 3502 2072 3556 in
2103 3517 2192 3556 me
2222 3503 2546 3557 excitassent
2571 3546 2584 3566 ,
2627 3485 2828 3556 tradidi
2865 3519 2928 3556 ea
2963 3519 3084 3572 quae
3115 3504 3286 3558 variis
3323 3503 3588 3556 transcri-

2016 3593 2304 3664 ptionibus
2351 3593 2702 3648 diversarum
2735 3609 2996 3648 manuum
3031 3594 3170 3648 bene
3201 3594 3585 3648 exercitarum

2019 3685 2400 3740 scriberentur
2431 3685 2628 3754 partim
2661 3701 2781 3754 qua:
2813 3685 3116 3740 domestico
3151 3686 3204 3738 in
3240 3701 3342 3738 usu
3371 3695 3583 3748 essent,

2019 3777 2223 3845 partim
2279 3793 2402 3846 qua:
2457 3777 2648 3832 amicis
2689 3779 3010 3848 rogantibus
3064 3779 3380 3845 thesaurus,
3418 3790 3478 3834 ut
3511 3781 3586 3836 ita

2018 3869 2224 3943 dicam,
2253 3877 2440 3923 essent
2473 3884 2624 3924 sacer
2661 3879 2716 3923 et
2747 3871 3096 3926 inviolabilis.

331 3965 627 4035 πόρρωθεν
699 3960 1142 4033 προανασοϐὦν,
1214 3958 1657 4020 πολλαπλασίαις
1731 3959 1871 4014 αὐτὰ
1941 3961 2214 4033 διαφόρων
2280 3967 2694 4037 μετεγγραφαῖς
2759 3966 3040 4020 ἐδεδώκειν
3096 3969 3296 4036 χειρῶν
3350 3969 3586 4038 γράφειν

545 4057 896 4126 ἠσκημένων.
948 4054 985 4108 3.
1044 4053 1148 4123 μὲν
1200 4052 1424 4116 οἰκείοις
1457 4050 1836 4122 ἀναλώμασιν,
1911 4053 1946 4109 ἆ
2115 4057 2290 4128 φίλοις
2345 4059 2734 4129 αἰτησαμένοις
2795 4060 2875 4122 εἰς
2929 4059 3184 4127 πλοῦτον,
3247 4063 3412 4132 φάναι
3465 4062 3587 4116 κατ’

331 4157 560 4215 αὖτοῦς,
603 4153 750 4220 ἱερόν
793 4165 850 4200 τε
889 4151 981 4200 καὶ
1015 4147 1232 4200 ἄσυλον.

405 4253 466 4306 l'.
514 4248 658 4310 Ἀλλ’
711 4252 770 4300 ἐν
801 4247 1067 4308 τοιούτοις
1095 4246 1481 4316 ἀσχολουμένῳ
1535 4262 1594 4297 τε
1652 4246 1746 4298 καὶ
1782 4262 1914 4315 μοχ-

335 4347 524 4398 θοῦντι
553 4345 631 4412 τῷ
667 4343 902 4411 Παλαμᾷ
923 4345 982 4393 τὸ
1031 4340 1124 4393 τοῦ
1165 4340 1282 4410 βίου
1316 4339 1493 4410 πέρας
1545 4337 1706 4409 ἐπῄει
1767 4339 1912 4408 μάλα

2098 4244 2164 4300 Χ.
2213 4245 2316 4300 Sed
2349 4245 2556 4300 interea
2584 4259 2748 4314 opere
2777 4257 2832 4301 et
2859 4246 3040 4301 labore
3067 4256 3330 4317 occupato
3357 4250 3592 4306 Palama:

2024 4337 2152 4390 vitae
2195 4337 2380 4392 exitus
2421 4338 2716 4392 admodum
2759 4339 2990 4393 acerbus
3025 4349 3080 4392 et
3119 4341 3294 4406 turpis
3333 4343 3588 4405 advenit,

339 4439 544 4508 πικρόν
571 4453 622 4489 τι
654 4435 750 4487 καὶ
784 4435 1062 4502 αἴσχιστον
1086 4450 1100 4464 ·
1128 4433 1204 4503 τῷ
1221 4433 1328 4504 γὰρ
1355 4431 1580 4500 συνήθει
1609 4431 1911 4499 περιπετὴς

2025 4441 2150 4478 cum
2180 4427 2450 4480 incideret
2475 4427 2528 4480 in
2553 4437 2874 4481 consuetum
2903 4427 3158 4482 morbum
3205 4429 3448 4494 iliacum,
3479 4447 3590 4498 quo

339 4529 586 4600 γεγονὼς
618 4528 768 4596 ἱλεῷ,
793 4528 889 4595 ’.ἧς
920 4528 1232 4596 ἀνατροπῆς
1247 4525 1448 4595 δηλαδὴ
1480 4523 1590 4577 τῶν
1614 4526 1670 4576 ἐν
1703 4527 1770 4594 τῇ
1803 4541 1917 4577 κοι-

339 4626 432 4694 λίᾳ
465 4625 653 4676 σιτέων
686 4622 798 4674 ἄνω
824 4619 912 4671 διὰ
949 4616 1044 4672 τοῦ
1074 4617 1368 4686 στόματος,
1398 4617 1494 4668 καὶ
1537 4617 1672 4684 πρὸς
1701 4631 1764 4682 γε
1815 4614 1919 4683 μα-

341 4715 526 4766 νιώδει
585 4713 876 4784 φρενίτιδι,
918 4708 1108 4780 βιαίως
1165 4707 1308 4760 οὓτω
1359 4708 1455 4758 καὶ
1518 4707 1642 4759 λίαν
1703 4707 1920 4773 πικρῶς

341 4803 643 4876 ἁπιρῥάγη
677 4799 770 4854 τοῦ
795 4800 916 4870 ζῇν.
965 4799 1214 4852 Κᾶπειτα
1269 4795 1318 4847 οἱ
1358 4795 1682 4864 αἱρεσιῶται
1731 4794 1829 4847 καὶ
1871 4795 1918 4846 οἱ

348 4896 588 4965 μάλιστα
616 4894 833 4961 γνήσιοι
865 4891 962 4943 καὶ
983 4885 1314 4956 οἰκότριϐες,
1343 4887 1420 4956 τῷ
1455 4903 1514 4938 τε
1553 4883 1922 4954 φιλοδοξοῦντι

345 4986 747 5055 καθελκόμενοι
775 4983 870 5053 τῆς
898 4981 1125 5051 γνώμης
1155 4981 1249 5032 καὶ
1277 4977 1392 5049 ἅμα
1417 4977 1477 5030 τὸ
1508 4979 1789 5048 αἴσχιστον
1821 4977 1921 5048 τῆς

345 5078 610 5148 τελευτῆς
638 5074 938 5130 καλύπτειν
966 5073 1312 5133 σπεύδοντες,
1344 5069 1644 5123 ἀντίπαλον
1671 5068 1748 5138 τῷ
1777 5086 1920 5138 συμ-

345 5174 508 5225 ϐάντι
537 5173 730 5240 φήμην
756 5169 858 5222 ἀνὰ
888 5167 984 5235 τὴν
1017 5165 1169 5217 πόλιν
1225 5161 1633 5230 Θεσσαλονίκην
1701 5161 1924 5231 ἐξήνεγ-

349 5265 454 5313 κάν
484 5275 546 5310 τε
575 5259 671 5311 καὶ
700 5256 1098 5326 περιήνεγκαν,
1129 5251 1202 5314 ὼς
1237 5247 1362 5318 ἰῷτο
1389 5248 1518 5318 νοσή
1530 5265 1679 5317 ματα
1710 5251 1805 5301 καὶ
1833 5247 1925 5300 θε-

353 5350 587 5422 ραπεύοι
617 5348 984 5417 πυρέττοντας
1031 5343 1124 5396 καὶ
1192 5339 1490 5410 φυγαδεύοι
1539 5341 1777 5409 πληγὰς,
1831 5339 1928 5392 καὶ

349 5441 585 5496 τοιαῦτα
617 5439 754 5494 ἄττα
787 5433 1202 5503 ἀλλοπρόσαλλά
1223 5450 1284 5485 τε
1334 5433 1426 5485 καὶ
1463 5431 1695 5502 ἔκφυλα,
1743 5431 1819 5494 ὡς
1859 5429 1926 5484 ἂν

353 5531 432 5600 τῷ
461 5527 760 5598 τερατώδει
793 5526 894 5594 τῆς
927 5527 1116 5594 φήμης
1135 5521 1673 5591 άντιπερισπάσαιέν
1700 5535 1758 5572 τε
1790 5521 1928 5588 πρδς

353 5623 416 5674 τὸ
447 5623 550 5690 τῆς
587 5614 902 5686 ἐκπλήξεως
933 5614 1076 5683 μάλα
1106 5612 1422 5682 καινότερον
1453 5609 1555 5679 τὴν
1599 5607 1790 5676 ἀκοὴν,
1834 5607 1930 5676 καὶ

355 5711 806 5784 ἁπασχολήσαιεν
838 5707 1028 5778 πόρρω
1072 5705 1268 5776 κομιδῇ
1329 5701 1597 5773 τάληθοῦς
1656 5703 1752 5755 καὶ
1806 5702 1930 5757 ὅποι

2022 4515 2128 4570 cibi
2183 4532 2249 4570 ex
2297 4517 2452 4571 alveo
2505 4533 2600 4586 per
2651 4534 2712 4572 os
2764 4518 3206 4584 retrudebantur,
3235 4530 3290 4572 et
3329 4519 3382 4570 in
3431 4535 3588 4572 men-

2024 4611 2094 4660 tis
2122 4606 2379 4660 delirium
2403 4645 2418 4669 ,
2449 4608 2522 4660 ita
2552 4616 2612 4661 ut
2636 4608 2907 4662 violenter
2933 4619 2990 4661 et
3017 4608 3214 4662 acerbe
3238 4623 3266 4662 e
3290 4609 3400 4662 vita
3432 4613 3590 4665 abre-

2023 4707 2150 4766 ptus
2179 4694 2268 4749 sit.
2301 4695 2504 4750 Deinde
2540 4710 2670 4750 vero
2703 4693 2946 4748 haeretici
2979 4694 3074 4762 qui
3109 4695 3344 4748 maxime
3373 4697 3587 4765 cognati

2023 4795 2080 4842 et
2118 4787 2361 4842 consocii
2403 4787 2560 4858 ejus,
2600 4787 2808 4856 quique
2847 4785 3052 4854 pariter
3090 4785 3254 4854 55o
3287 4793 3452 4854 atque
3495 4789 3586 4842 ille

2025 4879 2212 4948 gloria:
2237 4877 2421 4948 cupidi
2444 4887 2620 4943 erant,
2639 4893 2764 4932 cum
2789 4879 2997 4930 obitum
3020 4879 3138 4945 ejus
3163 4877 3592 4946 ignominiOsum

2025 4972 2284 5041 obtegere
2324 4970 2636 5034 studerent,
2655 4969 2856 5024 famam
2888 4968 2964 5023 rei
2991 4972 3319 5024 contrariam
3360 4985 3455 5039 per
3496 4989 3591 5025 ur-

2029 5062 2154 5117 bem
2185 5061 2639 5116 Thessalonicam
2663 5061 2996 5130 evulgabant
3021 5068 3076 5115 et
3107 5061 3589 5128 circumferebant,

2029 5161 2290 5222 tanquam
2334 5153 2650 5207 mederetur
2699 5151 2792 5206 iile
2829 5151 3036 5206 morbis
3076 5161 3130 5205 et
3165 5163 3382 5206 sanaret
3423 5152 3593 5206 {obti-

2027 5245 2250 5299 culosos
2285 5252 2342 5299 et
2383 5253 2664 5300 averteret
2707 5244 2892 5313 plagas
2932 5251 2989 5298 et
3033 5242 3346 5312 hujusmodi
3383 5244 3488 5296 alia
3521 5245 3596 5296 si-

2029 5337 2180 5390 milia
2209 5344 2264 5390 et
2301 5336 2550 5390 inaudita
2581 5354 2594 5390 :
2637 5344 2696 5392 ut
2729 5335 3056 5389 miraculosa
3091 5337 3230 5388 lanna
3267 5349 3431 5389 aures
3461 5351 3596 5389 con-

2030 5435 2313 5482 verterent
2363 5427 2431 5482 ad
2467 5427 2764 5482 novitatem
2819 5426 3062 5496 portenti
3118 5435 3174 5479 et
3215 5425 3282 5480 de
3325 5425 3596 5480 industria

2033 5519 2225 5590 procul
2249 5535 2278 5572 a
2303 5535 2434 5573 vero
2460 5521 2842 5573 abstraherent
2865 5533 2974 5587 quo
2999 5526 3242 5572 manaret
3265 5517 3422 5572 fama:
3445 5531 3598 5570 men-

2035 5609 2406 5664 dacium..Sed
2431 5609 2544 5662 haec
2565 5610 2748 5664 omnia
2769 5619 3115 5664 evanuerunt
3152 5617 3210 5662 et
3241 5608 3396 5675 quasi
3435 5615 3600 5673 vento

2037 5703 2241 5757 dtlllata
2299 5699 2564 5770 temporis
2625 5715 2914 5772 progressu
2975 5699 3205 5755 refutata
3255 5707 3403 5750 sunt.
3457 5696 3596 5750 Nam
