4060 6204
367 203 469 265 t8)
1259 183 1737 256 ’ΒΥΖΑΝΤιΝιε
1777 193 1955 252 HlST

2057 191 2167 252 ME
2203 192 2346 252 LIB.
2393 188 2695 252 XXXVII.
3483 192 3588 254 490

361 314 622 388 ἡγεῖσθαί
645 331 700 365 τε
733 315 997 384 αἱρέσεων
1035 313 1128 365 καὶ
1164 313 1343 366 πάντα
1375 311 1510 380 δρᾷν
1547 311 1612 360 τὰ
1671 307 1925 377 χαλεπώ-

2057 322 2086 359 η
2125 304 2472 360 anathemata
2507 305 2846 367 incidentes,
2881 304 2934 358 in
2967 313 3229 359 mternum
3263 305 3442 374 Tgnem
3482 307 3587 362 sint

360 425 504 463 τατα
533 407 654 461 κατ’
686 407 955 473 ἐξουσίαν,
977 407 1070 460 καὶ
1089 408 1201 475 ἅμα
1226 404 1496 475 ἐρεθίζειν
1520 403 1575 464 ἐς
1599 419 1660 469 γε
1681 402 1739 454 τ’)
1754 400 1918 452 πλάτ-
2023 397 2270 452 demissi.

361 524 480 562 τειν
521 504 706 574 ἁγίους
735 505 1073 575 αὖθημερδν,
1128 505 1221 556 καὶ
1262 502 1415 556 ταῦτ’
1455 500 1698 561 ἐκείνους
1749 497 1797 550 οἳ
1867 495 1965 563 τὴν
2003 495 2100 562 τῆς
2161 493 2419 562 λατρείας
2453 495 2752 563 ἡγεμονίαν
2783 491 2975 560 ἐκείνῳ
3001 507 3058 542 τε
3103 491 3456 557 ἐκδεδώκασι,
3505 495 3593 545 καὶ

373 605 522 666 ἄπας
559 603 755 663 αὐτοὺς
791 603 882 654 καὶ
909 603 1020 670 βίος
1049 603 1141 653 καὶ
1165 600 1318 664 λόγος
1351 601 1448 652 καὶ
1475 596 1679 669 πρᾶξις
1735 595 1828 646 τοῦ
1857 593 1965 646 τῶν
2003 589 2301 662 όρθοδόξων
2359 590 2526 642 πάλαι
2571 589 2828 660 διέγραφε
2873 605 2929 640 τε
2971 589 3063 640 καὶ
3121 589 3366 658 περιεῖλε
3405 589 3594 660 χοροῦ,

369 702 460 753 ἵνα
496 701 571 770 μὴ
601 701 820 761 ὁπόσοις
857 699 1000 766 λέγω
1034 699 1124 750 καί
1149 697 1236 764 ὑφ’
1268 699 1405 748 ὅσων
1433 694 1544 748 τῶν
1579 690 1933 763 πατριαρχῶν
1967 704 2026 740 τε
2093 689 2191 740 καὶ
2251 686 2570 739 ἐπισκόπων
2605 685 2883 756 φυομένης
2914 684 3014 756 ἤδη
3043 686 3142 754 τῆς
3172 685 3440 755 αἱρέσεως
3472 689 3597 741 ἀνασ

371 791 604 861 θέμασιν
662 789 998 858 ἐμπεσόντες

447 906 508 977 [ί.
537 905 641 958 270
677 903 735 976 α]
779 906 878 958 IA'.
930 905 1036 958 Καὶ
1081 904 1250 956 ταῦτα
1299 905 1397 972 μὲν
1426 902 1617 956 τοῦτον
1665 900 1790 968 ἔσχε
1844 898 1935 949 τὸν

368 999 594 1068 τρόπον·
622 996 731 1068 εγὼ
751 997 796 1048 δ’
831 999 1006 1048 έκεῖνο
1038 993 1456 1064 ἐπαναλήψομαι
1487 994 1602 1046 νῦν.
1638 992 1700 1044 Οἱ
1741 992 1848 1059 γὰρ
1875 989 1936 1039 τὸ

371 1089 770 1156 Γαλατώνυμον
839 1089 1056 1157 ἔχοντες
1101 1086 1384 1156 φρούριον,
1423 1085 1606 1150 ἑξότου
1677 1081 1938 1152 βραχείας

369 1175 590 1246 ἐκείνης
623 1177 680 1240 ἐξ
705 1175 903 1242 ἀλόγου
927 1176 1098 1245 φορᾶς
1130 1175 1226 1226 καὶ
1255 1173 1557 1242 παραδόξου
1583 1170 1750 1240 τύχης
1779 1168 1936 1236 ἑδρά-

373 1268 535 1330 ξαντο
579 1267 854 1336 ἀφορμῆς,
903 1266 1000 1334 τῆς
1039 1281 1098 1317 τε
1141 1265 1341 1333 δηλαδὴ
1384 1264 1491 1316 τῶν
1531 1261 1674 1316 δυοῖν
1728 1258 1944 1326 Ἀνδρο-

373 1357 537 1408 νίκων
564 1358 672 1408 τῶν
704 1356 968 1422 βασιλέων
998 1355 1354 1424 διαστάσεως,
1393 1353 1596 1424 μᾶλλον
1624 1351 1670 1406 δ’
1701 1353 1944 1403 ἀποστα-

376 1448 492 1509 σίας
525 1447 622 1500 τοῦ
665 1450 784 1500 νέου
823 1447 959 1516 πρὸς
993 1445 1086 1498 τὸν
1122 1447 1322 1500 οἰκεῖον
1353 1445 1596 1506 πάππον,
1631 1443 1724 1494 καὶ
1747 1437 1814 1494 αὖ
1844 1441 1944 1508 τῆς

376 1538 658 1606 δευτέρας,
712 1538 776 1608 ἢν
819 1535 1158 1606 τεθνηκότων
1211 1535 1436 1588 ἐκείνων
1496 1535 1638 1586 κατὰ
1683 1530 1777 1584 τοῦ
1821 1531 1944 1582 νέου

381 1625 642 1690 βασιλέως
673 1625 766 1678 καὶ
789 1623 886 1693 τῆς
914 1623 1006 1674 τοῦ
1026 1624 1145 1674 νέου
1185 1622 1391 1692 μητρὸς
1425 1625 1452 1676 ὁ
1483 1619 1941 1689 Καντακουζηνὸς

380 1718 662 1781 κεκῖνηκε,
693 1713 1056 1776 παντοδαποῖς
1089 1715 1182 1767 καὶ
1208 1707 1472 1776 ποικίλοις
1505 1712 1677 1776 δόλοις
1700 1711 1940 1772 ἐκείνους

383 1808 478 1876 μὲν
529 1809 814 1878 πρότερον.
843 1805 1067 1868 τούτους
1122 1805 1168 1858 δ’
1214 1804 1464 1874 ὕστερονο
1491 1805 1848 1872 ἐπαγγελίαις
1881 1821 1942 1856 τε

381 1897 558 1952 ἄλλοτ’
615 1897 802 1960 ἄλλαις
863 1898 1191 1970 περιιόντες,
1248 1899 1429 1952 ὁποῖαι
1488 1897 1577 1950 καὶ
1652 1895 1774 1949 ὅσαι
1829 1898 1942 1959 τοῖς

377 1991 638 2050 τοιούτοις
686 1991 961 2058 ἣρμοττον
1010 1991 1260 2057 καιροῖς,
1319 1989 1536 2057 βουλαῖς
1597 1987 1797 2058 δηλαδὴ
1849 1987 1944 2040 καὶ

381 2082 664 2150 χρήμασιν
688 2080 1086 2151 ἀφθονωτέροις
1130 2086 1225 2134 καὶ
1269 2080 1608 2150 συμμαχίαις
1639 2079 1944 2141 ὁπλιτικαῖς

383 2173 476 2222 καὶ
513 2171 775 2234 τοιούτοις
809 2171 874 2239 δή
908 2189 1050 2224 τισιν
1097 2172 1194 2239 (ὲῶ
1227 2172 1334 2242 γὰρ
1370 2172 1547 2238 λέγειν
1591 2172 1684 2224 καὶ
1709 2171 1824 2233 οἵας
1855 2170 1946 2223 ἐπὶ

381 2264 592 2324 τούτοις
639 2263 942 2332 λεληθότως
1005 2262 1164 2332 δῆθεν
1215 2263 1516 2331 ὑπέφαινον
1565 2263 1664 2325 τὰς
1715 2263 1946 2328 ἀπειλὰς

383 2353 505 2406 καθ’
535 2347 610 2405 ὧν
645 2355 676 2422 ἠ
710 2351 881 2406 πειθὼ
905 2351 1086 2422 χώραν
1115 2353 1287 2406 ἐνίοτε
1326 2354 1514 2424 ῥᾳδίαν
1547 2353 1645 2421 οὐχ
1673 2352 1944 2424 εὕρισκε),

383 2445 474 2495 καὶ
506 2443 600 2495 νῦν
643 2445 738 2512 μὲν
775 2443 984 2513 θατέρῳ
1023 2444 1441 2514 προστιθέμενοι
1478 2445 1635 2512 μέρει
1669 2445 1762 2496 καὶ
1809 2445 1948 2512 πρὸς

385 2535 614 2602 θάτερον
667 2534 825 2598 αὖθις
874 2535 1363 2603 ταλαντευόμενοι,
1420 2535 1516 2586 καὶ
1571 2535 1659 2586 ἀεὶ
1721 2534 1948 2602 θάτερον

387 2623 540 2694 παρὰ.
599 2625 825 2692 θάτερον
877 2622 1170 2692 ἀμοιϐαδὸν
1213 2620 1614 2686 ἐξαπατῶντες,
1674 2619 1788 2682 πῶς
1851 2621 1950 2689 μὲν

387 2717 565 2766 ἑκοντὶ
601 2715 712 2776 πῶς
739 2715 782 2766 δ’
813 2715 872 2767 οὐ
909 2712 1052 2782 μάλα
1092 2713 1294 2776 ἑκοντὶ,
1325 2714 1424 2782 τῆς
1449 2709 1543 2763 τοῦ
1571 2707 1763 2780 καιροῦ
1795 2727 1950 2779 περι-

391 2805 635 2864 στάσεως
671 2805 854 2872 πόρρω
889 2802 981 2852 τοῦ
1006 2801 1214 2862 δέοντος
1261 2793 1590 2872 ὲλαυνούσης
1633 2800 1722 2852 τὸν
1751 2800 1950 2870 δρόμον

387 2893 494 2944 τῶν
533 2894 844 2962 ἀνηκόντων
895 2891 1070 2960 λόγων
1125 2889 1216 2944 καὶ
1269 2889 1543 2959 πράξεων,
1585 2888 1773 2942 ἔλαθον
1823 2889 1952 2952 τοὺς

389 2984 626 3044 οἰκείους
657 2984 811 3050 ὅρους
843 2984 906 3034 ἐκ
942 2984 1082 3036 πάνυ
1129 2997 1182 3034 τι
1229 2981 1481 3043 εὐτελοῦς
1527 2995 1587 3032 τε
1631 2980 1728 3034 καὶ
1753 2996 1958 3048 χαμαι-

391 3074 557 3142 ζήλου
605 3073 861 3143 περιοχῆς
909 3071 1252 3132 ὲκτείναντές
1312 3088 1370 3122 τε
1426 3070 1517 3122 καὶ
1578 3069 1958 3144 ὀχυρώσαντες

393 3166 612 3234 πρῶτον
667 3163 766 3232 μὲν
824 3161 1055 3227 ξυλίνοις
1117 3162 1228 3216 τισὶ
1284 3161 1534 3230 θριγκοῖς
1587 3163 1681 3214 καὶ
1731 3159 1958 3230 τάφροις

400 3255 664 3323 βαθείαις,
691 3253 880 3305 ἔπειτα
931 3253 1168 3322 τείχεσιν
1227 3250 1448 3320 ὑψηλοῖς
1497 3268 1556 3302 τε
1602 3251 1695 3302 καὶ
1747 3249 1963 3320 ὀχυροῖς

397 3344 488 3393 καὶ
540 3339 1092 3407 δυσανταγωνίστοις.
1137 3339 1418 3390 Ἐντεῦθεν
1478 3339 1790 3408 ὁρμώμενοι
1835 3340 1962 3398 τοὺς

397 3431 496 3498 τῆς
547 3431 753 3491 οἰκείας
801 3428 1113 3494 πλεονεξίας
1159 3429 1320 3500 ὅρους
1366 3429 1506 3481 κατὰ
1554 3428 1738 3500 χώραν
1779 3429 1962 3497 μένειν

397 3524 490 3592 ὲᾷν
541 3521 755 3592 οὐδαμῆ
783 3539 846 3589 γε
877 3521 1209 3588 ἐγνώκεσαν,
1249 3521 1364 3574 ἀλλ’
1395 3521 1516 3588 ὲφ’ἀ
1548 3521 1756 3590 ἑτέροις
1795 3521 1960 3591 ’ἑτερα

401 3613 658 3666 ἐπενόουν
703 3616 798 3666 κςιῦ⁷
842 3613 1234 3683 προσετίθεσαν
1267 3613 1394 3676 ξένα
1431 3629 1486 3664 τε
1523 3613 1616 3664 καὶ
1658 3612 1958 3682 ὑπέρογκα.

401 3707 566 3756 Ὅθεν
629 3705 724 3756 καὶ
769 3706 867 3774 τῆς
918 3706 1112 3775 τρίτης
1164 3705 1397 3769 ταυτησὶ
1449 3701 1634 3756 λοιπὸν
1701 3705 1964 3774 ἀφορμῆς

399 3796 750 3865 δραξάμενοι,
811 3796 912 3864 τῆς
970 3795 1063 3850 τοῦ
1113 3796 1568 3866 Καντακουζηνοῦ
1620 3813 1764 3865 φημι
1828 3795 1966 3864 πρὸς

403 3887 767 3954 Παλαιολόγον
824 3888 915 3939 τὸν
955 3887 1072 3939 νέον
1121 3887 1248 3958 περὶ
1285 3889 1598 3956 μοναρχίας
1650 3887 1845 3957 ἔριδος,
1886 3885 1966 3955 τῷ

400 3979 504 4047 νέῳ
537 3978 1014 4048 προσεληλύθεσαν
1059 3979 1316 4048 ὲξορίστῳ
1351 3979 1488 4043 τέως
1533 3980 1727 4040 εἰπεῖν,
1759 3979 1967 4046 Τενέδῳ

399 4067 703 4138 τηνικαῦτα
731 4072 796 4138 τῇ
843 4069 994 4138 νήσῳ
1023 4069 1435 4138 ἐνδιατρίϐοντι,
1473 4071 1566 4121 καὶ
1602 4069 1784 4139 ὅρκοις
1826 4085 1965 4140 προ-

399 4165 815 4234 καταδὴσαντές
845 4178 906 4213 τε
936 4161 1032 4214 καὶ
1061 4163 1366 4230 γράμματα
1401 4161 1536 4230 πρὸς
1574 4161 1720 4214 ἅπαν
1753 4160 1964 4213 ἐκεῖθεν

397 4258 458 4308 τὸ
503 4255 828 4325 βουλόμενον
865 4251 1166 4322 εἰληφότες,
1195 4253 1369 4321 λάθρα
1419 4251 1707 4320 ἐπέραινον
1747 4254 1832 4320 ἐφ’
1883 4245 1964 4314 οἷς

401 4347 787 4416 ὲμισθώθησαν
823 4344 920 4398 τοῦ
949 4343 1136 4396 λοιποῦ
1171 4343 1454 4414 προθυμία⁴
1496 4345 1647 4412 πάσῃ
1669 4341 1845 4412 ψυχῆς
1875 4344 1966 4394 καὶ

353 4422 364 4432 ’
402 4441 590 4500 ὅπλοις
619 4439 716 4490 καὶ
748 4439 1022 4508 χρήμασιν
1052 4435 1388 4504 ἀφειδοῦσιν.
1424 4435 1500 4489 Οὐ
1531 4435 1692 4502 μόνον
1723 4435 1799 4502 δε,
1829 4435 1968 4489 ἀλλὰ

403 4533 498 4582 καὶ
535 4531 762 4590 Λατῖνος
783 4530 971 4600 ἕτερος
1007 4527 1189 4594 σφίσιν
1215 4527 1485 4596 ὁμόφυλός
1517 4543 1574 4578 τε
1608 4527 1702 4579 καὶ
1727 4526 1971 4596 ὁμογνώ-

409 4639 550 4688 μων,
581 4621 708 4687 μίαν
733 4617 869 4688 ἔχων
897 4618 1096 4686 τριήρη
1125 4621 1218 4667 καὶ
1249 4617 1364 4685 βίον
1393 4617 1712 4685 πειρατικὸν
1743 4616 1967 4686 μετιὼν,

410 4710 518 4761 κάκ
547 4709 802 4760 τοιούτων
831 4707 1014 4776 πόρων
1058 4706 1324 4770 πλουτῶν,
1366 4705 1554 4774 ὥσπερ
1579 4708 1793 4778 ἑρμαίῳ
1835 4725 1970 4778 χρη-

409 4799 644 4866 σάμενος
676 4797 768 4848 καὶ
803 4796 963 4856 αὐτὸς
993 4795 1068 4864 τῷ
1099 4793 1300 4862 καιρῷ,
1323 4795 1444 4856 ταῖς
1478 4795 1695 4864 ὁμοίαις
1730 4798 1968 4864 ἐπαγγε-

407 4890 546 4948 λίαις
573 4889 669 4954 τὴν
693 4887 918 4956 γνώμην
947 4887 1041 4938 καὶ
1067 4887 1228 4946 αὐτὸς
1257 4885 1531 4954 χειροῦται
1559 4886 1651 4938 τοῦ
1681 4886 1968 4954 βασιλέως,

409 4980 622 5048 Τενέδῳ
668 4983 734 5049 τῇ
784 4981 933 5050 νήσῳ
990 4977 1305 5047 προσσχών.
1349 4978 1513 5030 Ὅθεν
1555 4979 1646 5030 καὶ
1702 4981 1974 5052 μοναρχή-

412 5088 606 5131 σαντος
651 5070 746 5121 τοῦ
793 5071 914 5121 νέου
963 5069 1178 5122 τουτουῖ
1227 5067 1492 5136 βασιλέως
1527 5068 1713 5138 ἐντελῆ
1747 5071 1817 5122 τὰ
1845 5071 1976 5122 ὑπε-

413 5161 664 5232 σχημέ-ια
712 5163 962 5230 ἑκάτεροι
1011 5161 1408 5230 ἀπειλήφεσαν,
1456 5163 1505 5212 οἱ
1575 5161 1673 5230 μὲν
1730 5160 1822 5212 τὸν
1877 5163 1972 5214 τοῦ

1058 787 1134 858 τῷ
1187 786 1393 856 αἰωνίῳ
1434 785 1570 856 πυρὶ
1617 779 2118 852 παρεπέμφθησαν.

2114 896 2208 948 Xl.
2226 897 2398 964 Atque
2419 895 2529 948 haec
2547 895 2763 963 quidem
2787 895 3073 950 hactenus.
3090 897 3205 950 Jam
3228 913 3360 951 vero
3375 913 3441 956 eo
3460 898 3602 954 unde

2043 986 2312 1040 declinavi
2339 995 2602 1038 revertar.
2639 985 2740 1051 Qui
2768 987 3078 1040 Gala'arum
3131 981 3411 1042 castellum
3446 989 3604 1060 553

2046 1077 2302 1132 tenebam
2327 1077 2451 1131 inde
2473 1077 2540 1129 ab
2561 1092 2626 1130 eo
2647 1088 2889 1147 tempore
2915 1094 3021 1146 quo
3037 1080 3242 1148 exigua:
3260 1081 3405 1134 illius
3428 1097 3494 1136 ex
3512 1083 3604 1136 ab.

2044 1167 2206 1222 surda
2234 1181 2398 1220 causa
2427 1177 2481 1220 ct
2506 1166 2789 1235 inopinato
2811 1184 2938 1222 casu
2963 1179 3163 1224 exortae
3179 1171 3369 1238 primae
3401 1171 3608 1227 discor-

2039 1256 2138 1310 dia:
2167 1265 2220 1310 et
2243 1256 2611 1309 contentionis
2641 1266 2845 1325 apertte
2891 1259 3058 1328 impp.
3087 1259 3371 1318 amborum
3398 1261 3610 1316 Andro-

2039 1345 2292 1398 nicorum
2347 1354 2556 1412 partem
2605 1347 2884 1414 fecerant,
2931 1349 3015 1404 vel
3065 1351 3250 1418 potius
3291 1351 3611 1410 rebellionis

2033 1436 2268 1505 jnnioris
2329 1448 2517 1491 contra
2579 1455 2764 1504 avum,
2810 1452 2865 1494 et
2919 1456 3114 1496 rursus
3158 1441 3412 1496 secundae
3445 1459 3612 1510 quam

2043 1527 2277 1582 mortuis
2339 1529 2450 1583 illis
2476 1538 2664 1584 contra
2692 1531 2950 1600 juvenem
2993 1533 3122 1600 imp.
3158 1542 3211 1588 et
3253 1531 3472 1600 juvenis
3499 1547 3617 1587 ma-

1973 1603 2016 1658 Β
2047 1625 2184 1671 trem
2209 1617 2628 1676 Cantacuzenus
2663 1633 2934 1684 moverat,
2972 1623 3136 1676 variis
3173 1623 3359 1680 multis
3397 1631 3453 1677 et.
3485 1638 3612 1677 ver-

2048 1711 2187 1764 sutis
2211 1711 2418 1765 artibus
2441 1711 2566 1764 illos
2585 1712 2764 1784 prius,
2790 1713 2891 1768 hos
2915 1724 3124 1782 postea,
3146 1723 3202 1767 et
3227 1715 3615 1782 promissioni-

2049 1799 2154 1854 bus
2185 1801 2374 1855 multis
2395 1800 2850 1867 circumiverunt,
2875 1804 3066 1872 quales
3090 1814 3144 1858 et
3168 1817 3384 1872 quantae
3407 1815 3617 1874 tempo-

2049 1889 2204 1944 ribus
2223 1891 2332 1946 illis
2358 1891 2782 1960 conveniebant,
2801 1893 3010 1948 scilicet
3027 1896 3270 1950 consiliis
3289 1906 3344 1950 et
3367 1899 3617 1966 pecuniis

2051 1989 2132 2033 sat
2158 1981 2366 2050 magnis
2391 1989 2444 2036 et
2465 1981 2641 2050 copiis
2663 1983 2992 2040 militaribus
3017 1995 3072 2040 et
3093 1986 3215 2042 aliis
3265 1987 3616 2056 liujusmodi;

2050 2071 2210 2126 mitto
2231 2073 2376 2126 enim
2399 2072 2580 2128 dicere
2602 2083 2840 2142 quantas
2856 2075 2910 2128 in
2933 2075 3018 2130 bis
3039 2077 3175 2130 clam
3195 2078 3371 2134 minas
3388 2080 3619 2136 fecerint

2051 2169 2244 2216 contra
2276 2177 2414 2232 quos
2452 2165 2742 2232 persuasio
2779 2165 3060 2220 interdum
3097 2169 3236 2222 nihil
3273 2170 3524 2234 valebat,
3560 2179 3619 2226 et

2055 2267 2196 2322 quas
2255 2269 2402 2308 nunc
2437 2255 2594 2309 alteri
2631 2257 2770 2325 parti
2815 2257 3168 2325 inferebant,
3205 2277 3354 2316 nunc
3383 2263 3451 2316 ad
3483 2263 3621 2318 alte-

2055 2358 2170 2396 ram
2185 2343 2565 2410 devolvebant,
2587 2351 2934 2416 etjquomodo
2956 2351 3220 2406 continuo
3245 2353 3470 2407 alteram
3499 2365 3624 2424 post

2055 2435 2280 2488 alteram
2306 2435 2661 2506 decipientes,
2677 2441 2842 2494 modo
2867 2441 2934 2496 iis
2951 2458 3057 2500 non
3081 2444 3284 2506 invitis,
3307 2443 3627 2503 modoinviv

2057 2524 2128 2577 tis
2143 2539 2270 2578 cum
2298 2527 2557 2594 temporis
2584 2529 2826 2586 rationes
2852 2531 3017 2586 verba
3038 2535 3180 2588 ultra
3208 2534 3428 2587 modum
3453 2535 3595 2592 auda
3613 2565 3626 2574 -

2055 2614 2140 2668 cia
2163 2625 2219 2667 et
2241 2615 2387 2672 facta
2417 2617 2798 2684 admitterent,
2821 2623 3083 2688 paulatim
3111 2623 3472 2692 possessionis
3509 2640 3626 2680 sua:

2061 2704 2335 2760 terminos
2363 2719 2430 2758 ex
2461 2717 2700 2774 angusto
2726 2719 2782 2762 et
2811 2709 3007 2778 exiguo
3038 2710 3247 2764 ambitu
3277 2713 3628 2768 extentlerint:

2058 2801 2114 2848 et
2163 2791 2538 2860 muniverint,
2583 2795 2826 2864 primum
2865 2795 3086 2867 quidem
3124 2797 3321 2868 ligneis
3360 2798 3532 2870 septis
3567 2809 3626 2854 et

2061 2885 2223 2940 fossis
2252 2885 2539 2954 profundis
2563 2927 2578 2952 ,
2608 2887 2808 2946 deinde
2837 2903 2971 2943 vero
3001 2889 3176 2946 muris
3205 2890 3329 2946 altis
3363 2899 3417 2944 et
3449 2890 3621 2948 ﬁrmis

2060 2991 2117 3036 et
2172 2978 2260 3032 vix
2296 2979 2775 3050 cxpugnabilibus.
2809 2979 2944 3034 lline
2974 2982 3179 3036 factum
3210 2994 3294 3037 est
3347 2990 3406 3036 ut
3434 2983 3622 3052 cupidi

2063 3073 2434 3148 posseSsionis
2501 3071 2897 3140 ampliﬁcanda:
2935 3075 3200 3127 terminos
3235 3073 3304 3127 ad
3349 3075 3626 3129 modicum

2064 3163 2330 3220 ambitum
2368 3163 2706 3216 constituere
2738 3177 2846 3215 non
2875 3161 2988 3230 jam
3023 3162 3076 3215 in
3109 3164 3296 3220 animo
3325 3163 3626 3230 haberent,

2064 3256 2160 3312 sed
2194 3257 2300 3312 alia
2335 3263 2458 3324 post
2491 3253 2653 3326 554
2683 3253 2786 3308 alia
2818 3254 2920 3308 sibi
2954 3265 3317 3322 exposcerent
3347 3268 3404 3311 et
3431 3259 3628 3328 adjun-

2065 3359 2258 3419 gerent
2293 3349 2471 3402 aliena
2503 3358 2559 3402 et
2587 3363 2755 3416 super
2785 3348 3009 3402 modum
3044 3363 3258 3418 magna.
3289 3349 3470 3415 Quare
3503 3367 3628 3406 cum

2065 3442 2231 3498 etiam
2263 3443 2460 3502 tertiar.
2483 3457 2608 3510 quae
2635 3442 2800 3512 paulo
2825 3451 2951 3512 post
2975 3451 3165 3496 exorta
3197 3451 3312 3508 est,
3343 3442 3467 3498 dico
3490 3443 3635 3499 Can-

2067 3533 2316 3587 taeuzeni
2357 3534 2408 3586 in
2447 3531 2810 3603 Palaeologum
2840 3534 3116 3603 juni’orem
3154 3545 3378 3604 propter
3407 3551 3632 3595 monar-

2071 3628 2274 3692 cliiam,
2335 3642 2554 3681 causam
2627 3628 2858 3697 amplexi
2933 3628 3198 3692 fuissent,
3247 3641 3303 3686 et
3373 3631 3632 3700 juvenem

2069 3718 2334 3772 adiissent
2369 3719 2462 3786 qui
2510 3719 2664 3772 exsul
2703 3719 2756 3772 in
2796 3718 3020 3774 Tenedo
3061 3721 3238 3774 insula
3277 3721 3633 3782 morabatur,

2067 3819 2122 3864 et.
2152 3810 2518 3879 jurejurando
2557 3811 2661 3864 sibi
2695 3811 3035 3880 obligasscnt
3069 3825 3122 3866 et
3157 3813 3369 3868 litteras
3405 3814 3530 3872 inde
3563 3815 3630 3872 ad

2067 3915 2284 3955 omnem
2318 3901 2654 3954 voluntatem
2689 3893 3065 3969 accepissent,
3102 3903 3242 3956 clam
3277 3907 3633 3976 perfecerunt

2072 4007 2171 4062 pro
2203 3991 2404 4060 quibus
2438 3992 2696 4046 conducti
2726 4002 2884 4046 erant
2912 4009 3038 4047 cutn
3073 3995 3240 4048 totius
3270 3995 3438 4053 animi
3469 3995 3632 4052 obse-

2069 4081 2200 4151 quio
2255 4091 2310 4135 et
2379 4083 2547 4136 armis
2621 4091 2676 4136 et
2739 4083 3002 4152 pecuniis.
3094 4083 3199 4140 Sed
3259 4101 3368 4143 non
3434 4087 3490 4144 bi
3545 4103 3632 4142 so—

2069 4173 2420 4237 lum,vcrutn
2455 4173 2622 4228 etiam
2657 4171 2886 4230 Latinus
2917 4176 3056 4234 alter
3085 4191 3208 4233 cum
3245 4177 3352 4236 illis
3383 4189 3543 4248 gente
3573 4189 3629 4236 et

1999 4303 2042 4356 υ
2073 4267 2258 4322 animo
2296 4266 2624 4334 conjunctus
2647 4309 2660 4328 ,
2693 4271 2788 4335 qui
2822 4282 2982 4324 unam
3017 4268 3291 4324 triremem
3330 4269 3548 4323 tenebat
3577 4286 3634 4324 et

2079 4358 2240 4412 vitam
2296 4358 2621 4425 ‘piratiCam
2707 4356 2934 4427 degebat
2993 4369 3047 4413 et
3107 4359 3393 4414 latrocinio
3478 4361 3634 4414 dives

2075 4450 2254 4500 factus
2279 4457 2397 4500 erat
2417 4487 2431 4510 ,
2466 4457 2712 4516 tempore
2745 4449 2848 4502 isto
2875 4459 3180 4516 opportuno
3208 4457 3464 4515 tanquam
3490 4451 3634 4502 dono

2076 4536 2290 4591 cmlcsti
2335 4544 2518 4598 utens,
2554 4536 2826 4590 similibus
2861 4536 3318 4605 promissionibus
3347 4539 3480 4606 imp.
3511 4539 3634 4595 ani-

2079 4643 2228 4680 mum
2301 4627 2406 4680 sibi
2466 4626 2742 4690 devinxit,
2787 4626 3010 4680 Tenedo
3083 4626 3274 4682 insula:
3325 4630 3630 4698 appelletis-

2079 4717 2226 4770 unde
2271 4716 2491 4784 utrique
2521 4735 2548 4768 κ
2575 4717 2796 4786 juniore
2843 4717 2975 4784 imp.
3017 4717 3088 4770 ibi
3129 4729 3388 4786 regnante
3444 4735 3638 4790 magna

2080 4807 2346 4874 promissa
2377 4817 2719 4876 acceperant,
2746 4813 2800 4860 et
2825 4806 2900 4860 illi
2933 4805 3152 4874 quidem
3183 4809 3392 4864 castelli
3427 4787 3635 4870 muenia
3727 4787 3732 4796 Ι

2081 4897 2134 4950 in
2169 4897 2568 4968 longitudinem
2615 4909 2670 4950 et
2715 4898 3060 4952 latitudinem
3099 4911 3362 4966 (“inritum
3397 4902 3512 4960 fieri
3545 4919 3639 4970 ρο·
3717 4899 3722 4902 ’

2083 4987 2184 5040 luit
2221 4987 2586 5044 extenderunt
2617 5003 2807 5042 versus
2839 4991 3184 5044 occidentem
3218 5001 3273 5044 et
3306 4996 3640 5062 septentrio-

2081 5093 2204 5130 nem
2260 5088 2316 5132 et
2369 5078 2679 5140 orientem;
2715 5080 2804 5133 hic
2853 5096 2980 5134 vero
3041 5082 3383 5151 imperatoris
3432 5085 3640 5141 sororis

2079 5183 2312 5236 sponsus
2339 5170 2518 5224 factus
2548 5183 2631 5224 est
2660 5179 2716 5224 et
2743 5169 2979 5224 Lesbum
3013 5173 3244 5228 insulam
3273 5178 3507 5244 accepit.

414 5255 688 5326 φρουρίου.
741 5252 1023 5320 περίεολον
1077 5253 1158 5312 εἰς
1207 5251 1381 5319 μῆκος
1441 5253 1534 5302 καὶ
1598 5251 1800 5313 πλάτος
1843 5253 1967 5307 ὅσον
2014 5259 2263 5312 πλεῖστον
2301 5261 2424 5328 ἐξῆν
2459 5263 2760 5330 ηὐξηκότες
2796 5262 2862 5334 [ί.
2893 5263 2997 5318 270
3033 5263 3110 5336 6.]
3156 5268 3291 5337 πρός
3356 5285 3416 5320 τε
3480 5270 3634 5322 δύσιν

416 5355 508 5405 καὶ
559 5349 758 5418 ἄρκτον
803 5346 1148 5434 seadﬁcian
1177 5347 1234 5398 δὲ
1305 5347 1551 5417 γαμϐρὸς
1600 5347 1686 5400 ἐπ’
1723 5347 1930 5419 ἀδελφῇ
1960 5351 2037 5420 τῷ
2076 5354 2283 5424 βασιλεῖ
2337 5360 2612 5420 καταστὰς
2669 5360 2763 5411 καὶ
2811 5358 2928 5428 ἅμα
2980 5361 3184 5415 Λέσϐον
3231 5361 3330 5433 τὴν
3364 5363 3528 5430 νῆσον
3559 5364 3639 5422 εἰς

415 5446 618 5514 προῖκα
648 5439 846 5493 λαϐὼν.

487 5559 590 5616 ιδ’.
625 5559 862 5613 Τοιαῦτα
889 5559 984 5612 καὶ
1006 5557 1144 5610 οὕτω
1166 5561 1480 5630 πολύτροπε
1499 5561 1586 5614 διὰ
1609 5561 1792 5630 βιαίας
1813 5561 1978 5630 ἀνάγ-

734 5660 1002 5720 l’amon.
1048 5657 1160 5718 Gtt.
1211 5658 1487 5720 CXLIX.

2154 5560 2316 5616 Χ11.Τ
2323 5573 2450 5616 anta
2481 5571 2532 5617 et
2565 5571 2675 5618 tam
2709 5564 2856 5618 varia
2891 5571 3116 5634 propter
3145 5565 3369 5620 nimiam
3396 5567 3635 5626 necessi-

3245 5668 3312 5726 16
