4060 6204
452 323 552 388 491
1647 312 2070 375 NICEPHORI
2107 302 2496 376 GREGOR/E
3587 320 3690 384 492

453 460 623 507 tatem
665 451 723 500 et
760 440 1041 498 fortunam
1071 437 1440 493 infortunatos
1472 430 1766 502 Byzantios
1796 443 2017 498 unaque

2128 445 2225 493 κας
2254 430 2350 485 καὶ
2380 429 2550 503 τύχας
2578 432 2702 496 τοὺς
2743 431 3130 505 ταλαιπώρους
3159 433 3516 500 Βυζαντίους,
3553 435 3687 505 μᾶλ-

456 546 735 601 llomanos
767 549 961 593 omnes
991 532 1310 587 invaserant
1336 526 1477 581 mala
1507 534 1764 592 tanquam
1805 535 1836 577 e
1869 519 2021 573 fonte

2128 516 2215 569 λον
2248 516 2292 570 δ’
2345 516 2481 587 ὁμοῦ
2532 517 2841 588 Ῥωμαίους
2876 520 3126 586 ἅπαντας
3173 524 3578 595 κατειλήφεσαν
3623 527 3691 579 τὸ

455 633 680 691 turbido
709 638 765 686 et
793 639 1014 688 amaro,
1048 619 1339 695 tyrannide
1370 616 1581 672 scilicet
1610 622 1725 668 tum
1759 608 2022 681 temporis

2128 607 2291 674 δεινά,
2324 608 2516 680 ῶσπερ
2552 612 2736 681 πηγῆς
2770 612 3145 685 ἐξερῤυηκότα
3183 615 3279 669 καὶ
3309 614 3692 669 άποϐλῦσαντα

452 723 829 798 regnantium,
871 714 1032 789 555
1094 712 1358 782 originem
1414 708 1653 770 ducens,
1705 719 1871 774 quam
1929 716 2020 757 se-

454 791 699 873 cundum
742 811 906 883 regia:
946 804 1235 878 potestatis
1260 811 1316 856 et
1349 808 1567 856 sanctas
1597 798 1743 867 leges
1776 791 2021 849 tradide-

459 918 625 973 rant,
684 909 1070 975 tempestatem
1121 906 1178 952 et
1223 892 1593 951 calamitatem
1642 887 2019 959 gravissimam

450 1004 758 1058 excitantes
786 999 843 1052 in
875 1007 1153 1066 quemque
1180 992 1431 1055 bonum;
1466 1000 1575 1056 quo
1618 982 1787 1042 Deus.
1814 989 1874 1034 ut
1917 992 2020 1047 ego

451 1095 667 1165 opinor,
683 1085 1085 1161 providentiam
1118 1095 1272 1137 suam
1301 1076 1570 1149 probavit.
1589 1074 1726 1129 Hinc
1749 1084 1910 1127 omne
1938 1069 2022 1124 di-

452 1161 701 1253 sciplina:
733 1192 906 1249 genus
934 1173 1214 1231 sublatum
1241 1177 1325 1224 est
1351 1176 1405 1221 et
1431 1167 1487 1221 in
1520 1161 1860 1218 contrarium
1891 1173 2024 1213 eon-

452 1249 612 1330 versa
643 1280 729 1327 est
756 1268 932 1323 virtus
967 1262 1295 1330 virtutisque
1327 1256 1663 1321 auctoritas;
1710 1261 1767 1332 et
1816 1249 2024 1305 invexit

454 1367 548 1421 illa
579 1364 724 1418 inter
752 1374 946 1417 omnes
976 1357 1092 1411 fere
1119 1355 1396 1409 Romanos
1421 1354 1693 1418 quotquot
1716 1353 1843 1398 sunt
1868 1354 2022 1394 novae

453 1453 693 1511 civitatis
715 1492 731 1518 ,
762 1460 946 1505 mores
977 1458 1153 1501 novos
1182 1450 1236 1498 et
1264 1451 1592 1510 peregrinos
1624 1444 1679 1489 et
1715 1448 1744 1488 a
1788 1429 2023 1501 pristina

455 1547 592 1616 regii
644 1541 863 1613 imperii
912 1548 969 1594 et
1016 1549 1199 1590 rerum
1230 1524 1725 1586 administrationis
1753 1519 2025 1593 sapientia

455 1610 686 1711 prorsus
722 1610 956 1688 alienos.
997 1626 1139 1694 Quid
1180 1633 1363 1678 autem
1404 1615 1698 1675 dicendum
1732 1615 1808 1668 ‘de
1852 1610 2020 1666 vesti-

457 1729 694 1791 mentis,
725 1739 891 1794 quam
921 1720 1094 1775 multa
1131 1718 1185 1772 in
1216 1718 1307 1771 bis
1338 1713 1505 1769 etiam
1549 1716 1740 1765 contra
1783 1714 2023 1761 consue-

457 1819 705 1874 tudinem
739 1821 948 1867 mutata
979 1810 1089 1865 sint
1112 1849 1127 1873 ,
1154 1816 1213 1863 et
1244 1803 1522 1880 quomodo
1551 1815 1617 1856 ex
1648 1799 1797 1853 omni
1826 1794 2020 1852 notitia

455 1922 664 1972 remota
708 1917 763 1965 et
807 1911 1008 1961 novata
1048 1899 1122 1955 sit
1169 1895 1516 1967 respublica,
1547 1900 1607 1946 ut
1635 1907 1746 1947 non
1784 1890 1897 1962 jam
1926 1901 2023 1943 co-

456 2002 644 2079 gnosci
672 1998 843 2072 possit
869 1992 994 2065 quis
1019 2007 1048 2046 e
1071 1986 1336 2046 Romanis
1359 1984 1453 2048 sit,
1473 1981 1598 2053 quis
1623 1996 1688 2035 ex
1711 1979 1815 2032 alia
1840 1984 2020 2047 gente.

455 2069 870 2166 illeque—enim
929 2083 1186 2152 Persicus
1242 2079 1425 2132 cultus
1491 2087 1522 2127 a
1608 2069 1877 2126 Romanis
1936 2079 2024 2120 re-

460 2158 654 2258 ceptus
680 2191 765 2239 est
786 2221 802 2244 ,
828 2190 1010 2243 neque
1036 2186 1208 2243 purus
1232 2167 1462 2223 Latinus
1481 2206 1496 2230 ,
1524 2176 1703 2243 neque
1729 2158 2021 2217 Gotbicus,

457 2249 637 2349 neque
666 2276 711 2329 si
741 2272 864 2341 quis
879 2264 1249 2323 Triballorum
1268 2258 1353 2313 vel
1376 2256 1646 2326 Mysorum
1662 2260 1746 2306 est
1766 2250 1850 2304 vel
1876 2249 2027 2303 Paeo-

460 2340 612 2426 num.
634 2365 741 2420 Sed
760 2340 1073 2434 promiscue
1100 2366 1164 2408 ex
1192 2347 1473 2413 omnibus,
1493 2354 1554 2400 ut
1582 2343 1772 2399 dicunt
1801 2340 2021 2402 musici,

459 2473 516 2521 et
574 2431 876 2517 concentus
933 2460 987 2506 et
1040 2448 1270 2503 eil’ectus
1315 2457 1344 2497 a
1393 2436 1730 2495 nostratibus
1773 2431 2022 2489 conversi

459 2568 517 2613 et
559 2555 612 2608 in
657 2564 883 2622 prorsus
924 2540 1258 2600 contrarium
1297 2530 1573 2589 commisti
1627 2536 1757 2582 sunt
1806 2524 1860 2579 in
1895 2538 2027 2577 eon-

459 2617 686 2718 geriem,
736 2647 791 2695 et
822 2634 1072 2690 videmus
1110 2630 1250 2685 intra
1275 2637 1462 2679 sacros
1491 2634 1679 2677 muros
1717 2617 2023 2671 amicorum

458 2713 602 2797 filios
634 2738 799 2801 caput
825 2723 1044 2797 quidem
1076 2720 1380 2776 referentes
1419 2713 1743 2770 Latinorum
1767 2746 1781 2770 ,
1821 2715 2026 2773 corpus

463 2842 590 2882 vero
626 2831 800 2878 totum
831 2816 1121 2873 Persarum
1149 2809 1243 2866 vel
1265 2805 1552 2864 Medorum
1586 2813 1739 2856 more
1768 2802 2022 2850 ornatum

459 2928 564 2973 est.
600 2915 812 2968 Rursus
837 2915 1020 2963 autem
1051 2901 1271 2959 eosdem
1314 2899 1488 2952 altero
1531 2894 1621 2950 die
1669 2890 1830 2945 modo
1877 2890 2026 2942 hunc

461 3003 624 3058 modo
678 3000 830 3053 illum
899 3005 1105 3047 morem
1137 2972 1298 3058 556
1323 2984 1484 3040 modo
1529 2990 1782 3036 neutrum
1824 2977 2022 3031 borum

2125 698 2349 765 θολερᾶς
2378 700 2472 753 καὶ
2507 703 2713 772 πικρᾶς
2747 704 2847 773 τῆς
2873 706 2985 759 τῶν
3019 707 3141 758 τότε
3177 706 3460 778 ἀρχόντων
3496 726 3689 778 τυρανο

2124 790 2290 856 νίδος,
2343 790 2412 861 ἦν
2443 809 2503 845 τε
2561 791 2704 846 κατὰ
2760 794 2861 863 τῆς
2890 793 3175 865 βασιλείας
3203 798 3297 850 καὶ
3327 796 3395 869 ἢν
3418 798 3559 854 κατὰ
3583 799 3690 854 τῶν

2125 880 2286 935 θείων
2338 881 2629 952 δογμάτων
2689 885 3027 955 ἐπήνεγκαν,
3062 888 3309 958 χειμῶνα
3331 889 3425 942 καὶ
3451 890 3691 961 διωγμὸν

2122 972 2215 1024 τὸν
2243 971 2555 1055 βαρύτατον
2586 974 2906 1045 ἐγείραντες
2927 978 3071 1031 κατὰ
3098 978 3298 1042 παντὸς
3327 979 3538 1048 ἀγαθοῦ
3559 997 3574 1012 ο
3621 979 3691 1032 δι’

2122 1065 2182 1118 δν
2202 1068 2297 1120 καὶ
2326 1065 2479 1130 Θεὸς,
2513 1063 2692 1135 οἶμαι,
2722 1067 2823 1137 τὴν
2847 1068 3042 1121 ἐαυτοῦ
3070 1070 3382 1123 συνέστειλε
3408 1071 3687 1140 πρόνοιαν.

2124 1155 2434 1210 Κάντεῦθεν
2463 1155 2612 1210 ἅπαν
2663 1158 2763 1225 μὲν
2796 1159 3047 1223 παιδείας
3077 1159 3399 1232 ἐξελήλαται
3422 1157 3567 1223 εἶδος
3597 1163 3692 1215 καὶ

2123 1249 2540 1320 άντέστραπται
2599 1251 2738 1321 πρὸς
2796 1253 3106 1306 τούναντίον
3157 1254 3327 1326 ἁρετὴ
3367 1255 3464 1308 καὶ
3509 1256 3565 1308 εἴ
3605 1272 3691 1318 τις

2124 1342 2351 1407 ἔπαινος
2372 1344 2582 1413 ἀγαθοῦ
2603 1362 2618 1377 ·
2660 1347 2758 1401 καὶ
2807 1345 3118 1400 ἐπεπόλασε
3151 1347 3294 1401 κατὰ
3321 1347 3538 1400 πάντων
3567 1365 3694 1417 σχει-

2122 1433 2214 1488 δδν
2250 1434 2568 1505 Ῥωμαίων,
2623 1435 2741 1490 ὅσοι
2793 1436 2893 1507 τῆς
2928 1437 3055 1501 νέας
3100 1436 3212 1491 eiul
3247 1438 3542 1504 πολιτείας,
3576 1439 3690 1509 ἢθη

2123 1524 2286 1581 καινά
2325 1528 2421 1580 καὶ
2448 1522 2712 1581 ἀλλόκοτα
2745 1528 2840 1581 καὶ
2865 1527 3078 1599 οὐδαμῆ
3105 1529 3207 1599 τῆς
3243 1528 3373 1599 πρὶν
3403 1528 3692 1599 βασιλικῆς

2123 1616 2339 1687 ἐκείνης
2386 1621 2480 1672 καὶ
2535 1616 2821 1691 πολιτικῆς
2869 1622 3138 1683 συνέσεως
3180 1621 3276 1674 καὶ
3305 1621 3554 1683 παιδείας
3591 1621 3689 1674 καὶ

2124 1710 2403 1775 εὐταξίας.
2434 1711 2501 1764 Τί
2532 1711 2579 1765 δ’
2622 1711 2688 1766 ἄν
2731 1728 2816 1774 τις
2846 1714 2981 1783 φαίη
3015 1714 3110 1767 καὶ
3141 1713 3271 1783 περ)⁸
3316 1713 3425 1766 τῶν
3455 1698 3662 1780 ἐνδυμᾶ

2123 1814 2254 1867 των,
2291 1804 2393 1858 ὅσα
2428 1805 2531 1857 κάν
2552 1805 2767 1866 τοῦτοις
2803 1804 3195 1876 παρηνομήθη,
3232 1805 3328 1857 καὶ
3367 1804 3515 1865 ὅπως
3539 1805 3697 1857 ἐκτε-

2121 1897 2376 1948 τόπισται
2414 1893 2509 1948 τοῦ
2548 1893 2830 1966 γνωρίμου
2892 1911 2951 1948 τε
2992 1896 3087 1949 καὶ¹
3115 1894 3384 1965 συνήθους
3417 1894 3694 1955 πολιτεία.

2121 1988 2196 2050 ὡς
2233 1988 2368 2058 μηδέ
2403 1986 2772 2056 γινώσκεσθαι
2798 1986 2881 2040 ἐτι
2909 1987 3061 2051 ὅστις
3102 1985 3389 2056 Ῥωμαίων
3421 1990 3516 2041 καὶ
3543 1986 3697 2048 ὅστις

2121 2080 2230 2131 τῶν
2262 2079 2436 2142 ἄλλως
2483 2080 2718 2149 ἐχόντων
2768 2078 2943 2145 γενῶν
2964 2119 2980 2144 ,
3015 2076 3140 2131 οὔτε
3171 2077 3280 2148 γάρ
3335 2078 3581 2149 Περσική
3608 2093 3698 2140 τις

2122 2171 2361 2240 ἄκρατος
2394 2171 2428 2241 ή
2461 2169 2625 2238 στολὴ
2656 2169 2881 2237 γέγονεν
2908 2169 3009 2240 ἤδη
3058 2169 3387 2238 Ῥωμαίοις,
3420 2166 3547 2221 οὔτε
3580 2169 3698 2221 Aa-

2121 2258 2303 2330 τινικὴ
2327 2258 2548 2322 τελέως,
2584 2255 2710 2311 οὔτε
2744 2260 2853 2329 μήν
2885 2262 2970 2322 τις
2992 2258 3226 2329 Γοτθικὴ
3268 2256 3544 2323 καθάπαξ,
3565 2255 3717 2311 οὔτε.

2122 2350 2281 2414 εἴτις
2329 2348 2646 2422 Τριϐαλλῶν
2694 2351 2786 2403 καὶ
2816 2348 2934 2422 ἅμα
2984 2350 3195 2405 Μυσῶν
3258 2349 3354 2403 καὶ
3408 2348 3696 2401 Παιόνων·

2121 2443 2240 2496 ἀλλ’
2287 2444 2352 2497 ἐκ
2408 2440 2600 2495 πασῶν
2634 2442 2693 2495 τδ
2716 2438 2804 2495 διὰ
2858 2441 3048 2496 πασῶν
3076 2440 3250 2494 εἰπεῖν
3282 2439 3382 2509 τῆς
3410 2439 3698 2509 ’μουσικῆς

2122 2534 2338 2604 ἐκείνης
2368 2534 2634 2606 ἁρμονίας
2659 2533 2753 2587 καὶ
2776 2532 2978 2604 ἀρετῆς
3002 2532 3092 2585 ἐπὶ
3117 2532 3229 2586 τῶν
3259 2531 3547 2602 ἡμετέρων
3572 2531 3701 2583 ἀντ-

2124 2629 2426 2698 έστραπται
2482 2627 2691 2698 χρόνων
2722 2627 2793 2690 ’ἐς
2837 2624 2983 2679 ἅπαν
3012 2624 3325 2679 τούναντίον
3368 2624 3546 2694 μίγμα
3594 2624 3698 2676 καὶ

2126 2719 2506 2790 συμφόρημα·
2539 2716 2636 2772 καὶ⁵
2658 2717 2874 2787 δρῶμεν
2901 2716 3009 2769 τῶν
3032 2715 3192 2786 ίερῶν
3221 2713 3527 2785 περιϐόλων
3554 2712 3694 2764 εἴσω

2123 2813 2249 2874 τοὺς
2284 2811 2391 2865 τῶν
2428 2810 2601 2881 φίλων
2651 2810 2846 2873 παῖδας
2893 2809 2992 2879 τὴν
3025 2810 3122 2879 μὲν
3154 2808 3398 2877 κεφαλὴν
3442 2805 3697 2866 ἐοικότας

2125 2901 2402 2966 Λατίνοις,
2441 2900 2500 2952 τὸ
2534 2898 2590 2950 δέ
2614 2897 2779 2968 ’σῶμα
2810 2899 2918 2952 πᾶν
2972 2896 3254 2967 Περσικῶς
3300 2913 3360 2947 τε
3392 2897 3489 2949 καὶ
3520 2894 3698 2963 Μηδι-

2126 2993 2238 3056 κῶς
2270 2992 2622 3061 ἐσταλμένον,
2677 2993 2771 3045 καὶ
2805 2988 3116 3044 τοῦναντίον
3173 2991 3229 3052 ἐς
3259 2989 3358 3058 τὴν
3391 2987 3696 3058 ὑστεραίαν

461 3092 718 3165 pr'mi‘erre
751 3086 1036 3148 videmus,
1064 3079 1159 3136 sed
1205 3079 1373 3132 alium
1419 3074 1592 3145 magis
1637 3070 1935 3128 absurdum
1970 3079 2025 3122 et

2128 3085 2255 3147 τοὺς
2289 3083 2485 3145 αὐτοὺς
2520 3081 2614 3134 νῦν
2646 3080 2746 3152 μὲν
2772 3080 2947 3144 ἄλλως
2980 3078 3073 3133 νῦν
3105 3078 3150 3133 δ’
3202 3078 3374 3144 ἄλλως
3405 3079 3500 3132 νῦν
3530 3078 3579 3131 δ’
3600 3079 3696 3131 οὖ-

462 3184 810 3258 peregrinum
835 3194 932 3250 pro
955 3175 1294 3246 singulorum
1341 3169 1540 3225 eiireni
1573 3165 1820 3222 libidine.
1849 3166 2022 3230 Quam

463 3254 529 3332 ad
556 3254 968 3345 perversitatem
1000 3266 1275 3322 Romanos
1301 3260 1431 3328 labi,
1453 3268 1515 3315 ut
1542 3275 1641 3329 ego
1664 3257 1883 3327 quidem
1908 3254 2028 3324 opi-

470 3367 757 3433 nonDeus
787 3369 1079 3435 propterea
1111 3357 1340 3428 patitur,
1371 3364 1430 3408 ut
1456 3353 1756 3407 animorum
1785 3348 2026 3418 pravitai-

466 3473 577 3517 tem
613 3446 668 3514 et
702 3456 1082 3512 vehementem
1119 3458 1345 3521 prepter
1379 3445 1565 3501 divina
1604 3443 1862 3497 Ecclesia:
1897 3440 2030 3508 dog-

467 3560 613 3606 mata
655 3552 1034 3615 tempestatem
1076 3550 1134 3594 et
1174 3537 1544 3593 turbationem
1591 3549 1657 3588 ex
1715 3528 2026 3586 istiusmodi

464 3638 704 3695 externis
742 3636 906 3689 rebus
957 3638 1293 3702 cognoscant
1315 3670 1330 3695 ,
1356 3636 1409 3682 et
1440 3634 1731 3697 propterea
1764 3632 1822 3675 ut
1850 3627 2025 3676 semet

466 3731 568 3800 ipsi
627 3732 882 3783 incusent
934 3724 1121 3780 'statim
1180 3737 1247 3775 ex
1301 3720 1478 3789 primo
1524 3718 1722 3771 intuitu
1771 3723 1824 3767 et
1874 3726 2027 3766 casu.

465 3819 933 3892 Quemadmodum
975 3824 1156 3870 autem
1196 3813 1252 3867 in
1300 3811 1437 3866 mari
1477 3809 1633 3864 navis
1667 3805 1887 3877 quando
1918 3818 2012 3857 an-

467 3916 612 3971 coris
677 3914 794 3968 suis
839 3911 1031 3965 orbata
1065 3917 1168 3974 est,
1232 3908 1285 3960 in
1344 3904 1511 3959 altum
1562 3901 1797 3971 projecta
1867 3898 2029 3950 innu-

470 4020 650 4059 meras
687 4012 741 4057 et
782 3996 1029 4055 infinitas
1061 3994 1367 4052 errationes
1404 4005 1460 4049 et
1497 3991 1739 4063 pericula
1781 3988 1917 4052 init,
1951 3985 2028 4041 ita

471 4097 615 4169 apud
664 4095 789 4148 illos
838 4093 1001 4145 unius
1048 4089 1124 4143 rei
1176 4087 1538 4158 perversitate
1585 4092 1841 4150 recepta,
1888 4082 2029 4133 hane

472 4186 776 4241 innumera:
818 4182 937 4235 aliae
982 4190 1185 4233 μεθυατ
1231 4187 1381 4232 sunt.
1432 4177 1675 4230 Primum
1721 4171 1867 4227 enim
1905 4184 2025 4224 am-

475 4275 719 4347 plissima
771 4273 993 4340 antiqua
1046 4278 1102 4323 et
1155 4268 1515 4323 celeberrima
1572 4264 1773 4335 palatia
1822 4271 1876 4316 et
1922 4262 2029 4315 alia

473 4383 626 4437 mque
658 4364 943 4436 splendida
972 4360 1200 4415 aedilicia
1233 4360 1508 4412 destructa
1540 4362 1703 4418 sunt,
1734 4363 1788 4407 et
1819 4354 2027 4406 colum-

2125 3174 2382 3246 δετέρως,
2429 3173 2630 3243 τρόπον
2666 3173 2724 3226 δέ
2750 3190 2872 3227 τινα
2901 3170 3369 3242 τερατωδέστερον
3402 3170 3502 3223 καὶ
3531 3166 3700 3223 ἀλλό-

2126 3283 2282 3321 κοτον
2307 3266 2446 3320 κατὰ
2473 3266 2572 3338 τὴν
2593 3266 2837 3320 ἑκάστων
2862 3264 3155 3319 ἀδέσποτον
3186 3262 3467 3332 βούλησιν,
3509 3257 3697 3331 οἶμαι,

2125 3359 2220 3412 τοῦ
2249 3358 2384 3411 Θεοῦ
2410 3357 2899 3435 συγκεχωρηκότος
2930 3358 3010 3418 είς
3039 3355 3200 3408 τοῦτο
3225 3354 3422 3415 κακίας
3453 3351 3701 3425 ῥαγῆναι

2136 3451 2443 3519 Ῥωμαίους
2491 3449 2634 3503 ῶστε
2660 3449 2752 3502 τὸν
2782 3448 2926 3502 ἐνδον
2973 3448 3073 3518 τῆς
3119 3446 3299 3519 ψυχῆς
3322 3446 3563 3517 χειμῶνα
3598 3452 3703 3504 καὶ

2126 3543 2224 3614 τὴν
2249 3544 2377 3612 περὶ
2410 3543 2478 3596 τὰ
2500 3540 2619 3594 θεῖα
2654 3539 2757 3610 τῆς
2790 3539 3115 3608 Ἐκκλησίας
3160 3539 3407 3609 δόγματα
3439 3539 3703 3610 ποικίλην

2128 3635 2296 3704 ζάλην
2322 3633 2384 3706 [ί.
2408 3634 2511 3688 271
2547 3632 2605 3705 α]
2637 3633 2732 3686 καὶ
2762 3632 3028 3686 άστασίαν
3054 3633 3144 3687 διά
3172 3633 3278 3688 τῶν
3301 3633 3405 3699 ἐξω
3432 3633 3704 3688 τοιούτων

2131 3726 2428 3797 σχημάτων
2448 3724 2763 3797 δηλοῦσθαι,
2793 3724 2887 3777 καὶ
2922 3725 3071 3793 σφῶν
3106 3726 3285 3777 αὐτῶν
3306 3726 3501 3785 αὐτοὺς
3532 3725 3702 3780 αὐτό-

2129 3818 2221 3872 θεν
2271 3812 2409 3872 εῐναι
2457 3816 2818 3886 κατηγόρους,
2877 3818 2940 3869 ἐκ
2989 3816 3212 3887 πρώτης
3240 3817 3401 3880 εὐθὺς
3423 3818 3600 3887 ὄψεώς
3631 3835 3699 3873 τε

2129 3910 2225 3965 καὶ
2249 3908 2515 3979 ἐντυχίας.
2555 3908 2665 3960 Καὶ
2688 3907 2884 3977 ὥσπερ
2910 3907 3003 3961 ἐπὶ
3025 3908 3311 3978 θαλάττης,
3343 3909 3560 3963 ἐπειδάν
3587 3911 3703 3963 τῶν

2130 4002 2410 4071 σφετέρων
2442 3998 2699 4069 ἀγκυρῶν
2726 3999 3117 4069 ὀρφανισθεῖσα
3146 4002 3276 4064 ναῦς
3312 4002 3517 4070 eamea
3552 4004 3702 4071 πρ“;ς

2128 4092 2190 4145 τδ
2224 4090 2484 4159 πέλαγος.
2548 4090 2749 4161 μυρίας
2793 4092 2901 4144 ’καὶ
2949 4093 3326 4162 ἀτεκμάρτως
3381 4093 3563 4147 άντλεῖ
3590 4095 3701 4158 τὰς

2130 4185 2337 4246 πλάνας
2389 4184 2486 4235 καὶ
2527 4181 2654 4244 τοὺς
2711 4180 2992 4246 κινδύνους
3018 4198 3032 4214 ⁸
3065 4182 3207 4237 οὕτω
3258 4183 3539 4238 κάνταῦθα
3570 4185 3701 4248 ἐνὸς

2127 4276 2334 4330 ἀτόπου
2363 4275 2636 4336 δοθέντος,
2661 4273 2830 4345 μυρία
2858 4276 2927 4327 τά
2950 4274 3127 4328 ἄτοπα
3155 4276 3512 4344 ἠκολούθησε,
3546 4276 3709 4344 πρῶ-

2130 4383 2221 4419 τον
2275 4367 2372 4435 μὲν
2422 4368 2455 4436 ἡ
2493 4368 2600 4421 τῶν
2632 4368 2907 4436 μεγίστων
2938 4368 3003 4420 ἐκ
3034 4365 3266 4421 παλαιοῦ
3302 4368 3397 4420 καὶ
3444 4367 3711 4434 περιϐλέ-

472 4474 667 4515 narum
704 4466 758 4512 ct
791 4454 1230 4526 pavimentorum
1266 4449 1496 4519 pulchra
1524 4457 1578 4500 et
1606 4444 1853 4499 miranda
1887 4442 2025 4496 mar;

2136 4475 2287 4510 πτων
2315 4457 2590 4511 παλατίων
2619 4459 2715 4511 καὶ
2754 4458 2869 4511 ὅσοι
2922 4458 3029 4510 τῶν
3057 4458 3269 4519 τούτοις
3299 4458 3708 4526 παραπλησίως

3515 4494 3643 4525 tl.'.\

473 4566 622 4606 mora
660 4546 872 4604 vendita
911 4553 966 4599 et
1006 4543 1270 4597 continuo
1316 4541 1383 4593 ad
1406 4537 1719 4594 Galatarum
1744 4533 2027 4589 castellum

474 4647 874 4710 transponata,
911 4639 1098 4705 itaque
1140 4634 1247 4687 huc
1294 4632 1424 4685 illuc
1456 4628 1639 4683 omnia
1708 4633 2027 4680 ornamenta

478 4732 655 4787 delata
688 4736 852 4793 sunt,
887 4742 941 4782 et
975 4728 1078 4789 alia
1123 4740 1244 4793 qua:
1290 4721 1474 4777 decori
1520 4729 1677 4773 erant
1727 4717 1858 4770 huic
1908 4715 2029 4767 urbi

476 4822 828 4892 amplissima:
877 4829 933 4872 et
982 4824 1205 4887 propter
1242 4810 1601 4883 ‘splendorem
1644 4810 1890 4863 omnium
1937 4820 2033 4860 ore

478 4914 776 4966 celebrata.
822 4908 1065 4975 Denique
1100 4906 1240 4959 idem
1279 4904 1479 4958 accidit
1523 4898 1691 4955 sacris
1732 4911 1788 4953 et
1829 4896 2035 4950 divinis

479 5003 732 5071 templis,
778 5013 899 5069 quae
945 4998 1116 5051 multo
1166 4996 1425 5066 majorem
1470 5007 1632 5063 quam
1677 4991 2031 5044 aediﬁciorum

478 5093 698 5144 illorum
760 5090 1164 5158 magniﬁcentia
1224 5087 1347 5140 urbi
1404 5085 1753 5154 przebuerant
1808 5080 2037 5135 claritu-

478 5181 684 5235 dinem.

545 5358 686 5412 Xlll.
745 5358 928 5413 Primo
985 5372 1110 5413 vere
1161 5353 1528 5411 Triballorum
1583 5354 1839 5423 princeps
1897 5353 2038 5408 obiit

472 5451 658 5507 Crates
689 5449 916 5506 Serbize.
943 5449 1097 5505 Unde
1129 5447 1405 5518 res.557
1442 5446 1791 5501 tumultuosae
1827 5455 1885 5500 et
1917 5454 2037 5500 tur-

475 5541 623 5598 bida:
656 5551 790 5596 ortae
840 5550 971 5594 sunt
1014 5539 1231 5609 imperii
1283 5537 1610 5604 successori,
1646 5552 1756 5591 non
1788 5537 1967 5592 solum
2006 5552 2039 5593 a

476 5635 776 5705 provinciae
793 5632 1072 5704 praefectis
1102 5643 1159 5688 et
1188 5631 1528 5698 civitatibus,
1565 5631 1659 5686 sed
1689 5631 1853 5685 etiam
1884 5631 2035 5701 quod

480 5727 838 5793 Nicephorus,
871 5725 1086 5782 comitis
1123 5723 1470 5795 Cephalenia:
1504 5725 1668 5790 (ilius,
1689 5739 1851 5793 quem
1874 5740 2039 5796 supra

2136 4547 2359 4612 ἐνδόξων
2414 4548 2576 4601 οἴκων
2629 4548 2968 4618 καθαίρεσις,
3024 4550 3117 4602 καὶ¹
3145 4551 3258 4615 ἄμα
3293 4551 3326 4621 ή
3361 4551 3468 4603 τῶν
3497 4550 3706 4605 κιόνων

2133 4638 2229 4690 καὶ
2253 4639 2360 4690 τῶν
2388 4638 2657 4691 ἐπιπέδων
2682 4640 2776 4692 καὶ
2802 4641 3063 4693 ποικίλων
3087 4640 3178 4694 καὶ
3204 4640 3526 4710 θαυμασίων
3552 4660 3708 4714 μαρ-

2137 4728 2325 4798 μάρων
2355 4732 2819 4799 πιπρασκομένων
2841 4729 3095 4800 διηνεκὴς
3125 4731 3261 4800 πρὸς
3285 4732 3345 4784 τὺ
3376 4732 3706 4786 Γαλατῶνυο

2138 4837 2237 4889 μον
2270 4822 2526 4889 φρούριον
2555 4823 2846 4893 ἀπαγωγὴ,
2878 4823 3026 4892 καὶὴ
3056 4827 3157 4891 τῆς
3189 4825 3436 4879 ἐντεῦθεν
3474 4826 3706 4896 χάριτος

2137 4913 2313 4964 ἐκεῖσε
2350 4915 2663 4980 μετάθεσις,
2699 4917 2791 4968 καὶ
2817 4918 2917 4968 ὅσα
2946 4918 3152 4984 κόσμον
3178 4920 3404 4988 παρεῖχε
3442 4924 3510 4989 τῇ
3541 4923 3705 4988 μεγί-

2138 5015 2239 5071 στῃ
2262 5003 2433 5072 ταύτῃ
2458 5003 2565 5056 τῶν
2598 5004 2806 5057 πόλεων
2838 5005 2933 5057 καὶ
2962 5006 3285 5075 περιϐόητον
3312 5011 3411 5075 τὴν
3444 5008 3704 5076 λαμπρό-

2136 5108 2275 5160 τητα
2296 5110 2309 5123 ’
2334 5090 2453 5145 εἶτα
2475 5094 2583 5148 τῶν
2613 5093 2775 5163 ἱερῶν
2803 5095 2898 5148 καὶ
2928 5095 3088 5148 θείων
3117 5096 3254 5149 νεῶν
3295 5098 3485 5150 όπόσοι
3513 5101 3706 5167 μεῖζον

2139 5183 2319 5253 πολλῷ
2343 5184 2439 5254 τῆς
2469 5185 2577 5238 τῶν
2602 5185 2765 5240 οίκων
2798 5186 3023 5241 ἐκείνων
3051 5188 3410 5258 περιφανείας
3436 5194 3706 5259 παρεῖχον

2138 5276 2205 5344 τῇ
2246 5276 2399 5328 πόλει
2440 5276 2499 5329 τὸ
2527 5279 2703 5341 κλέος.

2210 5363 2308 5419 ll".
2348 5363 2456 5416 Τοῦ
2489 5363 2536 5417 δ’
2566 5360 2700 5437 ἦρος
2730 5368 3036 5439 ἀρχομένου
3059 5370 3089 5422 δ
3115 5369 3222 5423 τῶν
3245 5368 3568 5440 Τριϐαλλῶν
3594 5372 3704 5440 ἀρ-

2140 5455 2310 5524 κηγὸς
2333 5456 2613 5525 ἐτεθνήκει
2648 5458 2874 5529 Κράλης
2907 5460 3158 5531 Σερϐίας,
3191 5462 3287 5515 καὶ
3316 5460 3546 5532 θόρυϐον
3574 5464 3706 5537 ἔσχε

2141 5548 2240 5601 καὶ
2266 5547 2436 5616 ζάλην
2465 5548 2716 5603 ἐντεῦθεν
2745 5552 2864 5603 ἐκεῖ
2889 5552 2959 5605 τὰ
2991 5553 3298 5623 πράγματα
3329 5554 3409 5625 τῷ
3451 5555 3557 5624 νέῳ
3600 5556 3706 5622 τῆς

2141 5636 2314 5705 ἀρχῆς
2342 5635 2593 5705 διαδόχῳ,
2615 5637 2678 5690 οὐ
2723 5641 2883 5709 μόνον
2913 5640 2977 5692 ἐκ
3011 5641 3122 5694 τῶν
3145 5642 3242 5709 τῆς
3271 5643 3457 5713 χώρας
3484 5644 3707 5711 ἐπιτρό-

2144 5746 2261 5780 πων
2299 5729 2465 5782 αῦτοῦ
2499 5730 2594 5782 καὶ
2616 5730 2743 5783 ητῶν
2772 5731 3003 5799 πόλεων,
3037 5732 3172 5787 ἀλλὰ
3203 5739 3299 5787 καὶ⁵
3325 5736 3637 5804 Νικηφόρος
3681 5738 3706 5788 ὁ
