  <div class='ocr_page' id='page_1' title='image "/cluster/home/n/w/nwhite01/storage/ocr_20150623/149/hvd.32044073498818/248.png"; bbox 0 0 4060 6204; ppageno 0'>
   <div class='ocr_carea' id='block_1_1' title="bbox 377 347 1980 422">
    <p class='ocr_par' dir='ltr' id='par_1_1' title="bbox 377 347 1980 412">
     <span class='ocr_line' id='line_1_1' title="bbox 377 347 1980 412; baseline 0.004 -11"><span class='ocrx_word' id='word_1_1' title='bbox 377 347 486 412; x_wconf 66' lang='grc'><strong>493</strong></span> <span class='ocrx_word' id='word_1_2' title='bbox 1363 349 1542 407; x_wconf 77' lang='grc' dir='ltr'><strong>ΒΥΖΑ</strong></span> <span class='ocrx_word' id='word_1_3' title='bbox 1555 347 1679 406; x_wconf 70' lang='lat' dir='ltr'><strong>NTl</strong></span> <span class='ocrx_word' id='word_1_4' title='bbox 1691 347 1808 406; x_wconf 59' lang='lat' dir='ltr'><strong>NrE</strong></span> <span class='ocrx_word' id='word_1_5' title='bbox 1849 349 1898 408; x_wconf 86' lang='lat' dir='ltr'><strong>ll</strong></span> <span class='ocrx_word' id='word_1_6' title='bbox 1911 349 1980 408; x_wconf 67' lang='lat' dir='ltr'><strong>lS‘</strong></span> 
     </span>
    </p>
   </div>
   <div class='ocr_carea' id='block_1_2' title="bbox 2020 347 3623 422">
    <p class='ocr_par' dir='ltr' id='par_1_2' title="bbox 2020 349 3623 422">
     <span class='ocr_line' id='line_1_2' title="bbox 2020 349 3623 422; baseline 0.007 -15"><span class='ocrx_word' id='word_1_7' title='bbox 2020 349 2230 410; x_wconf 69' lang='lat' dir='ltr'><strong>&#39;0RL’E</strong></span> <span class='ocrx_word' id='word_1_8' title='bbox 2271 351 2409 410; x_wconf 79' lang='lat' dir='ltr'><strong>LIB.</strong></span> <span class='ocrx_word' id='word_1_9' title='bbox 2458 349 2756 409; x_wconf 69' lang='lat' dir='ltr'><strong>XXXVII.</strong></span> <span class='ocrx_word' id='word_1_10' title='bbox 3515 353 3623 422; x_wconf 67' lang='grc'><strong>494</strong></span> 
     </span>
    </p>
   </div>
   <div class='ocr_carea' id='block_1_3' title="bbox 377 455 1980 532">
    <p class='ocr_par' dir='ltr' id='par_1_3' title="bbox 377 455 1980 532">
     <span class='ocr_line' id='line_1_3' title="bbox 377 455 1980 532; baseline 0.012 -24"><span class='ocrx_word' id='word_1_11' title='bbox 377 457 570 510; x_wconf 82' lang='grc' dir='ltr'>κόντου</span> <span class='ocrx_word' id='word_1_12' title='bbox 607 455 986 526; x_wconf 69' lang='grc' dir='ltr'><strong>Κεφαλληνίας</strong></span> <span class='ocrx_word' id='word_1_13' title='bbox 1023 455 1158 520; x_wconf 78' lang='grc' dir='ltr'>υἱὸς,</span> <span class='ocrx_word' id='word_1_14' title='bbox 1214 455 1273 508; x_wconf 76' lang='grc' dir='ltr'>ὃν</span> <span class='ocrx_word' id='word_1_15' title='bbox 1302 457 1328 509; x_wconf 79' lang='grc' dir='ltr'>ὁ</span> <span class='ocrx_word' id='word_1_16' title='bbox 1363 457 1520 526; x_wconf 80' lang='grc' dir='ltr'>λόγος</span> <span class='ocrx_word' id='word_1_17' title='bbox 1563 458 1676 512; x_wconf 74' lang='grc' dir='ltr'>ἄνω</span> <span class='ocrx_word' id='word_1_18' title='bbox 1707 475 1810 512; x_wconf 75' lang='grc' dir='ltr'><strong>που</strong></span> <span class='ocrx_word' id='word_1_19' title='bbox 1863 458 1980 532; x_wconf 45' lang='grc' dir='ltr'>δέη</span> 
     </span>
    </p>
   </div>
   <div class='ocr_carea' id='block_1_4' title="bbox 2017 455 3620 532">
    <p class='ocr_par' dir='ltr' id='par_1_4' title="bbox 2017 457 3620 532">
     <span class='ocr_line' id='line_1_4' title="bbox 2017 457 3620 532; baseline 0.003 -19"><span class='ocrx_word' id='word_1_20' title='bbox 2017 524 2018 530; x_wconf 11' lang='grc' dir='ltr'><strong>γ</strong></span> <span class='ocrx_word' id='word_1_21' title='bbox 2048 457 2162 514; x_wconf 77' lang='lat' dir='ltr'><strong>dixi</strong></span> <span class='ocrx_word' id='word_1_22' title='bbox 2185 462 2442 516; x_wconf 84' lang='lat' dir='ltr'><strong>maritum</strong></span> <span class='ocrx_word' id='word_1_23' title='bbox 2463 462 2674 516; x_wconf 87' lang='lat' dir='ltr'><strong>sororis</strong></span> <span class='ocrx_word' id='word_1_24' title='bbox 2702 469 2756 514; x_wconf 88' lang='lat' dir='ltr'><strong>et</strong></span> <span class='ocrx_word' id='word_1_25' title='bbox 2777 460 3032 514; x_wconf 82' lang='lat' dir='ltr'><strong>comitem</strong></span> <span class='ocrx_word' id='word_1_26' title='bbox 3077 459 3446 515; x_wconf 86' lang='lat' dir='ltr'><strong>Cantacuzeni</strong></span> <span class='ocrx_word' id='word_1_27' title='bbox 3487 460 3620 532; x_wconf 86' lang='lat' dir='ltr'><strong>imp.</strong></span> 
     </span>
    </p>
   </div>
   <div class='ocr_carea' id='block_1_5' title="bbox 376 545 1979 622">
    <p class='ocr_par' dir='ltr' id='par_1_5' title="bbox 376 545 1942 619">
     <span class='ocr_line' id='line_1_5' title="bbox 376 545 1942 619; baseline 0.002 -20"><span class='ocrx_word' id='word_1_28' title='bbox 376 546 522 616; x_wconf 87' lang='grc' dir='ltr'><strong>δειχε</strong></span> <span class='ocrx_word' id='word_1_29' title='bbox 548 547 800 616; x_wconf 74' lang='grc' dir='ltr'>γαμϐρὸν</span> <span class='ocrx_word' id='word_1_30' title='bbox 823 547 914 600; x_wconf 71' lang='grc' dir='ltr'><strong>ἐπὶ</strong></span> <span class='ocrx_word' id='word_1_31' title='bbox 947 545 1179 614; x_wconf 79' lang='grc' dir='ltr'>θυγατρὶ</span> <span class='ocrx_word' id='word_1_32' title='bbox 1215 549 1561 602; x_wconf 76' lang='grc' dir='ltr'><strong>καταστάντα</strong></span> <span class='ocrx_word' id='word_1_33' title='bbox 1591 550 1685 604; x_wconf 70' lang='grc' dir='ltr'><strong>καὶ</strong></span> <span class='ocrx_word' id='word_1_34' title='bbox 1717 566 1942 619; x_wconf 85' lang='grc' dir='ltr'>συμπα-</span> 
     </span>
    </p>
   </div>
   <div class='ocr_carea' id='block_1_6' title="bbox 2020 545 3623 622">
    <p class='ocr_par' dir='ltr' id='par_1_6' title="bbox 2049 551 3623 622">
     <span class='ocr_line' id='line_1_6' title="bbox 2049 551 3623 622; baseline 0.001 -16"><span class='ocrx_word' id='word_1_35' title='bbox 2049 560 2340 622; x_wconf 89' lang='lat' dir='ltr'><strong>antequam</strong></span> <span class='ocrx_word' id='word_1_36' title='bbox 2369 552 2462 614; x_wconf 81' lang='lat' dir='ltr'><strong>hic</strong></span> <span class='ocrx_word' id='word_1_37' title='bbox 2493 565 2662 622; x_wconf 82' lang='lat' dir='ltr'><strong>regno</strong></span> <span class='ocrx_word' id='word_1_38' title='bbox 2694 552 2902 622; x_wconf 86' lang='lat' dir='ltr'><strong>potitus</strong></span> <span class='ocrx_word' id='word_1_39' title='bbox 2934 561 3052 606; x_wconf 89' lang='lat' dir='ltr'><strong>erat</strong></span> <span class='ocrx_word' id='word_1_40' title='bbox 3073 591 3088 616; x_wconf 87' lang='lat'><strong>,</strong></span> <span class='ocrx_word' id='word_1_41' title='bbox 3117 551 3185 606; x_wconf 89' lang='lat' dir='ltr'><strong>ad</strong></span> <span class='ocrx_word' id='word_1_42' title='bbox 3217 556 3536 608; x_wconf 81' lang='lat' dir='ltr'><strong>Acarnanes</strong></span> <span class='ocrx_word' id='word_1_43' title='bbox 3568 565 3623 607; x_wconf 87' lang='lat' dir='ltr'><strong>et</strong></span> 
     </span>
    </p>
   </div>
   <div class='ocr_carea' id='block_1_7' title="bbox 381 637 1984 714">
    <p class='ocr_par' dir='ltr' id='par_1_7' title="bbox 381 637 1944 712">
     <span class='ocr_line' id='line_1_7' title="bbox 381 637 1944 712; baseline 0.003 -22"><span class='ocrx_word' id='word_1_44' title='bbox 381 639 766 709; x_wconf 84' lang='grc' dir='ltr'>ρομαρτοῦντα</span> <span class='ocrx_word' id='word_1_45' title='bbox 786 637 864 710; x_wconf 84' lang='grc' dir='ltr'><strong>τῷ</strong></span> <span class='ocrx_word' id='word_1_46' title='bbox 893 638 1108 709; x_wconf 84' lang='grc' dir='ltr'>βασιλεῖ</span> <span class='ocrx_word' id='word_1_47' title='bbox 1131 639 1576 712; x_wconf 79' lang='grc' dir='ltr'>Καντακουζηνῷ</span> <span class='ocrx_word' id='word_1_48' title='bbox 1619 642 1754 711; x_wconf 71' lang='grc' dir='ltr'><strong>πρὶν</strong></span> <span class='ocrx_word' id='word_1_49' title='bbox 1782 641 1816 710; x_wconf 85' lang='grc' dir='ltr'>ἢ</span> <span class='ocrx_word' id='word_1_50' title='bbox 1849 641 1944 711; x_wconf 86' lang='grc' dir='ltr'><strong>βα-</strong></span> 
     </span>
    </p>
   </div>
   <div class='ocr_carea' id='block_1_8' title="bbox 2017 637 3620 714">
    <p class='ocr_par' dir='ltr' id='par_1_8' title="bbox 2048 642 3620 714">
     <span class='ocr_line' id='line_1_8' title="bbox 2048 642 3620 714; baseline -0.003 -14"><span class='ocrx_word' id='word_1_51' title='bbox 2048 642 2258 700; x_wconf 67' lang='grc' dir='ltr'>ίΕιοιοε</span> <span class='ocrx_word' id='word_1_52' title='bbox 2300 659 2422 700; x_wconf 85' lang='lat' dir='ltr'><strong>sese</strong></span> <span class='ocrx_word' id='word_1_53' title='bbox 2471 644 2728 712; x_wconf 85' lang='lat' dir='ltr'><strong>contulit,</strong></span> <span class='ocrx_word' id='word_1_54' title='bbox 2752 659 2956 714; x_wconf 86' lang='lat' dir='ltr'><strong>eosque</strong></span> <span class='ocrx_word' id='word_1_55' title='bbox 3006 643 3186 700; x_wconf 89' lang='lat' dir='ltr'><strong>socios</strong></span> <span class='ocrx_word' id='word_1_56' title='bbox 3239 644 3342 700; x_wconf 83' lang='lat' dir='ltr'><strong>sibi</strong></span> <span class='ocrx_word' id='word_1_57' title='bbox 3373 644 3620 713; x_wconf 77' lang='lat' dir='ltr'><strong>adjunxit</strong></span> 
     </span>
    </p>
   </div>
   <div class='ocr_carea' id='block_1_9' title="bbox 379 731 1982 805">
    <p class='ocr_par' dir='ltr' id='par_1_9' title="bbox 379 731 1941 805">
     <span class='ocr_line' id='line_1_9' title="bbox 379 731 1941 805; baseline 0.001 -19"><span class='ocrx_word' id='word_1_58' title='bbox 379 731 588 796; x_wconf 79' lang='grc' dir='ltr'>σιλείας</span> <span class='ocrx_word' id='word_1_59' title='bbox 605 731 932 802; x_wconf 77' lang='grc' dir='ltr'>δράξασθαι,</span> <span class='ocrx_word' id='word_1_60' title='bbox 962 733 1198 804; x_wconf 79' lang='grc' dir='ltr'><strong>ἔδραμεν</strong></span> <span class='ocrx_word' id='word_1_61' title='bbox 1227 734 1390 798; x_wconf 84' lang='grc' dir='ltr'><strong>εὐθὺς</strong></span> <span class='ocrx_word' id='word_1_62' title='bbox 1429 733 1566 805; x_wconf 81' lang='grc' dir='ltr'>πρὸς</span> <span class='ocrx_word' id='word_1_63' title='bbox 1605 735 1941 805; x_wconf 80' lang='grc' dir='ltr'><strong>Ἀκαρνᾶνας</strong></span> 
     </span>
    </p>
   </div>
   <div class='ocr_carea' id='block_1_10' title="bbox 2016 731 3619 805">
    <p class='ocr_par' dir='ltr' id='par_1_10' title="bbox 2047 733 3619 804">
     <span class='ocr_line' id='line_1_10' title="bbox 2047 733 3619 804; baseline -0.002 -18"><span class='ocrx_word' id='word_1_64' title='bbox 2047 748 2267 802; x_wconf 82' lang='lat' dir='ltr'><strong>unaque</strong></span> <span class='ocrx_word' id='word_1_65' title='bbox 2297 733 2572 790; x_wconf 83' lang='lat' dir='ltr'><strong>Simonem</strong></span> <span class='ocrx_word' id='word_1_66' title='bbox 2615 734 2802 804; x_wconf 88' lang='lat' dir='ltr'><strong>quieo</strong></span> <span class='ocrx_word' id='word_1_67' title='bbox 2832 742 3078 804; x_wconf 89' lang='lat' dir='ltr'><strong>tempore</strong></span> <span class='ocrx_word' id='word_1_68' title='bbox 3120 735 3338 788; x_wconf 91' lang='lat' dir='ltr'><strong>illorum</strong></span> <span class='ocrx_word' id='word_1_69' title='bbox 3375 733 3619 788; x_wconf 72' lang='lat' dir='ltr'><strong>vicorum</strong></span> 
     </span>
    </p>
   </div>
   <div class='ocr_carea' id='block_1_11' title="bbox 377 824 1980 898">
    <p class='ocr_par' dir='ltr' id='par_1_11' title="bbox 377 824 1938 898">
     <span class='ocr_line' id='line_1_11' title="bbox 377 824 1938 898; baseline -0.002 -18"><span class='ocrx_word' id='word_1_70' title='bbox 377 825 474 880; x_wconf 75' lang='grc' dir='ltr'><strong>καὶ</strong></span> <span class='ocrx_word' id='word_1_71' title='bbox 507 824 782 888; x_wconf 80' lang='grc' dir='ltr'>Δίτωλούς</span> <span class='ocrx_word' id='word_1_72' title='bbox 805 841 820 856; x_wconf 77' lang='lat'><strong><em>°</em></strong></span> <span class='ocrx_word' id='word_1_73' title='bbox 849 827 944 878; x_wconf 81' lang='grc' dir='ltr'><strong>καὶ</strong></span> <span class='ocrx_word' id='word_1_74' title='bbox 987 826 1364 897; x_wconf 75' lang='grc' dir='ltr'><strong>συλλήπτορας</strong></span> <span class='ocrx_word' id='word_1_75' title='bbox 1397 825 1640 898; x_wconf 78' lang='grc' dir='ltr'><strong>εἰληφὼς</strong></span> <span class='ocrx_word' id='word_1_76' title='bbox 1671 828 1938 891; x_wconf 79' lang='grc' dir='ltr'><strong>ἐκείνους,</strong></span> 
     </span>
    </p>
   </div>
   <div class='ocr_carea' id='block_1_12' title="bbox 2020 824 3623 898">
    <p class='ocr_par' dir='ltr' id='par_1_12' title="bbox 2041 824 3623 895">
     <span class='ocr_line' id='line_1_12' title="bbox 2041 824 3623 895; baseline -0.001 -16"><span class='ocrx_word' id='word_1_77' title='bbox 2041 833 2100 879; x_wconf 88' lang='lat' dir='ltr'><strong>et</strong></span> <span class='ocrx_word' id='word_1_78' title='bbox 2129 824 2349 878; x_wconf 84' lang='lat' dir='ltr'><strong>urbium</strong></span> <span class='ocrx_word' id='word_1_79' title='bbox 2385 825 2678 894; x_wconf 73' lang='lat' dir='ltr'><strong>praefectus</strong></span> <span class='ocrx_word' id='word_1_80' title='bbox 2711 836 2866 888; x_wconf 87' lang='lat' dir='ltr'><strong>erat,</strong></span> <span class='ocrx_word' id='word_1_81' title='bbox 2903 826 2970 880; x_wconf 87' lang='lat' dir='ltr'><strong>ab</strong></span> <span class='ocrx_word' id='word_1_82' title='bbox 3003 839 3194 880; x_wconf 78' lang='lat' dir='ltr'><strong>sorore</strong></span> <span class='ocrx_word' id='word_1_83' title='bbox 3234 841 3520 895; x_wconf 85' lang='lat' dir='ltr'><strong>generum,</strong></span> <span class='ocrx_word' id='word_1_84' title='bbox 3568 835 3623 878; x_wconf 70' lang='lat' dir='ltr'><strong>et</strong></span> 
     </span>
    </p>
   </div>
   <div class='ocr_carea' id='block_1_13' title="bbox 379 915 1982 989">
    <p class='ocr_par' dir='ltr' id='par_1_13' title="bbox 379 916 1942 989">
     <span class='ocr_line' id='line_1_13' title="bbox 379 916 1942 989; baseline 0.001 -21"><span class='ocrx_word' id='word_1_85' title='bbox 379 919 474 970; x_wconf 73' lang='grc' dir='ltr'><strong>καὶ</strong></span> <span class='ocrx_word' id='word_1_86' title='bbox 497 917 614 986; x_wconf 77' lang='grc' dir='ltr'>ἅμα</span> <span class='ocrx_word' id='word_1_87' title='bbox 651 917 742 969; x_wconf 74' lang='grc' dir='ltr'><strong>τὸν</strong></span> <span class='ocrx_word' id='word_1_88' title='bbox 773 916 1081 984; x_wconf 80' lang='grc' dir='ltr'>τηνικαῦτα</span> <span class='ocrx_word' id='word_1_89' title='bbox 1108 917 1216 970; x_wconf 83' lang='grc' dir='ltr'><strong>τῶν</strong></span> <span class='ocrx_word' id='word_1_90' title='bbox 1243 919 1360 972; x_wconf 77' lang='grc' dir='ltr'><strong>ἐκεῖ</strong></span> <span class='ocrx_word' id='word_1_91' title='bbox 1397 919 1592 989; x_wconf 81' lang='grc' dir='ltr'>χωρῶν</span> <span class='ocrx_word' id='word_1_92' title='bbox 1621 935 1678 970; x_wconf 81' lang='grc' dir='ltr'><strong>τε</strong></span> <span class='ocrx_word' id='word_1_93' title='bbox 1723 918 1818 970; x_wconf 85' lang='grc' dir='ltr'><strong>καὶ</strong></span> <span class='ocrx_word' id='word_1_94' title='bbox 1845 919 1942 970; x_wconf 85' lang='grc' dir='ltr'>πό-</span> 
     </span>
    </p>
   </div>
   <div class='ocr_carea' id='block_1_14' title="bbox 2018 915 3621 989">
    <p class='ocr_par' dir='ltr' id='par_1_14' title="bbox 2041 915 3621 988">
     <span class='ocr_line' id='line_1_14' title="bbox 2041 915 3621 988; baseline -0.001 -18"><span class='ocrx_word' id='word_1_95' title='bbox 2041 915 2216 970; x_wconf 85' lang='lat' dir='ltr'><strong>ﬁlium</strong></span> <span class='ocrx_word' id='word_1_96' title='bbox 2245 916 2419 972; x_wconf 87' lang='lat' dir='ltr'><strong>Cralis</strong></span> <span class='ocrx_word' id='word_1_97' title='bbox 2444 915 2672 970; x_wconf 65' lang='lat' dir='ltr'><strong>Serbian.</strong></span> <span class='ocrx_word' id='word_1_98' title='bbox 2695 917 2790 970; x_wconf 88' lang='lat' dir='ltr'><strong>llle</strong></span> <span class='ocrx_word' id='word_1_99' title='bbox 2823 917 2986 988; x_wconf 78' lang='lat' dir='ltr'><strong>igitur</strong></span> <span class='ocrx_word' id='word_1_100' title='bbox 3019 919 3340 986; x_wconf 61' lang='lat' dir='ltr'><strong>prapositus</strong></span> <span class='ocrx_word' id='word_1_101' title='bbox 3363 928 3448 971; x_wconf 90' lang='lat' dir='ltr'><strong>est</strong></span> <span class='ocrx_word' id='word_1_102' title='bbox 3477 917 3621 970; x_wconf 78' lang='lat' dir='ltr'><strong>urhi—</strong></span> 
     </span>
    </p>
   </div>
   <div class='ocr_carea' id='block_1_15' title="bbox 377 1006 1980 1078">
    <p class='ocr_par' dir='ltr' id='par_1_15' title="bbox 377 1007 1941 1078">
     <span class='ocr_line' id='line_1_15' title="bbox 377 1007 1941 1078; baseline 0.001 -20"><span class='ocrx_word' id='word_1_103' title='bbox 377 1007 512 1061; x_wconf 88' lang='grc' dir='ltr'><strong>λεων</strong></span> <span class='ocrx_word' id='word_1_104' title='bbox 539 1007 778 1076; x_wconf 81' lang='grc' dir='ltr'>ἀρχηγὸν</span> <span class='ocrx_word' id='word_1_105' title='bbox 806 1007 1026 1075; x_wconf 88' lang='grc' dir='ltr'>Σίμωνα</span> <span class='ocrx_word' id='word_1_106' title='bbox 1067 1008 1159 1062; x_wconf 80' lang='grc' dir='ltr'><strong>τὸν</strong></span> <span class='ocrx_word' id='word_1_107' title='bbox 1183 1007 1268 1062; x_wconf 77' lang='grc' dir='ltr'><strong>ἐπ’</strong></span> <span class='ocrx_word' id='word_1_108' title='bbox 1303 1008 1508 1077; x_wconf 80' lang='grc' dir='ltr'><strong>ἀδελφῇ</strong></span> <span class='ocrx_word' id='word_1_109' title='bbox 1543 1009 1640 1076; x_wconf 77' lang='grc' dir='ltr'>μὲν</span> <span class='ocrx_word' id='word_1_110' title='bbox 1667 1008 1941 1078; x_wconf 78' lang='grc' dir='ltr'>γαμϐρὸν,</span> 
     </span>
    </p>
   </div>
   <div class='ocr_carea' id='block_1_16' title="bbox 2014 1006 3617 1078">
    <p class='ocr_par' dir='ltr' id='par_1_16' title="bbox 2043 1006 3617 1077">
     <span class='ocr_line' id='line_1_16' title="bbox 2043 1006 3617 1077; baseline 0.001 -15"><span class='ocrx_word' id='word_1_111' title='bbox 2043 1007 2148 1062; x_wconf 89' lang='lat' dir='ltr'><strong>bus</strong></span> <span class='ocrx_word' id='word_1_112' title='bbox 2182 1008 2480 1064; x_wconf 65' lang='lat' dir='ltr'><strong>Thessaliae</strong></span> <span class='ocrx_word' id='word_1_113' title='bbox 2509 1023 2630 1076; x_wconf 71' lang='lat' dir='ltr'><strong>quae</strong></span> <span class='ocrx_word' id='word_1_114' title='bbox 2675 1013 2908 1061; x_wconf 87' lang='lat' dir='ltr'><strong>antehac</strong></span> <span class='ocrx_word' id='word_1_115' title='bbox 2942 1007 3206 1077; x_wconf 75' lang='lat' dir='ltr'><strong>subjectae</strong></span> <span class='ocrx_word' id='word_1_116' title='bbox 3237 1017 3393 1062; x_wconf 88' lang='lat' dir='ltr'><strong>erant</strong></span> <span class='ocrx_word' id='word_1_117' title='bbox 3430 1006 3574 1061; x_wconf 86' lang='lat' dir='ltr'><strong>Crali</strong></span> <span class='ocrx_word' id='word_1_118' title='bbox 3605 1046 3617 1064; x_wconf 94' lang='lat'><strong>.</strong></span> 
     </span>
    </p>
   </div>
   <div class='ocr_carea' id='block_1_17' title="bbox 379 1097 1982 1169">
    <p class='ocr_par' dir='ltr' id='par_1_17' title="bbox 379 1098 1944 1169">
     <span class='ocr_line' id='line_1_17' title="bbox 379 1098 1944 1169; baseline 0.004 -22"><span class='ocrx_word' id='word_1_119' title='bbox 379 1099 492 1148; x_wconf 69' lang='grc' dir='ltr'>υἰςν</span> <span class='ocrx_word' id='word_1_120' title='bbox 545 1098 602 1150; x_wconf 81' lang='grc' dir='ltr'>δὲ</span> <span class='ocrx_word' id='word_1_121' title='bbox 637 1099 730 1150; x_wconf 79' lang='grc' dir='ltr'><strong>τοῦ</strong></span> <span class='ocrx_word' id='word_1_122' title='bbox 783 1098 1110 1166; x_wconf 84' lang='grc' dir='ltr'>τεθνηκότος</span> <span class='ocrx_word' id='word_1_123' title='bbox 1170 1099 1359 1168; x_wconf 82' lang='grc' dir='ltr'>Κράλη</span> <span class='ocrx_word' id='word_1_124' title='bbox 1403 1099 1658 1169; x_wconf 80' lang='grc' dir='ltr'>Σερὸίας,</span> <span class='ocrx_word' id='word_1_125' title='bbox 1717 1101 1944 1154; x_wconf 78' lang='grc' dir='ltr'><strong>ἐπέθετο</strong></span> 
     </span>
    </p>
   </div>
   <div class='ocr_carea' id='block_1_18' title="bbox 2016 1097 3619 1169">
    <p class='ocr_par' dir='ltr' id='par_1_18' title="bbox 2041 1097 3619 1168">
     <span class='ocr_line' id='line_1_18' title="bbox 2041 1097 3619 1168; baseline -0.003 -14"><span class='ocrx_word' id='word_1_126' title='bbox 2041 1112 2270 1168; x_wconf 75' lang='lat' dir='ltr'><strong>quaeque</strong></span> <span class='ocrx_word' id='word_1_127' title='bbox 2299 1113 2424 1150; x_wconf 88' lang='lat' dir='ltr'><strong>eum</strong></span> <span class='ocrx_word' id='word_1_128' title='bbox 2443 1098 2553 1166; x_wconf 87' lang='lat' dir='ltr'><strong>jam</strong></span> <span class='ocrx_word' id='word_1_129' title='bbox 2579 1097 2752 1152; x_wconf 80' lang='lat' dir='ltr'><strong>inulto</strong></span> <span class='ocrx_word' id='word_1_130' title='bbox 2798 1105 2924 1150; x_wconf 88' lang='lat' dir='ltr'><strong>ante</strong></span> <span class='ocrx_word' id='word_1_131' title='bbox 2955 1098 3374 1160; x_wconf 83' lang='lat' dir='ltr'><strong>arcessiverant,</strong></span> <span class='ocrx_word' id='word_1_132' title='bbox 3406 1106 3460 1150; x_wconf 89' lang='lat' dir='ltr'><strong>et</strong></span> <span class='ocrx_word' id='word_1_133' title='bbox 3491 1102 3619 1150; x_wconf 88' lang='lat' dir='ltr'><strong>tunc</strong></span> 
     </span>
    </p>
   </div>
   <div class='ocr_carea' id='block_1_19' title="bbox 375 1185 1978 1260">
    <p class='ocr_par' dir='ltr' id='par_1_19' title="bbox 375 1188 1942 1260">
     <span class='ocr_line' id='line_1_19' title="bbox 375 1188 1942 1260; baseline 0.006 -23"><span class='ocrx_word' id='word_1_134' title='bbox 375 1189 490 1250; x_wconf 81' lang='grc' dir='ltr'>ταῖς</span> <span class='ocrx_word' id='word_1_135' title='bbox 523 1189 650 1258; x_wconf 83' lang='grc' dir='ltr'>ἄχρι</span> <span class='ocrx_word' id='word_1_136' title='bbox 669 1189 782 1241; x_wconf 70' lang='grc' dir='ltr'>τόθ’</span> <span class='ocrx_word' id='word_1_137' title='bbox 809 1190 1074 1258; x_wconf 80' lang='grc' dir='ltr'><strong>ὑπηκόοις</strong></span> <span class='ocrx_word' id='word_1_138' title='bbox 1096 1188 1174 1258; x_wconf 84' lang='grc' dir='ltr'><strong>τῷ</strong></span> <span class='ocrx_word' id='word_1_139' title='bbox 1204 1189 1394 1259; x_wconf 80' lang='grc' dir='ltr'><strong>Κράλῃ</strong></span> <span class='ocrx_word' id='word_1_140' title='bbox 1437 1190 1632 1244; x_wconf 85' lang='grc' dir='ltr'><strong>πόλεσι</strong></span> <span class='ocrx_word' id='word_1_141' title='bbox 1677 1192 1772 1260; x_wconf 87' lang='grc' dir='ltr'><strong>τῆς</strong></span> <span class='ocrx_word' id='word_1_142' title='bbox 1805 1191 1942 1246; x_wconf 83' lang='grc' dir='ltr'><strong>Θετ-</strong></span> 
     </span>
    </p>
   </div>
   <div class='ocr_carea' id='block_1_20' title="bbox 2014 1185 3617 1260">
    <p class='ocr_par' dir='ltr' id='par_1_20' title="bbox 2042 1185 3617 1256">
     <span class='ocr_line' id='line_1_20' title="bbox 2042 1185 3617 1256; baseline -0.004 -12"><span class='ocrx_word' id='word_1_143' title='bbox 2042 1191 2190 1244; x_wconf 89' lang='lat' dir='ltr'><strong>ultro</strong></span> <span class='ocrx_word' id='word_1_144' title='bbox 2247 1187 2304 1241; x_wconf 90' lang='lat' dir='ltr'><strong>in</strong></span> <span class='ocrx_word' id='word_1_145' title='bbox 2353 1188 2473 1256; x_wconf 85' lang='lat' dir='ltr'><strong>ejus</strong></span> <span class='ocrx_word' id='word_1_146' title='bbox 2523 1195 2848 1255; x_wconf 87' lang='lat' dir='ltr'><strong>potestatem</strong></span> <span class='ocrx_word' id='word_1_147' title='bbox 2887 1200 2946 1239; x_wconf 85' lang='lat' dir='ltr'><strong>se</strong></span> <span class='ocrx_word' id='word_1_148' title='bbox 2991 1187 3380 1254; x_wconf 88' lang='lat' dir='ltr'><strong>permiserunt.</strong></span> <span class='ocrx_word' id='word_1_149' title='bbox 3431 1185 3617 1254; x_wconf 79' lang='lat' dir='ltr'><strong>Itaque</strong></span> 
     </span>
    </p>
   </div>
   <div class='ocr_carea' id='block_1_21' title="bbox 373 1275 1976 1348">
    <p class='ocr_par' dir='ltr' id='par_1_21' title="bbox 373 1277 1939 1348">
     <span class='ocr_line' id='line_1_21' title="bbox 373 1277 1939 1348; baseline 0.008 -23"><span class='ocrx_word' id='word_1_150' title='bbox 373 1277 582 1340; x_wconf 76' lang='grc' dir='ltr'>ταλίας,</span> <span class='ocrx_word' id='word_1_151' title='bbox 615 1279 1096 1347; x_wconf 85' lang='grc' dir='ltr'>προσκαλουμένας</span> <span class='ocrx_word' id='word_1_152' title='bbox 1135 1281 1237 1348; x_wconf 84' lang='grc' dir='ltr'>μὲν</span> <span class='ocrx_word' id='word_1_153' title='bbox 1281 1281 1444 1334; x_wconf 81' lang='grc' dir='ltr'>αὐτὸν</span> <span class='ocrx_word' id='word_1_154' title='bbox 1477 1283 1539 1334; x_wconf 82' lang='grc' dir='ltr'><strong>ὲκ</strong></span> <span class='ocrx_word' id='word_1_155' title='bbox 1573 1282 1798 1348; x_wconf 78' lang='grc' dir='ltr'><strong>πολλοῦ,</strong></span> <span class='ocrx_word' id='word_1_156' title='bbox 1843 1283 1939 1337; x_wconf 81' lang='grc' dir='ltr'>νῦν</span> 
     </span>
    </p>
   </div>
   <div class='ocr_carea' id='block_1_22' title="bbox 2012 1275 3615 1348">
    <p class='ocr_par' dir='ltr' id='par_1_22' title="bbox 2043 1275 3615 1348">
     <span class='ocr_line' id='line_1_22' title="bbox 2043 1275 3615 1348; baseline -0.002 -15"><span class='ocrx_word' id='word_1_157' title='bbox 2043 1295 2154 1334; x_wconf 89' lang='lat' dir='ltr'><strong>non</strong></span> <span class='ocrx_word' id='word_1_158' title='bbox 2185 1293 2406 1348; x_wconf 81' lang='lat' dir='ltr'><strong>parvam</strong></span> <span class='ocrx_word' id='word_1_159' title='bbox 2433 1277 2524 1334; x_wconf 90' lang='lat' dir='ltr'><strong>ille</strong></span> <span class='ocrx_word' id='word_1_160' title='bbox 2549 1285 2878 1346; x_wconf 88' lang='lat' dir='ltr'><strong>potestatem</strong></span> <span class='ocrx_word' id='word_1_161' title='bbox 2905 1277 3136 1345; x_wconf 84' lang='lat' dir='ltr'><strong>recepit,</strong></span> <span class='ocrx_word' id='word_1_162' title='bbox 3165 1275 3470 1344; x_wconf 80' lang='lat' dir='ltr'><strong>praesertim</strong></span> <span class='ocrx_word' id='word_1_163' title='bbox 3493 1293 3615 1331; x_wconf 88' lang='lat' dir='ltr'><strong>cum</strong></span> 
     </span>
    </p>
   </div>
   <div class='ocr_carea' id='block_1_23' title="bbox 371 1359 1974 1444">
    <p class='ocr_par' dir='ltr' id='par_1_23' title="bbox 371 1359 1938 1444">
     <span class='ocr_line' id='line_1_23' title="bbox 371 1359 1938 1444; baseline 0.006 -26"><span class='ocrx_word' id='word_1_164' title='bbox 371 1366 428 1418; x_wconf 82' lang='grc' dir='ltr'><strong>δὲ</strong></span> <span class='ocrx_word' id='word_1_165' title='bbox 484 1369 578 1420; x_wconf 77' lang='grc' dir='ltr'><strong>καὶ</strong></span> <span class='ocrx_word' id='word_1_166' title='bbox 633 1359 1058 1440; x_wconf 80' lang='grc' dir='ltr'>προσχωρούσας</span> <span class='ocrx_word' id='word_1_167' title='bbox 1129 1371 1333 1426; x_wconf 80' lang='grc' dir='ltr'><strong>ἑκοντί.</strong></span> <span class='ocrx_word' id='word_1_168' title='bbox 1391 1373 1500 1426; x_wconf 80' lang='grc' dir='ltr'><strong>Καὶ</strong></span> <span class='ocrx_word' id='word_1_169' title='bbox 1544 1375 1938 1444; x_wconf 77' lang='grc' dir='ltr'><strong>παρεστήσατο</strong></span> 
     </span>
    </p>
   </div>
   <div class='ocr_carea' id='block_1_24' title="bbox 1852 1359 3455 1444">
    <p class='ocr_par' dir='ltr' id='par_1_24' title="bbox 1852 1369 3455 1441">
     <span class='ocr_line' id='line_1_24' title="bbox 1852 1369 3455 1441; baseline -0.002 -13"><span class='ocrx_word' id='word_1_170' title='bbox 1852 1392 1938 1428; x_wconf 83' lang='grc' dir='ltr'>ιτο</span> <span class='ocrx_word' id='word_1_171' title='bbox 2039 1373 2176 1428; x_wconf 83' lang='lat' dir='ltr'><strong>socii</strong></span> <span class='ocrx_word' id='word_1_172' title='bbox 2212 1387 2270 1428; x_wconf 84' lang='lat' dir='ltr'><strong>se</strong></span> <span class='ocrx_word' id='word_1_173' title='bbox 2299 1371 2662 1441; x_wconf 82' lang='lat' dir='ltr'><strong>adjungerent</strong></span> <span class='ocrx_word' id='word_1_174' title='bbox 2692 1369 2911 1424; x_wconf 90' lang='lat' dir='ltr'><strong>tinitimi</strong></span> <span class='ocrx_word' id='word_1_175' title='bbox 2946 1371 3144 1424; x_wconf 76' lang='lat' dir='ltr'><strong>Albani</strong></span> <span class='ocrx_word' id='word_1_176' title='bbox 3172 1379 3228 1425; x_wconf 89' lang='lat' dir='ltr'><strong>et</strong></span> <span class='ocrx_word' id='word_1_177' title='bbox 3266 1370 3455 1440; x_wconf 84' lang='lat' dir='ltr'><strong>Illyrii.</strong></span> 
     </span>
    </p>
   </div>
   <div class='ocr_carea' id='block_1_25' title="bbox 374 1459 3616 1540">
    <p class='ocr_par' dir='ltr' id='par_1_25' title="bbox 374 1459 3616 1540">
     <span class='ocr_line' id='line_1_25' title="bbox 374 1459 3616 1540; baseline 0.004 -32"><span class='ocrx_word' id='word_1_178' title='bbox 374 1459 559 1510; x_wconf 83' lang='grc' dir='ltr'>τοῦτον</span> <span class='ocrx_word' id='word_1_179' title='bbox 589 1460 680 1512; x_wconf 75' lang='grc' dir='ltr'><strong>τὸν</strong></span> <span class='ocrx_word' id='word_1_180' title='bbox 705 1463 906 1530; x_wconf 74' lang='grc' dir='ltr'>τρόπον</span> <span class='ocrx_word' id='word_1_181' title='bbox 937 1463 1036 1516; x_wconf 90' lang='grc' dir='ltr'><strong>οὐκ</strong></span> <span class='ocrx_word' id='word_1_182' title='bbox 1063 1465 1254 1536; x_wconf 82' lang='grc' dir='ltr'>ὀλίγην</span> <span class='ocrx_word' id='word_1_183' title='bbox 1281 1465 1476 1535; x_wconf 80' lang='grc' dir='ltr'>ἀρχὴν,</span> <span class='ocrx_word' id='word_1_184' title='bbox 1514 1467 2013 1539; x_wconf 75' lang='grc' dir='ltr'>προσερρυηκότων</span> <span class='ocrx_word' id='word_1_185' title='bbox 2041 1465 2178 1530; x_wconf 77' lang='grc' dir='ltr'>τέως</span> <span class='ocrx_word' id='word_1_186' title='bbox 2241 1463 2302 1536; x_wconf 73' lang='grc' dir='ltr'><strong>[Γ.</strong></span> <span class='ocrx_word' id='word_1_187' title='bbox 2335 1464 2434 1519; x_wconf 72' lang='grc'><strong>271</strong></span> <span class='ocrx_word' id='word_1_188' title='bbox 2501 1463 2552 1535; x_wconf 79' lang='grc' dir='ltr'><strong>ὁ]</strong></span> <span class='ocrx_word' id='word_1_189' title='bbox 2581 1468 2663 1530; x_wconf 84' lang='grc' dir='ltr'><strong>είς</strong></span> <span class='ocrx_word' id='word_1_190' title='bbox 2727 1468 3047 1539; x_wconf 72' lang='grc' dir='ltr'><strong>συμμαχίαν</strong></span> <span class='ocrx_word' id='word_1_191' title='bbox 3079 1471 3174 1524; x_wconf 81' lang='grc' dir='ltr'><strong>καὶ</strong></span> <span class='ocrx_word' id='word_1_192' title='bbox 3203 1471 3312 1522; x_wconf 85' lang='grc' dir='ltr'><strong>τῶν</strong></span> <span class='ocrx_word' id='word_1_193' title='bbox 3359 1469 3616 1540; x_wconf 86' lang='grc' dir='ltr'>γειτόνων</span> 
     </span>
    </p>
   </div>
   <div class='ocr_carea' id='block_1_26' title="bbox 374 1551 1345 1626">
    <p class='ocr_par' dir='ltr' id='par_1_26' title="bbox 374 1551 1345 1626">
     <span class='ocr_line' id='line_1_26' title="bbox 374 1551 1345 1626; baseline 0.005 -22"><span class='ocrx_word' id='word_1_194' title='bbox 374 1551 558 1612; x_wconf 78' lang='grc' dir='ltr'>αὐταῖς</span> <span class='ocrx_word' id='word_1_195' title='bbox 601 1551 877 1604; x_wconf 70' lang='grc' dir='ltr'>Ἀλϐανῶν</span> <span class='ocrx_word' id='word_1_196' title='bbox 912 1557 1004 1606; x_wconf 81' lang='grc' dir='ltr'>καὶ</span> <span class='ocrx_word' id='word_1_197' title='bbox 1050 1556 1345 1626; x_wconf 80' lang='grc' dir='ltr'>Ἰλλυριῶν.</span> 
     </span>
    </p>
   </div>
   <div class='ocr_carea' id='block_1_27' title="bbox 439 1640 2042 1722">
    <p class='ocr_par' dir='ltr' id='par_1_27' title="bbox 439 1643 1931 1722">
     <span class='ocr_line' id='line_1_27' title="bbox 439 1643 1931 1722; baseline 0.006 -28"><span class='ocrx_word' id='word_1_198' title='bbox 439 1643 534 1695; x_wconf 82' lang='grc' dir='ltr'><strong>1Δ’.</strong></span> <span class='ocrx_word' id='word_1_199' title='bbox 573 1645 726 1696; x_wconf 64' lang='grc' dir='ltr'>Κατὰ</span> <span class='ocrx_word' id='word_1_200' title='bbox 757 1645 812 1696; x_wconf 76' lang='grc' dir='ltr'>δὲ</span> <span class='ocrx_word' id='word_1_201' title='bbox 837 1644 1022 1699; x_wconf 81' lang='grc' dir='ltr'>τοῦτον</span> <span class='ocrx_word' id='word_1_202' title='bbox 1045 1647 1134 1698; x_wconf 79' lang='grc' dir='ltr'><strong>τὸν</strong></span> <span class='ocrx_word' id='word_1_203' title='bbox 1163 1650 1354 1716; x_wconf 87' lang='grc' dir='ltr'>χρόνον</span> <span class='ocrx_word' id='word_1_204' title='bbox 1375 1644 1510 1722; x_wconf 83' lang='grc' dir='ltr'><strong>ἧκεν</strong></span> <span class='ocrx_word' id='word_1_205' title='bbox 1539 1651 1602 1702; x_wconf 86' lang='grc' dir='ltr'><strong>ὲκ</strong></span> <span class='ocrx_word' id='word_1_206' title='bbox 1627 1649 1830 1704; x_wconf 79' lang='grc' dir='ltr'>Μυσῶν</span> <span class='ocrx_word' id='word_1_207' title='bbox 1851 1649 1931 1719; x_wconf 84' lang='grc' dir='ltr'><strong>τῷ</strong></span> 
     </span>
    </p>
   </div>
   <div class='ocr_carea' id='block_1_28' title="bbox 2008 1640 3611 1722">
    <p class='ocr_par' dir='ltr' id='par_1_28' title="bbox 2102 1640 3611 1718">
     <span class='ocr_line' id='line_1_28' title="bbox 2102 1640 3611 1718; baseline 0.005 -22"><span class='ocrx_word' id='word_1_208' title='bbox 2102 1641 2242 1696; x_wconf 69' lang='grc' dir='ltr'><strong>ΚΝ.</strong></span> <span class='ocrx_word' id='word_1_209' title='bbox 2267 1640 2382 1696; x_wconf 89' lang='lat' dir='ltr'><strong>Hoc</strong></span> <span class='ocrx_word' id='word_1_210' title='bbox 2412 1643 2530 1711; x_wconf 85' lang='lat' dir='ltr'><strong>ipso</strong></span> <span class='ocrx_word' id='word_1_211' title='bbox 2563 1657 2694 1698; x_wconf 73' lang='lat' dir='ltr'><strong>vero</strong></span> <span class='ocrx_word' id='word_1_212' title='bbox 2725 1653 2972 1714; x_wconf 89' lang='lat' dir='ltr'><strong>tempore</strong></span> <span class='ocrx_word' id='word_1_213' title='bbox 3005 1663 3035 1702; x_wconf 90' lang='lat' dir='ltr'><strong>e</strong></span> <span class='ocrx_word' id='word_1_214' title='bbox 3057 1646 3223 1717; x_wconf 81' lang='lat' dir='ltr'><strong>Mysia</strong></span> <span class='ocrx_word' id='word_1_215' title='bbox 3253 1647 3444 1717; x_wconf 82' lang='lat' dir='ltr'><strong>juveni</strong></span> <span class='ocrx_word' id='word_1_216' title='bbox 3481 1649 3611 1718; x_wconf 85' lang='lat' dir='ltr'><strong>imp.</strong></span> 
     </span>
    </p>
   </div>
   <div class='ocr_carea' id='block_1_29' title="bbox 373 1733 1976 1810">
    <p class='ocr_par' dir='ltr' id='par_1_29' title="bbox 373 1735 1930 1810">
     <span class='ocr_line' id='line_1_29' title="bbox 373 1735 1930 1810; baseline 0.004 -24"><span class='ocrx_word' id='word_1_217' title='bbox 373 1736 476 1803; x_wconf 75' lang='grc' dir='ltr'><strong>νέῳ</strong></span> <span class='ocrx_word' id='word_1_218' title='bbox 505 1735 722 1804; x_wconf 78' lang='grc' dir='ltr'><strong>βασιλεῖ</strong></span> <span class='ocrx_word' id='word_1_219' title='bbox 759 1736 1104 1806; x_wconf 71' lang='grc' dir='ltr'><strong>Ἀνδρονίκῳ,</strong></span> <span class='ocrx_word' id='word_1_220' title='bbox 1135 1739 1215 1808; x_wconf 83' lang='grc' dir='ltr'><strong>τῷ</strong></span> <span class='ocrx_word' id='word_1_221' title='bbox 1243 1740 1337 1793; x_wconf 76' lang='grc' dir='ltr'><strong>τοῦ</strong></span> <span class='ocrx_word' id='word_1_222' title='bbox 1373 1739 1637 1810; x_wconf 85' lang='grc' dir='ltr'>βασιλέως</span> <span class='ocrx_word' id='word_1_223' title='bbox 1683 1741 1930 1796; x_wconf 78' lang='grc' dir='ltr'><strong>Ἰωάννου</strong></span> 
     </span>
    </p>
   </div>
   <div class='ocr_carea' id='block_1_30' title="bbox 2010 1733 3613 1810">
    <p class='ocr_par' dir='ltr' id='par_1_30' title="bbox 2031 1733 3613 1806">
     <span class='ocr_line' id='line_1_30' title="bbox 2031 1733 3613 1806; baseline 0.006 -23"><span class='ocrx_word' id='word_1_224' title='bbox 2031 1733 2369 1796; x_wconf 80' lang='lat' dir='ltr'><strong>Andronico,</strong></span> <span class='ocrx_word' id='word_1_225' title='bbox 2389 1733 2525 1802; x_wconf 90' lang='lat' dir='ltr'><strong>imp.</strong></span> <span class='ocrx_word' id='word_1_226' title='bbox 2558 1734 2786 1790; x_wconf 66' lang='lat' dir='ltr'><strong>Ioannis</strong></span> <span class='ocrx_word' id='word_1_227' title='bbox 2815 1736 3103 1806; x_wconf 65' lang='lat' dir='ltr'><strong>Palmologi</strong></span> <span class='ocrx_word' id='word_1_228' title='bbox 3131 1738 3263 1802; x_wconf 84' lang='lat' dir='ltr'><strong>ﬁlio,</strong></span> <span class='ocrx_word' id='word_1_229' title='bbox 3291 1754 3490 1806; x_wconf 84' lang='lat' dir='ltr'><strong>sponsa</strong></span> <span class='ocrx_word' id='word_1_230' title='bbox 3525 1757 3613 1792; x_wconf 77' lang='lat' dir='ltr'><strong>vr-</strong></span> 
     </span>
    </p>
   </div>
   <div class='ocr_carea' id='block_1_31' title="bbox 371 1823 1974 1902">
    <p class='ocr_par' dir='ltr' id='par_1_31' title="bbox 371 1825 1974 1901">
     <span class='ocr_line' id='line_1_31' title="bbox 371 1825 1974 1901; baseline 0.004 -23"><span class='ocrx_word' id='word_1_231' title='bbox 371 1826 468 1878; x_wconf 85' lang='grc' dir='ltr'>τοῦ</span> <span class='ocrx_word' id='word_1_232' title='bbox 517 1825 880 1895; x_wconf 82' lang='grc' dir='ltr'>Παλαιολόγου</span> <span class='ocrx_word' id='word_1_233' title='bbox 941 1829 1114 1893; x_wconf 71' lang='grc' dir='ltr'>παιδὶ,</span> <span class='ocrx_word' id='word_1_234' title='bbox 1136 1831 1336 1899; x_wconf 73' lang='grc' dir='ltr'><strong>Ινύμφη</strong></span> <span class='ocrx_word' id='word_1_235' title='bbox 1371 1830 1556 1901; x_wconf 86' lang='grc' dir='ltr'>Μαρία</span> <span class='ocrx_word' id='word_1_236' title='bbox 1587 1833 1620 1901; x_wconf 88' lang='grc' dir='ltr'><strong>ή</strong></span> <span class='ocrx_word' id='word_1_237' title='bbox 1663 1831 1756 1884; x_wconf 81' lang='grc' dir='ltr'><strong>τοῦ</strong></span> <span class='ocrx_word' id='word_1_238' title='bbox 1789 1831 1940 1900; x_wconf 81' lang='grc' dir='ltr'>βασι·</span> <span class='ocrx_word' id='word_1_239' title='bbox 1971 1836 1974 1890; x_wconf 69' lang='grc' dir='ltr'>ξ</span> 
     </span>
    </p>
   </div>
   <div class='ocr_carea' id='block_1_32' title="bbox 2008 1823 3611 1902">
    <p class='ocr_par' dir='ltr' id='par_1_32' title="bbox 2008 1823 3611 1902">
     <span class='ocr_line' id='line_1_32' title="bbox 2008 1823 3611 1902; baseline 0.004 -26"><span class='ocrx_word' id='word_1_240' title='bbox 2008 1845 2012 1884; x_wconf 75' lang='grc' dir='ltr'>ι</span> <span class='ocrx_word' id='word_1_241' title='bbox 2043 1824 2124 1877; x_wconf 87' lang='lat' dir='ltr'><strong>nit</strong></span> <span class='ocrx_word' id='word_1_242' title='bbox 2153 1823 2342 1888; x_wconf 80' lang='lat' dir='ltr'><strong>Maria,</strong></span> <span class='ocrx_word' id='word_1_243' title='bbox 2375 1825 2519 1894; x_wconf 80' lang='lat' dir='ltr'><strong>regis</strong></span> <span class='ocrx_word' id='word_1_244' title='bbox 2561 1825 2835 1896; x_wconf 83' lang='lat' dir='ltr'><strong>Mysorum</strong></span> <span class='ocrx_word' id='word_1_245' title='bbox 2865 1829 3158 1888; x_wconf 83' lang='lat' dir='ltr'><strong>Alexandri</strong></span> <span class='ocrx_word' id='word_1_246' title='bbox 3187 1829 3318 1892; x_wconf 81' lang='lat' dir='ltr'><strong>lilia,</strong></span> <span class='ocrx_word' id='word_1_247' title='bbox 3347 1847 3467 1902; x_wconf 68' lang='lat' dir='ltr'><strong>quae</strong></span> <span class='ocrx_word' id='word_1_248' title='bbox 3489 1847 3611 1890; x_wconf 86' lang='lat' dir='ltr'><strong>cum</strong></span> 
     </span>
    </p>
   </div>
   <div class='ocr_carea' id='block_1_33' title="bbox 371 1915 1974 1992">
    <p class='ocr_par' dir='ltr' id='par_1_33' title="bbox 371 1917 1936 1992">
     <span class='ocr_line' id='line_1_33' title="bbox 371 1917 1936 1992; baseline 0.004 -25"><span class='ocrx_word' id='word_1_249' title='bbox 371 1917 508 1979; x_wconf 82' lang='grc' dir='ltr'><strong>λέως</strong></span> <span class='ocrx_word' id='word_1_250' title='bbox 535 1918 738 1972; x_wconf 78' lang='grc' dir='ltr'>Μυσῶν</span> <span class='ocrx_word' id='word_1_251' title='bbox 783 1917 1138 1989; x_wconf 79' lang='grc' dir='ltr'><strong>Ἀλεξάνδρου</strong></span> <span class='ocrx_word' id='word_1_252' title='bbox 1167 1919 1436 1991; x_wconf 84' lang='grc' dir='ltr'>θυγάτηρ,</span> <span class='ocrx_word' id='word_1_253' title='bbox 1467 1923 1560 1976; x_wconf 80' lang='grc' dir='ltr'><strong>τὸν</strong></span> <span class='ocrx_word' id='word_1_254' title='bbox 1593 1921 1782 1976; x_wconf 77' lang='grc' dir='ltr'>ἔνατον</span> <span class='ocrx_word' id='word_1_255' title='bbox 1812 1923 1936 1992; x_wconf 77' lang='grc' dir='ltr'><strong>ἄρτι</strong></span> 
     </span>
    </p>
   </div>
   <div class='ocr_carea' id='block_1_34' title="bbox 2008 1915 3611 1992">
    <p class='ocr_par' dir='ltr' id='par_1_34' title="bbox 2039 1915 3611 1992">
     <span class='ocr_line' id='line_1_34' title="bbox 2039 1915 3611 1992; baseline 0.004 -22"><span class='ocrx_word' id='word_1_256' title='bbox 2039 1915 2134 1971; x_wconf 91' lang='lat' dir='ltr'><strong>illo</strong></span> <span class='ocrx_word' id='word_1_257' title='bbox 2179 1917 2270 1982; x_wconf 80' lang='lat' dir='ltr'><strong>qui</strong></span> <span class='ocrx_word' id='word_1_258' title='bbox 2327 1925 2438 1970; x_wconf 88' lang='lat' dir='ltr'><strong>tum</strong></span> <span class='ocrx_word' id='word_1_259' title='bbox 2493 1932 2698 1973; x_wconf 88' lang='lat' dir='ltr'><strong>nonum</strong></span> <span class='ocrx_word' id='word_1_260' title='bbox 2765 1919 2880 1974; x_wconf 82' lang='lat' dir='ltr'><strong>fere</strong></span> <span class='ocrx_word' id='word_1_261' title='bbox 2929 1921 3103 1976; x_wconf 67' lang='lat' dir='ltr'><strong>artatis</strong></span> <span class='ocrx_word' id='word_1_262' title='bbox 3152 1937 3355 1976; x_wconf 84' lang='lat' dir='ltr'><strong>annum</strong></span> <span class='ocrx_word' id='word_1_263' title='bbox 3419 1923 3611 1992; x_wconf 68' lang='lat' dir='ltr'><strong>attige-</strong></span> 
     </span>
    </p>
   </div>
   <div class='ocr_carea' id='block_1_35' title="bbox 369 2007 1972 2084">
    <p class='ocr_par' dir='ltr' id='par_1_35' title="bbox 369 2007 1935 2084">
     <span class='ocr_line' id='line_1_35' title="bbox 369 2007 1935 2084; baseline 0.005 -26"><span class='ocrx_word' id='word_1_264' title='bbox 369 2008 464 2074; x_wconf 72' lang='grc' dir='ltr'><strong>τῆς</strong></span> <span class='ocrx_word' id='word_1_265' title='bbox 495 2007 707 2076; x_wconf 78' lang='grc' dir='ltr'>ἡλικίας</span> <span class='ocrx_word' id='word_1_266' title='bbox 747 2009 1032 2079; x_wconf 78' lang='grc' dir='ltr'>ἀμείϐοντι</span> <span class='ocrx_word' id='word_1_267' title='bbox 1077 2012 1270 2082; x_wconf 86' lang='grc' dir='ltr'>χρόνον</span> <span class='ocrx_word' id='word_1_268' title='bbox 1297 2013 1494 2084; x_wconf 79' lang='grc' dir='ltr'><strong>ὀμῆλιξ</strong></span> <span class='ocrx_word' id='word_1_269' title='bbox 1519 2010 1652 2066; x_wconf 78' lang='grc' dir='ltr'>οὖσα</span> <span class='ocrx_word' id='word_1_270' title='bbox 1681 2015 1772 2068; x_wconf 70' lang='grc' dir='ltr'><strong>καὶ</strong></span> <span class='ocrx_word' id='word_1_271' title='bbox 1797 2012 1935 2082; x_wconf 79' lang='grc' dir='ltr'>αὕτη</span> 
     </span>
    </p>
   </div>
   <div class='ocr_carea' id='block_1_36' title="bbox 2010 2007 3613 2084">
    <p class='ocr_par' dir='ltr' id='par_1_36' title="bbox 2043 2007 3613 2081">
     <span class='ocr_line' id='line_1_36' title="bbox 2043 2007 3613 2081; baseline 0.004 -23"><span class='ocrx_word' id='word_1_272' title='bbox 2043 2015 2149 2069; x_wconf 88' lang='lat' dir='ltr'><strong>rat,</strong></span> <span class='ocrx_word' id='word_1_273' title='bbox 2227 2007 2472 2061; x_wconf 87' lang='lat' dir='ltr'><strong>eamdem</strong></span> <span class='ocrx_word' id='word_1_274' title='bbox 2519 2009 2633 2064; x_wconf 72' lang='lat' dir='ltr'><strong>fere</strong></span> <span class='ocrx_word' id='word_1_275' title='bbox 2697 2019 2910 2064; x_wconf 59' lang='lat' dir='ltr'><strong>aetatem</strong></span> <span class='ocrx_word' id='word_1_276' title='bbox 2959 2011 3180 2081; x_wconf 77' lang='lat' dir='ltr'><strong>agebat.</strong></span> <span class='ocrx_word' id='word_1_277' title='bbox 3253 2012 3448 2068; x_wconf 85' lang='lat' dir='ltr'><strong>Statim</strong></span> <span class='ocrx_word' id='word_1_278' title='bbox 3516 2030 3613 2066; x_wconf 69' lang='lat' dir='ltr'><strong>au—</strong></span> 
     </span>
    </p>
   </div>
   <div class='ocr_carea' id='block_1_37' title="bbox 371 2097 1974 2176">
    <p class='ocr_par' dir='ltr' id='par_1_37' title="bbox 371 2101 1938 2176">
     <span class='ocr_line' id='line_1_37' title="bbox 371 2101 1938 2176; baseline 0.007 -26"><span class='ocrx_word' id='word_1_279' title='bbox 371 2101 578 2168; x_wconf 80' lang='grc' dir='ltr'>σχεδόν.</span> <span class='ocrx_word' id='word_1_280' title='bbox 615 2101 812 2158; x_wconf 80' lang='grc' dir='ltr'><strong>Εἵπετο</strong></span> <span class='ocrx_word' id='word_1_281' title='bbox 841 2103 885 2154; x_wconf 86' lang='grc' dir='ltr'>δ’</span> <span class='ocrx_word' id='word_1_282' title='bbox 912 2103 1124 2158; x_wconf 78' lang='grc' dir='ltr'>ἐκεῖθεν</span> <span class='ocrx_word' id='word_1_283' title='bbox 1161 2105 1323 2168; x_wconf 79' lang='grc' dir='ltr'>εὐθὺς</span> <span class='ocrx_word' id='word_1_284' title='bbox 1365 2107 1462 2160; x_wconf 74' lang='grc' dir='ltr'>καὶ</span> <span class='ocrx_word' id='word_1_285' title='bbox 1511 2105 1716 2176; x_wconf 84' lang='grc' dir='ltr'>Είρήνη</span> <span class='ocrx_word' id='word_1_286' title='bbox 1764 2106 1795 2173; x_wconf 71' lang='grc' dir='ltr'><strong>ἡ</strong></span> <span class='ocrx_word' id='word_1_287' title='bbox 1841 2103 1938 2161; x_wconf 79' lang='grc' dir='ltr'><strong>τοῦ</strong></span> 
     </span>
    </p>
   </div>
   <div class='ocr_carea' id='block_1_38' title="bbox 2010 2097 3613 2176">
    <p class='ocr_par' dir='ltr' id='par_1_38' title="bbox 2039 2097 3613 2170">
     <span class='ocr_line' id='line_1_38' title="bbox 2039 2097 3613 2170; baseline 0.005 -22"><span class='ocrx_word' id='word_1_288' title='bbox 2039 2103 2146 2148; x_wconf 85' lang='lat' dir='ltr'><strong>tem</strong></span> <span class='ocrx_word' id='word_1_289' title='bbox 2199 2097 2326 2154; x_wconf 85' lang='lat' dir='ltr'><strong>inde</strong></span> <span class='ocrx_word' id='word_1_290' title='bbox 2375 2109 2562 2152; x_wconf 84' lang='lat' dir='ltr'><strong>secuta</strong></span> <span class='ocrx_word' id='word_1_291' title='bbox 2610 2108 2692 2154; x_wconf 83' lang='lat' dir='ltr'><strong>est</strong></span> <span class='ocrx_word' id='word_1_292' title='bbox 2741 2099 2895 2156; x_wconf 89' lang='lat' dir='ltr'><strong>lrene</strong></span> <span class='ocrx_word' id='word_1_293' title='bbox 2947 2101 3084 2170; x_wconf 88' lang='lat' dir='ltr'><strong>imp.</strong></span> <span class='ocrx_word' id='word_1_294' title='bbox 3128 2103 3356 2157; x_wconf 83' lang='lat' dir='ltr'><strong>Joannis</strong></span> <span class='ocrx_word' id='word_1_295' title='bbox 3407 2103 3613 2160; x_wconf 72' lang='lat' dir='ltr'><strong>Pille-</strong></span> 
     </span>
    </p>
   </div>
   <div class='ocr_carea' id='block_1_39' title="bbox 373 2185 1976 2262">
    <p class='ocr_par' dir='ltr' id='par_1_39' title="bbox 373 2188 1932 2262">
     <span class='ocr_line' id='line_1_39' title="bbox 373 2188 1932 2262; baseline 0.004 -21"><span class='ocrx_word' id='word_1_296' title='bbox 373 2188 633 2257; x_wconf 82' lang='grc' dir='ltr'>βασιλέως</span> <span class='ocrx_word' id='word_1_297' title='bbox 675 2189 842 2250; x_wconf 82' lang='grc' dir='ltr'>αὐτοῦ</span> <span class='ocrx_word' id='word_1_298' title='bbox 879 2191 1128 2246; x_wconf 82' lang='grc' dir='ltr'><strong>Ἰωάννου</strong></span> <span class='ocrx_word' id='word_1_299' title='bbox 1170 2192 1268 2246; x_wconf 84' lang='grc' dir='ltr'><strong>τοῦ</strong></span> <span class='ocrx_word' id='word_1_300' title='bbox 1301 2193 1672 2258; x_wconf 84' lang='grc' dir='ltr'>Παλαιολόγου</span> <span class='ocrx_word' id='word_1_301' title='bbox 1709 2193 1932 2262; x_wconf 77' lang='grc' dir='ltr'><strong>ἀδελφὴ,</strong></span> 
     </span>
    </p>
   </div>
   <div class='ocr_carea' id='block_1_40' title="bbox 2006 2185 3609 2262">
    <p class='ocr_par' dir='ltr' id='par_1_40' title="bbox 2039 2185 3609 2262">
     <span class='ocr_line' id='line_1_40' title="bbox 2039 2185 3609 2262; baseline 0.006 -23"><span class='ocrx_word' id='word_1_302' title='bbox 2039 2185 2151 2255; x_wconf 81' lang='lat' dir='ltr'><strong>logi</strong></span> <span class='ocrx_word' id='word_1_303' title='bbox 2181 2202 2362 2248; x_wconf 90' lang='lat' dir='ltr'><strong>soror,</strong></span> <span class='ocrx_word' id='word_1_304' title='bbox 2397 2189 2528 2242; x_wconf 90' lang='lat' dir='ltr'><strong>olim</strong></span> <span class='ocrx_word' id='word_1_305' title='bbox 2561 2189 2862 2248; x_wconf 72' lang='lat' dir='ltr'><strong>Alexandri</strong></span> <span class='ocrx_word' id='word_1_306' title='bbox 2907 2191 3056 2246; x_wconf 91' lang='lat' dir='ltr'><strong>illius</strong></span> <span class='ocrx_word' id='word_1_307' title='bbox 3087 2191 3201 2246; x_wconf 80' lang='lat' dir='ltr'><strong>[ilio</strong></span> <span class='ocrx_word' id='word_1_308' title='bbox 3253 2203 3422 2262; x_wconf 87' lang='lat' dir='ltr'><strong>nupta</strong></span> <span class='ocrx_word' id='word_1_309' title='bbox 3445 2232 3460 2256; x_wconf 90' lang='lat'><strong>,</strong></span> <span class='ocrx_word' id='word_1_310' title='bbox 3497 2203 3609 2248; x_wconf 85' lang='lat' dir='ltr'><strong>tum</strong></span> 
     </span>
    </p>
   </div>
   <div class='ocr_carea' id='block_1_41' title="bbox 373 2261 1976 2355">
    <p class='ocr_par' dir='ltr' id='par_1_41' title="bbox 373 2261 1938 2355">
     <span class='ocr_line' id='line_1_41' title="bbox 373 2261 1938 2355; baseline 0.004 -25"><span class='ocrx_word' id='word_1_311' title='bbox 373 2279 538 2332; x_wconf 79' lang='grc' dir='ltr'>πάλαι</span> <span class='ocrx_word' id='word_1_312' title='bbox 566 2281 662 2348; x_wconf 83' lang='grc' dir='ltr'>μὲν</span> <span class='ocrx_word' id='word_1_313' title='bbox 686 2280 874 2352; x_wconf 80' lang='grc' dir='ltr'>νύμφη</span> <span class='ocrx_word' id='word_1_314' title='bbox 905 2281 1220 2350; x_wconf 81' lang='grc' dir='ltr'>πεμφθεῖσα</span> <span class='ocrx_word' id='word_1_315' title='bbox 1255 2282 1336 2352; x_wconf 80' lang='grc' dir='ltr'><strong>τῷ</strong></span> <span class='ocrx_word' id='word_1_316' title='bbox 1365 2285 1458 2340; x_wconf 81' lang='grc' dir='ltr'><strong>τοῦ</strong></span> <span class='ocrx_word' id='word_1_317' title='bbox 1492 2285 1752 2355; x_wconf 77' lang='grc' dir='ltr'><strong>ῥηθέντος</strong></span> <span class='ocrx_word' id='word_1_318' title='bbox 1789 2261 1938 2338; x_wconf 80' lang='grc' dir='ltr'><strong>Ἀλε-</strong></span> 
     </span>
    </p>
   </div>
   <div class='ocr_carea' id='block_1_42' title="bbox 2010 2261 3613 2355">
    <p class='ocr_par' dir='ltr' id='par_1_42' title="bbox 2037 2261 3613 2353">
     <span class='ocr_line' id='line_1_42' title="bbox 2037 2261 3613 2353; baseline 0.007 -25"><span class='ocrx_word' id='word_1_319' title='bbox 2037 2290 2170 2330; x_wconf 76' lang='lat' dir='ltr'><strong>vero</strong></span> <span class='ocrx_word' id='word_1_320' title='bbox 2203 2289 2323 2343; x_wconf 87' lang='lat' dir='ltr'><strong>post</strong></span> <span class='ocrx_word' id='word_1_321' title='bbox 2351 2293 2618 2336; x_wconf 76' lang='lat' dir='ltr'><strong>annorum</strong></span> <span class='ocrx_word' id='word_1_322' title='bbox 2645 2281 2884 2348; x_wconf 77' lang='lat' dir='ltr'><strong>spatium</strong></span> <span class='ocrx_word' id='word_1_323' title='bbox 2912 2281 3077 2336; x_wconf 81' lang='lat' dir='ltr'><strong>vidua</strong></span> <span class='ocrx_word' id='word_1_324' title='bbox 3107 2261 3227 2338; x_wconf 83' lang='lat' dir='ltr'><strong>sine</strong></span> <span class='ocrx_word' id='word_1_325' title='bbox 3260 2261 3470 2348; x_wconf 76' lang='lat' dir='ltr'><strong>liberis,</strong></span> <span class='ocrx_word' id='word_1_326' title='bbox 3493 2301 3613 2353; x_wconf 74' lang='lat' dir='ltr'><strong>quae</strong></span> 
     </span>
    </p>
   </div>
   <div class='ocr_carea' id='block_1_43' title="bbox 373 2355 1976 2443">
    <p class='ocr_par' dir='ltr' id='par_1_43' title="bbox 373 2368 1936 2443">
     <span class='ocr_line' id='line_1_43' title="bbox 373 2368 1936 2443; baseline 0.005 -23"><span class='ocrx_word' id='word_1_327' title='bbox 373 2369 598 2438; x_wconf 74' lang='grc' dir='ltr'>ξάνδρου</span> <span class='ocrx_word' id='word_1_328' title='bbox 652 2368 822 2431; x_wconf 75' lang='grc' dir='ltr'>παιδὶ,</span> <span class='ocrx_word' id='word_1_329' title='bbox 885 2370 1198 2440; x_wconf 87' lang='grc' dir='ltr'>χηρεύσασα</span> <span class='ocrx_word' id='word_1_330' title='bbox 1259 2371 1318 2424; x_wconf 77' lang='grc' dir='ltr'>δὲ</span> <span class='ocrx_word' id='word_1_331' title='bbox 1379 2373 1520 2442; x_wconf 74' lang='grc' dir='ltr'><strong>μετὰ</strong></span> <span class='ocrx_word' id='word_1_332' title='bbox 1573 2375 1936 2443; x_wconf 78' lang='grc' dir='ltr'>παραδρομὴν</span> 
     </span>
    </p>
   </div>
   <div class='ocr_carea' id='block_1_44' title="bbox 2010 2355 3613 2443">
    <p class='ocr_par' dir='ltr' id='par_1_44' title="bbox 2037 2355 3613 2443">
     <span class='ocr_line' id='line_1_44' title="bbox 2037 2355 3613 2443; baseline 0.006 -23"><span class='ocrx_word' id='word_1_333' title='bbox 2037 2367 2202 2424; x_wconf 75' lang='lat' dir='ltr'><strong>vitam</strong></span> <span class='ocrx_word' id='word_1_334' title='bbox 2241 2384 2398 2422; x_wconf 89' lang='lat' dir='ltr'><strong>suam</strong></span> <span class='ocrx_word' id='word_1_335' title='bbox 2433 2369 2506 2422; x_wconf 86' lang='lat' dir='ltr'><strong>ibi</strong></span> <span class='ocrx_word' id='word_1_336' title='bbox 2554 2369 2704 2438; x_wconf 71' lang='lat' dir='ltr'><strong>degit</strong></span> <span class='ocrx_word' id='word_1_337' title='bbox 2733 2376 2798 2423; x_wconf 86' lang='lat' dir='ltr'><strong>ad</strong></span> <span class='ocrx_word' id='word_1_338' title='bbox 2841 2371 2988 2426; x_wconf 88' lang='lat' dir='ltr'><strong>hunc</strong></span> <span class='ocrx_word' id='word_1_339' title='bbox 3020 2372 3188 2428; x_wconf 90' lang='lat' dir='ltr'><strong>diem.</strong></span> <span class='ocrx_word' id='word_1_340' title='bbox 3219 2355 3476 2443; x_wconf 77' lang='lat' dir='ltr'><strong>Ejusdem</strong></span> <span class='ocrx_word' id='word_1_341' title='bbox 3512 2392 3613 2430; x_wconf 67' lang='lat' dir='ltr'><strong>au-</strong></span> 
     </span>
    </p>
   </div>
   <div class='ocr_carea' id='block_1_45' title="bbox 368 2455 1971 2536">
    <p class='ocr_par' dir='ltr' id='par_1_45' title="bbox 368 2461 1934 2536">
     <span class='ocr_line' id='line_1_45' title="bbox 368 2461 1934 2536; baseline 0.004 -24"><span class='ocrx_word' id='word_1_342' title='bbox 368 2461 628 2512; x_wconf 80' lang='grc' dir='ltr'>ἐνιαυτῶν</span> <span class='ocrx_word' id='word_1_343' title='bbox 655 2461 826 2523; x_wconf 77' lang='grc' dir='ltr'>ἄπαις</span> <span class='ocrx_word' id='word_1_344' title='bbox 847 2476 862 2491; x_wconf 77' lang='grc' dir='ltr'><strong>ο</strong></span> <span class='ocrx_word' id='word_1_345' title='bbox 897 2461 930 2532; x_wconf 77' lang='grc' dir='ltr'>ἢ</span> <span class='ocrx_word' id='word_1_346' title='bbox 957 2462 1022 2532; x_wconf 79' lang='grc' dir='ltr'>δὴ</span> <span class='ocrx_word' id='word_1_347' title='bbox 1051 2462 1146 2520; x_wconf 76' lang='grc' dir='ltr'>καὶ</span> <span class='ocrx_word' id='word_1_348' title='bbox 1173 2463 1360 2532; x_wconf 84' lang='grc' dir='ltr'>διῆγεν</span> <span class='ocrx_word' id='word_1_349' title='bbox 1389 2465 1507 2520; x_wconf 75' lang='grc' dir='ltr'><strong>ἐκεῖ</strong></span> <span class='ocrx_word' id='word_1_350' title='bbox 1537 2465 1629 2518; x_wconf 84' lang='grc' dir='ltr'><strong>τὸν</strong></span> <span class='ocrx_word' id='word_1_351' title='bbox 1667 2465 1780 2536; x_wconf 82' lang='grc' dir='ltr'>βίον</span> <span class='ocrx_word' id='word_1_352' title='bbox 1808 2465 1934 2532; x_wconf 75' lang='grc' dir='ltr'><strong>ἑξῆς</strong></span> 
     </span>
    </p>
   </div>
   <div class='ocr_carea' id='block_1_46' title="bbox 2006 2455 3609 2536">
    <p class='ocr_par' dir='ltr' id='par_1_46' title="bbox 2039 2455 3609 2532">
     <span class='ocr_line' id='line_1_46' title="bbox 2039 2455 3609 2532; baseline 0.009 -26"><span class='ocrx_word' id='word_1_353' title='bbox 2039 2462 2146 2506; x_wconf 91' lang='lat' dir='ltr'><strong>tem</strong></span> <span class='ocrx_word' id='word_1_354' title='bbox 2194 2455 2370 2524; x_wconf 83' lang='lat' dir='ltr'><strong>patris</strong></span> <span class='ocrx_word' id='word_1_355' title='bbox 2402 2455 2567 2530; x_wconf 80' lang='lat'><strong>558</strong></span> <span class='ocrx_word' id='word_1_356' title='bbox 2599 2467 2754 2512; x_wconf 87' lang='lat' dir='ltr'><strong>erant</strong></span> <span class='ocrx_word' id='word_1_357' title='bbox 2805 2458 2968 2512; x_wconf 88' lang='lat' dir='ltr'><strong>liberi</strong></span> <span class='ocrx_word' id='word_1_358' title='bbox 3009 2460 3302 2516; x_wconf 78' lang='lat' dir='ltr'><strong>Alexandri</strong></span> <span class='ocrx_word' id='word_1_359' title='bbox 3335 2463 3609 2532; x_wconf 78' lang='lat' dir='ltr'><strong>Mysorum</strong></span> 
     </span>
    </p>
   </div>
   <div class='ocr_carea' id='block_1_47' title="bbox 369 2545 1972 2628">
    <p class='ocr_par' dir='ltr' id='par_1_47' title="bbox 369 2550 1932 2628">
     <span class='ocr_line' id='line_1_47' title="bbox 369 2550 1932 2628; baseline 0.005 -26"><span class='ocrx_word' id='word_1_360' title='bbox 369 2550 492 2618; x_wconf 76' lang='grc' dir='ltr'><strong>ἄχρι</strong></span> <span class='ocrx_word' id='word_1_361' title='bbox 520 2552 616 2604; x_wconf 83' lang='grc' dir='ltr'><strong>καὶ</strong></span> <span class='ocrx_word' id='word_1_362' title='bbox 633 2552 896 2622; x_wconf 85' lang='grc' dir='ltr'><strong>τήμερον.</strong></span> <span class='ocrx_word' id='word_1_363' title='bbox 923 2553 1074 2617; x_wconf 80' lang='grc' dir='ltr'>Ἐνδς</span> <span class='ocrx_word' id='word_1_364' title='bbox 1101 2554 1201 2624; x_wconf 77' lang='grc' dir='ltr'>μὲν</span> <span class='ocrx_word' id='word_1_365' title='bbox 1225 2550 1319 2609; x_wconf 75' lang='grc' dir='ltr'>οὖν</span> <span class='ocrx_word' id='word_1_366' title='bbox 1349 2551 1489 2627; x_wconf 81' lang='grc' dir='ltr'>ἦσαν</span> <span class='ocrx_word' id='word_1_367' title='bbox 1511 2557 1682 2610; x_wconf 81' lang='grc' dir='ltr'>τέκνα</span> <span class='ocrx_word' id='word_1_368' title='bbox 1702 2557 1932 2628; x_wconf 82' lang='grc' dir='ltr'>πατρὸς,</span> 
     </span>
    </p>
   </div>
   <div class='ocr_carea' id='block_1_48' title="bbox 2010 2545 3613 2628">
    <p class='ocr_par' dir='ltr' id='par_1_48' title="bbox 2037 2545 3613 2618">
     <span class='ocr_line' id='line_1_48' title="bbox 2037 2545 3613 2618; baseline 0.007 -23"><span class='ocrx_word' id='word_1_369' title='bbox 2037 2545 2199 2613; x_wconf 80' lang='lat' dir='ltr'><strong>regis,</strong></span> <span class='ocrx_word' id='word_1_370' title='bbox 2229 2562 2260 2602; x_wconf 85' lang='lat' dir='ltr'><strong>e</strong></span> <span class='ocrx_word' id='word_1_371' title='bbox 2281 2549 2484 2616; x_wconf 89' lang='lat' dir='ltr'><strong>quibus</strong></span> <span class='ocrx_word' id='word_1_372' title='bbox 2508 2561 2620 2602; x_wconf 90' lang='lat' dir='ltr'><strong>tum</strong></span> <span class='ocrx_word' id='word_1_373' title='bbox 2645 2565 2843 2618; x_wconf 82' lang='lat' dir='ltr'><strong>sponsa</strong></span> <span class='ocrx_word' id='word_1_374' title='bbox 2875 2553 3062 2606; x_wconf 87' lang='lat' dir='ltr'><strong>lratris</strong></span> <span class='ocrx_word' id='word_1_375' title='bbox 3095 2555 3238 2608; x_wconf 90' lang='lat' dir='ltr'><strong>illius</strong></span> <span class='ocrx_word' id='word_1_376' title='bbox 3265 2555 3373 2608; x_wconf 80' lang='lat' dir='ltr'><strong>lilio</strong></span> <span class='ocrx_word' id='word_1_377' title='bbox 3404 2557 3613 2610; x_wconf 81' lang='lat' dir='ltr'><strong>Andro-</strong></span> 
     </span>
    </p>
   </div>
   <div class='ocr_carea' id='block_1_49' title="bbox 381 2638 1984 2714">
    <p class='ocr_par' dir='ltr' id='par_1_49' title="bbox 381 2641 1932 2714">
     <span class='ocr_line' id='line_1_49' title="bbox 381 2641 1932 2714; baseline 0.001 -18"><span class='ocrx_word' id='word_1_378' title='bbox 381 2641 732 2711; x_wconf 69' lang='grc' dir='ltr'><strong>Ἀλεξάνδρου</strong></span> <span class='ocrx_word' id='word_1_379' title='bbox 773 2641 974 2714; x_wconf 81' lang='grc' dir='ltr'>δηλαδὴ</span> <span class='ocrx_word' id='word_1_380' title='bbox 1003 2643 1102 2712; x_wconf 81' lang='grc' dir='ltr'><strong>τοῦ</strong></span> <span class='ocrx_word' id='word_1_381' title='bbox 1130 2644 1238 2702; x_wconf 82' lang='grc' dir='ltr'><strong>τῶν</strong></span> <span class='ocrx_word' id='word_1_382' title='bbox 1263 2645 1787 2714; x_wconf 82' lang='grc' dir='ltr'>Μυσῶν-βασιλέως,</span> <span class='ocrx_word' id='word_1_383' title='bbox 1817 2647 1846 2698; x_wconf 84' lang='grc' dir='ltr'><strong>ὅ</strong></span> <span class='ocrx_word' id='word_1_384' title='bbox 1874 2661 1932 2700; x_wconf 86' lang='grc' dir='ltr'><strong>τε</strong></span> 
     </span>
    </p>
   </div>
   <div class='ocr_carea' id='block_1_50' title="bbox 2009 2638 3612 2714">
    <p class='ocr_par' dir='ltr' id='par_1_50' title="bbox 2036 2638 3612 2714">
     <span class='ocr_line' id='line_1_50' title="bbox 2036 2638 3612 2714; baseline 0.006 -28"><span class='ocrx_word' id='word_1_385' title='bbox 2036 2640 2161 2688; x_wconf 88' lang='lat' dir='ltr'><strong>nico</strong></span> <span class='ocrx_word' id='word_1_386' title='bbox 2187 2646 2428 2690; x_wconf 75' lang='lat' dir='ltr'><strong>venerat.</strong></span> <span class='ocrx_word' id='word_1_387' title='bbox 2454 2638 2812 2692; x_wconf 80' lang='lat' dir='ltr'><strong>Erautauicm</strong></span> <span class='ocrx_word' id='word_1_388' title='bbox 2837 2655 2866 2692; x_wconf 87' lang='lat' dir='ltr'><strong>a</strong></span> <span class='ocrx_word' id='word_1_389' title='bbox 2893 2640 3106 2695; x_wconf 87' lang='lat' dir='ltr'><strong>duabus</strong></span> <span class='ocrx_word' id='word_1_390' title='bbox 3125 2643 3390 2702; x_wconf 80' lang='lat' dir='ltr'><strong>matribus</strong></span> <span class='ocrx_word' id='word_1_391' title='bbox 3417 2662 3430 2697; x_wconf 88' lang='lat'><strong>:</strong></span> <span class='ocrx_word' id='word_1_392' title='bbox 3459 2645 3612 2714; x_wconf 62' lang='lat' dir='ltr'><strong>prio.</strong></span> 
     </span>
    </p>
   </div>
   <div class='ocr_carea' id='block_1_51' title="bbox 373 2727 1976 2804">
    <p class='ocr_par' dir='ltr' id='par_1_51' title="bbox 373 2733 1934 2804">
     <span class='ocr_line' id='line_1_51' title="bbox 373 2733 1934 2804; baseline 0.004 -21"><span class='ocrx_word' id='word_1_393' title='bbox 373 2733 622 2798; x_wconf 75' lang='grc' dir='ltr'><strong>συζυγεὶς</strong></span> <span class='ocrx_word' id='word_1_394' title='bbox 641 2733 778 2802; x_wconf 72' lang='grc' dir='ltr'>αὐτῇ</span> <span class='ocrx_word' id='word_1_395' title='bbox 805 2733 1072 2804; x_wconf 73' lang='grc' dir='ltr'>πρότερον</span> <span class='ocrx_word' id='word_1_396' title='bbox 1106 2733 1202 2788; x_wconf 77' lang='grc' dir='ltr'>καὶ</span> <span class='ocrx_word' id='word_1_397' title='bbox 1231 2736 1262 2803; x_wconf 84' lang='grc' dir='ltr'><strong>ἡ</strong></span> <span class='ocrx_word' id='word_1_398' title='bbox 1301 2739 1398 2788; x_wconf 89' lang='grc' dir='ltr'>νῦν</span> <span class='ocrx_word' id='word_1_399' title='bbox 1447 2737 1658 2788; x_wconf 80' lang='grc' dir='ltr'><strong>ἐκεῖθεν</strong></span> <span class='ocrx_word' id='word_1_400' title='bbox 1703 2734 1934 2790; x_wconf 74' lang='grc' dir='ltr'>ἐλθοῦσα</span> 
     </span>
    </p>
   </div>
   <div class='ocr_carea' id='block_1_52' title="bbox 2006 2727 3609 2804">
    <p class='ocr_par' dir='ltr' id='par_1_52' title="bbox 2037 2727 3609 2798">
     <span class='ocr_line' id='line_1_52' title="bbox 2037 2727 3609 2798; baseline 0.006 -23"><span class='ocrx_word' id='word_1_401' title='bbox 2037 2739 2150 2776; x_wconf 86' lang='lat' dir='ltr'><strong>rem</strong></span> <span class='ocrx_word' id='word_1_402' title='bbox 2211 2727 2356 2778; x_wconf 65' lang='lat' dir='ltr'><strong>etaim</strong></span> <span class='ocrx_word' id='word_1_403' title='bbox 2421 2741 2642 2780; x_wconf 76' lang='lat' dir='ltr'><strong>uxorem</strong></span> <span class='ocrx_word' id='word_1_404' title='bbox 2705 2743 2828 2780; x_wconf 80' lang='lat' dir='ltr'><strong>cum</strong></span> <span class='ocrx_word' id='word_1_405' title='bbox 2879 2729 3219 2798; x_wconf 68' lang='lat' dir='ltr'><strong>rrpudiasset</strong></span> <span class='ocrx_word' id='word_1_406' title='bbox 3273 2733 3609 2794; x_wconf 75' lang='lat' dir='ltr'><strong>Alexander.</strong></span> 
     </span>
    </p>
   </div>
   <div class='ocr_carea' id='block_1_53' title="bbox 371 2813 1974 2896">
    <p class='ocr_par' dir='ltr' id='par_1_53' title="bbox 371 2822 1935 2896">
     <span class='ocr_line' id='line_1_53' title="bbox 371 2822 1935 2896; baseline 0.005 -22"><span class='ocrx_word' id='word_1_407' title='bbox 371 2823 552 2890; x_wconf 73' lang='grc' dir='ltr'>νύμφη</span> <span class='ocrx_word' id='word_1_408' title='bbox 585 2823 664 2892; x_wconf 77' lang='grc' dir='ltr'><strong>τῷ</strong></span> <span class='ocrx_word' id='word_1_409' title='bbox 693 2822 958 2893; x_wconf 77' lang='grc' dir='ltr'><strong>ἀδελφιδῷ</strong></span> <span class='ocrx_word' id='word_1_410' title='bbox 1004 2825 1178 2892; x_wconf 86' lang='grc' dir='ltr'>αὐτῆς</span> <span class='ocrx_word' id='word_1_411' title='bbox 1220 2826 1582 2896; x_wconf 82' lang='grc' dir='ltr'><strong>Ἀνδρονίκῳ,</strong></span> <span class='ocrx_word' id='word_1_412' title='bbox 1619 2829 1843 2896; x_wconf 84' lang='grc' dir='ltr'>μητρῶν</span> <span class='ocrx_word' id='word_1_413' title='bbox 1879 2829 1935 2882; x_wconf 84' lang='grc' dir='ltr'><strong>δὲ</strong></span> 
     </span>
    </p>
   </div>
   <div class='ocr_carea' id='block_1_54' title="bbox 2005 2813 3608 2896">
    <p class='ocr_par' dir='ltr' id='par_1_54' title="bbox 2034 2813 3608 2892">
     <span class='ocr_line' id='line_1_54' title="bbox 2034 2813 3608 2892; baseline 0.005 -26"><span class='ocrx_word' id='word_1_414' title='bbox 2034 2813 2354 2882; x_wconf 67' lang='lat' dir='ltr'><strong>adjunacrat</strong></span> <span class='ocrx_word' id='word_1_415' title='bbox 2381 2814 2484 2870; x_wconf 85' lang='lat' dir='ltr'><strong>sibi</strong></span> <span class='ocrx_word' id='word_1_416' title='bbox 2519 2817 2756 2872; x_wconf 70' lang='lat' dir='ltr'><strong>Judaeum</strong></span> <span class='ocrx_word' id='word_1_417' title='bbox 2805 2820 3111 2886; x_wconf 85' lang='lat' dir='ltr'><strong>mulierem,</strong></span> <span class='ocrx_word' id='word_1_418' title='bbox 3145 2822 3230 2874; x_wconf 89' lang='lat' dir='ltr'><strong>cui</strong></span> <span class='ocrx_word' id='word_1_419' title='bbox 3279 2822 3608 2892; x_wconf 81' lang='lat' dir='ltr'><strong>baptismum</strong></span> 
     </span>
    </p>
   </div>
   <div class='ocr_carea' id='block_1_55' title="bbox 368 2903 1971 2988">
    <p class='ocr_par' dir='ltr' id='par_1_55' title="bbox 368 2915 1932 2988">
     <span class='ocr_line' id='line_1_55' title="bbox 368 2915 1932 2988; baseline 0.002 -21"><span class='ocrx_word' id='word_1_420' title='bbox 368 2916 538 2967; x_wconf 78' lang='grc' dir='ltr'>δυοῖν·</span> <span class='ocrx_word' id='word_1_421' title='bbox 593 2915 776 2978; x_wconf 78' lang='grc' dir='ltr'>ζῶσαν</span> <span class='ocrx_word' id='word_1_422' title='bbox 813 2916 920 2983; x_wconf 76' lang='grc' dir='ltr'><strong>γάρ</strong></span> <span class='ocrx_word' id='word_1_423' title='bbox 969 2917 1069 2985; x_wconf 83' lang='grc' dir='ltr'><strong>τὴν</strong></span> <span class='ocrx_word' id='word_1_424' title='bbox 1118 2917 1393 2988; x_wconf 74' lang='grc' dir='ltr'>προτέραν</span> <span class='ocrx_word' id='word_1_425' title='bbox 1439 2916 1646 2981; x_wconf 60' lang='lat' dir='ltr'><strong>arma;</strong></span> <span class='ocrx_word' id='word_1_426' title='bbox 1701 2919 1932 2982; x_wconf 73' lang='grc' dir='ltr'>σύζυγον</span> 
     </span>
    </p>
   </div>
   <div class='ocr_carea' id='block_1_56' title="bbox 2007 2903 3610 2988">
    <p class='ocr_par' dir='ltr' id='par_1_56' title="bbox 2039 2903 3610 2984">
     <span class='ocr_line' id='line_1_56' title="bbox 2039 2903 3610 2984; baseline 0.008 -28"><span class='ocrx_word' id='word_1_427' title='bbox 2039 2903 2411 2960; x_wconf 83' lang='lat' dir='ltr'><strong>administrari</strong></span> <span class='ocrx_word' id='word_1_428' title='bbox 2462 2909 2676 2962; x_wconf 74' lang='lat' dir='ltr'><strong>curavit</strong></span> <span class='ocrx_word' id='word_1_429' title='bbox 2707 2919 2762 2962; x_wconf 87' lang='lat' dir='ltr'><strong>et</strong></span> <span class='ocrx_word' id='word_1_430' title='bbox 2796 2910 2986 2982; x_wconf 84' lang='lat' dir='ltr'><strong>cujus,</strong></span> <span class='ocrx_word' id='word_1_431' title='bbox 3037 2921 3094 2964; x_wconf 84' lang='lat' dir='ltr'><strong>ut</strong></span> <span class='ocrx_word' id='word_1_432' title='bbox 3126 2913 3340 2978; x_wconf 88' lang='lat' dir='ltr'><strong>dicunt,</strong></span> <span class='ocrx_word' id='word_1_433' title='bbox 3369 2913 3610 2984; x_wconf 79' lang='lat' dir='ltr'><strong>pulchri-</strong></span> 
     </span>
    </p>
   </div>
   <div class='ocr_carea' id='block_1_57' title="bbox 379 2997 2744 3082">
    <p class='ocr_par' dir='ltr' id='par_1_57' title="bbox 379 2997 2744 3082">
     <span class='ocr_line' id='line_1_57' title="bbox 379 2997 2744 3082; baseline 0.004 -24"><span class='ocrx_word' id='word_1_434' title='bbox 379 3006 728 3074; x_wconf 81' lang='grc' dir='ltr'>Ἀλέξανδρος</span> <span class='ocrx_word' id='word_1_435' title='bbox 763 3007 1158 3076; x_wconf 83' lang='grc' dir='ltr'><strong>ἀντεισήγαγεν</strong></span> <span class='ocrx_word' id='word_1_436' title='bbox 1211 2997 1379 3079; x_wconf 77' lang='grc' dir='ltr'><strong>ἄλλην</strong></span> <span class='ocrx_word' id='word_1_437' title='bbox 1409 3009 1466 3076; x_wconf 75' lang='grc' dir='ltr'><strong>ἔξ</strong></span> <span class='ocrx_word' id='word_1_438' title='bbox 1506 3009 1790 3076; x_wconf 68' lang='grc' dir='ltr'>Ἰουδαίων,</span> <span class='ocrx_word' id='word_1_439' title='bbox 1809 3010 1934 3082; x_wconf 78' lang='grc' dir='ltr'><strong>ἄρτι</strong></span> <span class='ocrx_word' id='word_1_440' title='bbox 2038 2997 2226 3050; x_wconf 55' lang='lat' dir='ltr'><strong>“diu”</strong></span> <span class='ocrx_word' id='word_1_441' title='bbox 2251 3002 2510 3056; x_wconf 65' lang='grc' dir='ltr'><strong>Πιυθηδιιδ</strong></span> <span class='ocrx_word' id='word_1_442' title='bbox 2549 3009 2744 3055; x_wconf 55' lang='lat' dir='ltr'><strong>Ner“-</strong></span> 
     </span>
    </p>
   </div>
   <div class='ocr_carea' id='block_1_58' title="bbox 369 3095 1932 3172">
    <p class='ocr_par' dir='ltr' id='par_1_58' title="bbox 369 3095 1932 3172">
     <span class='ocr_line' id='line_1_58' title="bbox 369 3095 1932 3172; baseline 0.004 -24"><span class='ocrx_word' id='word_1_443' title='bbox 369 3095 734 3166; x_wconf 82' lang='grc' dir='ltr'>προσαγαγὼν</span> <span class='ocrx_word' id='word_1_444' title='bbox 763 3097 842 3166; x_wconf 82' lang='grc' dir='ltr'><strong>τῷ</strong></span> <span class='ocrx_word' id='word_1_445' title='bbox 876 3098 1006 3169; x_wconf 82' lang='grc' dir='ltr'>θείῳ</span> <span class='ocrx_word' id='word_1_446' title='bbox 1025 3099 1230 3169; x_wconf 87' lang='grc' dir='ltr'><strong>ταύτην</strong></span> <span class='ocrx_word' id='word_1_447' title='bbox 1257 3100 1418 3163; x_wconf 84' lang='grc' dir='ltr'>αὐτὸς</span> <span class='ocrx_word' id='word_1_448' title='bbox 1445 3101 1806 3172; x_wconf 80' lang='grc' dir='ltr'><strong>βαπτίσματι,</strong></span> <span class='ocrx_word' id='word_1_449' title='bbox 1839 3103 1932 3158; x_wconf 77' lang='grc' dir='ltr'><strong>τοῦ</strong></span> 
     </span>
    </p>
   </div>
   <div class='ocr_carea' id='block_1_59' title="bbox 365 3161 2004 3262">
    <p class='ocr_par' dir='ltr' id='par_1_59' title="bbox 365 3161 2004 3262">
     <span class='ocr_line' id='line_1_59' title="bbox 365 3161 2004 3262; baseline 0.004 -20"><span class='ocrx_word' id='word_1_450' title='bbox 365 3161 594 3249; x_wconf 68' lang='grc' dir='ltr'><strong>κάλλους</strong></span> <span class='ocrx_word' id='word_1_451' title='bbox 621 3161 915 3257; x_wconf 45' lang='grc' dir='ltr'><strong>αὐτῆςξὼς</strong></span> <span class='ocrx_word' id='word_1_452' title='bbox 943 3161 1127 3259; x_wconf 65' lang='grc' dir='ltr'>φασὶν,</span> <span class='ocrx_word' id='word_1_453' title='bbox 1157 3161 1458 3262; x_wconf 49' lang='grc' dir='ltr'>ἐρασθείς..</span> <span class='ocrx_word' id='word_1_454' title='bbox 1653 3161 1666 3170; x_wconf 47' lang='grc'><strong>-</strong></span> <span class='ocrx_word' id='word_1_455' title='bbox 1793 3161 1804 3166; x_wconf 37' lang='grc'><strong><em>-</em></strong></span> <span class='ocrx_word' id='word_1_456' title='bbox 1961 3161 2004 3218; x_wconf 73' lang='lat' dir='ltr'>c</span> 
     </span>
    </p>
   </div>
   <div class='ocr_carea' id='block_1_60' title="bbox 435 3259 2038 3357">
    <p class='ocr_par' dir='ltr' id='par_1_60' title="bbox 435 3259 1934 3356">
     <span class='ocr_line' id='line_1_60' title="bbox 435 3259 1934 3356; baseline 0.005 -24"><span class='ocrx_word' id='word_1_457' title='bbox 435 3281 516 3332; x_wconf 74' lang='lat' dir='ltr'><strong>IE&#39;</strong></span> <span class='ocrx_word' id='word_1_458' title='bbox 549 3279 654 3334; x_wconf 73' lang='lat' dir='ltr'><strong>Kal.</strong></span> <span class='ocrx_word' id='word_1_459' title='bbox 701 3280 875 3334; x_wconf 81' lang='grc' dir='ltr'>ταῦτα</span> <span class='ocrx_word' id='word_1_460' title='bbox 933 3281 1032 3348; x_wconf 82' lang='grc' dir='ltr'>μὲν</span> <span class='ocrx_word' id='word_1_461' title='bbox 1059 3259 1248 3336; x_wconf 81' lang='grc' dir='ltr'><strong>τοῦτον</strong></span> <span class='ocrx_word' id='word_1_462' title='bbox 1291 3283 1418 3353; x_wconf 77' lang='grc' dir='ltr'><strong>ἔσχε</strong></span> <span class='ocrx_word' id='word_1_463' title='bbox 1451 3286 1540 3338; x_wconf 78' lang='grc' dir='ltr'><strong>τδν</strong></span> <span class='ocrx_word' id='word_1_464' title='bbox 1583 3287 1810 3356; x_wconf 79' lang='grc' dir='ltr'>τρόπον,</span> <span class='ocrx_word' id='word_1_465' title='bbox 1842 3287 1934 3340; x_wconf 75' lang='grc' dir='ltr'>καὶ</span> 
     </span>
    </p>
   </div>
   <div class='ocr_carea' id='block_1_61' title="bbox 2002 3259 3605 3357">
    <p class='ocr_par' dir='ltr' id='par_1_61' title="bbox 2108 3259 3605 3334">
     <span class='ocr_line' id='line_1_61' title="bbox 2108 3259 3605 3334; baseline 0.002 -18"><span class='ocrx_word' id='word_1_466' title='bbox 2108 3261 2221 3316; x_wconf 75' lang='lat' dir='ltr'><strong>XV.</strong></span> <span class='ocrx_word' id='word_1_467' title='bbox 2251 3259 2376 3315; x_wconf 83' lang='lat' dir='ltr'><strong>llaec</strong></span> <span class='ocrx_word' id='word_1_468' title='bbox 2409 3261 2574 3330; x_wconf 70' lang='lat' dir='ltr'><strong>igitur</strong></span> <span class='ocrx_word' id='word_1_469' title='bbox 2615 3278 2680 3317; x_wconf 91' lang='lat' dir='ltr'><strong>eo</strong></span> <span class='ocrx_word' id='word_1_470' title='bbox 2711 3269 2956 3332; x_wconf 83' lang='lat' dir='ltr'><strong>tempore</strong></span> <span class='ocrx_word' id='word_1_471' title='bbox 3001 3274 3122 3317; x_wconf 86' lang='lat' dir='ltr'><strong>acta</strong></span> <span class='ocrx_word' id='word_1_472' title='bbox 3160 3273 3286 3316; x_wconf 84' lang='lat' dir='ltr'><strong>sunt</strong></span> <span class='ocrx_word' id='word_1_473' title='bbox 3339 3279 3508 3334; x_wconf 87' lang='lat' dir='ltr'><strong>usque</strong></span> <span class='ocrx_word' id='word_1_474' title='bbox 3539 3267 3605 3320; x_wconf 84' lang='lat' dir='ltr'><strong>ad</strong></span> 
     </span>
    </p>
   </div>
   <div class='ocr_carea' id='block_1_62' title="bbox 364 3348 1967 3447">
    <p class='ocr_par' dir='ltr' id='par_1_62' title="bbox 364 3348 1925 3447">
     <span class='ocr_line' id='line_1_62' title="bbox 364 3348 1925 3447; baseline 0.005 -27"><span class='ocrx_word' id='word_1_475' title='bbox 364 3370 424 3421; x_wconf 78' lang='grc' dir='ltr'><strong>τὸ</strong></span> <span class='ocrx_word' id='word_1_476' title='bbox 449 3370 552 3438; x_wconf 77' lang='grc' dir='ltr'><strong>έαρ</strong></span> <span class='ocrx_word' id='word_1_477' title='bbox 584 3372 642 3420; x_wconf 82' lang='grc' dir='ltr'>ὲν</span> <span class='ocrx_word' id='word_1_478' title='bbox 673 3369 884 3432; x_wconf 78' lang='grc' dir='ltr'><strong>τούτοις</strong></span> <span class='ocrx_word' id='word_1_479' title='bbox 923 3371 1178 3426; x_wconf 76' lang='grc' dir='ltr'><strong>ἐτελεύτα</strong></span> <span class='ocrx_word' id='word_1_480' title='bbox 1197 3388 1212 3402; x_wconf 87' lang='grc'><strong>·</strong></span> <span class='ocrx_word' id='word_1_481' title='bbox 1243 3373 1338 3426; x_wconf 82' lang='grc' dir='ltr'><strong>τοῦ</strong></span> <span class='ocrx_word' id='word_1_482' title='bbox 1357 3348 1440 3428; x_wconf 67' lang='grc' dir='ltr'><strong>⁷δὲ</strong></span> <span class='ocrx_word' id='word_1_483' title='bbox 1468 3348 1658 3446; x_wconf 72' lang='grc' dir='ltr'>θέρους</span> <span class='ocrx_word' id='word_1_484' title='bbox 1693 3348 1925 3447; x_wconf 79' lang='grc' dir='ltr'>ἀρχομέ-</span> 
     </span>
    </p>
   </div>
   <div class='ocr_carea' id='block_1_63' title="bbox 2003 3348 3606 3447">
    <p class='ocr_par' dir='ltr' id='par_1_63' title="bbox 2037 3348 3606 3412">
     <span class='ocr_line' id='line_1_63' title="bbox 2037 3348 3606 3412; baseline 0.006 -11"><span class='ocrx_word' id='word_1_485' title='bbox 2037 3349 2181 3402; x_wconf 79' lang='lat' dir='ltr'><strong>veris</strong></span> <span class='ocrx_word' id='word_1_486' title='bbox 2209 3348 2394 3402; x_wconf 80' lang='lat' dir='ltr'><strong>ﬁnem.</strong></span> <span class='ocrx_word' id='word_1_487' title='bbox 2433 3350 2594 3404; x_wconf 88' lang='lat' dir='ltr'><strong>Initio</strong></span> <span class='ocrx_word' id='word_1_488' title='bbox 2639 3367 2767 3404; x_wconf 84' lang='lat' dir='ltr'><strong>vero</strong></span> <span class='ocrx_word' id='word_1_489' title='bbox 2808 3352 3013 3406; x_wconf 58' lang='lat' dir='ltr'><strong>astatis</strong></span> <span class='ocrx_word' id='word_1_490' title='bbox 3054 3353 3258 3406; x_wconf 87' lang='lat' dir='ltr'><strong>accidit</strong></span> <span class='ocrx_word' id='word_1_491' title='bbox 3294 3364 3354 3407; x_wconf 89' lang='lat' dir='ltr'><strong>ut</strong></span> <span class='ocrx_word' id='word_1_492' title='bbox 3391 3371 3532 3408; x_wconf 88' lang='lat' dir='ltr'><strong>unus</strong></span> <span class='ocrx_word' id='word_1_493' title='bbox 3574 3375 3606 3412; x_wconf 69' lang='grc' dir='ltr'><strong>ο</strong></span> 
     </span>
    </p>
   </div>
   <div class='ocr_carea' id='block_1_64' title="bbox 366 3440 1969 3532">
    <p class='ocr_par' dir='ltr' id='par_1_64' title="bbox 366 3457 1934 3532">
     <span class='ocr_line' id='line_1_64' title="bbox 366 3457 1934 3532; baseline 0.001 -18"><span class='ocrx_word' id='word_1_494' title='bbox 366 3477 454 3514; x_wconf 83' lang='grc' dir='ltr'><strong>νου</strong></span> <span class='ocrx_word' id='word_1_495' title='bbox 499 3457 910 3512; x_wconf 78' lang='grc' dir='ltr'><strong>συνεπεπτώκει</strong></span> <span class='ocrx_word' id='word_1_496' title='bbox 947 3461 1060 3512; x_wconf 84' lang='grc' dir='ltr'><strong>τῶν</strong></span> <span class='ocrx_word' id='word_1_497' title='bbox 1110 3461 1269 3516; x_wconf 76' lang='grc' dir='ltr'>υἱέων</span> <span class='ocrx_word' id='word_1_498' title='bbox 1293 3461 1392 3514; x_wconf 70' lang='grc' dir='ltr'><strong>ἕνα</strong></span> <span class='ocrx_word' id='word_1_499' title='bbox 1430 3461 1524 3516; x_wconf 83' lang='grc' dir='ltr'><strong>τοῦ</strong></span> <span class='ocrx_word' id='word_1_500' title='bbox 1559 3463 1650 3532; x_wconf 83' lang='grc' dir='ltr'><strong>τῆς</strong></span> <span class='ocrx_word' id='word_1_501' title='bbox 1683 3463 1934 3526; x_wconf 80' lang='grc' dir='ltr'>Βιθυνίας</span> 
     </span>
    </p>
   </div>
   <div class='ocr_carea' id='block_1_65' title="bbox 1992 3440 3595 3532">
    <p class='ocr_par' dir='ltr' id='par_1_65' title="bbox 2037 3440 3595 3516">
     <span class='ocr_line' id='line_1_65' title="bbox 2037 3440 3595 3516; baseline 0.003 -22"><span class='ocrx_word' id='word_1_502' title='bbox 2037 3440 2163 3494; x_wconf 79' lang='lat' dir='ltr'><strong>[iliis</strong></span> <span class='ocrx_word' id='word_1_503' title='bbox 2197 3441 2432 3510; x_wconf 85' lang='lat' dir='ltr'><strong>llyrcani</strong></span> <span class='ocrx_word' id='word_1_504' title='bbox 2462 3451 2694 3513; x_wconf 75' lang='lat' dir='ltr'><strong>satrapze</strong></span> <span class='ocrx_word' id='word_1_505' title='bbox 2729 3443 2995 3516; x_wconf 72' lang='lat' dir='ltr'><strong>Bithynia:</strong></span> <span class='ocrx_word' id='word_1_506' title='bbox 3020 3460 3046 3497; x_wconf 88' lang='lat' dir='ltr'><strong>a</strong></span> <span class='ocrx_word' id='word_1_507' title='bbox 3077 3444 3268 3514; x_wconf 83' lang='lat' dir='ltr'><strong>piratis</strong></span> <span class='ocrx_word' id='word_1_508' title='bbox 3295 3457 3595 3515; x_wconf 73' lang='lat' dir='ltr'><strong>caperetur.</strong></span> 
     </span>
    </p>
   </div>
   <div class='ocr_carea' id='block_1_66' title="bbox 367 3525 1970 3624">
    <p class='ocr_par' dir='ltr' id='par_1_66' title="bbox 367 3525 1933 3624">
     <span class='ocr_line' id='line_1_66' title="bbox 367 3525 1933 3624; baseline 0.003 -23"><span class='ocrx_word' id='word_1_509' title='bbox 367 3551 645 3619; x_wconf 70' lang='grc' dir='ltr'>σατράπου</span> <span class='ocrx_word' id='word_1_510' title='bbox 696 3549 967 3619; x_wconf 82' lang='grc' dir='ltr'>Ὑρκανοῦ</span> <span class='ocrx_word' id='word_1_511' title='bbox 997 3555 1288 3620; x_wconf 78' lang='grc' dir='ltr'><strong>πειραταῖς</strong></span> <span class='ocrx_word' id='word_1_512' title='bbox 1333 3553 1559 3619; x_wconf 79' lang='grc' dir='ltr'>ἁλῶναι,</span> <span class='ocrx_word' id='word_1_513' title='bbox 1589 3525 1807 3624; x_wconf 72' lang='grc' dir='ltr'>συμϐάν</span> <span class='ocrx_word' id='word_1_514' title='bbox 1842 3525 1933 3608; x_wconf 38' lang='lat' dir='ltr'><strong>of)?</strong></span> 
     </span>
    </p>
   </div>
   <div class='ocr_carea' id='block_1_67' title="bbox 2000 3525 3603 3624">
    <p class='ocr_par' dir='ltr' id='par_1_67' title="bbox 2035 3525 3603 3604">
     <span class='ocr_line' id='line_1_67' title="bbox 2035 3525 3603 3604; baseline 0.006 -22"><span class='ocrx_word' id='word_1_515' title='bbox 2035 3532 2191 3594; x_wconf 79' lang='lat' dir='ltr'><strong>Quod</strong></span> <span class='ocrx_word' id='word_1_516' title='bbox 2223 3532 2482 3586; x_wconf 88' lang='lat' dir='ltr'><strong>omnibus</strong></span> <span class='ocrx_word' id='word_1_517' title='bbox 2525 3533 2746 3602; x_wconf 89' lang='lat' dir='ltr'><strong>quidem</strong></span> <span class='ocrx_word' id='word_1_518' title='bbox 2782 3549 2884 3589; x_wconf 90' lang='lat' dir='ltr'><strong>nec</strong></span> <span class='ocrx_word' id='word_1_519' title='bbox 2915 3525 3152 3604; x_wconf 84' lang='lat' dir='ltr'><strong>Opinatis</strong></span> <span class='ocrx_word' id='word_1_520' title='bbox 3195 3537 3436 3604; x_wconf 80' lang='lat' dir='ltr'><strong>accidit;</strong></span> <span class='ocrx_word' id='word_1_521' title='bbox 3470 3540 3603 3592; x_wconf 90' lang='lat' dir='ltr'><strong>mihi</strong></span> 
     </span>
    </p>
   </div>
   <div class='ocr_carea' id='block_1_68' title="bbox 367 3624 1970 3714">
    <p class='ocr_par' dir='ltr' id='par_1_68' title="bbox 367 3642 1932 3714">
     <span class='ocr_line' id='line_1_68' title="bbox 367 3642 1932 3714; baseline 0.001 -18"><span class='ocrx_word' id='word_1_522' title='bbox 367 3645 520 3704; x_wconf 70' lang='grc' dir='ltr'>τωδὶ,</span> <span class='ocrx_word' id='word_1_523' title='bbox 559 3642 886 3710; x_wconf 82' lang='grc' dir='ltr'>προσδοκίας</span> <span class='ocrx_word' id='word_1_524' title='bbox 923 3643 1141 3714; x_wconf 80' lang='grc' dir='ltr'>ἁπάσης</span> <span class='ocrx_word' id='word_1_525' title='bbox 1171 3645 1449 3710; x_wconf 68' lang='grc' dir='ltr'>ἐπέκεινα,</span> <span class='ocrx_word' id='word_1_526' title='bbox 1475 3643 1651 3714; x_wconf 82' lang='grc' dir='ltr'>οῐμαι,</span> <span class='ocrx_word' id='word_1_527' title='bbox 1681 3643 1776 3698; x_wconf 85' lang='grc' dir='ltr'><strong>τοῦ</strong></span> <span class='ocrx_word' id='word_1_528' title='bbox 1797 3643 1932 3698; x_wconf 83' lang='grc' dir='ltr'>Θεοῦ</span> 
     </span>
    </p>
   </div>
   <div class='ocr_carea' id='block_1_69' title="bbox 2000 3624 3603 3714">
    <p class='ocr_par' dir='ltr' id='par_1_69' title="bbox 2035 3624 3603 3702">
     <span class='ocr_line' id='line_1_69' title="bbox 2035 3624 3603 3702; baseline 0.008 -28"><span class='ocrx_word' id='word_1_529' title='bbox 2035 3636 2165 3676; x_wconf 77' lang='lat' dir='ltr'><strong>vero</strong></span> <span class='ocrx_word' id='word_1_530' title='bbox 2193 3624 2492 3678; x_wconf 90' lang='lat' dir='ltr'><strong>secundum</strong></span> <span class='ocrx_word' id='word_1_531' title='bbox 2514 3625 2608 3680; x_wconf 85' lang='lat' dir='ltr'><strong>Dei</strong></span> <span class='ocrx_word' id='word_1_532' title='bbox 2637 3625 3075 3695; x_wconf 68' lang='lat' dir='ltr'><strong>roluntaterii,;ut</strong></span> <span class='ocrx_word' id='word_1_533' title='bbox 3106 3629 3300 3684; x_wconf 79' lang='lat' dir='ltr'><strong>exinde</strong></span> <span class='ocrx_word' id='word_1_534' title='bbox 3327 3632 3603 3702; x_wconf 86' lang='lat' dir='ltr'><strong>paulisper</strong></span> 
     </span>
    </p>
   </div>
   <div class='ocr_carea' id='block_1_70' title="bbox 365 3715 1968 3804">
    <p class='ocr_par' dir='ltr' id='par_1_70' title="bbox 365 3733 1933 3804">
     <span class='ocr_line' id='line_1_70' title="bbox 365 3733 1933 3804; baseline 0 -18"><span class='ocrx_word' id='word_1_535' title='bbox 365 3733 884 3804; x_wconf 78' lang='grc' dir='ltr'>συγκεχωρηκότος,</span> <span class='ocrx_word' id='word_1_536' title='bbox 939 3733 1028 3790; x_wconf 77' lang='grc' dir='ltr'><strong>ἴνα</strong></span> <span class='ocrx_word' id='word_1_537' title='bbox 1079 3735 1276 3804; x_wconf 85' lang='grc' dir='ltr'>μικρόν</span> <span class='ocrx_word' id='word_1_538' title='bbox 1334 3751 1388 3788; x_wconf 88' lang='grc' dir='ltr'><strong>τι</strong></span> <span class='ocrx_word' id='word_1_539' title='bbox 1449 3733 1933 3791; x_wconf 81' lang='grc' dir='ltr'>ἁναπεπνευκέναι</span> 
     </span>
    </p>
   </div>
   <div class='ocr_carea' id='block_1_71' title="bbox 2000 3715 3603 3804">
    <p class='ocr_par' dir='ltr' id='par_1_71' title="bbox 2035 3715 3603 3792">
     <span class='ocr_line' id='line_1_71' title="bbox 2035 3715 3603 3792; baseline 0.007 -24"><span class='ocrx_word' id='word_1_540' title='bbox 2035 3715 2226 3772; x_wconf 87' lang='lat' dir='ltr'><strong>saltem</strong></span> <span class='ocrx_word' id='word_1_541' title='bbox 2261 3718 2535 3787; x_wconf 78' lang='lat' dir='ltr'><strong>reSpirare</strong></span> <span class='ocrx_word' id='word_1_542' title='bbox 2567 3727 2791 3788; x_wconf 84' lang='lat' dir='ltr'><strong>possent</strong></span> <span class='ocrx_word' id='word_1_543' title='bbox 2839 3717 3106 3782; x_wconf 81' lang='lat' dir='ltr'><strong>Romani,</strong></span> <span class='ocrx_word' id='word_1_544' title='bbox 3155 3737 3330 3788; x_wconf 86' lang='lat' dir='ltr'><strong>neque</strong></span> <span class='ocrx_word' id='word_1_545' title='bbox 3381 3737 3603 3792; x_wconf 85' lang='lat' dir='ltr'><strong>propter</strong></span> 
     </span>
    </p>
   </div>
   <div class='ocr_carea' id='block_1_72' title="bbox 375 3805 1978 3896">
    <p class='ocr_par' dir='ltr' id='par_1_72' title="bbox 375 3823 1934 3896">
     <span class='ocr_line' id='line_1_72' title="bbox 375 3823 1934 3896; baseline 0 -19"><span class='ocrx_word' id='word_1_546' title='bbox 375 3825 665 3894; x_wconf 58' lang='lat' dir='ltr'><strong>&#39;Proguiot;</strong></span> <span class='ocrx_word' id='word_1_547' title='bbox 715 3827 1026 3894; x_wconf 70' lang='grc' dir='ltr'>ἐγγένηται,</span> <span class='ocrx_word' id='word_1_548' title='bbox 1083 3825 1178 3878; x_wconf 70' lang='grc' dir='ltr'><strong>καὶ</strong></span> <span class='ocrx_word' id='word_1_549' title='bbox 1243 3825 1318 3893; x_wconf 81' lang='grc' dir='ltr'>μὴ</span> <span class='ocrx_word' id='word_1_550' title='bbox 1381 3827 1448 3896; x_wconf 75' lang='grc' dir='ltr'><strong>τῇ</strong></span> <span class='ocrx_word' id='word_1_551' title='bbox 1494 3825 1606 3878; x_wconf 76' lang='grc' dir='ltr'><strong>τῶν</strong></span> <span class='ocrx_word' id='word_1_552' title='bbox 1655 3823 1934 3882; x_wconf 80' lang='grc' dir='ltr'>πολυετῶν</span> 
     </span>
    </p>
   </div>
   <div class='ocr_carea' id='block_1_73' title="bbox 1993 3805 3596 3896">
    <p class='ocr_par' dir='ltr' id='par_1_73' title="bbox 2035 3805 3596 3866">
     <span class='ocr_line' id='line_1_73' title="bbox 2035 3805 3596 3866; baseline 0.005 -8"><span class='ocrx_word' id='word_1_553' title='bbox 2035 3805 2324 3860; x_wconf 85' lang='lat' dir='ltr'><strong>diuturnas</strong></span> <span class='ocrx_word' id='word_1_554' title='bbox 2356 3811 2652 3861; x_wconf 91' lang='lat' dir='ltr'><strong>multorum</strong></span> <span class='ocrx_word' id='word_1_555' title='bbox 2689 3824 2958 3863; x_wconf 87' lang='lat' dir='ltr'><strong>annorum</strong></span> <span class='ocrx_word' id='word_1_556' title='bbox 3009 3813 3325 3866; x_wconf 84' lang='lat' dir='ltr'><strong>vexationes</strong></span> <span class='ocrx_word' id='word_1_557' title='bbox 3354 3815 3596 3866; x_wconf 85' lang='lat' dir='ltr'><strong>animum</strong></span> 
     </span>
    </p>
   </div>
   <div class='ocr_carea' id='block_1_74' title="bbox 363 3897 1966 3986">
    <p class='ocr_par' dir='ltr' id='par_1_74' title="bbox 363 3915 1930 3986">
     <span class='ocr_line' id='line_1_74' title="bbox 363 3915 1930 3986; baseline -0.002 -14"><span class='ocrx_word' id='word_1_558' title='bbox 363 3917 550 3972; x_wconf 76' lang='grc' dir='ltr'>κακῶν</span> <span class='ocrx_word' id='word_1_559' title='bbox 603 3916 972 3986; x_wconf 77' lang='grc' dir='ltr'><strong>ἀπειρηκέναι</strong></span> <span class='ocrx_word' id='word_1_560' title='bbox 1017 3915 1290 3986; x_wconf 80' lang='grc' dir='ltr'>συνεχείᾳ.</span> <span class='ocrx_word' id='word_1_561' title='bbox 1325 3917 1518 3984; x_wconf 80' lang='grc' dir='ltr'><strong>Γέγονε</strong></span> <span class='ocrx_word' id='word_1_562' title='bbox 1571 3915 1628 3968; x_wconf 79' lang='grc' dir='ltr'>δὲ</span> <span class='ocrx_word' id='word_1_563' title='bbox 1681 3916 1930 3970; x_wconf 83' lang='grc' dir='ltr'>οὑτωσίν.</span> 
     </span>
    </p>
   </div>
   <div class='ocr_carea' id='block_1_75' title="bbox 1990 3897 3593 3986">
    <p class='ocr_par' dir='ltr' id='par_1_75' title="bbox 2034 3897 3593 3975">
     <span class='ocr_line' id='line_1_75' title="bbox 2034 3897 3593 3975; baseline 0.006 -25"><span class='ocrx_word' id='word_1_564' title='bbox 2034 3897 2460 3966; x_wconf 87' lang='lat' dir='ltr'><strong>desponderent.</strong></span> <span class='ocrx_word' id='word_1_565' title='bbox 2479 3897 2694 3953; x_wconf 84' lang='lat' dir='ltr'><strong>Accidit</strong></span> <span class='ocrx_word' id='word_1_566' title='bbox 2732 3909 2913 3954; x_wconf 84' lang='lat' dir='ltr'><strong>autem</strong></span> <span class='ocrx_word' id='word_1_567' title='bbox 2951 3901 3080 3955; x_wconf 90' lang='lat' dir='ltr'><strong>illud</strong></span> <span class='ocrx_word' id='word_1_568' title='bbox 3128 3903 3593 3975; x_wconf 76' lang='lat' dir='ltr'><strong>ita.Exslatjuxia</strong></span> 
     </span>
    </p>
   </div>
   <div class='ocr_carea' id='block_1_76' title="bbox 367 3989 1970 4075">
    <p class='ocr_par' dir='ltr' id='par_1_76' title="bbox 367 4005 1932 4075">
     <span class='ocr_line' id='line_1_76' title="bbox 367 4005 1932 4075; baseline -0.003 -13"><span class='ocrx_word' id='word_1_569' title='bbox 367 4009 522 4062; x_wconf 85' lang='grc' dir='ltr'>Ἐστι</span> <span class='ocrx_word' id='word_1_570' title='bbox 552 4007 690 4074; x_wconf 80' lang='grc' dir='ltr'><strong>μετὰ</strong></span> <span class='ocrx_word' id='word_1_571' title='bbox 721 4007 812 4058; x_wconf 80' lang='grc' dir='ltr'><strong>τὸν</strong></span> <span class='ocrx_word' id='word_1_572' title='bbox 841 4005 1092 4070; x_wconf 80' lang='grc' dir='ltr'><strong>Εὐξείνου</strong></span> <span class='ocrx_word' id='word_1_573' title='bbox 1125 4006 1326 4061; x_wconf 84' lang='grc' dir='ltr'>πόντου</span> <span class='ocrx_word' id='word_1_574' title='bbox 1347 4006 1549 4075; x_wconf 83' lang='grc' dir='ltr'>αὐχένα</span> <span class='ocrx_word' id='word_1_575' title='bbox 1580 4005 1821 4062; x_wconf 83' lang='grc' dir='ltr'>θάλασσά</span> <span class='ocrx_word' id='word_1_576' title='bbox 1847 4022 1932 4067; x_wconf 86' lang='grc' dir='ltr'><strong>τις</strong></span> 
     </span>
    </p>
   </div>
   <div class='ocr_carea' id='block_1_77' title="bbox 1992 3989 3595 4075">
    <p class='ocr_par' dir='ltr' id='par_1_77' title="bbox 2031 3989 3595 4064">
     <span class='ocr_line' id='line_1_77' title="bbox 2031 3989 3595 4064; baseline 0.002 -18"><span class='ocrx_word' id='word_1_577' title='bbox 2031 3991 2266 4054; x_wconf 81' lang='lat' dir='ltr'><strong>Pontum</strong></span> <span class='ocrx_word' id='word_1_578' title='bbox 2287 3989 2558 4044; x_wconf 83' lang='lat' dir='ltr'><strong>Euxinum</strong></span> <span class='ocrx_word' id='word_1_579' title='bbox 2590 3989 2742 4046; x_wconf 88' lang='lat' dir='ltr'><strong>lacus</strong></span> <span class='ocrx_word' id='word_1_580' title='bbox 2766 3992 2988 4061; x_wconf 86' lang='lat' dir='ltr'><strong>quidam</strong></span> <span class='ocrx_word' id='word_1_581' title='bbox 3021 4005 3304 4064; x_wconf 84' lang='lat' dir='ltr'><strong>angustus,</strong></span> <span class='ocrx_word' id='word_1_582' title='bbox 3337 4012 3447 4052; x_wconf 84' lang='lat' dir='ltr'><strong>non</strong></span> <span class='ocrx_word' id='word_1_583' title='bbox 3483 4015 3595 4050; x_wconf 81' lang='lat' dir='ltr'><strong>ntu-</strong></span> 
     </span>
    </p>
   </div>
   <div class='ocr_carea' id='block_1_78' title="bbox 369 4085 1972 4165">
    <p class='ocr_par' dir='ltr' id='par_1_78' title="bbox 369 4093 1929 4165">
     <span class='ocr_line' id='line_1_78' title="bbox 369 4093 1929 4165; baseline -0.001 -19"><span class='ocrx_word' id='word_1_584' title='bbox 369 4096 614 4165; x_wconf 82' lang='grc' dir='ltr'>βραχεῖα,</span> <span class='ocrx_word' id='word_1_585' title='bbox 656 4094 877 4162; x_wconf 81' lang='grc' dir='ltr'>μέτριον</span> <span class='ocrx_word' id='word_1_586' title='bbox 911 4094 1109 4162; x_wconf 77' lang='grc' dir='ltr'>ἔχουσα</span> <span class='ocrx_word' id='word_1_587' title='bbox 1149 4093 1210 4146; x_wconf 90' lang='grc' dir='ltr'>τό</span> <span class='ocrx_word' id='word_1_588' title='bbox 1253 4110 1312 4146; x_wconf 87' lang='grc' dir='ltr'><strong>τε</strong></span> <span class='ocrx_word' id='word_1_589' title='bbox 1356 4095 1530 4163; x_wconf 81' lang='grc' dir='ltr'><strong>μῆκος</strong></span> <span class='ocrx_word' id='word_1_590' title='bbox 1569 4093 1662 4146; x_wconf 73' lang='grc' dir='ltr'><strong>καὶ</strong></span> <span class='ocrx_word' id='word_1_591' title='bbox 1710 4093 1929 4156; x_wconf 85' lang='grc' dir='ltr'><strong>πλάτος,</strong></span> 
     </span>
    </p>
   </div>
   <div class='ocr_carea' id='block_1_79' title="bbox 1988 4085 3591 4165">
    <p class='ocr_par' dir='ltr' id='par_1_79' title="bbox 2033 4085 3591 4158">
     <span class='ocr_line' id='line_1_79' title="bbox 2033 4085 3591 4158; baseline 0.002 -16"><span class='ocrx_word' id='word_1_592' title='bbox 2033 4102 2137 4156; x_wconf 78' lang='lat' dir='ltr'><strong>gna</strong></span> <span class='ocrx_word' id='word_1_593' title='bbox 2171 4085 2514 4156; x_wconf 80' lang='lat' dir='ltr'><strong>longitudine</strong></span> <span class='ocrx_word' id='word_1_594' title='bbox 2551 4101 2652 4140; x_wconf 90' lang='lat' dir='ltr'><strong>nec</strong></span> <span class='ocrx_word' id='word_1_595' title='bbox 2698 4087 3012 4153; x_wconf 84' lang='lat' dir='ltr'><strong>latitudine,</strong></span> <span class='ocrx_word' id='word_1_596' title='bbox 3055 4104 3195 4158; x_wconf 87' lang='lat' dir='ltr'><strong>pene</strong></span> <span class='ocrx_word' id='word_1_597' title='bbox 3237 4103 3296 4148; x_wconf 92' lang='lat' dir='ltr'><strong>ut</strong></span> <span class='ocrx_word' id='word_1_598' title='bbox 3339 4109 3591 4148; x_wconf 75' lang='lat' dir='ltr'><strong>mensura</strong></span> 
     </span>
    </p>
   </div>
   <div class='ocr_carea' id='block_1_80' title="bbox 367 4174 1970 4254">
    <p class='ocr_par' dir='ltr' id='par_1_80' title="bbox 367 4174 1931 4249">
     <span class='ocr_line' id='line_1_80' title="bbox 367 4174 1931 4249; baseline -0.001 -15"><span class='ocrx_word' id='word_1_599' title='bbox 367 4181 482 4244; x_wconf 68' lang='grc' dir='ltr'>καὶ,</span> <span class='ocrx_word' id='word_1_600' title='bbox 499 4174 612 4234; x_wconf 80' lang='grc' dir='ltr'>οἷον</span> <span class='ocrx_word' id='word_1_601' title='bbox 633 4181 802 4231; x_wconf 76' lang='grc' dir='ltr'><strong>εἰπεῖν</strong></span> <span class='ocrx_word' id='word_1_602' title='bbox 825 4179 1069 4248; x_wconf 76' lang='grc' dir='ltr'>ἐκατέρῳ</span> <span class='ocrx_word' id='word_1_603' title='bbox 1085 4179 1346 4248; x_wconf 78' lang='grc' dir='ltr'>ἑκάτερον</span> <span class='ocrx_word' id='word_1_604' title='bbox 1373 4179 1746 4249; x_wconf 74' lang='grc' dir='ltr'>ἰσομέτρητον,</span> <span class='ocrx_word' id='word_1_605' title='bbox 1767 4180 1931 4249; x_wconf 88' lang='grc' dir='ltr'>μήκει</span> 
     </span>
    </p>
   </div>
   <div class='ocr_carea' id='block_1_81' title="bbox 1990 4174 3593 4254">
    <p class='ocr_par' dir='ltr' id='par_1_81' title="bbox 2031 4176 3593 4254">
     <span class='ocr_line' id='line_1_81' title="bbox 2031 4176 3593 4254; baseline 0.005 -24"><span class='ocrx_word' id='word_1_606' title='bbox 2031 4194 2130 4248; x_wconf 85' lang='lat' dir='ltr'><strong>par</strong></span> <span class='ocrx_word' id='word_1_607' title='bbox 2159 4179 2230 4231; x_wconf 88' lang='lat' dir='ltr'><strong>sit</strong></span> <span class='ocrx_word' id='word_1_608' title='bbox 2257 4176 2622 4248; x_wconf 76' lang='lat' dir='ltr'><strong>longitudinis</strong></span> <span class='ocrx_word' id='word_1_609' title='bbox 2655 4177 2958 4244; x_wconf 86' lang='lat' dir='ltr'><strong>latitudini,</strong></span> <span class='ocrx_word' id='word_1_610' title='bbox 2987 4191 3041 4234; x_wconf 89' lang='lat' dir='ltr'><strong>et</strong></span> <span class='ocrx_word' id='word_1_611' title='bbox 3078 4180 3388 4240; x_wconf 86' lang='lat' dir='ltr'><strong>latitudinis</strong></span> <span class='ocrx_word' id='word_1_612' title='bbox 3425 4186 3593 4254; x_wconf 72' lang='lat' dir='ltr'><strong>longi-</strong></span> 
     </span>
    </p>
   </div>
   <div class='ocr_carea' id='block_1_82' title="bbox 367 4261 1970 4342">
    <p class='ocr_par' dir='ltr' id='par_1_82' title="bbox 367 4269 1931 4342">
     <span class='ocr_line' id='line_1_82' title="bbox 367 4269 1931 4342; baseline 0 -18"><span class='ocrx_word' id='word_1_613' title='bbox 367 4273 568 4334; x_wconf 79' lang='grc' dir='ltr'>πλάτος</span> <span class='ocrx_word' id='word_1_614' title='bbox 593 4271 690 4324; x_wconf 75' lang='grc' dir='ltr'><strong>καὶ</strong></span> <span class='ocrx_word' id='word_1_615' title='bbox 717 4269 908 4324; x_wconf 78' lang='grc' dir='ltr'><strong>πλάτει</strong></span> <span class='ocrx_word' id='word_1_616' title='bbox 945 4270 1144 4338; x_wconf 82' lang='grc' dir='ltr'>μῆκος.</span> <span class='ocrx_word' id='word_1_617' title='bbox 1163 4269 1380 4342; x_wconf 85' lang='grc' dir='ltr'><strong>Ταύτης</strong></span> <span class='ocrx_word' id='word_1_618' title='bbox 1410 4269 1558 4339; x_wconf 84' lang='grc' dir='ltr'>παρὰ</span> <span class='ocrx_word' id='word_1_619' title='bbox 1587 4272 1654 4324; x_wconf 79' lang='grc' dir='ltr'>τά</span> <span class='ocrx_word' id='word_1_620' title='bbox 1676 4269 1931 4339; x_wconf 83' lang='grc' dir='ltr'>εὐώνυμα</span> 
     </span>
    </p>
   </div>
   <div class='ocr_carea' id='block_1_83' title="bbox 1988 4261 3591 4342">
    <p class='ocr_par' dir='ltr' id='par_1_83' title="bbox 2035 4261 3591 4338">
     <span class='ocr_line' id='line_1_83' title="bbox 2035 4261 3591 4338; baseline 0.004 -21"><span class='ocrx_word' id='word_1_621' title='bbox 2035 4262 2231 4320; x_wconf 88' lang='lat' dir='ltr'><strong>tudini.</strong></span> <span class='ocrx_word' id='word_1_622' title='bbox 2265 4261 2434 4331; x_wconf 87' lang='lat' dir='ltr'><strong>Cujus</strong></span> <span class='ocrx_word' id='word_1_623' title='bbox 2467 4265 2534 4317; x_wconf 90' lang='lat' dir='ltr'><strong>ab</strong></span> <span class='ocrx_word' id='word_1_624' title='bbox 2565 4265 2790 4320; x_wconf 87' lang='lat' dir='ltr'><strong>sinistro</strong></span> <span class='ocrx_word' id='word_1_625' title='bbox 2820 4265 2991 4321; x_wconf 87' lang='lat' dir='ltr'><strong>latere</strong></span> <span class='ocrx_word' id='word_1_626' title='bbox 3020 4284 3129 4338; x_wconf 86' lang='lat' dir='ltr'><strong>quo</strong></span> <span class='ocrx_word' id='word_1_627' title='bbox 3156 4271 3222 4322; x_wconf 87' lang='lat' dir='ltr'><strong>ad</strong></span> <span class='ocrx_word' id='word_1_628' title='bbox 3254 4271 3591 4328; x_wconf 85' lang='lat' dir='ltr'><strong>occidentem</strong></span> 
     </span>
    </p>
   </div>
   <div class='ocr_carea' id='block_1_84' title="bbox 367 4357 1970 4434">
    <p class='ocr_par' dir='ltr' id='par_1_84' title="bbox 367 4358 1929 4434">
     <span class='ocr_line' id='line_1_84' title="bbox 367 4358 1929 4434; baseline -0.002 -18"><span class='ocrx_word' id='word_1_629' title='bbox 367 4365 460 4416; x_wconf 72' lang='grc' dir='ltr'><strong>καὶ</strong></span> <span class='ocrx_word' id='word_1_630' title='bbox 491 4363 627 4434; x_wconf 83' lang='grc' dir='ltr'><strong>πρὸς</strong></span> <span class='ocrx_word' id='word_1_631' title='bbox 655 4362 730 4414; x_wconf 76' lang='grc' dir='ltr'>ἕω</span> <span class='ocrx_word' id='word_1_632' title='bbox 763 4360 824 4432; x_wconf 72' lang='grc' dir='ltr'><strong>[ι.</strong></span> <span class='ocrx_word' id='word_1_633' title='bbox 849 4359 955 4414; x_wconf 71' lang='lat'><strong>279.</strong></span> <span class='ocrx_word' id='word_1_634' title='bbox 989 4358 1048 4432; x_wconf 89' lang='lat' dir='ltr'><strong>a]</strong></span> <span class='ocrx_word' id='word_1_635' title='bbox 1077 4361 1290 4430; x_wconf 79' lang='grc' dir='ltr'><strong>πλευρὰ</strong></span> <span class='ocrx_word' id='word_1_636' title='bbox 1321 4363 1507 4415; x_wconf 78' lang='grc' dir='ltr'><strong>κατιὸν</strong></span> <span class='ocrx_word' id='word_1_637' title='bbox 1549 4364 1614 4416; x_wconf 84' lang='grc' dir='ltr'><strong>έκ</strong></span> <span class='ocrx_word' id='word_1_638' title='bbox 1653 4362 1757 4432; x_wconf 81' lang='grc' dir='ltr'>γῆς</span> <span class='ocrx_word' id='word_1_639' title='bbox 1807 4363 1929 4414; x_wconf 79' lang='grc' dir='ltr'><strong>ἐπί-</strong></span> 
     </span>
    </p>
   </div>
   <div class='ocr_carea' id='block_1_85' title="bbox 1996 4357 3599 4434">
    <p class='ocr_par' dir='ltr' id='par_1_85' title="bbox 2031 4357 3599 4434">
     <span class='ocr_line' id='line_1_85' title="bbox 2031 4357 3599 4434; baseline 0.008 -25"><span class='ocrx_word' id='word_1_640' title='bbox 2031 4365 2242 4424; x_wconf 86' lang='lat' dir='ltr'><strong>spcctat</strong></span> <span class='ocrx_word' id='word_1_641' title='bbox 2267 4357 2704 4424; x_wconf 87' lang='lat' dir='ltr'><strong>promontorium</strong></span> <span class='ocrx_word' id='word_1_642' title='bbox 2737 4358 3072 4430; x_wconf 69' lang='lat' dir='ltr'><strong>pradongum</strong></span> <span class='ocrx_word' id='word_1_643' title='bbox 3101 4377 3166 4416; x_wconf 77' lang='lat' dir='ltr'><strong>ex</strong></span> <span class='ocrx_word' id='word_1_644' title='bbox 3203 4373 3344 4416; x_wconf 83' lang='lat' dir='ltr'><strong>terra</strong></span> <span class='ocrx_word' id='word_1_645' title='bbox 3373 4381 3599 4434; x_wconf 81' lang='lat' dir='ltr'><strong>procur-</strong></span> 
     </span>
    </p>
   </div>
   <div class='ocr_carea' id='block_1_86' title="bbox 363 4442 1966 4544">
    <p class='ocr_par' dir='ltr' id='par_1_86' title="bbox 363 4451 1966 4544">
     <span class='ocr_line' id='line_1_86' title="bbox 363 4451 1966 4544; baseline 0.001 -40"><span class='ocrx_word' id='word_1_646' title='bbox 363 4467 540 4520; x_wconf 86' lang='grc' dir='ltr'>μηκες</span> <span class='ocrx_word' id='word_1_647' title='bbox 565 4453 906 4521; x_wconf 81' lang='grc' dir='ltr'>ἀκρωτήριον</span> <span class='ocrx_word' id='word_1_648' title='bbox 939 4452 1095 4544; x_wconf 77' lang='grc' dir='ltr'>δίεισι</span> <span class='ocrx_word' id='word_1_649' title='bbox 1128 4451 1290 4521; x_wconf 86' lang='grc' dir='ltr'>μέχρι</span> <span class='ocrx_word' id='word_1_650' title='bbox 1319 4453 1489 4522; x_wconf 84' lang='grc' dir='ltr'>μέσης</span> <span class='ocrx_word' id='word_1_651' title='bbox 1519 4454 1702 4524; x_wconf 83' lang='grc' dir='ltr'>σχεδὸν</span> <span class='ocrx_word' id='word_1_652' title='bbox 1734 4454 1924 4524; x_wconf 74' lang='grc' dir='ltr'>αὐτῆς,</span> <span class='ocrx_word' id='word_1_653' title='bbox 1960 4488 1966 4543; x_wconf 71' lang='grc' dir='ltr'><strong>Ι</strong></span> 
     </span>
    </p>
   </div>
   <div class='ocr_carea' id='block_1_87' title="bbox 1994 4442 3597 4544">
    <p class='ocr_par' dir='ltr' id='par_1_87' title="bbox 1994 4442 3597 4536">
     <span class='ocr_line' id='line_1_87' title="bbox 1994 4442 3597 4536; baseline 0.005 -40"><span class='ocrx_word' id='word_1_654' title='bbox 1994 4443 2104 4536; x_wconf 66' lang='grc' dir='ltr'><strong>⁵ι’ὶι</strong></span> <span class='ocrx_word' id='word_1_655' title='bbox 2134 4442 2187 4495; x_wconf 91' lang='lat' dir='ltr'><strong>in</strong></span> <span class='ocrx_word' id='word_1_656' title='bbox 2240 4443 2416 4497; x_wconf 88' lang='lat' dir='ltr'><strong>lacum</strong></span> <span class='ocrx_word' id='word_1_657' title='bbox 2468 4443 2582 4500; x_wconf 81' lang='lat' dir='ltr'><strong>fere</strong></span> <span class='ocrx_word' id='word_1_658' title='bbox 2636 4461 2807 4516; x_wconf 87' lang='lat' dir='ltr'><strong>usque</strong></span> <span class='ocrx_word' id='word_1_659' title='bbox 2849 4449 3123 4516; x_wconf 88' lang='lat' dir='ltr'><strong>medium;</strong></span> <span class='ocrx_word' id='word_1_660' title='bbox 3161 4452 3232 4504; x_wconf 84' lang='lat' dir='ltr'><strong>ita</strong></span> <span class='ocrx_word' id='word_1_661' title='bbox 3280 4462 3337 4504; x_wconf 89' lang='lat' dir='ltr'><strong>ut</strong></span> <span class='ocrx_word' id='word_1_662' title='bbox 3379 4453 3432 4504; x_wconf 89' lang='lat' dir='ltr'><strong>in</strong></span> <span class='ocrx_word' id='word_1_663' title='bbox 3486 4455 3597 4507; x_wconf 75' lang='lat' dir='ltr'><strong>duo</strong></span> 
     </span>
    </p>
   </div>
   <div class='ocr_carea' id='block_1_88' title="bbox 361 4533 1964 4614">
    <p class='ocr_par' dir='ltr' id='par_1_88' title="bbox 361 4533 1964 4614">
     <span class='ocr_line' id='line_1_88' title="bbox 361 4533 1964 4614; baseline 0.004 -21"><span class='ocrx_word' id='word_1_664' title='bbox 361 4540 554 4611; x_wconf 80' lang='grc' dir='ltr'>ὥσπερ</span> <span class='ocrx_word' id='word_1_665' title='bbox 575 4542 652 4604; x_wconf 79' lang='grc' dir='ltr'><strong>εἷς</strong></span> <span class='ocrx_word' id='word_1_666' title='bbox 677 4557 802 4594; x_wconf 84' lang='grc' dir='ltr'>τινα</span> <span class='ocrx_word' id='word_1_667' title='bbox 835 4541 1000 4610; x_wconf 76' lang='grc' dir='ltr'>σκέλη</span> <span class='ocrx_word' id='word_1_668' title='bbox 1031 4539 1124 4594; x_wconf 87' lang='grc' dir='ltr'><strong>δύο</strong></span> <span class='ocrx_word' id='word_1_669' title='bbox 1163 4542 1382 4612; x_wconf 76' lang='grc' dir='ltr'>μερίζον</span> <span class='ocrx_word' id='word_1_670' title='bbox 1413 4545 1479 4614; x_wconf 76' lang='grc' dir='ltr'>ἢν</span> <span class='ocrx_word' id='word_1_671' title='bbox 1506 4548 1694 4614; x_wconf 80' lang='grc' dir='ltr'>τέμνει</span> <span class='ocrx_word' id='word_1_672' title='bbox 1725 4545 1928 4602; x_wconf 85' lang='grc' dir='ltr'>θάλασ-</span> <span class='ocrx_word' id='word_1_673' title='bbox 1960 4533 1964 4543; x_wconf 59' lang='grc'><em>’</em></span> 
     </span>
    </p>
   </div>
   <div class='ocr_carea' id='block_1_89' title="bbox 1988 4533 3591 4614">
    <p class='ocr_par' dir='ltr' id='par_1_89' title="bbox 1988 4533 3591 4609">
     <span class='ocr_line' id='line_1_89' title="bbox 1988 4533 3591 4609; baseline 0.006 -24"><span class='ocrx_word' id='word_1_674' title='bbox 1988 4533 1997 4540; x_wconf 74' lang='grc'><strong><em>⁷</em></strong></span> <span class='ocrx_word' id='word_1_675' title='bbox 2033 4533 2254 4588; x_wconf 86' lang='lat' dir='ltr'><strong>brachia</strong></span> <span class='ocrx_word' id='word_1_676' title='bbox 2285 4533 2462 4588; x_wconf 84' lang='lat' dir='ltr'><strong>lacum</strong></span> <span class='ocrx_word' id='word_1_677' title='bbox 2496 4537 2700 4592; x_wconf 82' lang='lat' dir='ltr'><strong>dividat</strong></span> <span class='ocrx_word' id='word_1_678' title='bbox 2729 4547 2786 4590; x_wconf 91' lang='lat' dir='ltr'><strong>et</strong></span> <span class='ocrx_word' id='word_1_679' title='bbox 2813 4537 3136 4592; x_wconf 88' lang='lat' dir='ltr'><strong>dissecetab</strong></span> <span class='ocrx_word' id='word_1_680' title='bbox 3161 4551 3390 4608; x_wconf 84' lang='lat' dir='ltr'><strong>utraque</strong></span> <span class='ocrx_word' id='word_1_681' title='bbox 3417 4551 3591 4609; x_wconf 85' lang='lat' dir='ltr'><strong>parte,</strong></span> 
     </span>
    </p>
   </div>
   <div class='ocr_carea' id='block_1_90' title="bbox 364 4629 1967 4704">
    <p class='ocr_par' dir='ltr' id='par_1_90' title="bbox 364 4629 1930 4704">
     <span class='ocr_line' id='line_1_90' title="bbox 364 4629 1930 4704; baseline 0.003 -21"><span class='ocrx_word' id='word_1_682' title='bbox 364 4646 464 4683; x_wconf 80' lang='grc' dir='ltr'><strong>σαν</strong></span> <span class='ocrx_word' id='word_1_683' title='bbox 515 4631 612 4682; x_wconf 75' lang='grc' dir='ltr'><strong>καὶ</strong></span> <span class='ocrx_word' id='word_1_684' title='bbox 666 4629 910 4700; x_wconf 82' lang='grc' dir='ltr'>διαιροῦν</span> <span class='ocrx_word' id='word_1_685' title='bbox 957 4629 1042 4698; x_wconf 74' lang='grc' dir='ltr'><strong>ἐφ’</strong></span> <span class='ocrx_word' id='word_1_686' title='bbox 1082 4631 1342 4700; x_wconf 78' lang='grc' dir='ltr'><strong>ἑκάτερα,</strong></span> <span class='ocrx_word' id='word_1_687' title='bbox 1377 4632 1470 4686; x_wconf 79' lang='grc' dir='ltr'><strong>καὶ</strong></span> <span class='ocrx_word' id='word_1_688' title='bbox 1510 4634 1797 4702; x_wconf 83' lang='grc' dir='ltr'>γινόμενον</span> <span class='ocrx_word' id='word_1_689' title='bbox 1830 4635 1930 4704; x_wconf 83' lang='grc' dir='ltr'>μὲν</span> 
     </span>
    </p>
   </div>
   <div class='ocr_carea' id='block_1_91' title="bbox 1990 4629 3593 4704">
    <p class='ocr_par' dir='ltr' id='par_1_91' title="bbox 2030 4630 3593 4703">
     <span class='ocr_line' id='line_1_91' title="bbox 2030 4630 3593 4703; baseline 0.004 -21"><span class='ocrx_word' id='word_1_690' title='bbox 2030 4640 2086 4684; x_wconf 87' lang='lat' dir='ltr'><strong>et</strong></span> <span class='ocrx_word' id='word_1_691' title='bbox 2123 4639 2379 4698; x_wconf 84' lang='lat' dir='ltr'><strong>tauquam</strong></span> <span class='ocrx_word' id='word_1_692' title='bbox 2436 4630 2673 4684; x_wconf 85' lang='lat' dir='ltr'><strong>isthmus</strong></span> <span class='ocrx_word' id='word_1_693' title='bbox 2725 4631 2796 4684; x_wconf 86' lang='lat' dir='ltr'><strong>sit</strong></span> <span class='ocrx_word' id='word_1_694' title='bbox 2841 4632 2910 4684; x_wconf 88' lang='lat' dir='ltr'><strong>ab</strong></span> <span class='ocrx_word' id='word_1_695' title='bbox 2959 4641 3188 4700; x_wconf 87' lang='lat' dir='ltr'><strong>utraque</strong></span> <span class='ocrx_word' id='word_1_696' title='bbox 3232 4645 3385 4703; x_wconf 87' lang='lat' dir='ltr'><strong>parte</strong></span> <span class='ocrx_word' id='word_1_697' title='bbox 3421 4635 3593 4688; x_wconf 77' lang='lat' dir='ltr'><strong>undas</strong></span> 
     </span>
    </p>
   </div>
   <div class='ocr_carea' id='block_1_92' title="bbox 361 4721 1964 4796">
    <p class='ocr_par' dir='ltr' id='par_1_92' title="bbox 361 4721 1929 4796">
     <span class='ocr_line' id='line_1_92' title="bbox 361 4721 1929 4796; baseline 0.003 -22"><span class='ocrx_word' id='word_1_698' title='bbox 361 4722 494 4774; x_wconf 81' lang='grc' dir='ltr'>αὐτὸ</span> <span class='ocrx_word' id='word_1_699' title='bbox 547 4721 800 4792; x_wconf 80' lang='grc' dir='ltr'>καθάπερ</span> <span class='ocrx_word' id='word_1_700' title='bbox 852 4721 1042 4790; x_wconf 78' lang='grc' dir='ltr'>ίσθμὸς</span> <span class='ocrx_word' id='word_1_701' title='bbox 1089 4721 1216 4784; x_wconf 84' lang='grc' dir='ltr'>τούς</span> <span class='ocrx_word' id='word_1_702' title='bbox 1262 4724 1604 4796; x_wconf 74' lang='grc' dir='ltr'>ἑκατέρωθεν</span> <span class='ocrx_word' id='word_1_703' title='bbox 1654 4725 1929 4788; x_wconf 85' lang='grc' dir='ltr'><strong>κλύδωνας</strong></span> 
     </span>
    </p>
   </div>
   <div class='ocr_carea' id='block_1_93' title="bbox 1993 4721 3596 4796">
    <p class='ocr_par' dir='ltr' id='par_1_93' title="bbox 2031 4721 3596 4792">
     <span class='ocr_line' id='line_1_93' title="bbox 2031 4721 3596 4792; baseline 0.008 -22"><span class='ocrx_word' id='word_1_704' title='bbox 2031 4722 2353 4788; x_wconf 83' lang='lat' dir='ltr'><strong>propulsans</strong></span> <span class='ocrx_word' id='word_1_705' title='bbox 2385 4730 2441 4774; x_wconf 92' lang='lat' dir='ltr'><strong>et</strong></span> <span class='ocrx_word' id='word_1_706' title='bbox 2479 4721 2757 4790; x_wconf 76' lang='lat' dir='ltr'><strong>frangens,</strong></span> <span class='ocrx_word' id='word_1_707' title='bbox 2801 4733 2856 4776; x_wconf 90' lang='lat' dir='ltr'><strong>et</strong></span> <span class='ocrx_word' id='word_1_708' title='bbox 2901 4723 2994 4790; x_wconf 85' lang='lat' dir='ltr'><strong>qui</strong></span> <span class='ocrx_word' id='word_1_709' title='bbox 3041 4725 3175 4777; x_wconf 92' lang='lat' dir='ltr'><strong>duas</strong></span> <span class='ocrx_word' id='word_1_710' title='bbox 3198 4734 3384 4792; x_wconf 84' lang='lat' dir='ltr'><strong>portas</strong></span> <span class='ocrx_word' id='word_1_711' title='bbox 3432 4727 3596 4782; x_wconf 84' lang='lat' dir='ltr'><strong>eﬂicit</strong></span> 
     </span>
    </p>
   </div>
   <div class='ocr_carea' id='block_1_94' title="bbox 359 4809 1962 4886">
    <p class='ocr_par' dir='ltr' id='par_1_94' title="bbox 359 4811 1928 4886">
     <span class='ocr_line' id='line_1_94' title="bbox 359 4811 1928 4886; baseline 0.001 -20"><span class='ocrx_word' id='word_1_712' title='bbox 359 4813 672 4866; x_wconf 74' lang='grc' dir='ltr'>ἀνακύπτον</span> <span class='ocrx_word' id='word_1_713' title='bbox 703 4813 796 4864; x_wconf 79' lang='grc' dir='ltr'>καὶ</span> <span class='ocrx_word' id='word_1_714' title='bbox 823 4811 1041 4881; x_wconf 84' lang='grc' dir='ltr'>θραῦον,</span> <span class='ocrx_word' id='word_1_715' title='bbox 1063 4812 1250 4866; x_wconf 77' lang='grc' dir='ltr'>ποιοῦν</span> <span class='ocrx_word' id='word_1_716' title='bbox 1285 4813 1330 4866; x_wconf 84' lang='grc' dir='ltr'><strong>δ’</strong></span> <span class='ocrx_word' id='word_1_717' title='bbox 1355 4815 1534 4868; x_wconf 78' lang='grc' dir='ltr'>ἐκεῖνα</span> <span class='ocrx_word' id='word_1_718' title='bbox 1555 4815 1806 4886; x_wconf 83' lang='grc' dir='ltr'>καθάπερ</span> <span class='ocrx_word' id='word_1_719' title='bbox 1835 4817 1928 4870; x_wconf 89' lang='grc' dir='ltr'>δύο</span> 
     </span>
    </p>
   </div>
   <div class='ocr_carea' id='block_1_95' title="bbox 1993 4809 3596 4886">
    <p class='ocr_par' dir='ltr' id='par_1_95' title="bbox 2031 4809 3596 4886">
     <span class='ocr_line' id='line_1_95' title="bbox 2031 4809 3596 4886; baseline 0.004 -22"><span class='ocrx_word' id='word_1_720' title='bbox 2031 4809 2192 4886; x_wconf 82' lang='lat'><strong>559</strong></span> <span class='ocrx_word' id='word_1_721' title='bbox 2236 4818 2292 4865; x_wconf 86' lang='lat' dir='ltr'><strong>et</strong></span> <span class='ocrx_word' id='word_1_722' title='bbox 2345 4811 2431 4864; x_wconf 87' lang='lat' dir='ltr'><strong>his</strong></span> <span class='ocrx_word' id='word_1_723' title='bbox 2485 4812 2738 4864; x_wconf 85' lang='lat' dir='ltr'><strong>eumdem</strong></span> <span class='ocrx_word' id='word_1_724' title='bbox 2789 4813 2858 4864; x_wconf 85' lang='lat' dir='ltr'><strong>ab</strong></span> <span class='ocrx_word' id='word_1_725' title='bbox 2901 4825 3131 4882; x_wconf 84' lang='lat' dir='ltr'><strong>utraque</strong></span> <span class='ocrx_word' id='word_1_726' title='bbox 3186 4826 3340 4883; x_wconf 85' lang='lat' dir='ltr'><strong>parte</strong></span> <span class='ocrx_word' id='word_1_727' title='bbox 3391 4819 3596 4885; x_wconf 70' lang='lat' dir='ltr'><strong>prazbet</strong></span> 
     </span>
    </p>
   </div>
   <div class='ocr_carea' id='block_1_96' title="bbox 362 4903 1965 4978">
    <p class='ocr_par' dir='ltr' id='par_1_96' title="bbox 362 4904 1927 4978">
     <span class='ocr_line' id='line_1_96' title="bbox 362 4904 1927 4978; baseline 0.003 -20"><span class='ocrx_word' id='word_1_728' title='bbox 362 4905 666 4974; x_wconf 75' lang='grc' dir='ltr'>πορθμοὺς,</span> <span class='ocrx_word' id='word_1_729' title='bbox 721 4904 814 4978; x_wconf 74' lang='grc' dir='ltr'><strong>καὶ</strong></span> <span class='ocrx_word' id='word_1_730' title='bbox 872 4904 970 4974; x_wconf 80' lang='grc' dir='ltr'><strong>τὴν</strong></span> <span class='ocrx_word' id='word_1_731' title='bbox 1015 4904 1187 4972; x_wconf 84' lang='grc' dir='ltr'>αὐτὴν</span> <span class='ocrx_word' id='word_1_732' title='bbox 1246 4905 1586 4974; x_wconf 84' lang='grc' dir='ltr'>ἑκατέρωθεν</span> <span class='ocrx_word' id='word_1_733' title='bbox 1617 4909 1720 4960; x_wconf 83' lang='grc' dir='ltr'><strong>ἀνὰ</strong></span> <span class='ocrx_word' id='word_1_734' title='bbox 1763 4909 1927 4977; x_wconf 81' lang='grc' dir='ltr'>μέρος</span> 
     </span>
    </p>
   </div>
   <div class='ocr_carea' id='block_1_97' title="bbox 1993 4903 3596 4978">
    <p class='ocr_par' dir='ltr' id='par_1_97' title="bbox 2033 4903 3596 4971">
     <span class='ocr_line' id='line_1_97' title="bbox 2033 4903 3596 4971; baseline 0.007 -16"><span class='ocrx_word' id='word_1_735' title='bbox 2033 4917 2189 4956; x_wconf 90' lang='lat' dir='ltr'><strong>usum</strong></span> <span class='ocrx_word' id='word_1_736' title='bbox 2239 4914 2628 4971; x_wconf 78' lang='lat' dir='ltr'><strong>opportunum,</strong></span> <span class='ocrx_word' id='word_1_737' title='bbox 2672 4903 2774 4967; x_wconf 69' lang='lat' dir='ltr'><strong>Qui</strong></span> <span class='ocrx_word' id='word_1_738' title='bbox 2823 4905 2976 4960; x_wconf 88' lang='lat' dir='ltr'><strong>sinus</strong></span> <span class='ocrx_word' id='word_1_739' title='bbox 3032 4908 3102 4960; x_wconf 88' lang='lat' dir='ltr'><strong>ab</strong></span> <span class='ocrx_word' id='word_1_740' title='bbox 3146 4909 3346 4964; x_wconf 75' lang='lat' dir='ltr'><strong>accolis</strong></span> <span class='ocrx_word' id='word_1_741' title='bbox 3381 4910 3596 4966; x_wconf 77' lang='lat' dir='ltr'><strong>duobus</strong></span> 
     </span>
    </p>
   </div>
   <div class='ocr_carea' id='block_1_98' title="bbox 361 4995 1964 5070">
    <p class='ocr_par' dir='ltr' id='par_1_98' title="bbox 361 4995 1926 5068">
     <span class='ocr_line' id='line_1_98' title="bbox 361 4995 1926 5068; baseline 0.002 -18"><span class='ocrx_word' id='word_1_742' title='bbox 361 4999 568 5066; x_wconf 76' lang='grc' dir='ltr'>ἀμφοξν</span> <span class='ocrx_word' id='word_1_743' title='bbox 591 4997 820 5058; x_wconf 75' lang='grc' dir='ltr'><strong>ἐκείνοις</strong></span> <span class='ocrx_word' id='word_1_744' title='bbox 840 4997 898 5048; x_wconf 75' lang='grc' dir='ltr'><strong>ὲν</strong></span> <span class='ocrx_word' id='word_1_745' title='bbox 923 4995 1102 5063; x_wconf 85' lang='grc' dir='ltr'>ταυτῷ</span> <span class='ocrx_word' id='word_1_746' title='bbox 1132 4997 1518 5068; x_wconf 83' lang='grc' dir='ltr'>παρεχόμενον</span> <span class='ocrx_word' id='word_1_747' title='bbox 1534 5001 1724 5068; x_wconf 79' lang='grc' dir='ltr'>χρείαν</span> <span class='ocrx_word' id='word_1_748' title='bbox 1745 5018 1758 5030; x_wconf 92' lang='grc'>·</span> <span class='ocrx_word' id='word_1_749' title='bbox 1783 5002 1926 5067; x_wconf 78' lang='grc' dir='ltr'><strong>ἅπερ</strong></span> 
     </span>
    </p>
   </div>
   <div class='ocr_carea' id='block_1_99' title="bbox 1992 4995 3595 5070">
    <p class='ocr_par' dir='ltr' id='par_1_99' title="bbox 2030 4999 3595 5070">
     <span class='ocr_line' id='line_1_99' title="bbox 2030 4999 3595 5070; baseline 0.003 -20"><span class='ocrx_word' id='word_1_750' title='bbox 2030 4999 2346 5054; x_wconf 86' lang='lat' dir='ltr'><strong>nominibus</strong></span> <span class='ocrx_word' id='word_1_751' title='bbox 2375 5009 2764 5068; x_wconf 83' lang='lat' dir='ltr'><strong>nuncupantur</strong></span> <span class='ocrx_word' id='word_1_752' title='bbox 2807 4999 2873 5050; x_wconf 81' lang='lat' dir='ltr'><strong>iis</strong></span> <span class='ocrx_word' id='word_1_753' title='bbox 2907 5001 3000 5066; x_wconf 88' lang='lat' dir='ltr'><strong>qui</strong></span> <span class='ocrx_word' id='word_1_754' title='bbox 3039 5000 3270 5053; x_wconf 88' lang='lat' dir='ltr'><strong>audiunt</strong></span> <span class='ocrx_word' id='word_1_755' title='bbox 3302 5002 3436 5053; x_wconf 87' lang='lat' dir='ltr'><strong>satis</strong></span> <span class='ocrx_word' id='word_1_756' title='bbox 3468 5019 3595 5070; x_wconf 86' lang='lat' dir='ltr'><strong>per-</strong></span> 
     </span>
    </p>
   </div>
   <div class='ocr_carea' id='block_1_100' title="bbox 361 5087 1964 5159">
    <p class='ocr_par' dir='ltr' id='par_1_100' title="bbox 361 5087 1924 5159">
     <span class='ocr_line' id='line_1_100' title="bbox 361 5087 1924 5159; baseline 0.001 -17"><span class='ocrx_word' id='word_1_757' title='bbox 361 5094 472 5152; x_wconf 68' lang='grc' dir='ltr'>τείς</span> <span class='ocrx_word' id='word_1_758' title='bbox 503 5091 788 5158; x_wconf 70' lang='grc' dir='ltr'>ἐγχωρίοις</span> <span class='ocrx_word' id='word_1_759' title='bbox 832 5088 1024 5142; x_wconf 83' lang='grc' dir='ltr'>κόλποι</span> <span class='ocrx_word' id='word_1_760' title='bbox 1047 5087 1199 5140; x_wconf 76' lang='grc' dir='ltr'>δυσὶν</span> <span class='ocrx_word' id='word_1_761' title='bbox 1251 5089 1512 5158; x_wconf 78' lang='grc' dir='ltr'>ὀνόμασιν</span> <span class='ocrx_word' id='word_1_762' title='bbox 1537 5091 1816 5159; x_wconf 76' lang='grc' dir='ltr'>διαφόροις</span> <span class='ocrx_word' id='word_1_763' title='bbox 1848 5096 1924 5154; x_wconf 81' lang='grc' dir='ltr'><strong>εἰς</strong></span> 
     </span>
    </p>
   </div>
   <div class='ocr_carea' id='block_1_101' title="bbox 1986 5087 3589 5159">
    <p class='ocr_par' dir='ltr' id='par_1_101' title="bbox 2027 5087 3589 5159">
     <span class='ocr_line' id='line_1_101' title="bbox 2027 5087 3589 5159; baseline 0.004 -19"><span class='ocrx_word' id='word_1_764' title='bbox 2027 5087 2256 5158; x_wconf 84' lang='lat' dir='ltr'><strong>spicuis.</strong></span> <span class='ocrx_word' id='word_1_765' title='bbox 2289 5087 2439 5142; x_wconf 85' lang='lat' dir='ltr'><strong>Alter</strong></span> <span class='ocrx_word' id='word_1_766' title='bbox 2465 5096 2608 5142; x_wconf 87' lang='lat' dir='ltr'><strong>enim</strong></span> <span class='ocrx_word' id='word_1_767' title='bbox 2649 5088 2942 5152; x_wconf 87' lang='lat' dir='ltr'><strong>Darselius,</strong></span> <span class='ocrx_word' id='word_1_768' title='bbox 2979 5089 3117 5159; x_wconf 84' lang='lat' dir='ltr'><strong>alter</strong></span> <span class='ocrx_word' id='word_1_769' title='bbox 3153 5097 3456 5145; x_wconf 80' lang='lat' dir='ltr'><strong>Astaconus</strong></span> <span class='ocrx_word' id='word_1_770' title='bbox 3489 5110 3589 5146; x_wconf 84' lang='lat' dir='ltr'><strong>no-</strong></span> 
     </span>
    </p>
   </div>
   <div class='ocr_carea' id='block_1_102' title="bbox 361 5157 1964 5256">
    <p class='ocr_par' dir='ltr' id='par_1_102' title="bbox 361 5178 1924 5250">
     <span class='ocr_line' id='line_1_102' title="bbox 361 5178 1924 5250; baseline 0.001 -18"><span class='ocrx_word' id='word_1_771' title='bbox 361 5180 694 5234; x_wconf 76' lang='grc' dir='ltr'>εὐσύνοπτον</span> <span class='ocrx_word' id='word_1_772' title='bbox 745 5178 960 5236; x_wconf 78' lang='grc' dir='ltr'><strong>σύνεσιν</strong></span> <span class='ocrx_word' id='word_1_773' title='bbox 1015 5181 1125 5240; x_wconf 81' lang='grc' dir='ltr'><strong>τοῖς</strong></span> <span class='ocrx_word' id='word_1_774' title='bbox 1167 5179 1459 5236; x_wconf 81' lang='grc' dir='ltr'>ἀκούουσιν</span> <span class='ocrx_word' id='word_1_775' title='bbox 1488 5179 1863 5250; x_wconf 74' lang='grc' dir='ltr'>ὀνομάζονται,</span> <span class='ocrx_word' id='word_1_776' title='bbox 1897 5185 1924 5234; x_wconf 89' lang='grc' dir='ltr'><strong>ὁ</strong></span> 
     </span>
    </p>
   </div>
   <div class='ocr_carea' id='block_1_103' title="bbox 2032 5157 3635 5256">
    <p class='ocr_par' dir='ltr' id='par_1_103' title="bbox 2032 5157 3635 5256">
     <span class='ocr_line' id='line_1_103' title="bbox 2032 5157 3635 5256; baseline 0.005 -24"><span class='ocrx_word' id='word_1_777' title='bbox 2032 5157 2290 5234; x_wconf 87' lang='lat' dir='ltr'><strong>minatur.</strong></span> <span class='ocrx_word' id='word_1_778' title='bbox 2324 5181 2682 5234; x_wconf 85' lang='lat' dir='ltr'><strong>Pertinebant</strong></span> <span class='ocrx_word' id='word_1_779' title='bbox 2707 5191 2890 5236; x_wconf 87' lang='lat' dir='ltr'><strong>autem</strong></span> <span class='ocrx_word' id='word_1_780' title='bbox 2921 5183 2984 5235; x_wconf 89' lang='lat' dir='ltr'><strong>ad</strong></span> <span class='ocrx_word' id='word_1_781' title='bbox 3017 5157 3134 5236; x_wconf 69' lang='lat' dir='ltr'><strong>eam</strong></span> <span class='ocrx_word' id='word_1_782' title='bbox 3167 5184 3428 5255; x_wconf 79' lang='lat' dir='ltr'><strong>Bithyniae</strong></span> <span class='ocrx_word' id='word_1_783' title='bbox 3463 5203 3592 5256; x_wconf 81' lang='lat' dir='ltr'><strong>par-</strong></span> <span class='ocrx_word' id='word_1_784' title='bbox 3633 5207 3635 5210; x_wconf 94' lang='grc'>·</span> 
     </span>
    </p>
   </div>
   <div class='ocr_carea' id='block_1_104' title="bbox 366 5268 1969 5348">
    <p class='ocr_par' dir='ltr' id='par_1_104' title="bbox 366 5268 1922 5342">
     <span class='ocr_line' id='line_1_104' title="bbox 366 5268 1922 5342; baseline 0.001 -20"><span class='ocrx_word' id='word_1_785' title='bbox 366 5271 463 5340; x_wconf 76' lang='grc' dir='ltr'>μὲν</span> <span class='ocrx_word' id='word_1_786' title='bbox 517 5268 830 5332; x_wconf 78' lang='grc' dir='ltr'>Δασκέλιος,</span> <span class='ocrx_word' id='word_1_787' title='bbox 880 5271 908 5320; x_wconf 85' lang='grc' dir='ltr'>ὁ</span> <span class='ocrx_word' id='word_1_788' title='bbox 957 5268 1002 5322; x_wconf 84' lang='grc' dir='ltr'>δ’</span> <span class='ocrx_word' id='word_1_789' title='bbox 1045 5270 1400 5339; x_wconf 84' lang='grc' dir='ltr'>Ἀστακηνός.</span> <span class='ocrx_word' id='word_1_790' title='bbox 1442 5271 1515 5324; x_wconf 75' lang='grc' dir='ltr'>Τὸ</span> <span class='ocrx_word' id='word_1_791' title='bbox 1560 5272 1624 5342; x_wconf 84' lang='grc' dir='ltr'><strong>δὴ</strong></span> <span class='ocrx_word' id='word_1_792' title='bbox 1686 5273 1922 5326; x_wconf 66' lang='grc' dir='ltr'>τοιοῦτον</span> 
     </span>
    </p>
   </div>
   <div class='ocr_carea' id='block_1_105' title="bbox 1989 5268 3592 5348">
    <p class='ocr_par' dir='ltr' id='par_1_105' title="bbox 2031 5271 3592 5348">
     <span class='ocr_line' id='line_1_105' title="bbox 2031 5271 3592 5348; baseline 0.006 -25"><span class='ocrx_word' id='word_1_793' title='bbox 2031 5279 2136 5324; x_wconf 88' lang='lat' dir='ltr'><strong>tem</strong></span> <span class='ocrx_word' id='word_1_794' title='bbox 2178 5285 2344 5339; x_wconf 84' lang='lat' dir='ltr'><strong>quam</strong></span> <span class='ocrx_word' id='word_1_795' title='bbox 2393 5285 2422 5324; x_wconf 92' lang='lat' dir='ltr'><strong>a</strong></span> <span class='ocrx_word' id='word_1_796' title='bbox 2448 5271 2620 5344; x_wconf 58' lang='lat' dir='ltr'><strong>{patre</strong></span> <span class='ocrx_word' id='word_1_797' title='bbox 2663 5273 2914 5342; x_wconf 76' lang='lat' dir='ltr'><strong>Hyrcano</strong></span> <span class='ocrx_word' id='word_1_798' title='bbox 2949 5285 3233 5344; x_wconf 83' lang='lat' dir='ltr'><strong>acceperat</strong></span> <span class='ocrx_word' id='word_1_799' title='bbox 3277 5277 3421 5332; x_wconf 76' lang='lat' dir='ltr'><strong>(ilius</strong></span> <span class='ocrx_word' id='word_1_800' title='bbox 3467 5291 3592 5348; x_wconf 79' lang='lat' dir='ltr'><strong>post</strong></span> 
     </span>
    </p>
   </div>
   <div class='ocr_carea' id='block_1_106' title="bbox 367 5347 1970 5442">
    <p class='ocr_par' dir='ltr' id='par_1_106' title="bbox 367 5347 1924 5434">
     <span class='ocr_line' id='line_1_106' title="bbox 367 5347 1924 5434; baseline 0.001 -20"><span class='ocrx_word' id='word_1_801' title='bbox 367 5363 532 5432; x_wconf 78' lang='grc' dir='ltr'>μέρος</span> <span class='ocrx_word' id='word_1_802' title='bbox 588 5362 686 5430; x_wconf 76' lang='grc' dir='ltr'><strong>τῆς</strong></span> <span class='ocrx_word' id='word_1_803' title='bbox 739 5360 992 5423; x_wconf 78' lang='grc' dir='ltr'>Βιθυνίας</span> <span class='ocrx_word' id='word_1_804' title='bbox 1045 5347 1124 5424; x_wconf 85' lang='grc' dir='ltr'>είς</span> <span class='ocrx_word' id='word_1_805' title='bbox 1176 5361 1376 5432; x_wconf 82' lang='grc' dir='ltr'><strong>κλῆρον</strong></span> <span class='ocrx_word' id='word_1_806' title='bbox 1423 5365 1561 5432; x_wconf 72' lang='grc' dir='ltr'><strong>πρὸς</strong></span> <span class='ocrx_word' id='word_1_807' title='bbox 1595 5363 1686 5417; x_wconf 82' lang='grc' dir='ltr'><strong>τοῦ</strong></span> <span class='ocrx_word' id='word_1_808' title='bbox 1722 5366 1924 5434; x_wconf 78' lang='grc' dir='ltr'><strong>πατρὸς</strong></span> 
     </span>
    </p>
   </div>
   <div class='ocr_carea' id='block_1_107' title="bbox 1988 5347 3591 5442">
    <p class='ocr_par' dir='ltr' id='par_1_107' title="bbox 2027 5364 3591 5442">
     <span class='ocr_line' id='line_1_107' title="bbox 2027 5364 3591 5442; baseline 0.007 -26"><span class='ocrx_word' id='word_1_809' title='bbox 2027 5371 2160 5416; x_wconf 89' lang='lat' dir='ltr'><strong>natu</strong></span> <span class='ocrx_word' id='word_1_810' title='bbox 2208 5364 2468 5436; x_wconf 84' lang='lat' dir='ltr'><strong>majorem</strong></span> <span class='ocrx_word' id='word_1_811' title='bbox 2507 5379 2604 5433; x_wconf 91' lang='lat' dir='ltr'><strong>pro</strong></span> <span class='ocrx_word' id='word_1_812' title='bbox 2631 5375 2792 5420; x_wconf 65' lang='lat' dir='ltr'><strong>aetate</strong></span> <span class='ocrx_word' id='word_1_813' title='bbox 2830 5368 3042 5430; x_wconf 81' lang='lat' dir='ltr'><strong>tertius,</strong></span> <span class='ocrx_word' id='word_1_814' title='bbox 3073 5371 3166 5438; x_wconf 87' lang='lat' dir='ltr'><strong>qui</strong></span> <span class='ocrx_word' id='word_1_815' title='bbox 3203 5387 3346 5426; x_wconf 87' lang='lat' dir='ltr'><strong>nunc</strong></span> <span class='ocrx_word' id='word_1_816' title='bbox 3373 5373 3591 5442; x_wconf 76' lang='lat' dir='ltr'><strong>longius</strong></span> 
     </span>
    </p>
   </div>
   <div class='ocr_carea' id='block_1_108' title="bbox 375 5450 1978 5534">
    <p class='ocr_par' dir='ltr' id='par_1_108' title="bbox 375 5450 1923 5526">
     <span class='ocr_line' id='line_1_108' title="bbox 375 5450 1923 5526; baseline 0.003 -23"><span class='ocrx_word' id='word_1_817' title='bbox 375 5452 644 5520; x_wconf 80' lang='grc' dir='ltr'>Ὑρκανοῦ</span> <span class='ocrx_word' id='word_1_818' title='bbox 679 5450 857 5502; x_wconf 75' lang='grc' dir='ltr'><strong>λαϐὼν</strong></span> <span class='ocrx_word' id='word_1_819' title='bbox 889 5453 916 5504; x_wconf 86' lang='grc' dir='ltr'>ὁ</span> <span class='ocrx_word' id='word_1_820' title='bbox 964 5451 1100 5520; x_wconf 83' lang='grc' dir='ltr'><strong>μετὰ</strong></span> <span class='ocrx_word' id='word_1_821' title='bbox 1129 5452 1220 5503; x_wconf 76' lang='grc' dir='ltr'><strong>τὸν</strong></span> <span class='ocrx_word' id='word_1_822' title='bbox 1251 5453 1623 5526; x_wconf 74' lang='grc' dir='ltr'><strong>πρεσϐύτερον</strong></span> <span class='ocrx_word' id='word_1_823' title='bbox 1653 5455 1774 5507; x_wconf 85' lang='grc' dir='ltr'>καθ’</span> <span class='ocrx_word' id='word_1_824' title='bbox 1807 5457 1923 5518; x_wconf 82' lang='grc' dir='ltr'><strong>ἠλι-</strong></span> 
     </span>
    </p>
   </div>
   <div class='ocr_carea' id='block_1_109' title="bbox 1988 5450 3591 5534">
    <p class='ocr_par' dir='ltr' id='par_1_109' title="bbox 2027 5457 3591 5534">
     <span class='ocr_line' id='line_1_109' title="bbox 2027 5457 3591 5534; baseline 0.005 -24"><span class='ocrx_word' id='word_1_825' title='bbox 2027 5457 2096 5512; x_wconf 89' lang='lat' dir='ltr'><strong>ab</strong></span> <span class='ocrx_word' id='word_1_826' title='bbox 2140 5457 2260 5510; x_wconf 86' lang='lat' dir='ltr'><strong>laeu</strong></span> <span class='ocrx_word' id='word_1_827' title='bbox 2297 5457 2386 5512; x_wconf 90' lang='lat' dir='ltr'><strong>illo</strong></span> <span class='ocrx_word' id='word_1_828' title='bbox 2423 5458 2759 5514; x_wconf 87' lang='lat' dir='ltr'><strong>domicilium</strong></span> <span class='ocrx_word' id='word_1_829' title='bbox 2802 5460 3057 5525; x_wconf 79' lang='lat' dir='ltr'><strong>habebat,</strong></span> <span class='ocrx_word' id='word_1_830' title='bbox 3101 5479 3248 5519; x_wconf 88' lang='lat' dir='ltr'><strong>nunc</strong></span> <span class='ocrx_word' id='word_1_831' title='bbox 3293 5466 3343 5518; x_wconf 91' lang='lat' dir='ltr'><strong>in</strong></span> <span class='ocrx_word' id='word_1_832' title='bbox 3363 5467 3591 5534; x_wconf 66' lang='lat' dir='ltr'><strong>propin.</strong></span> 
     </span>
    </p>
   </div>
   <div class='ocr_carea' id='block_1_110' title="bbox 369 5541 1972 5620">
    <p class='ocr_par' dir='ltr' id='par_1_110' title="bbox 369 5541 1921 5616">
     <span class='ocr_line' id='line_1_110' title="bbox 369 5541 1921 5616; baseline 0.003 -24"><span class='ocrx_word' id='word_1_833' title='bbox 369 5545 488 5596; x_wconf 78' lang='grc' dir='ltr'><strong>κίαν</strong></span> <span class='ocrx_word' id='word_1_834' title='bbox 515 5543 694 5609; x_wconf 78' lang='grc' dir='ltr'>τρίτος</span> <span class='ocrx_word' id='word_1_835' title='bbox 720 5542 824 5592; x_wconf 83' lang='grc' dir='ltr'><strong>τῶν</strong></span> <span class='ocrx_word' id='word_1_836' title='bbox 845 5541 1047 5592; x_wconf 81' lang='grc' dir='ltr'>παίδων</span> <span class='ocrx_word' id='word_1_837' title='bbox 1069 5541 1162 5594; x_wconf 72' lang='grc' dir='ltr'>νῦν</span> <span class='ocrx_word' id='word_1_838' title='bbox 1181 5543 1278 5610; x_wconf 83' lang='grc' dir='ltr'>μὲν</span> <span class='ocrx_word' id='word_1_839' title='bbox 1299 5543 1572 5614; x_wconf 75' lang='grc' dir='ltr'>θαλάσσης</span> <span class='ocrx_word' id='word_1_840' title='bbox 1598 5546 1786 5616; x_wconf 71' lang='grc' dir='ltr'><strong>πόρῥω</strong></span> <span class='ocrx_word' id='word_1_841' title='bbox 1819 5563 1921 5600; x_wconf 69' lang='grc' dir='ltr'><strong>που</strong></span> 
     </span>
    </p>
   </div>
   <div class='ocr_carea' id='block_1_111' title="bbox 1981 5541 3584 5620">
    <p class='ocr_par' dir='ltr' id='par_1_111' title="bbox 2026 5549 3584 5620">
     <span class='ocr_line' id='line_1_111' title="bbox 2026 5549 3584 5620; baseline 0.008 -20"><span class='ocrx_word' id='word_1_842' title='bbox 2026 5549 2211 5620; x_wconf 84' lang='lat' dir='ltr'><strong>quius,</strong></span> <span class='ocrx_word' id='word_1_843' title='bbox 2261 5566 2358 5618; x_wconf 87' lang='lat' dir='ltr'><strong>pro</strong></span> <span class='ocrx_word' id='word_1_844' title='bbox 2391 5550 2666 5606; x_wconf 80' lang='lat' dir='ltr'><strong>voluntate</strong></span> <span class='ocrx_word' id='word_1_845' title='bbox 2703 5569 2823 5608; x_wconf 85' lang='lat' dir='ltr'><strong>sua.</strong></span> <span class='ocrx_word' id='word_1_846' title='bbox 2853 5553 2956 5619; x_wconf 82' lang='lat' dir='ltr'><strong>Qui</strong></span> <span class='ocrx_word' id='word_1_847' title='bbox 2992 5573 3113 5610; x_wconf 90' lang='lat' dir='ltr'><strong>cum</strong></span> <span class='ocrx_word' id='word_1_848' title='bbox 3145 5558 3216 5609; x_wconf 88' lang='lat' dir='ltr'><strong>ihi</strong></span> <span class='ocrx_word' id='word_1_849' title='bbox 3269 5560 3334 5610; x_wconf 81' lang='lat' dir='ltr'><strong>ad</strong></span> <span class='ocrx_word' id='word_1_850' title='bbox 3377 5560 3584 5612; x_wconf 78' lang='lat' dir='ltr'><strong>calores</strong></span> 
     </span>
    </p>
   </div>
   <div class='ocr_carea' id='block_1_112' title="bbox 301 5631 1904 5716">
    <p class='ocr_par' dir='ltr' id='par_1_112' title="bbox 301 5631 1904 5706">
     <span class='ocr_line' id='line_1_112' title="bbox 301 5631 1904 5706; baseline -0.004 -21"><span class='ocrx_word' id='word_1_851' title='bbox 301 5641 457 5696; x_wconf 49' lang='lat'><strong>.43;</strong></span> <span class='ocrx_word' id='word_1_852' title='bbox 509 5633 790 5702; x_wconf 68' lang='grc' dir='ltr'>διατριϐὰς</span> <span class='ocrx_word' id='word_1_853' title='bbox 838 5633 1089 5693; x_wconf 73' lang='grc' dir='ltr'><strong>ἐποιεῖτο,</strong></span> <span class='ocrx_word' id='word_1_854' title='bbox 1119 5631 1212 5684; x_wconf 79' lang='grc' dir='ltr'>νῦν</span> <span class='ocrx_word' id='word_1_855' title='bbox 1243 5631 1285 5684; x_wconf 75' lang='grc' dir='ltr'><strong>δ’</strong></span> <span class='ocrx_word' id='word_1_856' title='bbox 1315 5637 1596 5706; x_wconf 73' lang='grc' dir='ltr'><strong>ἐγγυτέρω</strong></span> <span class='ocrx_word' id='word_1_857' title='bbox 1625 5638 1744 5690; x_wconf 88' lang='grc' dir='ltr'>κατ’</span> <span class='ocrx_word' id='word_1_858' title='bbox 1777 5638 1904 5704; x_wconf 59' lang='lat' dir='ltr'><strong>ego...</strong></span> 
     </span>
    </p>
   </div>
   <div class='ocr_carea' id='block_1_113' title="bbox 1984 5631 3587 5716">
    <p class='ocr_par' dir='ltr' id='par_1_113' title="bbox 2027 5640 3587 5716">
     <span class='ocr_line' id='line_1_113' title="bbox 2027 5640 3587 5716; baseline 0.006 -22"><span class='ocrx_word' id='word_1_859' title='bbox 2027 5640 2242 5694; x_wconf 66' lang='lat' dir='ltr'><strong>aestivos</strong></span> <span class='ocrx_word' id='word_1_860' title='bbox 2272 5641 2618 5710; x_wconf 85' lang='lat' dir='ltr'><strong>depellendus</strong></span> <span class='ocrx_word' id='word_1_861' title='bbox 2637 5660 2963 5712; x_wconf 80' lang='lat' dir='ltr'><strong>moraretur,</strong></span> <span class='ocrx_word' id='word_1_862' title='bbox 2987 5664 3152 5701; x_wconf 88' lang='lat' dir='ltr'><strong>unum</strong></span> <span class='ocrx_word' id='word_1_863' title='bbox 3185 5665 3250 5702; x_wconf 73' lang='lat' dir='ltr'><strong>ex</strong></span> <span class='ocrx_word' id='word_1_864' title='bbox 3278 5650 3470 5702; x_wconf 61' lang='grc' dir='ltr'><strong>ἰαί-ωηο</strong></span> <span class='ocrx_word' id='word_1_865' title='bbox 3493 5651 3587 5716; x_wconf 77' lang='lat' dir='ltr'><strong>qui</strong></span> 
     </span>
    </p>
   </div>
   <div class='ocr_carea' id='block_1_114' title="bbox 331 5723 1934 5804">
    <p class='ocr_par' dir='ltr' id='par_1_114' title="bbox 331 5723 1917 5802">
     <span class='ocr_line' id='line_1_114' title="bbox 331 5723 1917 5802; baseline 0.006 -28"><span class='ocrx_word' id='word_1_866' title='bbox 331 5735 336 5740; x_wconf 82' lang='lat'>‘</span> <span class='ocrx_word' id='word_1_867' title='bbox 365 5725 486 5780; x_wconf 82' lang='grc' dir='ltr'>σίαν</span> <span class='ocrx_word' id='word_1_868' title='bbox 515 5724 830 5792; x_wconf 71' lang='grc' dir='ltr'>αὐτόνομον.</span> <span class='ocrx_word' id='word_1_869' title='bbox 859 5724 968 5788; x_wconf 78' lang='grc' dir='ltr'><strong>Τὰς</strong></span> <span class='ocrx_word' id='word_1_870' title='bbox 1001 5723 1128 5791; x_wconf 81' lang='grc' dir='ltr'>γοῦν</span> <span class='ocrx_word' id='word_1_871' title='bbox 1156 5723 1368 5794; x_wconf 77' lang='grc' dir='ltr'><strong>θερινὰς</strong></span> <span class='ocrx_word' id='word_1_872' title='bbox 1399 5727 1611 5790; x_wconf 79' lang='grc' dir='ltr'>ὲκείνας</span> <span class='ocrx_word' id='word_1_873' title='bbox 1646 5729 1738 5782; x_wconf 83' lang='grc' dir='ltr'><strong>τοῦ</strong></span> <span class='ocrx_word' id='word_1_874' title='bbox 1770 5731 1917 5802; x_wconf 73' lang='grc' dir='ltr'>ἡλίου</span> 
     </span>
    </p>
   </div>
   <div class='ocr_carea' id='block_1_115' title="bbox 1982 5723 3585 5804">
    <p class='ocr_par' dir='ltr' id='par_1_115' title="bbox 2027 5733 3585 5804">
     <span class='ocr_line' id='line_1_115' title="bbox 2027 5733 3585 5804; baseline 0.008 -17"><span class='ocrx_word' id='word_1_875' title='bbox 2027 5733 2163 5787; x_wconf 81' lang='lat' dir='ltr'><strong>retia</strong></span> <span class='ocrx_word' id='word_1_876' title='bbox 2197 5743 2252 5790; x_wconf 85' lang='lat' dir='ltr'><strong>et</strong></span> <span class='ocrx_word' id='word_1_877' title='bbox 2292 5735 2580 5802; x_wconf 81' lang='lat' dir='ltr'><strong>piscariam</strong></span> <span class='ocrx_word' id='word_1_878' title='bbox 2628 5735 2898 5792; x_wconf 81' lang='lat' dir='ltr'><strong>faciebant</strong></span> <span class='ocrx_word' id='word_1_879' title='bbox 2929 5740 2995 5794; x_wconf 85' lang='lat' dir='ltr'><strong>ad</strong></span> <span class='ocrx_word' id='word_1_880' title='bbox 3035 5757 3092 5796; x_wconf 87' lang='lat' dir='ltr'><strong>se</strong></span> <span class='ocrx_word' id='word_1_881' title='bbox 3123 5744 3333 5798; x_wconf 79' lang='lat' dir='ltr'><strong>\ocarit</strong></span> <span class='ocrx_word' id='word_1_882' title='bbox 3363 5753 3416 5796; x_wconf 85' lang='lat' dir='ltr'><strong>et</strong></span> <span class='ocrx_word' id='word_1_883' title='bbox 3461 5759 3585 5804; x_wconf 79' lang='lat' dir='ltr'><strong>cum</strong></span> 
     </span>
    </p>
   </div>
  </div>
