4060 6204
484 277 592 346 499

1668 294 2084 354 NICEPHORI
2123 294 2502 362 GREGORIE

3606 316 3711 372 5W

483 402 691 472 νοηκὼς
721 400 796 465 ὡς
830 403 1089 474 ὁπότερον
1133 404 1201 459 ἂν
1243 406 1351 460 τῶν
1384 407 1450 475 τῇ
1473 406 1695 497 γυναικὶ
1742 406 2018 477 ῥηθέντων
2050 411 2284 478 γένοιτο,
2332 417 2624 486 ἐπιζήμιόν
2668 432 2730 473 τε
2786 421 2879 475 καὶ
2920 422 3092 479 ἀκλεᾶ
3155 425 3256 497 τὴν
3324 428 3466 483 κατὰ
3498 428 3593 484 τοῦ
3622 446 3711 483 σα-

482 496 693 565 τράπου
759 498 914 557 νίκην
964 499 1058 552 τοῦ
1098 498 1365 569 βασιλέως
1408 495 1610 568 τίθησι,
1663 497 1733 550 τά
1777 515 1837 551 τε
1885 500 2222 566 κομισθέντα
2266 506 2525 576 χρήματα
2566 508 2703 573 τέως
2768 509 3086 583 δλάμϐανε,
3148 495 3244 569 καὶ
3287 517 3409 571 ἀντὶ
3448 518 3560 572 τῶν
3621 519 3699 572 ἔτι

480 586 850 660 ὀφειλομένων
879 589 1007 660 ἑξῆς
1046 590 1227 662 ὅμηρα
1291 590 1360 643 τὰ
1390 591 1605 658 ἐκείνης
1642 590 1857 660 δέχεται
1917 592 2108 679 τέκνα,
2165 598 2262 650 καὶ
2325 596 2498 663 οὕτως
2539 600 2820 674 ἐλεύθερον
2881 605 3077 675 ἀφίησι
3129 607 3222 662 τὸν
3271 609 3438 680 ἄνδρα
3493 612 3563 681 τῇ
3613 628 3709 679 ’γυ⁶

482 687 652 740 ναικί.

548 777 712 856 565
738 781 875 839 XVI.
904 782 1018 840 Hoc
1045 784 1348 840 certamine
1377 784 1512 855 imp.
1550 798 1808 854 prospere
1849 790 1906 838 et
1932 784 2014 838 sin

2114 812 2128 841 ι
2227 784 2343 849 ις’.
2385 784 2491 837 Τοῦ
2518 785 2581 856 δὴ
2618 787 2863 844 τοιούτου
2893 794 3347 865 στρατηγήματος
3380 797 3626 868 εὐτυχῶς
3652 814 3708 853 τε

478 874 708 929 vulnere
747 873 923 939 ﬁnito,
969 875 1023 930 ei
1077 874 1226 930 aliud
1276 875 1538 945 quiddam
1582 874 1769 930 evenit
1819 876 2043 947 majoris

477 961 764 1025 momenti.
799 963 887 1016 vel
921 962 1107 1031 potius
1131 965 1376 1018 omnium
1406 979 1529 1034 qua:
1561 963 1888 1021 moliebatur
1928 979 2043 1018 ma-

476 1051 684 1103 ximum
712 1059 766 1105 et
793 1052 1202 1121 gravissimum,
1231 1054 1461 1128 etquod
1502 1055 1697 1110 melius
1724 1062 1781 1110 ct
1802 1055 2043 1110 mirabi-

473 1137 604 1200 lius.
656 1145 776 1196 sine
824 1141 935 1195 ullo
982 1141 1171 1197 labore
1220 1151 1623 1213 comparatum.
1669 1138 1845 1199 Media
1888 1144 2036 1199 enim

471 1242 660 1288 aestate
686 1247 792 1302 qua
824 1234 1004 1288 arista:
1052 1249 1322 1290 messores
1355 1242 1413 1291 et
1443 1236 1761 1291 collectores
1788 1234 2040 1307 postula-

472 1324 623 1392 bant,
657 1341 782 1381 cum
815 1334 1052 1395 quatuor
1087 1327 1330 1381 millibus
1379 1327 1625 1396 equitum
1678 1329 1747 1383 ab
1786 1328 2037 1400 Hyrcano

469 1429 662 1470 socero
687 1416 928 1484 acceptis
955 1425 1010 1471 et
1039 1431 1164 1471 cum
1189 1418 1405 1474 czeteris
1425 1419 1656 1489 imperio
1676 1434 1777 1475 suo
1801 1420 2036 1476 subditis

468 1507 734 1563 militibus
753 1508 1017 1563 Romanis
1041 1507 1325 1564 Mattbaeus
1344 1509 1479 1580 imp.
1502 1511 1866 1567 Cantacuzeni
1890 1511 2035 1568 illius

471 1598 687 1655 transiit
730 1599 1008 1671 angustias
1067 1602 1210 1655 circa
1262 1601 1648 1672 Christopolim
1702 1614 1760 1658 et
1826 1603 2035 1658 vicinas

472 1688 843 1758 Philipporum
869 1690 1034 1746 urbes
1060 1692 1314 1756 vastavit,
1345 1690 1399 1745 in
1433 1692 1625 1761 primis
1651 1701 1831 1748 autem
1858 1694 2034 1763 regio-

467 1792 567 1833 nes
615 1795 735 1849 quae
769 1780 855 1834 bis
880 1781 1124 1836 contines
1157 1792 1306 1844 sunt,
1354 1780 1629 1838 Romanas
1655 1784 1903 1852 quidem,
1934 1783 2031 1840 sed

463 1885 529 1924 ex
580 1871 744 1940 longo
789 1880 1037 1941 tempore
1072 1871 1328 1927 Triballis
1381 1873 1648 1929 subditas.
1697 1874 1854 1940 Quod
1903 1889 2029 1930 cum

466 1953 736 2013 Triballus
752 1961 840 2029 qui
854 1960 1159 2031 provinciae)
1174 1960 1246 2014 illi
1261 1960 1584 2031 eoftempore
1598 1960 1885 2030 pra-iectus
1903 1969 1954 2015 et
1974 1960 2028 2014 in

462 2051 627 2106 armis
650 2054 1179 2121 crat,c0tnpc'°‘ssct,
1205 2051 1483 2107 Mattlizeus
1505 2052 1635 2121 imp.
1671 2051 1723 2106 vi
1746 2053 2025 2121 copiarum

461 2155 758 2210 oppressus
809 2150 865 2196 et
911 2142 1028 2206 ipse
1074 2141 1231 2194 vivus
1261 2149 1455 2208 captus
1491 2151 1592 2195 est.
1629 2138 1786 2209 Capti
1834 2151 2019 2195 autem

462 2241 739 2287 suntcum
770 2247 837 2287 eo
878 2231 990 2287 fere
1020 2246 1209 2287 omnes
1248 2232 1342 2300 qui
1376 2231 1430 2285 in
1476 2232 1664 2299 przelio
1696 2230 1874 2300 gladio
1914 2247 2024 2286 non

459 2324 623 2379 occisi
669 2333 848 2379 erant.
889 2322 1004 2377 lio‘c
1041 2324 1310 2387 nuntiato,
1347 2322 1478 2393 imp.
1511 2321 1798 2378 confestim
1844 2321 2025 2380 Lesbo

460 2416 737 2487 proiectus
760 2416 834 2470 ibi
861 2431 986 2471 cum
1016 2416 1201 2484 copias
1223 2414 1442 2470 navales
1477 2413 1792 2485 reliquisset
1821 2425 1878 2470 et
1902 2430 2025 2487 qua

459 2508 527 2562 ad
563 2507 843 2562 Phocaeam
873 2506 1295 2577 oppugnandam
1323 2506 1646 2575 spectabant
1669 2518 2065 2589 praeparasseth

460 2610 517 2654 et
555 2598 885 2653 instituisset
911 2639 927 2660 .
958 2597 1131 2667 passis
1164 2596 1301 2652 velis
1333 2597 1549 2652 navalia
1578 2598 1719 2652 circa
1745 2598 2021 2654 Abderam

460 2692 744 2761 ingressus
792 2699 874 2745 est
896 2730 912 2753 ,
964 2698 1020 2745 et
1055 2688 1180 2745 hinc
1211 2689 1415 2759 legatos
1442 2689 1592 2745 misit
1620 2689 1689 2744 ad
1720 2687 2019 2748 Triballum

460 2783 552 2853 qui
591 2783 865 2852 captivum
902 2780 1124 2836 tenebat
1152 2780 1500 2846 Mattltaenm,
1544 2789 1601 2837 et
1631 2797 1753 2836 cum
1784 2795 1852 2838 eo
1880 2784 2020 2838 ami-

461 2874 589 2929 citia
623 2874 756 2927 inita
781 2882 970 2927 mutua
1000 2881 1057 2925 et
1086 2872 1333 2939 pecuniis
1354 2872 1498 2926 datis
1532 2888 1642 2926 non
1673 2874 1862 2938 paucis
1891 2889 2017 2928 eum

458 2962 517 3021 in
556 2973 875 3035 potestatem
911 2977 1064 3017 suam
1095 2961 1326 3030 accepit,
1360 2969 1417 3016 et
1448 2961 1594 3015 misit
1616 2978 1739 3017 eum
1762 2963 1921 3036 565
1948 2966 2004 3020 in

459 3052 738 3111 Tenedum
767 3052 999 3108 insulam
1034 3068 1139 3105 una
1179 3066 1302 3106 cum
1329 3053 1581 3124 conjuge,
1607 3053 1809 3110 liberos
1834 3064 2014 3111 autem

456 3148 578 3218 ejus
610 3145 999 3201 custodiendos
1041 3144 1192 3198 dedit
1239 3159 1443 3215 genero
1490 3144 1560 3198 ab
1605 3158 1793 3201 sorore
1820 3145 2016 3203 Latino

454 3255 522 3295 eo
552 3248 793 3307 tempore
825 3236 999 3291 Lesbo
1038 3236 1225 3290 insula:
1259 3236 1565 3306 imperanti.
1600 3236 2016 3308 Expugnaverat

454 3330 603 3384 enim
636 3345 727 3384 rex
757 3339 919 3385 antea
961 3329 1108 3383 bello
1145 3327 1388 3384 Gratiani
1426 3328 1614 3384 urbem
1649 3330 1703 3384 in
1735 3346 1838 3400 qua
1881 3332 2011 3389 Mat.

2143 873 2241 927 καὶ
2278 876 2609 945 τραυμάτων
2650 879 2773 950 δίχα
2811 880 2889 952 τῷ
2933 870 3152 953 βασιλεῖ
3198 886 3487 956 γεγονότος
3517 886 3707 958 ἕτερον

2141 964 2449 1034 ἐπιγίνεται
2491 967 2698 1039 μεῖζον,
2730 968 2934 1041 μᾶλλον
2962 975 3020 1030 δὲ
3055 975 3168 1031 τῶν
3209 978 3360 1050 αὐτῷ
3399 982 3705 1048 σπουδαζο-

2143 1055 2320 1145 μένων
2350 1059 2411 1111 τὸ
2443 1061 2701 1128 μέγιστόν
2729 1080 2789 1117 τε
2836 1066 2932 1119 καὶ
2963 1068 3376 1136 κριταιότατον.
3422 1074 3518 1127 καὶ
3548 1075 3609 1128 τό
3635 1091 3701 1145 γε

2140 1137 2349 1212 βέλτιον
2375 1147 2470 1200 καὶ
2497 1145 2956 1222 θαυμαστότερον,
2978 1154 3061 1207 ὅτι
3088 1156 3184 1210 καὶ
3207 1155 3305 1222 ξὺν
3324 1158 3504 1214 οὐδενὶ
3530 1137 3698 1232 ardvus.

2149 1234 2461 1307 Ἰσταμένου
2492 1239 2600 1311 γάρ
2630 1235 2730 1311 ἤδη
2762 1240 2854 1297 τοῦ
2890 1244 3102 1315 θέρους,
3136 1249 3232 1302 καὶ
3268 1251 3379 1306 τιῖιν
3411 1254 3700 1324 ἀσταχύων

2137 1327 2603 1399 προκαλουμένων
2657 1334 2784 1397 τοὺς
2843 1335 3098 1406 θεριστὰς
3146 1341 3245 1395 καὶ
3308 1343 3697 1414 ἁμαλλοδέτας,

2135 1420 2606 1491 τετρακισχιλίους
2639 1425 2840 1489 ίππέας
2872 1427 3184 1499 βαρϐάρους
3209 1431 3517 1505 ἀνειληφὼς
3558 1450 3702 1507 πεμ-

2136 1507 2368 1577 φθέντας
2394 1513 2550 1583 παρὰ
2578 1514 2671 1568 τοῦ
2719 1518 2984 1587 Ὑρκανοῦ
3012 1521 3106 1579 τοῦ
3141 1524 3395 1596 γαμϐροῦ
3426 1525 3700 1592 Πατθαίος

2133 1602 2162 1654 6
2216 1602 2472 1671 βασιλεὺς
2535 1608 2564 1660 6
2614 1608 2709 1661 τοῦ
2767 1610 3225 1684 Καντακουζηνοῦ
3280 1618 3435 1683 υίὸς,
3487 1620 3584 1674 καὶ
3645 1623 3699 1675 εί

2130 1686 2197 1765 [ΐ.
2230 1694 2336 1748 επ
2384 1694 2437 1770 6]
2469 1714 2613 1761 τινες
2644 1696 2756 1754 εἷεν
2798 1705 2866 1773 τῇ
2896 1703 3062 1758 αὐτοῦ
3095 1706 3329 1777 βασιλίδι
3380 1711 3699 1775 ὑπείκοντες

2132 1784 2471 1853 στρατιῶται
2510 1786 2773 1858 Ῥωμαῖοι
2814 1795 2944 1864 περὶ
2987 1794 3050 1849 τὸ
3078 1797 3349 1867 Βωλερὸν,
3381 1801 3476 1853 καὶ
3501 1796 3695 1864 διαϐὰς

2130 1877 2227 1938 τάς
2301 1881 2432 1949 περὶ
2489 1881 2885 1951 Χριστούπολιν
2953 1888 3333 1957 ἐστενωμένας
3402 1891 3694 1962 παρόδους.

2129 1966 2379 2034 ὲληῖζετο
2428 1969 2497 2023 τὰ
2534 1971 2794 2028 ἐπέκεινα
2847 1976 3128 2032 Φιλίππων
3177 1979 3371 2045 ἄστεα,
3412 1980 3616 2049 μᾶλλον
3646 1982 3691 2034 δ’

2131 2055 2234 2110 ὅσα
2280 2058 2536 2129 περίοικα
2586 2061 2798 2128 τούτοις
2844 2066 3021 2137 χωρία
3059 2067 3349 2137 Ῥωμαίων
3396 2071 3493 2138 μέν
3535 2072 3692 2134 ὄντα,

2129 2145 2348 2217 ὑπήκοα
2372 2150 2428 2203 δὲ
2461 2151 2784 2223 Τριϐαλλοῖς
2821 2156 2885 2209 ἐκ
2917 2155 3138 2211 πολλοῦ.
3167 2160 3233 2213 Ὃ
3278 2163 3694 2228 προεγνωκότος

2126 2233 2223 2286 τοῦ
2256 2236 2358 2304 τὴν
2387 2235 2571 2306 χώραν
2620 2239 2840 2310 ἐκείνην
2893 2243 3198 2313 τηνικαῦτα
3241 2247 3520 2309 διέποντος
3562 2246 3696 2316 Τρι-

2126 2319 2346 2383 ϐαλλοῦ,
2384 2328 2478 2376 καὶ
2522 2325 2874 2390 ἀντιστάντος
2917 2329 2976 2381 ὲν
3021 2328 3229 2395 ὅπλοις,
3285 2323 3493 2403 ὴττῆοη
3547 2336 3694 2389 κατὰ

2125 2412 2323 2481 κράτος
2367 2414 2646 2480 Ματθαίος
2676 2418 2705 2471 6
2741 2418 3020 2487 βασιλεὺς,
3049 2422 3145 2475 καὶ
3185 2423 3327 2476 ἑάλω
3373 2426 3471 2493 μὲν
3519 2427 3692 2490 αὐτὸς

2126 2498 2256 2567 ζῶν,
2288 2502 2531 2557 ἑάλωσαν
2552 2500 2609 2559 δὲ
2638 2508 2734 2562 καὶ
2762 2510 2812 2562 οἱ
2844 2510 2963 2580 μετ’
2987 2510 3152 2564 αὐτοῦ
3193 2513 3378 2582 σχεδὸν
3416 2514 3688 2583 ἅπαντες,

2124 2592 2239 2647 ὅσοι
2277 2593 2352 2665 μὴ
2374 2595 2559 2664 ξίφους
2583 2596 2742 2668 ἔργον
2770 2602 2828 2653 ὲν
2855 2603 2922 2671 τῇ
2954 2601 3107 2674 μάχῃ
3148 2604 3491 2676 γεγένηνται.
3513 2606 3687 2659 Τοῦτο

2125 2684 2315 2752 μαθὼν
2341 2689 2370 2740 6
2397 2686 2651 2758 βασιλεὺς
2689 2693 2826 2761 ἄρας
2874 2693 2941 2745 ὲκ
2969 2694 3197 2760 Λέσϐου,
3224 2694 3351 2749 ἔνθα
3382 2697 3685 2767 τηνικαῦτα
3719 2685 3731 2697 ’

2120 2777 2219 2846 τὴν
2249 2779 2512 2849 ναυτικὴν
2540 2781 2830 2835 διανέπαυε
2868 2783 3101 2853 δύναμιν
3143 2787 3239 2839 καὶ
3292 2786 3364 2838 τὰ
3408 2787 3544 2856 πρὸς
3576 2803 3681 2839 πο-

2120 2864 2366 2938 λιορκίαν
2405 2872 2677 2925 Φωκαέων
2724 2875 3072 2928 συντείνοντα
3117 2876 3443 2948 ἡτοιμάζετο
3473 2894 3532 2930 τε
3580 2880 3685 2932 καὶ
3789 2905 3803 2914 -

2118 2961 2542 3030 προηυτρέπιζε,
2595 2965 2859 3034 πλήρεσιν
2920 2967 3112 3023 ἱστίοις
3173 2968 3426 3039 καταίρει
3484 2970 3548 3031 ἐς
3608 2970 3681 3023 τὰ

2117 3051 2278 3120 πέριξ
2344 3053 2619 3122 Ἀϐδήρων
2676 3058 2927 3113 ἐπίνειαθ
2989 3060 3084 3113 καὶ
3140 3061 3397 3130 πρέσϐεις
3461 3060 3682 3115 ἐκεῖθεν

2114 3139 2421 3209 πεπομφὼς
2491 3141 2568 3210 τῷ
2635 3143 2727 3196 τὸν
2782 3144 3064 3200 Ματθαϊον
3113 3152 3401 3219 κατέχοντι
3453 3149 3681 3218 δέσμιον

2113 3226 2419 3299 Τριϐαλλῷ,
2453 3230 2549 3284 καὶ
2588 3230 2771 3301 φιλίαν
2822 3231 2945 3296 δοὺς
2974 3235 3068 3287 καὶ
3108 3234 3310 3304 λαϐὼν,
3342 3237 3437 3291 καὶ
3477 3237 3681 3307 δώροις

2112 3320 2171 3372 οὐ
2222 3322 2437 3389 μικροῖς
2484 3320 3048 3393 φιλοφρονησάμενος,
3093 3325 3304 3396 είληφε.
3351 3329 3466 3381 Καὶ
3509 3328 3681 3382 αὐτὸν

456 3422 581 3477 ιιιιεὶ
613 3434 746 3474 uxor
775 3436 898 3474 cum
932 3419 1123 3474 liberis
1168 3420 1468 3474 habitabat.
1527 3419 1603 3474 lbi
1653 3431 1835 3477 autem
1881 3438 2006 3477 cum

2117 3411 2216 3479 μὲν
2262 3411 2484 3479 δέσμιον
2520 3412 2656 3481 πρδς
2686 3412 2914 3468 Τένεδον
2952 3416 3161 3485 πέμπει
3188 3417 3287 3488 τὴν
3327 3418 3490 3486 νῆσον
3532 3417 3679 3487 δμοῦ

453 3513 663 3569 litteras
709 3514 898 3583 plures
938 3528 968 3566 a
1018 3513 1290 3582 Byzantiis
1335 3512 1588 3568 Matthaeo
1634 3515 1771 3567 clam
1817 3516 2010 3570 missas

2114 3505 2175 3571 τῇ
2203 3500 2442 3573 συζύγῳ,
2478 3505 2545 3557 τὰ
2575 3505 2633 3557 δὲ
2669 3506 2835 3560 τέκνα
2866 3506 3160 3574 φυλάττειν
3206 3511 3432 3580 παρέχει
3470 3511 3548 3581 τῷ
3581 3513 3680 3566 ἐπ’

457 3614 747 3673 antequam
772 3613 965 3672 captus
989 3613 1109 3659 erat
1138 3586 1609 3673 invenisset;un
1639 3604 1854 3659 illorum
1882 3620 2008 3674 erga

451 3709 577 3749 eum
618 3693 1053 3748 benevolentiaru
1105 3701 1160 3746 et
1206 3690 1443 3748 favorem
1496 3693 1859 3753 testabantur.
1898 3709 2006 3747 una

453 3787 671 3841 illorum
696 3785 925 3841 insidias
952 3786 1005 3839 in
1030 3783 1416 3854 Palreologum,
1438 3798 1531 3837 rex
1553 3782 1713 3838 aliam
1744 3783 1850 3839 sibi
1878 3790 2009 3854 ope-

452 3890 569 3932 ram
609 3877 714 3932 sub
761 3877 1014 3933 manibus
1066 3892 1189 3932 esse
1238 3875 1544 3940 simulans,
1596 3877 1699 3930 iter
1730 3876 1894 3930 vertit
1939 3875 2005 3930 ad

448 3987 608 4027 suum
636 3970 808 4039 ipsius
831 3969 1176 4025 commodum
1210 3967 1494 4033 tuendum,
1526 3978 1583 4023 et
1606 3967 1825 4022 silentio
1866 3968 2005 4023 clam

448 4056 710 4117 omnibus
751 4060 1111 4116 familiaribus
1142 4060 1461 4130 Byzantium
1510 4076 1570 4114 se
1623 4060 1857 4114 contulit
1900 4076 2005 4115 una

447 4167 570 4207 cum
603 4150 852 4214 trireme,
870 4160 925 4205 et
970 4151 1045 4204 ibi
1096 4166 1125 4203 a
1175 4151 1394 4205 nemine
1437 4151 1820 4222 Byzantiorum
1857 4152 2007 4221 prius

445 4242 698 4309 cognitus
725 4250 998 4307 estquam
1036 4241 1236 4310 regiam
1269 4242 1490 4296 domum
1532 4242 1788 4297 intrasset
1827 4253 1881 4297 et
1922 4260 2007 4298 re-

444 4332 623 4405 ginam
653 4334 765 4402 ipse
789 4334 1097 4387 salutasset.
1117 4333 1268 4398 Quod
1299 4350 1421 4388 cum
1443 4332 1722 4403 Hyrcanus
1742 4332 2005 4406 Bithyniae

448 4433 663 4493 satrapa
689 4424 993 4490 accepisset
1015 4462 1030 4485 ,
1075 4422 1246 4476 multo
1285 4423 1537 4476 crebrius
1566 4438 1689 4475 eum
1721 4423 2004 4492 legationi-

434 4515 549 4568 bus
579 4512 826 4569 incitavit
852 4520 911 4565 ut
944 4512 1177 4565 reditum
1207 4510 1536 4565 acceleraret
1565 4521 1785 4581 propter
1814 4509 1907 4566 lilii
1940 4514 2005 4566 li-

444 4606 782 4661 berationem
809 4646 824 4669 ,
873 4602 980 4657 nisi
1024 4617 1285 4657 novarum
1333 4604 1613 4655 turbarum
1646 4612 1702 4657 et
1733 4606 2001 4662 tumultus

443 4709 664 4750 causam
691 4694 833 4748 inter
857 4693 1133 4748 Romanos
1156 4691 1268 4744 ﬁeri
1293 4692 1465 4759 ipsius
1483 4692 1789 4747 tarditatem
1816 4695 1995 4749 vellet.

2109 3595 2310 3665 ἀδελφῇ
2341 3595 2574 3667 γαμϐρῷ
2603 3600 2836 3666 Λατίνῳ,
2869 3598 2948 3668 τῷ
2993 3601 3298 3671 τηνικαῦτα
3327 3602 3538 3657 Λέσϐου
3567 3604 3680 3674 τῆς

2107 3690 2273 3759 νήσου
2301 3689 2742 3760 ἐπιτροπεύοντι.
2779 3690 2961 3761 Ἔφθη
3003 3692 3112 3759 γὰρ
3144 3692 3368 3758 πολέμῳ
3399 3693 3674 3762 προειλη-

2109 3780 2225 3850 φὼς
2256 3785 2284 3835 6
2312 3780 2567 3850 βασιλεὺς
2611 3784 2704 3835 καὶ
2729 3784 2828 3852 τὴν
2860 3782 3159 3851 Γρατιανοῦ
3202 3783 3377 3849 πόλιν,
3408 3786 3467 3837 ὲν
3570 3786 3676 3838 καὶ

2107 3873 2141 3941 ὴ
2183 3871 2464 3925 Ματθαίου
2506 3872 2646 3939 μετὰ
2693 3873 2802 3926 τῶν
2844 3871 3048 3925 τέκνων
3095 3867 3230 3943 ᾤκει
3273 3874 3428 3942 γυνή.
3474 3873 3673 3927 Ὁπότε

2107 3963 2238 4031 παρ’
2270 3963 2402 4031 αὐτῇ
2452 3966 2549 4016 καὶ
2578 3962 2884 4033 γράμματα
2933 3961 3168 4032 εὕρηται
3203 3962 3514 4028 Βυζαντίων
3543 3964 3674 4016 πολ-

2105 4054 2233 4116 λῶν,
2297 4054 2471 4123 λάθρα
2527 4054 2791 4122 Μςλτθαίῳ
2853 4055 3180 4123 πεμπόμενα
3249 4057 3379 4126 πρὶν
3434 4055 3668 4120 ἁλῶναι,

2103 4144 2388 4197 δεικνύντα
2427 4144 2524 4214 τὴν
2558 4144 2706 4212 σφῶν
2740 4148 2877 4213 πρὸς
2906 4145 3069 4198 αὐτὸν
3106 4148 3325 4199 εὔνοιαν
3368 4150 3463 4199 καὶ
3508 4163 3670 4213 στορ-

2104 4232 2227 4298 γὴν,
2285 4231 2380 4282 καὶ
2442 4232 2541 4284 ὅσα
2605 4232 2866 4284 ἐπίϐουλα
2935 4235 3076 4286 κατὰ
3137 4234 3233 4286 τοῦ
3296 4234 3667 4301 Παλαιολόγου

2105 4310 2580 4384 συνεσκευάζοντο.
2615 4320 2693 4373 Δι’
2730 4321 2764 4373 ἃ
2793 4322 2855 4391 δὴ
2888 4323 2980 4375 καὶ
3009 4322 3107 4395 τὴν
3136 4323 3239 4376 ἀνὰ
3279 4326 3468 4392 χεῖρας
3495 4326 3668 4396 ἄλλην

2103 4411 2337 4480 σπουδὴν
2383 4414 2411 4463 6
2461 4412 2713 4480 βασύεὒς
2765 4413 3155 4480 ὑπερθέμενος.
3206 4415 3305 4480 τήν
3350 4430 3409 4465 τε
3467 4414 3667 4483 στολὴν

2101 4502 2300 4572 ἠμειψε
2330 4502 2460 4571 πρὸς
2494 4502 2554 4554 τὸ
2580 4502 3006 4572 ἰιῖιωτικὼτερον,
3054 4503 3116 4573 [ί.
3138 4504 3244 4557 252
3269 4504 3320 4575 ὁ]
3355 4506 3445 4557 καὶ
3481 4505 3665 4557 λαϐὼν

2099 4595 2304 4656 πάντας
2346 4596 2583 4655 οἰκείους
2624 4591 2726 4664 ἧκε
2782 4595 3020 4659 σπεύσας
3053 4599 3132 4657 εἰς
3182 4596 3477 4656 Βυζάντιον
3517 4598 3660 4666 μετὰ

2102 4688 2226 4755 μιᾶς
2262 4687 2543 4753 τριήρους.
2576 4688 2685 4739 Καὶ
2712 4686 2811 4738 οὐκ
2840 4687 3109 4754 ἔγνωσται
3141 4686 3449 4751 Βυζαντίων
3478 4690 3661 4742 οὐδενὶ

441 4778 576 4851 Imp.
608 4784 773 4852 igitur
803 4792 1064 4852 quantum
1101 4781 1214 4834 ﬁeri
1248 4780 1423 4848 potuit
1451 4781 1728 4835 monibus
1750 4781 1990 4853 Byzantii

2114 4781 2225 4847 πρὶν
2274 4777 2533 4829 εἰσελθεῖν
2576 4781 2656 4838 εἰς
2706 4776 2769 4829 τά
2817 4777 3062 4844 βασίλεια
3120 4780 3215 4831 καὶ
3262 4779 3358 4849 τὴν
3408 4780 3657 4848 βασιλίδα

382 4872 407 4888 ’
439 4872 717 4941 oppressis
752 4879 948 4942 praeter
964 4872 1218 4945 pmnium
1252 4870 1565 4938 opinionem
1593 4871 1735 4924 intra
1767 4873 2000 4941 quadra-

438 4964 589 5034 ginta
621 4964 737 5016 dies
766 4977 872 5017 una
918 4977 1042 5016 cum
1078 4962 1300 5014 trireme
1335 4976 1494 5029 quam
1530 4962 1815 5024 celerrime
1851 4964 1997 5018 redi-

439 5066 552 5112 tttm
578 5055 765 5108 habuit
789 5073 802 5108 :
832 5053 924 5107 sed
956 5062 1244 5122 antequam
1267 5066 1513 5106 reversus
1530 5061 1674 5107 esset
1696 5053 1990 5108 Romanam

435 5147 664 5200 classem
696 5146 978 5213 Conspexit
1023 5143 1338 5213 Byzantium
1383 5144 1725 5211 navigantem
1758 5182 1772 5209 ,
1828 5143 1990 5212 idque

435 5235 586 5289 nullo
611 5235 778 5302 ipsius
808 5234 984 5303 jussu,
1012 5233 1083 5286 ita
1112 5244 1170 5285 ut
1199 5243 1407 5286 tantum
1437 5248 1543 5287 non
1574 5233 1863 5287 stationem
1896 5235 1988 5288 dc-

433 5324 696 5379 seruisset
748 5321 910 5392 566
957 5324 1215 5375 omnibus
1255 5322 1419 5392 regiis
1468 5324 1703 5377 mandati
1755 5326 1986 5381 vinculis

432 5412 695 5480 abruptis.
737 5410 1152 5466 Prirtendebant
1176 5421 1355 5467 autem
1391 5427 1448 5467 se
1478 5414 1803 5467 necessitate
1829 5430 1986 5469 coac—

430 5513 515 5561 tos
538 5503 757 5559 Tenedo
788 5504 1103 5575 Byzantium
1139 5519 1387 5558 reversos
1427 5519 1569 5568 esse,
1617 5514 1834 5575 propter
1868 5505 1986 5558 ino-

430 5596 571 5648 niam
605 5596 1035 5650 necessariorum
1061 5637 1075 5659 ,
1122 5609 1298 5662 neque
1333 5595 1567 5661 amplius
1602 5606 1851 5649 ευιίδιίιτε
1884 5612 1979 5664 po-

436 5685 595 5740 .uisse
624 5685 1005 5746 classem.sine
1038 5685 1387 5749 imperatore.
1424 5684 1595 5738 Iratus
1628 5687 1787 5747 igitur
1822 5687 1976 5754 imp.,

2089 4868 2440 4920 ἀσπάσασθαι
2474 4869 2571 4920 σὺν
2611 4868 2866 4937 ἰδιωτικῷ
2917 4867 2996 4937 τῷ
3028 4869 3289 4937 σχήματι.
3321 4872 3508 4924 Ταῦτα
3551 4889 3655 4939 μα-

2088 4958 2197 5010 θὼν
2233 4960 2497 5029 Ὑρκανὸς
2526 4962 2553 5012 6
2580 4960 2675 5029 τῆς
2710 4959 2961 5023 Βιθυνίας
3001 4964 3283 5030 σατράπης
3320 4963 3649 5033 Βαρϐάρων,
3684 4968 3701 4975 “

2086 5050 2403 5119 πρεσϐείαις
2432 5052 2590 5103 αὐτὸν
2619 5052 2972 5118 πυκνοτέραις
2996 5053 3347 5121 ἐπιταχύνειν
3372 5056 3648 5122 ἠνάγκαζε

2084 5145 2181 5213 τὴν
2226 5145 2483 5197 ἐπάνοδον
2544 5145 2854 5214 ἐλευθερίας
2906 5147 3067 5202 ἕνεκα
3115 5150 3205 5201 τοῦ
3258 5151 3437 5214 υἱέος,
3473 5153 3521 5204 εί
3574 5154 3649 5222 μὴ

2088 5235 2330 5305 βούλοιτο
2358 5237 2663 5291 σκανδάλων
2695 5240 2787 5290 καὶ
2816 5239 3061 5309 Θορύϐων
3098 5238 3255 5301 αὖθις
3286 5245 3459 5312 αρχὴν
3494 5262 3648 5312 γεγο-

2085 5326 2230 5378 νέναι
2270 5328 2410 5377 κατὰ
2457 5324 2741 5392 Ῥωμαίων
2766 5333 2862 5398 τὴν
2892 5330 3056 5383 αὑτοῦ
3094 5332 3422 5400 βραδυτῆτα.
3466 5334 3641 5385 suo-

2089 5432 2185 5476 σας
2216 5412 2308 5469 οὖν
2336 5420 2363 5469 ὁ
2391 5416 2665 5486 βασιλεὺς,
2706 5421 2798 5470 καὶ
2826 5419 2900 5483 ὡς
2935 5421 3059 5488 ἐνῆν
3104 5424 3230 5483 τοὺς
3271 5424 3328 5474 ἐν
3365 5423 3645 5492 Βυζαετίῳ

2085 5506 2346 5577 θορύϐους
2397 5512 2878 5580 καταστησάμενος
2908 5513 2965 5573 ἐς
3011 5511 3069 5566 τὸ
3112 5514 3288 5581 πάντη
3335 5515 3642 5569 ἀνύποπτον

2084 5598 2231 5658 ἐντὸς
2268 5597 2488 5666 ἡμερῶν
2536 5603 2968 5670 τεσεαράκοντα,
3003 5605 3139 5669 μετὰ
3186 5607 3315 5672 μιᾶς
3359 5608 3460 5675 τὴν
3493 5607 3635 5673 ταχέα

2088 5704 2218 5755 στην
2258 5690 2467 5759 ἀνήχθη
2498 5693 2777 5758 τριήρους.
2823 5695 2980 5747 Ἀλλὰ
3034 5697 3160 5773 πρὶν
3193 5698 3515 5763 buxeam.
3548 5699 3634 5748 τὸν
