4060 6204
408 337 508 394 ευι

1388 327 1828 388 ΒΥΖΑΝΤΙΝιΕ
1862 325 2246 387 HISTORIA!
2277 327 2418 388 LIB.
2448 324 2745 389 XXXVII.

3533 320 3638 384 502

424 451 728 518 Ῥωμαϊκὸν
747 448 936 500 ἐθεᾶτο
971 446 1155 500 στόλον
1177 446 1234 508 ἐς
1258 443 1549 508 Βυζάντιον
1573 443 1974 510 καταπλέοντα,

2079 459 2109 497 a
2136 444 2356 498 navium
2387 443 2616 499 ducibus
2651 452 2711 497 ut
2745 457 2845 512 par
2882 450 3002 498 erat
3033 455 3254 512 pinnam
3285 441 3432 496 illico
3479 445 3637 512 petiit

409 543 619 611 οὶδαμῆ
667 540 810 594 κατὰ
864 539 1092 608 γνώμην
1139 538 1327 602 αὐτοῦ,
1378 539 1462 590 ὅτι
1506 536 1583 607 μὴ
1616 536 1979 607 λειποτακτή-

413 635 584 688 σαντα
609 651 668 686 τε
700 634 796 688 καὶ
827 633 1036 695 πάντας
1062 632 1296 699 δεσμοὺς
1337 631 1658 700 προσταγῆς
1687 629 1977 700 βασιλικῆς

411 727 823 797 ἀπορρήξαντα,
859 727 950 779 καὶ
979 725 1037 786 ἐς
1080 723 1378 788 Βυζάντιον
1409 725 1474 777 ἐκ
1520 723 1746 776 Τενέδου
1784 722 1976 776 παλιν-

407 819 760 888 δρομήσαντα
805 816 874 870 δι’
923 816 1192 884 ἀνάγκην,
1226 815 1301 878 ὡς
1344 816 1606 884 ἔφασκον,
1641 815 1752 869 τῶν
1782 816 1977 884 ἐπιτη-

410 908 567 961 δείων
599 909 773 978 ἄρδην
811 909 1177 964 ἐπιλιπόντων
1204 906 1485 972 ἁπάντων,
1515 908 1632 960 καὶ.
1656 906 1841 976 μένειν
1875 906 1976 959 οὐκ

411 1000 494 1052 ἔτι
523 1000 663 1052 κατᾶ
693 1000 876 1070 χώραν
901 1000 1206 1068 δυναμένης
1245 998 1344 1068 τῆς
1389 999 1650 1068 ναυτικῆς
1684 998 1974 1070 ἀναρχίας.

424 1086 728 1154 Ὀργισθεὶς
764 1086 859 1140 οὖν
891 1089 1003 1150 τοῖς
1035 1086 1329 1156 ναυάρχοις
1378 1086 1473 1140 καὶ
1503 1086 1572 1139 τὰ
1604 1087 1792 1140 εἰκότα
1847 1090 1974 1140 ὲπι-

405 1177 652 1246 τιμήσας
695 1176 786 1230 διὰ
835 1176 1084 1246 βραχέων
1128 1177 1210 1248 (τὸ
1249 1177 1358 1246 γὰρ
1388 1177 1488 1246 τῆς
1513 1176 1667 1247 ὥρας
1696 1175 1884 1228 στενὸν
1911 1175 1972 1227 ού

409 1269 669 1336 παρεῖχεν
696 1268 1040 1337 εὐρυχωρίαν
1078 1267 1154 1337 τῷ
1207 1269 1434 1336 πλείονι)
1470 1269 1570 1338 τῆς
1603 1267 1972 1338 προκειμένης

404 1356 582 1425 εἴχετο
615 1357 876 1428 σπουδῆς,
903 1360 968 1428 τῇ
999 1357 1252 1429 βασιλικῇ
1281 1359 1565 1429 ναυαρχίδι
1596 1360 1851 1428 μονήρεις
1879 1358 1974 1410 δύο

408 1448 578 1512 μόνας
608 1447 949 1516 ἐπαγόμενος
1001 1450 1406 1518 συμπλεούσας.
1438 1449 1502 1523 [1⁵.
1532 1451 1640 1505 275
1691 1450 1768 1524 b.]
1817 1451 1974 1508 Ἐπεὶ

403 1534 450 1585 δ’
482 1533 610 1604 ἄχρι
639 1536 732 1588 καὶ
784 1535 839 1598 ἐς
882 1537 1280 1609 Προικόννησον
1328 1533 1396 1609 ἦν
1437 1540 1766 1610 ἀφιγμένος,
1795 1541 1972 1606 ἔδοξεν

403 1625 615 1679 ἐκεῖθεν
651 1625 837 1692 δεξιὰν
867 1629 926 1694 ἐξ
957 1628 1151 1696 ἐφόδου
1195 1628 1272 1699 τῷ
1312 1630 1565 1702 ’Υρκανῷ
1597 1631 1971 1702 πεπομφέναι,

402 1716 502 1784 τὴν
531 1716 742 1771 ἐκείνου
768 1719 994 1790 καρδίαν
1019 1720 1387 1791 ἠρεθισμένην
1427 1723 1506 1784 εἰς
1537 1722 1772 1791 ὑποψίας
1804 1739 1972 1776 σκαν-

2078 534 2194 589 sine
2226 549 2372 588 mora
2416 534 2698 606 (temporis
2761 534 2907 589 enim
2951 533 3194 589 brevitas
3234 535 3639 589 cunctationem

2077 626 2278 679 nullam
2344 625 2596 690 admisit,
2652 633 2709 681 et
2777 640 2866 679 res
2917 624 3148 696 urgebat
3216 625 3636 696 maximopere).

2075 716 2284 773 Deinde
2316 715 2530 772 duabus
2565 723 2772 771 tantum
2810 716 3157 772 uniremibus
3189 718 3349 787 regiae
3382 718 3508 771 navi
3539 718 3638 770 ad-

2071 809 2296 880 junetis,
2315 823 2438 864 cum
2475 823 2645 878 usque
2678 809 2745 864 ad
2775 809 3206 864 Prwconnesum
3236 809 3496 873 venisset,
3525 812 3639 878 ipsa

2075 902 2132 958 in
2162 903 2250 956 via
2285 901 2334 956 ei
2364 901 2498 956 utile
2529 901 2707 962 visum
2736 910 2819 956 est
2844 899 3098 973 Hyrcano,
3135 900 3434 955 amicitiam
3463 900 3642 955 decla-

2085 1006 2230 1056 rare,
2267 999 2328 1048 ut
2357 991 2603 1054 animum
2639 990 2758 1060 ejus
2787 991 2900 1060 jam
2932 989 3002 1044 ad
3031 991 3398 1059 suspicionem
3419 991 3484 1044 de
3513 1005 3640 1057 pcr-

2065 1081 2201 1136 'ﬁdia
2237 1097 2565 1152 propensum
2589 1082 2776 1150 denuo,
2805 1083 2908 1136 sibi
2941 1083 3345 1144 reconciliaret,
3371 1091 3427 1136 et
3457 1083 3528 1136 ita
3557 1098 3634 1147 rc,

2074 1189 2181 1230 non
2213 1175 2402 1242 verbo,
2419 1174 2674 1245 probaret
2709 1172 2841 1242 imp.
2892 1175 3135 1227 animum
3179 1175 3450 1243 integrum
3495 1187 3636 1235 esse,

2073 1280 2252 1336 neque
2270 1267 2441 1320 ullum
2466 1266 2652 1321 dolum
2675 1265 3007 1336 expeditioni
3031 1266 3407 1320 intervenisse.
3435 1262 3639 1319 Deinde

2073 1374 2200 1414 cum
2227 1359 2402 1429 plenis
2429 1359 2566 1413 velis
2589 1357 2826 1429 primum
2854 1357 3134 1414 Tenedum
3182 1358 3517 1427 appulisset,
3564 1356 3637 1410 ibi

2073 1448 2415 1504 deliberabat
2439 1449 2505 1503 de
2532 1449 2642 1503 [ilio
2667 1447 2901 1519 Hyrcani
2936 1456 2991 1503 et
3021 1449 3089 1503 de
3122 1448 3516 1516 redemptionis
3549 1463 3641 1516 pe-

2073 1540 2250 1596 cuniis
2274 1555 2395 1610 qua:
2418 1539 2792 1596 Pboeensibus
2820 1541 3105 1604 darentur,
3136 1549 3194 1594 et
3220 1539 3288 1594 de
3322 1539 3506 1592 uxoris
3531 1537 3640 1592 fra-

2074 1646 2157 1694 tre
2188 1635 2461 1698 Matthteo,
2511 1632 2606 1704 qui
2645 1633 2852 1688 Tenedi
2897 1633 2954 1688 in
2991 1647 3120 1694 arce
3150 1631 3458 1688 custoditus
3492 1639 3644 1685 tene-

2073 1722 2254 1792 batur,
2293 1733 2349 1779 et
2377 1732 2602 1795 prepter
2629 1739 2790 1793 quem
2838 1724 3058 1790 silentio
3090 1721 3455 1779 moliebantur
3499 1721 3643 1777 sedi-

403 1807 577 1862 δάλων
625 1787 1085 1879 ὲξομαλίσουσαν,
1140 1787 1235 1864 καῖ
1291 1787 1616 1882 πράγμασιν
1655 1787 1728 1866 *ού
1787 1813 1969 1882 λόγοις

2074 1817 2299 1882 tionem,
2332 1815 2461 1884 quid
2521 1813 2830 1870 faciendum
2874 1825 3040 1869 esset.

404 1898 684 1964 δείξουσαν
728 1901 786 1953 τὸ
824 1901 926 1970 τῆς
968 1902 1260 1973 βασιλικῆς
1303 1904 1530 1974 γνώμης
1565 1904 1877 1972 ἀκήρατον,
1936 1904 2012 1968 ὡς
2070 1904 2222 1969 δόλος
2269 1905 2444 1964 οὐδεὶς
2493 1903 2768 1972 μεσιτεύει
2817 1906 2932 1966 τοῖς
2981 1903 3322 1972 πράγμασιν.
3375 1905 3530 1958 Μετὰ
3585 1905 3642 1958 δὲ

403 1995 577 2048 ταῦτα
646 1995 916 2067 πλήρεσιν
945 1998 1138 2062 ίστίοις
1167 2000 1224 2062 ὲς
1279 1999 1505 2052 Τένεδον
1537 2000 1754 2070 πρῶτον
1785 2001 2036 2069 ἀφῖκται,
2079 1999 2502 2069 βουλευσόμενος
2557 2001 2737 2052 ἐκεῖσε
2797 1999 2960 2069 σχολῇ
3016 2000 3144 2069 περί
3191 2017 3250 2051 τε
3297 1999 3390 2052 τοῦ
3453 1999 3644 2060 παιδὸς

414 2091 684 2160 Ὑρκανοῦ
750 2097 844 2148 καὶ
890 2096 998 2149 τῶν
1025 2096 1166 2166 ὑπὲρ
1197 2097 1360 2151 αὐτοῦ
1423 2099 1708 2152 Φωκαεῦσι
1769 2098 2147 2169 δοθησομένων
2192 2098 2426 2168 λύτρων,
2461 2099 2554 2151 καὶ
2586 2097 2723 2165 πρός
2769 2112 2833 2164 γε
2900 2096 3028 2164 περὶ
3080 2096 3174 2148 τοῦ
3209 2096 3643 2164 γυναικαδέλφου

403 2183 709 2248 Ματθαωυ,
746 2187 805 2248 ὃς
860 2186 1268 2256 φρουρούμενος
1319 2187 1418 2257 μὲν
1463 2184 1532 2260 ἦν
1574 2192 1639 2259 τῇ
1673 2189 1780 2243 τῶν
1811 2190 2076 2243 Τενεδίων
2115 2189 2430 2259 ἀκροπόλει,
2471 2187 2557 2241 διὰ
2598 2187 2644 2240 δ’
2676 2187 2838 2240 αὑτὸν
2879 2187 3245 2255 νεωτερισμός
3285 2203 3367 2249 τις
3400 2186 3645 2255 ὲξηχεῖτο

404 2278 687 2346 λαθραῖος,
745 2280 840 2333 καὶ
910 2280 1011 2333 ὅσα
1079 2283 1173 2336 ἐπὶ
1223 2281 1434 2344 τούτοις
1493 2283 1752 2352 πράττειν
1812 2280 2010 2351 χρεῶν.

477 2375 575 2427 ΙΖ’.
605 2376 716 2428 Καὶ
753 2376 926 2430 ταῦτα
959 2376 1058 2443 μὲν
1098 2379 1219 2446 τῇδέ
1250 2395 1326 2447 πη
1358 2377 1612 2446 ἐφέρετο,
1638 2380 1732 2431 καὶ
1772 2377 1833 2430 τὸ
1871 2394 1966 2446 με-

2141 2373 2306 2429 Χνιι.
2343 2373 2469 2428 Πεεο
2518 2372 2683 2444 igitur
2718 2372 2792 2426 ita
2829 2387 2887 2428 se
2925 2371 3258 2437 habuerunt,
3301 2382 3357 2426 et
3390 2385 3643 2429 auctum-

404 2465 654 2533 τόπωρον
697 2468 754 2520 ἐν
798 2468 1009 2532 τούτοις
1050 2469 1305 2522 ἐτελεύτα
1332 2486 1345 2500 ο
1375 2469 1484 2532 ἐγὼ
1538 2469 1584 2523 δ’
1628 2468 1967 2538 ὲπανάληψιν

2074 2483 2177 2524 nus
2200 2469 2409 2522 interea
2438 2466 2632 2521 ﬁnivit.
2656 2465 2774 2520 Jam
2802 2481 2934 2520 vero
2960 2481 3060 2534 ego
3085 2481 3208 2520 cum
3241 2467 3348 2520 huc
3377 2468 3639 2528 venerim,

407 2556 659 2624 μετρίαν,
696 2558 945 2612 ἐνταυθοῖ
980 2559 1076 2612 τοῦ
1098 2560 1259 2627 λόγου
1290 2562 1604 2630 γενόμενος,
1632 2561 1966 2628 ποιήσασθαι

407 2648 672 2718 βούλομαι
723 2651 830 2703 τῶν
863 2652 974 2706 ἄνω
1030 2669 1133 2705 που
1183 2651 1488 2723 εἰρημένων
1537 2652 1666 2720 ὑμῖν
1697 2653 1826 2723 περὶ
1857 2651 1968 2704 τῶν

404 2743 497 2794 τοῦ
534 2742 771 2812 Παλαμᾶ
816 2745 952 2814 πρὸς
993 2745 1139 2815 ἡμᾶς
1187 2745 1495 2808 διαλέξεων,
1529 2744 1616 2795 ἵνα
1657 2743 1730 2812 μὴ
1780 2742 1971 2816 πόρῤω

408 2849 510 2884 που
537 2837 638 2902 τῆς
672 2835 892 2904 μνήμης
924 2835 1016 2888 τὸν
1041 2835 1229 2904 εἱρμὸν
1275 2835 1482 2887 ἐκεῖνον
1513 2833 1762 2901 ἀφέντες,
1795 2832 1970 2886 λάθω-

411 2941 510 2992 μεν
540 2925 948 2990 ἀπολωλεκότες
975 2926 1045 2982 τὰ
1075 2927 1478 2994 ἀναγκαιότατα
1509 2927 1609 2996 τῆς
1632 2924 1968 2996 δογματικῆς

408 3015 754 3082 ὑποθέσεως.

2073 2560 2342 2616 modicam
2376 2575 2566 2614 eorum
2603 2574 2722 2629 quae
2755 2574 2921 2627 supra
2958 2559 3119 2628 567
3148 2559 3215 2613 de
3244 2558 3474 2612 Palamae
3510 2574 3643 2614 con-

2076 2662 2156 2707 tra
2184 2668 2286 2708 nos
2309 2652 2772 2723 disputationibus
2803 2652 2958 2706 vobis
2988 2651 3240 2720 exposui,
3260 2652 3642 2721 repetitionem

2073 2745 2270 2801 faciam
2293 2787 2305 2810 ,
2341 2760 2411 2798 ne
2437 2745 2489 2796 in
2530 2743 2892 2812 sequentibus
2926 2757 3110 2797 rerum
3142 2757 3285 2797 nexu
3313 2757 3344 2796 ο
3381 2742 3643 2796 memor-ia

2073 2837 2298 2902 amisso,
2347 2850 2411 2908 ea
2451 2852 2573 2905 quae
2623 2836 2708 2891 vel
2763 2836 2996 2890 maxime
3032 2833 3340 2890 necessaria
3392 2842 3521 2888 sunt
3574 2833 3647 2889 ad

2074 2929 2434 3000 dogmatieam
2469 2927 2775 2984 doctrinam
2807 2928 3120 2999 perdamus.
