4060 6204
456 367 467 377 ·
503 331 607 403 1503
1695 357 2074 449 ICEPHOR

2166 363 2533 425 διιεοοιιιι
2784 364 2787 369 ·
2848 436 2857 445 ,
3610 373 3709 438 aut

747 483 807 490 '—
930 483 2301 497 -ηΗ-Ψ-δ-Μυ-

1460 496 1667 504 ——-—
1672 498 1759 506 ..-
1770 492 2583 515 Μὴν-’Μ
2404 492 2583 499 W

1896 487 2247 495 m

3039 493 3183 503 φ’...

3186 494 3631 508 -—————_—_

2590 507 2977 517 Μ

2996 496 3183 503 _____
3366 496 3696 534 .____a

1663 642 2535 777 ΜΑΡΤΥΡΙΟΝ

814 874 974 1065 ,Τ
980 867 1282 1042 ΟΥ
1391 878 2070 1052 ΑΓΙΟΥ

2181 886 3381 1067 ΚΟΔΡΑΤΟΥ

1538 1156 1735 1243 ΚΑΙ
1806 1162 2034 1248 ΤΩΝ
2108 1162 2325 1252 ΣγΝ
2398 1152 2694 1255 Mm
2766 1146 2769 1149 ’
2884 1206 2887 1209 -

1430 1337 1522 1391 ΕΝ
1611 1340 1912 1412 ΚΟΡΙΝΘῼ
2001 1341 2136 1397 ΤΗΣ
2198 1344 2796 1405 ,ΠΕΛΟΠΟΝΝΗΣΟΥ.

633 1635 1803 1798 MARTYRIUM
1943 1643 2618 1803 SANCTI
2773 1564 3604 1810 CODRATI

1766 1928 1895 2007 ET
1959 1912 2473 2011 SOCIORUM

1561 2104 1945 2167 CORINTHI
1989 2107 2072 2166 IN
2118 2108 2213 2168 PE
2224 2107 2320 2168 LO
2331 2107 2691 2173 PONNESO

1453 2265 1837 2328 AUCTORE
1874 2267 2368 2333 NICEPHORO
2396 2268 2785 2333 GREGORA

502 2427 593 2483 ila
621 2431 790 2479 codice
823 2430 1048 2480 Bavarico
1076 2430 1208 2480 eruit
1238 2434 1291 2480 et
1323 2428 1685 2491 interpretatus
1709 2435 1788 2479 est
1821 2428 2097 2541 Rei‘rliolgps
2113 2432 2360 2553 genua”).
2387 2432 2648 2484 Societatis
2675 2434 2815 2484 Jesu.
2837 2460 2893 2471 -
2915 2436 3033 2484 Acta
3057 2437 3152 2486 SS.
3179 2434 3399 2487 Βυαιιηιι.
3431 2440 3497 2487 ad
3520 2439 3649 2490 diem
3674 2442 3721 2489 ιι

1944 2507 1969 2540 a
2061 2528 2076 2551 ,
2165 2508 2228 2541 ιη.
2313 2532 2323 2541 .

1944 2505 2076 2551 artu,
2113 2505 2228 2542 tom.
2263 2505 2323 2541 ιι.

1818 2759 2381 2823 CAPUT'PRIMUM.

1519 2880 1579 2938 S.
1612 2880 1831 2938 ϐοάν-αιὶ
1868 2884 2063 2953 patria,
2091 2883 2199 2936 vita
2224 2889 2349 2935 ante
2375 2882 2709 2951 martyrium.

575 3012 630 3067 1.
664 3009 843 3081 Magni
893 3009 1153 3080 martyris
1185 3007 1408 3063 Codrati
1463 3010 1630 3065 vitam
1681 3024 1906 3065 narrare
1965 3024 2043 3079 ag

2226 3014 2294 3061 α’.
2344 3009 2498 3077 Ἐμοὶ
2530 3009 2586 3060 δὲ
2632 3010 2723 3063 τὸν
2769 3028 2862 3065 του
2901 3029 3141 3082 μεγαλου
3193 3012 3482 3086 μάρτυρος
3514 3014 3718 3086 Κοδρᾶ-

498 3102 768 3175 gredienti
835 3100 1013 3165 mibi,
1067 3114 1176 3153 non
1245 3099 1502 3154 humanis
1565 3100 1829 3155 duntaxat
1898 3099 2061 3155 rebus

497 3189 803 3253 immorari,
868 3188 965 3244 sed
1024 3188 1412 3244 miraculorum
1472 3190 1636 3244 etiam
1698 3190 2058 3259 quorumdam

496 3281 946 3338 excellentiorum
980 3279 1098 3345 Dei,
1153 3281 1357 3349 quibus
1385 3289 1440 3335 et
1471 3289 1723 3337 recentes
1755 3290 1812 3335 et
1842 3281 2059 3349 antiqui

494 3374 626 3429 libri
660 3373 959 3436 abundant,
984 3372 1299 3427 meminisse
1324 3387 1608 3427 necessum
1641 3382 1745 3440 est,
1798 3388 1864 3427 ne
1906 3372 2060 3426 audi-

499 3474 585 3521 tor
624 3465 960 3535 intelligens,
1018 3478 1188 3533 quam
1231 3462 1513 3528 inusitata,
1575 3478 1850 3533 quamque
1885 3461 2058 3515 divini

494 3557 654 3626 plena
686 3555 938 3611 Numinis
974 3554 1142 3610 fuerit
1180 3553 1321 3608 ratio
1366 3569 1550 3608 rerum
1603 3556 1802 3617 omnis,
1850 3567 1972 3621 qum
2028 3567 2060 3606 a

495 3647 691 3717 primis
719 3646 959 3702 infantia
1013 3647 1172 3700 annis
1207 3644 1281 3699 illi
1311 3644 1649 3715 obtigerunt,
1680 3644 1840 3698 ﬁdem
1861 3644 2060 3698 habere

496 3737 631 3791 mihi
657 3735 993 3790 reformidet.
1025 3734 1102 3789 Ac
1136 3735 1262 3789 illos
1300 3733 1544 3804 quidem.
1592 3733 1685 3803 qui
1739 3732 2058 3786 stecularcm

494 3836 553 3880 ct
593 3826 851 3882 humanis
908 3825 1199 3881 atl‘ectibus
1258 3825 1419 3895 plane
1480 3823 1769 3879 obnoxiam
1818 3821 2057 3877 materia:

493 3932 729 3974 nassam
765 3918 1035 3980 redolent,
1062 3915 1334 3987 quidquid
1357 3932 1387 3970 a
1423 3915 1582 3969 nobis
1612 3915 1826 3970 dicatur
1861 3915 1928 3967 ad
1960 3928 2057 3967 na—

494 4020 634 4064 tura:
684 4024 930 4064 normam
990 4007 1295 4078 exigentes,
1359 4006 1618 4061 inducere
1677 4004 2055 4059 diiiicitliinum

494 4093 687 4159 luerit,
738 4103 799 4148 ut
844 4094 1050 4163 aliquid
1101 4094 1343 4163 cogitent
1400 4094 1487 4148 illa
1541 4093 1828 4149 sublimius
1864 4107 1879 4143 :
1910 4091 2056 4161 quod

494 4185 822 4255 quibusdam
850 4185 1004 4253 quasi
1029 4186 1285 4246 vinculis,
1316 4184 1627 4239 nullatenus
1658 4180 2055 4246 Iolerabilibus,

495 4273 840 4345 tyrannicurn
869 4275 923 4326 in
956 4274 1176 4327 modum
1205 4273 1476 4335 adstricti,
1534 4281 1697 4340 atque
1737 4274 1791 4325 in
1852 4281 2055 4326 terram

2166 3118 2263 3154 του
2324 3102 2441 3171 βίον
2470 3102 2781 3172 διηγεῖσθαι
2833 3104 3206 3175 προελομένῳ,
3266 3103 3319 3156 εί
3356 3122 3439 3167 τις
3494 3106 3568 3175 μὴ
3599 3108 3722 3160 ἁπι-

2169 3196 2316 3247 στεῖν
2358 3194 2554 3257 ἐθέλοι,
2597 3196 2812 3249 ἁκούων
2863 3197 3152 3268 καινότερά
3179 3213 3301 3249 τινα
3347 3196 3608 3264 θεότητος
3635 3198 3721 3266 γέ-

2171 3302 2362 3353 μοντα,
2391 3285 2484 3338 ἐπ’
2510 3286 2661 3357 αὑτῷ
2707 3287 3075 3358 πεπραγμένα
3119 3288 3246 3358 ἄρτι
3281 3288 3488 3358 κομιδῆ
3533 3289 3726 3357 τυγχά-

2168 3392 2311 3427 νοντι
2355 3376 2555 3447 νηπίῳ,
2613 3375 2788 3448 χρεὼν
2834 3378 2910 3445 μὴ
2964 3377 3075 3440 τοῖς
3122 3376 3494 3447 ἀνθρωπίνοις
3526 3376 3587 3429 τδ
3614 3377 3727 3428 ὅλον

2167 3464 2444 3535 ἐμμένειν,
2479 3465 2615 3521 ἀλλά
2648 3481 2810 3519 τινων
2838 3466 2932 3518 καὶ
2959 3465 3247 3534 θειοτέρων
3284 3462 3604 3535 μεμνῆσθαι
3636 3461 3725 3515 τοῦ

2166 3554 2299 3610 Θεοῦ
2347 3557 2672 3626 τεραστίων,
2716 3551 2790 3610 ὦν
2840 3556 3052 3609 παλαιά
3096 3573 3154 3608 τε
3203 3556 3296 3608 καὶ
3337 3556 3431 3607 νέα
3488 3555 3727 3625 Βρίθονσι

2166 3644 2489 3715 γράμματα.
2515 3646 2575 3698 Οἱ
2612 3647 2710 3715 μὲν
2747 3647 2855 3717 γὰρ
2887 3647 2984 3715 τῆς
3011 3644 3283 3716 κοσμικῆς
3309 3661 3369 3697 τε
3401 3646 3502 3699 καὶ
3527 3643 3725 3713 ἀνθρω-

2166 3736 2445 3800 ποπαθοῦς
2481 3735 2613 3806 ὕλης
2646 3738 2923 3800 πνέοντες.
2962 3740 3053 3790 καὶ
3077 3740 3143 3808 τῇ
3178 3736 3340 3806 φύσει
3360 3737 3433 3791 τὰ
3460 3737 3723 3806 λεγόμενα

2167 3827 2569 3899 σταθμώμενοι,
2620 3830 2784 3898 σχολῇ
2834 3830 2886 3895 γ’
2935 3828 3000 3883 ἂν
3032 3828 3169 3900 πρὸς
3210 3829 3556 3899 ὑψηλοτέραν
3600 3830 3722 3880 ἀνα-

2162 3918 2347 3988 χθεϊεν
2381 3918 2614 3984 ἔννοιαν,
2656 3918 2901 3989 ὡσπερεί
2938 3934 3050 3972 τισι
3081 3918 3301 3988 δεσμοῖς
3345 3916 3600 3987 οὐδαμῶς
3627 3931 3718 3983 φο-

2168 4008 2352 4076 ρητοῖς
2400 4004 2850 4076 τυραννούμενοι,
2894 4007 2987 4058 καὶ
3026 4007 3092 4075 τῇ
3136 4007 3206 4074 γῇ
3260 4002 3718 4074 προσκεκυφότες,

2165 4097 2258 4150 καὶ
2284 4097 2442 4167 μόνον
2465 4097 2525 4148 οὐ
2552 4096 2718 4166 λῆρον
2746 4096 3061 4165 ἡγούμενοι,
3090 4097 3188 4149 ὅσα
3215 4095 3280 4165 δὴ
3318 4094 3416 4165 τὴν
3448 4093 3721 4162 ἀνθρωπὲ-

2164 4205 2264 4257 νην
2288 4186 2534 4256 στάθμην
2564 4185 2968 4256 ὑπερϐέϐληκε,
3001 4186 3103 4239 κᾶν
3136 4185 3314 4239 αὐτῶν
3346 4188 3492 4256 φανῇ
3532 4184 3723 4238 612:3-

2165 4279 2274 4333 λων
2302 4270 2463 4333 Θεοῦ.
2504 4272 2599 4341 Οἷς
2644 4278 2690 4331 δ’
2732 4277 2961 4349 εὐσεϐὴς
3014 4277 3418 4347 συντέθραπται
3468 4274 3720 4343 λογισμὸς

494 4360 679 4432 proni,
707 4360 889 4414 omnia
919 4375 1040 4429 quae
1079 4360 1442 4415 humanitatis
1473 4363 1717 4431 regulam
1763 4362 2056 4428 excedunt,

2166 4370 2258 4424 καὶ
2290 4370 2515 4438 ἀσχολία
2542 4370 2610 4421 τὰ
2652 4369 2781 4439 περὶ
2818 4368 2952 4421 Θεοῦ
2986 4366 3623 4436 φαντάζεσθαι,.τούτοις
3663 4365 3721 4415 οὐ

491 4451 709 4508 etiamsi
744 4451 838 4506 Dei
896 4451 1129 4522 digitum
1194 4451 1431 4506 habeant
1483 4452 1756 4521 opiﬁcem,
1810 4453 1900 4507 vix
1948 4468 2059 4508 non

2166 4456 2333 4526 πολλὴ
2355 4456 2643 4524 δυσχέρεια
2669 4454 2987 4524 θεοπρεπῶς
3013 4453 3239 4516 ἑαυτοὺς
3268 4453 3567 4505 διατιθέναι
3590 4449 3722 4519 πρός

492 4561 667 4617 nugas
684 4560 806 4601 esse
833 4545 1168 4600 existiment.
1188 4544 1293 4598 Alii
1311 4554 1492 4599 autem
1515 4545 1618 4614 piis
1641 4544 2061 4616 cogitationibus

2166 4563 2225 4613 γε
2276 4546 2340 4616 δὴ
2371 4545 2440 4597 τὰ
2488 4545 2582 4598 τοῦ
2635 4544 2771 4598 Θεοῦ
2820 4544 3120 4614 θαυμάσια,
3149 4543 3186 4596 ἂ
3244 4542 3437 4608 πολλὰ,
3474 4542 3599 4595 καθ’
3632 4538 3723 4601 οὓς

493 4634 773 4701 innutriti,
810 4649 1047 4705 quorum
1074 4634 1366 4703 occupatio
1414 4643 1497 4687 est
1534 4618 1718 4687 divina
1778 4637 2057 4696 meditari.

2166 4637 2321 4697 αὐτὸς
2375 4635 2548 4687 ἐθέλει
2607 4635 2833 4703 χρόνους
2891 4634 2983 4685 καὶ
3041 4633 3288 4702 καιροὺς,
3347 4637 3442 4687 καὶ
3491 4629 3720 4684 οἷστισιν

493 4727 715 4796 neg’otio
769 4725 1190 4795 haudquaquam
1239 4725 1413 4777 arduo
1445 4739 1502 4777 se
1560 4726 1965 4793 pmparabunt,
2002 4735 2060 4777 ut

2166 4726 2458 4796 ἀνθρώπων
2487 4726 2582 4779 καὶ
2608 4726 2756 4787 ὅπως
2784 4723 2914 4777 ποτὲ
2941 4722 3271 4776 ἐνδείκνυται
3301 4739 3361 4775 τε
3395 4724 3492 4775 καὶ
3519 4722 3721 4789 διενερ-

493 4816 955 4887 quemadmodum
990 4818 1100 4870 Deo
1139 4815 1364 4884 dignum
1399 4825 1506 4879 est,
1574 4816 1847 4871 mirabilia
1913 4818 2062 4871 exci.
2159 4821 2267 4885 γεϊ.

491 4917 677 4985 piant;
710 4931 831 4985 quae
859 4917 952 4969 ille
981 4924 1034 4968 et
1066 4915 1321 4984 plurima,
1377 4924 1432 4969 et
1488 4915 1907 4985 quibuscumque
1951 4916 2122 4969 voluit
2203 4915 2565 4986 temporibus,
2627 4923 2684 4967 et
2719 4914 2861 4968 circa
2923 4912 3173 4967 homines
3247 4911 3544 4981 quoslibet,
3603 4903 3721 4976 qui-

493 5013 708 5081 busque
737 5010 945 5080 placuit
971 5010 1171 5075 modis,
1202 5009 1444 5065 ostendit
1473 5025 1535 5064 ac
1558 5019 1838 5078 operatur.
2336 5078 2343 5083 Χ

563 5103 623 5155 ἓ.
647 5102 719 5157 Ut
764 5116 794 5155 a
827 5101 1001 5170 patria
1065 5101 1340 5163 exordiar,
1402 5119 1523 5173 qua:
1593 5119 1847 5173 magnum
1900 5104 2055 5157 nobis

2232 5101 2299 5171 β’.
2341 5100 2510 5172 Ἀρχὴ
2552 5099 2609 5155 δέ
2653 5116 2746 5170 μοι
2777 5098 2869 5151 τοῦ
2914 5097 3075 5164 λόγου
3114 5098 3147 5166 ἡ
3171 5094 3264 5147 τοῦ
3297 5095 3558 5161 Μεγάλου
3588 5109 3718 5162 τερο-

495 5192 646 5246 ιιιιηο
692 5191 871 5243 virum
933 5190 1215 5260 produxit,
1269 5192 1503 5247 isthmus
1553 5194 1775 5262 quidam
1844 5195 2056 5263 longior

2166 5193 2363 5245 κείσθω
2390 5192 2605 5261 πατρίς.
2658 5188 2868 5257 Ἰσθμός
2898 5188 2981 5251 τίς
3016 5189 3130 5239 ἐστι
3151 5187 3287 5255 πρὸς
3332 5185 3582 5253 ἑσπέραν
3607 5182 3721 5234 κεί-

493 5296 658 5350 quam
693 5279 858 5336 latior
897 5280 962 5334 ad
984 5279 1326 5335 occidentem
1359 5283 1526 5336 solem
1588 5293 1813 5351 spectat.
1880 5295 2056 5338 extre-

2166 5301 2347 5353 μενος,
2379 5283 2538 5354 εῦρος
2566 5281 2665 5353 μὲν
2694 5281 2755 5333 οὒ
2792 5280 2978 5343 πολὺς,
3012 5278 3185 5348 μῆκος
3209 5277 3252 5329 δ’
3294 5275 3523 5328 ἐπιπολὺ
3557 5290 3722 5342 παρα·

492 5372 599 5427 mis
628 5370 885 5441 utrinque
915 5371 1028 5426 suis
1084 5372 1237 5441 quasi
1279 5374 1531 5427 manibus
1559 5375 1850 5443 porrectis,
1876 5374 2056 5428 borea:

2166 5374 2386 5427 τείνων·
2443 5373 2576 5442 φαίη
2626 5373 2669 5424 δ’
2723 5372 2789 5425 ἄν
2848 5387 2931 5433 τις
2981 5368 3124 5430 ίδὼν,
3173 5366 3249 5429 ὡς
3294 5365 3579 5434 ἑκατέροις
3609 5366 3720 5423 τοῖς

496 5465 645 5523 hinc.
699 5461 828 5517 inde
885 5471 1076 5516 austro
1133 5478 1451 5526 occurrens.
1507 5475 1563 5519 et
1617 5465 2055 5533 Peloponnesum

2166 5465 2378 5534 ἄκροις,
2430 5462 2672 5530 ὡσπερεί
2721 5476 2830 5512 τισι
2872 5460 3053 5528 χερσὶ,
3090 5456 3255 5526 βορέα
3306 5457 3405 5525 μὲν
3451 5456 3548 5509 καὶ
3587 5454 3719 5522 νότῳ

492 5570 618 5610 cum
649 5554 855 5623 reliqua
893 5553 1099 5609 Grcecia
1129 5556 1200 5608 ita
1230 5564 1584 5620 connectens,
1630 5567 1690 5610 ut
1718 5571 1893 5626 neque
1918 5558 2057 5611 hanc

2166 5554 2553 5625 προσυπαντᾷ’
2582 5551 2681 5620 τὴν
2720 5550 2778 5602 δὲ
2809 5549 2904 5601 τοῦ
2940 5548 3179 5611 Πέλοπος
3222 5546 3430 5602 Ἐλλάδι
3457 5549 3525 5617 τῇ
3562 5544 3714 5610 λοιπῇ

422 5645 437 5657 ’
495 5645 566 5697 ab
615 5644 705 5699 illa
759 5644 1044 5698 discedere
1100 5644 1344 5706 omnino.
1400 5661 1581 5715 neque
1620 5646 2053 5716 Peloponnesum

2167 5644 2556 5715 προσμίγνυσι,
2590 5640 2713 5694 οὔτε
2762 5639 2967 5707 ταύτην
3014 5637 3232 5705 ἐκείνης
3277 5634 3603 5703 ἀφίστασθαι
3636 5633 3717 5684 τέ-

496 5734 732 5790 insulam
763 5752 884 5792 esse
916 5736 1172 5805 patiatur,
1198 5736 1325 5790 dum
1349 5738 1764 5793 imminentibus
1794 5740 2050 5805 utrinque

2167 5740 2310 5791 )ztov
2354 5734 2781 5802 παραχωροῦσα,
2832 5734 2921 5787 καὶ
2979 5732 3078 5797 τὴν
3130 5729 3223 5782 τοῦ
3285 5727 3523 5789 Πέλοπος
3574 5725 3715 5779 παρὰ
