4060 6204
299 277 408 338 Ξο5

1605 285 1784 370 γλξικι
1825 289 1886 348 s.
1930 285 2260 347 coeunt

3449 287 3553 343 bttb

297 391 558 444 τοσοῦτον
611 390 673 444 τὸ
733 395 1079 446 παντάπασιν
1139 391 1304 464 νῆσον
1363 389 1502 448 εἶναι
1558 395 1868 462 κωλύουσα,

1986 397 2130 464 aquis
2159 395 2395 450 medium
2426 411 2483 450 se
2526 395 2684 465 quasi
2723 395 2934 450 obicem
2982 409 3311 462 nmruurqne
3371 395 3552 446 intcr-
3599 383 3602 386 ’

299 483 434 553 παρ’
465 485 590 537 ὅσον
613 485 946 554 ἀμφοτέροις
981 487 1094 548 τοῖς
1124 485 1466 556 ἑκατέρωθεν
1493 485 1686 541 ὕδασιν
1724 489 1875 542 ἀντι-

301 573 532 644 φράττει
561 575 951 644 μεσιτεύουσα.
984 577 1156 646 Ὅσης
1189 577 1290 646 μὲν
1318 573 1410 630 οὖν
1440 577 1596 649 ἔλαχε
1639 579 1738 650 τῆς
1768 580 1876 632 τῶν

298 666 462 736 ὡρῶν
492 665 790 735 εὐκρασίας
819 669 911 718 καὶ
937 667 1040 734 τῆς
1073 667 1184 720 τῶν
1211 669 1386 722 ἄλλων
1426 671 1668 742 χάριτος,
1703 673 1875 725 ὁπόσα

302 759 384 818 εἰς
417 757 586 820 ἀκοὰς
616 755 918 826 ἀνθρώπων
951 757 1098 810 ίόντα
1129 759 1190 813 ού
1216 761 1477 832 βραχείας
1501 763 1754 834 ἐμπιπλᾷ
1780 765 1877 833 τῆς

300 847 523 916 ἡδονῆς,
560 847 656 900 καὶ
683 845 756 910 ὡς
781 847 1132 902 ἐνιαυσιαίων
1175 849 1396 904 κύκλων
1425 855 1654 914 τακταῖς
1689 853 1876 924 πέριό-

299 939 415 1002 δυις
461 938 692 992 ἐνταῦθα
745 938 1040 1009 συνέρρεον
1100 939 1369 1006 Ἐλλήνων
1421 943 1631 1008 παῖδες,
1698 943 1876 997 ἄθλων

301 1029 420 1096 ἅμα
446 1030 540 1082 καὶ
562 1029 815 1082 ἐπάθλων
841 1029 1030 1094 ἕνεκα,
1065 1031 1126 1084 οὐ
1155 1031 1249 1084 τοῦ
1283 1033 1551 1102 παρόντος
1582 1035 1710 1095 ἴσως
1741 1035 1878 1098 διεξ-

305 1121 442 1173 ιέναι
493 1121 712 1190 καιροῦ⁶
773 1123 924 1176 ἴσασι
973 1123 1084 1193 γὰρ
1139 1123 1400 1188 ἅπαντες,
1454 1126 1566 1177 ὅσοι
1614 1127 1723 1179 τῶν
1779 1129 1876 1194 τῆς

301 1212 592 1282 ἐλληνικῆς
641 1211 832 1281 σοφίας
879 1215 1174 1284 κρατήρων
1200 1215 1293 1267 καὶ
1336 1215 1582 1268 ὁπωσοῦν
1639 1217 1879 1285 ἀπεγεύ-

303 1319 488 1358 σσντο.
523 1303 742 1372 Ταύτης
769 1305 1061 1374 τοιγαροῦν
1086 1305 1238 1376 παρὰ
1265 1306 1362 1376 τὴν
1389 1308 1525 1377 πρῐς
1553 1305 1705 1359 νότον
1725 1307 1876 1372 λῆξίν

299 1397 416 1446 ἐστι
449 1395 599 1456 πόλι,
639 1397 670 1465 ή
717 1395 994 1466 Κόρινθος,
1045 1397 1353 1467 περιφανὴς
1397 1399 1604 1452 ἀνωθεν
1636 1399 1731 1452 καὶ
1777 1417 1874 1452 πο-

299 1485 676 1554 λυάνθρωπος,
728 1489 820 1540 καὶ
867 1489 1010 1552 θεοῖς
1043 1488 1144 1556 μὲν
1193 1491 1458 1559 πρότερον
1502 1489 1733 1561 ἐμπύρῳ
1770 1491 1879 1544 τινὶ

303 1579 512 1648 στοργῇ
569 1579 1000 1648 προσανέχουσα,
1067 1581 1159 1635 καὶ
1209 1581 1602 1654 δεισιδαιμονίᾳ
1651 1585 1877 1654 κάτοχος

301 1669 528 1740 ἁπάσῃο
557 1671 650 1738 ἀφ’
677 1664 736 1723 οὗ
784 1670 828 1722 δ’
878 1673 928 1724 oi
963 1673 1054 1725 τοῦ
1106 1673 1469 1742 εὐαγγελικοῦ
1515 1677 1876 1746 κηρύγματος

300 1759 474 1822 ἁλιεῖς
513 1759 612 1828 τὴν
656 1759 756 1830 τῆς
797 1759 955 1830 ἡμῶν
991 1764 1266 1834 σωτηρίας
1307 1766 1550 1836 σαγήνην
1591 1769 1659 1836 τῇ
1702 1767 1880 1820 οἰκου-
1910 1751 1952 1808 Β

304 1849 442 1918 μένῃ
474 1847 748 1919 καθῆκαν,
792 1852 989 1904 αὐτίκα
1041 1853 1106 1922 δὴ
1149 1855 1244 1907 καὶ
1293 1855 1430 1926 α’ύτη
1492 1857 1670 1908 πάντα
1717 1855 1876 1926 βυθὸν

302 1939 546 2008 ἁλμυρὸν
581 1940 994 2010 ἀποσεισαμένη
1029 1943 1163 2011 πρὸς
1211 1945 1281 1995 τὰ
1312 1943 1408 1996 τοῦ
1441 1945 1658 1998 Παύλου
1711 1963 1877 2014 μετα-

299 2029 470 2098 χωρεί
501 2029 596 2080 καὶ
633 2029 982 2096 μετατίθεται
1004 2031 1242 2094 νάματα.
1273 2031 1604 2100 Γεννήτορες
1629 2031 1684 2084 δέ
1721 2033 1876 2082 εὐσε-

300 2116 422 2184 ﬁsi;
455 2116 549 2170 καὶ
579 2117 819 2187 ἐναρέτιρ
845 2117 1090 2187 διαγωγῇ
1121 2118 1536 2188 διαπρέποντες,
1576 2121 1670 2172 καὶ
1713 2135 1879 2188 προσ.

301 2207 384 2258 ἐτι
415 2223 482 2272 γε
521 2205 776 2277 εὐγενείᾳ
836 2213 930 2260 καὶ
978 2207 1193 2278 πλούτῳ
1239 2209 1394 2277 βαρεῖ
1442 2210 1874 2280 περιϐρίθοντες.

311 2297 477 2350 Ἀλλὰ
509 2297 616 2367 γὰρ
657 2295 916 2368 τοιαύτης
961 2300 1059 2369 μὲν
1091 2302 1187 2370 τῆς
1235 2303 1510 2373 πατρίδος,
1544 2303 1801 2356 τοιούτων
1821 2303 1877 2356 δὲ

301 2383 410 2435 τῶν
445 2385 652 2452 γονέων
701 2387 1015 2456 γενόμενος,
1063 2389 1164 2441 οὐκ
1211 2391 1439 2444 ἐπιπολὺ
1485 2392 1691 2444 τούτων
1727 2391 1878 2446 ἀπώ-

304 2491 453 2538 νατο,
488 2475 626 2528 ἀλλὰ
681 2479 810 2547 πρὶν
847 2479 881 2547 ἣ
911 2480 1010 2540 τὴν
1041 2479 1309 2552 βρεφικὴν
1332 2483 1626 2552 παρελθεῖν
1654 2484 1876 2555 ἠλικίαν

310 2567 514 2636 οτχεται
547 2570 646 2638 μὲν
679 2573 710 2636 ἠ
748 2571 954 2642 μήτηρ,
987 2572 1194 2642 οἴχεται
1225 2573 1270 2627 δ’
1304 2577 1332 2628 ό
1386 2575 1591 2646 πατὴρ,
1641 2579 1699 2628 ἐν
1747 2577 1873 2646 3pc.-

309 2663 386 2730 χεῖ
415 2664 478 2713 τὸ
507 2663 684 2730 χρεὼν
738 2665 1092 2734 ἐπιτεμόντες
1129 2665 1420 2735 ἑκάτεροι·
1479 2667 1670 2737 ὥσπερ
1716 2668 1783 2721 ἂν
1829 2670 1876 2720 εἰ

307 2751 370 2804 δι’
399 2753 556 2806 οὐδὲν
578 2755 768 2824 ἓτερον
797 2759 875 2820 εἰς
906 2755 996 2809 τὸν
1029 2755 1144 2826 βίον
1175 2757 1538 2828 παρήχθησαν
1571 2757 1725 2828 ἧτῆς
1761 2759 1878 2812 τού-

305 2861 396 2898 του
427 2847 696 2915 γενέσεως
741 2847 924 2903 ἓνεκα.
963 2849 1074 2901 Καὶ
1108 2849 1179 2903 δι’
1220 2850 1352 2904 αὐτό
1383 2851 1445 2918 γέ
1481 2868 1563 2903 τοι
1608 2851 1768 2906 τοῦτο
1801 2852 1877 2922 τῷ

308 2939 406 3010 βίῳ
468 2941 644 3010 τούτῳ
695 2944 1182 3011 προσενεγκόντες,
1237 2939 1357 2996 εἶτα
1419 2944 1684 3015 ἀπῆλθον,
1740 2946 1876 3017 μηδὲ

307 3031 472 3085 πλέον
517 3034 784 3098 γενέσεως
819 3035 1270 3106 συγχωρηθέντες
1303 3041 1741 3107 συνεισενεγκεῖν
1770 3039 1876 3092 τῶν

1979 486 2154 552 ponit.
2211 485 2543 553 Temporum
2590 497 2773 541 autem
2829 487 2954 539 anni
3009 483 3331 539 constitutio
3392 500 3553 551 quam

1977 575 2210 644 benigna
2244 576 2312 630 ibi
2341 577 2430 642 sit,
2465 587 2668 646 quanta
2701 579 2933 631 aliarum
2969 591 3154 630 rerum
3185 589 3306 644 qum
3359 577 3426 628 ab
3455 575 3555 626 ho-

1979 669 2222 723 minibus
2256 684 2380 723 cum
2429 671 2712 740 voluptate
2759 685 2865 723 non
2917 667 3180 721 mediocri
3232 666 3556 727 audiuntur,

1977 763 2149 830 gratia
2178 778 2241 817 ac
2280 763 2590 824 ammnitas,
2641 763 2761 831 quis
2829 761 3146 816 Graicorum
3210 760 3339 813 olim
3399 769 3556 812 statis

1977 870 2246 909 annorum
2279 853 2521 924 periodis
2549 855 2614 906 ad
2665 855 2965 908 certamina
3021 851 3182 905 simul
3221 861 3274 905 et
3331 851 3552 921 prmmia

1978 962 2302 1010 concursus,
2334 961 2456 1000 cum
2491 948 2696 1000 sciatur
2732 949 2798 1000 ab
2843 945 3098 998 omnibus
3149 945 3242 1013 qui
3271 943 3556 1012 ,sapicntia

1977 1033 2162 1090 Graeca
2190 1037 2692 1106 quomodocnnque
2722 1035 2869 1087 labra
2921 1036 3263 1104 proluerunt,
3333 1049 3438 1086 non
3475 1042 3558 1085 cst

1979 1125 2121 1178 forte
2151 1141 2298 1179 nunc
2325 1141 2546 1178 narrare
2570 1135 2962 1193 opportunum.
3024 1121 3194 1187 liuius
3221 1123 3384 1190 igitur
3419 1121 3526 1172 islh
3545 1150 3557 1158 -

1978 1217 2051 1270 nti
2083 1218 2148 1270 ad
2178 1225 2429 1271 austrum
2470 1219 2602 1269 ﬁnes
2657 1217 2790 1268 urbs
2839 1211 3138 1269 Corinthus
3169 1214 3409 1282 attingit,
3443 1212 3557 1280 pri-

1981 1311 2083 1362 mis
2108 1310 2174 1362 ab
2204 1309 2378 1364 initiis
2407 1309 2549 1362 clara
2581 1320 2634 1361 et
2675 1307 2874 1376 populo
2911 1306 3192 1374 frequens,
3223 1303 3554 1372 ardentique

1979 1405 2180 1457 affectu
2231 1403 2337 1456 diis
2371 1401 2614 1466 addicta,
2674 1415 2910 1470 quorum
2956 1399 3106 1452 omni
3167 1395 3558 1466 supers'itione

1979 1495 2339 1550 fanaticorum
2376 1495 2428 1547 in
2467 1508 2679 1548 morem
2729 1502 2984 1560 correpta
3015 1499 3135 1544 erat
3175 1507 3189 1542 :
3222 1487 3398 1542 donec
3445 1501 3560 1540 tan-

1980 1591 2101 1644 dem
2129 1589 2432 1659 evangelici
2471 1587 2726 1660 prwconii
2765 1585 3163 1656 piscatoribus,
3213 1592 3328 1635 rete
3360 1581 3558 1635 salutis

1981 1692 2182 1736 nostra!
2245 1696 2344 1750 per
2408 1679 2730 1734 universum
2787 1678 2977 1732 orbem
3033 1675 3368 1734 laxantibus,
3445 1671 3557 1740 ipsa

1980 1786 2198 1841 quoque
2230 1769 2504 1838 extemplo
2531 1767 2828 1838 salsuginis
2861 1767 3118 1838 abyssum
3143 1780 3360 1818 onmem
3391 1777 3556 1816 excu—

1979 1867 2146 1924 tiens,
2180 1862 2246 1914 ad
2276 1860 2432 1914 Pauli
2477 1874 2600 1914 sese
2635 1859 2829 1913 latices
2889 1856 3238 1910 transferret.
3277 1849 3398 1906 illic
3451 1851 3555 1904 Co-

1979 1951 2120 2007 drati
2147 1953 2448 2022 genitores,
2490 1935 2718 2021 pietate,
2754 1959 2810 2006 et
2853 1949 3106 2004 instituto
3149 1947 3274 2000 vita:
3331 1943 3396 1998 ad
3449 1943 3559 1996 vir-

1981 2050 2114 2104 tutis
2143 2065 2387 2102 normam
2421 2059 2636 2112 exacto,
2667 2046 2959 2102 nobilitate
2991 2046 3120 2098 item
3153 2038 3558 2106 luculentisque

1978 2142 2176 2210 Opibus
2205 2141 2556 2194 ﬂOruerunt:
2591 2155 2692 2194 nec
2744 2149 2922 2192 tamen
2957 2137 3032 2190 illi
3069 2147 3185 2190 orto
3233 2132 3325 2188 tali
3381 2115 3556 2200 patria

1980 2232 2290 2300 talibusque
2321 2231 2642 2291 parentibus
2667 2229 2876 2300 perfrui
2937 2228 3057 2282 istis
3107 2225 3339 2278 multum
3375 2220 3554 2275 llt‘llll.

1979 2323 2154 2378 Annis
2179 2322 2422 2377 infantiae
2455 2323 2691 2377 necdum
2729 2319 3021 2380 absolutis,
3058 2316 3294 2372 moritur
3329 2314 3406 2367 illi
3445 2325 3558 2364 ma-

1982 2421 2084 2476 ter,
2119 2413 2351 2468 moritur
2377 2421 2433 2466 et
2473 2421 2650 2481 pater,
2717 2412 2872 2466 brevi
2917 2411 3076 2476 plane
3111 2405 3404 2462 intervallo
3463 2419 3561 2455 na-

1979 2513 2120 2558 tura:
2163 2503 2412 2558 debitqu
2444 2501 2929 2571 uterquesolvens,
2966 2509 3028 2554 ut
3053 2496 3329 2568 gignendo
3349 2502 3558 2547 tantum

1974 2594 2215 2650 Codrato
2243 2597 2410 2648 vitam
2443 2593 2628 2662 adepti
2651 2591 2990 2650 viderentur,
3024 2603 3135 2656 quo
3165 2595 3294 2640 nato
3323 2583 3562 2652 migrau-

1978 2685 2109 2740 dum
2145 2686 2278 2755 ipsis
2317 2699 2382 2739 ac
2422 2693 2622 2754 praeter
2687 2682 3030 2736 nativitatem
3087 2678 3222 2732 nihil
3257 2675 3367 2730 filio
3407 2674 3562 2726 exiti-

1979 2777 2221 2832 bendum
2269 2785 2420 2832 esset
2477 2789 2694 2834 eorum,
2757 2773 2958 2842 quibus
3001 2780 3192 2846 natura
3253 2765 3562 2831 insitusque

1979 2867 2300 2938 parentibus
2325 2866 2379 2920 in
2406 2865 2572 2920 fanus
2602 2878 2756 2916 amor
2785 2861 3008 2930 defungi
3037 2867 3260 2928 cogunt,
3289 2865 3400 2909 tota
3424 2854 3562 2908 edu-

1979 2959 2216 3014 cationis
2252 2973 2350 3028 spe
2388 2955 2592 3026 rejecta
2645 2955 2700 3010 in
2731 2951 2924 3007 Deum.
2995 2949 3184 3018 Itaque
3219 2945 3464 3012 suscepit
3495 2942 3558 2996 il-

1980 3051 2092 3104 lum
2127 3048 2395 3102 Dominus
2425 3046 2574 3102 omni
2608 3043 2894 3098 hominum
2927 3057 3030 3110 ope
3089 3038 3414 3094 destitutum
3441 3035 3562 3104 (ne-

308 3125 404 3178 δσα
432 3128 596 3195 φύσις
628 3130 720 3180 καὶ
750 3129 946 3197 φίλτρα
986 3127 1177 3197 γονέας
1209 3130 1572 3200 ἀφοσιοῦσθαι
1601 3150 1880 3202 καταναγ-

1987 3157 2096 3210 que
2124 3141 2270 3194 enim
2303 3139 2447 3194 solet
2476 3138 2755 3193 hominem
2789 3135 2842 3188 in
2903 3135 3080 3188 lucem
3135 3129 3304 3186 semel
3358 3129 3562 3184 editum

309 3221 544 3286 κὰζουσι
577 3225 688 3284 τοῖς
719 3221 932 3274 ἑαυτῶν
976 3221 1266 3293 βρέφεσιν
1307 3221 1444 3276 ἀλλὰ
1487 3225 1666 3278 πᾶσαν
1697 3225 1769 3287 ὡς
1804 3228 1881 3280 εἰ-

309 3317 432 3366 πεῖν
465 3315 800 3381 κηδεμονίας
846 3315 1038 3367 ἐλπίδα
1090 3317 1227 3382 πρὸς
1273 3315 1406 3368 Θεὸν
1453 3315 1876 3389 ἀναρρίψαντες.

313 3407 692 3476 Προσελάεετο
727 3409 824 3477 μὲν
854 3402 948 3461 οὖν
978 3409 1005 3460 ὁ
1038 3407 1240 3475 Κύριος
1279 3408 1437 3460 αὑτὸν
1470 3411 1649 3479 πάσης
1676 3411 1880 3480 ἔρημον

310 3499 658 3568 ἀνθρωπίνης
695 3501 822 3553 ὄντα
868 3501 1189 3570 ἐπικουρίας
1223 3500 1302 3570 (ού
1337 3499 1446 3569 γὰρ
1499 3501 1565 3554 ἂν
1591 3503 1678 3571 εἴη
1721 3503 1881 3555 τοῦτο

311 3588 475 3657 νόμος
519 3589 656 3642 Θεοῦ
716 3592 796 3651 είς
853 3589 968 3658 φῶς
1012 3589 1160 3655 ἅπαξ
1203 3590 1619 3659 προεληλυθότα
1669 3592 1882 3663 ἄνθρω-

315 3697 412 3734 πον
458 3681 729 3752 παριδεῖν,
795 3681 854 3743 ὃς
905 3681 1090 3734 δίδωσι
1143 3681 1351 3751 τροφὴν
1387 3681 1535 3752 πάσῃ
1559 3683 1754 3752 σαρκὶ,
1793 3687 1888 3738 καὶ

312 3775 426 3835 τοῖς
482 3775 756 3843 κτήνεσιν,
787 3773 1136 3840 ἐξανατέλλει
1189 3772 1404 3842 χόρτον,
1449 3774 1544 3824 καὶ
1591 3775 1760 3827 πᾶσιν
1809 3777 1889 3837 εἰς

311 3865 574 3937 εὓκαιρον
621 3865 720 3935 τὴν
759 3865 964 3936 τροφὴν
1012 3864 1366 3936 πρυτανεύει)
1416 3865 1510 3917 καὶ
1561 3866 1758 3934 μικρὸν
1791 3868 1890 3934 τῆς

312 3959 420 4011 τῶν
446 3959 660 4012 πολλῶν
679 3959 966 4030 ἐπιμιξίας
989 3957 1320 4026 ἀπαγαγὼν,
1344 3959 1438 4010 καὶ
1469 3961 1550 4020 είς
1577 3959 1749 4028 ἀγρόν
1769 3977 1891 4014 τινα

317 4050 542 4116 ἀγαγὼν
577 4050 894 4120 προύνοεῖτο
920 4050 1110 4101 τούτου
1143 4047 1484 4118 παραδόξως,
1520 4049 1614 4100 καὶ
1643 4051 1892 4121 ἀπορρή-

1990 3231 2133 3286 Deus
2170 3231 2469 3302 negligere,
2530 3227 2622 3298 qui
2661 3228 2754 3281 dat
2789 3241 2972 3280 escam
3033 3223 3183 3277 omni
3235 3219 3410 3278 carui,
3467 3219 3562 3285 qui

1981 3323 2248 3392 jumentis
2279 3320 2532 3390 producit
2565 3321 2796 3382 frenum,
2855 3327 2911 3371 et
2946 3314 3160 3368 cunctis
3226 3313 3280 3364 in
3320 3319 3568 3378 tempore

1988 3425 2300 3484 opportuno
2357 3413 2540 3468 cibum
2602 3413 2828 3482 praebet)
2891 3409 3228 3478 parvuloque
3279 3421 3308 3456 a
3358 3401 3566 3470 vulgari

1988 3504 2408 3558 conversatione
2446 3503 2498 3556 in
2545 3518 2736 3574 agrum
2787 3499 3078 3570 quemdam
3131 3495 3370 3549 abducto
3398 3493 3566 3544 mira-

1989 3595 2178 3650 biliter
2241 3593 2546 3665 prospexit,
2619 3603 2677 3648 et
2742 3589 3115 3645 inell‘abilibus
3161 3583 3359 3641 modis.
3423 3583 3570 3635 sicut

1989 3687 2274 3741 alumnum
2295 3685 2450 3738 illum
2470 3683 2644 3738 eremi
2671 3681 2802 3735 olim
2850 3677 3148 3734 Salvatoris
3181 3674 3568 3735 Prodromunt,

1989 3779 2274 3834 enutrivit.
2308 3776 2460 3831 Unde
2490 3791 2638 3830 cura:
2664 3783 2720 3828 et
2761 3771 3124 3842 providentia:
3186 3769 3276 3822 Dei
3309 3766 3570 3820 conuuis-

1991 3885 2108 3936 sus,
2139 3869 2410 3938 sapientia
2443 3868 2608 3922 simul
2639 3875 2694 3920 et
2749 3867 2924 3936 gratia
2949 3863 3232 3917 crescebat
3286 3875 3350 3914 ac
3406 3849 3572 3927 proii-

1993 3964 2192 4027 ciebat,
2229 3962 2394 4016 variis
2425 3960 2574 4014 circa
2625 3977 2752 4014 eum
2788 3958 3070 4012 miraculis
3130 3953 3378 4024 quotidie
3441 3967 3575 4004 con-

1997 4053 2354 4122 tingentibus.

317 4159 423 4205 τοις
473 4143 700 4213 τρόποις
743 4142 1016 4210 διέτρεφε,
1084 4140 1337 4208 καθάπερ
1379 4139 1647 4209 πρότερον
1685 4143 1778 4194 τὸν
1824 4147 1922 4214 τῆς
1965 4147 2180 4216 ἐρήμου
2235 4145 2508 4214 τρόφιμον
2557 4145 2650 4198 καὶ
2689 4144 2782 4198 τοῦ
2853 4144 3110 4214 Σωτῆρος
3136 4143 3470 4213 Πρόδρομον.
3517 4136 3576 4188 ’0

313 4236 356 4288 δ’
383 4239 490 4290 ὑπο
525 4237 644 4306 Θεῷ
677 4237 938 4305 κηδεμόνι
969 4238 1062 4288 καὶ
1101 4231 1374 4304 προμηθεῖ
1417 4231 1618 4302 ηὔξανε
1684 4235 1779 4288 καὶ
1835 4239 2138 4293 ἐτελειοῦτο
2172 4241 2335 4308 σοφίᾳ
2375 4237 2472 4290 καὶ
2539 4241 2748 4311 χάριτι,
2794 4239 3058 4295 ποικίλων
3117 4241 3176 4292 ἐν
3219 4237 3368 4308 αύτῷ
3395 4251 3577 4304 παρα-

311 4333 480 4397 δόξων
515 4331 789 4399 ὁσημέραι
823 4329 1186 4398 τελουμένων.

381 4429 452 4495 γ’.
493 4427 658 4479 Ἀλλὰ
703 4426 813 4494 γὰρ
859 4427 1098 4480 ἐνταῦθα
1127 4427 1221 4480 τοῦ
1269 4427 1431 4493 λόγου
1463 4429 1779 4496 γενόμενος,
1811 4429 1895 4480 ἐν·
1933 4436 1972 4484 Ι)

317 4521 516 4588 θύμιον
539 4519 891 4587 ἐποιησάμην
916 4520 1006 4571 τὸν
1049 4517 1306 4572 ἐκλεκτὸν
1345 4521 1439 4572 τὸν
1481 4517 1577 4572 τοῦ
1621 4521 1760 4572 Θεοῦ
1790 4521 1898 4573 Ἰσ-

318 4609 479 4678 ραὴλ,
511 4609 605 4660 καὶ
631 4609 756 4661 ὅσον
800 4609 987 4661 θεόθεν
1020 4609 1375 4678 πεπείραται,
1408 4610 1518 4661 τῶν
1549 4610 1734 4664 καλῶν
1771 4610 1897 4680 ἄρτι

313 4701 416 4768 τῆς
467 4701 706 4770 ἐρημίας
737 4701 875 4769 μετὰ
903 4701 1002 4767 τὴν
1037 4700 1096 4764 ἐξ
1141 4702 1422 4769 Αἰγύπτου
1464 4703 1645 4772 φυγὴν
1680 4704 1894 4766 ἐπιϐὰς,

317 4793 410 4845 καὶ
459 4791 613 4844 οὐδὲν
649 4793 878 4860 ἀνόμοια
924 4791 991 4844 τὰ
1022 4791 1142 4843 τότε
1181 4794 1293 4850 τοῖς
1324 4793 1419 4844 νῦν
1475 4793 1798 4863 παρατιθεὶς
1845 4795 1899 4844 ἐ-

320 4885 628 4954 φευρίτκω.
656 4883 836 4952 Νὲςρος
872 4885 980 4954 γὰρ
1011 4881 1106 4934 νῦν
1136 4881 1257 4952 μεθ’
1287 4883 1497 4954 ἡμέραν
1537 4886 1636 4952 μὲν
1669 4885 1899 4952 ὑποτρέ-

319 4994 412 5046 χον
462 4977 556 5028 τὸν
599 4975 770 5045 ἥλιον,
809 4977 904 5028 καὶ
957 4974 1382 5044 ἀπομαχόμενον
1425 4978 1545 5038 ταῖς
1595 4975 1688 5028 τοῦ
1738 4977 1892 5046 ἡλίου

321 5069 686 5136 φλογὼτεσιν,
724 5067 946 5136 ἐαρινὴν
974 5071 1232 5136 παρεῖχεν
1257 5067 1334 5134 τῷ
1365 5067 1504 5134 ἁγίῳ
1534 5067 1630 5137 τὴν
1662 5071 1762 5135 τῆς
1803 5083 1898 5134 μει

324 5159 604 5229 σημὸρίας
639 5158 824 5224 ὥραν·
881 5159 1092 5226 νύκτωρ
1131 5158 1175 5208 δ’
1229 5157 1294 5210 αὖ
1333 5157 1498 5210 οἱονεί
1543 5175 1626 5218 τις
1673 5157 1894 5224 λαμπὰς

323 5253 640 5320 ἐφεστήκει,
675 5252 772 5322 τὴν
805 5253 1132 5319 νυκτερινὴν
1165 5251 1403 5318 ζόφωσιν
1435 5251 1516 5313 είς
1550 5251 1896 5320 μεσημϐρίαν

323 5346 574 5416 ἀμεῖϐον.
611 5347 720 5398 Καὶ
749 5347 869 5398 τότε
895 5347 1015 5415 μὲν,
1049 5347 1230 5413 φησὶν,
1262 5349 1358 5396 οὐκ
1387 5340 1454 5414 ἦν
1479 5345 1534 5396 ἐν
1559 5347 1676 5406 ταῖς
1703 5346 1896 5414 φυλαῖς

324 5437 503 5490 αὑτῶν
538 5439 566 5487 ὁ
617 5437 877 5490 ἀσθενῶν.
931 5436 1044 5489 Καὶ
1077 5429 1230 5498 οὗτος
1257 5435 1313 5487 δὲ
1351 5437 1470 5498 ταῖς
1505 5437 1768 5505 ἐρημίαις
1801 5438 1896 5490 καὶ

330 5529 496 5598 μηδὲν
557 5529 808 5596 ἐχούσαις
859 5529 1012 5594 ὑγιὲς
1063 5527 1411 5598 παραμύθιον
1461 5528 1897 5598 ἐκδιαιτώμενος,

397 5685 580 5742 ³Ῐέιιί.
617 5703 725 5752 (Σίν,

2075 4429 2128 4484 5.
2164 4432 2340 4499 Atque
2365 4431 2474 4494 hic,
2538 4447 2648 4485 non
2701 4443 2923 4498 possum
2986 4427 3267 4498 equidem,
3327 4423 3579 4476 oratione

1998 4520 2114 4589 ipsa
2169 4521 2519 4575 occasionem
2579 4519 3058 4578 subministrante,
3139 4529 3248 4567 non
3300 4511 3580 4566 recordari

1997 4627 2214 4675 eorum,
2255 4626 2379 4680 quae
2411 4625 2442 4664 a
2474 4611 2586 4664 Deo
2615 4611 2828 4664 electus
2889 4606 3081 4668 lsrael,
3147 4604 3278 4656 dum
3329 4611 3454 4672 post
3489 4601 3578 4654 fu-

2001 4719 2122 4773 gam
2196 4719 2264 4758 ex
2311 4701 2544 4774 [Egypto
2603 4701 2706 4754 frui
2767 4699 3052 4752 beneficiis
3102 4695 3306 4750 deserti
3367 4693 3579 4762 incipit,

2001 4795 2265 4849 divinitus
2286 4805 2368 4849 est
2399 4779 2684 4864 expertus,
2731 4793 2816 4846 his
2849 4792 2914 4844 de
2945 4791 3146 4860 quibus
3178 4789 3392 4852 agimus
3444 4803 3582 4840 nou-

1999 4887 2233 4954 tiqnam,
2269 4885 2312 4938 si
2349 4894 2760 4952 comparentur,
2791 4879 3100 4934 dissimilia.
3164 4877 3348 4931 Nubes
3385 4887 3582 4944 nempe

2005 4976 2094 5030 hic
2128 4991 2346 5045 quoque
2377 4975 2616 5030 interdiu
2648 4973 2818 5026 solem
2882 4971 3108 5026 subiens
3155 4979 3210 5023 ct
3277 4985 3398 5024 cum
3464 4971 3586 5038 ejus

2007 5067 2234 5122 aestibus
2261 5069 2584 5138 depugnaus
2614 5065 2905 5128 efﬁciebat,
2966 5073 3024 5117 ut
3059 5064 3381 5117 meridianis
3431 5062 3587 5114 horis

2008 5159 2244 5214 Sanctus
2288 5177 2382 5214 ver
2419 5161 2661 5222 haberet,
2705 5159 2884 5212 noctis
2936 5167 3119 5210 autem
3179 5155 3440 5211 tenebraa.
3492 5151 3586 5204 ad-

2003 5265 2169 5306 ventu
2209 5247 2492 5322 cujusdam
2521 5253 2674 5319 quasi
2705 5250 2991 5320 lampadis,
3031 5249 3086 5302 iu
3131 5247 3415 5302 meridiem
3457 5261 3592 5300 cou-

2005 5346 2386 5422 vertebantur.
2431 5343 2679 5413 Cumque
2725 5343 3010 5414 Scriptura
3049 5350 3184 5396 teste
3217 5341 3230 5370 ¹
3263 5341 3316 5393 in
3368 5337 3586 5392 Israeli-

2010 5448 2189 5492 tarum
2247 5439 2502 5492 tribubus
2566 5449 2728 5490 nemo
2777 5445 2908 5489 tunc
2967 5435 3219 5490 iniit-mus
3269 5441 3436 5490 esset.
3497 5428 3586 5481 hic

2011 5546 2234 5599 quoque
2271 5529 2508 5586 desertis
2544 5530 2596 5584 in
2639 5529 2796 5592 locis,
2857 5527 3003 5584 nulla
3035 5525 3286 5582 sanitatis
3339 5518 3585 5576 subsidia
