4060 6204
472 317 575 379 507
1670 315 2086 377 NICEPHORI
2125 314 2513 377 GREGOR/F.
3577 313 3680 376 508

469 427 930 488 ministrantibus.
955 426 1222 485 habitans.
1251 439 1579 482 coartaneam
1607 434 1784 481 tamen
1809 442 2022 497 semper
2053 479 2054 483 η

2156 424 2419 496 ⁵λικιὼτην
2443 426 2532 478 ἀεὶ
2552 424 2651 494 τὴν
2675 424 2864 491 ὑγείαν
2889 419 3000 494 ε’χε
3031 423 3124 475 καὶ
3154 423 3470 491 σύντροφον.
3492 425 3654 494 Ἐσθῆ
3679 464 3682 467 .

467 519 574 574 sibi
602 518 1098 586 convictricemque
1125 518 1353 572 habebat
1373 521 1682 575 sanitatem.
1699 519 1854 574 Veste
1878 520 2024 574 enim

2159 518 2212 579 ός
2241 534 2304 586 γε
2338 517 2445 588 μὴν
2474 519 2565 572 καὶ
2611 516 2835 586 χιτῶνος
2871 515 2960 568 καὶ
2990 514 3352 583 ὑποδημάτων
3395 517 3488 568 καὶ
3508 518 3682 572 ἄλλων

472 622 626 669 vero.
667 619 724 664 et
751 611 956 674 tunica,
1007 619 1062 664 et
1117 610 1238 664 aliis
1292 611 1602 679 huiusmodi
1662 615 1846 676 rebus,
1905 627 2026 680 quae

2157 609 2334 662 πόσων
2363 609 2455 662 καὶ
2483 609 2611 662 οἴων
2643 608 2780 677 πρὸς
2821 623 2887 659 πε
2899 606 3119 675 ριϐολὴν
3154 604 3404 675 σώματος
3435 607 3492 660 ἐν
3522 611 3687 678 χρείᾳ

475 699 681 755 homini
748 700 814 754 ad
877 702 1132 754 amictum
1183 703 1432 770 corporis
1499 703 1804 756 necessaria
1875 703 2023 766 sont,

2156 693 2483 748 καθίστανται
2533 695 2830 762 ἄνθρωποι,
2879 690 3092 752 οὐδενὸς
3116 691 3178 746 τὸ
3227 695 3490 761 παράπαν
3513 695 3683 748 ἐδεῖτο

477 803 590 845 toto
625 793 726 845 hoc
761 799 1027 846 montana:
1056 793 1380 860 rusticzeque
1428 793 1549 847 vitae
1605 803 1848 862 tempore
1883 810 2026 847 nun-

2156 786 2255 856 παρ’
2277 787 2403 854 ὃλην
2421 787 2519 854 τὴν
2547 786 2763 857 ὀρεινὴν
2788 785 3005 852 ἐκείνην
3031 785 3124 836 καὶ
3151 784 3406 854 ἄγροικον
3436 784 3647 839 δίαιταν
3664 802 3681 818 ·

474 896 635 951 quam
670 881 932 951 indiguit;
967 882 1063 936 sed
1099 899 1204 951 qua
1236 892 1490 952 parentes
1518 884 1695 953 ipsum
1734 893 2025 953 antequam

2156 877 2264 928 ,λλά
2297 878 2464 946 μόνην
2496 877 2710 944 ἐκείνην
2747 874 3076 945 ἀποχρῶσαν
3117 873 3232 943 εἶχε
3269 875 3562 945 περιϐολὴν
3591 885 3686 929 και

470 981 834 1036 morerentur,
863 971 1330 1034 instruxerant,ea
1360 973 1434 1026 illi
1464 974 1628 1028 vestis
1651 974 1765 1028 sola
1789 974 2026 1039 suffecit,

2156 965 2483 1034 ικμάξουσαν
2517 966 2605 1018 ἀεὶ
2633 965 2728 1019 καὶ
2750 964 3108 1019 συνανιοῦσαν
3136 967 3460 1036 ἀπορῤήτως
3493 971 3559 1039 τῇ
3584 969 3688 1036 τῆς

473 1059 805 1114 ineffabilem
868 1061 922 1112 in
978 1059 1198 1113 modum
1254 1075 1377 1114 cum
1437 1057 2028 1128 crescente'Codrato,

2156 1057 2345 1127 ιλικίας
2373 1058 2602 1126 αὐξήσει
2634 1058 2728 1112 καὶ
2764 1057 3068 1127 ἀναδρομῇ,
3096 1057 3166 1128 ήν
3193 1059 3341 1129 αὐτῷ
3363 1059 3493 1129 πρὶν
3528 1059 3561 1128 ἢ
3592 1062 3686 1112 τδν

472 1150 586 1218 ipsa
605 1166 818 1220 quoque
846 1165 1096 1204 crescens
1117 1161 1173 1203 et
1195 1151 1380 1220 vigens
1406 1166 1638 1220 semper.
1665 1151 1805 1218 Quid
1827 1153 2031 1207 multa?

2156 1148 2245 1201 tiov
2276 1148 2567 1201 ἀπολιπεῖν
2628 1150 2676 1202 oi
2727 1149 2905 1216 γονεῖς
2948 1149 3428 1219 περιεποιήσαντο.
3481 1151 3592 1203 Καὶ
3632 1152 3689 1202 τί

474 1240 840 1294 Providentia:
889 1256 1012 1311 erga
1069 1241 1248 1310 ipsum
1299 1251 1443 1294 tanta
1492 1242 1601 1297 fuit
1667 1244 2028 1309 immensitas,

2161 1241 2209 1292 εἴ
2235 1240 2303 1293 τὰ
2344 1239 2512 1292 πολλὰ
2559 1240 2926 1306 καταλέγειν;
2979 1240 3264 1309 Τοσαύτης
3311 1241 3555 1293 ἀπέλαϐε
3583 1243 3688 1305 τῆς

471 1331 798 1386 miraculum
835 1340 1353 1402 tantum,quautum
1416 1349 1540 1388 esse
1597 1336 1857 1416 convenit
1901 1351 2030 1406 erga

2156 1331 2360 1400 ιπείρου
2390 1331 2482 1384 καὶ
2517 1328 2822 1399 παραδόξου
2849 1327 3208 1397 κηδεμονίας,
3232 1330 3363 1398 ὅσην
3393 1329 3537 1392 είκδς
3567 1328 3692 1397 Θεῷ

475 1438 624 1490 eum,
651 1423 739 1491 qui
781 1422 890 1477 Deo
953 1423 1119 1478 semel
1161 1434 1512 1480 consecratus
1545 1417 1650 1489 esf,
1717 1425 2032 1497 dextraeque

2156 1421 2387 1486 ιαθάπαξ
2414 1420 2736 1474 ἀνατιθέντα
2764 1418 2858 1472 καὶ
2876 1418 3023 1496 ⁴πρὸς
3048 1421 3147 1488 τῆς
3173 1419 3384 1472 ἐκείνου
3412 1437 3690 1490 χειραγωο

477 1514 600 1583 ejus
629 1513 799 1567 ductu
834 1520 980 1567 totus
1013 1514 1241 1583 regitur.

2156 1513 2230 1577 rod
2240 1529 2400 1581 μενον
2436 1510 2639 1574 δεξιᾶς.

548 1603 602 1657 4.
630 1603 832 1656 Aderat
853 1603 963 1670 jam
1000 1603 1290 1671 perfectior
1318 1611 1472 1666 aetas,
1530 1603 1788 1674 lanugine
1841 1605 2031 1672 malas,

2203 1603 2266 1658 δ’.
2310 1603 2450 1674 Ἤδη
2496 1603 2554 1656 δὲ
2604 1602 2699 1656 καὶ
2742 1600 3080 1673 τελεωτέρας
3117 1604 3324 1673 ἥπτετο
3348 1601 3450 1665 τῆς
3472 1600 3695 1671 ἡλικίας

474 1700 718 1760 mystace
779 1691 992 1745 labrum
1045 1688 1359 1761 obtegente,
1419 1706 1543 1745 cum
1591 1693 1656 1746 ad
1717 1693 1905 1748 urbem
1942 1695 2034 1751 ille

2156 1694 2231 1747 ιαὶ
2263 1693 2431 1762 συχνή
2464 1707 2548 1754 τις
2573 1692 2832 1762 τρίχωσις
2865 1691 3168 1762 περιετίθει
3188 1691 3288 1753 τὰς
3318 1690 3570 1760 παρειὰς,
3596 1690 3698 1741 καὶ

477 1781 779 1842 descendit,
828 1795 892 1835 ac
935 1795 1060 1835 cum
1119 1781 1431 1836 hominibus
1472 1784 1788 1838 conversari
1845 1787 2033 1856 coepit,

2156 1754 2437 1854 inﬂv'q
2477 1754 2718 1850 πώγωνα
2750 1754 3177 1845 συνεκάλυπτεν,
3209 1781 3369 1833 ὁπότε
3488 1781 3582 1833 καὶ
3609 1781 3697 1840 είς

475 1871 663 1924 divina
694 1871 915 1925 oracula
948 1872 1000 1924 in
1043 1873 1222 1925 cibum
1256 1871 1390 1940 ipsis
1410 1887 1708 1942 apponens,
1755 1891 1847 1930 rus
1882 1878 2037 1931 olen-

2156 1876 2290 1930 τόλιν
2328 1875 2426 1946 ήδη
2455 1873 2669 1945 κατῄει,
2716 1874 2810 1925 καὶ
2841 1873 3147 1943 ἀνθρώποις
3181 1871 3396 1940 ὡμίλει,
3431 1871 3527 1924 καὶ
3559 1870 3698 1938 τρά-

478 1968 590 2012 tem
627 1960 870 2028 quidem,
896 1970 951 2014 at
976 1959 1181 2023 fertile,
1225 1972 1282 2014 et
1313 1960 1424 2024 cui,
1456 1969 1517 2014 ut
1557 1961 1913 2018 admirandus
1942 1965 2038 2018 Sa-

2156 1964 2306 2030 τεζαν
2353 1962 2518 2017 οἱονεί
2579 1979 2703 2016 τινα
2737 1961 3022 2031 παρετίθει
3081 1961 3146 2014 τὰ
3205 1959 3299 2012 τοῦ
3332 1959 3470 2011 Θεοῦ
3516 1957 3694 2025 λόγια,

478 2047 658 2103 lomon
683 2050 759 2119 (l)
795 2050 893 2113 ait,
931 2050 1192 2104 Dominus
1221 2048 1521 2103 benedixit.
1558 2049 1771 2120 Itaque,
1829 2052 2036 2122 quasia

2156 2053 2312 2124 ὶγροῦ
2345 2054 2448 2122 μέν
2488 2069 2633 2114 τινος
2673 2051 2749 2120 τῷ
2781 2051 2894 2104 δντι
2921 2050 3255 2114 ἀπόζουσαν,
3286 2049 3423 2101 ἀλλὰ
3453 2047 3697 2119 πλήρους

479 2141 663 2194 divina
693 2141 928 2210 quadam
991 2141 1200 2194 visione
1258 2155 1455 2194 recens
1505 2141 1776 2206 rediisset,
1825 2143 1892 2196 ab
1921 2144 2040 2212 ejus

480 2248 578 2286 ore
620 2233 867 2286 homines
903 2232 1232 2301 pendebant,
1264 2239 1338 2286 ‘et
1388 2231 1443 2284 in
1475 2233 1832 2288 eumliutenti
1880 2244 2041 2290 erant

481 2336 590 2372 non
623 2335 782 2374 secus
811 2335 874 2374 ac
912 2319 1166 2374 lsraelitae
1203 2320 1256 2372 in
1291 2334 1544 2389 magnum
1573 2321 1666 2374 Dei
1701 2325 2040 2392 contempla-

483 2419 652 2462 torem
682 2410 941 2479 Moyse-ni.
975 2410 1078 2464 ista
1107 2411 1185 2464 sic
1213 2410 1343 2466 dum
1399 2411 1613 2475 ﬁerent,
1665 2411 1774 2481 jam
1808 2413 1908 2482 ipsi
1941 2414 2042 2468 ali-

483 2512 617 2569 quot
656 2500 1274 2585 adhwserantillorum,
1331 2518 1470 2573 quos
1521 2504 1926 2560 consuetudine
1985 2515 2042 2561 et

485 2593 732 2646 moribus
758 2594 1076 2663 conjunctos
1109 2595 1377 2666 quasique
1407 2597 1806 2666 conspirantes,
1847 2596 2040 2652 iisdem

484 2683 685 2752 quibus
736 2683 915 2754 ipsum
949 2685 1206 2753 passibus
1259 2687 1361 2741 viae
1416 2687 1543 2740 huic
1603 2687 1856 2742 insistere
1883 2687 2042 2757 juva-

483 2775 598 2837 bat,
647 2791 769 2830 cum
799 2777 1000 2844 quibus
1031 2778 1194 2832 modo
1225 2776 1550 2832 excurrebat
1579 2777 1633 2831 in
1673 2793 1853 2848 agros,
1878 2778 2042 2834 modo

483 2867 551 2920 ad
581 2868 770 2922 urbem
808 2869 1042 2936 redibat,
1082 2871 1154 2924 ita
1185 2878 1367 2924 tamen
1404 2880 1465 2924 ut
1521 2871 1880 2940 inaequalibus
1941 2870 2043 2926 ista

483 2971 795 3030 temporum
871 2962 1063 3031 spatiis
1118 2962 1505 3018 delinirentur.
1564 2962 1926 3033 Frequenttor
1985 2963 2041 3017 in

2136 2142 2234 2196 καὶ
2259 2139 2317 2194 ὃν
2345 2140 2608 2207 εὐλόγησε
2644 2138 2873 2206 Κύριος,
2903 2140 2930 2190 ὃ
2961 2154 3096 2208 φησι
3139 2138 3388 2206 Σολομῶν
3421 2137 3449 2188 δ
3482 2135 3702 2205 θαυμά-

2139 2249 2276 2294 σιος.
2312 2231 2422 2284 Καὶ
2465 2229 2655 2300 ὥσπερ
2680 2228 2785 2281 ἀπὸ
2813 2229 3043 2298 θεωρίας
3091 2228 3233 2288 τινὸς
3263 2227 3389 2296 ἀρτι
3418 2228 3701 2290 κατιόντος

2138 2323 2346 2390 θεῖκῆς,
2401 2319 2574 2383 οὕτως
2623 2321 2918 2390 ἐξήρτηντο
2972 2319 3070 2386 τῆς
3103 2317 3268 2371 αὑτοῦ
3306 2317 3575 2387 γλώττης.
3607 2321 3695 2370 καὶ

2137 2414 2284 2468 οῦτω
2315 2415 2602 2483 προσεῖχον
2632 2411 2803 2480 αὐτῷ,
2831 2406 2918 2465 οἷά
2944 2427 3085 2472 τινες
3115 2408 3448 2478 Ἰσραηλῖται
3473 2409 3698 2478 μεγάλῳ

2141 2507 2230 2559 καὶ
2261 2506 2462 2575 θεόπτῃ
2491 2503 2700 2559 Μωσεῖ.
2731 2501 2950 2559 Τούτων
2981 2502 3124 2556 οὕτω
3163 2501 3483 2572 θεοπρεπῶς
3513 2517 3703 2567 γιγνο-

2144 2599 2344 2665 μὲνων,
2371 2597 2622 2662 συνήθεις
2649 2595 2794 2664 αὖτῷ
2847 2594 2944 2650 καὶ
2979 2595 3295 2663 όμότροποι,
3327 2594 3424 2645 καὶ
3458 2592 3526 2644 ἶν’
3559 2593 3704 2643 εἴπω

2140 2690 2199 2744 τὸ
2232 2689 2362 2743 αὐτὸ
2391 2688 2662 2751 πνέοντες,
2700 2686 2906 2742 καὶτὸν
2935 2685 3047 2739 ἴσον
3072 2685 3272 2756 δρόμον
3305 2686 3498 2754 ἐκείνῳ
3531 2701 3702 2752 μετα-

2139 2781 2425 2842 διώκοντες
2460 2779 2699 2847 γίνονται
2719 2779 2746 2830 ὀ
2775 2777 2922 2831 δεῖνα
2955 2778 3051 2829 καὶ
3085 2778 3114 2830 ὁ
3139 2779 3286 2830 δεῖνα
3304 2794 3317 2808 ·
3363 2778 3484 2846 μεθ’
3505 2773 3580 2828 ὢν
3603 2778 3704 2830 νῦν

2144 2871 2244 2942 μὲν
2277 2871 2549 2939 ἐξεδήμει,
2592 2868 2687 2920 νῦν
2721 2868 2765 2921 δ’
2809 2867 3096 2938 ἐπεδήμει,
3137 2868 3238 2923 νῦν
3264 2867 3365 2937 μὲν
3395 2867 3471 2938 τῷ
3518 2868 3701 2937 ἀγρῷ,

2142 2965 2238 3018 νῦν
2267 2964 2324 3016 δὲ
2355 2965 2420 3033 τῇ
2471 2963 2646 3023 πόλει,
2677 2960 2816 3032 πλὴν
2855 2961 3056 3032 ἣκιστά
3086 2977 3150 3028 γε
3181 2960 3287 3030 μὴν
3322 2962 3706 3032 ἰσομετρήτοις

481 3052 718 3120 campis,
750 3053 924 3106 rarior
949 3053 1005 3106 in
1038 3052 1175 3107 urbe
1199 3052 1562 3107 commoratio
1590 3063 1743 3120 erat;
1803 3052 1933 3108 dum
1957 3067 2048 3108 sa-

2156 3051 2386 3120 ιιαιροίς·
2431 3047 2563 3100 ἀλλά
2614 3048 2784 3118 συχνά
2830 3047 2928 3116 μὲν
2960 3045 3038 3117 τῷ
3067 3046 3243 3118 ἀγρῷ,
3275 3048 3502 3103 σπάνιον
3533 3048 3590 3100 δὲ
3631 3051 3704 3120 τῇ

486 3143 700 3210 [uenter
731 3142 945 3196 turbam
973 3142 1130 3213 fugit,
1164 3142 1338 3212 plebis
1365 3144 1656 3198 tumultum
1688 3142 1962 3202 amandat.
1989 3151 2044 3196 et

2156 3141 2323 3204 πόλει,
2359 3139 2450 3192 τὸν
2481 3137 2649 3192 πολὺν
2695 3137 2852 3206 ὄχλον
2885 3137 3059 3203 σοφῶς
3087 3139 3461 3208 παρακλίνων,
3489 3141 3582 3193 καὶ
3611 3144 3710 3193 τὸν

485 3231 689 3286 divina:
750 3232 1150 3288 conversationi
1209 3233 1335 3289 hinc
1410 3234 1754 3305 tranquillius
1818 3248 2042 3296 cursum

2156 3230 2373 3300 δημώδη
2406 3229 2643 3300 τάραχον
2677 3227 3163 3298 ἀποπεμπόμενος,
3192 3226 3489 3282 κάντεῦθεν
3516 3229 3614 3284 καὶ
3628 3232 3709 3300 τῷ

487 3321 616 3376 vita:
639 3337 855 3377 onmem
886 3323 1172 3394 impendit.

2156 3322 2272 3390 Θεῷ
2318 3320 2694 3392 σχολαιότερον
2743 3321 2838 3373 καὶ
2889 3317 3278 3388 καθαρώτερον
3332 3323 3707 3392 προσομιλῶν,

2152 3413 2245 3466 τὸν
2276 3412 2474 3482 ἐφεξῆς
2494 3410 2640 3465 οὕτω
2673 3411 2987 3482 παρήμοιϐε
3012 3410 3146 3479 βίον.

1869 3490 1872 3493 Ἴ
1935 3533 2163 3590 CAPUT
2204 3533 2273 3588 ll.

1583 3632 1641 3688 S.
1667 3628 1884 3686 Codrati
1915 3638 1963 3682 et
1983 3629 2246 3682 sociorum
2285 3627 2620 3698 martyrium.

565 3752 618 3807 5.
649 3750 784 3803 Cum
822 3759 1005 3804 autem
1065 3757 1283 3818 sceptra
1335 3750 1547 3816 imperii
1592 3749 1820 3804 Romani
1851 3746 2054 3816 impius

2228 3741 2291 3797 ε’.
2322 3743 2482 3812 Ἄρτι
2533 3743 2588 3796 δὲ
2628 3743 2739 3795 τῶν
2781 3739 3107 3811 Ῥωμαϊκῶν
3158 3739 3454 3810 σκήπτρων
3500 3740 3606 3794 ὑπὸ
3633 3741 3718 3811 τῷ

493 3844 591 3899 ille
635 3840 834 3896 Decius
883 3855 1058 3910 nuper
1107 3842 1461 3912 suscepisset,
1522 3855 1586 3895 ac
1621 3840 1784 3896 Jason
1831 3836 2054 3892 Graeciae

2159 3833 2411 3889 δυσσεϐεῖ
2432 3831 2603 3901 Δεκίῳ
2640 3831 2914 3902 ὴγμένων,
2939 3829 3032 3884 καὶ
3069 3829 3301 3892 ἰἀσονος
3327 3831 3428 3900 τῆς
3467 3829 3720 3894 Ἑλλάδος

489 3947 778 4008 pra-esset,
805 3936 1168 4004 pietatemque
1204 3935 1322 4006 ejus
1341 3933 1533 4004 degma
1573 3929 1904 4002 contrarium
1935 3942 2054 3998 pre-

2161 3924 2610 3994 ήγεμονεύοντος,
2645 3921 2740 3976 καὶ
2771 3920 2866 3974 τοῦ
2912 3920 3163 3974 ἐναντίου
3192 3921 3258 3990 τῇ
3300 3919 3554 3990 εὐσεϐείᾳ
3589 3921 3720 3987 δόγο

496 4039 670 4084 mcret
708 4028 960 4090 validius,
1003 4027 1159 4081 multi
1210 4025 1429 4094 quidem
1470 4020 1582 4088 alii,
1631 4031 1692 4077 ut
1758 4018 2054 4088 discipulos

2164 4033 2333 4086 ματος
2355 4015 2414 4067 τὸ
2447 4014 2667 4084 ἰσχυρὸν
2703 4013 2938 4082 ἔχοντος,
2973 4009 3161 4064 πολλοὶ
3192 4011 3292 4078 μὲν
3313 4011 3408 4062 καὶ
3427 4009 3579 4064 ἄλλοι
3614 4016 3723 4081 τῆς

488 4119 702 4174 Christi
753 4119 1005 4181 decebat,
1068 4117 1281 4171 virilem
1359 4115 1727 4170 exhibuerunt
1790 4110 2054 4172 animum,

2157 4105 2252 4159 τοῦ
2282 4102 2518 4174 Χριστοῦ
2553 4102 2850 4172 μαθητείας
2870 4099 3108 4163 ἐπαξίως
3133 4097 3462 4169 ὴνδρίζοντο,
3494 4099 3588 4152 καὶ
3616 4101 3726 4153 οὐκ

498 4210 914 4280 periculumque
943 4223 1051 4262 non
1085 4208 1238 4262 inviti
1269 4206 1591 4269 subierunt;
1617 4202 1855 4257 alacrius
1878 4208 2054 4253 tamen

2159 4191 2383 4252 ἄκοντες
2435 4190 2527 4243 τὸν
2584 4188 2829 4241 κίνδυνον
2887 4187 3168 4257 ὑπήεσανο
3205 4184 3613 4256 προθυμότερον
3658 4185 3727 4238 δὲ

501 4312 610 4366 prre
638 4296 864 4364 reliquis
901 4295 1118 4350 divinus
1144 4295 1410 4349 Codratus
1447 4308 1572 4346 cum
1605 4289 1794 4345 amicis
1848 4296 1905 4342 et
1951 4303 2054 4341 mo-

2159 4283 2271 4335 τῶν
2303 4279 2478 4334 ἄλλων
2508 4279 2536 4330 ὁ
2556 4279 2696 4341 θεῖος
2726 4277 3001 4347 Κοδρᾶτος
3033 4275 3132 4328 σύν
3164 4290 3228 4342 γε
3260 4276 3372 4366 τοῖς
3418 4273 3596 4342 φίλοις
3625 4278 3730 4329 καὶ

501 4401 625 4439 rum
656 4385 1017 4439 similitudine
1081 4383 1246 4438 sociis
1300 4401 1314 4438 :
1352 4381 1806 4452 promptissimus
1850 4377 2054 4432 scilicet

2161 4369 2509 4438 ὁμοτρόποις,
2552 4367 2647 4419 κει)⁸
2688 4365 2891 4434 σφόδρα
2951 4360 3236 4438 ἐθελοντὴς
3273 4359 3590 4424 καθίστατο,
3623 4365 3731 4416 καὶ

503 4491 712 4531 annoso
737 4476 904 4531 etiam
943 4475 995 4528 in
1027 4488 1255 4544 corpore
1277 4473 1501 4536 athleta,
1549 4471 1702 4526 senio
1735 4478 1789 4524 et
1814 4471 2054 4524 asceticis

2162 4460 2335 4515 ταῦτα
2393 4458 2759 4527 πρεσϐυτικὸν
2806 4455 3150 4524 ἐπαγόμενος
3205 4454 3384 4523 σῶμα,
3425 4453 3536 4544 ,καὶ
3572 4458 3733 4526 γήρᾳ,

502 4568 801 4629 laboribus,
841 4566 896 4620 in
925 4564 1123 4634 quibus
1150 4564 1316 4619 vitam
1351 4578 1488 4633 pene
1519 4576 1736 4616 omnem
1787 4569 2054 4630 transege-

2169 4547 2558 4616 προσπαλαίων
2605 4545 2701 4596 καὶ
2742 4543 2896 4612 κόπῳ
2921 4540 3023 4607 τῆς
3059 4540 3370 4610 ἀσκήσεως,
3420 4533 3540 4611 ﬁt?)
3570 4541 3736 4592 πλεῖ-

502 4666 610 4725 rat,
641 4660 805 4714 etiam
835 4630 962 4713 tunc
1000 4656 1316 4712 colluctans.
1351 4630 1588 4710 —Vinctus
1615 4653 1780 4723 igitur
1807 4650 1874 4704 ad
1907 4650 2054 4706 Jaso-

2170 4656 2295 4694 στον
2321 4638 2469 4707 αὐτῷ
2499 4637 2592 4690 τοῦ
2629 4635 2746 4705 βίου
2775 4634 3242 4703 συμπεπόρευται.
3275 4630 3734 4700 Παρίσταταιοῦν

503 4753 591 4806 nis
614 4751 849 4806 tribunal
877 4751 958 4804 vir
984 4751 1178 4805 beatus
1220 4747 1450 4810 sistitur,
1482 4758 1715 4813 eumque
1737 4742 2018 4810 alloquens
2043 4755 2058 4794 :

503 4841 679 4907 Unde,
709 4842 909 4912 inquit,
963 4856 998 4896 ο
1049 4839 1339 4895 scelestum
1388 4843 1574 4904 caput,
1628 4843 1810 4887 tantus
1869 4831 1967 4886 tibi
2004 4829 2061 4885 in

505 4932 788 4988 Christum
819 4945 998 4985 meum
1027 4943 1235 4998 nosque
1261 4929 1378 4998 ejus
1412 4925 1642 4981 famulos
1689 4923 1842 4979 luror
1867 4936 2063 4975 exsur-

506 5021 625 5092 git?
676 5020 786 5076 Cur
811 5019 877 5072 ad
904 5017 1138 5071 tribunal
1173 5013 1380 5069 trahis?
1412 5013 1520 5067 Cur
1563 5008 1839 5065 saevitiam
1890 5005 2066 5059 inten-

511 5123 617 5174 tas,
650 5108 1089 5176 mancipiumque
1116 5105 1332 5159 efficere
1383 5103 1601 5158 conaris
1647 5109 1886 5154 mentem
1915 5096 2066 5152 libe-

511 5217 628 5258 ram
663 5209 718 5255 et
745 5199 944 5255 nemini
977 5194 1295 5253 cessuram?
1351 5193 1465 5248 Hoc
1491 5191 1694 5247 etenim
1721 5189 1860 5243 scire
1893 5186 2070 5242 infen-

510 5309 633 5348 sum
694 5291 858 5345 nobis
905 5289 1146 5342 animum
1197 5296 1346 5338 tuum
1413 5299 1573 5352 quam
1635 5277 2074 5335 manifestissime

513 5384 697 5448 velim,
743 5381 959 5436 facilius
1001 5376 1221 5448 quidem
1279 5375 1373 5428 tibi
1412 5391 1531 5438 nos,
1585 5387 1748 5443 quant
1803 5379 1854 5424 te
1917 5366 2076 5422 nobis

511 5493 638 5533 esse
671 5493 1089 5546 persuasurum;
1147 5475 1291 5545 quod
1354 5472 1397 5526 si
1433 5449 1610 5527 tamen
1645 5465 1890 5522 fortassis
1943 5460 2077 5516 illud

596 5626 670 5693 (ί)
697 5623 808 5678 lmo
834 5621 1136 5693 patriarcha
1165 5619 1330 5693 Jaeob
1358 5617 1494 5693 gon.
1529 5629 1696 5693 sxvit,
1727 5608 1931 5693 27,ul;i
1963 5605 2076 5693 lilio

521 5680 854 5757 benedicens
877 5693 954 5747 ait
989 5709 1001 5746 :
1040 5691 1168 5746 Ecce
1196 5691 1322 5744 odor
1352 5687 1433 5753 ﬁli
1457 5686 1577 5750 mei,
1603 5685 1737 5738 sicut
1780 5680 1907 5733 odor
1958 5680 2075 5743 agri

2168 4729 2248 4799 τῷ
2289 4730 2519 4788 Ἰάσονος
2555 4727 2762 4795 βήματι
2807 4723 3028 4790 δέσμιος
3053 4723 3081 4774 ό
3122 4720 3429 4788 Μακάριος,
3491 4720 3582 4772 καὶ
3613 4735 3736 4771 τοι-

2169 4821 2308 4874 αῦτά
2333 4833 2519 4889 φησιν’
2553 4818 2618 4869 Τί
2657 4815 2851 4878 ταῦτα,
2877 4810 2922 4868 ὧ
2973 4817 3144 4884 μιαρὰ
3193 4813 3423 4880 κεφαλὴ.
3462 4811 3602 4864 κατὰ
3629 4810 3734 4862 τοῦ

2169 4911 2305 4983 ἐμοῦ
2341 4910 2508 4982 μαίνῃ
2541 4907 2778 4978 Χριστοῦ
2819 4905 2914 4959 τοῦ
2951 4905 3202 4974 Σωτῆρος
3226 4903 3505 4966 ἁπάντων,
3533 4902 3629 4953 καὶ
3662 4901 3736 4970 ἡ-

2174 5001 2291 5072 μῶν
2343 4997 2454 5051 τῶν
2489 4994 2686 5060 αὐτοῦς
2722 4992 2786 5046 Τί
2820 4993 2878 5047 δέ
2923 4992 3020 5046 καὶ
3056 4991 3195 5061 πρὸς
3245 4989 3396 5060 βῆμα
3438 4987 3737 5050 καθέλκεις

2171 5091 2266 5146 καὶ
2295 5085 2584 5159 τυραννίδα
2612 5085 2928 5156 προσάγεις,
2972 5083 3066 5135 καὶ
3109 5081 3214 5134 ὑπὸ
3261 5082 3418 5149 χεῖρα
3453 5076 3734 5131 ποιεῖσθαι

2167 5182 2462 5252 ἐπιχειρεῖς
2505 5177 2795 5248 ἐλεύθερον
2832 5177 3108 5246 φρόνημα,
3155 5174 3252 5227 καὶ
3291 5171 3508 5234 ὑπεῖξον
3549 5167 3738 5221 οὐδενὶ

2169 5275 2233 5326 τὸ
2263 5272 2558 5343 παράπαν;
2597 5268 2812 5323 Είδέναι
2831 5269 2942 5335 γάρ
2985 5283 3079 5318 σου
3116 5264 3216 5336 τὴν
3246 5263 3570 5329 δυσμένειαν
3605 5259 3739 5329 βού-

2174 5365 2341 5432 λομαι
2381 5361 2591 5432 σφόδρα
2639 5375 2722 5412 τοι
2766 5357 3158 5424 ἐναργέστατα,
3208 5352 3284 5415 ὡς
3314 5351 3510 5404 θᾶττον
3556 5349 3655 5419 μέν
3685 5347 3740 5398 τ’

2177 5457 2244 5511 ἂν
2275 5454 2429 5508 αὐτοί
2483 5470 2542 5506 σε
2585 5449 3033 5520 μεταπείσωμεν,
3083 5444 3117 5515 ἢ
3156 5443 3219 5497 σύ
3253 5460 3312 5512 γε
3342 5443 3488 5513 ἡμᾶς
3513 5457 3528 5473 ⁸
3582 5441 3632 5493 εί
3679 5439 3741 5491 δὲ

2185 5601 2346 5670 pleni,
2382 5600 2465 5670 cui
2530 5595 2810 5670 benedixit_
2840 5590 3096 5670 Dominus
3125 5602 3142 5640 :
3171 5587 3357 5654 itaque
3395 5583 3566 5638 habet
3613 5595 3743 5636 .oco

2183 5658 2360 5726 iextus
2387 5669 2610 5724 Graecus
2643 5659 2812 5732 ἀγροῦ
2848 5702 2860 5717 .
2895 5700 2908 5716 .
2956 5699 2968 5713 .
2999 5658 3265 5725 πλήρους.
