4060 6204
341 293 449 356 509

1643 302 1812 362 VlTA
1851 305 1909 361 S.
1957 302 2304 373 CODRATI.

3461 322 3569 388 510

338 407 598 474 δυσχερὲς
652 409 735 471 εἴη
786 409 842 460 τὸ
893 409 1128 490 πρῶτον.
1185 411 1411 476 θάτερον
1489 411 1705 474 πάντως
1751 411 1898 463 ἔσται

2007 415 2239 481 primum
2265 417 2586 484 sitdiﬂlcile,
2619 421 2848 476 alterum
2877 421 3118 492 profecto
3145 423 3260 480 fieri
3285 442 3563 500 nunquam

339 497 626 569 ἀδύνατον.
672 491 964 569 Μελλὴσας
1001 503 1180 553 τοίνυν
1236 502 1420 571 μηδὲν,
1476 501 1746 570 ἀφίστασο
1795 501 1903 555 τῶν

341 589 562 640 πάντων
611 590 838 657 μηδενὸς
880 591 1268 660 κολαστηρίου,
1315 587 1388 646 ὧν
1429 594 1456 644 ὁ
1485 591 1647 658 σοφὸς
1682 593 1904 662 ὑφηγεῐο

339 679 435 732 ταί
467 697 552 732 σοι
591 681 820 748 δαίμων,
863 683 962 734 κᾶν
989 700 1047 735 τε
1089 683 1326 750 σίδηρος,
1364 682 1466 735 κᾶν
1501 698 1562 734 τε
1595 681 1746 749 φλὸξ,
1800 680 1903 734 κᾶν

340 772 613 826 θαλάσσια
656 775 926 844 ῥεύματα,
962 774 1068 827 κᾶν
1108 769 1273 840 ἕτερά
1303 787 1426 826 τινα
1455 773 1556 842 τῆς
1583 775 1755 842 αὐτῆς
1792 774 1905 826 ίτα-

342 868 576 936 μότητος
619 868 704 935 εἴη
749 868 1116 937 τυγχάνοντα·
1157 867 1292 920 ἀλλά
1337 865 1496 918 πάντ’
1551 866 1724 933 ἔπαγε
1780 865 1903 918 καθ’

339 962 499 1028 ἡμῶν
542 961 619 1030 τῷ
671 961 750 1031 σῷ
779 961 1046 1031 λαμπρῶς
1091 961 1597 1030 ὲξυπηρετοὺμενος
1635 959 1803 1028 πατρί
1845 975 1904 1010 τε

339 1055 436 1105 καὶ
465 1054 710 1124 ὑφηγετῇ
747 1053 950 1123 μιαρῷ.
983 1049 1103 1105 Ἐπὶ
1132 1053 1389 1106 τοσοῦτον
1441 1051 1668 1119 καὶγὰρ
1695 1051 1904 1119 ὑπομε-

339 1144 540 1213 νοῦμεν
587 1147 826 1209 ἅπαντα,
864 1146 1056 1214 ἐφόσον
1102 1161 1160 1197 τε
1204 1146 1300 1196 καὶ
1346 1142 1564 1212 σίδηρος
1607 1141 1674 1193 τά
1706 1140 1904 1211 βριαρὰ

336 1236 447 1288 τῶν
479 1238 836 1306 χαλκοτύπων
866 1239 1177 1305 κρούματα.

409 1325 486 1391 ς’.
519 1329 734 1380 Τούτων
774 1327 914 1380 οὕτω
937 1327 1272 1394 λεγομένων,
1307 1324 1535 1394 ἔχαιρον
1567 1323 1668 1392 μὲν
1696 1322 1903 1377 ἀνωθεν

336 1420 582 1486 ἄγγελοι,
611 1420 865 1488 καθάπερ
901 1417 1046 1480 τινὲς
1099 1408 1384 1469 ἀθλοθέται
1432 1416 1524 1483 ἀφ’
1553 1412 1758 1482 ὑψηλοῦ
1806 1413 1901 1466 τοῦ

337 1512 570 1580 θεάτρου
621 1510 796 1581 προκὺ
809 1527 1028 1570 πτοντες
1051 1524 1065 1539 ο
1097 1508 1392 1575 ὲπλήττετο
1421 1507 1467 1559 δ’
1491 1509 1520 1560 ὁ
1550 1505 1744 1575 πικρὸς
1775 1505 1903 1574 ἡγε-

339 1604 477 1673 μὼν,
508 1602 760 1670 καθάπερ
791 1600 1000 1669 συχνῶν
1023 1615 1187 1652 τινων
1215 1598 1356 1667 ἀμφ’
1387 1597 1538 1666 αὐτῷ
1565 1596 1902 1666 πρηστήρων

335 1694 838 1764 κατενηνεγμὲνων,
871 1694 965 1746 καὶ
998 1692 1097 1760 τῆς
1144 1692 1342 1758 πείρας
1375 1690 1554 1742 πάντα
1590 1686 1902 1757 προαπελέ-

335 1803 485 1855 γετο,
517 1785 718 1856 χλεύην
748 1784 892 1836 οὕτω
930 1781 1274 1851 γενησόμενα
1317 1781 1475 1834 πάντ’
1525 1779 1722 1832 ἐννοῶν
1759 1777 1795 1829 ἃ
1820 1776 1897 1845 τῷ

332 1883 473 1947 τέως
501 1879 623 1931 κατ’
657 1876 836 1929 αὐτῶν
874 1873 1110 1934 ἐπενόει,
1159 1871 1255 1924 καὶ
1289 1870 1512 1935 πολλαῖς
1553 1868 1895 1936 ὰλλεπαλλή-

335 1975 448 2034 λοις
475 1974 597 2032 ταῖς
613 1969 845 2030 ἐννοίαις
875 1967 938 2020 τὸ
972 1966 1322 2032 λογιζόμενον
1363 1965 1462 2032 τῆς
1500 1963 1679 2031 ψυχῆς
1715 1961 1897 2014 διεσά-

334 2062 460 2113 λευε
509 2062 605 2111 καὶ
648 2059 935 2127 ἐτάραττε,
970 2057 1067 2111 καὶ
1111 2053 1216 2106 ὑπὸ
1267 2052 1504 2121 σφοδρᾶς
1536 2051 1697 2104 οιονεί
1749 2065 1896 2112 τινος

333 2151 798 2221 ἀντικρουόμενος
845 2149 1167 2208 ἀντιπνοίας
1222 2145 1319 2198 τοῦ
1373 2145 1626 2212 γενναίου
1686 2143 1895 2196 ἐκείνου

331 2245 536 2317 δηλαδὴ
558 2248 652 2296 καὶ
679 2240 916 2308 θάρσους
949 2239 1212 2307 γέμοντος
1247 2235 1578 2306 πνεύματος.
1610 2235 1722 2288 Καὶ
1739 2234 1814 2296 ὡς
1838 2235 1895 2286 ὲν

331 2335 702 2408 βουλευτηρίῳ
746 2333 833 2386 διὰ
875 2332 1094 2384 πάντων
1126 2329 1512 2399 βουλευμάτων
1553 2325 1662 2380 ἀπὸ
1695 2323 1894 2396 συχνοῦ

330 2431 420 2485 τοῦ
445 2428 816 2498 διαστήματος
849 2425 1050 2496 ⁸ἤρχετο
1076 2423 1216 2492 μετά
1242 2437 1385 2482 τινος
1405 2419 1660 2490 ὀξύτητος
1693 2418 1767 2488 (1)
1799 2415 1892 2470 τοῦ

331 2525 422 2577 νοῦ
452 2525 550 2576 καὶ
580 2519 850 2575 ἀνεπόλει.
880 2517 1040 2568 τίνων
1073 2516 1172 2584 μὲν
1196 2513 1262 2566 ἂν
1291 2512 1692 2580 ἀποσχόμενος,
1729 2509 1894 2562 τίνων

334 2617 386 2668 δὲ
415 2612 702 2681 πειραθεὶς
731 2608 1007 2677 εὐτυχοίη,
1044 2609 1140 2660 καὶ
1184 2605 1258 2675 μὴ
1291 2605 1458 2674 χλεύη
1492 2601 1668 2670 σαφὴς
1699 2602 1892 2669 φανείη

339 2704 722 2773 προκείμενος,
761 2698 950 2767 ὥσπερ
1001 2696 1104 2748 ὑπὸ
1155 2693 1424 2764 βελτίονος
1471 2691 1763 2744 ἀντιπάλου
1793 2707 1894 2741 κα-

333 2791 651 2862 ταρραγείς.
684 2789 788 2841 Καὶ
814 2785 911 2838 νῦν
946 2786 1041 2855 μὲν
1070 2783 1232 2853 ὥρμα
1265 2783 1366 2851 μιᾷ
1394 2782 1575 2849 πληγῇ
1603 2779 1729 2840 τοὺς
1757 2776 1898 2846 pcip-

331 2900 500 2952 τυρας
537 2882 636 2950 μὲν
666 2879 762 2931 τοῦ
797 2878 935 2942 βίου,
975 2875 1320 2944 πραγμάτων
1352 2872 1396 2924 δ’
1439 2871 1627 2923 ἑαυτὸν
1652 2867 1894 2922 ἀπαλλάν

333 2977 420 3042 ξαι
442 2991 456 3006 ο
489 2974 586 3026 νῦν
622 2971 666 3025 δ’
708 2973 915 3037 ἐπεῖχε,
949 2968 1045 3021 καὶ
1086 2967 1162 3029 ὡς
1199 2968 1258 3017 ἐν
1293 2961 1600 3033 μεταιχμίῳ
1632 2961 1697 3029 τῇ
1726 2959 1895 3029 πείρᾳ

330 3071 390 3121 τὸ
422 3069 534 3121 πᾶν
571 3063 890 3136 ἀνερρίπτει
937 3061 1038 3128 (2),
1081 3058 1335 3126 καθάπερ
1367 3057 1424 3107 ὲν
1468 3053 1679 3116 κύϐοις,
1714 3054 1772 3104 ὲν
1814 3045 1894 3112 οἷς
1923 3074 1968 3136 c

329 3161 571 3230 τοσούτῳ
596 3159 819 3226 θάτερον
839 3157 1042 3226 ἥκιστα
1070 3148 1498 3222 ἀπροσδόκητον,
1529 3147 1638 3215 ὅσῳ
1663 3145 1890 3212 θάτερον

331 3251 797 3325 προοδοκήσιμον.

453 3474 466 3488 .
514 3431 678 3486 Ἀλλά
713 3431 821 3501 γὰρ
855 3431 1025 3498 ἴωμεν
1063 3427 1154 3480 ἐπὶ
1189 3426 1250 3479 τὸ
1299 3423 1640 3495 μαρτυρικδν
1684 3423 1893 3490 γυμνάο

336 3546 473 3594 σιον,
505 3526 906 3597 ὰριθμὴσοντες
938 3523 1066 3584 τοὺς
1093 3519 1375 3586 γενναίους
1400 3517 1627 3572 ἐκείνων
1651 3516 1890 3584 ἀγῶνας.

335 3610 614 3674 Ton-tonat
668 3615 764 3685 μὲν
800 3613 897 3684 τὴν
935 3611 1109 3682 ἀρχὴν
1140 3613 1237 3664 σὺν
1281 3611 1395 3668 τοῖς
1431 3607 1740 3677 εἰρημένοις
1787 3607 1895 3658 Κο-

332 3715 528 3784 δρᾶτον
573 3709 769 3777 ἐφόσον
815 3701 881 3776 ἦν
915 3704 1232 3772 δυναμένοις
1275 3704 1387 3762 τοῖς
1418 3699 1670 3769 δημίοις·
1700 3697 1894 3750 ἔπειτα

334 3804 468 3872 πρὸς
499 3800 632 3867 ὕψος
661 3798 722 3850 ἐκ
751 3794 860 3848 τῶν
892 3793 1067 3845 ποδῶν
1097 3792 1335 3858 αἴρουσι,
1372 3791 1465 3843 καὶ
1501 3789 1750 3858 σιδηραῖς
1790 3788 1894 3840 ἀκ-

330 3893 452 3961 μαῖς
480 3889 582 3957 τὴν
610 3887 716 3938 τῶν
745 3882 962 3953 σαρκῶν
983 3881 1250 3951 ἁρμονίαν
1277 3879 1708 3947 κατατέμνουσι.
1739 3877 1892 3929 Μετά

325 3983 379 4034 δὲ
439 3981 552 4049 πῦρ
600 3978 932 4046 ὑφάπτουσι,
992 3971 1154 4025 τοῦτο
1191 3971 1292 4040 μὲν
1332 3969 1523 4038 ὥσπερ
1559 3969 1783 4036 ἕψοντες
1825 3967 1894 4020 τὰ

329 4069 556 4121 ἐκείνων
594 4065 844 4132 σώματα,
873 4059 1031 4112 τοῦτο
1063 4059 1119 4110 δὲ
1154 4060 1248 4110 καὶ
1279 4057 1530 4126 δριμεῖαν
1561 4053 1754 4122 ὀδύνην
1783 4054 1894 4116 τοῖς

332 4157 790 4216 ἀναπνευστικοῖς
839 4153 1030 4220 πόροις
1077 4149 1256 4203 αὐτῶν
1315 4145 1690 4217 ἐμποιοῦντες.
1729 4146 1786 4198 Ὀ
1838 4144 1895 4198 δὲ

330 4251 561 4315 Μάρτυς
584 4245 682 4298 τοῦ
707 4242 961 4312 σώματος
991 4238 1246 4302 καθάπαξ
1272 4238 1364 4290 τὸν
1392 4236 1518 4291 νοῦν
1550 4237 1890 4304 ἀποστήσας,

327 4341 614 4406 ἀπόδημον
640 4336 858 4389 ἔστελλε
906 4334 1044 4402 πρὸς
1100 4330 1354 4401 Χριστὸν,
1391 4327 1458 4382 δι’
1501 4327 1558 4380 ὃν
1601 4328 1893 4395 ἐκαρτέρει

2003 507 2223 571 poterit.
2264 507 2409 561 Nihil
2436 524 2566 576 ergo
2595 520 2904 576 cunctatus,
2948 515 3154 569 nullum
3203 521 3420 587 penitus
3451 533 3566 576 tor-

2004 604 2248 648 mentum
2279 612 2343 651 ex
2395 598 2463 652 iis
2482 615 2603 666 qua:
2633 609 2756 654 tuus
2784 611 2833 657 te
2862 604 3078 673 sapiens
3115 608 3324 662 daemon
3383 610 3562 676 ducet,

1994 686 2276 750 omittito;
2312 687 2426 741 sive
2458 690 2589 744 illud
2623 693 2826 746 ferrum
2856 698 2944 761 sit,
3008 697 3122 752 sive
3156 700 3390 764 ﬂamma,
3449 704 3564 756 sive

2005 777 2196 829 marini
2223 777 2438 845 ﬂuctus,
2475 781 2587 836 sive
2621 784 2724 837 alia
2765 801 3125 856 quiscunque,
3181 792 3379 858 quibus
3412 809 3566 862 gras-

2001 870 2109 921 sari
2137 879 2323 923 contra
2359 887 2458 926 nos
2486 874 2694 928 soletis.
2725 877 2936 931 Adhibe
2967 879 3123 934 nobis
3153 883 3357 938 omnia.
3402 896 3565 953 atque

2002 961 2080 1015 sic
2110 961 2339 1017 scelesto
2380 975 2472 1018 tuo
2503 967 2713 1034 parenti
2743 984 2808 1022 ac
2843 970 3054 1024 ductori
3086 975 3370 1042 magnifice
3407 979 3566 1030 mini-a

2001 1060 2110 1105 atra
2148 1070 2162 1106 :
2194 1069 2292 1108 nos
2319 1055 2384 1108 ad
2417 1056 2518 1110 ista
2569 1073 2674 1111 non
2708 1059 2886 1114 minus
2921 1075 3080 1129 quam
3111 1063 3312 1117 ferrum
3363 1067 3428 1118 ad
3475 1084 3562 1120 ro-

2005 1142 2193 1199 bustos
2228 1147 2504 1201 fabrorum
2548 1149 2771 1204 malleus
2798 1151 3136 1213 durabimus.

2070 1325 2124 1380 6.
2160 1325 2283 1380 Haec
2310 1337 2432 1380 cum
2493 1328 2828 1393 dicerentur,
2867 1330 3176 1399 gaudebant
3229 1334 3449 1402 quidem
3503 1336 3557 1388 in

2001 1417 2142 1470 cmlo
2175 1419 2374 1486 angeli,
2408 1427 2660 1488 tanquam
2689 1421 3008 1476 atblotheta:
3035 1438 3098 1476 ex
3163 1441 3377 1477 summo
3417 1427 3568 1479 tlica-=

2003 1518 2088 1560 tro
2118 1507 2531 1577 despectantes;
2567 1527 2742 1565 saevus
2767 1522 2958 1591 autem.
2983 1513 3111 1578 dux,
3153 1518 3312 1583 quasi
3344 1518 3564 1572 turbine

2000 1599 2234 1666 quodam
2265 1601 2448 1654 omnia
2478 1600 2620 1655 circa
2647 1602 2821 1670 ipsum
2854 1603 3142 1668 obruente,
3175 1608 3567 1661 consterneba-

2003 1697 2110 1752 tur,
2143 1700 2195 1743 et
2222 1691 2330 1760 jam
2364 1701 2476 1744 tum
2511 1706 2573 1745 ea
2603 1708 2722 1761 qua:
2753 1703 2941 1747 contra
2968 1695 3088 1749 illos
3133 1696 3398 1751 hactenus
3452 1713 3566 1749 ma-

1999 1779 2256 1834 cbinatus
2276 1781 2472 1845 fuerat,
2498 1792 2694 1837 cuncta
2747 1784 2988 1839 ludibrio
3043 1787 3165 1841 fore
3216 1786 3561 1852 existimans,

1997 1870 2310 1937 rejiciebat;
2345 1870 2584 1939 dumque
2620 1873 2910 1929 redeuntes
2940 1876 3136 1930 alterni
3170 1877 3560 1945 cogitationum

1995 1959 2194 2015 fluctus
2220 1972 2459 2015 mentem
2487 1963 2607 2030 ejus
2639 1979 2745 2018 non
2779 1979 2938 2020 secus
2971 1981 3034 2020 ac
3098 1968 3301 2032 navim,
3355 1970 3562 2038 jactaut

1996 2049 2126 2104 hinc
2155 2048 2282 2104 inde
2318 2061 2374 2104 et
2403 2051 2753 2110 conturbant.
2784 2053 3013 2108 adverso
3061 2053 3216 2122 quasi
3266 2064 3430 2108 vento
3477 2071 3562 2108 re-

1999 2155 2230 2200 trorsum
2253 2153 2408 2200 actus
2441 2146 2664 2214 spiritus
2703 2147 2790 2200 ille
2813 2148 3064 2214 superbia
3101 2159 3157 2203 et
3201 2149 3426 2203 audacia
3479 2159 3563 2204 tu-

1996 2250 2173 2300 mens,
2198 2242 2496 2290 convocato
2525 2234 2901 2304 frequentibus
2974 2239 3280 2293 intervallis
3325 2238 3560 2294 censilio

1995 2326 2167 2392 omni,
2211 2326 2405 2381 fortius
2423 2325 2605 2380 denuo
2633 2326 2967 2398 insurgebat,
3017 2329 3438 2398 rcvolvebatque
3475 2345 3558 2382 se-

1995 2430 2143 2480 cum,
2177 2416 2502 2484 quibusnam
2537 2416 2811 2472 abstinere
2857 2420 3028 2489 magis
3063 2419 3366 2489 expediret,
3413 2435 3564 2489 qua:-

1995 2523 2119 2561 nam
2151 2523 2274 2562 cum
2323 2524 2418 2578 sp‘e
2453 2524 2737 2564 successus
2795 2517 2851 2563 ct
2883 2511 3087 2580 absque
3147 2519 3318 2569 metu.
3373 2511 3558 2566 saunis

1996 2599 2279 2654 hominum
2310 2599 2596 2654 manifesto
2629 2615 2686 2654 se
2719 2608 2976 2666 tanquam
3023 2618 3051 2654 ιι
3115 2602 3406 2670 potentiori
3469 2601 3561 2653 ad-

1998 2687 2242 2742 versario
2265 2688 2556 2758 dejectum.
2590 2689 2937 2758 propinandi,
2988 2700 3168 2757 posset
3194 2689 3454 2757 experiri.
3493 2689 3558 2742 Et

1965 2794 2146 2834 anunc
2175 2780 2392 2849 quidem
2431 2779 2508 2832 illi
2536 2778 2754 2834 animus
2798 2787 2936 2844 erat,
2987 2794 3096 2832 uno
3135 2779 3250 2832 ictu
3296 2788 3562 2847 martyres

1997 2861 2130 2934 vita,
2160 2885 2216 2924 se
2243 2869 2491 2924 molestia
2523 2884 2724 2924 exuere
2751 2885 2766 2922 :
2799 2871 2960 2938 paulo
2997 2879 3117 2937 post
3151 2875 3331 2922 autem
3385 2878 3560 2920 retra—

1999 2963 2162 3017 hebat
2197 2963 2479 3030 impetum,
2506 2962 2859 3029 experientia:
2883 2960 3128 3030 periculo
3157 2976 3424 3014 summam
3480 2959 3557 3012 rei

1998 3053 2337 3106 committere
2361 3050 2684 3116 formidans,
2717 3051 2806 3104 ubi
2835 3050 3309 3121 quemadmodum.
3335 3050 3388 3103 in
3419 3050 3557 3102 talo-

1997 3159 2116 3197 rum
2142 3144 2286 3204 lusu.
2323 3145 2364 3197 si
2396 3143 2524 3212 quid
2554 3142 2771 3197 eveniat
2798 3143 3042 3212 sequius,
3075 3153 3228 3198 tanto
3259 3143 3440 3197 minus
3475 3151 3559 3196 cst

1997 3235 2674 3303 inexspcctatum,quanto
2714 3233 2885 3304 magis
2913 3233 3124 3288 felicior
3162 3249 3320 3289 casus
3367 3247 3559 3303 exspe-

1995 3327 2220 3381 σιειιὶοηί
2244 3326 2520 3396 congruit.

2068 3415 2124 3470 7.
2171 3415 2278 3469 Sed
2325 3415 2625 3484 palaestram
2663 3427 2959 3486 martyrum
3003 3414 3156 3469 adire
3203 3421 3417 3484 tempus
3455 3428 3559 3483 est,

1996 3506 2295 3560 certamina
2321 3506 2559 3575 ipsorum
2591 3505 2976 3560 numeraturis.
3026 3504 3328 3561 Carniﬁces
3383 3507 3560 3576 primo

1998 3596 2298 3652 Codratum
2365 3609 2488 3649 cum
2524 3595 2730 3649 sanctis
2783 3593 2951 3649 sociis
3015 3593 3228 3649 viribus
3300 3595 3560 3652 omnibus

1992 3689 2216 3742 connixi
2249 3687 2560 3742 verberant.
2589 3687 2731 3740 Hinc
2759 3687 3026 3742 sublimes
3066 3686 3302 3755 pedibus
3330 3701 3560 3756 suspen-

1993 3779 2160 3838 dunt.
2189 3777 2516 3848 ungi-lisque
2543 3777 2740 3833 ferreis
2767 3763 3016 3832 carnium
3054 3792 3314 3846 compage
3345 3777 3560 3833 dilace-

1998 3881 2138 3935 rata,
2187 3871 2367 3938 ignem
2418 3869 2812 3924 succendunt:
2860 3884 3027 3938 opera
3107 3883 3213 3923 una
3258 3867 3562 3936 eademque

1997 3978 2224 4031 corpora
2260 3977 2318 4016 se
2347 3971 2601 4016 cocturos
2628 3961 2970 4024 simulantes,
3027 3967 3082 4015 et
3147 3961 3421 4014 meatibus
3478 3976 3562 4013 re-

1999 4055 2281 4124 spirationi
2308 4054 2504 4107 dicatis
2567 4068 2747 4106 acrem
2806 4050 3050 4105 dolorem
3111 4051 3438 4121 indigentes.
3493 4050 3562 4104 At

2003 4157 2205 4215 martyr
2240 4154 2477 4198 mentem
2505 4159 2653 4197 suam
2678 4158 2705 4196 8
2736 4157 2964 4212 corpore
2993 4157 3220 4211 prorsus
3247 4157 3564 4211 sogregans,

1997 4235 2064 4288 ad
2081 4233 2364 4288 Christum
2397 4232 2676 4303 ablegabat
2695 4251 2739 4314 ἀ
2763 4235 2817 4286 in
2853 4234 3010 4303 cujus
3038 4233 3267 4303 gratiam
3305 4233 3404 4286 ista
3442 4249 3562 4301 per-

2001 4325 2322 4392 pet'ebatur.
2362 4322 2514 4377 Unde
2545 4323 2702 4378 facile
2736 4324 2810 4376 illi
2845 4333 2965 4378 erat
2987 4325 3234 4394 corporis
3282 4325 3564 4376 cruciatus

326 4433 572 4499 πάσχων,
603 4426 895 4480 κάντείθεν
925 4424 1032 4474 τῶν
1049 4423 1142 4474 τοῦ
1163 4421 1410 4490 σώματος
1435 4419 1697 4485 ἀλγεινῶν
1723 4418 1892 4486 ὑπερ-

1997 4433 2272 4485 spernere,
2312 4418 2487 4470 solum
2511 4417 2880 4471 Atlilotlietam
2913 4415 3209 4485 respicere,
3251 4414 3302 4467 in
3330 4429 3562 4482 corpore

329 4515 553 4583 εφρόνει
581 4512 798 4582 ῥᾳδίως,
828 4511 1082 4578 καὶπρὸς
1118 4509 1277 4577 μόνον
1300 4508 1495 4559 ἐὸλεπε
1526 4507 1617 4558 τὸν
1651 4505 1895 4558 ’Δολοϐέ-

328 4622 452 4672 την.
486 4604 582 4654 καὶ
609 4599 1071 4661 ἐνεκαλλωπίζετο
1099 4598 1191 4650 τοῦ
1226 4597 1478 4665 σώματος
1512 4597 1896 4665 ὑπορρέοντος,

333 4696 428 4746 καὶ
486 4689 655 4757 μόνην
712 4687 918 4755 ταύτην
969 4688 1158 4754 ἡγεῖτο
1196 4685 1353 4751 νίκην
1395 4680 1538 4735 εἶναι
1574 4684 1744 4750 σαφῆ,
1799 4683 1898 4751 τὴν

328 4778 632 4850 ὑπεροψίαν
650 4778 751 4848 τῆς
779 4778 981 4847 σαρκὸς
1006 4776 1384 4844 πληττομένης
1408 4773 1548 4843 ὑπὲρ
1574 4772 1668 4824 τοῦ
1690 4772 1893 4826 παθόν.

328 4889 422 4933 τος
449 4871 712 4939 πρότερον
748 4866 818 4920 δι’
862 4867 1038 4936 ἡμᾶς.
1086 4865 1195 4918 Καὶ
1235 4864 1370 4932 πρὸς
1405 4863 1502 4930 μὲν
1529 4864 1626 4925 τὰς
1670 4862 1762 4913 τοῦ
1788 4861 1893 4914 σώ-

336 4978 506 5030 ματος
541 4960 840 5028 ἀλγηδόνας
875 4957 1117 5018 τοιοῦτος
1152 4952 1221 5026 ἦν
1264 4958 1292 5008 ὁ
1321 4957 1596 5022 Κοδρᾶτος
1621 4972 1633 4985 ·
1674 4955 1807 5024 πρὸς
1839 4954 1895 5008 δὲ

332 5055 458 5114 τοὺς
513 5052 813 5112 συναθλους
844 5051 1006 5103 ὁπότε
1055 5049 1443 5117 ὲπιστραφείη,
1485 5047 1708 5101 τοιαῦτα
1762 5049 1898 5102 ἄττα

333 5144 628 5209 εἰσηγεῖτο,
665 5141 826 5194 οἱονεί
857 5156 937 5203 τις
987 5140 1308 5208 γυμναστὴς
1338 5141 1463 5206 ἄρτι
1512 5139 1899 5207 προσϐιϐάζων

334 5233 470 5300 πρὸς
497 5233 691 5301 ἀήθεις
723 5231 944 5294 ἄθλους,
979 5235 1072 5282 καὶ
1109 5229 1337 5298 σφοδρόν
1376 5247 1426 5281 τι
1462 5231 1714 5300 ςώπυρον
1751 5233 1898 5284 ἐντι-

335 5323 446 5386 θεὶς
474 5327 596 5386 ταῖς
622 5322 846 5377 ἐκείνων
872 5321 1093 5391 ψυχαῖς.
1115 5323 1365 5390 Ἄνδρες,
1395 5331 1580 5389 φησιν,
1601 5322 1648 5374 οι
1679 5323 1769 5374 τὸν
1801 5325 1897 5376 αὑ-

404 5478 479 5550 (l)
508 5477 607 5531 Ms.
627 5479 780 5546 ἐξὲνε
811 5480 1158 5535 manifestum
1192 5481 1417 5549 σφάλμα
1442 5482 1545 5536 hoc
1578 5481 1739 5534 modo
1767 5497 1896 5550 sup-

337 5549 720 5618 pieviuius,‘ut
745 5565 938 5604 sensus
966 5549 1055 5610 sit,
1100 5566 1214 5618 cum
1250 5552 1492 5618 gquodam
1545 5554 1732 5604 mentis
1769 5549 1897 5603 acu-

341 5621 484 5694 mine_
532 5617 978 5694 deliberationem
1035 5616 1664 5694 institutam:Delmius
1712 5633 1897 5676 noster

340 5689 650 5756 suspicatur
683 5688 973 5758 legendum
1019 5688 1153 5758 μετὰ
1182 5706 1321 5752 τινες
1340 5690 1486 5755 ὀξέος
1522 5691 1699 5746 τόνον.

1997 4508 2280 4564 difﬂuente
2310 4508 2556 4576 gloriari,
2613 4516 2668 4561 et
2717 4507 3002 4561 victoriam
3052 4505 3314 4575 liquidam
3370 4505 3558 4558 existi-

1998 4614 2146 4653 mare
2175 4607 2383 4653 tantum
2434 4612 2576 4661 eam,
2603 4612 2708 4666 qua
2746 4612 2874 4651 caro
2909 4598 2978 4650 ob
3012 4595 3214 4650 Christi
3261 4603 3421 4648 antea
3461 4610 3566 4663 pro

1993 4691 2157 4744 nobis
2219 4691 2365 4759 passi
2415 4703 2613 4742 nomen
2651 4691 2805 4757 plexa
2865 4687 3197 4757 despicitur.
3239 4687 3387 4741 Talis
3444 4695 3559 4741 erat

1993 4781 2268 4836 Codratus
2299 4779 2476 4849 quoad
2525 4779 2742 4834 dolores
2778 4781 2862 4834 sui
2927 4777 3216 4847 corporis:
3249 4777 3315 4832 ad
3382 4778 3562 4831 socios

1997 4882 2178 4927 autem
2207 4871 2861 4933 certaminisconversus,
2927 4867 3242 4938 hujusmodi
3303 4869 3561 4922 utebatur

1999 4963 2204 5028 verbis,
2239 4972 2496 5032 tanquam
2521 4962 2718 5032 aliptes
2745 4960 2942 5030 aliquis
2981 4960 3049 5014 ad
3081 4975 3254 5014 novos
3288 4968 3344 5013 et
3387 4961 3560 5013 inusi-

1995 5063 2140 5110 tatos
2162 5054 2448 5110 conﬂictus
2472 5053 2731 5117 incitans,
2797 5062 2856 5108 et
2906 5051 3221 5108 incendium
3261 5051 3562 5105 velicmcu-

1995 5147 2265 5200 tissimum
2289 5145 2486 5200 animis
2521 5145 2762 5213 ipsorum
2819 5145 3087 5200 inserens.
3145 5145 3283 5208 Viri,
3325 5142 3559 5204 dicebat,

2003 5237 2097 5304 qui
2128 5235 2361 5290 stadium
2387 5233 2552 5297 idem,
2615 5231 2760 5302 quod
2798 5240 2854 5286 et
2883 5247 3002 5302 ego,
3053 5230 3366 5294 decurritis,
3415 5228 3560 5280 idem

2005 5326 2252 5380 bravium
2286 5325 2576 5396 respicitis,
2602 5325 2646 5380 si
2675 5332 2731 5379 et
2756 5333 2962 5378 natura:
2997 5332 3198 5376 nostra;
3229 5321 3369 5375 ﬂuxa
3405 5304 3562 5372 nivbis

2064 5482 2138 5551 (’2)
2177 5481 2321 5535 Idem
2350 5481 2532 5548 legere
2564 5481 2745 5535 mallet
2779 5499 2792 5536 :
2829 5479 2944 5532 Νῦν
2966 5478 3011 5551 δ’
3045 5476 3344 5551 ἀπεῖχε-’ὼς
3375 5475 3432 5525 ὲν
3462 5489 3560 5537 με-

1993 5545 2231 5620 ταιχμίῳ
2262 5555 2324 5618 τῇ
2347 5545 2512 5620 πεῖρα
2547 5551 2606 5601 τὸ
2642 5554 2750 5605 πᾶν
2797 5545 3205 5619 ἀναρρίπτειν,
3228 5545 3381 5620 Nunc
3439 5558 3560 5620 vero

1994 5617 2498 5690 formidabutvelut'
2550 5621 2603 5677 iu
2632 5637 2814 5690 campo
2864 5617 3040 5674 omnia
3096 5617 3298 5670 eventui
3323 5617 3562 5668 commit-

1995 5701 2123 5744 tere.
