4060 6204
485 310 589 370 511

1678 300 2094 363 NICEI‘HORI
2137 301 2525 367 GREGORIE

3608 292 3714 354 512

485 413 1019 485 ronditioignota,fct
1058 413 1222 467 vitam
1269 414 1460 467 mortis
1505 412 2052 482 exspectationelibe-

2183 412 2248 467 ’δν
2280 413 2404 482 ἐμοὶ
2433 411 2721 480 τρέχοντες
2754 406 2990 472 δίαυλον,
3027 405 3123 459 καὶ
3152 406 3284 474 πρδς
3309 403 3367 458 ἒν
3400 402 3714 474 ἀφορῶντες

487 521 604 559 rant
634 512 899 574 perpetuo
921 503 1243 573 prorogandi
1267 512 1415 556 certa
1460 503 1649 556 ﬁducia
1672 514 1837 564 esset.
1857 509 2054 558 merito

490 611 590 651 nos
613 595 754 650 forte
782 594 902 664 ejus
925 602 1169 648 moveret
1222 594 1482 658 cliaritas,
1542 602 1602 649 ut
1648 595 1799 648 carni
1855 604 2054 648 nostra!

490 699 816 755 cuperemus
841 698 962 739 esse
990 684 1329 748 consultum,
1360 694 1416 738 et
1449 683 1685 753 pericula
1727 683 1842 737 haec
1870 684 2058 754 ingen-

497 779 571 829 tia
601 784 773 838 metu,
820 790 984 844 quem
1013 790 1175 828 nemo
1208 774 1597 843 reprehendat,
1632 775 2055 829 declinaremus.

494 867 629 920 Cum
663 881 791 920 vero
814 865 1063 918 evitanda
1095 865 1228 917 nulli
1268 865 1354 918 lex
1418 873 1627 918 natura:
1672 863 1842 917 etiam
1900 863 2060 917 nobis

501 954 804 1016 incumbat,
846 968 953 1022 qua
1007 953 1259 1022 jubente,
1306 954 1522 1009 etiamsi
1586 955 1752 1008 vitam
1825 954 2061 1010 fortasse

499 1056 713 1116 tempus
745 1045 1052 1105 indulserit.
1092 1046 1388 1115 aliquando
1421 1055 1602 1101 tamen
1660 1055 1756 1101 aut
1806 1055 2062 1103 senectus

499 1138 674 1201 finiet,
708 1148 800 1191 aut
831 1138 1054 1192 morbus
1086 1138 1355 1199 incidens,
1388 1138 1579 1205 quales
1627 1137 1851 1207 plurimi
1901 1138 2063 1193 varii-

497 1244 604 1299 que
632 1229 845 1283 miscrae
864 1229 1018 1282 carni
1049 1229 1181 1284 huic
1230 1228 1426 1284 ordine
1453 1230 1696 1285 materia:
1738 1230 2062 1299 perturbato

500 1320 792 1374 imminent
850 1321 1070 1395 demum
1119 1320 1460 1389 abrumpet:
1495 1337 1594 1376 cur
1656 1321 1802 1387 quod
1870 1322 2067 1376 melius

501 1416 584 1464 est
617 1409 790 1478 pejori
825 1424 933 1464 non
969 1410 1350 1479 praeferimus?
1389 1410 1595 1477 Quodsi
1643 1422 1872 1466 mortem
1902 1428 2065 1482 quam

505 1509 694 1553 ratura
722 1502 979 1555 immittet
1008 1502 1475 1570 exspectabimus,
1524 1504 1753 1573 ingloria
1784 1504 1886 1559 ista
1935 1520 2070 1572 pro-

504 1591 648 1645 fecto
673 1591 801 1655 erit,
833 1592 1067 1661 vitaeque
1099 1584 1303 1647 nostra:
1328 1595 1647 1649 memoriam
1678 1595 1933 1664 sepulcro
1960 1610 2068 1648 una

2155 502 2426 573 βραϐεῖον,
2457 503 2506 553 εί
2523 502 2585 552 τὸ
2607 498 2707 568 τῆς
2733 496 2952 566 φύσεως
2977 496 3125 565 ἡμᾶς
3145 494 3410 564 ἐπίκηρον
3432 493 3712 556 ἐλάνθανε,

2154 595 2251 647 καὶ
2285 593 2526 645 ἀθάνατα
2575 589 2868 659 βιώσεσθαι
2922 588 3370 656 προσεδοκῶμεν,
3421 587 3570 648 sine;
3612 586 3713 656 μὲν

2156 684 2288 746 (cui;
2314 678 2383 753 ἦν
2416 680 2761 752 φιλοψυχεῖν,
2790 681 2890 732 καὶ
2920 680 2996 748 μὴ
3025 677 3171 732 οὕτω
3201 679 3303 747 τῆς
3332 679 3538 747 σαρκὸς
3563 677 3718 743 ἀφει-

2156 774 2289 839 δεῖν,
2326 774 2422 826 καὶ
2463 772 2602 842 πρὸς
2643 767 2904 825 τοσοῦτον
2934 770 3248 839 ἀποδειλιᾷν
3290 770 3571 823 κίνδυνον
3598 768 3714 821 ἐπεὶ

2158 862 2217 916 δὲ
2266 864 2429 931 νόμος
2462 863 2711 930 φύσεως,
2750 861 3105 931 ἀπαραίτητα
3143 860 3479 931 ἐγκείμενος,
3529 860 3623 913 καὶ
3670 858 3722 911 εί

2163 954 2240 1025 μὴ
2271 954 2388 1018 νῦν,
2420 954 2536 1006 ἀλλ’
2564 953 2657 1007 οὖν
2686 957 2743 1016 ἐς
2787 954 2886 1024 τὴν
2912 953 3207 1023 ὑστεραίαν
3235 953 3269 1022 ἢ
3311 954 3459 1022 γήρᾳ
3488 952 3580 1005 τὸν
3603 951 3723 1020 βίον

2160 1044 2590 1115 τελευτήσομεν,
2616 1045 2649 1115 ἢ
2671 1044 2822 1108 νόσος
2856 1061 2942 1105 τις
2970 1041 3377 1096 ὲπεισπεσοῦσα
3413 1042 3490 1112 (αἶ
3527 1041 3725 1094 πολλαί

2162 1152 2221 1187 τε
2245 1141 2344 1191 καὶ
2376 1134 2623 1187 ποικίλαι
2643 1133 2714 1185 δι’
2741 1132 2967 1196 ἀταξίαν
3004 1132 3105 1199 τῆς
3132 1131 3266 1200 ὕλης
3295 1130 3482 1184 ἐπίασι
3513 1133 3581 1199 τῇ
3624 1147 3728 1182 τα-

2163 1226 2326 1297 λαίνῃ
2351 1226 2540 1295 σαρκὶ)
2572 1222 2875 1288 ἀπαλλάξει
2909 1221 3005 1277 τοῦ
3036 1222 3137 1293 ζῇν
3157 1237 3172 1253 ’
3204 1223 3292 1276 διὰ
3330 1222 3385 1275 τί
3416 1220 3494 1293 μὴ
3517 1223 3580 1276 τὸ
3608 1222 3729 1292 βέλ-

2164 1333 2278 1368 τιον
2310 1315 2617 1384 αἱρούμεθα
2645 1313 2753 1384 πρὸ
2781 1314 2877 1367 τοῦ
2929 1314 3210 1384 χείρονος;
3252 1315 3316 1367 Ei
3363 1314 3462 1383 μὲν
3495 1314 3605 1382 γὰρ
3634 1315 3731 1365 τὸν

2163 1408 2264 1473 τῆς
2297 1406 2514 1475 φύσεως
2542 1407 2742 1459 οἰκεῖον
2774 1407 3182 1476 περιμενοῦμεν
3202 1403 3505 1477 [θάνατον].
3525 1406 3731 1474 ἀκλεὴς

2167 1499 2227 1550 τὸ
2260 1498 2552 1552 παντάπαν
2576 1499 2804 1563 ὲσεῖται,
2830 1497 2927 1550 καὶ
2959 1495 3223 1565 συνθάψει
3255 1497 3331 1567 (3)
3365 1499 3477 1559 τοῖς
3509 1494 3733 1565 σώμασι

2166 1590 2268 1656 τὴν
2316 1591 2535 1659 μνήμην
2567 1588 2745 1658 ημῶν,
2804 1589 2900 1642 καὶ
2944 1586 3142 1655 ἄδηλον
3200 1589 3251 1641 ει
3279 1588 3377 1640 καὶ
3432 1586 3531 1654 τῆς
3556 1586 3734 1654 τύχης

503 1695 628 1735 cum
663 1682 989 1750 corporibus
1033 1683 1310 1745 recondet,
1349 1698 1473 1741 cum
1521 1686 1790 1741 incertum
1845 1686 2070 1755 insuper

2183 1681 2299 1734 ἵλεω
2323 1681 2585 1751 τύχοιμεν
2607 1696 2620 1712 ’
2653 1682 2702 1734 εί
2725 1681 2772 1734 δ’
2814 1680 2844 1732 ὀ
2873 1680 3012 1750 μετά
3055 1679 3316 1733 κινδύνων
3354 1679 3571 1748 αἱρετὸς
3597 1679 3735 1745 ἡμῖν

506 1770 601 1833 sit,
637 1785 709 1825 an
741 1771 959 1827 fortuna
1011 1772 1254 1839 favente,
1309 1776 1634 1844 superstites
1672 1776 1827 1832 usuri
1868 1744 2063 1832 simus.

2183 1744 2625 1843 naeaotaiqvvﬁv,
2653 1744 2922 1826 ἀθάνατον
2967 1772 3066 1841 μὲν
3086 1773 3221 1840 ἡμῖν
3253 1771 3316 1824 τὸ
3343 1744 3500 1831 κλέος
3537 1744 3738 1835 διαμε-

506 1861 564 1915 Si
595 1877 726 1917 vero
764 1873 994 1917 mortem
1017 1878 1180 1933 quam
1224 1864 1469 1934 pericula
1511 1867 1806 1929 intentant,
1840 1868 2070 1938 elegeri-

506 1968 648 2021 mus,
705 1954 830 2009 vita:
849 1954 1070 2024 quidem
1100 1964 1302 2011 nostrae
1328 1957 1587 2026 perennis
1604 1958 1849 2014 manebit
1873 1959 2069 2029 gloria,

506 2042 669 2113 idque
694 2045 877 2100 vivere
903 2046 1080 2116 magis
1118 2048 1226 2102 erit
1280 2063 1447 2117 quam
1479 2049 1649 2115 mori;
1679 2051 1830 2106 Deus
1884 2059 2069 2105 autem

510 2134 909 2189 immortalibus
954 2136 1193 2205 praemiis
1230 2152 1334 2194 nos
1366 2140 1826 2194 remunerabitur.

580 2225 634 2280 8.
671 2225 830 2280 Hisce
861 2226 950 2282 ille
978 2228 1331 2283 sermonibus
1384 2237 1643 2299 tanquam
1674 2230 1803 2285 belli
1838 2232 1947 2287 dux
1978 2246 2071 2287 so-

513 2316 723 2369 ciorum
757 2316 1397 2387 accendebatﬁduciam,
1459 2328 1516 2374 et
1544 2320 1608 2374 ad
1640 2321 1937 2377 certamina
1976 2324 2076 2377 imo

514 2406 782 2462 minentis
812 2408 960 2478 ipsos
986 2408 1251 2463 reddebat
1269 2410 1654 2467 animosiores.
1679 2413 1791 2468 Nec
1825 2415 2076 2469 cessabat

400 2548 409 2555 _
516 2496 738 2550 interim
763 2497 929 2552 effera
952 2498 1164 2568 tyranni
1189 2499 1487 2566 crudelitas
1511 2500 1855 2567 animantis,
1884 2518 2074 2557 eorum

517 2603 637 2655 qua:
656 2599 842 2644 contra
875 2600 1090 2646 sanctos
1120 2592 1452 2648 moliebatur
1478 2595 1695 2649 nonnisi
1736 2596 1991 2664 exiguum
2016 2612 2075 2652 se

518 2689 837 2749 apparatum
868 2684 1217 2752 praemisisse.
1277 2685 1585 2741 Minabatur
1612 2689 1813 2743 etenim
1837 2686 1942 2743 alia
1969 2704 2076 2744 non

522 2769 815 2826 mediocria
849 2773 943 2828 sed
977 2773 1174 2829 acerba
1204 2775 1493 2846 supplicia.
1546 2787 1601 2831 et
1643 2778 1873 2832 omnino
1927 2780 2076 2842 talia,

521 2876 642 2927 quae
666 2876 867 2931 corpus
896 2864 1193 2921 humanum
1217 2867 1363 2923 ferre
1394 2869 1716 2938 neutiquam
1753 2878 1957 2938 posset.
1997 2869 2077 2923 Ad

522 2965 684 3020 quem
719 2951 986 3009 Codratus
1034 2956 1201 3011 animi
1258 2958 1507 3027 generosi
1543 2961 1820 3028 proposito
1849 2960 2081 3016 exarde-

2175 1862 2255 1911 νεῖ
2309 1858 2386 1928 τῷ
2436 1858 2560 1928 βίῳ,
2592 1860 2688 1912 καὶ
2737 1857 2845 1927 ζῇν.
2870 1856 3016 1911 τοῦτ’
3040 1857 3195 1911 ἔσται
3233 1857 3434 1926 μᾶλλον
3463 1858 3495 1924 ἥ
3525 1855 3737 1921 θανεῖν,

2172 1952 2462 2005 ἀθανάτων
2494 1950 2551 2004 δὲ
2582 1949 2813 2003 καὶτῶν
2858 1948 3129 2019 βραϐείων
3171 1948 3321 2019 παρὰ
3356 1946 3490 2000 Θεοῦ
3517 1945 3739 2014 ἀντιλη-

2174 2042 2390 2114 ψδμεθα

2250 2224 2321 2295 η’.
2364 2224 2590 2288 Τούτοις
2630 2227 2742 2288 τοῖς
2789 2225 2968 2293 λόγοις
3018 2219 3109 2278 οἷά
3149 2240 3232 2284 τις
3267 2222 3569 2293 στρατηγὸς
3613 2222 3737 2283 τοὺς

2179 2317 2318 2387 ἀμφ’
2348 2319 2513 2373 αὑτὸν
2543 2319 2856 2387 ὑπαλείφων
2885 2334 2943 2371 τε
2980 2316 3077 2371 καὶ
3103 2314 3565 2388 παραθαρρύνων,
3603 2313 3734 2383 πρὸς

2179 2412 2306 2473 τοὺς
2335 2410 2460 2479 ἑξῆς
2493 2410 2713 2477 ἀγῶνας
2765 2391 3202 2480 ἀνδρικωτέρους
3251 2406 3503 2460 καθίστα.
3538 2405 3680 2458 Ἀλλ’
3709 2406 3737 2456 ὁ

2180 2503 2443 2573 τύραννος
2482 2503 2583 2556 οὐκ
2629 2502 2823 2573 ἔληγεν
2864 2501 3078 2555 οὐδέπω
3120 2500 3218 2569 τῆς
3259 2497 3497 2568 σφοδρᾶς
3525 2496 3746 2561 ἐκείνης

2182 2594 2488 2663 ὠμότητος,
2521 2591 2636 2644 ἀλλ’
2680 2587 2750 2661 ἦν
2778 2589 2952 2644 ταῦτα
2987 2590 3183 2658 ἐκείνῳ
3220 2585 3402 2658 μικρά
3448 2602 3532 2647 τις
3564 2601 3748 2653 παραυ

2186 2684 2355 2755 σκευὴ
2395 2683 2534 2738 κατά
2570 2684 2677 2736 τῶν
2705 2682 2901 2750 ἁγίων,
2936 2681 3011 2744 ὼς
3038 2680 3293 2748 ἔφασκεν.
3338 2675 3581 2730 Ἦπείλει
3631 2675 3747 2743 γὰρ

2184 2778 2404 2846 ἑτέρους
2428 2779 2487 2830 οὐ
2514 2775 2766 2845 μετρίους
2797 2775 2894 2828 καὶ
2924 2772 3156 2843 πικροὺς
3177 2770 3459 2833 θανάτους.
3480 2769 3576 2822 καὶ
3594 2767 3749 2827 οἴους

2184 2871 2285 2922 οῦκ
2313 2867 2605 2937 ἀνθρώπου
2641 2866 2798 2936 σῶμα
2832 2866 3024 2936 φέρειν
3053 2864 3291 2918 δύναιτο.
3326 2862 3468 2932 Πρὸς
3486 2860 3546 2913 ὃν
3578 2860 3609 2911 ὁ
3642 2858 3753 2912 Κοο

2184 2959 2377 3030 δρᾶτος
2402 2959 2469 3021 (ὣ
2493 2957 2748 3026 γενναίας
2784 2957 3090 3019 ὲνστάσεως
3112 2956 3206 3007 καὶ
3236 2954 3584 3022 φρονήματος
3615 2950 3756 3017 φλέ-

523 3056 682 3097 scens
714 3057 729 3094 :
760 3042 916 3097 Nulla
987 3046 1211 3113 quidem
1259 3062 1379 3115 nos,
1436 3049 1637 3118 inquit,
1694 3050 1889 3104 mortis
1935 3059 2078 3105 cura

2189 3067 2375 3118 γοντος
2400 3052 2463 3120 Ι),
2492 3050 2626 3118 Περὶ
2658 3048 2757 3116 μὲν
2785 3047 3015 3101 θανάτου
3039 3047 3191 3100 οὐδὲν
3222 3047 3354 3116 ἡμῖν
3382 3045 3554 3114 μέλει,
3572 3043 3709 3112 φησί
3729 3057 3750 3075 ο

525 3132 800 3200 angimur,
849 3148 1010 3202 quam
1045 3145 1256 3191 naturae
1299 3137 1510 3193 calculo
1560 3139 1725 3194 etiam
1766 3148 1893 3194 ante
1929 3148 2081 3194 tuum

2188 3144 2304 3204 πῶς
2330 3142 2439 3212 γάρ
2468 3159 2481 3206 ;
2515 3140 2576 3194 δν
2626 3138 2782 3211 ἡμῶν
2814 3140 2847 3208 ἡ
2893 3137 3056 3207 φύσις
3086 3136 3193 3204 πρό
3215 3153 3279 3203 γε
3312 3132 3407 3187 σοῦ
3433 3130 3746 3201 κατεψηφί-

527 3224 689 3278 nobis
716 3223 987 3279 decretam
1024 3241 1145 3282 esse
1199 3227 1437 3293 scimus;
1485 3244 1610 3283 cum
1676 3231 1813 3285 nulli
1869 3231 2089 3300 penitus

528 3316 650 3379 rei,
724 3331 845 3386 quae
900 3317 1177 3388 gignitur,
1258 3322 1599 3391 corruptioni
1662 3338 1724 3379 se
1772 3324 2087 3380 subducere

528 3405 762 3465 liberum
826 3408 918 3462 sit.
969 3406 1150 3474 Quare
1192 3418 1467 3467 tormenta
1527 3414 1747 3484 quidem
1805 3415 1977 3471 multa
2033 3425 2090 3472 et

528 3496 680 3552 varia
712 3499 767 3553 in
798 3513 899 3555 nos
924 3502 1287 3569 comminisci,
1320 3504 1397 3559 tui
1422 3514 1507 3560 est
1534 3505 1782 3560 arbitrii:
1815 3513 1871 3562 at
1898 3516 2088 3562 contra

533 3591 718 3644 omnia
762 3590 865 3646 ista
899 3593 1120 3662 prodire
1157 3594 1212 3649 in
1245 3596 1444 3661 aciem,
1494 3611 1830 3661 carnemque
1857 3597 2092 3667 vilipen-

533 3680 686 3748 dere,
708 3692 957 3738 nostrum
984 3695 1089 3750 est,
1117 3700 1183 3740 ac
1203 3687 1490 3743 adamante
1516 3687 1768 3743 duriores
1795 3703 1897 3743 nos
1917 3689 2092 3743 otl‘en-

533 3774 649 3830 des.
690 3774 830 3840 Quin
860 3784 917 3831 et
943 3779 1253 3833 cumulasse
1286 3786 1338 3834 te
1367 3780 1655 3850 supplicia,
1680 3780 1842 3835 nobis
1880 3780 2089 3836 beneﬂ-

533 3867 676 3921 cium
708 3867 831 3932 erit,
860 3868 951 3938 qui
979 3884 1077 3937 pro
1109 3869 1325 3924 illorum
1360 3887 1590 3927 numero
1609 3887 1849 3928 coronas
1869 3888 2091 3943 quoque

534 3957 696 4012 nobis
725 3969 1211 4016 annumeraturum
1259 3961 1621 4019 atblothetam
1666 3963 1837 4019 Deum
1866 3979 2094 4035 exspec-

537 4057 739 4105 tamus.

610 4220 662 4274 9.
698 4219 848 4276 Adeo
877 4236 985 4278 non
1011 4226 1365 4284 emolliebant
1410 4230 1575 4286 verba
1609 4231 1727 4287 hac
1780 4241 2092 4303 tyrannum,

540 4318 602 4364 ut
634 4312 871 4368 furorem
923 4316 1043 4385 ejus
1103 4318 1267 4373 etiam
1320 4321 1495 4390 magis
1550 4321 1936 4386 accenderent,
1982 4338 2092 4378 non

2189 3252 2341 3298 σατο,
2374 3235 2470 3287 καὶ
2509 3233 2608 3285 οὑκ
2641 3232 2850 3283 ἔνεστιν
2888 3230 3065 3282 οὐδενὶ
3104 3228 3213 3282 τῶν
3249 3226 3502 3281 ἁπάντων
3526 3222 3753 3291 γενέσει

2186 3323 2518 3397 χρησαμένῳ
2551 3322 2625 3392 μὴ
2664 3323 2759 3374 καὶ
2792 3320 2970 3390 φθορᾷ
3011 3318 3433 3387 καθυπαχθῆναι
3458 3331 3472 3345 ·
3511 3314 3670 3367 τοῦτο
3702 3312 3757 3365 δ’

2187 3420 2320 3486 ἡμῖν
2343 3417 2402 3469 ὲν
2430 3419 2543 3477 τοῖς
2584 3414 2819 3483 μάλιστα
2854 3413 3030 3481 μέλει,
3062 3410 3138 3481 μὴ
3170 3411 3269 3463 σὺν
3300 3408 3488 3478 ἀδοξίᾳ⁴
3520 3406 3616 3460 τοῦ
3648 3406 3761 3476 ζῇν

2187 3503 2618 3573 ἀπαλλαγῶμεν.
2654 3500 2761 3554 Τοῦ
2799 3501 2899 3570 μὲν
2930 3498 3025 3552 οὖν
3053 3497 3252 3561 πολλάς
3279 3513 3339 3550 τε
3373 3498 3470 3551 καὶ
3502 3495 3762 3557 ποικίλας

2188 3597 2543 3664 ὲφευρίσκειν
2570 3592 2694 3647 καθ’
2719 3591 2878 3661 ἡμῶν
2905 3590 3175 3660 βασάνους
3207 3589 3273 3641 σὺ
3308 3587 3498 3657 κύριος
3523 3604 3536 3615 ⁸
3571 3585 3666 3639 τοῦ
3697 3586 3762 3638 δὲ

2194 3687 2331 3757 πρὸς
2358 3686 2539 3748 πασας
2581 3682 3051 3751 ἁντιτεταγμένως
3083 3679 3250 3749 ἔχειν,
3275 3678 3369 3730 καὶ
3410 3677 3508 3747 τῆς
3546 3676 3764 3746 σαρκὸς

2189 3778 2449 3847 ἀφειδεῖν,
2488 3779 2680 3830 τούτου
2710 3774 2753 3827 δ’
2776 3774 2938 3845 ἡμεῖς
2974 3772 3195 3845 κύριοι,
3227 3770 3319 3823 καὶ
3352 3768 3480 3831 ἴδοις
3513 3768 3579 3821 ἂν
3613 3785 3765 3819 παν-ι

2191 3866 2281 3927 τὸς
2301 3864 2608 3930 ἀδάμαντος
2635 3859 2904 3926 ἀκμαιοτέ
2915 3875 3062 3928 ρους.
3106 3858 3269 3927 Ἡμῖν
3299 3857 3357 3910 δὲ
3396 3855 3492 3909 καὶ
3516 3858 3572 3907 ἐν
3595 3854 3766 3925 εὐερ-

2191 3952 2351 4019 γέτου
2406 3949 2571 4021 μοίρᾳ
2621 3947 2835 4019 λογίζῃ.
2886 3946 3104 4006 πλείους
3163 3945 3442 4012 ἐπιφέρων
3475 3943 3762 4006 κολάσεις,

2196 4046 2590 4114 ίσομετρὴτους
2637 4040 2745 4111 γὰρ
2795 4039 2888 4092 καὶ
2922 4039 3048 4102 τοὺς
3083 4038 3380 4104 στεφάνους
3422 4032 3768 4104 ἐκδεχόμεθα

2197 4137 2349 4207 παρά
2370 4134 2463 4187 τοῦ
2490 4133 2780 4187 ἀθλοθέτου
2816 4130 2974 4184 Θεοῦ.

2264 4220 2330 4277 θ’.
2355 4220 2543 4276 Ταῦτα
2580 4220 2669 4272 τὸν
2700 4220 2962 4288 τύραννον
2991 4214 3323 4287 ἑμαλάκιζεν
3352 4212 3749 4283 οὗδαμιῖις,ἀλλ

2195 4314 2458 4382 ἀνέφλεγε
2507 4312 2709 4382 μᾶλλον
2752 4310 2844 4363 τδν
2886 4308 3095 4361 ἐκείνου
3137 4308 3342 4377 θυμὸν,
3393 4302 3639 4374 ὡσέῖερεί
3674 4323 3769 4369 τις

538 4414 698 4457 secus
729 4417 795 4459 ac
823 4406 1050 4461 materia
1080 4406 1352 4464 incendiis
1377 4419 1501 4479 apta
1529 4410 1798 4467 ﬂammam
1830 4413 1988 4469 solet.
2021 4413 2081 4472 Α(

2201 4407 2509 4477 εὖπρηστος
2533 4403 2633 4472 ὕλη
2671 4403 2844 4471 φλόγα
2876 4400 3069 4472 πυρός.
3100 4400 3208 4453 Καὶ
3236 4401 3262 4452 ὁ
3294 4399 3392 4467 μὲν
3421 4397 3772 4466 ὲφοινίσσετο

541 4490 689 4547 illius
717 4494 933 4563 quidem
958 4496 1149 4552 faciem
1174 4498 1253 4552 ira
1279 4499 1479 4555 rubore
1509 4500 1854 4567 suffuderat;
1889 4511 2096 4575 marty-

541 4598 631 4637 res
655 4594 835 4640 autcm
896 4586 1277 4644 subridebant.
1310 4590 1556 4646 Jaciebat
1596 4592 1687 4647 ille
1727 4594 2011 4648 convicia:
2041 4593 2097 4648 bi

538 4683 722 4729 autem
751 4691 849 4746 par
883 4679 995 4747 pari
1026 4695 1132 4733 non
1158 4679 1734 4738 reddebantJubcbat
1755 4683 1846 4738 ille
1878 4684 2099 4738 carniﬁ—

540 4777 631 4817 ces
659 4766 924 4835 supplicia
957 4770 1157 4824 addere
1210 4768 1534 4838 suppliciis:
1568 4771 1622 4824 hi
1658 4780 1841 4826 autem
1907 4786 2102 4825 cumu-

542 4858 667 4913 latis
694 4869 749 4913 et
803 4860 897 4915 ditt
931 4863 1227 4931 protractis
1293 4863 1529 4933 amplius
1578 4863 1926 4932 gaudebant,
1976 4878 2101 4917 cum

546 4952 700 5006 firma
748 4953 914 5008 animi
965 4970 1091 5024 spes
1148 4955 1328 5010 debile
1376 4970 1577 5025 corpus
1635 4962 1987 5019 sustentaret,
2041 4968 2105 5007 ac

541 5043 801 5113 erigeret,
836 5046 1164 5112 persuadens
1203 5047 1357 5113 ipsis,
1389 5055 1447 5101 ut
1478 5056 1745 5100 tormenta
1780 5044 1913 5097 nihil
1953 5043 2102 5098 aliud

544 5148 668 5187 esse
731 5134 1131 5199 existimarent,
1202 5153 1368 5205 quam
1436 5136 1778 5207 gymnasium
1858 5135 2102 5190 virtutis.

550 5222 745 5277 Bestiis
773 5235 1035 5292 praeterea
1094 5227 1148 5280 in
1195 5228 1376 5282 cibum
1427 5227 1651 5298 objecti,
1714 5226 1840 5281 hinc
1887 5240 2105 5295 quoque

550 5312 837 5369 indemnes
888 5327 1202 5382 evaserunt,
1284 5318 1461 5387 angeli
1516 5317 1779 5373 divinitus
1842 5319 2105 5371 submissi

551 5404 772 5471 auxiiio,
796 5407 1142 5476 quil'erarum
1180 5425 1275 5464 ora
1302 5410 1594 5465 obstruxit.
1644 5410 1888 5464 Tandem
1919 5409 2104 5479 igitur,

626 5550 837 5613 (SHIS.
884 5550 1150 5619 συνάψειε
1184 5551 1276 5606 sed
1327 5551 1560 5606 litteram
1606 5548 1971 5609 deiicientem,
2031 5547 2107 5599 uti

555 5630 712 5675 antea
733 5621 1240 5689 θάνα-ονειιορίεηε
1282 5622 1503 5688 adjecit,
1555 5622 1646 5690 qui
1714 5620 1827 5672 lucc
1890 5630 2106 5690 summo

559 5706 682 5744 cum
729 5692 932 5759 judicio
980 5691 1317 5757 trunscripsit
1371 5689 1608 5746 Deltnius
1683 5689 2105 5752 prmium-inanis

2197 4499 2258 4551 τὸ
2295 4497 2581 4567 πρὸσωπον
2614 4494 2705 4547 ὑπ’
2738 4492 2929 4563 ὀργῆς,
2980 4492 3030 4544 οί
3055 4492 3111 4544 δὲ
3142 4490 3420 4560 μάρτυρες
3470 4488 3765 4557 ὲμειδίων’

2201 4588 2298 4641 καὶ
2326 4590 2354 4642 ὁ
2391 4586 2489 4655 μὲν
2512 4586 2753 4655 ὕῦριζεν,
2787 4585 2836 4637 οί
2867 4583 2912 4635 δ’
2946 4582 3048 4636 οὐκ
3074 4582 3402 4651 ἀνθύϐριζον
3422 4597 3438 4611 ·
3470 4582 3565 4633 καὶ
3595 4580 3625 4631 ὁ
3659 4577 3772 4645 μὶν

2197 4678 2325 4741 τοὺς
2348 4676 2575 4747 δημίους
2633 4676 2886 4728 ἐκέλευεν
2944 4675 3205 4744 ὲμφορεῖν
3259 4672 3359 4733 τὰς
3405 4670 3770 4730 κολάσεις,οξ

2199 4769 2246 4823 δ’
2285 4768 2719 4836 ἀλλεπαλλήλους
2772 4784 2830 4819 τε
2873 4767 2964 4818 καὶ
3007 4767 3253 4835 συνεχεῖς
3282 4763 3681 4832 ἑμφοροὺμενοι
3711 4762 3772 4813 Ξ.

2203 4879 2394 4933 χαιρον
2453 4864 2514 4914 τὸ
2567 4860 2663 4912 τοῦ
2721 4861 2973 4927 σώματος
3014 4857 3241 4919 ἀσθενὲς
3284 4856 3383 4922 τῆς
3434 4855 3531 4922 τῆς
3575 4853 3771 4922 ψυχῆς

2201 4953 2591 5025 ὕπερειδούσης
2623 4955 2715 5003 καὶ
2737 4948 3130 5018 ἀνεγειρούσης
3160 4942 3399 5008 ἐλπίδος.¹
3422 4948 3515 4998 καὶ
3550 4946 3770 5013 γυμνὰ.-

2202 5063 2317 5100 σιον
2341 5047 2413 5108 ὡς
2443 5044 2656 5113 ἀληθῶς
2691 5042 2893 5111 ἀρετῆς
2925 5041 3022 5103 τὰς
3055 5039 3319 5110 βασάνους
3360 5039 3610 5106 ἡγεῖσθαι
3642 5052 3772 5086 πει-

2202 5137 2424 5206 θούσης.
2460 5135 2597 5203 Ἤδη
2629 5135 2686 5187 δὲ
2719 5135 2810 5186 καὶ
2844 5132 3052 5202 θηρίοις
3083 5131 3447 5199 ἠγριωμένους
3482 5126 3621 5196 βορὰ
3658 5142 3770 5177 πα-

2208 5228 2515 5298 ρατίθενται
2536 5243 2550 5256 ‘
2579 5226 2693 5278 ἀλλ’
2717 5222 3031 5292 ἀπήλλαξαν
3045 5219 3296 5273 κάκεῖθεν
3326 5217 3767 5285 ἁπαθεῖς,ἀγγέ-

2205 5321 2298 5372 λου
2341 5319 2522 5373 θεόθεν
2562 5318 2884 5377 ἐπιστάντος
2922 5312 3141 5383 βοηθοῦ,
3188 5317 3282 5363 καὶ
3328 5312 3397 5361 τὰ
3424 5309 3530 5362 τῶν
3578 5307 3769 5376 θηρῶν

2209 5412 2647 5481 ἀποφράττων-ξος
2679 5410 2944 5477 στόματα.
2987 5405 3141 5457 Ἐπεὶ
3181 5403 3256 5465 δὲ,
3300 5399 3497 5471 μικροῦ
3543 5399 3652 5451 δέω
3684 5398 3770 5453 λέξ
3812 5444 3825 5454 .

2215 5549 2673 5618 quemadmodum
2705 5556 2971 5618 etdnum,
3002 5544 3061 5618 ll
3125 5540 3395 5613 supplevit
3443 5537 3769 5606 νοσημάτων

2216 5613 2315 5686 [iro
2342 5636 2622 5688 σηματων,
2645 5624 2700 5671 et
2732 5615 2837 5669 alia
2863 5613 3131 5684 qumdam.
