4060 6204
324 325 432 387 513

1595 323 1772 384 VlTA
1812 321 2270 414 SACODRATI.

3446 322 3552 383 514

319 457 462 509 γειν,
500 437 588 492 διὰ
623 439 800 509 πάσης
829 441 1069 501 ἐπινοίας
1101 439 1272 493 ἐλθὼν
1297 439 1324 492 ὁ
1353 437 1621 501 κολάζων,
1646 437 1890 498 ἐκείνους

2004 453 2118 490 eum
2162 436 2296 490 nihil
2329 434 2444 490 fere
2491 435 2854 505 excogitatum
2911 433 3016 490 sibi
3079 434 3339 488 omitteus
3379 445 3554 490 tortor

325 533 426 602 μὲν
454 535 700 602 νικητὰς,
730 533 920 585 ἑαυτὸν
945 532 997 584 δὲ
1025 533 1124 599 τῆς
1160 533 1326 600 ἥττης
1351 533 1444 581 καὶ
1475 529 1622 582 ἄκων
1648 527 1884 597 κληροῦ-

324 641 420 692 χον
463 624 660 688 ἐποίει,
693 624 778 677 διὰ
811 625 988 690 πάσης
1035 624 1360 692 προστάττει
1405 620 1636 689 συρῆναι
1667 620 1760 686 τῆς
1791 619 1890 669 πό-

321 715 488 780 λεως,
517 715 744 776 ὑπτίους
781 715 842 764 ὲκ
867 713 1043 764 ποδῶν
1081 711 1480 780 δεσμηθέντας.
1511 711 1618 760 Καὶ
1647 707 1890 759 εἷλκοντο

331 807 428 874 μὲν
463 803 700 872 ἀφειδῶς
731 804 780 854 cl
821 802 1058 872 Χριστοῦ
1089 802 1351 870 ἀθληταί·
1397 799 1686 853 ἐϐάλλοντο
1716 799 1761 850 δ’
1784 797 1892 850 ὑπὸ

329 890 550 943 πάντων
587 891 662 952 ὡς
714 889 888 941 εἰπεῖν
927 889 1244 955 συγκλύδων
1283 889 1446 940 τινῶν
1489 889 1580 940 καὶ
1617 885 1890 954 ἁγοραῖων

335 981 635 1052 μειρακίων
683 980 854 1042 λίθοις
909 996 968 1032 τε
1019 980 1112 1031 καὶ
1157 979 1357 1045 ξύλοις,
1389 979 1483 1032 καὶ
1527 979 1634 1047 ὅτῳ
1679 977 1896 1030 δύναιτο

331 1075 560 1136 ἕκαστος
586 1073 796 1143 τρόπῳ,
846 1073 951 1134 ἓως
990 1075 1087 1142 τῆς
1121 1071 1326 1133 πόλεως
1349 1069 1742 1140 ἀπηνέχθησαν
1765 1067 1890 1132 ἔξω,

329 1168 464 1218 ὅπου
515 1167 610 1218 καὶ
661 1165 760 1234 τὴν
810 1164 1068 1234 τελευτὴν
1115 1156 1274 1230 εὗρον
1328 1161 1422 1214 τοῦ
1453 1161 1591 1231 βίου,
1629 1160 1770 1227 ξίφει
1793 1159 1892 1221 τὰς

331 1251 575 1318 κεφαλὰς
611 1251 1069 1318 ἀποϐεϐληκότες.
1121 1251 1282 1302 Ἀ).λὰ
1313 1252 1422 1318 γάρ
1454 1253 1480 1302 ὁ
1511 1251 1652 1311 θεῖος
1682 1249 1894 1318 Κοδρᾶ-

333 1361 424 1404 to;
459 1343 558 1394 σὺν
591 1348 702 1405 τοῖς
733 1344 871 1411 ἀμφ’
899 1343 1062 1394 αὺτῖιν
1094 1341 1238 1394 οὕτω
1267 1341 1372 1409 πρὸ
1405 1339 1498 1392 τοῦ
1543 1341 1748 1400 ἄστεως
1781 1340 1894 1403 ἐξε-

333 1433 610 1494 λαθέντες.
643 1434 762 1484 ἐκεῖ
803 1449 906 1484 που
936 1431 1028 1484 τοῦ
1060 1432 1238 1499 τείχου
1283 1432 1510 1496 ἔγγιστα
1542 1429 1700 1497 δίκην
1727 1431 1896 1481 ἀστασ-

333 1527 480 1593 χιὲων
533 1525 628 1585 τὰς
671 1523 911 1592 κεφαλὰς
965 1524 1306 1592 ἀφῄρηνται,
1361 1521 1608 1589 Μαρτίου
1664 1520 1895 1589 δεκάτην

335 1615 562 1679 ἄγοντος
595 1615 734 1674 τότε,
767 1613 861 1666 τοῦ
889 1611 1197 1680 ἔαροςνέον
1225 1611 1328 1680 ήδη
1361 1610 1456 1680 τὴν
1492 1614 1596 1678 γῆν
1627 1611 1892 1672 ἐπιόντος.

343 1707 408 1758 ἸΙ
439 1706 492 1756 δὲ
525 1705 584 1757 τὸ
633 1703 1020 1774 καταῤῥεῦσαν
1063 1701 1268 1754 ἐκεῖθεν
1305 1696 1446 1770 αἷμα
1491 1699 1764 1768 δεξαμένη
1793 1699 1895 1752 πέ-

1992 529 2116 592 iste,
2147 544 2176 582 a
2201 527 2502 582 victoribus
2531 537 2712 582 tamen
2740 529 2846 581 illis
2873 529 3183 582 \inceretur
3213 529 3296 581 vel
3327 529 3550 592 invitus,

1990 619 2214 687 supinos
2241 618 2472 688 pedibus
2501 619 2734 687 alligatis
2765 620 2968 687 raptari
3011 637 3107 688 per
3158 619 3346 674 urbem
3399 635 3556 672 man-

1989 709 2102 762 dat.
2137 709 2518 762 Trahebantur
2547 709 2732 777 itaque
2771 709 2990 762 athleta:
3043 709 3247 762 Christi
3294 709 3552 762 immitis-

1989 800 2142 860 sime,
2177 809 2231 850 et
2259 815 2288 851 a
2311 800 2619 867 promiscua
2674 800 2832 852 turba
2868 800 3268 868 juvenibusque
3313 800 3554 854 circum-

1991 887 2228 942 foraneis
2253 889 2546 956 lapidibus,
2583 889 2737 958 lignis
2769 899 2826 943 et
2875 891 3020 950 aliis,
3071 905 3192 957 quae
3223 890 3288 942 ad
3331 905 3550 942 manum

1992 988 2170 1040 erant,
2227 979 2554 1047 petebantur
2591 979 2806 1033 :donec
2851 980 3066 1034 tandem
3141 988 3291 1034 extra
3361 981 3550 1034 urbem

1993 1079 2214 1122 ventum
2245 1077 2346 1132 est,
2373 1068 2466 1121 ubi
2512 1067 2784 1135 capitibus
2835 1068 3014 1136 gladio
3063 1069 3342 1135 abscissis,
3390 1072 3555 1122 linem

1993 1159 2116 1212 vine
2147 1158 2494 1212 invenerunt.
2530 1159 2708 1228 Atque
2739 1161 2818 1212 sic
2841 1158 3028 1212 divino
3087 1158 3324 1213 Codrato
3382 1169 3436 1214 et
3464 1175 3554 1214 so-

1994 1253 2096 1306 ciis
2133 1252 2266 1306 urbe
2322 1251 2532 1321 ejectis,
2587 1253 2654 1306 ad
2711 1254 2824 1319 ipsa
2859 1254 2977 1321 ejus
3025 1255 3222 1307 mantia
3277 1255 3552 1322 spicarum

1997 1341 2166 1396 instar
2193 1344 2372 1408 capita
2427 1344 2672 1397 demessa
2730 1351 2880 1405 sunt,
2939 1343 3114 1396 Martii
3167 1343 3256 1397 die
3315 1346 3553 1408 decima,

1941 1455 1958 1473 ο
1995 1447 2122 1486 vere
2141 1434 2322 1486 denuo
2354 1443 2554 1486 terram
2585 1433 2878 1486 invisente.
2910 1433 3110 1486 Saxum
3139 1435 3382 1501 quidem,
3409 1435 3554 1500 quod

1996 1521 2326 1578 deﬂuentem
2349 1524 2590 1592 ipsorum
2625 1524 2946 1600 sanguinem
2971 1517 3220 1590 'excepit,
3253 1539 3408 1592 aqua:
3433 1522 3558 1577 fon-

1999 1621 2106 1668 tem
2137 1614 2424 1668 confestim
2468 1614 2674 1674 emisit,
2725 1613 3035 1682 nosuisque
3095 1615 3260 1668 etiam
3302 1614 3562 1682 tempori-

2003 1705 2102 1759 bus
2129 1705 2380 1759 emittere
2419 1705 2486 1759 ad
2529 1705 2848 1759 morborum
2915 1707 3094 1758 omnis
3123 1705 3340 1774 generis
3375 1718 3560 1759 reme-

335 1809 460 1860 ιρα,
507 1791 690 1858 πηγὴν
731 1789 922 1850 ὓδατος
964 1791 1028 1841 ὲκ
1063 1789 1156 1842 τοῦ
1209 1788 1552 1858 παραχρῆμα
1586 1786 1894 1851 ἀντιδοῦσα,

2004 1794 2086 1848 ilia
2106 1793 2439 1862 perseverat.
2458 1793 2803 1849 Venerandas
2820 1801 3002 1846 autem
3029 1792 3292 1860 reliquias
3315 1792 3558 1860 ipsorum

333 1883 568 1937 διατελεῖ
609 1883 698 1934 καὶ
735 1883 792 1944 ἐς
835 1879 994 1949 δεῦρο
1039 1880 1368 1950 νοσημάτων
1413 1879 1679 1932 παντοίων
1723 1879 1896 1942 ἰάσεις

337 1973 809 2042 συναπορρἐυσα.
844 1972 926 2023 Τά
967 1971 1024 2024 δὲ
1051 1972 1208 2040 τίμια
1235 1970 1416 2024 αὐτῶν
1451 1969 1683 2038 λείψανα
1709 1969 1895 2035 θεοφιο

333 2068 444 2129 λεῖς
482 2067 799 2134 ἀνελόμενοι
835 2063 1046 2134 ἄνδρες,
1093 2064 1194 2116 καὶ
1243 2065 1469 2132 τέμενος
1512 2061 1654 2116 θεῖον
1697 2063 1893 2130 δειμά-

337 2177 492 2228 μενοι
551 2161 657 2226 πρδ
695 2155 790 2210 τοῦ
836 2157 1046 2218 ἄστεως
1095 2155 1270 2225 τούτῳ
1317 2154 1468 2207 ταῦτ’
1511 2153 1893 2220 ἐγκατέθεντο,

335 2250 638 2317 ἀσφάλειαν
666 2248 934 2318 μεγίστην
972 2249 1039 2317 τῇ
1071 2247 1226 2300 πόλει
1260 2246 1354 2300 καὶ
1385 2244 1662 2316 θησαυρὸν
1697 2244 1898 2300 ἄσυλον

339 2340 390 2392 ίσ
398 2340 608 2408 μάτων.

2003 1885 2080 1953 pii
2144 1885 2242 1938 viri
2311 1885 2670 1954 collegerunt,
2710 1895 2766 1937 et
2827 1885 2882 1936 in
2933 1883 3156 1952 templo,
3199 1883 3340 1950 quod
3389 1895 3559 1951 prope

2003 1978 2190 2032 urbem
2223 1978 2333 2031 Deo
2373 1986 2718 2032 exstructum
2758 1976 2826 2029 ab
2881 1975 3014 2042 ipsis
3045 1973 3388 2042 postmodum
3449 1982 3555 2034 est,

2001 2069 2434 2128 collocaverunt,
2471 2069 2760 2122 maximam
2793 2068 2914 2122 urbi
2957 2068 3204 2120 tutelam.
3229 2073 3286 2120 et
3317 2064 3559 2120 sanatio-

2001 2149 2132 2216 nutu
2160 2163 2476 2216 thesaurum
2509 2169 2940 2216 sacrosanctum.

1765 2427 1992 2485 CAPUT
2033 2427 2128 2483 Ill.

1008 2541 1329 2613 Martyrium
1367 2539 1592 2595 aliorum
1623 2539 1941 2609 quindecim,
1979 2541 2216 2610 exemplo
2253 2539 2316 2594 'S.
2347 2541 2565 2596 Codrati
2595 2558 2892 2611 passorum.

409 2671 460 2726 ι’.
507 2669 674 2724 Ἀλλὰ
721 2669 788 2722 τὰ
829 2669 926 2739 μὲν
958 2669 1103 2739 ciu-,1
1147 2669 1422 2738 Κοδρᾶτον
1463 2669 1556 2720 καὶ
1601 2666 1726 2728 τοὺς
1759 2665 1897 2735 ἀμφ’

344 2761 504 2814 αὑτὸν
557 2759 817 2812 τοιαῦτα·
870 2761 1162 2812 ὑπόλοιπον
1215 2759 1259 2812 δ’
1303 2761 1369 2812 ἂν
1412 2759 1496 2826 εἴη
1535 2755 1808 2810 διαλαϐεῖν
1838 2757 1897 2810 ἐν

345 2853 538 2922 βραχεῖ
569 2851 666 2904 καὶ
695 2849 794 2920 τὴν
822 2851 930 2902 τῶν
984 2851 1160 2904 ἄλλων
1207 2850 1454 2920 ἄθλησιν,
1506 2848 1554 2901 οἳ
1595 2847 1900 2919 διδασκάλῳ

347 2944 610 3014 Κοδράτῳ
656 2945 1020 3013 χρησάμενοι,
1077 2945 1170 2996 καὶ
1224 2943 1444 3014 χρηστῷ
1494 2941 1900 3012 παραδείγματι

2078 2669 2160 2724 l0.
2185 2669 2360 2738 Atque
2389 2671 2502 2724 haec
2531 2671 2597 2725 de
2619 2670 2854 2726 Codrato
2880 2672 3108 2742 ejusque
3145 2672 3328 2737 sociis,
3363 2690 3554 2746 super-

2003 2771 2109 2824 est,
2141 2771 2200 2815 ut
2230 2761 2524 2814 certamina
2557 2753 2777 2830 quoque
2819 2763 3006 2830 paucis
3055 2779 3417 2833 exsequamur
3468 2782 3564 2822 eo-

2007 2852 2272 2922 rumqqui
2326 2852 2639 2920 magisterio
2717 2851 2937 2906 Codrati
2987 2853 3240 2922 bonoque
3311 2856 3562 2924 exemplo

2007 2945 2071 2994 ad
2107 2941 2454 3010 pugnandum
2510 2959 2610 3010 pro
2663 2940 2882 2996 Christo
2938 2943 3173 2998 viriliter
3225 2946 3561 3014 temporibus

343 3037 480 3106 πρὸς
505 3037 630 3098 τοὺς
660 3036 749 3088 διά
780 3036 1014 3106 Χριστὸν
1043 3037 1258 3103 ἀγῶνας
1287 3037 1346 3087 ὲν
1375 3035 1601 3096 ἐκείνοις
1633 3037 1744 3097 τοῖς
1767 3039 1898 3104 χρό-

2009 3031 2205 3084 iisdem
2237 3031 2535 3094 iuvaluere,
2566 3031 2839 3084 mentibus
2873 3031 2926 3084 iu
2961 3033 3108 3086 illius
3155 3034 3558 3088 aemulationem

343 3145 458 3190 νοις
521 3127 905 3199 ὲῤῥώσθησαν,
946 3128 1092 3198 ζήλῳ
1122 3128 1198 3199 τῷ
1230 3128 1365 3198 πρὸς
1410 3129 1573 3180 αὑτὸν
1605 3127 1702 3186 τὰς
1725 3127 1902 3196 ψυχὰς

342 3219 784 3290 ἑκπυρώσαντες.
820 3218 930 3272 Ἑνὶ
960 3219 1058 3287 μὲν
1086 3217 1179 3272 οὖν
1215 3218 1451 3280 ἅπαντες
1478 3217 1706 3286 δικαστῇ
1733 3217 1905 3286 παρέ-

343 3328 572 3382 στησαν,
589 3313 800 3382 Τερτίῳ
821 3311 1117 3388 άνθυπάτῳ
1131 3310 1400 3376 Ἑλλάδος,
1420 3311 1712 3380 διαφόρους
1737 3309 1792 3362 δὲ
1807 3307 1904 3370 τὰς

343 3401 596 3461 κολάσεις
623 3399 954 3460 ὑποστάντες
980 3398 1201 3466 ἐξῆλθον
1224 3399 1313 3450 τὸν
1333 3398 1466 3468 βίον·
1490 3397 1682 3466 πρῶτα
1700 3397 1797 3466 μὲν
1813 3391 1906 3449 οὖν

342 3490 750 3558 Οὑῖκτουρῖνος,
781 3487 1032 3557 Οὺῖκτωρ
1074 3504 1134 3540 τε
1180 3485 1639 3554 καὶὶΝικηφόρος,
1686 3483 1906 3556 μυρίαις

341 3579 610 3650 πρότερον
661 3576 1084 3643 καταξανθέντες
1118 3575 1393 3645 βασάνοις,
1421 3578 1614 3630 ἔπειτα
1646 3577 1703 3628 ὲν
1754 3575 1905 3642 ὅλμῳ

343 3671 538 3738 βιαίως
568 3669 658 3734 ea
683 3670 912 3736 σώματα
951 3666 1351 3737 συντριϐέντες,
1389 3667 1528 3730 σώας
1569 3668 1663 3720 καὶ
1693 3665 1908 3734 ἀλωϐή-

341 3777 472 3821 τους
507 3759 598 3820 τὰς
637 3759 813 3828 ψυχὰς
853 3759 930 3826 τῷ
961 3757 1080 3826 Θεῷ
1133 3759 1520 3827 παρέπεμπον.
1550 3757 1813 3826 Δεύτερος
1851 3755 1908 3806 δὲ,

341 3851 610 3913 Κλαύδιος
641 3849 716 3919 (εί)
748 3851 843 3910 τὰς
874 3851 1060 3918 χεῖρας
1091 3851 1183 3900 καὶ
1215 3849 1338 3908 τοὺς
1364 3849 1528 3910 πόδας
1561 3849 1908 3917 ἀκρωτηρια-

347 3939 494 4000 σθεὶς
528 3937 736 4006 χαίρων
773 3937 974 3989 ἀπεῖπε
1003 3935 1080 4003 τῷ
1119 3935 1240 4006 ζῇν,
1269 3933 1493 4004 δραμὼν
1524 3933 1658 4004 πρὸς
1687 3933 1817 3986 Θεὸν
1849 3933 1908 3986 ὃν

345 4033 552 4099 ἐζήτει,
593 4027 788 4097 Τρίτος
818 4025 873 4077 δὲ
918 4029 945 4077 ὁ
974 4025 1264 4094 Διόδωρος,
1301 4025 1430 4092 θείῳ
1458 4023 1624 4092 ἔρωτι
1654 4023 1909 4093 ἐκπυρώ·
1972 4041 1976 4044 ·

351 4141 442 4186 σας
467 4123 566 4190 τὴν
589 4117 786 4192 ψυχὴν,
819 4120 870 4179 ἐς
905 4117 1074 4188 μέσην
1104 4117 1201 4186 τὴν
1246 4117 1362 4168 κατ’
1397 4115 1561 4168 αὑτοῦ
1596 4131 1910 4185 παρασκευ-

349 4213 610 4268 ασθείσαν
647 4208 824 4278 πυρὰν
855 4209 1094 4272 ἅλλεται,
1135 4207 1270 4277 πυρὶ
1304 4205 1415 4275 πῦρ
1449 4206 1523 4268 ὠς
1559 4207 1734 4258 εἰπεῖν
1763 4207 1912 4260 ἀντι-

345 4305 536 4368 τάξας,
570 4303 647 4370 τῷ
682 4301 856 4372 ἒνύλῳ
890 4299 952 4352 τὸ
1002 4301 1164 4354 ᾶῡλον
1190 4314 1205 4328 ·
1255 4299 1348 4350 καὶ
1389 4297 1587 4367 μικρὸν
1640 4295 1906 4360 ἐπιϐιοὺς,

2007 3121 2270 3176 accensis.
2295 3121 2372 3176 Ad
2398 3129 2564 3175 unum
2591 3121 2773 3190 itaque
2801 3122 3042 3192 judicem
3098 3139 3288 3180 omnes
3339 3126 3558 3194 quidem

2003 3214 2246 3279 adducti,
2281 3215 2500 3268 tertium
2535 3228 2732 3282 nempe
2764 3215 3146 3279 proconsulem
3185 3214 3430 3284 Graeciae,
3481 3219 3566 3272 di—

2003 3305 2176 3359 versis
2207 3315 2383 3359 tamen
2413 3305 2696 3372 suppliciis
2734 3305 2996 3380 toleratis,
3039 3307 3152 3360 vita
3209 3319 3566 3362 excesserunt

2003 3393 2314 3449 Victorinus
2335 3395 2596 3464 primum,
2644 3395 2847 3460 Victor,
2901 3406 2954 3450 et
2985 3395 3350 3464 Nicephorus,
3397 3399 3564 3452 innu-

2007 3486 2173 3538 meris
2201 3493 2356 3538 antea
2380 3486 2602 3540 lacerati
2628 3487 2936 3551 tormentis,
2966 3488 3020 3542 it)
3047 3490 3311 3542 mortario
3343 3489 3562 3544 tandem

2007 3575 2335 3642 corporibus
2375 3573 2645 3628 violenter
2695 3575 2971 3638 contritis,
3032 3575 3144 3630 Deo
3207 3578 3566 3632 reddiderunt

2008 3668 2218 3722 animas
2253 3667 2429 3722 salvas
2476 3677 2529 3721 et
2561 3668 2885 3722 incolumes.
2937 3668 3189 3724 Secundo
3251 3669 3371 3725 loco
3402 3671 3566 3726 Clau-

2009 3757 2150 3819 dius,
2185 3759 2435 3812 manibus
2457 3759 2796 3828 pedibusque
2815 3759 3074 3816 absciSsis
3104 3761 3170 3813 ad
3196 3761 3360 3814 Deum
3403 3777 3561 3829 quem

2008 3851 2283 3918 qumrebat
2311 3865 2574 3915 currens,
2627 3851 2749 3904 vitae
2789 3851 3065 3908 valedixit.
3121 3851 3338 3906 Tertius
3370 3853 3566 3905 Diodo-

2010 3953 2124 4002 rus,
2159 3953 2343 3990 amore
2376 3937 2470 3991 Dei
2504 3949 2739 3996 mentem
2780 3939 3148 4004 inﬂammatis,
3213 3942 3446 3994 medium
3510 3943 3566 3995 in

2013 4045 2198 4098 rogum
2227 4029 2329 4082 sibi
2383 4039 2634 4100 paratum
2677 4030 2922 4094 insilivit,
2981 4031 3092 4102 igni
3135 4033 3336 4100 ignem,
3387 4041 3446 4086 ut
3494 4033 3565 4086 ita

2011 4119 2208 4184 dicam,
2233 4133 2532 4190 Opponeus,
2563 4120 2792 4174 materia
2821 4133 3097 4186 carentem
3127 4125 3393 4178 materiali
3424 4141 3439 4176 :
3473 4124 3568 4193 qui

2010 4225 2131 4264 cum
2167 4209 2445 4280 paululum
2476 4211 2891 4280 supervixisset,
2914 4215 3132 4283 utrique
3157 4215 3264 4286 igni
3310 4229 3366 4269 se
3390 4215 3568 4285 ipsum

2012 4301 2314 4366 distribuit,
2343 4311 2560 4355 terreno
2594 4301 2862 4372 quidquid
2913 4304 2968 4358 in
3027 4319 3086 4360 se
3119 4317 3395 4362 terrenum
3455 4319 3571 4363 erat

347 4397 600 4468 ἑκατέρῳ
637 4395 770 4464 πυρὶ
803 4393 1153 4461 διεμερίσατο
1178 4389 1392 4452 ἑαυτὸν,
1427 4387 1662 4449 ἀποδοὺς
1683 4389 1773 4440 τὸν
1811 4387 1903 4455 μὲν

2013 4393 2245 4457 donans,
2283 4391 2532 4462 spiritum
2593 4403 2776 4448 autem
2821 4395 3033 4461 divino,
3089 4408 3252 4466 atque
3280 4415 3374 4467 per
3426 4401 3570 4454 hunc

345 4487 480 4558 χοῦν
507 4487 586 4556 τῷ
613 4487 806 4555 γηΐνῳ,
839 4483 900 4536 τὸ
928 4483 982 4536 δὲ
1017 4481 1231 4550 πνεῦμα
1259 4480 1334 4549 τῷ
1359 4479 1508 4548 θείῳ,
1541 4481 1633 4531 καὶ
1657 4477 1725 4530 δι’
1743 4477 1908 4532 αὑτοῦ

347 4580 428 4648 τῷ
458 4578 600 4648 Θεῷ.
639 4575 908 4646 ’Τέταρτος
941 4574 996 4625 δὲ
1026 4573 1310 4642 Σεραπίων
1355 4570 1657 4640 κεφαλικὴν
1687 4569 1911 4638 ὑπομεί-

351 4690 446 4732 νας
479 4667 774 4736 τιμωρίαν,
796 4666 931 4734 πρὶς
965 4663 1194 4732 Χριστὸν
1229 4660 1516 4726 διαϐαίνει,
1545 4660 1642 4730 τὴν
1673 4660 1744 4721 ὡς
1777 4661 1910 4730 ἁλη-

349 4764 458 4824 θῶς
491 4759 652 4812 αὑτοῦ
681 4758 939 4826 κεφαλήν.
965 4755 1220 4823 Πέμπτος
1257 4753 1310 4804 δὲ
1355 4752 1572 4814 Παπίας
1612 4754 1791 4820 πόντῳ
1819 4753 1912 4803 καὶ

350 4855 560 4922 κύματι
606 4849 1090 4911 καταϐαπτισθεὶς,
1127 4849 1235 4908 τοῖς
1272 4844 1432 4907 θείοις
1487 4845 1580 4897 καὶ
1614 4845 1910 4914 ἀκηράιοις

348 4945 700 5016 ἐνορμίζεται
734 4943 934 5010 λιμέσι.
980 4941 1086 4994 Καὶ
1119 4937 1604 5005 συγκατατίθενται
1650 4943 1741 4988 καὶ
1771 4929 1913 4988 οὗτοι

351 5037 426 5106 τῷ
455 5037 584 5104 θείῳ
614 5033 916 5103 διδασκάλῳ
947 5031 1230 5100 Κοδρὰτῳ,
1263 5030 1490 5092 πλοῦτος
1513 5028 1815 5098 ὑπέρτιμος
1846 5031 1911 5096 τῇ

351 5127 628 5198 Κορίνθῳ,
645 5129 739 5188 τὰς
764 5125 1106 5194 μαρτυρικὰς
1131 5123 1343 5176 ὲκείοεν
1370 5119 1740 5190 ἐφαπλοῦντες
1765 5117 1914 5186 πάεῃ

353 5224 418 5288 τῇ
457 5219 724 5286 περιγείῳ
762 5215 1150 5286 (εὐεργεσίας).

431 5309 521 5365 ια’.
550 5311 741 5362 Τοῦ-δ’
777 5309 944 5362 αὑτοῦ
977 5317 1162 5361 τουτου
1208 5306 1396 5360 θιάσου
1451 5307 1543 5359 καὶ
1593 5307 1692 5374 τῆς
1741 5304 1912 5372 αὐτῆς

427 5488 503 5554 (αἱ)
540 5485 757 5553 Septem
787 5485 842 5538 lii
881 5495 1144 5554 martyres
1193 5483 1448 5536 coluntur
1475 5479 1736 5554 a__Gra3cis
1762 5551 1770 5554 _
1797 5489 1909 5554 tum

351 5549 696 5614 aliis'tlicbus
731 5567 842 5607 tum
885 5549 1114 5608 maxime
1171 5559 1201 5606 5
1227 5553 1444 5620 Aprilis.
1506 5549 1614 5604 Nos
1646 5551 1910 5620 quidquid

353 5633 466 5683 fere
495 5628 562 5680 de
593 5627 660 5678 iis
692 5625 796 5678 diei
831 5635 1040 5694 poterat.
1070 5625 1386 5690 collegimus
1407 5624 1470 5674 ad
1499 5623 1566 5674 25
1593 5622 1908 5694 Februarii:

353 5700 500 5758 quod
537 5701 590 5750 in
623 5693 841 5750 Latinis
879 5695 1272 5756 Martyrologiis
1333 5703 1542 5756 septem
1601 5693 1914 5748 nominibus

2009 4485 2141 4540 Deo.
2167 4483 2405 4549 Quartus
2431 4484 2696 4554 Serapion
2734 4489 2924 4554 plexus
2948 4490 3147 4556 capite,
3174 4491 3238 4542 ad
3267 4490 3568 4556 Christum,

2014 4585 2267 4646 tanquam
2293 4577 2591 4646 genuinum
2619 4591 2783 4648 caput
2839 4596 3022 4643 suum,
3051 4583 3284 4635 transiit.
3338 4582 3572 4647 Quintus

2017 4667 2208 4738 Papias
2241 4669 2404 4720 maris
2437 4667 2690 4728 ﬂuctibus
2723 4673 3062 4738 submersus,
3115 4674 3329 4728 divinos
3374 4683 3426 4727 cl
3453 4689 3573 4727 cor-

2020 4761 2287 4827 ruptionis
2317 4759 2572 4814 ﬂuctibus
2601 4779 2704 4816 non
2735 4764 3004 4818 obnoxios
3042 4776 3231 4833 portus
3261 4768 3570 4834 occupavit.

2020 4854 2192 4920 Atque
2227 4853 2313 4905 isti
2339 4853 2553 4916 eodem,
2588 4871 2694 4920 quo
2723 4856 2936 4908 divinus
2968 4856 3208 4924 ipsorum
3255 4858 3444 4910 doctor
3467 4857 3577 4912 Co-

2021 4945 2227 5008 dratus,
2259 4946 2376 4996 loro
2412 4945 2669 5011 depositi,
2701 4946 3111 5000 inaestimabiles
3164 4947 3575 5001 Corinthiorum

2016 5036 2220 5090 divitia:
2251 5045 2404 5098 sunt,
2435 5036 2648 5088 solitam
2700 5036 2826 5090 inde
2881 5039 3214 5107 martyribus
3269 5039 3582 5094 beneﬁcen-

2017 5125 2144 5179 tiam
2171 5141 2268 5202 per
2309 5135 2479 5177 totum
2510 5134 2776 5178 terrarum
2811 5127 2997 5181 orbem
3022 5131 3377 5197 explicantes.

2087 5305 2171 5358 ll.
2221 5305 2555 5358 Elfulserunt
2585 5321 2650 5360 ex
2679 5307 2868 5361 eodem
2897 5317 3042 5362 cmiu
3076 5320 3126 5362 ct
3160 5309 3414 5379 panegyri
3460 5309 3578 5378 plu-

2023 5481 2162 5547 passi
2197 5481 2511 5550 legerentur
2549 5480 2599 5534 in
2625 5479 2856 5550 rEgypto
2893 5483 2992 5536 sub
3025 5483 3360 5538 Numeriano
3399 5495 3454 5538 et
3481 5485 3581 5538 Sa-

2023 5551 2322 5624 binohduce
2359 5569 2372 5602 :
2407 5553 2743 5624 etquamvis
2788 5554 3063 5624 martyrii
3091 5559 3252 5607 etiam
3290 5571 3458 5622 genus
3492 5569 3578 5608 es-

2021 5629 2104 5742 slet
2132 5620 2434 5746 divorstijm,
2462 5621 2516 5674 in
2550 5624 2724 5676 medio
2761 5620 2943 5676 tamen
2968 5620 3579 5692 reliquimusessentne

2061 5700 2328 5746 istiuuucn
2377 5709 2411 5745 I.

2061 5707 2411 5750 ιδιιιιιξυοιιαι.
