  <div class='ocr_page' id='page_1' title='image "/cluster/home/n/w/nwhite01/storage/ocr_20150623/149/hvd.32044073498818/260.png"; bbox 0 0 4060 6204; ppageno 0'>
   <div class='ocr_carea' id='block_1_1' title="bbox 376 289 473 363">
    <p class='ocr_par' dir='ltr' id='par_1_1' title="bbox 376 289 473 363">
     <span class='ocr_line' id='line_1_1' title="bbox 376 289 473 363; baseline -0.021 0"><span class='ocrx_word' id='word_1_1' title='bbox 376 289 473 363; x_wconf 63' lang='grc' dir='ltr'><strong>εει</strong></span> 
     </span>
    </p>
   </div>
   <div class='ocr_carea' id='block_1_2' title="bbox 1242 277 2748 365">
    <p class='ocr_par' dir='ltr' id='par_1_2' title="bbox 1242 277 2748 365">
     <span class='ocr_line' id='line_1_2' title="bbox 1242 277 2748 365; baseline 0.004 -8"><span class='ocrx_word' id='word_1_2' title='bbox 1242 281 1568 358; x_wconf 78' lang='lat' dir='ltr'><strong>scrqu</strong></span> <span class='ocrx_word' id='word_1_3' title='bbox 1621 284 1700 357; x_wconf 67' lang='lat' dir='ltr'><strong>tu</strong></span> <span class='ocrx_word' id='word_1_4' title='bbox 1743 278 2133 359; x_wconf 62' lang='lat' dir='ltr'><strong>SYNESIUM</strong></span> <span class='ocrx_word' id='word_1_5' title='bbox 2183 282 2276 360; x_wconf 82' lang='lat' dir='ltr'><strong>DE</strong></span> <span class='ocrx_word' id='word_1_6' title='bbox 2319 277 2748 365; x_wconf 72' lang='lat' dir='ltr'><strong>INSOMNtts‘.</strong></span> 
     </span>
    </p>
   </div>
   <div class='ocr_carea' id='block_1_3' title="bbox 3508 284 3614 367">
    <p class='ocr_par' dir='ltr' id='par_1_3' title="bbox 3508 284 3614 367">
     <span class='ocr_line' id='line_1_3' title="bbox 3508 284 3614 367; baseline 0.009 -1"><span class='ocrx_word' id='word_1_7' title='bbox 3508 284 3614 367; x_wconf 64' lang='lat'><strong>529</strong></span> 
     </span>
    </p>
   </div>
   <div class='ocr_carea' id='block_1_4' title="bbox 383 424 3600 465">
    <p class='ocr_par' dir='ltr' id='par_1_4' title="bbox 383 424 3600 465">
     <span class='ocr_line' id='line_1_4' title="bbox 383 424 3600 465; baseline 0.001 -3"><span class='ocrx_word' id='word_1_8' title='bbox 383 424 3600 465; x_wconf 56' lang='lat' dir='ltr'><strong>m</strong></span> 
     </span>
    </p>
   </div>
   <div class='ocr_carea' id='block_1_5' title="bbox 844 590 3154 736">
    <p class='ocr_par' dir='ltr' id='par_1_5' title="bbox 844 590 3154 736">
     <span class='ocr_line' id='line_1_5' title="bbox 844 590 3154 736; baseline 0.002 -8"><span class='ocrx_word' id='word_1_9' title='bbox 844 598 1840 735; x_wconf 81' lang='grc' dir='ltr'><strong>ΝΙΚΗΦΟΡΟΥ</strong></span> <span class='ocrx_word' id='word_1_10' title='bbox 1929 600 2275 732; x_wconf 87' lang='grc' dir='ltr'>ΤΟΥ</span> <span class='ocrx_word' id='word_1_11' title='bbox 2365 590 3154 736; x_wconf 89' lang='grc' dir='ltr'><strong>ΓΡΗΓΟΡΑ</strong></span> 
     </span>
    </p>
   </div>
   <div class='ocr_carea' id='block_1_6' title="bbox 1834 822 2191 888">
    <p class='ocr_par' dir='ltr' id='par_1_6' title="bbox 1834 822 2191 888">
     <span class='ocr_line' id='line_1_6' title="bbox 1834 822 2191 888; baseline -0.008 0"><span class='ocrx_word' id='word_1_12' title='bbox 1834 822 2191 888; x_wconf 71' lang='grc' dir='ltr'><strong>ΕΡΜηΝειΑ</strong></span> 
     </span>
    </p>
   </div>
   <div class='ocr_carea' id='block_1_7' title="bbox 728 962 1962 1071">
    <p class='ocr_par' dir='ltr' id='par_1_7' title="bbox 728 970 1962 1071">
     <span class='ocr_line' id='line_1_7' title="bbox 728 970 1962 1071; baseline 0 -4"><span class='ocrx_word' id='word_1_13' title='bbox 728 976 900 1069; x_wconf 89' lang='grc' dir='ltr'><strong>ΕΙΣ</strong></span> <span class='ocrx_word' id='word_1_14' title='bbox 974 984 1202 1069; x_wconf 85' lang='grc' dir='ltr'><strong>ΤΟΝ</strong></span> <span class='ocrx_word' id='word_1_15' title='bbox 1277 970 1832 1071; x_wconf 83' lang='grc' dir='ltr'><strong>ΣΥΝΕΣῙΟΥ</strong></span> <span class='ocrx_word' id='word_1_16' title='bbox 1903 982 1962 1067; x_wconf 78' lang='grc' dir='ltr'>Π</span> 
     </span>
    </p>
   </div>
   <div class='ocr_carea' id='block_1_8' title="bbox 2066 962 3307 1071">
    <p class='ocr_par' dir='ltr' id='par_1_8' title="bbox 2066 962 3307 1071">
     <span class='ocr_line' id='line_1_8' title="bbox 2066 962 3307 1071; baseline 0.005 -6"><span class='ocrx_word' id='word_1_17' title='bbox 2066 967 2163 1065; x_wconf 82' lang='grc' dir='ltr'>ΡΙ</span> <span class='ocrx_word' id='word_1_18' title='bbox 2235 962 2822 1069; x_wconf 75' lang='grc' dir='ltr'><strong>ΕΝΥΠΝΙΩΝ</strong></span> <span class='ocrx_word' id='word_1_19' title='bbox 2894 974 3307 1071; x_wconf 77' lang='lat' dir='ltr'><strong>AoroN.</strong></span> 
     </span>
    </p>
   </div>
   <div class='ocr_carea' id='block_1_9' title="bbox 945 1293 3070 1461">
    <p class='ocr_par' dir='ltr' id='par_1_9' title="bbox 945 1293 3070 1461">
     <span class='ocr_line' id='line_1_9' title="bbox 945 1293 3070 1461; baseline 0.003 -6"><span class='ocrx_word' id='word_1_20' title='bbox 945 1297 1071 1455; x_wconf 88' lang='grc' dir='ltr'><strong>Ν</strong></span> <span class='ocrx_word' id='word_1_21' title='bbox 1081 1293 1981 1457; x_wconf 81' lang='lat' dir='ltr'><strong>IGEPHORI</strong></span> <span class='ocrx_word' id='word_1_22' title='bbox 2095 1295 3070 1461; x_wconf 63' lang='lat' dir='ltr'><strong>GBEGORZE</strong></span> 
     </span>
    </p>
   </div>
   <div class='ocr_carea' id='block_1_10' title="bbox 1770 1553 2241 1619">
    <p class='ocr_par' dir='ltr' id='par_1_10' title="bbox 1770 1553 2241 1619">
     <span class='ocr_line' id='line_1_10' title="bbox 1770 1553 2241 1619; baseline 0 -2"><span class='ocrx_word' id='word_1_23' title='bbox 1770 1553 2241 1619; x_wconf 82' lang='lat' dir='ltr'><strong>EXPLICATIO</strong></span> 
     </span>
    </p>
   </div>
   <div class='ocr_carea' id='block_1_11' title="bbox 820 1700 3224 1837">
    <p class='ocr_par' dir='ltr' id='par_1_11' title="bbox 820 1700 3224 1837">
     <span class='ocr_line' id='line_1_11' title="bbox 820 1700 3224 1837; baseline 0.002 -30"><span class='ocrx_word' id='word_1_24' title='bbox 820 1717 946 1809; x_wconf 85' lang='lat' dir='ltr'><strong>lN</strong></span> <span class='ocrx_word' id='word_1_25' title='bbox 1049 1705 1509 1808; x_wconf 81' lang='lat' dir='ltr'><strong>LIBRUM</strong></span> <span class='ocrx_word' id='word_1_26' title='bbox 1611 1716 2084 1806; x_wconf 86' lang='lat' dir='ltr'><strong>SYNESll</strong></span> <span class='ocrx_word' id='word_1_27' title='bbox 2203 1719 2348 1807; x_wconf 89' lang='lat' dir='ltr'><strong>DE</strong></span> <span class='ocrx_word' id='word_1_28' title='bbox 2459 1700 3224 1837; x_wconf 50' lang='lat' dir='ltr'><strong>INSOMNIIS’.</strong></span> 
     </span>
    </p>
   </div>
   <div class='ocr_carea' id='block_1_12' title="bbox 573 1898 3441 1984">
    <p class='ocr_par' dir='ltr' id='par_1_12' title="bbox 573 1898 3441 1984">
     <span class='ocr_line' id='line_1_12' title="bbox 573 1898 3441 1984; baseline 0.001 -19"><span class='ocrx_word' id='word_1_29' title='bbox 573 1909 644 1966; x_wconf 71' lang='lat' dir='ltr'><strong>Ex</strong></span> <span class='ocrx_word' id='word_1_30' title='bbox 672 1910 890 1967; x_wconf 73' lang='lat' dir='ltr'><strong>versione</strong></span> <span class='ocrx_word' id='word_1_31' title='bbox 915 1912 1105 1965; x_wconf 75' lang='lat' dir='ltr'><strong>Antonii</strong></span> <span class='ocrx_word' id='word_1_32' title='bbox 1137 1908 1381 1971; x_wconf 76' lang='lat' dir='ltr'><strong>Pichonii,</strong></span> <span class='ocrx_word' id='word_1_33' title='bbox 1414 1910 1545 1971; x_wconf 79' lang='lat' dir='ltr'><strong>apud</strong></span> <span class='ocrx_word' id='word_1_34' title='bbox 1584 1906 1803 1962; x_wconf 65' lang='lat' dir='ltr'><strong>Turonas</strong></span> <span class='ocrx_word' id='word_1_35' title='bbox 1840 1912 1952 1973; x_wconf 82' lang='lat' dir='ltr'><strong>Reg.</strong></span> <span class='ocrx_word' id='word_1_36' title='bbox 1985 1898 2304 1974; x_wconf 66' lang='lat' dir='ltr'><strong>Professori‘s,</strong></span> <span class='ocrx_word' id='word_1_37' title='bbox 2328 1926 2358 1961; x_wconf 88' lang='lat' dir='ltr'><strong>a</strong></span> <span class='ocrx_word' id='word_1_38' title='bbox 2396 1911 2518 1965; x_wconf 80' lang='lat' dir='ltr'><strong>Fed.</strong></span> <span class='ocrx_word' id='word_1_39' title='bbox 2557 1913 2764 1967; x_wconf 73' lang='lat' dir='ltr'><strong>Morello</strong></span> <span class='ocrx_word' id='word_1_40' title='bbox 2793 1917 2996 1979; x_wconf 71' lang='lat' dir='ltr'><strong>interpr.</strong></span> <span class='ocrx_word' id='word_1_41' title='bbox 3033 1916 3146 1981; x_wconf 77' lang='lat' dir='ltr'><strong>Reg.</strong></span> <span class='ocrx_word' id='word_1_42' title='bbox 3181 1918 3441 1984; x_wconf 78' lang='lat' dir='ltr'><strong>recognila.</strong></span> 
     </span>
    </p>
   </div>
   <div class='ocr_carea' id='block_1_13' title="bbox 1692 2166 2361 2259">
    <p class='ocr_par' dir='ltr' id='par_1_13' title="bbox 1692 2166 2361 2259">
     <span class='ocr_line' id='line_1_13' title="bbox 1692 2166 2361 2259; baseline -0.003 0"><span class='ocrx_word' id='word_1_43' title='bbox 1692 2166 2361 2259; x_wconf 78' lang='grc' dir='ltr'><strong>ΠΡΟΟΙΜΙΟΝ.</strong></span> 
     </span>
    </p>
   </div>
   <div class='ocr_carea' id='block_1_14' title="bbox 445 2310 3630 2388">
    <p class='ocr_par' dir='ltr' id='par_1_14' title="bbox 445 2310 3630 2388">
     <span class='ocr_line' id='line_1_14' title="bbox 445 2310 3630 2388; baseline -0.003 -14"><span class='ocrx_word' id='word_1_44' title='bbox 445 2320 621 2377; x_wconf 79' lang='grc' dir='ltr'><strong>Οὐδὲν</strong></span> <span class='ocrx_word' id='word_1_45' title='bbox 654 2321 859 2385; x_wconf 72' lang='grc' dir='ltr'><strong>καινὸν,</strong></span> <span class='ocrx_word' id='word_1_46' title='bbox 890 2321 940 2373; x_wconf 85' lang='lat' dir='ltr'><strong>el</strong></span> <span class='ocrx_word' id='word_1_47' title='bbox 976 2320 1145 2374; x_wconf 76' lang='grc' dir='ltr'><strong>πολλὰ.</strong></span> <span class='ocrx_word' id='word_1_48' title='bbox 1175 2319 1285 2373; x_wconf 81' lang='grc' dir='ltr'><strong>τῶν</strong></span> <span class='ocrx_word' id='word_1_49' title='bbox 1329 2320 1498 2373; x_wconf 82' lang='grc' dir='ltr'><strong>πάλαι</strong></span> <span class='ocrx_word' id='word_1_50' title='bbox 1537 2319 1725 2384; x_wconf 71' lang='grc' dir='ltr'><strong>κακῶς</strong></span> <span class='ocrx_word' id='word_1_51' title='bbox 1777 2321 1941 2388; x_wconf 78' lang='grc' dir='ltr'><strong>εὑρη·</strong></span> <span class='ocrx_word' id='word_1_52' title='bbox 1976 2330 2018 2384; x_wconf 74' lang='grc' dir='ltr'><strong>Α</strong></span> <span class='ocrx_word' id='word_1_53' title='bbox 2050 2315 2424 2385; x_wconf 77' lang='grc' dir='ltr'><strong>ὑποκειμένης</strong></span> <span class='ocrx_word' id='word_1_54' title='bbox 2450 2311 2730 2383; x_wconf 72' lang='grc' dir='ltr'><strong>τραπέζης</strong></span> <span class='ocrx_word' id='word_1_55' title='bbox 2756 2313 3053 2381; x_wconf 71' lang='grc' dir='ltr'><strong>ἐγείρεται.</strong></span> <span class='ocrx_word' id='word_1_56' title='bbox 3089 2313 3154 2367; x_wconf 78' lang='grc' dir='ltr'><strong>Εἰ</strong></span> <span class='ocrx_word' id='word_1_57' title='bbox 3185 2310 3359 2367; x_wconf 78' lang='grc' dir='ltr'><strong>δὲκαὶ</strong></span> <span class='ocrx_word' id='word_1_58' title='bbox 3401 2314 3630 2367; x_wconf 76' lang='grc' dir='ltr'><strong>Πλάτων</strong></span> 
     </span>
    </p>
   </div>
   <div class='ocr_carea' id='block_1_15' title="bbox 388 2410 1954 2485">
    <p class='ocr_par' dir='ltr' id='par_1_15' title="bbox 388 2410 1954 2485">
     <span class='ocr_line' id='line_1_15' title="bbox 388 2410 1954 2485; baseline -0.003 -18"><span class='ocrx_word' id='word_1_59' title='bbox 388 2416 570 2485; x_wconf 75' lang='grc' dir='ltr'><strong>μένων</strong></span> <span class='ocrx_word' id='word_1_60' title='bbox 597 2410 1018 2481; x_wconf 76' lang='grc' dir='ltr'><strong>καινοτομοῦσιν</strong></span> <span class='ocrx_word' id='word_1_61' title='bbox 1048 2411 1140 2464; x_wconf 79' lang='grc' dir='ltr'><strong>ἐπὶ</strong></span> <span class='ocrx_word' id='word_1_62' title='bbox 1163 2412 1224 2464; x_wconf 86' lang='grc' dir='ltr'><strong>τὸ</strong></span> <span class='ocrx_word' id='word_1_63' title='bbox 1257 2411 1489 2482; x_wconf 80' lang='grc' dir='ltr'><strong>βέλτιον,</strong></span> <span class='ocrx_word' id='word_1_64' title='bbox 1524 2411 1715 2481; x_wconf 86' lang='grc' dir='ltr'><strong>ὥσπερ</strong></span> <span class='ocrx_word' id='word_1_65' title='bbox 1745 2415 1809 2464; x_wconf 79' lang='grc' dir='ltr'><strong>ἐκ</strong></span> <span class='ocrx_word' id='word_1_66' title='bbox 1825 2427 1954 2481; x_wconf 80' lang='grc' dir='ltr'><strong>χρο-</strong></span> 
     </span>
    </p>
   </div>
   <div class='ocr_carea' id='block_1_16' title="bbox 387 2496 1957 2575">
    <p class='ocr_par' dir='ltr' id='par_1_16' title="bbox 387 2496 1957 2575">
     <span class='ocr_line' id='line_1_16' title="bbox 387 2496 1957 2575; baseline -0.003 -16"><span class='ocrx_word' id='word_1_67' title='bbox 387 2505 556 2560; x_wconf 76' lang='grc' dir='ltr'><strong>νικῶν</strong></span> <span class='ocrx_word' id='word_1_68' title='bbox 585 2504 850 2575; x_wconf 79' lang='grc' dir='ltr'><strong>περιόδων</strong></span> <span class='ocrx_word' id='word_1_69' title='bbox 881 2496 969 2556; x_wconf 67' lang='grc' dir='ltr'><strong>ἐπ’</strong></span> <span class='ocrx_word' id='word_1_70' title='bbox 1026 2503 1216 2567; x_wconf 79' lang='grc' dir='ltr'><strong>ἄλλαις</strong></span> <span class='ocrx_word' id='word_1_71' title='bbox 1263 2502 1422 2557; x_wconf 76' lang='grc' dir='ltr'><strong>ἄλλαι</strong></span> <span class='ocrx_word' id='word_1_72' title='bbox 1462 2503 1700 2574; x_wconf 75' lang='grc' dir='ltr'><strong>μεγάλαι</strong></span> <span class='ocrx_word' id='word_1_73' title='bbox 1764 2503 1957 2572; x_wconf 82' lang='grc' dir='ltr'><strong>φύσεις</strong></span> 
     </span>
    </p>
   </div>
   <div class='ocr_carea' id='block_1_17' title="bbox 390 2591 1958 2662">
    <p class='ocr_par' dir='ltr' id='par_1_17' title="bbox 390 2591 1958 2662">
     <span class='ocr_line' id='line_1_17' title="bbox 390 2591 1958 2662; baseline 0.002 -18"><span class='ocrx_word' id='word_1_74' title='bbox 390 2594 806 2661; x_wconf 72' lang='grc' dir='ltr'><strong>βλαστάνουσαι,</strong></span> <span class='ocrx_word' id='word_1_75' title='bbox 842 2591 953 2645; x_wconf 74' lang='grc' dir='ltr'><strong>εἴτε</strong></span> <span class='ocrx_word' id='word_1_76' title='bbox 974 2591 1068 2644; x_wconf 78' lang='grc' dir='ltr'><strong>τοῦ</strong></span> <span class='ocrx_word' id='word_1_77' title='bbox 1098 2593 1293 2662; x_wconf 85' lang='grc' dir='ltr'><strong>χρόνου</strong></span> <span class='ocrx_word' id='word_1_78' title='bbox 1350 2591 1516 2658; x_wconf 72' lang='grc' dir='ltr'><strong>φύσιν</strong></span> <span class='ocrx_word' id='word_1_79' title='bbox 1573 2593 1789 2662; x_wconf 81' lang='grc' dir='ltr'><strong>ἔχοντος</strong></span> <span class='ocrx_word' id='word_1_80' title='bbox 1818 2592 1958 2647; x_wconf 81' lang='grc' dir='ltr'><strong>ἄλλα</strong></span> 
     </span>
    </p>
   </div>
   <div class='ocr_carea' id='block_1_18' title="bbox 390 2684 1957 2755">
    <p class='ocr_par' dir='ltr' id='par_1_18' title="bbox 390 2684 1957 2755">
     <span class='ocr_line' id='line_1_18' title="bbox 390 2684 1957 2755; baseline 0.001 -18"><span class='ocrx_word' id='word_1_81' title='bbox 390 2686 473 2737; x_wconf 78' lang='grc' dir='ltr'><strong>ἐπ’</strong></span> <span class='ocrx_word' id='word_1_82' title='bbox 509 2686 696 2747; x_wconf 77' lang='grc' dir='ltr'><strong>ἄλλοις</strong></span> <span class='ocrx_word' id='word_1_83' title='bbox 730 2686 819 2737; x_wconf 74' lang='grc' dir='ltr'><strong>ἀεὶ</strong></span> <span class='ocrx_word' id='word_1_84' title='bbox 849 2686 1137 2755; x_wconf 72' lang='grc' dir='ltr'><strong>ἐπιφέρειν</strong></span> <span class='ocrx_word' id='word_1_85' title='bbox 1178 2684 1493 2755; x_wconf 74' lang='grc' dir='ltr'><strong>καινότερα,</strong></span> <span class='ocrx_word' id='word_1_86' title='bbox 1528 2686 1640 2738; x_wconf 79' lang='grc' dir='ltr'><strong>εἴτε</strong></span> <span class='ocrx_word' id='word_1_87' title='bbox 1694 2685 1795 2755; x_wconf 85' lang='grc' dir='ltr'><strong>τῆς</strong></span> <span class='ocrx_word' id='word_1_88' title='bbox 1846 2685 1957 2738; x_wconf 83' lang='grc' dir='ltr'><strong>τῶν</strong></span> 
     </span>
    </p>
   </div>
   <div class='ocr_carea' id='block_1_19' title="bbox 389 2769 1957 2844">
    <p class='ocr_par' dir='ltr' id='par_1_19' title="bbox 389 2769 1957 2844">
     <span class='ocr_line' id='line_1_19' title="bbox 389 2769 1957 2844; baseline 0.004 -22"><span class='ocrx_word' id='word_1_89' title='bbox 389 2769 698 2840; x_wconf 78' lang='grc' dir='ltr'><strong>ἀνθρώπων</strong></span> <span class='ocrx_word' id='word_1_90' title='bbox 734 2772 949 2839; x_wconf 70' lang='grc' dir='ltr'><strong>φύσεως</strong></span> <span class='ocrx_word' id='word_1_91' title='bbox 1006 2774 1406 2843; x_wconf 80' lang='grc' dir='ltr'><strong>ἀμηχανούσης</strong></span> <span class='ocrx_word' id='word_1_92' title='bbox 1462 2773 1625 2835; x_wconf 73' lang='grc' dir='ltr'><strong>εὸθὶς</strong></span> <span class='ocrx_word' id='word_1_93' title='bbox 1674 2774 1737 2839; x_wconf 78' lang='grc' dir='ltr'><strong>ὲξ</strong></span> <span class='ocrx_word' id='word_1_94' title='bbox 1781 2774 1957 2844; x_wconf 80' lang='grc' dir='ltr'><strong>ἀρχῆς</strong></span> 
     </span>
    </p>
   </div>
   <div class='ocr_carea' id='block_1_20' title="bbox 388 2850 1957 2940">
    <p class='ocr_par' dir='ltr' id='par_1_20' title="bbox 388 2850 1957 2940">
     <span class='ocr_line' id='line_1_20' title="bbox 388 2850 1957 2940; baseline 0.004 -25"><span class='ocrx_word' id='word_1_95' title='bbox 388 2850 481 2915; x_wconf 61' lang='grc' dir='ltr'><strong>ἐπὶ</strong></span> <span class='ocrx_word' id='word_1_96' title='bbox 505 2863 566 2915; x_wconf 84' lang='grc' dir='ltr'><strong>τὸ</strong></span> <span class='ocrx_word' id='word_1_97' title='bbox 592 2863 830 2927; x_wconf 75' lang='grc' dir='ltr'><strong>ἐντελές.</strong></span> <span class='ocrx_word' id='word_1_98' title='bbox 882 2863 1226 2934; x_wconf 76' lang='grc' dir='ltr'><strong>Ἰσοκράτους</strong></span> <span class='ocrx_word' id='word_1_99' title='bbox 1257 2865 1366 2935; x_wconf 78' lang='grc' dir='ltr'><strong>γὰρ</strong></span> <span class='ocrx_word' id='word_1_100' title='bbox 1398 2867 1707 2935; x_wconf 69' lang='grc' dir='ltr'><strong>εἰρηκότος,</strong></span> <span class='ocrx_word' id='word_1_101' title='bbox 1751 2867 1873 2921; x_wconf 85' lang='grc' dir='ltr'><strong>Ἐὰν</strong></span> <span class='ocrx_word' id='word_1_102' title='bbox 1891 2862 1957 2940; x_wconf 81' lang='grc' dir='ltr'><strong>ᾗς</strong></span> 
     </span>
    </p>
   </div>
   <div class='ocr_carea' id='block_1_21' title="bbox 387 2952 1958 3027">
    <p class='ocr_par' dir='ltr' id='par_1_21' title="bbox 387 2952 1958 3027">
     <span class='ocr_line' id='line_1_21' title="bbox 387 2952 1958 3027; baseline 0.004 -23"><span class='ocrx_word' id='word_1_103' title='bbox 387 2952 720 3020; x_wconf 73' lang='grc' dir='ltr'><strong>φιλομαθὴς,</strong></span> <span class='ocrx_word' id='word_1_104' title='bbox 740 2952 839 3024; x_wconf 74' lang='grc' dir='ltr'><strong>ἔσῃ</strong></span> <span class='ocrx_word' id='word_1_105' title='bbox 858 2952 1206 3023; x_wconf 80' lang='grc' dir='ltr'><strong>πολυμαθὴς.</strong></span> <span class='ocrx_word' id='word_1_106' title='bbox 1231 2956 1296 3008; x_wconf 84' lang='grc' dir='ltr'><strong>σὺ</strong></span> <span class='ocrx_word' id='word_1_107' title='bbox 1321 2954 1382 3007; x_wconf 83' lang='grc' dir='ltr'><strong>τὸ</strong></span> <span class='ocrx_word' id='word_1_108' title='bbox 1404 2955 1764 3026; x_wconf 78' lang='grc' dir='ltr'><strong>ἀντίστροφον</strong></span> <span class='ocrx_word' id='word_1_109' title='bbox 1780 2957 1958 3027; x_wconf 76' lang='grc' dir='ltr'><strong>πράτ-</strong></span> 
     </span>
    </p>
   </div>
   <div class='ocr_carea' id='block_1_22' title="bbox 386 3043 1959 3118">
    <p class='ocr_par' dir='ltr' id='par_1_22' title="bbox 386 3043 1959 3118">
     <span class='ocr_line' id='line_1_22' title="bbox 386 3043 1959 3118; baseline 0.002 -23"><span class='ocrx_word' id='word_1_110' title='bbox 386 3058 522 3106; x_wconf 85' lang='grc' dir='ltr'><strong>τεις.</strong></span> <span class='ocrx_word' id='word_1_111' title='bbox 560 3043 633 3099; x_wconf 83' lang='grc' dir='ltr'>Τὸ</span> <span class='ocrx_word' id='word_1_112' title='bbox 664 3044 768 3114; x_wconf 83' lang='grc' dir='ltr'><strong>μὲν</strong></span> <span class='ocrx_word' id='word_1_113' title='bbox 794 3045 903 3115; x_wconf 73' lang='grc' dir='ltr'><strong>γὰρ</strong></span> <span class='ocrx_word' id='word_1_114' title='bbox 922 3045 1140 3113; x_wconf 70' lang='grc' dir='ltr'><strong>ἐγένου,</strong></span> <span class='ocrx_word' id='word_1_115' title='bbox 1169 3046 1230 3099; x_wconf 75' lang='grc' dir='ltr'><strong>τὸ</strong></span> <span class='ocrx_word' id='word_1_116' title='bbox 1257 3044 1301 3098; x_wconf 81' lang='grc' dir='ltr'><strong>δ’</strong></span> <span class='ocrx_word' id='word_1_117' title='bbox 1319 3047 1408 3099; x_wconf 74' lang='grc' dir='ltr'><strong>ἀεὶ</strong></span> <span class='ocrx_word' id='word_1_118' title='bbox 1433 3046 1616 3117; x_wconf 79' lang='grc' dir='ltr'><strong>γίγνῃ.</strong></span> <span class='ocrx_word' id='word_1_119' title='bbox 1646 3046 1825 3110; x_wconf 78' lang='grc' dir='ltr'>Φιλεῖς</span> <span class='ocrx_word' id='word_1_120' title='bbox 1848 3047 1959 3118; x_wconf 71' lang='grc' dir='ltr'><strong>γάρ</strong></span> 
     </span>
    </p>
   </div>
   <div class='ocr_carea' id='block_1_23' title="bbox 385 3136 1962 3209">
    <p class='ocr_par' dir='ltr' id='par_1_23' title="bbox 385 3136 1962 3209">
     <span class='ocr_line' id='line_1_23' title="bbox 385 3136 1962 3209; baseline 0.004 -22"><span class='ocrx_word' id='word_1_121' title='bbox 385 3136 479 3189; x_wconf 85' lang='grc' dir='ltr'><strong>ἀεὶ</strong></span> <span class='ocrx_word' id='word_1_122' title='bbox 510 3137 827 3207; x_wconf 79' lang='grc' dir='ltr'><strong>μανθάνειν,</strong></span> <span class='ocrx_word' id='word_1_123' title='bbox 857 3137 1047 3208; x_wconf 82' lang='grc' dir='ltr'><strong>ὥσπερ</strong></span> <span class='ocrx_word' id='word_1_124' title='bbox 1078 3138 1179 3192; x_wconf 72' lang='grc' dir='ltr'><strong>οὐκ</strong></span> <span class='ocrx_word' id='word_1_125' title='bbox 1212 3139 1562 3209; x_wconf 81' lang='grc' dir='ltr'><strong>ἁρκουμένης</strong></span> <span class='ocrx_word' id='word_1_126' title='bbox 1591 3156 1675 3193; x_wconf 89' lang='grc' dir='ltr'><strong>σοι</strong></span> <span class='ocrx_word' id='word_1_127' title='bbox 1726 3142 1826 3208; x_wconf 83' lang='grc' dir='ltr'><strong>τῆς</strong></span> <span class='ocrx_word' id='word_1_128' title='bbox 1859 3140 1962 3208; x_wconf 82' lang='grc' dir='ltr'><strong>φύ-</strong></span> 
     </span>
    </p>
   </div>
   <div class='ocr_carea' id='block_1_24' title="bbox 387 3229 1957 3300">
    <p class='ocr_par' dir='ltr' id='par_1_24' title="bbox 387 3229 1957 3300">
     <span class='ocr_line' id='line_1_24' title="bbox 387 3229 1957 3300; baseline 0.003 -19"><span class='ocrx_word' id='word_1_129' title='bbox 387 3236 529 3291; x_wconf 81' lang='grc' dir='ltr'><strong>σεως</strong></span> <span class='ocrx_word' id='word_1_130' title='bbox 551 3230 645 3283; x_wconf 76' lang='grc' dir='ltr'><strong>ἐπί</strong></span> <span class='ocrx_word' id='word_1_131' title='bbox 674 3246 737 3297; x_wconf 88' lang='grc' dir='ltr'><strong>γε</strong></span> <span class='ocrx_word' id='word_1_132' title='bbox 759 3232 873 3292; x_wconf 80' lang='grc' dir='ltr'><strong>τοῖς</strong></span> <span class='ocrx_word' id='word_1_133' title='bbox 904 3229 1198 3297; x_wconf 85' lang='grc' dir='ltr'><strong>φθάσασιν,</strong></span> <span class='ocrx_word' id='word_1_134' title='bbox 1224 3232 1274 3283; x_wconf 87' lang='grc' dir='ltr'><strong>εί</strong></span> <span class='ocrx_word' id='word_1_135' title='bbox 1301 3232 1377 3299; x_wconf 81' lang='grc' dir='ltr'><strong>μὴ</strong></span> <span class='ocrx_word' id='word_1_136' title='bbox 1402 3232 1497 3284; x_wconf 78' lang='grc' dir='ltr'><strong>καὶ</strong></span> <span class='ocrx_word' id='word_1_137' title='bbox 1525 3231 1733 3300; x_wconf 80' lang='grc' dir='ltr'><strong>μᾶλλον</strong></span> <span class='ocrx_word' id='word_1_138' title='bbox 1759 3232 1957 3285; x_wconf 69' lang='lat'><strong>61:603-</strong></span> 
     </span>
    </p>
   </div>
   <div class='ocr_carea' id='block_1_25' title="bbox 390 3319 1955 3391">
    <p class='ocr_par' dir='ltr' id='par_1_25' title="bbox 390 3319 1955 3391">
     <span class='ocr_line' id='line_1_25' title="bbox 390 3319 1955 3391; baseline 0.002 -21"><span class='ocrx_word' id='word_1_139' title='bbox 390 3334 480 3371; x_wconf 80' lang='grc' dir='ltr'><strong>σιν</strong></span> <span class='ocrx_word' id='word_1_140' title='bbox 544 3319 989 3389; x_wconf 77' lang='grc' dir='ltr'><strong>φλεγμαινούσης</strong></span> <span class='ocrx_word' id='word_1_141' title='bbox 1034 3319 1197 3390; x_wconf 73' lang='grc' dir='ltr'><strong>δίψης</strong></span> <span class='ocrx_word' id='word_1_142' title='bbox 1258 3320 1402 3384; x_wconf 77' lang='grc' dir='ltr'><strong>τινος</strong></span> <span class='ocrx_word' id='word_1_143' title='bbox 1450 3320 1740 3391; x_wconf 78' lang='grc' dir='ltr'><strong>τιθεμένης</strong></span> <span class='ocrx_word' id='word_1_144' title='bbox 1796 3321 1955 3389; x_wconf 77' lang='grc' dir='ltr'><strong>αὐτὰ,</strong></span> 
     </span>
    </p>
   </div>
   <div class='ocr_carea' id='block_1_26' title="bbox 388 3410 1958 3485">
    <p class='ocr_par' dir='ltr' id='par_1_26' title="bbox 388 3410 1958 3485">
     <span class='ocr_line' id='line_1_26' title="bbox 388 3410 1958 3485; baseline 0.004 -23"><span class='ocrx_word' id='word_1_145' title='bbox 388 3410 643 3479; x_wconf 79' lang='grc' dir='ltr'><strong>καθάπερ</strong></span> <span class='ocrx_word' id='word_1_146' title='bbox 681 3412 735 3463; x_wconf 80' lang='grc' dir='ltr'><strong>ετ</strong></span> <span class='ocrx_word' id='word_1_147' title='bbox 764 3428 850 3475; x_wconf 90' lang='grc' dir='ltr'><strong>τις</strong></span> <span class='ocrx_word' id='word_1_148' title='bbox 901 3411 1033 3481; x_wconf 74' lang='grc' dir='ltr'><strong>φλὸξ</strong></span> <span class='ocrx_word' id='word_1_149' title='bbox 1096 3412 1477 3483; x_wconf 74' lang='grc' dir='ltr'><strong>ἐπιλαϐομένη</strong></span> <span class='ocrx_word' id='word_1_150' title='bbox 1531 3413 1809 3482; x_wconf 81' lang='grc' dir='ltr'><strong>καλάμης,</strong></span> <span class='ocrx_word' id='word_1_151' title='bbox 1849 3415 1958 3485; x_wconf 78' lang='grc' dir='ltr'><strong>ὅσῳ</strong></span> 
     </span>
    </p>
   </div>
   <div class='ocr_carea' id='block_1_27' title="bbox 392 3503 1956 3574">
    <p class='ocr_par' dir='ltr' id='par_1_27' title="bbox 392 3503 1956 3574">
     <span class='ocr_line' id='line_1_27' title="bbox 392 3503 1956 3574; baseline 0.004 -21"><span class='ocrx_word' id='word_1_152' title='bbox 392 3503 646 3572; x_wconf 80' lang='grc' dir='ltr'><strong>πρόεισιν</strong></span> <span class='ocrx_word' id='word_1_153' title='bbox 675 3504 933 3558; x_wconf 80' lang='grc' dir='ltr'><strong>ἐσθίουσα</strong></span> <span class='ocrx_word' id='word_1_154' title='bbox 964 3505 1065 3574; x_wconf 82' lang='grc' dir='ltr'><strong>τὴν</strong></span> <span class='ocrx_word' id='word_1_155' title='bbox 1116 3503 1274 3573; x_wconf 79' lang='grc' dir='ltr'><strong>ὓλην,</strong></span> <span class='ocrx_word' id='word_1_156' title='bbox 1340 3504 1579 3570; x_wconf 82' lang='grc' dir='ltr'><strong>τοσούτῳ</strong></span> <span class='ocrx_word' id='word_1_157' title='bbox 1641 3505 1956 3559; x_wconf 84' lang='grc' dir='ltr'><strong>πολλαπλα-</strong></span> 
     </span>
    </p>
   </div>
   <div class='ocr_carea' id='block_1_28' title="bbox 391 3594 1958 3669">
    <p class='ocr_par' dir='ltr' id='par_1_28' title="bbox 391 3594 1958 3669">
     <span class='ocr_line' id='line_1_28' title="bbox 391 3594 1958 3669; baseline 0.001 -22"><span class='ocrx_word' id='word_1_158' title='bbox 391 3594 573 3659; x_wconf 78' lang='grc' dir='ltr'><strong>σιάζει</strong></span> <span class='ocrx_word' id='word_1_159' title='bbox 633 3595 695 3649; x_wconf 74' lang='grc' dir='ltr'><strong>τὸ</strong></span> <span class='ocrx_word' id='word_1_160' title='bbox 740 3596 1049 3667; x_wconf 71' lang='grc' dir='ltr'><strong>σκίρτημα,</strong></span> <span class='ocrx_word' id='word_1_161' title='bbox 1104 3598 1195 3648; x_wconf 81' lang='grc' dir='ltr'><strong>καὶ</strong></span> <span class='ocrx_word' id='word_1_162' title='bbox 1252 3595 1612 3669; x_wconf 79' lang='grc' dir='ltr'><strong>σφοδρότερον</strong></span> <span class='ocrx_word' id='word_1_163' title='bbox 1677 3598 1819 3651; x_wconf 83' lang='grc' dir='ltr'><strong>κατὰ</strong></span> <span class='ocrx_word' id='word_1_164' title='bbox 1857 3600 1958 3667; x_wconf 78' lang='grc' dir='ltr'><strong>τῆς</strong></span> 
     </span>
    </p>
   </div>
   <div class='ocr_carea' id='block_1_29' title="bbox 2059 2402 3632 2477">
    <p class='ocr_par' dir='ltr' id='par_1_29' title="bbox 2059 2402 3632 2477">
     <span class='ocr_line' id='line_1_29' title="bbox 2059 2402 3632 2477; baseline -0.001 -18"><span class='ocrx_word' id='word_1_165' title='bbox 2059 2410 2087 2459; x_wconf 84' lang='grc' dir='ltr'><strong>ό</strong></span> <span class='ocrx_word' id='word_1_166' title='bbox 2120 2406 2297 2477; x_wconf 79' lang='grc' dir='ltr'><strong>μέγας</strong></span> <span class='ocrx_word' id='word_1_167' title='bbox 2334 2403 2690 2458; x_wconf 82' lang='grc' dir='ltr'><strong>ἀποδείκνυσι</strong></span> <span class='ocrx_word' id='word_1_168' title='bbox 2733 2402 3022 2472; x_wconf 80' lang='grc' dir='ltr'><strong>παρελθὼν</strong></span> <span class='ocrx_word' id='word_1_169' title='bbox 3049 2404 3126 2466; x_wconf 73' lang='grc' dir='ltr'><strong>ὡς</strong></span> <span class='ocrx_word' id='word_1_170' title='bbox 3152 2403 3446 2474; x_wconf 81' lang='grc' dir='ltr'><strong>φιλόσοφος</strong></span> <span class='ocrx_word' id='word_1_171' title='bbox 3485 2408 3513 2458; x_wconf 90' lang='grc' dir='ltr'><strong>ό</strong></span> <span class='ocrx_word' id='word_1_172' title='bbox 3542 2423 3632 2472; x_wconf 83' lang='grc' dir='ltr'><strong>φι-</strong></span> 
     </span>
    </p>
   </div>
   <div class='ocr_carea' id='block_1_30' title="bbox 2060 2495 3632 2568">
    <p class='ocr_par' dir='ltr' id='par_1_30' title="bbox 2060 2495 3632 2568">
     <span class='ocr_line' id='line_1_30' title="bbox 2060 2495 3632 2568; baseline 0 -17"><span class='ocrx_word' id='word_1_173' title='bbox 2060 2497 2326 2568; x_wconf 74' lang='grc' dir='ltr'><strong>λομαθὴς,</strong></span> <span class='ocrx_word' id='word_1_174' title='bbox 2351 2496 2448 2550; x_wconf 73' lang='grc' dir='ltr'><strong>ἅτε</strong></span> <span class='ocrx_word' id='word_1_175' title='bbox 2484 2495 2816 2565; x_wconf 78' lang='grc' dir='ltr'><strong>φροντιστὴς</strong></span> <span class='ocrx_word' id='word_1_176' title='bbox 2841 2495 2909 2549; x_wconf 78' lang='grc' dir='ltr'><strong>τὰ</strong></span> <span class='ocrx_word' id='word_1_177' title='bbox 2952 2497 3235 2566; x_wconf 81' lang='grc' dir='ltr'><strong>μετέωρα,</strong></span> <span class='ocrx_word' id='word_1_178' title='bbox 3290 2500 3385 2551; x_wconf 74' lang='grc' dir='ltr'><strong>καὶ</strong></span> <span class='ocrx_word' id='word_1_179' title='bbox 3415 2498 3516 2550; x_wconf 84' lang='grc' dir='ltr'><strong>ὅσα</strong></span> <span class='ocrx_word' id='word_1_180' title='bbox 3568 2499 3632 2551; x_wconf 78' lang='grc' dir='ltr'><strong>ὲκ</strong></span> 
     </span>
    </p>
   </div>
   <div class='ocr_carea' id='block_1_31' title="bbox 2060 2588 3630 2659">
    <p class='ocr_par' dir='ltr' id='par_1_31' title="bbox 2060 2588 3630 2659">
     <span class='ocr_line' id='line_1_31' title="bbox 2060 2588 3630 2659; baseline -0.012 2"><span class='ocrx_word' id='word_1_181' title='bbox 2060 2590 2165 2659; x_wconf 72' lang='grc' dir='ltr'><strong>τῆς</strong></span> <span class='ocrx_word' id='word_1_182' title='bbox 2197 2590 2409 2659; x_wconf 80' lang='grc' dir='ltr'><strong>ἀνίσχει</strong></span> <span class='ocrx_word' id='word_1_183' title='bbox 2432 2588 2734 2658; x_wconf 67' lang='grc' dir='ltr'><strong>μυάτήρια.</strong></span> <span class='ocrx_word' id='word_1_184' title='bbox 2769 2588 2829 2639; x_wconf 72' lang='grc' dir='ltr'><strong>τὸ</strong></span> <span class='ocrx_word' id='word_1_185' title='bbox 2855 2590 3109 2656; x_wconf 84' lang='grc' dir='ltr'><strong>κρεῖττον</strong></span> <span class='ocrx_word' id='word_1_186' title='bbox 3130 2589 3240 2659; x_wconf 76' lang='grc' dir='ltr'><strong>ἄρα</strong></span> <span class='ocrx_word' id='word_1_187' title='bbox 3271 2607 3354 2643; x_wconf 85' lang='grc' dir='ltr'><strong>σοι</strong></span> <span class='ocrx_word' id='word_1_188' title='bbox 3378 2588 3566 2644; x_wconf 65' lang='grc' dir='ltr'><strong>λοιπον</strong></span> <span class='ocrx_word' id='word_1_189' title='bbox 3597 2592 3630 2659; x_wconf 69' lang='grc' dir='ltr'>ἡ</span> 
     </span>
    </p>
   </div>
   <div class='ocr_carea' id='block_1_32' title="bbox 2060 2678 3632 2751">
    <p class='ocr_par' dir='ltr' id='par_1_32' title="bbox 2060 2678 3632 2751">
     <span class='ocr_line' id='line_1_32' title="bbox 2060 2678 3632 2751; baseline 0 -17"><span class='ocrx_word' id='word_1_190' title='bbox 2060 2682 2223 2751; x_wconf 75' lang='grc' dir='ltr'><strong>φύσις</strong></span> <span class='ocrx_word' id='word_1_191' title='bbox 2247 2679 2441 2733; x_wconf 77' lang='grc' dir='ltr'><strong>είλετο.</strong></span> <span class='ocrx_word' id='word_1_192' title='bbox 2474 2678 2717 2732; x_wconf 80' lang='grc' dir='ltr'><strong>Τοιοῦτοι</strong></span> <span class='ocrx_word' id='word_1_193' title='bbox 2751 2678 2860 2747; x_wconf 79' lang='grc' dir='ltr'><strong>γὰρ</strong></span> <span class='ocrx_word' id='word_1_194' title='bbox 2890 2679 2940 2731; x_wconf 87' lang='grc' dir='ltr'><strong>οί</strong></span> <span class='ocrx_word' id='word_1_195' title='bbox 2969 2678 3069 2748; x_wconf 86' lang='grc' dir='ltr'><strong>τῆς</strong></span> <span class='ocrx_word' id='word_1_196' title='bbox 3122 2680 3442 2751; x_wconf 77' lang='grc' dir='ltr'><strong>φιλοσοφίας</strong></span> <span class='ocrx_word' id='word_1_197' title='bbox 3475 2682 3632 2735; x_wconf 84' lang='grc' dir='ltr'><strong>πόθοι</strong></span> 
     </span>
    </p>
   </div>
   <div class='ocr_carea' id='block_1_33' title="bbox 2060 2769 3630 2841">
    <p class='ocr_par' dir='ltr' id='par_1_33' title="bbox 2060 2769 3630 2841">
     <span class='ocr_line' id='line_1_33' title="bbox 2060 2769 3630 2841; baseline -0.003 -16"><span class='ocrx_word' id='word_1_198' title='bbox 2060 2773 2155 2826; x_wconf 82' lang='grc' dir='ltr'><strong>καὶ</strong></span> <span class='ocrx_word' id='word_1_199' title='bbox 2197 2772 2419 2841; x_wconf 78' lang='grc' dir='ltr'><strong>ἔρωτες,</strong></span> <span class='ocrx_word' id='word_1_200' title='bbox 2448 2770 2573 2823; x_wconf 85' lang='grc' dir='ltr'><strong>ὅσον</strong></span> <span class='ocrx_word' id='word_1_201' title='bbox 2627 2769 2893 2823; x_wconf 75' lang='grc' dir='ltr'><strong>ἐνδοτάτω</strong></span> <span class='ocrx_word' id='word_1_202' title='bbox 2949 2770 3083 2838; x_wconf 81' lang='grc' dir='ltr'><strong>πρὸς</strong></span> <span class='ocrx_word' id='word_1_203' title='bbox 3129 2771 3256 2833; x_wconf 77' lang='grc' dir='ltr'><strong>τοὺς</strong></span> <span class='ocrx_word' id='word_1_204' title='bbox 3310 2771 3419 2825; x_wconf 88' lang='grc' dir='ltr'><strong>τῶν</strong></span> <span class='ocrx_word' id='word_1_205' title='bbox 3458 2772 3630 2825; x_wconf 73' lang='grc' dir='ltr'><strong>ὄντων</strong></span> 
     </span>
    </p>
   </div>
   <div class='ocr_carea' id='block_1_34' title="bbox 2055 2859 3633 2934">
    <p class='ocr_par' dir='ltr' id='par_1_34' title="bbox 2055 2859 3633 2934">
     <span class='ocr_line' id='line_1_34' title="bbox 2055 2859 3633 2934; baseline -0.003 -15"><span class='ocrx_word' id='word_1_206' title='bbox 2055 2865 2260 2919; x_wconf 74' lang='grc' dir='ltr'><strong>εἰσίασι</strong></span> <span class='ocrx_word' id='word_1_207' title='bbox 2288 2861 2504 2929; x_wconf 76' lang='grc' dir='ltr'><strong>λόγους,</strong></span> <span class='ocrx_word' id='word_1_208' title='bbox 2526 2859 2783 2930; x_wconf 70' lang='grc' dir='ltr'><strong>καὶπρὸς</strong></span> <span class='ocrx_word' id='word_1_209' title='bbox 2812 2860 2912 2923; x_wconf 82' lang='grc' dir='ltr'><strong>τὰς</strong></span> <span class='ocrx_word' id='word_1_210' title='bbox 2943 2859 3152 2916; x_wconf 77' lang='grc' dir='ltr'><strong>τούτων</strong></span> <span class='ocrx_word' id='word_1_211' title='bbox 3217 2860 3323 2934; x_wconf 72' lang='grc' dir='ltr'><strong>ἢδη</strong></span> <span class='ocrx_word' id='word_1_212' title='bbox 3359 2864 3633 2933; x_wconf 77' lang='grc' dir='ltr'><strong>σκηνοϐα-</strong></span> 
     </span>
    </p>
   </div>
   <div class='ocr_carea' id='block_1_35' title="bbox 2062 2950 3636 3022">
    <p class='ocr_par' dir='ltr' id='par_1_35' title="bbox 2062 2950 3636 3022">
     <span class='ocr_line' id='line_1_35' title="bbox 2062 2950 3636 3022; baseline 0.006 -15"><span class='ocrx_word' id='word_1_213' title='bbox 2062 2954 2252 3007; x_wconf 82' lang='grc' dir='ltr'><strong>τοῦσιν</strong></span> <span class='ocrx_word' id='word_1_214' title='bbox 2287 2952 2480 3016; x_wconf 74' lang='grc' dir='ltr'><strong>αὐλὰς,</strong></span> <span class='ocrx_word' id='word_1_215' title='bbox 2516 2950 2744 3005; x_wconf 82' lang='grc' dir='ltr'><strong>τοσοῦτο</strong></span> <span class='ocrx_word' id='word_1_216' title='bbox 2795 2950 3237 3022; x_wconf 74' lang='grc' dir='ltr'><strong>φλεγμαίνουσαν</strong></span> <span class='ocrx_word' id='word_1_217' title='bbox 3274 2955 3370 3007; x_wconf 77' lang='grc' dir='ltr'><strong>καὶ</strong></span> <span class='ocrx_word' id='word_1_218' title='bbox 3402 2955 3503 3022; x_wconf 74' lang='grc' dir='ltr'><strong>τὴν</strong></span> <span class='ocrx_word' id='word_1_219' title='bbox 3553 2958 3636 3018; x_wconf 78' lang='grc' dir='ltr'><strong>εἰς</strong></span> 
     </span>
    </p>
   </div>
   <div class='ocr_carea' id='block_1_36' title="bbox 2062 3040 3635 3115">
    <p class='ocr_par' dir='ltr' id='par_1_36' title="bbox 2062 3040 3635 3115">
     <span class='ocr_line' id='line_1_36' title="bbox 2062 3040 3635 3115; baseline 0.001 -18"><span class='ocrx_word' id='word_1_220' title='bbox 2062 3042 2443 3114; x_wconf 72' lang='grc' dir='ltr'><strong>τοῦμπροσθεν</strong></span> <span class='ocrx_word' id='word_1_221' title='bbox 2463 3040 2756 3112; x_wconf 73' lang='grc' dir='ltr'><strong>τρέφουσιν</strong></span> <span class='ocrx_word' id='word_1_222' title='bbox 2783 3043 2998 3108; x_wconf 80' lang='grc' dir='ltr'><strong>ἔφεσιν.</strong></span> <span class='ocrx_word' id='word_1_223' title='bbox 3034 3042 3249 3097; x_wconf 78' lang='grc' dir='ltr'><strong>Ἐκεῖνό</strong></span> <span class='ocrx_word' id='word_1_224' title='bbox 3292 3061 3357 3112; x_wconf 89' lang='grc' dir='ltr'><strong>γε</strong></span> <span class='ocrx_word' id='word_1_225' title='bbox 3395 3046 3504 3115; x_wconf 79' lang='grc' dir='ltr'><strong>μὴν</strong></span> <span class='ocrx_word' id='word_1_226' title='bbox 3533 3048 3635 3098; x_wconf 78' lang='grc' dir='ltr'><strong>οὐκ</strong></span> 
     </span>
    </p>
   </div>
   <div class='ocr_carea' id='block_1_37' title="bbox 2063 3134 3632 3206">
    <p class='ocr_par' dir='ltr' id='par_1_37' title="bbox 2063 3134 3632 3206">
     <span class='ocr_line' id='line_1_37' title="bbox 2063 3134 3632 3206; baseline 0.002 -17"><span class='ocrx_word' id='word_1_227' title='bbox 2063 3136 2213 3189; x_wconf 81' lang='grc' dir='ltr'><strong>ἐστιν</strong></span> <span class='ocrx_word' id='word_1_228' title='bbox 2241 3138 2330 3188; x_wconf 82' lang='grc' dir='ltr'><strong>ὅτε</strong></span> <span class='ocrx_word' id='word_1_229' title='bbox 2384 3151 2452 3205; x_wconf 84' lang='grc' dir='ltr'><strong>με</strong></span> <span class='ocrx_word' id='word_1_230' title='bbox 2501 3134 2602 3187; x_wconf 78' lang='grc' dir='ltr'><strong>οὐκ</strong></span> <span class='ocrx_word' id='word_1_231' title='bbox 2632 3135 2810 3204; x_wconf 80' lang='grc' dir='ltr'><strong>ἐπῆρε</strong></span> <span class='ocrx_word' id='word_1_232' title='bbox 2871 3134 3197 3206; x_wconf 75' lang='grc' dir='ltr'><strong>θαυμάζειν,</strong></span> <span class='ocrx_word' id='word_1_233' title='bbox 3241 3138 3390 3201; x_wconf 70' lang='grc' dir='ltr'><strong>ὅπως</strong></span> <span class='ocrx_word' id='word_1_234' title='bbox 3441 3137 3632 3192; x_wconf 78' lang='grc' dir='ltr'><strong>ὀπόσοι</strong></span> 
     </span>
    </p>
   </div>
   <div class='ocr_carea' id='block_1_38' title="bbox 2063 3225 3634 3301">
    <p class='ocr_par' dir='ltr' id='par_1_38' title="bbox 2063 3225 3634 3301">
     <span class='ocr_line' id='line_1_38' title="bbox 2063 3225 3634 3301; baseline 0.001 -22"><span class='ocrx_word' id='word_1_235' title='bbox 2063 3228 2158 3281; x_wconf 83' lang='grc' dir='ltr'><strong>νῦν</strong></span> <span class='ocrx_word' id='word_1_236' title='bbox 2217 3225 2304 3294; x_wconf 71' lang='grc' dir='ltr'><strong>ἐφ’</strong></span> <span class='ocrx_word' id='word_1_237' title='bbox 2360 3226 2518 3295; x_wconf 81' lang='grc' dir='ltr'><strong>ἡμῶν</strong></span> <span class='ocrx_word' id='word_1_238' title='bbox 2584 3225 2936 3295; x_wconf 77' lang='grc' dir='ltr'><strong>ἀκμάζουσιν</strong></span> <span class='ocrx_word' id='word_1_239' title='bbox 2993 3227 3282 3298; x_wconf 80' lang='grc' dir='ltr'><strong>Ἕλληνες,</strong></span> <span class='ocrx_word' id='word_1_240' title='bbox 3347 3231 3483 3301; x_wconf 79' lang='grc' dir='ltr'><strong>ὁρᾷς</strong></span> <span class='ocrx_word' id='word_1_241' title='bbox 3532 3230 3634 3299; x_wconf 76' lang='grc' dir='ltr'><strong>μὲν</strong></span> 
     </span>
    </p>
   </div>
   <div class='ocr_carea' id='block_1_39' title="bbox 2063 3314 3638 3391">
    <p class='ocr_par' dir='ltr' id='par_1_39' title="bbox 2063 3314 3638 3391">
     <span class='ocr_line' id='line_1_39' title="bbox 2063 3314 3638 3391; baseline 0.001 -19"><span class='ocrx_word' id='word_1_242' title='bbox 2063 3318 2333 3385; x_wconf 75' lang='grc' dir='ltr'><strong>ἅπαντας,</strong></span> <span class='ocrx_word' id='word_1_243' title='bbox 2365 3317 2676 3388; x_wconf 69' lang='grc' dir='ltr'><strong>¹1ιαρορᾷςδ⁶</strong></span> <span class='ocrx_word' id='word_1_244' title='bbox 2722 3314 3059 3382; x_wconf 76' lang='grc' dir='ltr'><strong>οὗν,ἐπειτα</strong></span> <span class='ocrx_word' id='word_1_245' title='bbox 3108 3319 3173 3372; x_wconf 85' lang='grc' dir='ltr'><strong>σύ</strong></span> <span class='ocrx_word' id='word_1_246' title='bbox 3213 3336 3279 3389; x_wconf 82' lang='grc' dir='ltr'><strong>γε</strong></span> <span class='ocrx_word' id='word_1_247' title='bbox 3330 3321 3480 3391; x_wconf 80' lang='grc' dir='ltr'><strong>μόνῳ</strong></span> <span class='ocrx_word' id='word_1_248' title='bbox 3510 3321 3638 3391; x_wconf 73' lang='grc' dir='ltr'><strong>ἐμοὶ</strong></span> 
     </span>
    </p>
   </div>
   <div class='ocr_carea' id='block_1_40' title="bbox 2064 3410 3638 3484">
    <p class='ocr_par' dir='ltr' id='par_1_40' title="bbox 2064 3410 3638 3484">
     <span class='ocr_line' id='line_1_40' title="bbox 2064 3410 3638 3484; baseline 0.002 -21"><span class='ocrx_word' id='word_1_249' title='bbox 2064 3410 2133 3463; x_wconf 80' lang='grc' dir='ltr'><strong>τὰ</strong></span> <span class='ocrx_word' id='word_1_250' title='bbox 2180 3411 2290 3464; x_wconf 84' lang='grc' dir='ltr'><strong>τῶν</strong></span> <span class='ocrx_word' id='word_1_251' title='bbox 2321 3410 2430 3464; x_wconf 84' lang='grc' dir='ltr'><strong>σῶν</strong></span> <span class='ocrx_word' id='word_1_252' title='bbox 2463 3410 2698 3478; x_wconf 81' lang='grc' dir='ltr'><strong>λογικῶν</strong></span> <span class='ocrx_word' id='word_1_253' title='bbox 2748 3412 2844 3464; x_wconf 79' lang='grc' dir='ltr'><strong>καὶ</strong></span> <span class='ocrx_word' id='word_1_254' title='bbox 2880 3412 3073 3479; x_wconf 74' lang='grc' dir='ltr'><strong>σοφίας</strong></span> <span class='ocrx_word' id='word_1_255' title='bbox 3110 3413 3395 3481; x_wconf 80' lang='grc' dir='ltr'><strong>γεμόντων</strong></span> <span class='ocrx_word' id='word_1_256' title='bbox 3426 3414 3638 3484; x_wconf 70' lang='grc' dir='ltr'><strong>ἀπορηι</strong></span> 
     </span>
    </p>
   </div>
   <div class='ocr_carea' id='block_1_41' title="bbox 2068 3503 3639 3574">
    <p class='ocr_par' dir='ltr' id='par_1_41' title="bbox 2068 3503 3639 3574">
     <span class='ocr_line' id='line_1_41' title="bbox 2068 3503 3639 3574; baseline 0.001 -17"><span class='ocrx_word' id='word_1_257' title='bbox 2068 3503 2258 3573; x_wconf 79' lang='grc' dir='ltr'><strong>μάτων</strong></span> <span class='ocrx_word' id='word_1_258' title='bbox 2300 3504 2617 3557; x_wconf 78' lang='grc' dir='ltr'><strong>ἀνατιθέναι</strong></span> <span class='ocrx_word' id='word_1_259' title='bbox 2650 3503 2847 3573; x_wconf 73' lang='grc' dir='ltr'><strong>φορτία</strong></span> <span class='ocrx_word' id='word_1_260' title='bbox 2885 3504 2946 3556; x_wconf 82' lang='grc' dir='ltr'><strong>οὐ</strong></span> <span class='ocrx_word' id='word_1_261' title='bbox 3003 3504 3147 3574; x_wconf 80' lang='grc' dir='ltr'><strong>μάλα</strong></span> <span class='ocrx_word' id='word_1_262' title='bbox 3175 3504 3375 3571; x_wconf 81' lang='grc' dir='ltr'><strong>ὀκνεῖς,</strong></span> <span class='ocrx_word' id='word_1_263' title='bbox 3408 3507 3518 3560; x_wconf 74' lang='grc' dir='ltr'><strong>οὐδ’</strong></span> <span class='ocrx_word' id='word_1_264' title='bbox 3553 3508 3639 3561; x_wconf 80' lang='grc' dir='ltr'><strong>ὅτι</strong></span> 
     </span>
    </p>
   </div>
   <div class='ocr_carea' id='block_1_42' title="bbox 2068 3595 3636 3668">
    <p class='ocr_par' dir='ltr' id='par_1_42' title="bbox 2068 3595 3636 3668">
     <span class='ocr_line' id='line_1_42' title="bbox 2068 3595 3636 3668; baseline 0.003 -19"><span class='ocrx_word' id='word_1_265' title='bbox 2068 3595 2345 3667; x_wconf 83' lang='grc' dir='ltr'><strong>μηδεμίαν</strong></span> <span class='ocrx_word' id='word_1_266' title='bbox 2372 3595 2559 3659; x_wconf 71' lang='grc' dir='ltr'><strong>αὐτοῖς</strong></span> <span class='ocrx_word' id='word_1_267' title='bbox 2591 3595 2941 3660; x_wconf 77' lang='grc' dir='ltr'><strong>καταλείπεις</strong></span> <span class='ocrx_word' id='word_1_268' title='bbox 2993 3597 3280 3668; x_wconf 79' lang='grc' dir='ltr'><strong>φιλοτίμου</strong></span> <span class='ocrx_word' id='word_1_269' title='bbox 3326 3601 3636 3667; x_wconf 81' lang='grc' dir='ltr'><strong>γυμνασίας</strong></span> 
     </span>
    </p>
   </div>
   <div class='ocr_carea' id='block_1_43' title="bbox 1671 3859 2357 3951">
    <p class='ocr_par' dir='ltr' id='par_1_43' title="bbox 1671 3859 2357 3951">
     <span class='ocr_line' id='line_1_43' title="bbox 1671 3859 2357 3951; baseline 0.001 -5"><span class='ocrx_word' id='word_1_270' title='bbox 1671 3859 2357 3951; x_wconf 71' lang='grc' dir='ltr'><strong>ΡΙΗΕΡΑΤΙΟ.</strong></span> 
     </span>
    </p>
   </div>
   <div class='ocr_carea' id='block_1_44' title="bbox 458 4002 3639 4089">
    <p class='ocr_par' dir='ltr' id='par_1_44' title="bbox 458 4002 3639 4089">
     <span class='ocr_line' id='line_1_44' title="bbox 458 4002 3639 4089; baseline 0.003 -21"><span class='ocrx_word' id='word_1_271' title='bbox 458 4002 609 4068; x_wconf 79' lang='lat' dir='ltr'><strong>Nihil</strong></span> <span class='ocrx_word' id='word_1_272' title='bbox 640 4023 843 4068; x_wconf 72' lang='lat' dir='ltr'><strong>novum</strong></span> <span class='ocrx_word' id='word_1_273' title='bbox 878 4023 1059 4081; x_wconf 80' lang='lat' dir='ltr'><strong>neque</strong></span> <span class='ocrx_word' id='word_1_274' title='bbox 1111 4010 1413 4067; x_wconf 86' lang='lat' dir='ltr'><strong>absurdqu</strong></span> <span class='ocrx_word' id='word_1_275' title='bbox 1464 4014 1569 4077; x_wconf 79' lang='lat' dir='ltr'><strong>est,</strong></span> <span class='ocrx_word' id='word_1_276' title='bbox 1599 4012 1645 4067; x_wconf 86' lang='lat' dir='ltr'><strong>si</strong></span> <span class='ocrx_word' id='word_1_277' title='bbox 1692 4012 1960 4083; x_wconf 87' lang='lat' dir='ltr'><strong>permulta</strong></span> <span class='ocrx_word' id='word_1_278' title='bbox 2004 4023 2047 4079; x_wconf 77' lang='grc' dir='ltr'>Β</span> <span class='ocrx_word' id='word_1_279' title='bbox 2075 4010 2389 4078; x_wconf 77' lang='lat' dir='ltr'><strong>ardescens,</strong></span> <span class='ocrx_word' id='word_1_280' title='bbox 2425 4021 2480 4066; x_wconf 88' lang='lat' dir='ltr'><strong>et</strong></span> <span class='ocrx_word' id='word_1_281' title='bbox 2507 4012 2836 4071; x_wconf 82' lang='lat' dir='ltr'><strong>inﬂammata</strong></span> <span class='ocrx_word' id='word_1_282' title='bbox 2872 4023 3168 4088; x_wconf 73' lang='lat' dir='ltr'><strong>suggerat:</strong></span> <span class='ocrx_word' id='word_1_283' title='bbox 3206 4019 3437 4089; x_wconf 88' lang='lat' dir='ltr'><strong>perinde</strong></span> <span class='ocrx_word' id='word_1_284' title='bbox 3486 4038 3550 4078; x_wconf 91' lang='lat' dir='ltr'><strong>ac</strong></span> <span class='ocrx_word' id='word_1_285' title='bbox 3591 4023 3639 4079; x_wconf 84' lang='lat' dir='ltr'><strong>si</strong></span> 
     </span>
    </p>
   </div>
   <div class='ocr_carea' id='block_1_45' title="bbox 394 4103 1961 4175">
    <p class='ocr_par' dir='ltr' id='par_1_45' title="bbox 394 4103 1961 4175">
     <span class='ocr_line' id='line_1_45' title="bbox 394 4103 1961 4175; baseline -0.001 -15"><span class='ocrx_word' id='word_1_286' title='bbox 394 4122 514 4175; x_wconf 83' lang='lat' dir='ltr'><strong>quae</strong></span> <span class='ocrx_word' id='word_1_287' title='bbox 547 4105 823 4174; x_wconf 88' lang='lat' dir='ltr'><strong>quondam</strong></span> <span class='ocrx_word' id='word_1_288' title='bbox 869 4119 1085 4160; x_wconf 90' lang='lat' dir='ltr'><strong>summa</strong></span> <span class='ocrx_word' id='word_1_289' title='bbox 1137 4120 1262 4159; x_wconf 89' lang='lat' dir='ltr'><strong>cum</strong></span> <span class='ocrx_word' id='word_1_290' title='bbox 1302 4103 1619 4160; x_wconf 82' lang='lat' dir='ltr'><strong>dillicultate</strong></span> <span class='ocrx_word' id='word_1_291' title='bbox 1668 4105 1961 4160; x_wconf 87' lang='lat' dir='ltr'><strong>adinventa</strong></span> 
     </span>
    </p>
   </div>
   <div class='ocr_carea' id='block_1_46' title="bbox 394 4196 1963 4267">
    <p class='ocr_par' dir='ltr' id='par_1_46' title="bbox 394 4196 1963 4267">
     <span class='ocr_line' id='line_1_46' title="bbox 394 4196 1963 4267; baseline 0.001 -17"><span class='ocrx_word' id='word_1_292' title='bbox 394 4201 639 4263; x_wconf 81' lang='lat' dir='ltr'><strong>luerunt,</strong></span> <span class='ocrx_word' id='word_1_293' title='bbox 667 4198 723 4252; x_wconf 89' lang='lat' dir='ltr'><strong>in</strong></span> <span class='ocrx_word' id='word_1_294' title='bbox 754 4199 952 4253; x_wconf 89' lang='lat' dir='ltr'><strong>melius</strong></span> <span class='ocrx_word' id='word_1_295' title='bbox 1002 4197 1404 4252; x_wconf 89' lang='lat' dir='ltr'><strong>immutentur:</strong></span> <span class='ocrx_word' id='word_1_296' title='bbox 1445 4196 1904 4267; x_wconf 89' lang='lat' dir='ltr'><strong>quemadmodum</strong></span> <span class='ocrx_word' id='word_1_297' title='bbox 1932 4211 1963 4251; x_wconf 88' lang='lat' dir='ltr'><strong>e</strong></span> 
     </span>
    </p>
   </div>
   <div class='ocr_carea' id='block_1_47' title="bbox 392 4288 1966 4359">
    <p class='ocr_par' dir='ltr' id='par_1_47' title="bbox 392 4288 1966 4359">
     <span class='ocr_line' id='line_1_47' title="bbox 392 4288 1966 4359; baseline -0.001 -14"><span class='ocrx_word' id='word_1_298' title='bbox 392 4292 753 4346; x_wconf 75' lang='lat' dir='ltr'><strong>conversione</strong></span> <span class='ocrx_word' id='word_1_299' title='bbox 776 4291 1083 4346; x_wconf 90' lang='lat' dir='ltr'><strong>etcircuitu</strong></span> <span class='ocrx_word' id='word_1_300' title='bbox 1116 4302 1424 4359; x_wconf 75' lang='lat' dir='ltr'><strong>temporum</strong></span> <span class='ocrx_word' id='word_1_301' title='bbox 1458 4304 1625 4358; x_wconf 88' lang='lat' dir='ltr'><strong>super</strong></span> <span class='ocrx_word' id='word_1_302' title='bbox 1678 4288 1802 4343; x_wconf 88' lang='lat' dir='ltr'><strong>aliis</strong></span> <span class='ocrx_word' id='word_1_303' title='bbox 1844 4289 1966 4343; x_wconf 61' lang='lat' dir='ltr'><strong>alite</strong></span> 
     </span>
    </p>
   </div>
   <div class='ocr_carea' id='block_1_48' title="bbox 396 4379 1966 4454">
    <p class='ocr_par' dir='ltr' id='par_1_48' title="bbox 396 4379 1966 4454">
     <span class='ocr_line' id='line_1_48' title="bbox 396 4379 1966 4454; baseline -0.003 -17"><span class='ocrx_word' id='word_1_304' title='bbox 396 4400 602 4454; x_wconf 67' lang='lat' dir='ltr'><strong>magna:</strong></span> <span class='ocrx_word' id='word_1_305' title='bbox 633 4392 1099 4451; x_wconf 85' lang='lat' dir='ltr'><strong>venetnentesque</strong></span> <span class='ocrx_word' id='word_1_306' title='bbox 1127 4392 1334 4436; x_wconf 72' lang='lat' dir='ltr'><strong>natum</strong></span> <span class='ocrx_word' id='word_1_307' title='bbox 1360 4381 1672 4451; x_wconf 85' lang='lat' dir='ltr'><strong>germinant</strong></span> <span class='ocrx_word' id='word_1_308' title='bbox 1702 4388 1758 4433; x_wconf 89' lang='lat' dir='ltr'><strong>et</strong></span> <span class='ocrx_word' id='word_1_309' title='bbox 1779 4379 1966 4432; x_wconf 86' lang='lat' dir='ltr'><strong>oriun-</strong></span> 
     </span>
    </p>
   </div>
   <div class='ocr_carea' id='block_1_49' title="bbox 394 4473 1968 4546">
    <p class='ocr_par' dir='ltr' id='par_1_49' title="bbox 394 4473 1968 4546">
     <span class='ocr_line' id='line_1_49' title="bbox 394 4473 1968 4546; baseline -0.004 -16"><span class='ocrx_word' id='word_1_310' title='bbox 394 4484 505 4541; x_wconf 89' lang='lat' dir='ltr'><strong>tur,</strong></span> <span class='ocrx_word' id='word_1_311' title='bbox 538 4492 635 4531; x_wconf 87' lang='lat' dir='ltr'><strong>seu</strong></span> <span class='ocrx_word' id='word_1_312' title='bbox 689 4478 809 4546; x_wconf 86' lang='lat' dir='ltr'><strong>ipso</strong></span> <span class='ocrx_word' id='word_1_313' title='bbox 849 4484 1094 4544; x_wconf 90' lang='lat' dir='ltr'><strong>tempore</strong></span> <span class='ocrx_word' id='word_1_314' title='bbox 1139 4473 1211 4529; x_wconf 90' lang='lat' dir='ltr'><strong>ita</strong></span> <span class='ocrx_word' id='word_1_315' title='bbox 1270 4482 1609 4543; x_wconf 87' lang='lat' dir='ltr'><strong>comparato,</strong></span> <span class='ocrx_word' id='word_1_316' title='bbox 1640 4480 1699 4528; x_wconf 76' lang='lat' dir='ltr'><strong>ut</strong></span> <span class='ocrx_word' id='word_1_317' title='bbox 1753 4486 1968 4540; x_wconf 82' lang='lat' dir='ltr'><strong>semper</strong></span> 
     </span>
    </p>
   </div>
   <div class='ocr_carea' id='block_1_50' title="bbox 393 4562 1968 4638">
    <p class='ocr_par' dir='ltr' id='par_1_50' title="bbox 393 4562 1968 4638">
     <span class='ocr_line' id='line_1_50' title="bbox 393 4562 1968 4638; baseline -0.005 -16"><span class='ocrx_word' id='word_1_318' title='bbox 393 4570 496 4623; x_wconf 86' lang='lat' dir='ltr'><strong>alia</strong></span> <span class='ocrx_word' id='word_1_319' title='bbox 528 4584 696 4638; x_wconf 84' lang='lat' dir='ltr'><strong>super</strong></span> <span class='ocrx_word' id='word_1_320' title='bbox 724 4568 849 4622; x_wconf 88' lang='lat' dir='ltr'><strong>aliis</strong></span> <span class='ocrx_word' id='word_1_321' title='bbox 880 4567 1189 4623; x_wconf 75' lang='lat' dir='ltr'><strong>recentiora</strong></span> <span class='ocrx_word' id='word_1_322' title='bbox 1220 4565 1434 4630; x_wconf 80' lang='lat' dir='ltr'><strong>aﬂerat,</strong></span> <span class='ocrx_word' id='word_1_323' title='bbox 1473 4578 1572 4619; x_wconf 89' lang='lat' dir='ltr'><strong>seu</strong></span> <span class='ocrx_word' id='word_1_324' title='bbox 1626 4562 1739 4632; x_wconf 88' lang='lat' dir='ltr'><strong>ipsa</strong></span> <span class='ocrx_word' id='word_1_325' title='bbox 1773 4562 1968 4615; x_wconf 87' lang='lat' dir='ltr'><strong>huma-</strong></span> 
     </span>
    </p>
   </div>
   <div class='ocr_carea' id='block_1_51' title="bbox 394 4654 1968 4730">
    <p class='ocr_par' dir='ltr' id='par_1_51' title="bbox 394 4654 1968 4730">
     <span class='ocr_line' id='line_1_51' title="bbox 394 4654 1968 4730; baseline -0.006 -14"><span class='ocrx_word' id='word_1_326' title='bbox 394 4679 461 4715; x_wconf 87' lang='lat' dir='ltr'><strong>na</strong></span> <span class='ocrx_word' id='word_1_327' title='bbox 497 4675 691 4716; x_wconf 87' lang='lat' dir='ltr'><strong>natura</strong></span> <span class='ocrx_word' id='word_1_328' title='bbox 719 4662 905 4715; x_wconf 83' lang='lat' dir='ltr'><strong>statim</strong></span> <span class='ocrx_word' id='word_1_329' title='bbox 951 4675 981 4713; x_wconf 89' lang='lat' dir='ltr'><strong>a</strong></span> <span class='ocrx_word' id='word_1_330' title='bbox 1029 4659 1299 4730; x_wconf 88' lang='lat' dir='ltr'><strong>principio</strong></span> <span class='ocrx_word' id='word_1_331' title='bbox 1348 4656 1414 4711; x_wconf 89' lang='lat' dir='ltr'><strong>ad</strong></span> <span class='ocrx_word' id='word_1_332' title='bbox 1464 4655 1516 4710; x_wconf 89' lang='lat' dir='ltr'><strong>id</strong></span> <span class='ocrx_word' id='word_1_333' title='bbox 1572 4655 1718 4725; x_wconf 90' lang='lat' dir='ltr'><strong>quod</strong></span> <span class='ocrx_word' id='word_1_334' title='bbox 1766 4654 1819 4707; x_wconf 90' lang='lat' dir='ltr'><strong>in</strong></span> <span class='ocrx_word' id='word_1_335' title='bbox 1868 4668 1968 4707; x_wconf 91' lang='lat' dir='ltr'><strong>suo</strong></span> 
     </span>
    </p>
   </div>
   <div class='ocr_carea' id='block_1_52' title="bbox 397 4747 1966 4819">
    <p class='ocr_par' dir='ltr' id='par_1_52' title="bbox 397 4747 1966 4819">
     <span class='ocr_line' id='line_1_52' title="bbox 397 4747 1966 4819; baseline -0.004 -14"><span class='ocrx_word' id='word_1_336' title='bbox 397 4768 629 4807; x_wconf 87' lang='lat' dir='ltr'><strong>u.unere</strong></span> <span class='ocrx_word' id='word_1_337' title='bbox 661 4753 974 4806; x_wconf 88' lang='lat' dir='ltr'><strong>absolutum</strong></span> <span class='ocrx_word' id='word_1_338' title='bbox 1011 4760 1122 4813; x_wconf 90' lang='lat' dir='ltr'><strong>est,</strong></span> <span class='ocrx_word' id='word_1_339' title='bbox 1143 4750 1430 4819; x_wconf 81' lang='lat' dir='ltr'><strong>pervenire</strong></span> <span class='ocrx_word' id='word_1_340' title='bbox 1466 4757 1724 4817; x_wconf 85' lang='lat' dir='ltr'><strong>nequeat.</strong></span> <span class='ocrx_word' id='word_1_341' title='bbox 1756 4747 1966 4801; x_wconf 49' lang='lat' dir='ltr'><strong>Isocra.</strong></span> 
     </span>
    </p>
   </div>
   <div class='ocr_carea' id='block_1_53' title="bbox 396 4837 1971 4914">
    <p class='ocr_par' dir='ltr' id='par_1_53' title="bbox 396 4837 1971 4914">
     <span class='ocr_line' id='line_1_53' title="bbox 396 4837 1971 4914; baseline -0.004 -17"><span class='ocrx_word' id='word_1_342' title='bbox 396 4857 476 4899; x_wconf 85' lang='lat' dir='ltr'><strong>tes</strong></span> <span class='ocrx_word' id='word_1_343' title='bbox 514 4844 789 4914; x_wconf 79' lang='lat' dir='ltr'><strong>siquidem</strong></span> <span class='ocrx_word' id='word_1_344' title='bbox 822 4843 960 4898; x_wconf 87' lang='lat' dir='ltr'><strong>dicit</strong></span> <span class='ocrx_word' id='word_1_345' title='bbox 990 4860 1002 4896; x_wconf 90' lang='lat'><strong>:</strong></span> <span class='ocrx_word' id='word_1_346' title='bbox 1046 4842 1101 4897; x_wconf 85' lang='lat' dir='ltr'><strong>Si</strong></span> <span class='ocrx_word' id='word_1_347' title='bbox 1156 4842 1234 4896; x_wconf 88' lang='lat' dir='ltr'><strong>sis</strong></span> <span class='ocrx_word' id='word_1_348' title='bbox 1271 4840 1516 4895; x_wconf 88' lang='lat' dir='ltr'><strong>discendi</strong></span> <span class='ocrx_word' id='word_1_349' title='bbox 1577 4838 1832 4909; x_wconf 90' lang='lat' dir='ltr'><strong>cupidus,</strong></span> <span class='ocrx_word' id='word_1_350' title='bbox 1861 4837 1971 4892; x_wconf 88' lang='lat' dir='ltr'><strong>eris</strong></span> 
     </span>
    </p>
   </div>
   <div class='ocr_carea' id='block_1_54' title="bbox 396 4929 1972 5006">
    <p class='ocr_par' dir='ltr' id='par_1_54' title="bbox 396 4929 1972 5006">
     <span class='ocr_line' id='line_1_54' title="bbox 396 4929 1972 5006; baseline -0.004 -19"><span class='ocrx_word' id='word_1_351' title='bbox 396 4937 679 5006; x_wconf 73' lang='lat' dir='ltr'><strong>mullijuga</strong></span> <span class='ocrx_word' id='word_1_352' title='bbox 704 4934 954 4989; x_wconf 79' lang='lat' dir='ltr'><strong>doctrina</strong></span> <span class='ocrx_word' id='word_1_353' title='bbox 986 4933 1273 5003; x_wconf 73' lang='lat' dir='ltr'><strong>pneditus.</strong></span> <span class='ocrx_word' id='word_1_354' title='bbox 1302 4931 1383 4985; x_wconf 90' lang='lat' dir='ltr'><strong>Tu</strong></span> <span class='ocrx_word' id='word_1_355' title='bbox 1418 4931 1495 5000; x_wconf 88' lang='grc' dir='ltr'><strong>(Ι)</strong></span> <span class='ocrx_word' id='word_1_356' title='bbox 1522 4929 1885 4993; x_wconf 87' lang='lat' dir='ltr'><strong>contrarium,</strong></span> <span class='ocrx_word' id='word_1_357' title='bbox 1915 4937 1972 4982; x_wconf 89' lang='lat' dir='ltr'><strong>et</strong></span> 
     </span>
    </p>
   </div>
   <div class='ocr_carea' id='block_1_55' title="bbox 392 5022 1970 5098">
    <p class='ocr_par' dir='ltr' id='par_1_55' title="bbox 392 5022 1970 5098">
     <span class='ocr_line' id='line_1_55' title="bbox 392 5022 1970 5098; baseline -0.003 -20"><span class='ocrx_word' id='word_1_358' title='bbox 392 5043 503 5080; x_wconf 88' lang='lat' dir='ltr'><strong>rem</strong></span> <span class='ocrx_word' id='word_1_359' title='bbox 528 5029 644 5098; x_wconf 87' lang='lat' dir='ltr'><strong>pari</strong></span> <span class='ocrx_word' id='word_1_360' title='bbox 670 5028 929 5082; x_wconf 72' lang='lat' dir='ltr'><strong>aliinitate</strong></span> <span class='ocrx_word' id='word_1_361' title='bbox 962 5026 1311 5096; x_wconf 72' lang='lat' dir='ltr'><strong>coniunctam</strong></span> <span class='ocrx_word' id='word_1_362' title='bbox 1355 5023 1490 5078; x_wconf 84' lang='lat' dir='ltr'><strong>facis</strong></span> <span class='ocrx_word' id='word_1_363' title='bbox 1520 5043 1534 5077; x_wconf 89' lang='lat'><strong>:</strong></span> <span class='ocrx_word' id='word_1_364' title='bbox 1566 5022 1698 5076; x_wconf 83' lang='lat' dir='ltr'><strong>illud</strong></span> <span class='ocrx_word' id='word_1_365' title='bbox 1749 5024 1970 5091; x_wconf 84' lang='lat' dir='ltr'><strong>quidem</strong></span> 
     </span>
    </p>
   </div>
   <div class='ocr_carea' id='block_1_56' title="bbox 392 5112 1974 5187">
    <p class='ocr_par' dir='ltr' id='par_1_56' title="bbox 392 5112 1974 5187">
     <span class='ocr_line' id='line_1_56' title="bbox 392 5112 1974 5187; baseline -0.003 -17"><span class='ocrx_word' id='word_1_366' title='bbox 392 5118 567 5184; x_wconf 84' lang='lat' dir='ltr'><strong>fuisti,</strong></span> <span class='ocrx_word' id='word_1_367' title='bbox 606 5120 709 5174; x_wconf 89' lang='lat' dir='ltr'><strong>hoc</strong></span> <span class='ocrx_word' id='word_1_368' title='bbox 736 5135 865 5174; x_wconf 87' lang='lat' dir='ltr'><strong>vero</strong></span> <span class='ocrx_word' id='word_1_369' title='bbox 896 5134 1115 5187; x_wconf 87' lang='lat' dir='ltr'><strong>semper</strong></span> <span class='ocrx_word' id='word_1_370' title='bbox 1145 5116 1339 5172; x_wconf 80' lang='lat' dir='ltr'><strong>fueris.</strong></span> <span class='ocrx_word' id='word_1_371' title='bbox 1402 5115 1677 5183; x_wconf 87' lang='lat' dir='ltr'><strong>Perpetuo</strong></span> <span class='ocrx_word' id='word_1_372' title='bbox 1706 5114 1854 5168; x_wconf 89' lang='lat' dir='ltr'><strong>enim</strong></span> <span class='ocrx_word' id='word_1_373' title='bbox 1889 5112 1974 5166; x_wconf 88' lang='lat' dir='ltr'><strong>di-</strong></span> 
     </span>
    </p>
   </div>
   <div class='ocr_carea' id='block_1_57' title="bbox 394 5203 1973 5276">
    <p class='ocr_par' dir='ltr' id='par_1_57' title="bbox 394 5203 1973 5276">
     <span class='ocr_line' id='line_1_57' title="bbox 394 5203 1973 5276; baseline -0.002 -14"><span class='ocrx_word' id='word_1_374' title='bbox 394 5210 586 5265; x_wconf 83' lang='lat' dir='ltr'><strong>scendi</strong></span> <span class='ocrx_word' id='word_1_375' title='bbox 644 5210 925 5265; x_wconf 85' lang='lat' dir='ltr'><strong>desiderio</strong></span> <span class='ocrx_word' id='word_1_376' title='bbox 976 5208 1202 5272; x_wconf 87' lang='lat' dir='ltr'><strong>teneris,</strong></span> <span class='ocrx_word' id='word_1_377' title='bbox 1259 5207 1413 5276; x_wconf 87' lang='lat' dir='ltr'><strong>quasi</strong></span> <span class='ocrx_word' id='word_1_378' title='bbox 1458 5220 1591 5259; x_wconf 88' lang='lat' dir='ltr'><strong>vero</strong></span> <span class='ocrx_word' id='word_1_379' title='bbox 1625 5214 1713 5257; x_wconf 91' lang='lat' dir='ltr'><strong>tua</strong></span> <span class='ocrx_word' id='word_1_380' title='bbox 1761 5203 1973 5259; x_wconf 85' lang='lat' dir='ltr'><strong>indoles</strong></span> 
     </span>
    </p>
   </div>
   <div class='ocr_carea' id='block_1_58' title="bbox 391 5298 1971 5373">
    <p class='ocr_par' dir='ltr' id='par_1_58' title="bbox 391 5298 1971 5373">
     <span class='ocr_line' id='line_1_58' title="bbox 391 5298 1971 5373; baseline -0.003 -19"><span class='ocrx_word' id='word_1_381' title='bbox 391 5303 593 5357; x_wconf 88' lang='lat' dir='ltr'><strong>nullam</strong></span> <span class='ocrx_word' id='word_1_382' title='bbox 624 5303 722 5357; x_wconf 87' lang='lat' dir='ltr'><strong>tibi</strong></span> <span class='ocrx_word' id='word_1_383' title='bbox 743 5318 903 5373; x_wconf 82' lang='lat' dir='ltr'><strong>Opem</strong></span> <span class='ocrx_word' id='word_1_384' title='bbox 936 5302 1080 5357; x_wconf 81' lang='lat' dir='ltr'><strong>ferat</strong></span> <span class='ocrx_word' id='word_1_385' title='bbox 1110 5303 1175 5355; x_wconf 86' lang='lat' dir='ltr'><strong>ad</strong></span> <span class='ocrx_word' id='word_1_386' title='bbox 1196 5316 1261 5355; x_wconf 85' lang='lat' dir='ltr'><strong>ea</strong></span> <span class='ocrx_word' id='word_1_387' title='bbox 1284 5315 1408 5370; x_wconf 68' lang='lat' dir='ltr'><strong>qua:</strong></span> <span class='ocrx_word' id='word_1_388' title='bbox 1438 5298 1585 5353; x_wconf 89' lang='lat' dir='ltr'><strong>illam</strong></span> <span class='ocrx_word' id='word_1_389' title='bbox 1618 5313 1971 5367; x_wconf 68' lang='lat' dir='ltr'><strong>praeoccupa-</strong></span> 
     </span>
    </p>
   </div>
   <div class='ocr_carea' id='block_1_59' title="bbox 2065 4101 3642 4182">
    <p class='ocr_par' dir='ltr' id='par_1_59' title="bbox 2065 4101 3642 4182">
     <span class='ocr_line' id='line_1_59' title="bbox 2065 4101 3642 4182; baseline 0.009 -27"><span class='ocrx_word' id='word_1_390' title='bbox 2065 4101 2282 4156; x_wconf 84' lang='lat' dir='ltr'><strong>tlamma</strong></span> <span class='ocrx_word' id='word_1_391' title='bbox 2337 4102 2576 4158; x_wconf 83' lang='lat' dir='ltr'><strong>calamos</strong></span> <span class='ocrx_word' id='word_1_392' title='bbox 2633 4107 3083 4177; x_wconf 84' lang='lat' dir='ltr'><strong>apprehenderit,</strong></span> <span class='ocrx_word' id='word_1_393' title='bbox 3141 4124 3350 4182; x_wconf 88' lang='lat' dir='ltr'><strong>quanto</strong></span> <span class='ocrx_word' id='word_1_394' title='bbox 3427 4110 3642 4169; x_wconf 82' lang='lat' dir='ltr'><strong>avidius</strong></span> 
     </span>
    </p>
   </div>
   <div class='ocr_carea' id='block_1_60' title="bbox 2066 4194 3642 4275">
    <p class='ocr_par' dir='ltr' id='par_1_60' title="bbox 2066 4194 3642 4275">
     <span class='ocr_line' id='line_1_60' title="bbox 2066 4194 3642 4275; baseline 0.011 -27"><span class='ocrx_word' id='word_1_395' title='bbox 2066 4194 2297 4249; x_wconf 83' lang='lat' dir='ltr'><strong>devorat</strong></span> <span class='ocrx_word' id='word_1_396' title='bbox 2354 4195 2699 4264; x_wconf 86' lang='lat' dir='ltr'><strong>alimentum,</strong></span> <span class='ocrx_word' id='word_1_397' title='bbox 2749 4207 2902 4256; x_wconf 88' lang='lat' dir='ltr'><strong>tanto</strong></span> <span class='ocrx_word' id='word_1_398' title='bbox 2954 4203 3281 4275; x_wconf 80' lang='lat' dir='ltr'><strong>multiplicat</strong></span> <span class='ocrx_word' id='word_1_399' title='bbox 3330 4209 3552 4274; x_wconf 87' lang='lat' dir='ltr'><strong>saltum,</strong></span> <span class='ocrx_word' id='word_1_400' title='bbox 3579 4226 3642 4265; x_wconf 88' lang='lat' dir='ltr'><strong>ac</strong></span> 
     </span>
    </p>
   </div>
   <div class='ocr_carea' id='block_1_61' title="bbox 2070 4287 3644 4370">
    <p class='ocr_par' dir='ltr' id='par_1_61' title="bbox 2070 4287 3644 4370">
     <span class='ocr_line' id='line_1_61' title="bbox 2070 4287 3644 4370; baseline 0.011 -30"><span class='ocrx_word' id='word_1_401' title='bbox 2070 4287 2449 4344; x_wconf 66' lang='lat' dir='ltr'><strong>vehementius</strong></span> <span class='ocrx_word' id='word_1_402' title='bbox 2473 4289 2527 4343; x_wconf 91' lang='lat' dir='ltr'><strong>iu</strong></span> <span class='ocrx_word' id='word_1_403' title='bbox 2554 4292 2858 4362; x_wconf 86' lang='lat' dir='ltr'><strong>subjectam</strong></span> <span class='ocrx_word' id='word_1_404' title='bbox 2883 4310 3126 4351; x_wconf 85' lang='lat' dir='ltr'><strong>mensam</strong></span> <span class='ocrx_word' id='word_1_405' title='bbox 3163 4300 3335 4370; x_wconf 76' lang='lat' dir='ltr'><strong>surgit</strong></span> <span class='ocrx_word' id='word_1_406' title='bbox 3364 4311 3414 4355; x_wconf 90' lang='lat' dir='ltr'><strong>et</strong></span> <span class='ocrx_word' id='word_1_407' title='bbox 3441 4304 3644 4357; x_wconf 56' lang='lat' dir='ltr'><strong>ercita»</strong></span> 
     </span>
    </p>
   </div>
   <div class='ocr_carea' id='block_1_62' title="bbox 2069 4379 3641 4453">
    <p class='ocr_par' dir='ltr' id='par_1_62' title="bbox 2069 4379 3641 4453">
     <span class='ocr_line' id='line_1_62' title="bbox 2069 4379 3641 4453; baseline 0.011 -22"><span class='ocrx_word' id='word_1_408' title='bbox 2069 4386 2179 4432; x_wconf 92' lang='lat' dir='ltr'><strong>tur.</strong></span> <span class='ocrx_word' id='word_1_409' title='bbox 2207 4379 2362 4444; x_wconf 85' lang='lat' dir='ltr'><strong>Quod</strong></span> <span class='ocrx_word' id='word_1_410' title='bbox 2404 4382 2448 4436; x_wconf 86' lang='lat' dir='ltr'><strong>si</strong></span> <span class='ocrx_word' id='word_1_411' title='bbox 2483 4382 2647 4436; x_wconf 83' lang='lat' dir='ltr'><strong>etiam</strong></span> <span class='ocrx_word' id='word_1_412' title='bbox 2698 4402 2929 4453; x_wconf 70' lang='lat' dir='ltr'><strong>unguus</strong></span> <span class='ocrx_word' id='word_1_413' title='bbox 2964 4388 3057 4443; x_wconf 87' lang='lat' dir='ltr'><strong>ille</strong></span> <span class='ocrx_word' id='word_1_414' title='bbox 3096 4390 3250 4445; x_wconf 82' lang='lat' dir='ltr'><strong>Plato</strong></span> <span class='ocrx_word' id='word_1_415' title='bbox 3292 4393 3343 4446; x_wconf 90' lang='lat' dir='ltr'><strong>in</strong></span> <span class='ocrx_word' id='word_1_416' title='bbox 3400 4395 3641 4449; x_wconf 84' lang='lat' dir='ltr'><strong>medium</strong></span> 
     </span>
    </p>
   </div>
   <div class='ocr_carea' id='block_1_63' title="bbox 2068 4472 3643 4553">
    <p class='ocr_par' dir='ltr' id='par_1_63' title="bbox 2068 4472 3643 4553">
     <span class='ocr_line' id='line_1_63' title="bbox 2068 4472 3643 4553; baseline 0.011 -30"><span class='ocrx_word' id='word_1_417' title='bbox 2068 4472 2331 4541; x_wconf 89' lang='lat' dir='ltr'><strong>prodiens</strong></span> <span class='ocrx_word' id='word_1_418' title='bbox 2356 4474 2721 4542; x_wconf 73' lang='lat' dir='ltr'><strong>demonstrat,</strong></span> <span class='ocrx_word' id='word_1_419' title='bbox 2745 4479 2993 4534; x_wconf 76' lang='lat' dir='ltr'><strong>disrendi</strong></span> <span class='ocrx_word' id='word_1_420' title='bbox 3024 4484 3247 4537; x_wconf 85' lang='lat' dir='ltr'><strong>avidum</strong></span> <span class='ocrx_word' id='word_1_421' title='bbox 3279 4486 3643 4553; x_wconf 76' lang='lat' dir='ltr'><strong>quodammo-</strong></span> 
     </span>
    </p>
   </div>
   <div class='ocr_carea' id='block_1_64' title="bbox 2067 4564 3644 4645">
    <p class='ocr_par' dir='ltr' id='par_1_64' title="bbox 2067 4564 3644 4645">
     <span class='ocr_line' id='line_1_64' title="bbox 2067 4564 3644 4645; baseline 0.01 -28"><span class='ocrx_word' id='word_1_422' title='bbox 2067 4565 2139 4617; x_wconf 90' lang='lat' dir='ltr'><strong>do</strong></span> <span class='ocrx_word' id='word_1_423' title='bbox 2164 4564 2548 4634; x_wconf 86' lang='lat' dir='ltr'><strong>philosophum</strong></span> <span class='ocrx_word' id='word_1_424' title='bbox 2604 4583 2748 4633; x_wconf 88' lang='lat' dir='ltr'><strong>esse,</strong></span> <span class='ocrx_word' id='word_1_425' title='bbox 2792 4572 3054 4625; x_wconf 88' lang='lat' dir='ltr'><strong>nimirum</strong></span> <span class='ocrx_word' id='word_1_426' title='bbox 3103 4575 3249 4642; x_wconf 90' lang='lat' dir='ltr'><strong>quod</strong></span> <span class='ocrx_word' id='word_1_427' title='bbox 3308 4578 3644 4645; x_wconf 78' lang='lat' dir='ltr'><strong>cogitatione</strong></span> 
     </span>
    </p>
   </div>
   <div class='ocr_carea' id='block_1_65' title="bbox 2070 4655 3645 4734">
    <p class='ocr_par' dir='ltr' id='par_1_65' title="bbox 2070 4655 3645 4734">
     <span class='ocr_line' id='line_1_65' title="bbox 2070 4655 3645 4734; baseline 0.011 -26"><span class='ocrx_word' id='word_1_428' title='bbox 2070 4655 2329 4713; x_wconf 84' lang='lat' dir='ltr'><strong>sublimia</strong></span> <span class='ocrx_word' id='word_1_429' title='bbox 2359 4657 2776 4725; x_wconf 80' lang='lat' dir='ltr'><strong>complectatur,</strong></span> <span class='ocrx_word' id='word_1_430' title='bbox 2813 4670 2870 4715; x_wconf 90' lang='lat' dir='ltr'><strong>et</strong></span> <span class='ocrx_word' id='word_1_431' title='bbox 2906 4678 3246 4734; x_wconf 67' lang='lat' dir='ltr'><strong>quaecunque</strong></span> <span class='ocrx_word' id='word_1_432' title='bbox 3276 4682 3307 4721; x_wconf 88' lang='lat' dir='ltr'><strong>e</strong></span> <span class='ocrx_word' id='word_1_433' title='bbox 3350 4677 3497 4723; x_wconf 86' lang='lat' dir='ltr'><strong>terra</strong></span> <span class='ocrx_word' id='word_1_434' title='bbox 3537 4672 3645 4725; x_wconf 35' lang='lat' dir='ltr'><strong>eris</strong></span> 
     </span>
    </p>
   </div>
   <div class='ocr_carea' id='block_1_66' title="bbox 2071 4749 3644 4833">
    <p class='ocr_par' dir='ltr' id='par_1_66' title="bbox 2071 4749 3644 4833">
     <span class='ocr_line' id='line_1_66' title="bbox 2071 4749 3644 4833; baseline 0.012 -35"><span class='ocrx_word' id='word_1_435' title='bbox 2071 4760 2277 4817; x_wconf 77' lang='lat' dir='ltr'><strong>guntur</strong></span> <span class='ocrx_word' id='word_1_436' title='bbox 2337 4749 2618 4819; x_wconf 80' lang='lat' dir='ltr'><strong>mysteria,</strong></span> <span class='ocrx_word' id='word_1_437' title='bbox 2666 4751 2813 4819; x_wconf 92' lang='lat' dir='ltr'><strong>quod</strong></span> <span class='ocrx_word' id='word_1_438' title='bbox 2874 4754 3112 4809; x_wconf 79' lang='lat' dir='ltr'><strong>validius</strong></span> <span class='ocrx_word' id='word_1_439' title='bbox 3185 4762 3644 4833; x_wconf 65' lang='lat' dir='ltr'><strong>praestantiuqu</strong></span> 
     </span>
    </p>
   </div>
   <div class='ocr_carea' id='block_1_67' title="bbox 2074 4838 3641 4911">
    <p class='ocr_par' dir='ltr' id='par_1_67' title="bbox 2074 4838 3641 4911">
     <span class='ocr_line' id='line_1_67' title="bbox 2074 4838 3641 4911; baseline 0.015 -23"><span class='ocrx_word' id='word_1_440' title='bbox 2074 4838 2167 4889; x_wconf 88' lang='lat' dir='ltr'><strong>tibi</strong></span> <span class='ocrx_word' id='word_1_441' title='bbox 2203 4838 2393 4907; x_wconf 85' lang='lat' dir='ltr'><strong>utique</strong></span> <span class='ocrx_word' id='word_1_442' title='bbox 2439 4840 2709 4909; x_wconf 86' lang='lat' dir='ltr'><strong>reliquum</strong></span> <span class='ocrx_word' id='word_1_443' title='bbox 2768 4853 2873 4908; x_wconf 89' lang='lat' dir='ltr'><strong>est,</strong></span> <span class='ocrx_word' id='word_1_444' title='bbox 2908 4843 2958 4897; x_wconf 93' lang='lat' dir='ltr'><strong>id</strong></span> <span class='ocrx_word' id='word_1_445' title='bbox 3016 4855 3211 4902; x_wconf 88' lang='lat' dir='ltr'><strong>natura</strong></span> <span class='ocrx_word' id='word_1_446' title='bbox 3267 4864 3641 4911; x_wconf 83' lang='lat' dir='ltr'><strong>consectatur.</strong></span> 
     </span>
    </p>
   </div>
   <div class='ocr_carea' id='block_1_68' title="bbox 2073 4927 3645 5016">
    <p class='ocr_par' dir='ltr' id='par_1_68' title="bbox 2073 4927 3645 5016">
     <span class='ocr_line' id='line_1_68' title="bbox 2073 4927 3645 5016; baseline 0.012 -36"><span class='ocrx_word' id='word_1_447' title='bbox 2073 4927 2232 4982; x_wconf 75' lang='lat' dir='ltr'><strong>Tales</strong></span> <span class='ocrx_word' id='word_1_448' title='bbox 2255 4930 2401 4983; x_wconf 86' lang='lat' dir='ltr'><strong>enim</strong></span> <span class='ocrx_word' id='word_1_449' title='bbox 2434 4930 2792 5001; x_wconf 74' lang='lat' dir='ltr'><strong>phi|050phiae</strong></span> <span class='ocrx_word' id='word_1_450' title='bbox 2824 4936 3054 4992; x_wconf 85' lang='lat' dir='ltr'><strong>ardores</strong></span> <span class='ocrx_word' id='word_1_451' title='bbox 3082 4950 3138 4994; x_wconf 88' lang='lat' dir='ltr'><strong>et</strong></span> <span class='ocrx_word' id='word_1_452' title='bbox 3170 4956 3409 5010; x_wconf 86' lang='lat' dir='ltr'><strong>amores,</strong></span> <span class='ocrx_word' id='word_1_453' title='bbox 3439 4960 3645 5016; x_wconf 78' lang='lat' dir='ltr'><strong>quanto</strong></span> 
     </span>
    </p>
   </div>
   <div class='ocr_carea' id='block_1_69' title="bbox 2073 5021 3647 5106">
    <p class='ocr_par' dir='ltr' id='par_1_69' title="bbox 2073 5021 3647 5106">
     <span class='ocr_line' id='line_1_69' title="bbox 2073 5021 3647 5106; baseline 0.013 -31"><span class='ocrx_word' id='word_1_454' title='bbox 2073 5021 2306 5077; x_wconf 86' lang='lat' dir='ltr'><strong>interius</strong></span> <span class='ocrx_word' id='word_1_455' title='bbox 2332 5022 2399 5077; x_wconf 84' lang='lat' dir='ltr'><strong>ad</strong></span> <span class='ocrx_word' id='word_1_456' title='bbox 2427 5025 2668 5080; x_wconf 87' lang='lat' dir='ltr'><strong>rationes</strong></span> <span class='ocrx_word' id='word_1_457' title='bbox 2697 5041 2888 5082; x_wconf 85' lang='lat' dir='ltr'><strong>eorum</strong></span> <span class='ocrx_word' id='word_1_458' title='bbox 2922 5046 3043 5099; x_wconf 73' lang='lat' dir='ltr'><strong>qua:</strong></span> <span class='ocrx_word' id='word_1_459' title='bbox 3076 5043 3203 5087; x_wconf 87' lang='lat' dir='ltr'><strong>sunt</strong></span> <span class='ocrx_word' id='word_1_460' title='bbox 3257 5037 3647 5106; x_wconf 81' lang='lat' dir='ltr'><strong>ingrediuntur</strong></span> 
     </span>
    </p>
   </div>
   <div class='ocr_carea' id='block_1_70' title="bbox 2072 5113 3645 5199">
    <p class='ocr_par' dir='ltr' id='par_1_70' title="bbox 2072 5113 3645 5199">
     <span class='ocr_line' id='line_1_70' title="bbox 2072 5113 3645 5199; baseline 0.01 -33"><span class='ocrx_word' id='word_1_461' title='bbox 2072 5122 2204 5167; x_wconf 88' lang='lat' dir='ltr'><strong>etse</strong></span> <span class='ocrx_word' id='word_1_462' title='bbox 2240 5113 2540 5181; x_wconf 84' lang='lat' dir='ltr'><strong>insinuant,</strong></span> <span class='ocrx_word' id='word_1_463' title='bbox 2567 5125 2729 5186; x_wconf 89' lang='lat' dir='ltr'><strong>atque</strong></span> <span class='ocrx_word' id='word_1_464' title='bbox 2763 5118 2817 5171; x_wconf 90' lang='lat' dir='ltr'><strong>in</strong></span> <span class='ocrx_word' id='word_1_465' title='bbox 2866 5120 3109 5189; x_wconf 89' lang='lat' dir='ltr'><strong>ipsorum</strong></span> <span class='ocrx_word' id='word_1_466' title='bbox 3171 5135 3322 5193; x_wconf 87' lang='lat' dir='ltr'><strong>septa</strong></span> <span class='ocrx_word' id='word_1_467' title='bbox 3356 5127 3469 5196; x_wconf 78' lang='lat' dir='ltr'><strong>jam</strong></span> <span class='ocrx_word' id='word_1_468' title='bbox 3516 5147 3645 5199; x_wconf 59' lang='lat' dir='ltr'><strong>pro»</strong></span> 
     </span>
    </p>
   </div>
   <div class='ocr_carea' id='block_1_71' title="bbox 2074 5206 3644 5282">
    <p class='ocr_par' dir='ltr' id='par_1_71' title="bbox 2074 5206 3644 5282">
     <span class='ocr_line' id='line_1_71' title="bbox 2074 5206 3644 5282; baseline 0.01 -23"><span class='ocrx_word' id='word_1_469' title='bbox 2074 5206 2267 5269; x_wconf 82' lang='lat' dir='ltr'><strong>dcunt,</strong></span> <span class='ocrx_word' id='word_1_470' title='bbox 2298 5217 2447 5259; x_wconf 88' lang='lat' dir='ltr'><strong>tanto</strong></span> <span class='ocrx_word' id='word_1_471' title='bbox 2475 5206 2750 5277; x_wconf 76' lang='lat' dir='ltr'><strong>turgidum</strong></span> <span class='ocrx_word' id='word_1_472' title='bbox 2775 5210 2939 5264; x_wconf 87' lang='lat' dir='ltr'><strong>etiam</strong></span> <span class='ocrx_word' id='word_1_473' title='bbox 2961 5214 3028 5265; x_wconf 89' lang='lat' dir='ltr'><strong>ad</strong></span> <span class='ocrx_word' id='word_1_474' title='bbox 3054 5217 3339 5282; x_wconf 88' lang='lat' dir='ltr'><strong>superiora</strong></span> <span class='ocrx_word' id='word_1_475' title='bbox 3358 5221 3644 5274; x_wconf 83' lang='lat' dir='ltr'><strong>cnutrium</strong></span> 
     </span>
    </p>
   </div>
   <div class='ocr_carea' id='block_1_72' title="bbox 2074 5298 3644 5371">
    <p class='ocr_par' dir='ltr' id='par_1_72' title="bbox 2074 5298 3644 5371">
     <span class='ocr_line' id='line_1_72' title="bbox 2074 5298 3644 5371; baseline 0.008 -21"><span class='ocrx_word' id='word_1_476' title='bbox 2074 5304 2129 5350; x_wconf 89' lang='lat' dir='ltr'><strong>et</strong></span> <span class='ocrx_word' id='word_1_477' title='bbox 2159 5303 2359 5365; x_wconf 74' lang='lat' dir='ltr'><strong>augent</strong></span> <span class='ocrx_word' id='word_1_478' title='bbox 2390 5298 2716 5366; x_wconf 87' lang='lat' dir='ltr'><strong>appetitum.</strong></span> <span class='ocrx_word' id='word_1_479' title='bbox 2748 5300 2885 5354; x_wconf 91' lang='lat' dir='ltr'><strong>lllud</strong></span> <span class='ocrx_word' id='word_1_480' title='bbox 2920 5301 3193 5371; x_wconf 88' lang='lat' dir='ltr'><strong>siquidem</strong></span> <span class='ocrx_word' id='word_1_481' title='bbox 3232 5305 3509 5361; x_wconf 85' lang='lat' dir='ltr'><strong>interdum</strong></span> <span class='ocrx_word' id='word_1_482' title='bbox 3560 5324 3644 5363; x_wconf 83' lang='lat' dir='ltr'><strong>me</strong></span> 
     </span>
    </p>
   </div>
   <div class='ocr_carea' id='block_1_73' title="bbox 394 5383 3645 5474">
    <p class='ocr_par' dir='ltr' id='par_1_73' title="bbox 394 5383 3645 5474">
     <span class='ocr_line' id='line_1_73' title="bbox 394 5383 3645 5474; baseline 0.002 -28"><span class='ocrx_word' id='word_1_483' title='bbox 394 5404 539 5460; x_wconf 84' lang='lat' dir='ltr'><strong>runt,</strong></span> <span class='ocrx_word' id='word_1_484' title='bbox 576 5395 680 5450; x_wconf 87' lang='lat' dir='ltr'><strong>nisi</strong></span> <span class='ocrx_word' id='word_1_485' title='bbox 710 5396 874 5450; x_wconf 88' lang='lat' dir='ltr'><strong>etiam</strong></span> <span class='ocrx_word' id='word_1_486' title='bbox 905 5394 1077 5464; x_wconf 80' lang='lat' dir='ltr'><strong>magis</strong></span> <span class='ocrx_word' id='word_1_487' title='bbox 1117 5395 1400 5447; x_wconf 86' lang='lat' dir='ltr'><strong>materiem</strong></span> <span class='ocrx_word' id='word_1_488' title='bbox 1432 5388 1680 5461; x_wconf 74' lang='lat' dir='ltr'><strong>qtuedam</strong></span> <span class='ocrx_word' id='word_1_489' title='bbox 1728 5388 1846 5443; x_wconf 85' lang='lat' dir='ltr'><strong>sitis</strong></span> <span class='ocrx_word' id='word_1_490' title='bbox 1876 5404 1967 5442; x_wconf 78' lang='lat' dir='ltr'><strong>cx-</strong></span> <span class='ocrx_word' id='word_1_491' title='bbox 1999 5383 2043 5441; x_wconf 83' lang='lat' dir='ltr'><strong>G</strong></span> <span class='ocrx_word' id='word_1_492' title='bbox 2077 5404 2185 5443; x_wconf 93' lang='lat' dir='ltr'><strong>non</strong></span> <span class='ocrx_word' id='word_1_493' title='bbox 2219 5390 2273 5442; x_wconf 94' lang='lat' dir='ltr'><strong>in</strong></span> <span class='ocrx_word' id='word_1_494' title='bbox 2303 5390 2583 5445; x_wconf 85' lang='lat' dir='ltr'><strong>minimam</strong></span> <span class='ocrx_word' id='word_1_495' title='bbox 2616 5395 2793 5448; x_wconf 78' lang='lat' dir='ltr'><strong>erexit</strong></span> <span class='ocrx_word' id='word_1_496' title='bbox 2846 5395 3286 5464; x_wconf 86' lang='lat' dir='ltr'><strong>admirationem,</strong></span> <span class='ocrx_word' id='word_1_497' title='bbox 3313 5416 3424 5470; x_wconf 83' lang='lat' dir='ltr'><strong>quo</strong></span> <span class='ocrx_word' id='word_1_498' title='bbox 3484 5414 3645 5474; x_wconf 76' lang='lat' dir='ltr'><strong>pacto</strong></span> 
     </span>
    </p>
   </div>
   <div class='ocr_carea' id='block_1_74' title="bbox 457 5534 1670 5600">
    <p class='ocr_par' dir='ltr' id='par_1_74' title="bbox 457 5534 1670 5600">
     <span class='ocr_line' id='line_1_74' title="bbox 457 5534 1670 5600; baseline -0.005 -5"><span class='ocrx_word' id='word_1_499' title='bbox 457 5544 476 5564; x_wconf 82' lang='lat'><strong><em>‘</em></strong></span> <span class='ocrx_word' id='word_1_500' title='bbox 497 5541 635 5597; x_wconf 77' lang='lat' dir='ltr'><strong>Vide</strong></span> <span class='ocrx_word' id='word_1_501' title='bbox 663 5552 866 5597; x_wconf 91' lang='lat' dir='ltr'><strong>tomum</strong></span> <span class='ocrx_word' id='word_1_502' title='bbox 891 5547 1137 5595; x_wconf 87' lang='lat' dir='ltr'><strong>nostrum</strong></span> <span class='ocrx_word' id='word_1_503' title='bbox 1162 5536 1344 5600; x_wconf 71' lang='lat' dir='ltr'><strong>LXVI,</strong></span> <span class='ocrx_word' id='word_1_504' title='bbox 1376 5535 1480 5589; x_wconf 85' lang='lat' dir='ltr'><strong>col.</strong></span> <span class='ocrx_word' id='word_1_505' title='bbox 1514 5534 1670 5589; x_wconf 69' lang='lat'><strong>128].</strong></span> 
     </span>
    </p>
   </div>
   <div class='ocr_carea' id='block_1_75' title="bbox 460 5604 1953 5683">
    <p class='ocr_par' dir='ltr' id='par_1_75' title="bbox 460 5604 1953 5683">
     <span class='ocr_line' id='line_1_75' title="bbox 460 5604 1953 5683; baseline -0.005 -16"><span class='ocrx_word' id='word_1_506' title='bbox 460 5616 537 5683; x_wconf 81' lang='lat' dir='ltr'><strong>(l)</strong></span> <span class='ocrx_word' id='word_1_507' title='bbox 575 5612 927 5683; x_wconf 81' lang='lat' dir='ltr'><strong>Theodorum</strong></span> <span class='ocrx_word' id='word_1_508' title='bbox 978 5610 1340 5683; x_wconf 69' lang='lat' dir='ltr'><strong>Metui-Initum</strong></span> <span class='ocrx_word' id='word_1_509' title='bbox 1376 5606 1641 5683; x_wconf 77' lang='lat' dir='ltr'><strong>intellige,</strong></span> <span class='ocrx_word' id='word_1_510' title='bbox 1669 5604 1953 5683; x_wconf 46' lang='lat' dir='ltr'><strong>Alliagnum</strong></span> 
     </span>
    </p>
   </div>
   <div class='ocr_carea' id='block_1_76' title="bbox 396 5674 1956 5754">
    <p class='ocr_par' dir='ltr' id='par_1_76' title="bbox 396 5674 1956 5754">
     <span class='ocr_line' id='line_1_76' title="bbox 396 5674 1956 5754; baseline -0.007 -14"><span class='ocrx_word' id='word_1_511' title='bbox 396 5674 775 5754; x_wconf 53' lang='lat' dir='ltr'><strong>Lo&#39;gothetam,</strong></span> <span class='ocrx_word' id='word_1_512' title='bbox 823 5682 911 5735; x_wconf 89' lang='lat' dir='ltr'><strong>cui</strong></span> <span class='ocrx_word' id='word_1_513' title='bbox 942 5695 1081 5749; x_wconf 89' lang='lat' dir='ltr'><strong>opus</strong></span> <span class='ocrx_word' id='word_1_514' title='bbox 1110 5694 1272 5733; x_wconf 88' lang='lat' dir='ltr'><strong>suum</strong></span> <span class='ocrx_word' id='word_1_515' title='bbox 1332 5674 1609 5747; x_wconf 80' lang='lat' dir='ltr'><strong>inscripsit</strong></span> <span class='ocrx_word' id='word_1_516' title='bbox 1662 5674 1956 5743; x_wconf 74' lang='lat' dir='ltr'><strong>Gregoras,</strong></span> 
     </span>
    </p>
   </div>
   <div class='ocr_carea' id='block_1_77' title="bbox 671 5772 1439 5841">
    <p class='ocr_par' dir='ltr' id='par_1_77' title="bbox 671 5772 1439 5841">
     <span class='ocr_line' id='line_1_77' title="bbox 671 5772 1439 5841; baseline -0.007 0"><span class='ocrx_word' id='word_1_517' title='bbox 671 5784 931 5841; x_wconf 62' lang='lat' dir='ltr'><strong>Parnm.</strong></span> <span class='ocrx_word' id='word_1_518' title='bbox 979 5786 1093 5837; x_wconf 73' lang='lat' dir='ltr'><strong>Gn.</strong></span> <span class='ocrx_word' id='word_1_519' title='bbox 1122 5772 1394 5838; x_wconf 74' lang='lat' dir='ltr'><strong>CXLIX.</strong></span> <span class='ocrx_word' id='word_1_520' title='bbox 1422 5818 1439 5836; x_wconf 94' lang='lat'><strong>.</strong></span> 
     </span>
    </p>
   </div>
   <div class='ocr_carea' id='block_1_78' title="bbox 2063 5536 3649 5614">
    <p class='ocr_par' dir='ltr' id='par_1_78' title="bbox 2063 5536 3649 5614">
     <span class='ocr_line' id='line_1_78' title="bbox 2063 5536 3649 5614; baseline 0.007 -22"><span class='ocrx_word' id='word_1_521' title='bbox 2063 5548 2171 5614; x_wconf 86' lang='lat' dir='ltr'><strong>ute</strong></span> <span class='ocrx_word' id='word_1_522' title='bbox 2201 5554 2332 5594; x_wconf 82' lang='lat' dir='ltr'><strong>mss.</strong></span> <span class='ocrx_word' id='word_1_523' title='bbox 2359 5536 2624 5614; x_wconf 59' lang='lat' dir='ltr'><strong>Ctesareis</strong></span> <span class='ocrx_word' id='word_1_524' title='bbox 2650 5550 2705 5598; x_wconf 92' lang='lat' dir='ltr'><strong>et</strong></span> <span class='ocrx_word' id='word_1_525' title='bbox 2736 5542 2917 5614; x_wconf 79' lang='lat' dir='ltr'><strong>Regiis</strong></span> <span class='ocrx_word' id='word_1_526' title='bbox 2940 5541 3262 5603; x_wconf 82' lang='lat' dir='ltr'><strong>Lambecius</strong></span> <span class='ocrx_word' id='word_1_527' title='bbox 3298 5557 3353 5603; x_wconf 89' lang='lat' dir='ltr'><strong>et</strong></span> <span class='ocrx_word' id='word_1_528' title='bbox 3387 5542 3649 5603; x_wconf 71' lang='lat' dir='ltr'><strong>Boivlntti</strong></span> 
     </span>
    </p>
   </div>
   <div class='ocr_carea' id='block_1_79' title="bbox 2066 5611 2653 5667">
    <p class='ocr_par' dir='ltr' id='par_1_79' title="bbox 2066 5611 2653 5667">
     <span class='ocr_line' id='line_1_79' title="bbox 2066 5611 2653 5667; baseline 0.007 -4"><span class='ocrx_word' id='word_1_529' title='bbox 2066 5611 2454 5665; x_wconf 86' lang='lat' dir='ltr'><strong>observarunt.</strong></span> <span class='ocrx_word' id='word_1_530' title='bbox 2499 5612 2653 5667; x_wconf 78' lang='lat' dir='ltr'><strong>Eutr.</strong></span> 
     </span>
    </p>
   </div>
   <div class='ocr_carea' id='block_1_80' title="bbox 3160 5775 3233 5837">
    <p class='ocr_par' dir='ltr' id='par_1_80' title="bbox 3160 5775 3233 5837">
     <span class='ocr_line' id='line_1_80' title="bbox 3160 5775 3233 5837; baseline 0.027 -2"><span class='ocrx_word' id='word_1_531' title='bbox 3160 5775 3233 5837; x_wconf 67' lang='grc' dir='ltr'><strong><em>Π</em></strong></span> 
     </span>
    </p>
   </div>
  </div>
