4060 6204
468 279 573 344 ίᾶ3

1671 270 2099 333 NICEPHORI
2134 271 2527 334 GREGORl-‘E

469 398 768 466 πρόφασιν,
823 393 1001 458 δέδιας
1058 391 1234 448 ὁπόσα
1293 391 1427 460 πρὸς
1475 391 1645 462 ὀργὴν
1694 391 2040 460 σχεδιάζουσι
2069 407 2112 464 Α
2141 406 2249 444 των
2311 392 2512 446 ἀδίκων
2560 392 2869 462 φροντίζειν
2916 393 2977 448 οὗ
3025 395 3133 467 χρὴ
3177 396 3470 466 φιλόσοφον
3521 397 3708 462 ἀκήν,

468 490 689 558 γνῶμαι
729 485 1027 557 φιλότιμοι,
1059 483 1278 538 ἐπειδάν
1310 501 1396 546 τις
1432 482 1704 552 ἀποκναίη
1752 483 1850 544 τὰς
1881 483 2036 553 ῥίζας

468 582 773 652 ἐκτέμνων,
811 579 866 632 αῖ
889 579 1015 637 τοὺς
1057 577 1168 630 τῶν
1198 576 1387 646 ὓμνων
1417 576 1683 645 βλαστοὺς
1717 574 2025 644 ὲξανίσχου-

471 685 580 728 σιν.
610 672 745 726 Οὐδὲ
783 671 889 741 γὰρ
923 669 1031 723 οὐδ’
1070 667 1408 735 Ἀλεξάνδρῳ
1455 666 1533 735 τῷ
1566 665 1835 718 Φιλίππου
1888 663 2038 716 παιδὶ

471 766 832 832 ἀνεπίφθονον
873 764 1056 832 ἔμεινε
1088 760 1184 814 καὶ
1243 759 1551 830 βασκανίας
1615 758 1792 820 ἐκτὸς,
1837 758 2036 825 ὁρῶντι

468 857 558 910 τὸν
585 857 850 909 Φίλιππον
891 854 1114 923 συχναῖς
1160 852 1280 913 ταῖς
1330 849 1510 911 νίκαις
1573 847 2032 918 ἐμπομπεύοντα,

467 949 600 1000 ἀλλὰ
633 945 1121 1017 μικροψυχήσαντα
1160 941 1424 1014 βακχικόν
1463 958 1588 993 τινα
1617 941 1836 1009 λέγεται
1877 939 2036 1004 λόγον

465 1043 681 1110 ἀφεῖναι
702 1040 839 1109 πρὸς
867 1039 991 1098 τοὺς
1022 1036 1340 1106 ἡλικιώτας,
1372 1035 1466 1086 καὶ
1496 1032 1695 1102 μεστὸν
1747 1033 1821 1094 ώς
1861 1033 2036 1084 είπεῖν

464 1133 891 1203 ἐνθουσιασμοῦ.
925 1131 1099 1184 Φάναι
1122 1128 1226 1200 γὰρ
1257 1127 1498 1196 ἁγωνιᾷν
1531 1126 1604 1195 μὴ
1636 1125 1816 1178 πάντα
1850 1141 2037 1193 προει-

459 1227 651 1297 ληφὼς
675 1228 702 1280 ὁ
725 1226 930 1294 πατὴρ,
961 1222 1237 1294 μηδεμίαν
1253 1219 1400 1290 αύτῷ
1431 1217 1735 1290 καταλείψῃ
1755 1216 2034 1287 τροπαίων

464 1320 759 1391 πρόφασιν.
797 1317 908 1370 Καὶ
935 1312 1127 1367 σιωπῶ
1156 1311 1224 1365 τὰ
1253 1311 1481 1364 πλείστα
1504 1327 1516 1339 ·
1554 1310 1622 1380 ἢν
1651 1308 1707 1361 δὲ
1748 1306 1840 1360 νῦν
1873 1304 2034 1370 αὖθις

464 1414 736 1481 πρόφασιν
769 1405 1102 1477 προύδαλες,
1133 1403 1433 1472 ἐϐουλόμην
1459 1399 1639 1464 ἄλλοις
1680 1401 1776 1454 τοῦ
1831 1401 2035 1469 φιλοτί-

467 1521 570 1574 μου
598 1501 1032 1569 παραχωρήσας,
1072 1497 1236 1560 αὐτὸς
1259 1497 1400 1548 ἐκὼν
1433 1493 1687 1564 γενέσθαι
1707 1493 1798 1546 τοῦ
1833 1492 2032 1563 καιροῦ

460 1613 520 1647 τε
553 1593 646 1647 καὶ
682 1593 780 1660 τῆς
807 1589 978 1659 τύχης
1004 1588 1104 1658 τῆς
1140 1588 1280 1658 ἐμῆς
1337 1587 1624 1658 προδότης.
1691 1585 1876 1638 Δεινδν
1923 1583 2033 1656 γὰρ

461 1688 558 1741 καὶ
586 1685 826 1757 σχέτλιον
854 1681 995 1737 εῖναι
1029 1684 1127 1750 μὲν
1154 1681 1262 1734 τῶν
1301 1679 1364 1732 ού
1411 1679 1632 1749 φαύλων
1691 1679 1920 1745 ἀγώνων
1971 1677 2032 1728 τὸ

2143 484 2278 553 φέρε
2309 483 2408 554 τὴν
2452 483 2549 554 σὴν
2605 484 2681 547 ὠς
2737 486 2963 555 ἐφικτὸν
3024 489 3422 558 ἐκπεράνωμεν
3475 489 3708 560 αἴτησιν,

2139 575 2235 626 καὶ
2272 574 2360 626 διὰ
2423 575 2516 627 σοῦ
2564 576 2662 645 τὴν
2721 577 2830 628 τῶν
2888 576 3087 643 ἄλλων,
3121 575 3202 642 οἷς
3244 578 3308 651 δὴ
3359 579 3429 633 τὰ
3487 582 3714 650 μέγιστα

2140 669 2456 733 χαριεῖσθαι
2511 668 2746 737 ὑπισχνῇ
2785 668 2851 720 δι’
2899 670 3020 732 ἑνός
3071 688 3136 739 γε
3191 671 3284 724 τοῦ
3338 673 3544 741 τρόπου
3588 690 3708 725 του-

2139 756 2278 808 τουΐ.

2212 846 2421 899 ’Λπασι
2455 849 2556 916 μέν
2585 849 2668 902 τοί
2703 867 2765 916 γε
2823 850 3247 922 ὡμολογημένον
3306 851 3446 908 εἶναι
3487 853 3568 918 οἷς
3616 860 3715 911 καὶ

2136 937 2386 992 ὁπωσοῦν
2420 939 2513 992 νοῦ
2551 943 2644 995 καὶ
2671 947 2930 1013 κριτικῆς
2977 946 3300 1018 ἐπιστήμης
3359 949 3602 1018 μέτεστι,
3636 952 3715 1020 μὴ

2133 1029 2195 1084 ’ἐν
2223 1049 2274 1084 τι
2309 1034 2499 1102 σοφίας
2531 1030 2667 1097 εἶδος
2698 1034 2790 1087 τὸ)
2823 1035 2997 1106 μέγαν
3028 1037 3395 1108 ἐξησκηκέναι
3433 1042 3710 1107 Συνέσιον,

2136 1126 2252 1178 ἀλλ’
2277 1123 2418 1178 εἶναι
2455 1127 2624 1196 μηδὲν
2680 1129 2818 1198 ὅπερ
2857 1127 2940 1194 οὓ,
2977 1132 3152 1202 τούτῳ
3184 1131 3229 1184 δ’
3267 1127 3407 1186 εἶναι
3439 1134 3547 1186 τῶν
3578 1136 3716 1203 πάν-

2135 1235 2243 1270 των
2273 1218 2460 1271 οὐδένα
2494 1219 2702 1288 νομίζω
2725 1219 2815 1272 τὸν
2846 1221 3204 1291 ἀντεροῦντα.
3253 1222 3406 1292 Μηδὲ
3454 1224 3562 1294 γὰρ
3612 1224 3715 1294 μὸά

2135 1327 2228 1363 νον
2253 1311 2427 1380 ὁπόση
2460 1312 2606 1366 κατὰ
2641 1312 2736 1366 τὸν
2799 1312 3039 1383 Ἕλληνα
3069 1312 3231 1380 λόγον
3289 1316 3408 1367 ἐστὶ
3447 1316 3711 1382 ποικιλία,

2134 1404 2315 1472 πάσης
2347 1406 2402 1467 ἐς
2433 1403 2607 1476 ἄκρον
2641 1405 2988 1474 σπουδαστὴν
3017 1409 3379 1478 καταστῆναι,
3431 1407 3568 1461 ἀλλὰ
3611 1411 3712 1462 καὶ

2133 1496 2243 1548 τῶν
2272 1495 2594 1551 Χαλδαϊκῶν
2625 1497 2899 1566 θιασώτην
2929 1499 3188 1553 ἁπάντων
3212 1499 3416 1570 ὀργίων
3438 1517 3454 1532 ·
3480 1501 3574 1553 καὶ
3604 1501 3710 1553 ὅσα

2133 1585 2177 1638 δ’
2202 1582 2269 1640 αῦ
2306 1587 2804 1658 ἱερογραμματέων
2835 1589 2945 1644 τῶν
2975 1592 3145 1644 παλαι
3189 1593 3321 1663 παρ’
3384 1593 3712 1656 Αἰγυπτίοις

2136 1677 2646 1748 θαυμαστωθέντων
2687 1681 2864 1750 βίϐλοι
2896 1684 2994 1736 καὶ
3027 1685 3294 1753 μυστικαὶ
3340 1685 3558 1737 τελεταὶ
3593 1689 3710 1746 τοῖς

462 1780 646 1851 ἔργον,
668 1779 742 1841 ώς
775 1776 838 1829 σύ
873 1794 930 1829 τε
967 1770 1145 1840 οἶσθα,
1183 1772 1278 1826 καὶ
1301 1770 1380 1836 οἷς
1418 1771 1482 1824 σύ
1517 1789 1580 1840 γε
1615 1773 1676 1822 τὸ
1701 1768 1941 1822 τοιοῦτον
1975 1770 2031 1831 ἐς
2061 1783 2106 1843 Β
2135 1770 2326 1824 ἔπειτα
2352 1774 2566 1841 χρόνοις
2599 1759 2930 1844 παρέδοσαν,
2987 1776 3081 1829 καὶ
3113 1777 3214 1828 ὅσα
3274 1776 3494 1845 Δελφῶν
3555 1778 3702 1846 ἐδογή

459 1870 639 1926 κοινὸν
673 1867 989 1940 προύθηκας
1038 1863 1346 1932 ἐλλογίμοις
1376 1862 1633 1932 ἀνδράσιν
1655 1876 1668 1889 ·
1721 1859 1914 1912 ἔπειτα
1950 1853 2032 1920 οἷς

459 1965 627 2032 τῦφος
658 1949 754 2017 καὶ
781 1958 1063 2030 λογισμῶν
1109 1955 1351 2025 ἀκοσμία
1383 1954 1484 2006 οὐκ
1522 1954 1579 2015 ἐς
1609 1953 1802 2020 καιρὸν
1831 1967 2032 2020 τυρανο

457 2059 540 2110 νεῖ
576 2056 671 2125 τὴν
698 2053 962 2115 διάνοιαν,
1003 2051 1132 2117 ὃλην
1160 2065 1223 2114 γε
1267 2045 1371 2116 μὴν
1420 2046 1518 2115 τὴν
1558 2043 1751 2112 σοφίαν
1783 2043 1877 2094 ἐπὶ
1932 2043 2032 2110 τῆς

457 2149 660 2218 ὀφρύος
689 2147 874 2215 έχουσι
901 2142 1242 2210 καθημένην,
1275 2137 1370 2190 καὶ
1411 2138 1589 2190 πάντα
1632 2135 1793 2206 ρᾴδιά
1825 2151 1883 2186 τε
1919 2135 2016 2186 καὶ

459 2239 642 2307 κοῦφα
689 2240 811 2299 ταῖς
858 2235 966 2288 ἀπὸ
1010 2233 1259 2301 γλώττης
1314 2225 1668 2295 ἐπαγγελίαις
1721 2223 2024 2283 ποιοῦνται,

456 2333 515 2386 ’ἐν
537 2349 589 2384 τι
609 2330 719 2382 τῶν
741 2325 1098 2398 φαυλοτάτων
1127 2317 1594 2391 διαθρυλλεῖσθαι.
1639 2318 1831 2386 Ὅμως
1877 2319 2031 2368 ἐπει-

457 2425 632 2493 δήπερ
663 2423 697 2490 ἡ
737 2419 947 2490 μεγάλη
990 2432 1084 2468 σου
1121 2414 1338 2482 γλῶττα
1374 2412 1469 2465 καὶ
1522 2409 1865 2479 πανταχόθεν
1903 2426 2032 2476 cur-

457 2513 780 2585 κεχωρηκὸς
808 2509 1168 2580 καρπουμένη
1202 2505 1336 2576 πρὸς
1368 2503 1428 2557 τὸ
1476 2504 1652 2572 νικᾷν,
1690 2501 1754 2553 ἐκ
1791 2517 1844 2554 τε
1883 2500 2030 2569 φιλο·-

459 2609 624 2676 σόφου
653 2603 914 2665 διανοίας,
952 2599 1014 2653 ἐκ
1034 2616 1094 2651 τε
1124 2595 1345 2658 πειθοῦς
1368 2598 1664 2666 ῥητορικῆς
1705 2591 2008 2662 ὁρμωμένη

456 2700 526 2752 τά
550 2715 609 2750 τε
641 2695 776 2752 ἄλλα
799 2693 1070 2766 προφέρει
1094 2693 1228 2761 ἡμῖν
1255 2690 1332 2752 είς
1365 2686 1558 2753 πειθὼ,
1592 2687 1688 2740 καὶ
1715 2687 1795 2738 ὅτι
1822 2687 2024 2751 στομὰν

453 2862 641 2918 nescio
681 2875 792 2930 quo
820 2857 982 2912 modo
1010 2855 1154 2926 apud
1192 2869 1290 2908 nos
1315 2851 1486 2908 Graeci
1518 2858 1675 2905 astate
1707 2864 1770 2904 ac
1815 2850 2026 2905 viribus

453 2955 676 3016 ﬂorent,
703 2950 860 3004 vides
887 2947 1111 3016 quidem
1132 2960 1344 3006 omnes,
1373 2956 1634 2998 caeterum
1667 2943 1982 3012 aspernaris
2007 2963 2021 3000 :

2142 1863 2379 1934 μάτισαν
2417 1865 2684 1934 θεολόγοι,
2715 1867 2838 1920 οὐδὲ
2861 1868 3068 1920 τούτων
3095 1868 3382 1933 ἀτέλεστος
3427 1870 3642 1940 ἔμεινεν
3680 1875 3710 1925 δ

2139 1957 2300 2024 ἁνήρ.
2339 1955 2502 2008 Ἀλλὰ
2532 1948 2701 2011 ταῦτά
2724 1975 2806 2023 τε,
2833 1960 2929 2011 καὶ
2963 1959 3060 2025 ξύν
3088 1976 3151 2028 γε
3170 1961 3403 2026 τούτοις,
3434 1963 3534 2014 ὅσα
3564 1962 3709 2014 Πλά-

2138 2065 2304 2110 τωνες
2334 2048 2393 2114 ἐξ
2437 2047 2700 2119 Ἀθηνῶν,
2733 2051 2841 2103 κάκ
2869 2051 3050 2120 Σάμου
3088 2053 3405 2124 Πυθαγόραι
3447 2053 3576 2123 παρ’
3613 2054 3656 2104 Α
3683 2082 3709 2092 -

2138 2139 2396 2208 γυπτίους
2433 2142 2790 2210 φοιτήσαντες
2817 2141 3044 2209 ὤναντο,
3090 2144 3183 2198 καὶ
3224 2137 3380 2207 οὗτος
3432 2145 3574 2215 ἀνὴρ
3613 2146 3709 2195 εὐ-

2141 2228 2368 2300 ρώστως
2393 2232 2524 2302 περὶ
2575 2235 2674 2301 τὴν
2708 2233 2968 2304 τοιαύτην
3031 2234 3336 2306 ἐϐάκχευσε
3373 2235 3662 2305 τράπεζαν
3685 2249 3704 2268 ⁸

2137 2324 2373 2393 ἐμέλησε
2403 2325 2448 2376 δ’
2472 2325 2619 2394 αὐτῷ
2643 2327 2733 2378 καὶ
2762 2327 2861 2379 ὅσα
2897 2328 3112 2398 γοήτων
3137 2329 3231 2381 καὶ
3284 2328 3494 2398 μάγων
3518 2331 3699 2397 ἐπιτηο

2134 2413 2383 2468 δεύουσιν
2413 2416 2624 2486 ίῦγγες,
2657 2417 3011 2488 ἐπιτηδεῦσαι
3060 2420 3160 2490 μὲν
3194 2418 3347 2472 οὔπω
3383 2419 3558 2473 ταῦτα
3582 2435 3596 2450 '
3643 2423 3705 2472 τὺ

2131 2504 2189 2557 δὲ
2223 2507 2350 2570 τοὺς
2410 2507 2620 2560 τούτων
2669 2511 2727 2562 ἐν
2784 2512 3118 2583 ἀπορρήτοις
3174 2511 3464 2580 κειμένους
3511 2511 3709 2578 λόγους

2132 2599 2324 2668 ἄκροις
2351 2600 2486 2651 ὠσὶν
2523 2600 2792 2667 ἐπελθεῖν,
2855 2603 3013 2655 τοῦτο
3042 2603 3099 2656 δὲ
3137 2604 3232 2656 καὶ
3269 2605 3525 2674 μαλιστα.
3566 2605 3710 2657 Οὐδὲ

2132 2691 2240 2759 γὰρ
2265 2691 2425 2762 θέμις
2448 2693 2606 2763 ἀνδρί
2637 2711 2699 2762 γε
2732 2693 2884 2766 σοφῷ
2919 2697 3010 2750 καὶ
3043 2697 3331 2766 φιλομαθεῖ
3361 2698 3440 2759 είς
3462 2698 3521 2749 τὸ
3559 2714 3711 2765 παγ-

2135 2857 2357 2924 quidem
2389 2858 2670 2928 magniﬁca
2715 2869 2802 2914 tua
2842 2861 3020 2930 lingua
3045 2869 3103 2915 et
3158 2860 3307 2914 omni
3336 2876 3400 2915 ex
3457 2869 3607 2929 parte
3649 2861 3709 2913 id

2132 2947 2278 3016 quod
2307 2947 2361 3001 in
2386 2949 2639 3005 confesso
2671 2959 2755 3006 est
2783 2953 3084 3020 decerpens
3123 2951 3377 3006 vincendi
3425 2951 3618 3022 gratia,
3649 2961 3714 3005 et

455 3047 718 3112 deinceps
746 3050 801 3095 tu
827 3039 1048 3109 quidem
1079 3037 1210 3090 mihi
1250 3036 1350 3090 soli
1405 3044 1622 3089 tuarum
1669 3038 1735 3088 ad
1802 3034 2030 3088 rationis
2055 3055 2097 3114 (ς
2130 3053 2162 3093 e
2189 3047 2370 3094 mente
2399 3041 2683 3109 sapientia:
2729 3042 2996 3108 studiosa,
3027 3052 3082 3097 et
3115 3058 3181 3098 ex
3229 3041 3539 3098 artiﬁciosa:
3586 3043 3712 3096 elo-

454 3137 729 3192 calculum
761 3131 1111 3191 reducturum
1130 3143 1194 3184 ac
1222 3128 1488 3197 sapientia
1517 3127 1846 3181 refertarum
1879 3141 2026 3197 quae-

456 3233 698 3285 stionum
730 3239 898 3280 onera
923 3237 1197 3292 exponere
1222 3219 1365 3274 haud
1402 3219 1560 3274 valde
1586 3222 1817 3286 vereris,
1847 3233 2028 3288 neque

453 3323 558 3377 hac
582 3321 650 3376 de
676 3334 738 3374 re
765 3317 864 3372 tibi
895 3315 1086 3396 religio
1124 3322 1230 3372 est.
1263 3322 1551 3383 propterea
1605 3311 1752 3382 quod
1816 3311 2024 3366 nullam

452 3416 508 3470 in
540 3413 674 3482 ipsis
711 3409 922 3464 deseris
961 3397 1322 3462 cuutentiosa:
1364 3403 1737 3458 meditationis
1795 3419 2023 3459 excusa-

455 3507 684 3560 tionem.
707 3499 903 3556 Metuis
927 3507 1192 3570 quantum
1225 3496 1288 3551 ad
1321 3495 1663 3550 iracundiam
1706 3504 1908 3549 temere
1931 3509 2024 3550 ac-

451 3593 986 3665 ceduntquerulosa!
1038 3589 1348 3664 opiniones,
1375 3591 1595 3658 quando
1639 3587 1764 3656 quis
1811 3587 2025 3643 radices

452 3689 759 3760 praecidens
791 3701 854 3740 ac
878 3686 1097 3754 stirpes,
1127 3697 1220 3736 eas
1245 3681 1523 3749 abrumpit
1552 3687 1608 3732 et
1648 3694 1882 3733 maerore
1909 3679 2022 3732 alli-

451 3785 528 3837 cit
550 3795 671 3850 quae
701 3779 1024 3850 hymnorum
1049 3773 1284 3844 virgulta
1339 3772 1579 3842 erigunt.
1611 3769 1765 3824 Haud
1822 3771 2022 3840 quippe

448 3870 757 3928 Alexandro
792 3862 1030 3934 Philippi
1070 3863 1182 3916 lilio
1231 3863 1366 3914 citra
1399 3859 1660 3912 invidiam
1693 3866 1752 3911 et
1798 3858 2023 3911 aemula-

449 3967 656 4020 tionem
686 3959 907 4024 mansit,
942 3957 1190 4013 cernenti
1212 3952 1518 4022 Philippum
1544 3949 1753 4005 crebris
1778 3949 2022 4003 victoriis

449 4075 507 4112 Si:
537 4061 714 4125 ipsum
750 4053 1044 4124 jactantcm
1080 4063 1096 4102 :
1137 4046 1231 4101 sed
1280 4047 1426 4100 cnim
1487 4045 1730 4097 animum
1787 4043 2021 4111 despon-

449 4147 651 4212 dcndo,
671 4143 990 4199 bacehicum
1017 4138 1306 4210 quemdam
1337 4151 1642 4190 sermonem
1670 4134 1846 4188 fertur
1874 4133 2019 4202 apud

450 4245 754 4293 coaetaneos
783 4232 1043 4296 edidisse,
1073 4239 1128 4284 et
1168 4237 1228 4282 ut
1261 4229 1331 4280 ita
1361 4226 1536 4279 dicam
1567 4225 1753 4278 furore
1779 4224 2020 4277 numinis

450 4332 669 4398 plenum
699 4345 712 4379 :
748 4331 916 4388 metu,
950 4336 1018 4376 ne
1036 4336 1158 4376 cum
1181 4319 1362 4373 omnia
1389 4326 2015 4388 prmoccupassetpatcr,

2129 3131 2365 3201 quentiae
2394 3133 2579 3203 lepore
2613 3135 2874 3204 impetum
2907 3149 3149 3201 sumens,
3178 3145 3234 3191 et
3261 3135 3364 3190 alia
3409 3135 3569 3189 nobis
3607 3135 3716 3188 ad-

2127 3222 2284 3278 ducit
2348 3224 2417 3278 ad
2467 3225 2770 3281 faciendam
2821 3227 3014 3284 ﬁdem:
3069 3237 3126 3283 et
3173 3228 3301 3298 quia
3358 3242 3470 3281 non
3522 3241 3714 3296 operae

2127 3318 2362 3386 pretium
2387 3326 2487 3378 est,
2520 3329 2578 3373 ut
2599 3321 2882 3391 sapientia:
2903 3323 3139 3392 cupidus
3157 3321 3378 3376 auditus
3404 3321 3517 3376 oris
3546 3322 3709 3387 impii

2126 3409 2395 3464 rationem
2453 3410 2673 3477 habeat,
2733 3415 2817 3468 eia
2871 3423 3017 3468 tuam
3078 3413 3247 3468 veluti
3299 3413 3711 3483 comprehensu

2128 3500 2342 3555 facilem
2373 3504 2766 3559 concludamus
2821 3507 3266 3574 postulationem,
3298 3516 3354 3560 et
3382 3507 3616 3574 aliorum
3653 3516 3714 3560 te

2126 3592 2549 3659 interveniente,
2573 3598 2778 3667 quibus
2807 3608 2862 3653 te
2887 3599 3221 3668 amplissima
3254 3597 3708 3652 condonaturuni

2127 3685 2231 3740 hoc
2263 3686 2423 3740 unico
2451 3688 2614 3743 modo
2639 3690 2934 3759 polliceris.

2196 3774 2462 3830 Omnibus
2493 3777 2716 3845 quidem
2744 3789 2891 3834 certe
2916 3779 3034 3834 sine
3063 3779 3232 3836 dubio
3252 3779 3560 3835 confessum
3591 3791 3708 3848 c-t,

2124 3865 2326 3933 quibus
2349 3868 2511 3921 etiam
2543 3883 2871 3939 quocunque
2900 3870 3063 3923 modo
3091 3868 3247 3923 adest
3268 3870 3704 3923 communio-ilio

2125 3957 2684 4014 mentisctscientia:
2733 3959 2942 4030 judicio
2990 3959 3266 4028 pollentis,
3317 3975 3426 4012 non
3480 3957 3704 4012 unicam

2124 4047 2418 4116 quamdam
2467 4047 2752 4118 sapientiae
2819 4047 3058 4118 speciem
3107 4063 3362 4118 magnum
3408 4046 3702 4118 Synesium

2122 4141 2455 4207 exercuisse,
2488 4149 2544 4194 at
2565 4141 2767 4194 nullam
2796 4155 2939 4202 esse,
2973 4155 3135 4210 quam
3168 4154 3273 4193 non
3296 4149 3579 4193 assecotus
3600 4139 3702 4203 sit,

2123 4229 2363 4301 liuieque
2410 4233 2486 4286 rei
2529 4231 2839 4284 mortalium
2888 4232 3159 4284 nemiuem
3223 4230 3699 4284 contradiciuruin

2121 4323 2336 4390 opinor.
2361 4320 2550 4389 Neque
2574 4322 2720 4375 enim
2741 4321 2916 4374 solum
2941 4329 3141 4389 quanta
3167 4332 3249 4374 est
3274 4322 3394 4388 ejus
3416 4322 3467 4370 in
3503 4320 3703 4373 Grmcu

451 4424 650 4478 nullam
677 4418 781 4473 sibi
812 4415 1214 4484 triumphorum
1247 4427 1434 4464 ansam
1474 4418 1529 4464 et
1560 4411 1899 4464 occasionem
1935 4424 2015 4461 re-
2049 4436 2092 4490 ι)
2121 4425 2373 4466 sermone
2402 4412 2602 4465 coloris
2634 4412 2981 4475 varietas,ad
3015 4412 3256 4482 cujusvis
3292 4411 3698 4466 excellentissi-

447 4517 715 4586 liquisset.
747 4509 988 4566 Plurima
1016 4508 1236 4562 silentio
1263 4504 1639 4574 prietermitto.
1669 4501 1771 4556 Sed
1794 4512 2019 4570 propter

447 4608 787 4660 Occasionem
821 4613 982 4671 quam
1023 4612 1169 4650 nunc
1205 4609 1396 4647 rursus
1426 4591 1838 4660 exprompsisti,
1873 4589 2020 4643 vole-

446 4708 568 4753 bam
601 4699 740 4766 ipse,
775 4695 874 4747 hac
907 4691 1193 4744 ambitiosa
1231 4685 1587 4740 contentione
1627 4693 2015 4752 prwterunSs-a,

447 4808 509 4845 ex
545 4790 715 4844 animi
742 4787 847 4841 mei
870 4782 1098 4838 arbitrio
1158 4779 1418 4848 temporis
1461 4777 1755 4848 Opportuni
1804 4789 2016 4829 necnon

446 4887 674 4936 fortuna:
702 4894 834 4933 mea:
868 4876 1116 4946 proditor
1141 4888 1281 4926 esse.
1323 4871 1497 4926 Grave
1527 4869 1674 4923 enim
1701 4875 1784 4920 est
1807 4876 1863 4920 et
1895 4880 2015 4918 mo-

441 4977 808 5034 li-stmn,essc
837 4967 1056 5036 quidem
1113 4964 1475 5020 certaminum
1531 4976 1640 5016 non
1691 4959 2015 5028 ignobilium

443 5081 603 5133 opus,
645 5059 1104 5132 quemadmodum
1136 5066 1192 5112 tu
1223 5058 1388 5134 nosti,
1424 5063 1478 5110 et
1528 5052 1854 5123 quibusdam
1905 5050 2016 5104 elc-

445 5158 694 5223 gantibus
723 5153 857 5206 viris
888 5151 992 5206 tale
1027 5151 1081 5204 in
1138 5150 1376 5202 medium
1434 5145 1787 5216 proposuisti.
1819 5142 2013 5196 Postea

442 5245 588 5315 apud
641 5260 780 5315 quos
841 5242 1018 5298 fastus
1071 5252 1126 5298 ct
1149 5241 1541 5312 cogitationum
1586 5236 1887 5306 petulantia
1933 5236 2017 5289 in-

444 5337 767 5405 tempestive
796 5337 848 5390 in
885 5335 1295 5406 intelligentiam
1323 5331 1665 5403 tyrannidem
1693 5328 1926 5392 obtinet,
1977 5327 2012 5380 ii

367 5425 371 5432 ’
443 5440 610 5485 tutam
654 5429 840 5499 utique
877 5429 1199 5497 sapientiam
1234 5427 1291 5480 in
1355 5422 1647 5493 supercilio
1693 5421 2011 5476 collocatam

439 5524 668 5589 habent,
692 5532 748 5577 et
789 5520 971 5576 omnia
1005 5519 1182 5574 facilia
1206 5527 1368 5588 atque
1395 5515 1645 5587 expedita
1671 5514 1869 5582 linguae
1919 5529 2016 5568 νος

440 5616 712 5669 lub.litate
773 5622 829 5667 et
886 5609 1375 5682 pollicitationibus
1430 5609 1658 5670 faciunt,
1729 5605 2014 5674 quidpiam

441 5713 676 5765 maxime
700 5708 934 5775 ignobile
979 5704 1332 5774 divulgando.
1372 5701 1738 5756 Nihilominus
1764 5703 2009 5768 quando-

2121 4519 2268 4558 mum
2331 4507 2602 4559 fautorem
2674 4506 3118 4560 constituendum
3194 4513 3249 4559 et
3299 4504 3700 4563 exh2benduin,

2118 4613 2308 4649 verum
2349 4598 2513 4650 etiam
2548 4598 2791 4651 omnium
2823 4597 3243 4651 Cbaldaicorum
3302 4598 3697 4664 mysteriorum

2119 4689 2380 4742 sodalem.
2424 4689 2489 4741 Et
2521 4705 2860 4758 qua-cunque
2895 4705 3086 4742 rursus
3117 4704 3146 4742 a
3178 4703 3348 4742 sacris
3408 4688 3701 4754 scriptori-

2120 4781 2224 4834 hus
2264 4780 2459 4849 priscis
2493 4782 2635 4849 apud
2665 4780 2951 4850 Aigyptios
2985 4781 3052 4834 de
3080 4781 3242 4834 rebus
3278 4778 3703 4832 admirabilibus

2117 4870 2244 4925 libri
2276 4887 2338 4925 ac
2365 4873 2606 4942 mysticae
2635 4873 2973 4927 caeremoniae
2993 4871 3459 4941 subsequentibus
3482 4880 3692 4936 tempo

2118 4961 2268 5014 ribus
2307 4961 2669 5025 tradiderunt,
2711 4970 2767 5016 et
2794 4978 3134 5032 quaecurniue
3162 4964 3412 5030 dogmata
3454 4961 3698 5028 Delpho-

2119 5070 2238 5108 rum
2280 5055 2515 5123 lilCOiOgl
2557 5056 3032 5122 prazscripserunt,
3070 5068 3246 5120 neque
3289 5054 3553 5103 remansit
3591 5055 3698 5112 vii,

2115 5147 2246 5215 quin
2272 5146 2357 5198 his
2386 5145 2633 5198 initiatus
2663 5155 2826 5198 esset.
2861 5143 3053 5196 Verum
3079 5155 3131 5194 et
3164 5143 3278 5196 inec
3317 5145 3457 5211 ipsa,
3483 5155 3540 5196 et
3567 5159 3696 5197 cum

2115 5238 2271 5307 ipsis,
2307 5251 2649 5307 quacunque
2678 5237 2829 5289 Plato
2871 5237 2938 5290 ab
2987 5237 3125 5289 urbe
3177 5236 3520 5298 Atheniensi,
3553 5247 3611 5287 et
3668 5257 3698 5283 ιτ

2116 5332 2278 5386 Samo
2308 5330 2638 5400 Pythagoras
2669 5330 2734 5383 ad
2763 5329 3047 5400 [Egypzios
3077 5328 3323 5382 discendi
3356 5328 3534 5397 gratia
3558 5343 3692 5380 ven-

2116 5424 2336 5476 titantcs
2363 5424 2599 5476 assecuti
2626 5434 2754 5475 sunt
2783 5437 2798 5486 ;
2823 5425 2985 5474 etiam
3037 5422 3124 5475 ille
3167 5424 3248 5472 vir
3279 5421 3498 5472 fortiter
3545 5418 3694 5471 circa

2116 5515 2274 5569 talem
2333 5514 2701 5569 debacchatus
2739 5524 2822 5569 est
2871 5530 3134 5574 mensam.
3165 5515 3266 5582 Ipsi
3325 5531 3490 5583 porro
3546 5528 3695 5568 cura:

2113 5607 2216 5661 fuit
2245 5622 2405 5661 nosse
2432 5607 2635 5671 omnia,
2665 5621 2786 5676 qiue
2819 5609 3276 5678 prtestigiatoruni
3315 5620 3368 5660 ct
3408 5624 3688 5676 magorum

2116 5715 2274 5754 voces
2301 5699 2684 5764 instituerunt,
2721 5714 2998 5769 iwnquani
3030 5712 3209 5756 tamen
3262 5703 3363 5755 ista
3418 5716 3686 5765 exercuit,

2104 5907 2128 5924 ο

3611 276 3709 340 ὗξῑ
3781 309 3788 318 ο
