4060 6204
341 277 446 352 ῖῖδ

1217 267 1545 348 seiioua
1595 268 1671 346 IN
1709 266 2094 346 SYNESlUM
2142 260 2240 342 DE
2280 259 2710 343 INSOMNIIS.

3475 276 3578 340 5‘23

339 405 568 474 κόσμιον
596 406 747 457 τουτὶ
773 403 1005 472 θέατρον
1033 400 1127 454 τοῦ
1161 401 1362 464 παντὸς
1411 399 1776 470 ἀνακύψαντι,
1831 398 1909 468 μὴ
1937 400 1985 457 Α
2011 395 2239 448 σοῦτον
2277 394 2465 450 αὑτοῦ
2491 412 2558 465 γε
2586 395 2671 463 μὴ
2733 397 3128 464 σκεψαμένου
3167 397 3231 448 τὸ
3285 397 3583 460 σύνοδον,

341 498 403 550 οὐ
443 498 664 552 πάντων
688 496 1033 566 πραγμάτων
1067 495 1162 548 καὶ
1187 494 1362 569 λόγων
1420 494 1512 547 καὶ
1543 491 1915 562 ἐπιτηδευμά-

340 607 452 643 των
506 591 634 653 τοὺς
678 589 892 655 λόγους,
949 591 1025 650 ώς
1080 587 1302 655 ἐφικτὸν
1368 586 1643 650 ἐξετάζειν
1697 603 1756 637 τε
1819 585 1913 636 καὶ

340 679 672 749 ίχνηλατεῖν,
704 680 798 732 καὶ
826 680 934 731 τῶν
968 678 1068 748 μὲν
1095 677 1339 746 ἔχεσθαι,
1369 676 1477 729 τῶν
1511 677 1556 730 δ’
1583 676 1909 745 ἀπέχεσθαι.

327 769 451 824 ,Καὶ
486 767 648 837 μέχρι
677 769 778 836 μὲν
804 766 1004 834 Ἕλλην
1036 769 1101 836 τῇ
1150 765 1274 835 δόξῃ
1329 767 1615 836 τυγχάνων
1668 763 1757 836 ἦν,
1819 785 1911 836 μι-

340 860 478 928 κροῦ
511 864 727 913 πάντων
760 861 938 930 εἷχετο
959 875 974 890 ο
1025 859 1120 927 ἀφ’
1145 853 1204 912 οῦ
1232 860 1290 912 δὲ
1347 859 1446 927 τὴν
1481 858 1736 928 ἁλμυρὰν
1768 860 1912 910 ἐκεί-

338 969 437 1020 νην
465 954 636 1015 ἀκοὴν
670 953 822 1014 ὅπως
872 951 1004 1004 ποτέ
1051 950 1420 1012 ἀπεκλύσατο,
1485 968 1549 1018 τη
1567 951 1788 1002 ιικαῦτα
1843 949 1908 1016 δὴ

338 1045 436 1097 καὶ
509 1043 622 1096 τῶν
701 1042 972 1096 πλείστων
1040 1043 1337 1112 ἀπέσχετο,
1417 1044 1594 1096 ὁπόσα
1655 1042 1910 1106 ζιζανὶων

337 1137 498 1206 δίκην
527 1135 761 1206 ἠνώχλει
794 1136 856 1188 τὸ
887 1135 1128 1206 καθαρόν
1157 1152 1216 1188 τε
1245 1139 1338 1188 καὶ
1362 1135 1600 1205 εῦσταγυ
1630 1138 1802 1207 λήϊον.

410 1229 569 1298 Γνοίη
598 1229 694 1296 μὲν
726 1224 820 1281 οὖν
872 1229 938 1283 ἄν
988 1245 1072 1290 τις
1108 1229 1213 1292 κάξ
1263 1221 1340 1280 ὧν
1397 1228 1573 1280 ἄλλων
1626 1229 1786 1291 αὐτὸς
1823 1229 1908 1293 γέ-

338 1336 517 1386 γραφε
552 1320 752 1388 βίϐλων
784 1321 880 1373 καὶ
912 1320 1086 1387 λόγων
1111 1335 1126 1352 ο
1161 1322 1316 1388 γνοίη
1363 1318 1405 1372 δ’
1461 1321 1527 1373 ἂν
1593 1319 1795 1388 μᾶλλον
1847 1322 1910 1371 ἐκ

337 1414 490 1468 τοῦδε
519 1413 612 1466 τοῦ
645 1413 804 1481 λόγου
835 1413 904 1467 τά
926 1430 986 1466 τε
1019 1413 1176 1479 ἀλλα,
1226 1414 1324 1466 καὶ
1383 1414 1464 1466 ἐτι
1523 1413 1623 1484 τὴν
1664 1413 1911 1481 πολυμά·

338 1508 492 1560 θειαν
517 1507 613 1561 καὶ
647 1508 932 1578 περίνοιαν
965 1507 1059 1560 τοῦ
1090 1508 1308 1577 ἀνδρὸς,
1344 1508 1442 1561 καὶ
1489 1508 1640 1570 ὅπως
1687 1509 1909 1577 φιλόσο-

339 1618 437 1668 φος
464 1600 618 1670 μὲνὴ
665 1599 926 1667 πρόθεσις
958 1598 1109 1670 αὐτῷ
1136 1600 1438 1670 πανταχοῦ,
1467 1601 1560 1653 καὶ
1600 1596 1731 1670 ἦθος
1745 1601 1909 1666 ἀξιωο

339 1693 574 1761 ματικδν
597 1693 692 1743 καὶ
725 1690 925 1761 σεμνὸν
953 1693 1066 1753 τοῖς
1119 1692 1313 1744 τούτου
1366 1691 1603 1762 χείλεσιν
1653 1692 1904 1745 ἐπανθεῖ·

337 1779 558 1834 πάντων
576 1781 632 1832 δὲ
660 1779 898 1834 ἐνταῦθα
935 1781 1192 1849 μάλιστα,
1237 1781 1334 1834 ἀτε
1389 1782 1487 1836 καὶ
1537 1784 1660 1845 ταῖς
1693 1781 1908 1845 ἀδύτοις

333 1873 447 1926 τῶν
479 1873 841 1943 παγκοσμίων
873 1872 969 1926 καὶ
1002 1873 1140 1944 ὑπὲρ
1177 1872 1340 1941 φύσιν
1381 1874 1662 1940 ἐξετάσεσι
1711 1890 1908 1944 συνορ-

335 1964 621 2032 γιάζοντός
640 1980 702 2015 τε
731 1963 827 2017 καὶ
854 1964 1349 2034 συμὸακχεύοντος,
1405 1965 1500 2017 καὶ
1553 1960 1664 2017 οἷον
1723 1965 1910 2018 ἐνθου-

336 2057 585 2118 σιῶντος,
624 2055 880 2124 καθάπερ
915 2057 966 2109 ot
1023 2055 1341 2125 θεομάντεις
1393 2074 1454 2109 τε
1510 2058 1606 2110 καὶ
1653 2056 1908 2126 φοιϐόλη-

334 2166 487 2203 πτοι.
531 2151 640 2204 Καὶ
673 2150 782 2222 γὰρ
819 2149 907 2202 ἶνα
944 2152 1067 2212 ταῖς
1123 2149 1292 2203 αὐτοῦ
1349 2166 1412 2215 γε
1475 2149 1788 2218 ὁμολογίαις
1833 2147 1908 2212 ab;

336 2242 524 2311 ἔχουσι
553 2242 798 2304 διανοίας
830 2242 925 2294 καὶ
968 2242 1131 2305 αὐτὸς
1159 2240 1412 2295 ἐνταυθοῖ
1432 2242 1748 2310 χρήσωμαι,
1797 2240 1908 2293 δεί-

337 2351 496 2385 κνυσι
533 2334 670 2404 πρὸς
707 2333 807 2402 τὴν
837 2333 1126 2402 φιλόσοφον
1189 2334 1285 2386 καὶ
1339 2333 1663 2386 διδάσκαλον
1735 2332 1910 2385 Ὑπα-

336 2425 484 2487 τίαν,
516 2425 592 2488 ώς
621 2425 715 2478 τοῦ
741 2425 880 2478 Θεοῦ
907 2425 1229 2495 κινήσαντός
1254 2441 1314 2476 τε
1345 2424 1439 2477 καὶ
1466 2423 1906 2490 ἀναγκάσαντος,

342 2519 428 2571 τὸν
466 2519 716 2587 παρόντα
754 2517 987 2585 ἐξέθετο,
1036 2517 1130 2570 καὶ
1177 2516 1344 2579 αὐτὸς
1377 2516 1474 2584 μὲν
1520 2515 1619 2577 τὴν
1666 2515 1910 2585 γραφίδα

347 2611 595 2681 ἔχρησεν,
625 2610 814 2680 ὥσπερ
842 2610 946 2675 ἔξω
975 2609 1269 2678 γενόμενος
1315 2605 1532 2660 ἐαυτοῦ.
1566 2606 1712 2672 Θεὸς
1742 2606 1810 2658 δὲ
1841 2607 1909 2660 τὸ

343 2700 461 2756 πᾶν
521 2700 642 2768 τὴν
699 2701 997 2768 ταχίστην
1051 2697 1458 2767 ἐξείργασται,
1495 2696 1697 2764 ,λόγων
1735 2696 1911 2749 αὺτο-

339 2792 602 2861 σχεδιων
628 2794 939 2862 ἀφθόνους
969 2793 1169 2862 πηγὰς
1202 2789 1587 2857 ὑποϐάλλων,
1624 2792 1783 2860 παρὰ
1811 2807 1907 2844 το-

339 2970 432 3024 sed
452 2983 642 3024 earnm
662 2983 845 3024 rerum
875 2968 929 3022 in
958 2968 1174 3024 arcanis
1227 2965 1614 3023 delitescentes
1666 2966 1908 3020 rationes

2016 484 2153 553 παρ’
2183 483 2334 538 ὅσον
2363 483 2462 536 καὶ
2487 484 2749 551 ὕστερον
2776 485 3252 551 ἐπιμόντὰαύτὸν,
3291 487 3372 552 ὡς
3403 490 3587 554 αὑτός

2014 577 2082 644 γέ
2115 592 2328 645 φησιν.
2384 576 2558 630 ἐστιν
2605 571 2697 642 οἷς
2751 575 2870 630 τῶν
2942 577 3135 645 μερῶν
3181 578 3247 644 ἐς
3291 579 3588 633 πλεῖστον

2013 669 2266 736 ἀπόροις
2323 668 2693 736 χρήσασθαι,
2755 669 2876 722 τῶν
2943 670 3275 739 ἀλλοτρίως
3320 671 3589 741 ἐχόντων

2013 761 2338 815 ἀπεοικότα
2361 761 2556 829 μηδὲν
2578 764 2668 826 εἰς
2692 761 2760 816 τὸ
2816 763 2975 817 lator
3039 765 3422 834 cum-palma.
3479 766 3588 818 Καὶ

2013 851 2175 920 δῆλον
2198 850 2493 905 κάντεῦθεν
2526 851 2695 904 τουτί.
2741 852 2848 904 Καὶ
2877 852 2986 924 γὰρ
3015 853 3116 922 τῆς
3171 853 3265 905 τοῦ
3315 857 3584 924 παρόντος

2013 945 2177 1009 λόγου
2210 943 2452 1005 διανοίας
2487 943 2715 1014 ὑψηλοῖς
2742 961 2800 996 τε
2849 945 2945 998 κο.)⁸
2998 946 3266 1015 αἰθερίοις
3314 965 3585 1017 φρουρου-

2017 1037 2187 1105 μένης
2215 1037 2328 1098 τοῖς
2368 1035 2802 1104 ἐνθουσιασμοῖς,
2845 1036 2942 1089 καὶ
2998 1037 3142 1090 οὕτω
3203 1038 3583 1109 θεολογούσης.

2013 1128 2130 1181 δέον
2151 1129 2249 1198 τὴν
2280 1128 2410 1196 γοῦν
2435 1129 2542 1181 ἀπὸ
2573 1130 2671 1191 τῆς
2702 1129 2903 1195 λέξεως
2961 1130 3118 1199 ἄγειν
3167 1131 3431 1203 γαλήνην,
3490 1137 3585 1185 καὶ

2015 1221 2089 1290 μὴ
2153 1221 2230 1288 τῷ
2283 1221 2490 1287 ταύτης
2547 1220 2706 1289 ἀήθει
2767 1222 3050 1292 συγκυκᾷν
3101 1223 3194 1277 τὸν
3263 1225 3583 1292 ἐγκείμενον

2011 1313 2156 1375 νοῦν,
2181 1313 2278 1364 καὶ
2307 1312 2544 1382 ζημιοῦν
2575 1313 2683 1367 τῶν
2731 1313 3035 1381 φιλολόγων
3082 1316 3264 1368 ἀκοῶν
3311 1316 3409 1388 τὴν
3467 1318 3585 1385 λιχο

2010 1405 2158 1457 νείαν
2181 1421 2194 1436 ·
2227 1405 2303 1472 τῷ
2329 1405 2386 1457 δέ
2433 1405 2542 1458 οὐδ’
2574 1407 2606 1477 ἠ
2659 1405 2804 1470 λέξις
2863 1407 3296 1476 ἀχρησμῲδητος
3339 1409 3583 1478 ἔμεινεν,

2010 1496 2131 1549 οὐδὲ
2159 1497 2606 1566 φλεγμαινούσης
2661 1497 2806 1551 οὕτω
2858 1499 3099 1561 διανοίας
3147 1500 3311 1565 ὄγκον
3369 1501 3585 1566 εἰλήφει

2011 1586 2210 1657 σχολὴν
2263 1587 2526 1658 μειδιώσῃ
2579 1589 2802 1661 γλώσσῃ
2876 1589 3401 1661 παραμυθήσασθαι,
3451 1591 3587 1644 ἀ).λά

2020 1679 2084 1746 τῇ
2123 1677 2384 1747 συνηθείᾳ
2415 1676 2692 1730 κάνταῦθα
2725 1679 3021 1748 ἐχρήσατο.
3053 1680 3163 1750 Τῆς
3194 1681 3303 1748 γάρ
3352 1698 3433 1734 τοι
3485 1683 3587 1751 φύ-

2010 1785 2148 1831 σεως
2191 1767 2398 1838 πολλὴν
2419 1768 2586 1820 αὐτοῦ
2622 1771 2686 1838 τῇ
2720 1769 2936 1841 γλώττῃ
2965 1772 3361 1840 χορηγησάσης
3401 1774 3473 1836 ὡς
3523 1775 3583 1838 ἐξ

2009 1861 2324 1929 αὐτομάτου
2359 1859 2668 1929 πηγῆςτὴν
2718 1861 2974 1915 εὐκολίαν
3009 1863 3105 1915 καὶ
3152 1865 3481 1933 ἀστειὸτητα
3503 1884 3516 1898 -
3554 1869 3582 1916 ὁ

2007 1953 2064 2007 δὲ
2096 1951 2400 2017 ξενίζουσιν
2437 1951 2550 2006 ἔσθ’
2577 1953 2682 2022 ὅπη
2736 1953 2834 2006 καὶ
2867 1935 3178 2024 ῦπερορίοις
3209 1955 3365 2024 ῆθεσί
3394 1973 3453 2008 τε
3489 1960 3584 2012 καὶ

2009 2043 2185 2108 λέξεσι
2217 2045 2500 2113 χρώμενος
2527 2044 2755 2114 πλήττει
2785 2044 2886 2115 τὴν
2917 2045 3110 2115 ἀκοὴν,
3143 2047 3238 2098 καὶ
3263 2043 3374 2101 οἷον
3405 2049 3583 2118 ἀμύσο

2011 2153 2094 2189 σει
2123 2139 2219 2192 καὶ
2249 2135 2447 2199 κνίζει,
2469 2136 2727 2206 καθάπερ
2755 2138 2854 2207 τὴν
2890 2137 3000 2190 τῶν
3032 2137 3366 2208 τρυγώντων
3408 2143 3585 2194 παλά-

2013 2245 2123 2298 μην
2154 2230 2185 2298 ή
2215 2229 2343 2300 περὶ
2375 2230 2437 2281 τὸ
2478 2227 2634 2299 ῥόδον
2663 2227 2904 2282 ἄκανθα.
2952 2227 3104 2282 Φιλεῖ
3137 2231 3247 2299 γάρ
3298 2233 3435 2291 τοῖς,
3469 2233 3583 2284 ὅσοι

2008 2319 2300 2388 διαφόρους
2327 2321 2452 2382 τοὺς
2481 2319 2681 2383 τόπους
2727 2319 2970 2373 οἰκοῦσιν
2998 2319 3302 2392 ἅνθρωποι,
3361 2322 3587 2393 ἱδιοτρο-

2010 2410 2110 2464 πία
2139 2413 2283 2475 sivi;
2311 2411 2476 2480 ἤθους
2496 2410 2613 2481 ἅμα
2651 2411 2746 2464 καὶ
2777 2410 3041 2482 γλώττης,
3081 2413 3336 2482 καθάπερ
3370 2429 3420 2466 τι
3444 2415 3583 2482 σύμ-

2013 2520 2184 2572 φυτον
2216 2503 2387 2566 πάθος
2411 2502 2746 2570 ἀκολουθεῖν,
2778 2505 3070 2560 κάντεῦθεν
3103 2507 3445 2576 συμϐαίνειν.
3478 2510 3586 2560 Καὶ

2010 2597 2172 2660 εἴτις
2193 2597 2404 2650 ἐκεῖθεν
2455 2596 2594 2666 πρὸς
2623 2596 3011 2658 ἀττικίζουσαν
3041 2599 3212 2670 ἀκοὴν
3270 2601 3586 2668 ἀφικνεῖται

2012 2687 2231 2758 γραφὴ,
2264 2687 2512 2742 τοιούτου
2550 2689 2696 2750 τινὸς
2728 2690 3080 2760 χαρακτῆρος
3133 2693 3442 2758 ἐπάγεσθαι
3491 2694 3586 2748 θά-

2012 2781 2243 2838 λασσαν.
2286 2781 2617 2852 Πτολεμαΐδι
2647 2782 2756 2852 γὰρ
2784 2783 2879 2836 καὶ
2915 2784 3315 2856 Ἀλεξανδρείᾳ,
3363 2787 3456 2839 καὶ
3509 2785 3588 2856 τῷ

2011 2961 2103 3026 rit,
2153 2971 2210 3016 et
2256 2961 2374 3032 ipse
2421 2961 2644 3032 quidem
2705 2963 2902 3033 stylum
2965 2965 3380 3028 abommodarlt,
3429 2971 3588 3036 quasi

337 3063 600 3116 extremis
642 3061 867 3116 auribus
886 3045 1240 3131 percurrisse,
1275 3059 1418 3114 istud
1478 3059 1712 3112 maxime
1751 3073 1913 3112 cura-
1941 3068 1983 3126 ς
2014 3063 2167 3110 extra
2191 3070 2250 3110 se
2272 3056 2452 3126 ipsum
2473 3055 2848 3124 factus.:Deus
2874 3072 3032 3126 porro
3055 3067 3224 3111 totum
3271 3059 3406 3113 illud
3428 3077 3588 3131 quam

338 3155 436 3208 vit.
466 3153 619 3208 llaud
640 3153 844 3223 quippe
873 3154 956 3207 fas
988 3161 1074 3207 est
1105 3153 1228 3206 viro
1275 3151 1511 3222 sapienti
1544 3168 1606 3206 ae
1658 3152 1911 3208 discendi

336 3244 540 3314 cupido
573 3244 626 3298 in
667 3245 771 3298 hoc
793 3244 942 3298 omni
982 3258 1048 3298 ex
1073 3252 1228 3313 parte
1253 3253 1506 3297 ornatum
1537 3244 1728 3296 mundi
1763 3245 1913 3298 thea-

337 3344 483 3388 trum
503 3335 694 3389 oculos
721 3333 986 3399 ﬂectenti,
1019 3333 1153 3402 quin
1187 3332 1432 3386 omnium
1465 3347 1647 3387 rerum
1697 3349 1910 3387 sermo-

338 3443 486 3489 nem,
513 3436 572 3482 et
595 3427 974 3481 institutorum
1005 3425 1268 3488 rationes,
1303 3435 1568 3494 quantum
1623 3425 1793 3486 datur.
1827 3440 1914 3479 εε-

337 3519 520 3589 sequi,
567 3520 813 3589 exploret
843 3525 902 3572 et
953 3517 1270 3588 investiget,
1323 3526 1383 3570 ut
1435 3517 1521 3572 his
1560 3515 1794 3578 insistat,
1842 3517 1910 3570 ab

339 3612 462 3667 aliis
505 3627 640 3665 vero
691 3626 750 3666 se
806 3610 1097 3665 abstineat.
1148 3611 1215 3664 Et
1263 3609 1442 3680 quoad
1496 3608 1717 3663 Graecus
1770 3617 1908 3670 erat,

339 3705 524 3757 animo
580 3701 752 3756 ferme
812 3701 997 3755 omnia
1051 3700 1537 3769 complectebatur.
1587 3697 1692 3754 Sed
1749 3698 1911 3752 simul

339 3804 502 3861 atque
523 3807 771 3845 amarum
801 3790 953 3844 illum
982 3790 1228 3845 auditum
1273 3800 1551 3857 utcunque
1577 3788 1768 3852 abluit,
1798 3797 1909 3841 tum

340 3887 562 3937 demum
589 3899 723 3938 sane
747 3884 912 3938 etiam
947 3899 976 3936 a
1033 3882 1284 3952 pluribus
1311 3897 1370 3936 se
1421 3880 1727 3934 abstinuit:
1759 3897 1910 3949 qna:-

340 3991 560 4045 cunque
582 3975 758 4030 instar
780 3976 1034 4029 loliurmn
1067 3975 1370 4028 molestiam
1420 3972 1755 4028 exhibebant
1797 3974 1912 4027 sin-

344 4071 482 4124 ceris
500 4079 670 4137 atque
702 4067 874 4122 ﬁrmis
902 4067 1205 4136 segetibus.

408 4165 683 4220 Czeterum
717 4163 932 4217 noverit
963 4161 1235 4231 quispiam
1278 4170 1335 4215 et
1357 4175 1424 4216 ex
1451 4158 1593 4223 aliis,
1623 4173 1762 4228 quos
1795 4158 1911 4229 ipse

342 4257 583 4325 scripsit,
615 4255 772 4309 libris
808 4253 1246 4318 etorationihns,
1297 4254 1512 4306 noverit
1543 4262 1721 4306 autem
1765 4267 1914 4306 com-

339 4347 560 4401 inodius
593 4361 661 4399 ex
686 4346 787 4398 hac
815 4343 1062 4398 oratione
1094 4352 1149 4396 et
1178 4343 1281 4396 alia
1315 4352 1372 4396 et
1427 4352 1692 4411 praeterea
1721 4342 1909 4396 multi-

340 4439 538 4507 plicem
561 4438 925 4491 eruditionem
954 4451 1016 4488 ac
1052 4435 1328 4488 solertiam
1359 4435 1482 4498 viri,
1513 4445 1567 4488 et
1603 4445 1661 4488 ut
1685 4435 1914 4488 intentio

341 4530 564 4598 quidem
586 4529 963 4598 philosophica
985 4529 1036 4580 in
1079 4527 1196 4596 ipso
1233 4528 1456 4595 ubique,
1483 4537 1540 4580 et
1571 4526 1782 4580 indoles
1827 4542 1918 4580 vc-

344 4623 586 4675 peranda
619 4637 681 4674 ac
710 4619 993 4688 splendida
1028 4620 1080 4672 in
1117 4618 1238 4689 ejus
1273 4619 1433 4671 labiis
1466 4617 1775 4671 etllorescit.
1809 4618 1915 4672 Sed

342 4715 431 4770 hic
464 4717 517 4768 in
551 4714 762 4783 primis,
801 4721 990 4780 utpote.
1019 4712 1183 4765 etiam
1214 4711 1266 4763 in
1300 4710 1698 4764 secretioribus
1734 4725 1916 4763 rerum

340 4807 815 4860 ornatissimarum
847 4816 904 4858 et
953 4820 1116 4873 supra
1181 4811 1427 4856 naturam
1487 4801 1783 4870 positarum
1823 4818 1917 4855 ex-

339 4898 712 4965 plorantihus,
746 4895 1101 4948 cmremonias
1129 4909 1250 4945 cum
1306 4902 1551 4962 peragat,
1576 4905 1738 4960 atque
1770 4892 1914 4945 divi-

343 5007 412 5044 uo
449 4993 638 5044 furore
668 4990 901 5049 amatus.
931 5002 996 5040 ac
1030 4986 1190 5038 veluti
1229 4987 1450 5039 numine
1478 4986 1786 5038 concitatus
1815 4985 1911 5051 sit,

344 5082 802 5150 quemadmodum
857 5087 1007 5132 vates
1054 5077 1223 5131 divini
1282 5088 1338 5130 et
1400 5077 1591 5131 PlKBbl
1655 5078 1912 5132 raticinio

343 5169 604 5238 correpti.
676 5168 890 5220 Etenim
944 5175 1004 5220 ut
1068 5167 1242 5235 ipsius
1299 5167 1514 5220 interim
1572 5168 1911 5236 professione

348 5275 508 5330 prout
538 5265 590 5314 in
617 5276 678 5314 ea
709 5276 766 5315 se
795 5261 1153 5324 habetmens,
1179 5260 1342 5313 etiam
1373 5273 1474 5327 ego
1507 5263 1559 5312 in
1625 5261 1913 5328 praesentia

347 5367 493 5420 utar,
548 5355 754 5406 indicat
771 5353 837 5406 ad
866 5352 1148 5422 sapientia:
1191 5352 1489 5406 studiosam
1515 5361 1570 5405 et
1601 5352 1916 5422 magistram

352 5447 634 5517 Hypatiam
661 5447 760 5516 (l),
790 5457 846 5499 ut
882 5455 1136 5513 tanquam
1189 5444 1299 5498 Deo
1343 5444 1461 5513 ejus
1489 5445 1732 5498 animum
1788 5447 1922 5498 inci-

351 5553 500 5593 tante
531 5549 696 5609 atque
718 5548 970 5608 cogente,
1009 5548 1329 5607 praesirntem
1385 5552 1696 5591 sermonem
1735 5541 1922 5595 edide-

420 5697 498 5767 (Ι)
544 5695 677 5751 Vide
703 5696 955 5752 eumdem
990 5703 1194 5748 tomum
1228 5694 1406 5758 LXVI,
1443 5695 1544 5748 cui.
1588 5696 1741 5751 liiij'l.

2015 3150 2254 3203 ocissime
2287 3149 2584 3204 construxit
2609 3165 2672 3203 ac
2695 3150 2906 3202 molitus
2937 3158 3033 3214 est,
3091 3156 3362 3204 verborum
3410 3155 3592 3222 efﬁcit-

2013 3243 2151 3296 cium
2180 3251 2230 3296 et
2257 3242 2312 3296 in
2341 3249 2588 3311 promptu
2619 3241 2907 3311 positorum
2961 3252 3592 3314 extemporaneorumqne

2014 3333 2179 3404 fontes
2207 3333 2472 3403 afﬂuentes
2502 3341 2552 3387 et
2595 3334 2886 3386 uberrimos
2909 3348 3212 3403 suggerens,
3246 3343 3295 3386 et
3338 3349 3427 3388 ore
3462 3353 3586 3405 pro-

2016 3442 2197 3481 mens:
2223 3433 2270 3479 et
2303 3434 2511 3480 tantum
2539 3426 2702 3494 abfuit
2731 3435 2788 3478 ut
2818 3427 2930 3494 ipse
2955 3424 3204 3494 Synesius
3249 3427 3346 3479 hoc
3377 3431 3588 3480 univer-

2013 3535 2130 3573 sum
2157 3521 2524 3584 meditaretur,
2554 3527 2812 3588 quatenus
2841 3518 3000 3572 etiam
3032 3525 3213 3586 postea
3265 3535 3588 3590 consequens

2014 3621 2063 3664 et
2097 3614 2338 3681 futurum
2373 3620 2600 3682 tempus,
2629 3620 2686 3663 ut
2717 3612 2828 3680 ipse
2874 3611 2972 3675 ait,
2997 3625 3052 3664 se
3079 3613 3344 3664 nonnullis
3374 3623 3429 3664 ut
3475 3612 3591 3678 plu-

2014 3704 2205 3756 rimum
2229 3702 2591 3756 occultissimis
2623 3718 2684 3755 ac
2726 3705 2940 3756 inventu
2981 3702 3312 3771 difﬁcillimis
3348 3706 3589 3770 partibus

2012 3810 2165 3848 usum
2189 3809 2326 3858 esse,
2354 3795 2699 3862 discrepando
2720 3811 2876 3864 seque
2909 3795 3220 3848 abstinendo
3250 3794 3314 3847 ab
3367 3795 3432 3847 iis
3471 3811 3590 3864 qum

2015 3886 2264 3949 absurda,
2291 3885 2421 3939 etab
2462 3886 2704 3940 instituto
2762 3885 2940 3939 aliena
2970 3895 3115 3952 sunt,
3159 3885 3292 3939 nihil
3334 3887 3390 3939 in
3434 3902 3588 3940 suum

2017 3977 2206 4030 librum
2238 3977 2494 4031 retulisse.
2527 3978 2664 4032 llinc
2701 3977 2867 4032 etiam
2899 3977 3042 4031 istud
3081 3979 3432 4034 manifestum
3483 3988 3586 4033 est.

2016 4070 2224 4124 Etenim
2252 4084 2372 4122 cum
2404 4069 2688 4138 prcesentis
2735 4079 3002 4124 tractatus
3053 4071 3322 4126 sententia
3368 4071 3588 4126 sublimi

2015 4178 2079 4216 ac
2097 4163 2337 4216 aztltereo
2360 4161 2532 4216 divini
2561 4162 2770 4216 alllatns
2790 4163 3046 4232 praesidio
3076 4173 3230 4233 septa
3264 4165 3589 4234 munitaque

2015 4251 2106 4317 sit,
2138 4261 2190 4305 et
2212 4269 2383 4322 usque
2407 4253 2541 4307 adeo
2567 4254 2873 4323 theologica
2897 4255 3276 4323 speculatione
3299 4257 3588 4319 edisserat,

2015 4355 2384 4413 opportunum
2425 4343 2661 4398 subinde
2687 4344 2850 4398 fuerit
2889 4361 2918 4399 a
2949 4345 3193 4400 dictione
3221 4345 3588 4414 tranquillita-

2019 4444 2127 4490 tem
2167 4435 2388 4496 elicere,
2425 4450 2487 4488 ac
2521 4436 2747 4490 minime
2793 4437 3040 4506 ejusdem
3081 4436 3387 4489 insolentia:
3438 4439 3592 4489 novi~

2016 4527 2223 4593 latique
2268 4526 2716 4579 inltmrescentem
2753 4541 2972 4580 sensum
3031 4525 3393 4588 confundere,
3429 4535 3593 4594 atque

2017 4619 2281 4672 mulctare
2315 4617 2646 4686 eloquentia:
2677 4626 2731 4671 et
2782 4616 3264 4671 sermocinationis
3322 4621 3595 4671 studiosa-

2018 4726 2138 4764 rum
2171 4709 2386 4764 aurium
2423 4708 2761 4762 aviditatem.
2791 4708 2928 4762 lluic
2959 4724 3127 4778 porro
3183 4724 3363 4777 neque
3426 4709 3595 4762 dictio

2019 4819 2046 4857 ιι
2079 4802 2407 4858 vaticinandi
2457 4801 2690 4855 artiﬁcio
2726 4811 2782 4854 et
2827 4803 3049 4854 oraculo
3099 4803 3273 4856 aliena
3316 4804 3594 4866 remansit,

2021 4907 2200 4962 neque
2235 4894 2306 4946 ita
2341 4894 2738 4947 intumescente
2772 4893 3047 4947 sententia
3095 4903 3322 4963 propter
3373 4895 3592 4953 fastum.

2019 4988 2190 5040 otium
2231 4983 2557 5038 admonendi
2615 4983 2934 5037 subridente
2994 4984 3174 5052 lingua
3230 4984 3457 5051 accepit,
3500 4987 3594 5036 sed

2020 5078 2387 5133 familiaritate
2420 5078 2504 5130 hic
2539 5092 2759 5147 quoque
2789 5093 2922 5131 usus
2967 5086 3074 5143 est,
3101 5093 3294 5131 natura
3341 5077 3598 5130 videlicet

2014 5175 2133 5244 ejus
2164 5171 2360 5240 linguae
2395 5180 2652 5235 tanquam
2691 5186 2786 5224 sua
2821 5182 3014 5238 sponte
3055 5169 3277 5224 liuentis
3306 5169 3474 5223 fontis
3523 5172 3598 5222 I'a‘

2013 5265 2277 5318 cilitatem
2330 5271 2384 5315 et
2419 5261 2789 5315 urbanitatem
2824 5261 3235 5330 suppeditante.
3265 5262 3356 5315 Ille
3413 5271 3596 5315 autem

2017 5355 2318 5426 peregrinis
2351 5362 2626 5422 utcunque
2683 5361 2738 5407 et
2785 5355 3029 5409 externis
3076 5353 3320 5407 moribus
3354 5369 3417 5407 ac
3448 5354 3598 5406 reci-

2017 5449 2120 5501 bus
2149 5456 2306 5500 utens
2338 5445 2584 5513 percellit
2630 5446 2900 5509 auditum,
2929 5461 2992 5499 ac
3036 5446 3209 5499 veluti
3272 5444 3484 5513 pnngit,
3542 5450 3599 5494 et

2024 5542 2234 5611 pruritu
2273 5538 2456 5604 allicit,
2483 5549 2541 5591 ut
2578 5538 3027 5592 vindemiantinm
3063 5539 3295 5608 palmam
3322 5536 3414 5604 qui
3450 5537 3596 5586 circa
