4060 6204
479 329 585 400 εγετ

1683 305 2114 396 Nicnpnoni
2152 328 2544 395 cannon/2

3636 331 3744 393 5‘28

478 455 754 518 κρείττονι
778 447 875 518 τῆς
908 446 1117 516 Λιῦὐης
1147 444 1593 515 ἐνδιαιτώμενος,
1627 445 1916 518 πόρρωθεν
1950 445 2052 514 μὲν
2081 451 2124 507 Α
2154 445 2414 517 φέρονται
2447 447 2562 509 τοῖς
2592 444 2798 509 αὐτοῖς,
2830 444 2948 498 ἀλλ’
2970 445 3045 507 ώς
3075 441 3302 498 ἔκαστοι
3342 442 3563 514 τύχοιεν
3603 443 3746 510 γνώ-

476 540 756 611 ώμίλησεν
785 541 900 592 ὅσοι
926 539 1095 602 Στοᾶς
1129 539 1224 590 καὶ
1257 537 1591 606 Ἀκαδημίας
1614 531 1754 606 ἦσαν
1773 534 2053 606 ὁμιληταί·

477 635 643 697 αὐτός
675 650 740 702 γε
765 631 872 703 μὴν
897 632 956 685 οὐ
996 632 1106 702 μήν
1138 648 1226 683 πω
1263 631 1536 701 αὐτήκοος
1594 628 1802 682 τούτων
1859 628 2059 700 ὁμιλη-

477 729 578 797 τὴς
610 728 880 795 ἐγεγόνει,
909 727 1006 780 καὶ
1025 723 1114 778 διὰ
1149 723 1310 777 τοῦτο
1340 722 1529 794 ὥσπερ
1561 723 1659 784 τὰς
1688 721 1787 791 μὲν
1837 721 2060 786 ἐδέξατο

478 819 592 871 τῶν
621 819 836 872 ἐκεῖθεν
891 815 1084 882 δοξῶν,
1132 816 1230 875 τὰς
1265 815 1312 869 δ’
1375 816 1728 884 ἀπηνήνατο·
1762 813 1906 867 οὕτω
1965 815 2060 867 καὶ

479 914 577 976 τὰς
615 911 716 981 μὲν
745 911 990 980 ἐζήλωσε
1022 908 1134 963 τῶν
1163 908 1378 962 ἐκεῖθεν
1426 908 1714 976 γλωσσῶν,
1749 909 1850 970 τὰς
1878 906 1925 960 δ’
1972 907 2057 963 οὗ.

480 1003 649 1059 Ὅθεν
699 1001 1178 1071 αὑτοκρατορικῆς
1227 1014 1287 1051 τε
1351 998 1450 1050 καὶ
1511 996 1850 1067 ἡγεμονικῆς
1912 1013 2059 1060 τινος

478 1095 696 1164 ἐξουσίᾳ
725 1095 939 1163 φύσεω;
969 1089 1280 1162 χρώμενος,
1319 1089 1419 1161 τὴν
1440 1088 1653 1142 οἰκείαν
1685 1088 1930 1154 έϐἀδισε,
1970 1105 2060 1156 μι-

477 1187 586 1256 κρὰ
647 1187 757 1239 τῶν
802 1184 1239 1253 ἐντυγχανόντων
1294 1180 1622 1252 φροντίζων.
1689 1181 1751 1234 Et
1787 1179 1920 1249 γοῦν
1975 1196 2059 1243 τις

477 1279 632 1334 τουτὶ
657 1279 936 1348 δήπουθεν
988 1277 1165 1330 αῐτιον
1194 1270 1332 1330 εῖναι
1366 1273 1484 1344 θείη
1535 1272 1750 1328 καὶτοῦ
1799 1273 1891 1325 τὸν
1922 1287 2061 1340 παρ-

477 1373 611 1426 όντα
661 1369 823 1438 λόγον
851 1369 1206 1424 δυσείκαστον
1249 1365 1538 1436 γίγνεσθαι
1600 1365 1680 1434 τῷ
1732 1381 1795 1433 γε
1848 1363 2058 1416 πλείονι

481 1465 661 1534 μέρει,
698 1462 794 1516 καὶ
832 1456 946 1515 οἷον
971 1458 1374 1530 αἰνιγματώδη,
1402 1459 1464 1511 οὐ
1496 1456 1689 1529 πόρρω
1739 1473 1842 1509 που
1875 1455 2059 1526 τρέχει

478 1557 545 1612 ἂν
574 1555 670 1608 τοῦ
709 1555 1108 1624 προσήκοντος.
1141 1550 1287 1614 Νοῦς
1315 1551 1425 1620 γὰρ
1451 1547 1595 1610 οὕτω
1635 1565 1720 1601 τοι
1764 1545 2054 1617 ἐμϐριθὴς,

479 1649 576 1702 καὶ
597 1648 779 1714 πάσης
809 1643 1105 1714 μαθήσεως
1151 1645 1250 1696 καὶ
1307 1640 1500 1710 σοφίας
1543 1638 1908 1709 συμφόρημα,
1945 1653 2060 1690 τοι·

479 1740 620 1810 αὐτη
671 1737 888 1808 γλώττῃ
943 1734 1322 1804 συνυφανοεὶς,
1375 1732 1576 1804 πολλὴν
1639 1733 1708 1786 ἂν
1767 1731 2056 1798 ἐπενέγκοι

479 1795 655 1886 νύκτα
683 1795 742 1882 τε
777 1795 888 1882 καί.
912 1795 1254 1898 κατήφειαν,
1358 1842 1442 1890 τις
1487 1795 1824 1896 φιλοκρινεῖν
1853 1795 1953 1876 τὸν
1977 1821 2064 1876 έν-
2091 1795 2135 1857 Β

478 1925 571 1979 δον
623 1921 1073 1992 θαλαμευόμενον
1113 1919 1395 1988 ἐθελήσειε
1461 1916 1629 1970 νοῦν·
1687 1916 1764 1979 ώς
1817 1915 2069 1982 ἀνάγκην

482 2008 626 2070 εῖναι
654 2015 763 2085 ὅτῳ
791 2013 1006 2066 τουτονὶ
1063 2010 1201 2082 πρὸς
1239 2010 1549 2080 βουλήσεως
1598 2008 1666 2063 ἂν
1763 2008 1856 2060 τὸν
1908 2007 2067 2075 λόγον

482 2106 826 2179 ἐξηγεῖσθαι,
874 2105 951 2177 μὴ
1013 2105 1176 2176 μόνον
1207 2101 1701 2174 προμετεσχηκότα
1753 2101 1848 2153 καὶ
1904 2099 2069 2152 αὐτὸν

480 2203 778 2272 τυγχάνειν
801 2194 878 2253 ῶν
906 2199 1127 2252 πάντων
1150 2196 1186 2250 ἃ
1215 2196 1475 2260 διέξεισιν
1498 2197 1707 2257 ἐκεῖνος
1731 2194 1933 2263 ’ἡρανίσ
1944 2207 2064 2256 ατο,

483 2295 747 2348 ἀλλὰκαὶ
801 2288 1395 2362 μετασχηματίζεσθαι
1443 2288 1703 2342 δύνασθαι
1755 2287 1893 2356 πρὸς
1929 2301 2070 2337 πανς

484 2386 633 2448 τοίας
664 2383 846 2449 δόξας,
872 2383 968 2436 καὶ
992 2381 1062 2434 τὰ
1089 2379 1320 2434 πλεῖστα
1369 2380 1469 2450 τῆς
1535 2381 1818 2448 ἡμετέρας
1873 2392 2069 2446 στερο-

485 2478 713 2544 φύλους,
747 2476 845 2528 καὶ
872 2475 1040 2528 οἱονεὶ
1074 2471 1666 2544 μεταχρωματίζεσοαι
1729 2471 1863 2541 πρ’ς
1909 2466 2066 2532 ἐξαλ-

485 2570 750 2624 λάττοντα
779 2565 1066 2636 χρώματα,
1097 2564 1241 2617 κατά
1282 2562 1373 2615 τὸν
1404 2563 1606 2632 Φὰρυον
1664 2561 1876 2613 ἐκεῖνον
1908 2559 2063 2628 ΙΙρωο

486 2661 606 2717 τέσ..
636 2657 714 2716 Οὐ
736 2659 846 2730 γὰρ
873 2656 984 2712 ἀπὸ
1011 2657 1109 2727 τῆς
1137 2655 1310 2725 αὐτῆς
1347 2655 1589 2717 ἆπαντες
1619 2653 1846 2724 γνώμης
1881 2665 2061 2719 προσ-

489 2837 667 2880 rosam
697 2829 781 2878 est
801 2819 1026 2877 aculeus
1055 2827 1152 2872 aut
1185 2816 1364 2888 spina.
1399 2815 1552 2871 Solet
1618 2815 1764 2868 enim
1799 2811 2068 2874 homines,

488 2921 583 2988 qui
638 2918 930 2973 distinctos
968 2914 1121 2968 locos
1177 2905 1796 2976 incolunt,~peculiaris
1841 2901 2073 2958 mutatio

488 3012 777 3082 cujusdam
827 3002 1246 3062 consuetudinis
1302 3000 1467 3056 simul
1528 3008 1586 3054 et
1645 2999 1870 3067 linguae,
1925 2993 2072 3050 haud

487 3115 651 3158 secus
677 3109 843 3168 atque
861 3096 1082 3166 quidam
1107 3093 1305 3148 insitus
1331 3088 1775 3155 animiali‘ectus,
1793 3085 2070 3152 comitari,

489 3149 1025 3248 ille
1054 3186 1098 3242 si
1127 3184 1379 3256 quaedam
1408 3183 1572 3238 istinc
1597 3181 1665 3236 ad
1691 3149 1942 3236 auditum
1976 3149 2074 3236 Αιέ
2100 3149 2144 3208 c

493 3285 600 3338 tico
633 3293 885 3338 sermone
918 3277 1210 3334 delinitum
1241 3273 1494 3346 pervenit
1538 3272 1950 3338 commentatio,
1975 3286 2072 3327 cu-

487 3373 703 3446 jusdam
741 3371 866 3427 talis
896 3369 1117 3441 generis
1149 3366 1368 3424 dicendi
1425 3380 1576 3422 mare
1607 3365 1712 3420 sibi
1744 3364 1977 3420 attrahit
2018 3372 2076 3420 et

491 3465 733 3523 asciscit.
761 3464 900 3522 Nam
937 3461 1263 3518 Ptolemaidi
1313 3469 1370 3516 et
1401 3456 1744 3514 Alexandriae
1789 3465 1847 3513 et
1886 3459 1938 3512 in
1987 3470 2078 3512 su-

493 3557 698 3631 periori
731 3567 889 3627 parte
919 3555 1104 3626 Libya:
1134 3569 1380 3618 versans,
1412 3567 1444 3607 e
1489 3550 1791 3620 longinqua
1844 3547 2074 3617 regione

491 3650 950 3709 consuetudinem
976 3647 1169 3703 habuit
1191 3661 1315 3700 cum
1365 3643 1496 3708 illis,
1523 3642 1842 3712 quicunque
1877 3639 2078 3695 Stoicae

496 3744 714 3799 familia:
733 3752 790 3798 et
804 3739 1145 3798 Academicae
1167 3745 1468 3793 sectatores
1480 3749 1544 3790 ac
1556 3732 1809 3804 discipuli
1833 3733 2076 3788 luerunt.

494 3837 651 3895 Haud
683 3847 866 3892 tamen
892 3834 1008 3889 suis
1028 3831 1243 3903 legibus
1263 3829 1455 3885 vivens
1484 3827 1681 3882 horum
1709 3825 2077 3880 contuberna-

496 3929 734 3994 lisfuit;
765 3927 920 3982 etob
955 3927 1005 3980 id
1050 3925 1202 3978 illinc
1243 3919 1536 3975 nonnullas
1589 3916 1746 3988 quasi
1789 3917 2080 3986 opiniones

495 4023 739 4084 admisit,
764 4018 902 4074 alias
946 4026 1128 4071 autem
1177 4009 1509 4082 repudiavit.
1549 4007 1706 4063 llunc
1758 4009 1812 4063 in
1855 4007 2078 4060 modum

500 4115 598 4168 has
624 4112 845 4182 quidem
875 4107 1136 4178 loquendi
1170 4105 1410 4159 rationes
1441 4100 1569 4155 inde
1607 4099 1881 4170 profccms
1911 4112 2081 4152 zema-

497 4209 643 4262 latus
681 4214 789 4269 est,
823 4203 959 4256 alias
997 4215 1128 4254 vero
1172 4197 1420 4250 minime.
1463 4192 1699 4261 Ideoque
1745 4199 1996 4260 augusta.
2026 4198 2082 4243 et

501 4295 852 4370 imperatoria
867 4292 1104 4364 quadam
1137 4298 1348 4344 natura:
1379 4285 1597 4340 licentia
1627 4294 1808 4348 utens,
1840 4299 1869 4336 a
1890 4281 2082 4351 patriis

500 4390 708 4445 laribus
730 4383 1040 4454 emigravit,
1073 4379 1327 4448 exiguam
1350 4376 1616 4429 rationem
1650 4373 1857 4426 habens
1878 4372 1945 4424 de
1971 4371 2080 4435 his,

2169 539 2336 609 μηςῆ
2380 539 2650 602 συνέσεως
2686 539 2943 618 ἔχοντες’
2985 540 3165 608 οἱμὲν
3218 539 3605 609 ἀκαπὴλευτον
3658 538 3750 606 Ep-

2160 648 2350 702 χονται
2382 633 2644 702 φέροντες
2683 633 2892 702 κρίσιν,
2933 633 2982 685 οῖ
3015 634 3071 686 δὲ
3122 632 3263 686 πάνυ
3314 649 3401 686 τοι
3459 632 3749 702 μοχθηρὰν

2163 723 2257 776 καὶ
2305 723 2572 778 νοσοῦσαν
2639 725 2708 777 τὰ
2771 726 2979 794 καίρια,
3019 726 3067 777 oi
3107 723 3152 776 δ’
3203 724 3591 795 ἡμιμόχθηρον
3653 725 3749 778 καὶ

2162 817 2300 886 πρδς
2341 816 2582 884 ἑκάτερα
2617 817 2917 886 ῥέπουσαν.
2955 815 3217 877 Rutilio;
3275 814 3352 885 μὴ
3417 814 3748 882 παραφθέγ-

2163 907 2322 980 ξηταί
2346 925 2428 972 τις
2464 908 2576 961 τῶν
2603 907 2704 962 εἷθ’
2739 907 2936 971 οὕτως,
2964 907 3067 960 εἴτ’
3096 908 3321 968 ἐκείνως
3364 907 3624 978 ἑχόντων,
3650 910 3750 960 καὶ

2163 1002 2573 1074 προστρίψηται
2629 1000 2790 1073 δόξης
2840 1001 2941 1055 οὐκ
2996 1000 3211 1069 ἀγαθῆς
3265 1001 3399 1070 ἡμῖν
3449 1001 3744 1070 ἔγκλημα·

2161 1093 2399 1148 κᾶπειτα
2427 1094 2673 1162 γλῶσσαι
2705 1093 3113 1163 μετειληφυῖαι,
3149 1091 3486 1161 φαυλότεραί
3535 1107 3595 1144 τε
3651 1093 3749 1144 καὶ

2162 1187 2299 1257 πρὸς
2335 1186 2534 1239 κακίαν
2561 1185 2859 1256 ὀξύρῤοποι
2889 1183 3357 1244 διακωδωνίσωσι,
3414 1184 3508 1248 καὶ
3569 1183 3741 1252 μηδὲν

2161 1280 2322 1349 ἡμεῖς
2359 1277 2718 1347 ἀδικήσαντες
2763 1275 3134 1346 κομισώμεθα
3174 1273 3429 1345 βραϐεῖον
3497 1291 3634 1344 πονη
3651 1275 3754 1345 ριν

2161 1370 2260 1421 καὶ
2291 1368 2558 1439 πολέμιον
2587 1366 2683 1420 τοῦ
2701 1365 2870 1421 καλοῦ
2895 1367 3052 1419 τοῦδε
3075 1367 3522 1435 σπουδάσματος.
3551 1368 3750 1437 Ὅμως

2160 1461 2325 1530 ἡμεῖς
2364 1460 2484 1512 κατ⁹
2539 1458 2806 1522 ἐκείνους,
2853 1458 2906 1512 οἳ
2960 1458 3059 1528 τὴν
3127 1457 3308 1510 Ἰνδῶν
3369 1457 3462 1510 καὶ
3513 1459 3752 1529 Περσῶν

2164 1553 2569 1622 μεταφέροντες
2602 1548 2852 1620 γνώμην,
2899 1550 2996 1604 καὶ
3025 1548 3277 1620 γλῶσσαν
3325 1551 3384 1613 ἐς
3430 1551 3590 1620 τήνδε
3627 1553 3732 1621 τὴν

2160 1646 2439 1714 ἡμετέραν
2469 1642 2640 1712 ἀκοὴν
2686 1643 2779 1696 καὶ
2809 1642 3016 1712 φωνὴν,
3074 1641 3398 1712 ἀνέγκλητοι
3458 1643 3687 1711 μένουσι
3717 1659 3732 1673 ⁶

2160 1739 2252 1791 τὸν
2281 1737 2444 1790 αὐτόν
2492 1751 2556 1804 γε
2591 1735 2796 1806 τρόπον
2853 1735 2952 1788 καὶ⁹
3003 1735 3170 1803 ἡμεῖς
3231 1733 3531 1802 ἀλλόφυλον
3581 1732 3750 1799 δόξαν

2165 1827 2660 1892 διαλευκαίνοντες,
2688 1827 2783 1880 καὶ
2808 1826 2949 1896 πρὸς
2987 1824 3336 1896 σαφεστέραν
3369 1825 3752 1896 διαπορθμεύ-

2165 1939 2320 1984 οντες
2370 1919 2562 1990 ἀκοὴν,
2601 1919 2849 1989 λὴσομεν
2905 1917 3128 1981 πάντως
3159 1916 3490 1988 ἀνέγκλητοι
3527 1917 3753 1988 μείναν-

2167 2031 2280 2077 τες,
2311 2011 2442 2078 παρ’
2484 2011 2604 2064 ὅσοι
2631 2026 2693 2064 τε
2717 2009 2828 2062 τῶν
2853 2008 3161 2078 ἐλλογίμων
3205 2009 3334 2074 aiat,
3372 2010 3467 2060 καὶ
3513 2001 3591 2064 ὧν
3617 2009 3750 2080 ἣκι-

2169 2124 2272 2161 στα
2301 2104 2494 2174 φθόνος
2518 2102 2830 2174 ἐφεδρεύων
2869 2102 3114 2156 τινάττει
3144 2103 3242 2156 καὶ
3271 2103 3419 2173 κυκᾷ
3453 2102 3554 2172 τὴν
3613 2101 3751 2170 γνώο

2171 2217 2300 2270 μην.
2329 2199 2579 2253 Κᾱπειτα
2612 2195 2708 2251 καὶ
2740 2194 2980 2262 πλείους,
3016 2189 3194 2266 οῐμαι,
3233 2195 3337 2248 ,ἀεὶ
3386 2195 3497 2249 τῶν
3529 2196 3731 2266 φθονη-

2170 2292 2374 2345 σόντων
2404 2290 2643 2353 ἔσονται,
2672 2284 2754 2353 οἷς
2789 2287 3053 2360 χρειῶδες
3083 2286 3146 2341 τὸ
3171 2288 3408 2358 πρᾶγμα
3450 2290 3703 2356 φανεῖται
3721 2305 3737 2321 ·

2167 2381 2243 2442 ῶν
2266 2385 2332 2458 δὴ
2361 2385 2431 2438 τὰ
2476 2383 2735 2455 βέλτιστα
2763 2379 3066 2453 προθύμως
3113 2380 3532 2451 συνευχομένων
3589 2382 3738 2452 ἡμῖν,

2171 2481 2304 2550 ἡμῖν
2339 2478 2442 2549 μὲν
2480 2477 2568 2548 εῖη
2592 2475 2690 2530 τοῦ
2715 2475 2883 2547 ἔργου
2921 2473 3116 2547 μισθόν
3135 2491 3260 2528 τινα
3290 2473 3470 2537 διδοὺς
3504 2475 3533 2527 ὁ
3567 2474 3701 2535 Θεὸς
3726 2488 3742 2504 ’

2168 2574 2282 2635 τοῖς
2304 2571 2361 2625 δὲ
2396 2569 2692 2642 βασκάνοις
2723 2568 2918 2632 αὐταῖς
2963 2566 3292 2638 βασκανίαις
3328 2567 3528 2628 κακαῖς
3559 2564 3756 2628 κακῶς

2173 2658 2641 2715 συναπόλλυσθαι.

2171 2824 2489 2894 opiniones,
2514 2829 2572 2876 et
2624 2834 3003 2892 saepenumero
3054 2819 3266 2898 judicio
3318 2830 3519 2877 nostra
3573 2821 3764 2889 gentis

2174 2916 2435 2987 privatas,
2472 2927 2537 2968 ac
2569 2911 2742 2968 veluti
2806 2901 3195 2981 transfigurare
3249 2911 3301 2964 in
3356 2911 3771 2981 degenerantes

2173 3009 2467 3078 variosque
2499 3006 2738 3070 colores,
2765 3004 2938 3059 haud
2973 3018 3136 3059 secus
3182 3012 3346 3073 atque
3391 3002 3622 3058 Pharius
3665 3003 3768 3057 ille

2177 3103 2433 3159 Proteus.
2489 3097 2612 3155 Non
2676 3096 2826 3155 enim
2882 3096 3036 3167 juxta
3099 3095 3348 3149 eamdem
3425 3094 3766 3149 sententiam

2176 3209 2370 3252 omnes
2399 3192 2485 3249 eis
2512 3199 2770 3256 utuntur,
2803 3191 2900 3247 sed
2940 3197 3000 3246 ut
3037 3187 3240 3258 singuli
3272 3186 3587 3266 opinionem
3643 3201 3771 3241 sor-

2178 3288 2264 3346 titi
2288 3295 2417 3343 sunt
2439 3294 2532 3340 aut
2583 3280 3028 3354 perSpicientiam
3059 3296 3078 3336 :
3115 3277 3172 3334 bi
3206 3277 3429 3348 quidem
3488 3277 3770 3334 accedunt

2178 3381 2451 3451 integrum
2483 3391 2548 3433 ac
2569 3375 2847 3432 sincerum
2872 3372 3171 3430 adstantes
3187 3372 3480 3443 judicium,
3507 3371 3601 3426 alii
3629 3387 3774 3426 vero

2176 3471 2473 3529 admodum
2506 3468 2860 3540 ﬂagitiosum,
2888 3467 3094 3537 quippe
3124 3464 3272 3534 quod
3339 3463 3488 3518 circa
3524 3478 3768 3518 consen-

2179 3574 2340 3623 tanea
2365 3571 2422 3620 et
2453 3569 2766 3632 opportuna
2796 3560 2993 3616 insano
3046 3557 3232 3613 studio
3283 3563 3436 3612 errat
3462 3572 3479 3622 ;
3509 3555 3773 3610 nonnulli

2177 3672 2346 3730 porro
2363 3655 2765 3712 semivitiosum
2787 3662 2843 3709 et
2871 3653 2925 3707 in
2958 3661 3248 3720 utramque
3273 3657 3483 3720 partem
3508 3661 3768 3717 vergens.

2177 3752 2291 3808 Nec
2323 3750 2449 3821 quis
2481 3763 2693 3812 eorum,
2745 3745 2839 3816 qui
2888 3745 2996 3800 hoe
3046 3745 3133 3799 vel
3194 3743 3288 3797 illo
3349 3742 3512 3796 modo
3573 3739 3775 3794 allecti

2179 3851 2330 3904 sunt,
2360 3843 2616 3896 timorem
2645 3853 2932 3910 perperam
2959 3847 3014 3891 et
3047 3835 3375 3890 inconcinne
3408 3833 3768 3903 respondeat,

2179 3944 2238 3989 et
2269 3948 2369 3988 nos
2389 3940 2648 4003 aspergat
2675 3932 2906 3985 crimine
2957 3928 3242 3996 atroeique
3269 3926 3462 3996 injuria
3498 3925 3776 3993 improba:

2179 4023 2477 4094 opinionis,
2529 4034 2578 4076 el
2619 4031 2806 4092 postea
2840 4021 3040 4092 lingua:
3072 4020 3179 4075 sibi
3212 4020 3384 4074 multa
3417 4026 3774 4087 arrogantes,

2184 4113 2470 4187 ignobiles,
2495 4113 2747 4183 petulcaa,
2784 4124 2839 4168 et
2869 4112 2938 4167 ad
2965 4109 3295 4166 maleficium
3327 4123 3615 4180 propensae
3659 4123 3774 4164 nos

2185 4216 2402 4260 tumore
2428 4203 2656 4259 sinistro
2685 4202 2828 4272 apud
2852 4203 3047 4272 vulgus
3080 4211 3316 4257 onerent
3345 4220 3358 4256 :
3390 4211 3445 4255 et
3477 4214 3576 4254 nos
3611 4199 3776 4254 nullo

2181 4291 2391 4348 scelere
2418 4290 2610 4361 polluti
2632 4291 2919 4361 przemium
2945 4290 3243 4346 infaustum
3267 4299 3324 4344 et
3350 4289 3553 4344 hostile
3572 4303 3776 4360 repor-

2184 4394 2368 4440 tcmus
2395 4383 2562 4456 hujus
2591 4383 2811 4437 honesti
2851 4391 2908 4437 ct
2935 4384 3142 4452 egregii
3171 4383 3357 4438 studii.
3392 4383 3777 4438 Nihilominus

468 4486 734 4554 'quornm
795 4473 1074 4533 communi
1136 4469 1410 4538 colloquio
1464 4466 1771 4520 fruebatur.
1834 4463 1976 4533 Ergo
2033 4462 2073 4517 si

2184 4489 2311 4530 cum
2335 4473 2446 4529 illis
2466 4473 2564 4542 qui
2598 4471 2858 4526 Indorum
2877 4479 2932 4526 et
2950 4470 3242 4524 Persarum
3269 4470 3321 4523 in
3347 4470 3494 4524 hunc
3513 4476 3772 4524 nostrum

499 4574 772 4645 quisniam
831 4570 973 4623 hanc
1029 4565 1219 4632 utique
1263 4573 1484 4614 oausam
1539 4571 1659 4611 esse
1705 4554 2076 4620 constituerit,

501 4677 668 4736 atque
694 4661 815 4732 ejus
836 4665 1161 4730 praesentem
1189 4653 1496 4707 orationem
1527 4648 1779 4718 conjectu
1803 4645 2078 4700 difficilem

499 4766 622 4815 esSe
653 4756 847 4828 majori
881 4769 948 4806 ex
979 4758 1154 4820 parte,
1187 4755 1245 4801 et
1275 4745 1424 4800 velut
1457 4741 1859 4812 aanigmaticam
1905 4739 2078 4793 etob-

500 4864 741 4912 scuram,
783 4862 889 4900 non
923 4841 1112 4914 procul
1139 4839 1208 4894 ab
1262 4853 1328 4892 eo
1358 4833 1506 4905 quod
1533 4833 1733 4888 decens
1761 4842 1817 4887 et
1845 4845 2080 4885 consen-

501 4954 723 4996 taneum
786 4947 892 4999 est,
935 4933 1108 4988 currit
1151 4940 1207 4984 et
1261 4927 1504 4982 aberrat.
1560 4924 1712 4979 Mens
1767 4922 1914 4977 enim
1969 4932 2080 4975 tam

503 5040 723 5096 onusta,
749 5035 808 5083 et
829 5024 1071 5096 cujusvis
1106 5021 1413 5091 disciplina:
1460 5033 1526 5074 ac
1552 5015 1834 5087 sapientia:
1862 5029 2081 5070 coacer-

505 5122 803 5190 vatio,tam
837 5114 1092 5172 uberanti
1124 5112 1391 5168 facundia
1448 5119 1725 5174 contexta,
1749 5108 1972 5162 multam
1999 5107 2084 5161 in-

505 5215 632 5270 tulit
659 5223 878 5268 noctem
901 5221 958 5266 et
981 5206 1284 5271 tristitiam,
1309 5205 1354 5260 si
1377 5203 1499 5275 quis
1522 5203 1741 5259 curiose
1771 5201 2082 5271 expendere

504 5311 781 5362 internum
818 5314 874 5359 et
930 5299 1382 5358 contubernalem
1431 5311 1654 5352 sensum
1715 5295 1870 5350 velit.
1908 5293 2078 5360 Quasi

502 5397 875 5455 necessarium
907 5411 1030 5451 esse
1051 5396 1218 5449 liceat
1250 5393 1562 5461 cuicunque
1593 5390 1742 5444 hunc
1772 5391 1838 5443 ad
1881 5389 2082 5443 volun-

500 5492 633 5547 tatis
662 5500 716 5545 et
744 5489 830 5545 sui
870 5487 1087 5544 consilii
1150 5485 1419 5539 rationem
1458 5482 1772 5553 explicare:
1810 5497 1916 5535 non
1954 5496 2079 5536 eum

503 5585 678 5640 solum
715 5583 806 5652 qui
833 5581 985 5652 prius
1017 5578 1291 5650 particeps
1324 5575 1512 5639 fuerit,
1546 5583 1853 5644 compotem
1888 5590 2080 5628 eorum

504 5678 748 5732 omnium
785 5675 903 5729 lieri
941 5689 1062 5743 qua:
1093 5670 1370 5733 edisserit,
1405 5684 1468 5723 ac
1497 5669 1542 5722 si
1580 5667 1671 5722 ille
1701 5666 2085 5722 emendicave-

504 5765 616 5827 rit;
653 5782 848 5821 verum
902 5765 1067 5821 etiam
1131 5760 1522 5817 transformare
1579 5773 1738 5828 posse
1787 5758 1855 5812 ad
1905 5759 2082 5814 varias

2183 4566 2433 4622 auditum
2463 4575 2520 4622 et
2565 4579 2879 4620 sermonem
2919 4563 3259 4618 transferunt
3318 4563 3677 4623 sententiam.
3715 4563 3773 4616 hi

2183 4658 2452 4729 inculpati
2485 4663 2709 4712 manent
2737 4673 2750 4710 :
2785 4654 3005 4708 huncin
3039 4654 3262 4708 modum
3297 4662 3355 4708 et
3388 4667 3488 4706 nos
3541 4663 3776 4721 propter

2182 4752 2544 4822 alienigenam
2571 4750 2798 4817 gloriam
2830 4746 3252 4810 candescentes,
3285 4755 3341 4800 et
3373 4745 3439 4800 ad
3471 4744 3776 4798 dilucidio-

2185 4858 2301 4898 rem
2326 4843 2576 4900 auditum
2612 4842 2968 4912 traj'icientes,
2993 4840 3290 4895 latehimus
3332 4839 3558 4894 omnino
3583 4837 3771 4892 incul-

2186 4937 2296 5007 pati
2327 4943 2635 4998 manentes,
2662 4934 2803 5004 apud
2835 4949 2933 4989 eos
2962 4933 3059 5003 qui
3087 4941 3215 4988 sunt
3246 4949 3277 4987 e
3315 4946 3544 4986 numero
3568 4932 3773 4985 corda-

2190 5039 2370 5083 torum
2401 5025 2848 5096 elegantiuinque
2879 5025 3190 5088 hominum,
3228 5033 3283 5078 et
3322 5039 3556 5094 quorum
3590 5025 3772 5078 nulla-

2187 5128 2349 5175 tenus
2377 5119 2580 5173 invidia
2608 5119 2908 5188 prmsidens
2945 5118 3191 5172 concutit
3219 5127 3272 5172 et
3299 5120 3468 5188 agitat
3500 5128 3766 5171 mentem.

2187 5211 2377 5265 Postea
2412 5214 2577 5265 etiam
2615 5211 2818 5279 plures,
2853 5220 2915 5263 ut
2966 5209 3184 5278 opinor.
3211 5225 3428 5278 semper
3480 5208 3768 5265 renudato-

2190 5317 2279 5356 res
2333 5310 2516 5364 erunt,
2583 5302 2788 5370 quibus
2844 5301 3096 5371 perutilis
3152 5301 3267 5356 lucc
3319 5316 3406 5355 res
3461 5300 3767 5355 videbitur.

2185 5393 2398 5460 Quibus
2447 5405 2599 5450 certe
2662 5393 2870 5463 Optima
2924 5401 3181 5464 prompto
3249 5393 3526 5462 alacrique
3579 5395 3769 5446 animo

2187 5487 2348 5541 nobis
2387 5485 2726 5556 optantibus,
2755 5486 2916 5540 nobis
2948 5485 3168 5554 quidem
3204 5484 3347 5538 Deus
3388 5484 3552 5554 hujus
3582 5486 3770 5555 operis

3162 5594 3176 5631 :
3225 5579 3320 5631 sed
3381 5578 3769 5633 obtrectatori-

2189 5672 2378 5737 hus,ut
2410 5689 2534 5727 cum
2565 5673 2698 5742 ipsis
2739 5671 2897 5725 malis
2926 5670 3425 5726 obtrectationibus
3459 5673 3598 5726 male
3639 5688 3766 5743 per.

2185 5769 2334 5817 eant.

2188 5578 2482 5648 quamdam
2519 5579 2736 5634 dederit
2797 5577 3103 5632 mercedem
