4060 6204
279 305 384 368 529

1145 308 1474 368 SCIIOLIA
1511 308 1597 368 ΙΝ
1643 308 2031 372 SYNESIUM
2073 313 2174 374 DE
2218 313 2652 378 INSOMNIIS.

3439 316 3547 380 530

355 423 552 475 Ἔσται
583 419 629 472 δ’
659 420 792 489 ἡμῖν
822 421 884 472 τὸ
907 422 1002 491 τῆς
1042 419 1384 490 ἐξηγήσεως.
1411 419 1470 472 οὐ
1529 419 1666 488 πρὸς
1714 421 1865 472 ὲντε-
1895 430 1942 483 Α
1973 438 2137 490 σοφον
2166 424 2260 478 καὶ
2281 422 2602 478 διδάσκαλον
2643 422 2939 489 Ὑπατίαν,
2974 422 3059 477 ὅτι
3087 422 3260 478 πολλὰ
3300 425 3410 479 τῶν
3444 429 3549 498 μή-

281 515 569 585 λεστὲρους
602 513 763 584 μόνον
796 514 1114 582 γενόμενον,
1149 511 1268 565 ἀλλ’
1301 512 1402 582 ἤδη
1435 515 1530 568 καὶ
1567 513 1703 580 πρὸς
1741 515 1866 568 ἀτεο

284 608 574 676 λεστὲρους
614 604 716 676 τὴν
749 607 973 672 γνῶσιν.
1013 607 1076 659 Ol
1115 605 1213 673 μὲν
1240 606 1350 675 γὰρ
1381 604 1519 674 τῷδε
1571 603 1649 674 τῷ
1706 605 1865 675 μέρει

284 699 626 762 συνέσονται,
661 698 709 749 oi
743 697 799 750 δὲ
820 696 976 767 τῷδε,
1012 697 1061 749 oi
1089 696 1152 758 δὲ,
1181 695 1488 765 ἑκατέροις,
1530 694 1604 756 ὼς
1633 695 1865 762 δύναμις

284 795 501 862 ἑκάστῳ
547 793 644 845 xui.
676 792 959 862 βούλησις.
1012 791 1147 860 Περὶ
1204 791 1307 861 μέν
1373 807 1458 848 τοι
1511 789 1689 860 ψυχῆς
1729 790 1756 842 ὃ
1814 805 1866 841 τι

284 885 530 951 διέξεισι,
561 885 656 937 καὶ
685 886 797 938 τίσι
829 885 929 954 μὲν
963 882 1170 954 συνῳδὰ
1207 882 1507 951 φθέγγεται
1550 882 1659 936 τῶν
1700 880 1868 934 πάλαι

292 976 495 1044 σοφῶν,
533 976 642 1028 τίσι
681 975 726 1029 δ’
758 975 1032 1046 ἀπᾴδοντα
1066 992 1080 1006 ο
1138 977 1231 1028 καὶ
1282 975 1334 1027 τί
1387 974 1486 1044 μὲν
1551 971 1704 1036 οὗτος
1767 973 1868 1041 τὴν

295 1069 592 1137 φαντασίαν
623 1064 943 1138 εἷναίφησι,
993 1067 1045 1120 τί
1077 1067 1136 1120 δὲ
1181 1068 1410 1120 ἐκείνων
1468 1065 1722 1130 ἕκαστος,
1774 1065 1868 1118 καὶ

294 1164 394 1230 ὅπη
427 1159 522 1213 τοῦ
591 1159 842 1230 σώματος
875 1161 972 1230 τῆς
1027 1162 1151 1214 καθ’
1204 1159 1374 1212 ὕπνον
1437 1159 1704 1229 μαντικῆς
1745 1159 1870 1228 ίστᾷ

295 1253 377 1304 τὸν
403 1252 656 1321 τρίποδα,
685 1251 930 1304 δείκνυσι
962 1252 1060 1320 μὲν
1088 1252 1184 1304 καὶ
1217 1252 1382 1314 αὐτὸς
1416 1253 1556 1322 πρὸς
1579 1252 1679 1320 τὴν
1713 1250 1868 1319 φιλό-

359 1405 476 1459 Erit
521 1414 705 1458 autem
738 1419 768 1458 a
809 1403 970 1458 nobis
1003 1403 1118 1458 haec
1153 1403 1471 1473 explanatio
1504 1420 1615 1458 non
1653 1411 1867 1458 tantum

290 1504 343 1556 iu
390 1501 787 1571 prriectiornm
844 1500 1078 1570 graliam
1134 1501 1301 1565 facta,
1349 1499 1444 1555 sed
1487 1501 1598 1572 jam
1647 1510 1870 1572 propter

293 1593 707 1661 intelligentiam
763 1607 958 1646 eorum
997 1592 1092 1663 qui
1147 1603 1278 1649 sunt
1324 1593 1508 1648 minus
1552 1593 1762 1649 idonei.
1802 1592 1869 1647 Hi

286 1684 508 1754 quidem
552 1685 654 1738 hac
704 1685 758 1738 in
815 1696 968 1753 parte
1020 1686 1416 1752 versabuntur,
1475 1688 1569 1742 alii
1624 1688 1682 1742 in
1737 1687 1868 1754 alia,

1971 532 2057 566 πω
2083 514 2564 586 φιλοσοφηθέντων
2600 515 2833 586 Ἕλλησι
2877 517 3347 588 προκεχείρισται.
3380 519 3552 588 Δῆλον

1968 604 2014 658 δ’
2040 600 2135 660 οὗν
2163 606 2259 660 καὶ
2287 608 2450 676 ἡμεῖς
2474 607 2598 661 κατ’
2626 607 2800 678 αὐτήν
2831 624 2894 675 γε
2923 609 3272 678 ποιησόμεθα
3303 612 3404 680 τὴν
3427 611 3551 680 ἑξή-

1970 714 2167 768 γησινο
2228 701 2723 771 ἐπισημανούμεθα
2779 701 2886 772 γὰρ
2932 701 3139 756 ἕκαστα
3191 703 3331 756 κατὰ
3366 703 3551 774 χώραν

1971 788 2222 846 ἑκάστων
2248 793 2556 861 γενόμενοι.
2581 793 2651 846 Σὺ
2685 793 2732 846 δ’
2760 793 2902 862 ὑπὲρ
2929 793 3030 862 μὲν
3061 793 3171 847 τῶν
3202 794 3261 848 εὖ
3287 796 3378 848 καὶ
3406 797 3548 848 κατά

1971 883 2198 953 γνώμην
2228 883 2465 953 ἐχόντων
2495 885 2728 954 χάριτας
2755 885 2862 939 ἀπὸ
2889 885 3120 957 γνώμης
3151 887 3246 940 καὶ
3301 887 3551 957 γλώττης

1972 976 2262 1039 ἀποδιδοὺς
2287 976 2361 1047 μὴ
2389 977 2648 1031 κατόκνει
2665 977 2807 1047 Θεῷ·
2839 978 2978 1050 ὑπὲρ
3003 979 3060 1032 δὲ
3079 978 3188 1032 τῶν
3207 978 3378 1040 ἄλλως
3399 981 3550 1050 ἐχόν-

1969 1085 2078 1122 των
2096 1068 2358 1139 λαμπράν
2396 1072 2530 1140 ἡμῖν
2554 1072 2654 1140 τὴν
2687 1071 2917 1142 μέμψιν.
2949 1072 3071 1126 Τῶν
3121 1073 3220 1143 μὲν
3250 1077 3360 1146 γὰρ
3391 1075 3552 1137 αὐτὸς

1971 1161 2226 1230 χορηγὸς,
2245 1161 2351 1216 τῶν
2373 1162 2420 1216 δ’
2454 1164 2617 1233 ἡμεῖς
2641 1164 2828 1219 αἴτιοι.

1975 1409 2210 1478 ipsemet
2269 1409 2336 1463 ad
2397 1410 2683 1482 sapientiae
2742 1410 3048 1465 studiosam
3110 1418 3165 1465 et
3232 1412 3551 1480 magistram

1973 1502 2286 1574 Hypatiam,
2327 1505 2475 1572 quod
2509 1503 2680 1559 multa
2726 1517 2922 1558 eorum
2969 1517 3092 1572 qua:
3121 1504 3268 1559 inter
3307 1503 3552 1573 philoso-

1973 1595 2252 1664 phandum
2314 1597 2625 1667 excogitata
2658 1597 2906 1652 nondum
2961 1613 2993 1652 a
3049 1596 3254 1653 Graecis
3309 1597 3550 1658 fuerant,

1971 1688 2222 1756 exposita
2287 1688 2596 1756 traditaque
2663 1695 2874 1742 essent.
2942 1686 3318 1757 Conspicuum
3383 1685 3554 1754 igitur

289 1778 542 1831 nonnulli
580 1789 764 1831 autem
814 1778 866 1832 iu
902 1788 1156 1850 utraque,
1194 1793 1358 1850 prout
1410 1783 1644 1836 facultas
1673 1791 1730 1837 et
1768 1798 1866 1837 νος·
1897 1804 1942 1863 Β
1970 1780 2136 1835 etiam
2179 1795 2282 1835 nos
2313 1779 2581 1835 faciemus
2613 1781 2668 1836 in
2707 1781 2824 1849 ipsa
2861 1781 3273 1850 explanatione.
3311 1778 3389 1832 Ad
3441 1778 3554 1831 hate

288 1867 473 1920 luntas
528 1867 829 1937 unicuique
897 1868 1082 1924 fuerit.
1141 1871 1496 1941 Quaecunque
1561 1887 1730 1942 porro
1792 1874 1862 1929 de

287 1959 474 2012 animo
523 1969 940 2025 commemorat,
976 1977 1100 2017 cum
1143 1962 1475 2032 quibusdam
1528 1965 1731 2034 priscis
1780 1979 1870 2019 sa-

288 2051 575 2119 pientibus
606 2063 978 2110 consentanea
1019 2066 1331 2120 enumerat,
1365 2071 1491 2112 cum
1540 2057 1872 2126 quibusdam

290 2146 516 2199 dissona
536 2144 1044 2218 discrepantiaquc.
1068 2147 1135 2204 Et
1163 2149 1423 2218 quidnam
1450 2150 1670 2220 proprie
1697 2151 1874 2219 phan-

294 2239 486 2291 tasiam
526 2254 648 2293 esse
690 2239 780 2293 ille
815 2240 980 2301 dicat,
1015 2240 1147 2310 quid
1183 2257 1314 2296 vero
1348 2256 1540 2296 eorum
1575 2243 1873 2313 unusquil-

286 2347 436 2398 que:
479 2341 534 2384 et
565 2331 621 2384 in
649 2347 758 2400 qua
790 2333 1042 2400 corporis
1079 2341 1259 2402 parte.
1285 2333 1406 2403 ejus
1431 2349 1555 2406 quas
1586 2333 1643 2389 in
1675 2350 1878 2390 somno

292 2432 376 2474 est
411 2422 847 2490 vaticinationis,
883 2433 1089 2478 statuat
1136 2425 1407 2494 tripodem
1455 2441 1553 2481 seu
1601 2427 1871 2482 cortinam

298 2515 526 2569 edendis
605 2515 846 2570 oraculis
904 2515 1186 2586 idoneam,
1247 2518 1591 2575 demonstrat
1646 2521 1874 2592 quidem

1970 1873 2276 1931 eﬂiciemus
2309 1885 2365 1928 ut
2416 1875 2630 1945 singula
2683 1875 3034 1930 innotescant
3079 1881 3136 1928 et
3183 1871 3552 1932 illustrcntur,

1976 1969 2030 2022 in
2060 1968 2402 2038 singulorum
2430 1969 2668 2022 statione
2694 1967 2982 2034 degentes.
3014 1963 3096 2018 Tu
3127 1973 3310 2018 autem
3345 1977 3444 2031 pro
3471 1958 3556 2012 his

1976 2074 2098 2129 quae
2148 2059 2398 2129 apposite
2427 2067 2485 2113 et
2515 2073 2582 2112 ex
2618 2058 2696 2111 tui
2731 2056 2900 2111 animi
2941 2055 3217 2111 sententia
3255 2055 3555 2108 constituta

1976 2161 2127 2215 sunt,
2160 2153 2366 2222 gratias
2399 2153 2585 2204 animo
2628 2159 2685 2206 et
2713 2149 2897 2219 lingua
2937 2146 3170 2201 reddere
3205 2159 3394 2199 coram
3441 2143 3556 2196 Deo

1975 2261 2044 2300 ne
2083 2254 2406 2313 torpescas:
2441 2245 2538 2298 sed
2589 2259 2690 2313 pro
2733 2243 2802 2297 iis
2852 2256 2975 2312 quae
3008 2239 3171 2293 aliter
3222 2252 3282 2292 se
3327 2234 3557 2296 habent,

1975 2337 2314 2394 luculentam
2353 2337 2512 2394 nobis
2544 2335 3045 2406 expostulationent
3103 2329 3292 2385 facito.
3329 2327 3557 2384 illorum

1977 2432 2126 2486 enim
2181 2432 2297 2501 ipse
2346 2430 2477 2492 dux.
2510 2431 2768 2500 princeps
2804 2437 2860 2482 et
2909 2427 3184 2494 clioragus
3213 2430 3298 2478 est
3329 2439 3342 2476 :
3381 2420 3435 2474 in
3470 2418 3560 2475 his

1979 2534 2165 2580 autem
2199 2540 2300 2579 nos
2332 2523 2592 2592 culpandi
2633 2536 2848 2577 sumus.

1283 2821 1288 2824 -
1362 2725 1366 2728 ’
1416 2778 1715 2863 ΑΡΧΗ
1793 2774 2456 2865 ΕΡΜΗΝΕΙΑΣ.

372 2941 501 2996 Fac.
535 2943 681 2996 150⁸.
712 2947 777 2998 El
805 2945 873 2999 δέ
889 2947 1259 3000 είσινῦπνοι.
1289 2945 1500 3014 ’Ὠσπερ
1526 2944 1728 3014 τάλτῶν
1742 2944 1893 3013 βασι.

299 3036 438 3088 λέων
463 3037 746 3107 κειμήλια,
775 3039 870 3090 καὶ
899 3039 1074 3093 ὁπόσα
1106 3037 1415 3108 ἀνθρώποις
1457 3038 1580 3107 ἱερά
1609 3054 1666 3090 τε
1696 3037 1790 3089 καὶ
1811 3035 1891 3089 τί-

303 3148 423 3196 μια,
456 3131 560 3182 ὑπῖ
583 3133 1084 3203 παραπετάσμασιν
1115 3131 1250 3188 ἄλλα
1288 3133 1466 3193 ἄλλοις
1498 3132 1888 3196 καλύπτονται,

306 3222 394 3274 ἵνα
450 3226 584 3290 μήτε
608 3226 800 3292 δήμοις
818 3226 1056 3287 ἀνοσίοις
1097 3227 1435 3295 προκείμενα
1464 3223 1850 3293 κιεδη).εύηται
1873 3264 1888 3288 ,

305 3313 446 3381 μήτε
477 3317 884 3386 περιφρονῆται
909 3334 922 3348 ο
959 3317 1048 3370 διὰ
1095 3320 1205 3387 γάρ
1247 3319 1352 3386 τῆς
1384 3318 1648 3388 χορηγίας
1690 3316 1891 3371 ἀπονόν
1914 3345 1959 3408 C

307 3422 363 3456 τε
396 3407 488 3458 καὶ
531 3409 822 3478 πρόχειρον
844 3425 859 3440 ·
895 3409 1038 3463 οὕτω
1069 3411 1161 3464 καὶ
1181 3411 1279 3464 ὃσα
1300 3409 1623 3464 καθεύδουσι
1651 3411 1762 3472 τοῖς
1793 3409 1885 3460 ἀν-

314 3497 555 3566 θρώποις
583 3501 835 3568 ὁρῶνται,
861 3501 985 3555 ἐπεὶ
1014 3502 1284 3571 θειοτέρα,
1321 3503 1477 3571 φησὶ,
1508 3501 1600 3555 καὶ
1638 3516 1886 3570 προγνω-

317 3591 476 3656 στική
514 3592 598 3651 τίς
629 3593 778 3644 ἐστιν
805 3592 952 3662 bal/ig,
1004 3593 1097 3647 τοῦ
1134 3593 1512 3661 φανταστικοῦ
1574 3591 1886 3661 πνεύματος

316 3683 410 3751 τῆς
433 3682 614 3754 ψυχῆς
649 3687 950 3753 τηνικαῦτα
1002 3688 1396 3760 καθαρωτέρου
1451 3686 1884 3755 καθισταμένου,

1991 2942 2082 2994 Διὸ
2119 2940 2282 3008 σοφὸν
2315 2938 2497 2992 αὐτῶν
2527 2955 2659 3008 φησι
2716 2938 2812 2990 καὶ
2851 2940 2913 2990 τὸ
2951 2935 3026 3006 μὴ
3081 2935 3288 3004 σαφὲς’
3355 2931 3563 3003 βεϐαιοῖ

1989 3034 2046 3088 δὲ
2069 3034 2231 3086 τοῦτο
2262 3033 2358 3086 καὶ
2397 3034 2489 3087 διὰ
2515 3033 2625 3086 τῶν
2654 3031 2748 3085 τοῦ
2827 3029 3080 3085 Ἡσιόδου
3137 3027 3306 3080 ἐπῶν.
3347 3026 3565 3093 "Expu-

1989 3129 2118 3195 ψαῦ’
2181 3125 2315 3195 γὰρ,
2376 3126 2565 3196 φησὶν,
2625 3127 2681 3178 οἱ
2728 3124 2850 3178 θεοί
2892 3123 3018 3187 τοῖς
3067 3121 3410 3189 ἀνθρώποις
3460 3117 3566 3170 τὸν

1992 3218 2230 3271 ἄπονον
2261 3218 2430 3282 βίον,
2488 3216 2586 3270 καὶ
2641 3216 2888 3270 πάντων
2927 3213 3135 3269 καλῶν
3181 3212 3255 3279 ἰδέ
3278 3211 3400 3264 ὦτα
3443 3209 3565 3264 θεοὶ

1993 3310 2401 3379 προπάροιθεν
2426 3313 2672 3378 ἔθηκαν.
2709 3311 2781 3363 Τὸ
2801 3309 2857 3362 δὲ
2887 3307 3104 3368 ἀπόνως
3137 3308 3434 3376 τυγχάνειν
3457 3303 3569 3356 τῶν

1993 3403 2216 3471 ἀγαθῶν
2245 3404 2419 3472 δῶρον
2456 3398 2598 3455 εἷναί
2641 3419 2777 3472 φησι
2822 3400 2989 3454 θεῖον.
3029 3396 3282 3450 Δίδοσθαι
3320 3395 3377 3446 δὲ
3407 3393 3570 3446 τοῦτο

1996 3495 2072 3566 μὴ
2112 3495 2252 3548 πάνυ
2285 3494 2500 3557 πολλοῖς
2518 3511 2683 3556 τισιν,
2717 3495 2799 3546 ὅτι
2830 3490 2906 3562 μὴ
2942 3489 3147 3559 σφόδρα
3193 3487 3397 3555 ὀλίγοις
3418 3502 3433 3517 ο
3457 3481 3570 3538 οἷον

1989 3588 2157 3656 σοφία
2199 3588 2297 3657 μὲν
2319 3586 2502 3641 πόνων
2532 3587 2700 3656 χωρὶς
2723 3582 3034 3654 ὲὸραόεύθη
3093 3583 3171 3652 τῷ
3223 3577 3566 3647 Σολομῶντιο

1989 3678 2233 3748 Σαμψὼν
2261 3679 2318 3732 δι
2345 3681 2379 3747 ἡ
2407 3678 2500 3731 τοῦ
2545 3677 2800 3746 σώματος
2843 3674 3255 3744 ἀνυπέρϐλητος
3310 3671 3466 3740 ίσχύς
3506 3685 3568 3721 τε

315 3775 401 3828 διὰ
430 3778 492 3828 τὸ
532 3777 887 3848 ἀπηλλάχθαι
908 3797 1026 3844 πως
1052 3781 1163 3834 τῶν
1200 3782 1534 3849 σωματικῶν
1562 3795 1620 3832 τε
1645 3779 1740 3832 καὶ
1777 3777 1890 3828 ὑλι-
1989 3773 2084 3826 καὶ
2115 3770 2276 3843 ῥώμη
2297 3789 2310 3801 ο
2341 3773 2436 3824 καὶ
2465 3768 2662 3837 alii);
2693 3770 2953 3839 Ἕλληνες
2984 3767 3233 3821 πείθουσι
3271 3764 3445 3832 λόγοι,
3482 3778 3570 3814 σο-

313 3870 422 3920 κῶν
450 3867 718 3938 θορύϐων,
774 3873 1188 3941 αἰνιγματωδῶς
1235 3890 1352 3936 πως
1401 3870 1498 3924 καὶ
1541 3872 1741 3932 ταῦτα,
1796 3870 1892 3922 καὶ
1991 3864 2087 3932 (pla
2111 3879 2197 3927 τις
2227 3863 2288 3916 οὐ
2343 3863 2486 3916 πάνυ
2526 3879 2609 3915 τοι
2657 3861 2891 3931 ἀγεννὴς
2939 3855 3043 3932 ἧκε
3089 3858 3242 3927 παρὰ
3300 3857 3399 3926 τῆς
3456 3854 3570 3908 ἀνω

312 3960 502 4030 ῶσπερ
526 3961 632 4013 ὑπὸ
664 3963 1131 4033 παραπετάσματι
1157 3963 1392 4017 δίδονται
1421 3965 1536 4026 τοῖς
1553 3962 1887 4030 ἀνθρώποις.
1993 3956 2257 4027 προνοίας
2299 3957 2392 4008 καὶ
2422 3953 2661 4025 Αἰσώπῳ
2684 3955 2762 4025 τῷ
2795 3954 2998 4025 Φρυγὶ,
3031 3953 3124 4006 καὶ
3156 3951 3265 4023 πρό
3314 3967 3378 4019 γε
3448 3945 3570 4001 τού-

1909 4110 1982 4120 ...-

1263 4227 1734 4315 INCIPIT
1837 4215 2658 4311 EXPLANAT’IO.

385 4397 536 4461 Quod
597 4400 644 4451 εἰ
705 4401 875 4453 somni
937 4404 1060 4454 sunt
1129 4399 1355 4468 fatidici.
1414 4393 1890 4465 Quemadmodum
1993 4390 2231 4445 obscure
2273 4388 2510 4459 quadam
2544 4389 2758 4444 ratione
2793 4386 2963 4442 etiam
2994 4385 3120 4451 ista,
3176 4395 3437 4455 tanquam
3467 4383 3572 4438 sub

320 4503 506 4556 regum
560 4491 800 4556 pretiosa
871 4504 1133 4556 munera,
1189 4504 1310 4558 quae
1366 4498 1590 4558 propter
1648 4487 1891 4540 valorem
1995 4481 2152 4542 Veiis,
2181 4480 2495 4537 hominibus
2517 4481 2920 4535 conceduntur.
2947 4477 3080 4532 Eam
3106 4479 3177 4533 ob
3201 4492 3315 4531 rem
3350 4475 3573 4544 sapiens

321 4579 627 4644 majoresve
662 4579 891 4635 delicias
941 4592 1285 4650 reponuntur
1328 4594 1383 4635 et
1427 4589 1810 4643 asservantur,
1839 4587 1896 4634 et
1993 4583 2051 4628 et
2078 4573 2411 4628 industrium
2442 4581 2529 4628 est
2561 4573 2616 4627 in
2648 4572 2782 4641 ipsis
2813 4570 2898 4641 (ut
2924 4567 3103 4640 aiunt)
3133 4568 3302 4623 etiam
3333 4568 3384 4620 id
3423 4566 3569 4636 quod

318 4682 662 4736 quascunque
691 4669 834 4737 apud
864 4670 1117 4726 homines
1144 4686 1318 4734 sacra,
1344 4681 1572 4741 augusta
1601 4681 1658 4726 et
1687 4671 1896 4740 magui-
1996 4681 2109 4720 non
2160 4675 2409 4735 apertum
2463 4675 2570 4720 est.
2624 4663 2776 4720 Istud
2844 4677 3013 4735 porro
3076 4661 3331 4716 versibus
3383 4659 3573 4715 llesio-

323 4758 575 4812 facienda
632 4771 785 4823 sunt,
837 4762 942 4816 sub
999 4762 1196 4831 tapetis
1255 4771 1309 4818 et
1368 4762 1556 4817 aulaeis
1610 4763 1716 4817 alia
1771 4761 1895 4816 aliis
1997 4757 2051 4811 di
2092 4757 2471 4811 conﬁrmatur.
2537 4756 2884 4812 Occultarunt
2951 4753 3358 4822 aiquidem(ait
3407 4752 3575 4822 ipse)

325 4860 606 4920 teguntur,
637 4867 705 4906 ne
748 4855 991 4922 prol‘anm
1023 4855 1336 4925 igiiamque
1375 4855 1717 4910 multitudini
1767 4871 1890 4925 pro-
1921 4849 1974 4908 D
1999 4849 2074 4902 dii
2109 4848 2400 4904 hominibus
2421 4849 2589 4903 lenem
2631 4859 2680 4902 et
2720 4846 3144 4917 facilemfuitam,
3170 4857 3218 4900 et
3249 4854 3371 4902 ante
3399 4845 3576 4901 omnia

326 4943 504 5013 posita
530 4958 959 5015 corrumpantur
981 4956 1038 5002 θι
1071 4948 1482 5015 ῃάυιιετεηιατ,
1507 4963 1686 5018 neque
1715 4946 1898 5003 ﬂocci-
2001 4941 2136 4994 bona
2185 4944 2428 4996 sudorem
2470 4945 2544 4996 dii
2583 4942 2931 4998 collocarunt.
2976 4942 3115 4998 Illud
3140 4952 3349 5008 autem,
3378 4956 3578 5010 nempe

327 5037 641 5096 ﬁautmam
672 5049 895 5108 propter
921 5040 1454 5108 sumptus,idlacile
1478 5041 1613 5095 etin
1644 5048 1897 5109 promptu
2001 5032 2138 5088 citra
2213 5033 2459 5089 laborem
2524 5036 2793 5090 bonorum
2868 5045 3179 5106 compotem
3242 5051 3386 5106 esse,
3463 5052 3584 5090 mn-

330 5130 569 5198 positum
601 5131 818 5184 cslzita
856 5145 1200 5201 quaecunque
1236 5131 1306 5186 ab
1342 5132 1664 5186 hominibus
1707 5147 1900 5185 somno
2001 5142 2106 5182 nus
2161 5127 2423 5185 divinum
2487 5131 2688 5184 asserit
2739 5145 2897 5195 esse;
2930 5146 3122 5186 verum
3159 5131 3211 5185 id
3244 5147 3358 5186 non
3391 5131 3581 5185 admo-

330 5221 564 5290 sepultis
648 5233 973 5288 cernuntur,
1036 5222 1482 5292 quandoquidem
1544 5223 1785 5277 divinior
1840 5238 1902 5277 ac
2004 5221 2134 5274 dum
2165 5221 2352 5278 multis
2381 5223 2630 5287 concedi,
2673 5223 2786 5277 imo
2827 5223 2988 5278 ralde
3017 5223 3253 5293 paucis:
3291 5225 3458 5279 veluti
3490 5239 3584 5279 sa-
3639 5268 3650 5284 _.

335 5313 630 5379 presciens
658 5314 883 5380 quidam
916 5325 1174 5382 aspectus
1201 5312 1513 5378 denuntiat,
1537 5317 1684 5369 tunc
1726 5317 1901 5383 phan-
2005 5311 2213 5383 pientia
2241 5311 2362 5366 sine
2385 5311 2572 5366 labore
2598 5312 2878 5366 Solomoni
2909 5328 3007 5381 pro
3034 5312 3259 5381 praemio
3285 5313 3583 5369 distributa

337 5404 530 5457 tastico
569 5405 766 5458 anima:
813 5406 1008 5474 spiritu
1065 5407 1288 5475 puriore
1343 5417 1556 5474 pacato,
1612 5419 1903 5477 propterea
2007 5405 2435 5474 est;Sampsoni
2461 5421 2593 5460 vero
2623 5407 2873 5475 corporis
2897 5406 3288 5475 insuperabilis
3318 5408 3586 5461 fortitudo

337 5496 479 5563 quod
537 5497 754 5551 solutus
800 5508 888 5552 est
937 5498 1346 5567 quodammodo
1403 5499 1686 5567 corporeis
1739 5509 1908 5569 atque
2010 5497 2411 5567 roburque;ac
2443 5514 2682 5564 rursum,
2711 5499 3042 5554 utliberales
3070 5499 3387 5555 Graecorum
3415 5501 3585 5553 disci-

337 5587 716 5644 materialibus
746 5591 1057 5660 crassisque
1093 5588 1443 5657 tumultibus,
1471 5591 1814 5660 muigmatice
1852 5599 1910 5644 et
2011 5595 2175 5664 ptime
2213 5592 2440 5647 tradunt
2476 5601 2533 5648 et
2574 5593 2831 5661 suadent,
2867 5592 3138 5664 sapientia
3178 5591 3428 5663 quaedam
3475 5607 3587 5646 non

409 5753 426 5776 ‘
464 5753 680 5826 Pagina:
707 5765 837 5809 sunt
863 5755 1126 5811 editionis
1156 5754 1375 5826 Synesii
1410 5754 1742 5822 Petaviamc,
1775 5771 1915 5826 quas
1949 5757 2004 5812 in
2037 5764 2226 5811 nostra
2271 5755 2521 5814 numeris
2560 5753 2960 5828 grandioribus
2999 5754 3393 5827 expressimus.
3436 5755 3585 5813 Enn.
