4060 6204
442 348 549 413 53')

1622 356 2045 419 NICEPHORI
2085 359 2473 422 (ΗΠΒὓοΒῶ

2480 196 2496 227 \

3592 351 3695 409 5‘6

444 460 514 513 τὰ
563 458 728 529 ὅμοια
782 459 985 532 πάσχει
1034 464 1127 515 καὶ
1182 463 1328 516 ποιεῖ
1377 460 1594 517 ἑκάστω
1643 464 1789 535 ζώῳ,
1821 467 1917 519 καὶ
1952 468 2020 521 τὰ
2050 478 2096 530 Α
2126 470 2255 539 περὶ
2286 469 2543 539 κομητῶν
2567 466 2669 522 οὐκ
2704 466 2941 537 εἰρήκει,
2965 466 3050 519 ὅτι
3092 465 3187 519 καὶ
3220 465 3280 529 ἐξ
3325 462 3509 517 αὐτῶν
3532 462 3701 533 ὸρῶσι

451 552 594 622 μέρη
621 553 789 607 αὐτοῦ
821 553 1143 623 συγγένειαν
1165 554 1260 608 καὶ
1285 556 1624 628 ἀδελφότητα
1652 556 1848 627 ἔχοντα
1881 558 2021 628 πρὸς

449 641 675 709 ἄλληλα,
730 644 1061 714 σημαίνουσι
1112 645 1244 714 περὶ
1296 645 1602 715 μελλόντων
1654 647 1723 701 δι’
1776 648 2023 717 ἀλλήλων

452 737 690 800 ᾶπαντα,
728 737 797 790 τὰ
829 735 932 806 μὲν
962 737 1183 806 μᾶλλον,
1214 738 1283 792 τὰ
1311 738 1357 793 δ’
1393 735 1581 811 ἦττον.
1620 735 1754 796 Εἶτα
1796 741 2024 811 προῖὼν,

454 827 644 899 βιϐλίῳ
669 829 768 901 μὲν
793 829 1001 893 είκάξει
1030 830 1121 883 τὸν
1160 832 1364 900 κόσμον
1390 874 1405 899 ,
1457 835 1752 904 γράμμασι
1778 834 1836 888 δὲ
1865 834 1934 887 τὰ
1960 834 2025 887 ὲν

453 920 602 989 αὐτῷ
645 921 823 985 πάντα
864 922 1029 1000 μέρη,
1055 923 1172 987 ζῶα
1215 924 1360 991 λέγω
1410 926 1505 980 καλ⁸
1544 926 1709 995 φυτὰ,
1743 926 1839 980 καὶ
1884 926 2025 994 ἀέρα

455 1011 549 1068 καὶ
575 1011 740 1087 Cibum,
774 1015 869 1067 καὶ⁵
891 1013 1095 1083 λίθους,
1122 1017 1218 1074 καὶ
1255 1018 1426 1073 τᾶλλα
1456 1018 1658 1073 πάντα.
1689 1018 1901 1089 Ὥσπερ
1932 1016 2027 1071 οὖν

454 1106 522 1157 τά
552 1106 610 1159 ὲν
646 1108 759 1169 τοῖς
808 1106 1037 1176 βιϐλίοις
1082 1110 1413 1180 γράμματα,
1440 1111 1718 1183 διαφόρων
1761 1111 2028 1177 γλωσσῶν

454 1197 605 1263 ὂντα,
652 1198 724 1252 τά
777 1199 878 1270 μὲν
925 1200 1401 1270 ἀναγινώσκουσιν
1457 1206 1507 1259 oi
1550 1204 1659 1258 τῶν
1712 1204 2029 1272 Αἰγυπτίων

458 1288 631 1355 σοφοὶ,
671 1289 742 1343 τά
784 1289 842 1343 δὲ
892 1293 941 1349 οί
981 1294 1092 1346 τῶν
1139 1295 1445 1365 Ἑλλήνων·
1480 1296 1575 1350 καὶ
1622 1297 1669 1350 oi
1725 1297 1825 1366 μὲν
1862 1290 2029 1367 ἦττον

456 1380 551 1431 καὶ
598 1380 805 1443 ἀτελῶς
838 1381 942 1450 ἔτι,
975 1382 1167 1453 ὥσπερ
1217 1386 1286 1439 τὰ
1335 1385 1507 1455 βρέφη
1537 1385 2028 1452 ἀναγινώσκουσιν,

444 1472 485 1538 ἢ
524 1474 665 1527 κατὰ
693 1474 987 1542 συλλαϐάς,
1017 1477 1050 1546 ἢ
1083 1478 1303 1547 ἀθρόον,
1331 1479 1427 1548 ἦτε
1454 1478 1591 1549 ὁμοῦ
1627 1478 1727 1548 τὴν
1771 1477 1950 1545 λέξιν·
1978 1482 2030 1533 oi

454 1567 511 1619 δὲ
558 1568 696 1637 όμοῦ
747 1570 1189 1636 ἀναγινώσκουσι
1234 1572 1325 1625 τὸν
1368 1572 1550 1641 λόγον.
1583 1575 1739 1628 Ἔστι
1784 1574 1841 1628 δὲ
1875 1576 2032 1643 λόγος

458 1660 559 1727 μὲν
614 1661 708 1732 ὅλη
759 1664 1049 1733 πρότασις,
1082 1664 1145 1730 ἐξ
1192 1665 1457 1736 ὀνόματος
1516 1670 1612 1721 καὶ
1670 1670 1918 1740 ῥήματος
1968 1670 2033 1722 τὸ

456 1755 685 1823 ἔσχατον
751 1756 1131 1825 συγκείμενος,
1182 1753 1314 1818 οἷον,
1350 1759 1652 1829 Σωκράτης
1706 1764 2028 1832 περιπατεῖ.

454 1845 617 1915 Δηλοῖ
667 1848 775 1919 γὰρ
823 1848 1033 1904 ἔννοιαν
1083 1849 1116 1920 ἢ
1166 1851 1538 1919 ἀληθεύουσαν
1584 1852 1616 1923 ἢ
1669 1853 2029 1924 ψευδομένην.

454 1936 617 2001 Λέξις
647 1937 703 1993 δέ
752 1940 869 1995 ἐστι
917 1940 1084 2010 μέρος
1137 1940 1320 2009 λόγου,
1354 1937 1487 2015 οἷον,
1522 1944 1819 2014 Σωκράτης
1841 1960 1855 1974 ·
1893 1945 2033 2013 ὅπερ

454 2030 517 2082 οὐ
566 2029 717 2100 δηλοῖ
765 2030 888 2105 οὔτε
934 2031 1197 2102 ἀλήθειαν
1239 2034 1365 2088 οὔτε
1409 2035 1645 2105 ψεῦδος·
1691 2036 1931 2108 συλλαϐὴ
1974 2035 2032 2089 δέ

456 2124 573 2175 hort
629 2124 796 2193 μέρος
852 2124 1072 2201 λέξεως,
1111 2121 1222 2183 οἷον
1261 2130 1324 2181 ὲκ
1366 2126 1461 2180 τοῦ
1508 2128 1834 2199 Σωκράτους
1870 2128 2034 2197 μόνον

454 2214 517 2265 τὸ
548 2213 656 2279 Σω,
686 2216 825 2283 ὅπερ
850 2216 1003 2271 οὐδὲν
1053 2220 1331 2285 σημαίνει.
1371 2217 1560 2281 Οὕτως
1592 2219 1706 2291 οὖν,
1747 2220 1907 2291 φησὶ,
1938 2220 2036 2273 καὶ

455 2307 503 2358 οἱ
542 2307 696 2377 σοφοὶ
742 2310 1019 2379 προφῆται
1049 2311 1144 2363 καὶ
1195 2311 1419 2378 μάντεις
1469 2312 1937 2381 ἀναγινώσκοντες
1965 2314 2034 2366 τὰ

456 2398 514 2452 έν
558 2395 638 2465 τῷ
692 2396 887 2466 κόσμῳ
936 2388 1260 2469 πράγματα,
1296 2403 1570 2470 προορῶσι
1615 2402 1676 2456 τὸ
1707 2403 1935 2472 μέλλον·
1982 2404 2035 2457 ot

461 2489 560 2557 μὲν
584 2492 650 2552 ὲκ
672 2490 781 2545 τῶν
813 2493 1081 2563 ἀστέρων,
1106 2494 1139 2567 ἢ
1167 2497 1275 2548 τῶν
1321 2498 1595 2565 μενόντων
1625 2499 1684 2553 έν
1708 2500 1773 2570 τῇ
1804 2499 2038 2553 ἀπλανεῐ

460 2581 691 2654 σφαίρᾳ,
719 2584 752 2655 ἢ
786 2584 894 2638 τῶν
930 2585 1156 2657 πυρσῶν
1178 2588 1288 2640 τῶν
1319 2588 1377 2640 ὲν
1407 2588 1486 2658 τῷ
1519 2588 1645 2661 ἀέρι
1683 2589 2033 2661 διᾳττόντων,

456 2672 495 2729 ι
541 2673 603 2727 οὐ
665 2674 870 2745 κυρίως
924 2677 1064 2730 εἰσὶν
1122 2677 1322 2753 ἄστρα,
1369 2680 1505 2733 ἀλλὰ
1569 2680 1821 2746 δοκοῦσιν
1882 2683 2036 2752 ὅμως

458 2767 657 2846 ἄστρα,
699 2769 793 2828 καὶ
841 2769 982 2833 αὐτὰ
1033 2771 1345 2841 ὁμωνύμως
1395 2771 1557 2827 καλεῐ
1612 2774 1708 2827 νῦν
1738 2790 1752 2806 ο
1792 2775 1923 2845 περὶ
1978 2775 2037 2829 δὲ

459 2857 638 2929 ἡλίου,
678 2861 773 2915 καὶ
830 2860 1084 2940 σελήνης,
1118 2862 1351 2916 καὶτῶν
1392 2862 1781 2932 πλανωμένων,
1828 2863 1924 2917 καὶ
1955 2862 2037 2921 ἔτι

460 3023 667 3089 similia
693 3023 921 3085 cuilibet
944 3021 1212 3081 animanti
1238 3022 1449 3093 patitur
1474 3032 1529 3079 et
1560 3021 1692 3078 facit
1718 3039 1733 3077 :
1766 3030 1824 3078 et
1851 3031 2037 3092 partes

462 3116 639 3185 ipsius
664 3114 985 3173 aﬂinitatem
1007 3122 1064 3168 et
1093 3113 1390 3168 fraternam
1418 3114 1771 3172 concordiam
1804 3115 1949 3169 inter
1979 3128 2038 3171 se

464 3207 735 3264 habentes
762 3207 1081 3278 exprimunt
1114 3216 1280 3277 atque
1312 3207 1656 3278 portendunt
1695 3209 1882 3263 omnia
1920 3223 2039 3262 mu-

464 3307 574 3357 tuae
601 3296 913 3363 concordia:
939 3308 1231 3358 eventura.
1266 3297 1518 3367 quaedam
1558 3298 1753 3367 magis,
1785 3297 2037 3368 quaedam

466 3390 669 3444 minus.
721 3389 988 3461 Deinceps
1017 3390 1398 3465 progrediens,
1431 3389 1575 3465 libro
1619 3389 1842 3461 quidem
1877 3404 2040 3444 mun-

466 3482 595 3537 dum
625 3490 929 3551 comparat,
955 3482 1180 3545 'litteris
1216 3496 1412 3551 omnes
1460 3481 1634 3553 ipsius
1665 3490 1873 3552 partes,
1922 3483 2041 3537 ani-

467 3573 672 3630 mantia
703 3573 827 3648 dico
857 3582 912 3628 et
959 3573 1195 3643 plantas,
1229 3588 1412 3637 aerem
1465 3582 1523 3637 et
1559 3588 1782 3643 aquam,
1818 3588 1945 3628 saxa
1983 3581 2042 3628 et

467 3666 676 3738 reliqua
697 3666 902 3721 omnia.
921 3664 1392 3733 Quemadmodum
1412 3665 1580 3737 igitur
1597 3667 1649 3720 in
1668 3666 1827 3735 libris
1848 3666 2042 3722 littera:

464 3768 594 3812 sunt
631 3757 974 3824 diversarum
1015 3757 1348 3829 linguarum,
1380 3768 1436 3819 et
1481 3758 1580 3821 has
1616 3757 1842 3826 quidam
1876 3771 2043 3827 agno-

465 3859 629 3920 scunt
654 3864 718 3912 ac
746 3848 1111 3922 pronuntiant
1142 3847 1551 3921 Egyptiorum,
1581 3849 1703 3913 illas
1738 3864 1866 3903 vero
1894 3846 2043 3907 Grae—

465 3958 658 3997 corum
712 3943 995 4012 sapientes
1048 3962 1060 3997 :
1116 3942 1173 4016 bi
1230 3942 1454 4014 quidem
1509 3941 1692 4016 minus
1743 3952 1799 3998 et
1860 3941 2043 4011 adhuc

467 4033 814 4107 imperfecte,
845 4034 994 4103 haud
1025 4049 1186 4100 secus
1234 4043 1398 4105 atque
1436 4035 1675 4097 infantes
1705 4035 1916 4103 legunt,
1948 4042 2044 4105 aut

470 4142 568 4195 per
610 4125 872 4199 syllabas,
916 4133 1013 4187 aut
1044 4126 1359 4197 confertim,
1390 4126 1475 4195 vel
1522 4125 1818 4189 dictionem
1852 4124 2040 4189 simul,

467 4218 561 4279 alii
615 4225 800 4273 autem
852 4215 1445 4287 recitantorationcm.
1501 4216 1600 4277 Est
1647 4226 1830 4288 autem
1860 4215 2043 4270 oratio

467 4307 680 4377 integra
712 4305 1017 4375 propositio
1048 4320 1113 4359 ex
1152 4306 1374 4378 nomine
1421 4315 1475 4360 et
1521 4306 1692 4361 verbo
1721 4304 2039 4369 summatim

466 4408 751 4465 constans,
786 4396 979 4472 veluti,
1029 4396 1285 4455 Socrates
1325 4398 1590 4463 ambulat.
1631 4396 1862 4459 Constat
1892 4397 2041 4454 enim

2124 562 2191 616 τὸ
2220 561 2415 632 μέλλον
2442 562 2492 615 oi
2516 562 2693 630 σοφοὶ,
2712 560 2744 630 ἦ
2766 558 2843 623 ὡς
2872 557 3315 627 ὁμολογουμένου
3342 557 3459 618 τοῖς
3493 553 3698 608 ἅπασιν

2124 656 2209 710 ὅτι
2237 655 2511 723 δηλοῦσιν,
2544 656 2577 725 ἢ
2607 655 2691 708 ὅτι
2731 652 2974 723 ἠρκέσθη
3012 651 3082 705 τὰ
3122 648 3474 721 γειτονοῦντα
3499 648 3695 713 εἰπὼν,

2129 748 2224 802 καὶ
2273 748 2500 817 νομίσας
2545 746 2707 816 δῆλον
2748 742 2888 799 εἶναι
2941 744 3005 797 ἐκ
3057 742 3287 806 τούτων,
3334 742 3417 795 ὅτι
3473 742 3703 794 κάκεῖνα

2131 838 2620 895 συνυπακούονται.
2657 839 2721 892 Ol
2774 838 2874 904 μὲν
2916 833 3031 901 οὖν,
3069 836 3257 906 φησιν,
3296 835 3361 890 ἐκ
3403 834 3512 888 τῶν
3540 834 3701 887 ἀστέ-

2132 950 2241 1003 ρων
2272 932 2551 1003 προορῶσι
2581 931 2643 985 ca
2673 929 2899 1000 μέλλον·
2928 930 2978 983 οἱ
3004 929 3061 983 δὲ
3107 930 3173 982 ὲκ
3217 928 3328 981 τῶν
3373 926 3699 994 σπλάγχνων

2129 1024 2241 1079 τῶν
2285 1022 2738 1092 ἀνατεμνομένων
2778 1021 3049 1091 σφαγίων,
3078 1019 3107 1073 ὃ
3155 1019 3220 1090 δη
3261 1018 3454 1089 θυτικὴ
3494 1018 3589 1073 καὶ
3615 1017 3697 1069 ἐν·

2130 1133 2295 1186 τομος
2327 1116 2548 1185 λέγεται
2588 1113 2922 1184 πρόγνωσις.
2951 1113 3028 1167 Οὔ
3074 1114 3211 1165 πᾶσι
3259 1110 3317 1165 δὲ
3340 1112 3454 1172 τοῖς
3495 1108 3701 1175 σπλάγ‹

2132 1226 2278 1279 χνοις
2308 1210 2357 1262 oi
2391 1209 2616 1279 μάντεις
2649 1205 2890 1277 ἐχρῶντο
2921 1205 3058 1276 πρὸς
3091 1204 3326 1275 δήλωσιν
3365 1203 3477 1256 τῶν
3508 1201 3699 1268 ἐσομέ-

2133 1319 2261 1365 νων,
2309 1300 2445 1355 am
2503 1299 2580 1370 τῷ
2645 1299 2819 1371 ἥπατι
2878 1297 3057 1368 μόνῳΙΙ
3106 1296 3393 1366 σπλάγχνα
3449 1293 3509 1347 δέ
3565 1294 3704 1345 εἰσιν

2133 1397 2293 1458 ἑπτὰ,
2337 1393 2555 1465 καρδία,
2602 1387 2777 1464 ἧπαρ,
2828 1390 3024 1462 σπλὴν,
3077 1389 3372 1460 στόμαχος,
3424 1387 3700 1457 πνεύμων,

2132 1490 2228 1543 καὶ
2255 1489 2447 1558 νεφροὶ
2479 1486 2596 1542 δύο.

2204 1584 2273 1638 El
2302 1582 2371 1634 δὲ
2398 1582 2703 1651 σημαίνει.
2735 1579 2981 1650 Δήλωσιν
3006 1576 3212 1632 δίδωσι.

2205 1678 2338 1733 Pac.
2391 1675 2515 1730 132.
2559 1673 2910 1743 Γράμματα.
2951 1669 3423 1742 Οὐράνια,άέρια,
3469 1667 3706 1736 ἐπίγεια,

2136 1772 2425 1827 θαλάσσια.

2206 1865 2415 1919 Φύσει.
2455 1861 2517 1915 '0
2563 1861 2624 1915 ὲν
2671 1861 2739 1931 τῇ
2798 1859 2960 1931 φύσει
3008 1856 3119 1912 τῶν
3173 1855 3345 1910 ὄντων
3381 1852 3470 1908 διὰ
3513 1853 3708 1922 πείρας

2134 1956 2427 2025 ἀναγνούς.

2210 2050 2454 2113 Ἄλλος.
2496 2046 2688 2115 Σοφός.

2212 2140 2290 2194 Τὰ
2329 2137 2556 2205 πυρσά.
2591 2137 2779 2191 Ταῦτα
2820 2136 2879 2189 ὲν
2921 2133 3000 2204 τῷ
3028 2132 3353 2204 στοιχιιακῷ
3396 2130 3532 2201 πυρὶ
3585 2129 3711 2199 φαί-

2135 2246 2341 2293 νονται,
2387 2228 2515 2284 ἔνθα
2568 2226 2759 2298 ὥσπερ
2814 2224 3140 2297 μεταίχμιόν
3197 2226 3347 2279 ἐστιν
3402 2223 3564 2292 ἀέρος
3620 2222 3712 2274 καὶ

2137 2324 2374 2394 αἰθέρος.

2220 2415 2325 2471 Ἐν
2357 2414 2629 2483 ὀρνίθων.
2675 2412 2865 2466 Ταῦτα
2913 2411 3014 2479 μὲν
3067 2409 3214 2472 ίδίως
3254 2409 3362 2462 εἰσι
3411 2408 3523 2461 τῶν
3572 2407 3711 2476 ὀρνιο

2138 2508 2421 2564 θοσκόπων
2479 2505 2813 2576 θεωρήματα
2837 2521 2851 2536 ο
2914 2503 3064 2559 ἄλλοι
3143 2503 3200 2556 δὲ
3252 2502 3361 2573 ⁸διὰ
3429 2498 3717 2570 συμϐόλων

2139 2597 2419 2670 προορῶσι
2476 2613 2641 2651 τινων
2692 2596 2790 2650 καὶ
2844 2592 3219 2665 σημειώσεων,
3272 2586 3351 2645 ὧν
3395 2590 3551 2644 αὐτοὶ
3591 2588 3717 2642 καθ’

2137 2694 2338 2754 αὐτοὺς
2368 2693 2432 2744 ὲκ
2473 2690 2669 2760 πείρας
2704 2689 3114 2761 ἐσημειώσαντο
3135 2702 3150 2719 ·
3185 2687 3331 2753 λέγω
3354 2684 3418 2753 δὴ
3460 2683 3713 2753 παλμοὺς

2137 2781 2433 2851 ὀφθαλμῶν
2480 2781 2513 2851 ἢ
2546 2780 2797 2851 καρδίας,
2827 2779 2859 2849 ἤ
2893 2779 3056 2834 ἄλλου
3090 2794 3186 2831 του
3239 2777 3438 2846 μέρους
3481 2776 3579 2828 καὶ
3617 2774 3717 2843 μέ-

2139 2874 2286 2940 λους,
2340 2874 2373 2945 ἢ
2433 2876 2583 2945 ῥινὸς
2636 2872 3077 2945 γαργαλισμοὺς,
3137 2871 3172 2941 ἦ
3229 2887 3394 2924 τινων
3455 2868 3717 2939 ἐντυχίας

2145 3042 2408 3107 praeterea
2437 3032 2505 3088 de
2531 3030 2766 3087 cometis
2795 3047 2898 3086 nec
2928 3030 3148 3086 locutus
3184 3036 3290 3094 est,
3322 3027 3452 3099 quia
3478 3042 3546 3082 ex
3580 3027 3721 3097 ipsis

2069 3150 2113 3210 ο
2147 3124 2338 3179 vident
2371 3122 2619 3179 futurum
2646 3120 2950 3192 sapientes,
2982 3120 3070 3175 vel
3101 3119 3247 3190 quod
3274 3119 3622 3189 exploratum
3644 3117 3723 3174 sit

2145 3215 2408 3271 omnibus
2432 3213 2526 3283 qui
2554 3212 2689 3269 illud
2726 3212 2998 3278 indicant,
3038 3221 3133 3266 aut
3163 3210 3311 3282 quod
3341 3211 3399 3266 in
3434 3210 3501 3265 iis
3526 3210 3723 3280 acqui-

2147 3307 2261 3362 evit
2292 3306 2339 3372 is
2364 3306 2457 3377 qui
2486 3305 2793 3376 propinqua
2822 3303 2982 3370 dixit,
3001 3304 3084 3358 vel
3113 3304 3330 3374 putavit
3356 3319 3429 3359 ex
3458 3302 3577 3358 illis
3597 3314 3723 3357 ma-

2145 3399 2408 3454 nifestum
2465 3414 2608 3460 esse.
2659 3398 2807 3468 quod
2856 3397 3025 3455 etiam
3076 3412 3142 3451 ea
3196 3394 3720 3466 subintelliguntur,

2145 3493 2412 3561 Quocirca
2441 3492 2478 3547 ii
2511 3495 2592 3562 (ut
2621 3491 2800 3558 aiunt)
2823 3506 2854 3545 e
2880 3489 3056 3546 stellis
3086 3488 3421 3559 praesagiunt
3445 3485 3724 3554 laturum,

2146 3585 2223 3639 illi
2269 3592 2451 3639 autem
2502 3598 2534 3637 e
2586 3581 2894 3637 visceribus
2930 3581 3279 3635 victimarum
3328 3586 3722 3643 mactatarum,

2146 3692 2267 3746 quae
2295 3676 2518 3747 quidem
2558 3675 2933 3745 haruspicina,
2960 3683 3016 3729 et
3039 3689 3070 3729 e
3120 3671 3273 3727 ﬁbris
3310 3672 3725 3728 immolatarum

2147 3769 2454 3825 hostiarum
2508 3768 2677 3824 sectis
2722 3765 2996 3822 divinatio
3048 3764 3381 3835 appellatur.
3431 3761 3542 3817 Sed
3606 3777 3722 3825 non

2147 3863 2409 3919 onmihus
2438 3861 2721 3920 intestinis
2750 3858 3075 3928 haruspices
3108 3860 3407 3926 utebantur
3435 3856 3501 3911 ad
3536 3855 3725 3925 expia.

2147 3956 2431 4011 nationem
2491 3955 2832 4018 futurorum,
2893 3950 2991 4018 sed
3047 3950 3167 4007 solo
3217 3948 3440 4020 hepate.
3497 3948 3726 4005 Viscera

2147 4063 2318 4118 porro
2343 4056 2476 4102 sunt
2502 4056 2735 4116 septem,
2770 4059 2887 4113 cor,
2930 4044 3111 4115 jecur,
3157 4041 3338 4119 splen,
3370 4042 3711 4115 stomachus,

2148 4139 2358 4211 pulmo,
2389 4138 2499 4193 duo
2528 4152 2709 4193 renes.

2218 4230 2573 4286 Ponendum.
2599 4229 2966 4293 Manifestaut,
3008 4226 3252 4300 tradunt.

2222 4317 2293 4372 Et
2314 4329 2436 4373 sunt
2466 4336 2529 4373 ea
2580 4317 2742 4377 ueluti
2774 4316 3087 4387 multiplicia
3119 4314 3399 4379 elementa.
3440 4314 3704 4395 Caelestis

2150 4426 2337 4476 aerea,
2366 4411 2675 4481 terrestria,
2695 4419 2751 4465 et
2782 4409 3018 4465 marina.

466 4490 637 4563 animi.
686 4489 1109 4559 conceptionem
1138 4498 1194 4545 ει
1226 4505 1449 4553 Sensum
1495 4497 1590 4555 alii
1646 4505 1899 4558 veracem
1948 4498 2045 4559 aut
2075 4518 2121 4574 ι)
2226 4502 2434 4559 Natura
2483 4502 2613 4557 duce
2654 4503 2867 4577 edoctus
2920 4510 3021 4575 est.
3073 4500 3177 4570 Qui
3216 4500 3272 4561 in
3306 4510 3507 4577 natura
3538 4516 3729 4574 rerqtn

466 4581 792 4641 mendacem
821 4594 964 4635 esse.
1000 4578 1107 4633 Sed
1156 4579 1327 4649 dictio
1362 4594 1489 4650 pars
1520 4588 1605 4635 est
1635 4579 1925 4646 orationis,
1958 4591 2041 4642 υι,

467 4670 744 4739 Socrates,
776 4671 924 4742 quod
969 4671 1194 4743 quidem
1226 4687 1424 4747 nomen
1463 4688 1564 4743 nec
1597 4689 1785 4727 verum
1817 4688 1919 4729 nec
1947 4672 2047 4741 fal-

467 4781 589 4820 sum
628 4765 894 4837 declarat.
931 4765 1027 4821 Est
1072 4777 1259 4821 autem
1314 4768 1523 4839 syllaba
1578 4783 1704 4836 pars
1754 4750 2043 4833 dictionis,

467 4860 634 4936 sicuti
687 4876 752 4914 ex
807 4861 908 4915 hac
955 4876 1091 4933 voce
1143 4859 1401 4917 Socrates
1448 4861 1716 4931 duntaxat
1767 4862 1861 4927 So,
1896 4862 2044 4932 quod

465 4952 690 5022 quidem
725 4952 860 5006 nihil
903 4952 1195 5024 significat.
1240 4953 1331 5009 Sic
1384 4954 1575 5035 igitur,
1626 4954 1828 5024 inquit,
1878 4955 2044 5020 etiam

467 5045 766 5116 sapientes,
795 5045 1076 5115 prophetae
1094 5054 1150 5101 et
1172 5062 1409 5118 augures
1427 5046 1612 5105 animo
1642 5047 2044 5118 perlustrantes

469 5151 535 5204 ea
564 5152 685 5206 qua:
714 5137 770 5201 in
807 5136 1013 5191 mundo
1053 5138 1430 5202 continentur,
1457 5148 1719 5209 tanquam
1751 5154 1819 5202 ex
1860 5140 2043 5211 aliqua

468 5230 692 5300 specula
723 5231 775 5286 id
819 5231 967 5301 quod
996 5229 1243 5291 futurum
1271 5241 1326 5287 et
1359 5243 1689 5297 eventurum
1717 5246 1802 5288 εει
1834 5233 2044 5303 prospie

468 5324 646 5391 ciunt,
686 5322 742 5376 hi
772 5324 997 5397 quidem
1041 5338 1109 5377 ex
1151 5323 1337 5390 astris,
1371 5333 1467 5397 aut
1508 5340 1576 5389 ex
1624 5324 1712 5380 his
1764 5325 2044 5395 sideribus

466 5432 532 5473 ac
560 5416 737 5472 stellis
784 5432 905 5487 quae
954 5417 1073 5475 ﬁxa:
1125 5424 1348 5477 manent
1397 5418 1453 5472 in
1504 5418 1720 5488 sphaira
1774 5417 2045 5489 globoque

466 5508 702 5578 caelesti,
751 5517 850 5563 aut
880 5524 945 5565 ex
992 5509 1227 5582 ﬂammis
1276 5510 1329 5564 in
1372 5526 1498 5569 aere
1542 5511 1876 5565 micantibus
1922 5527 2045 5581 qua:

467 5603 692 5684 proprie
724 5618 833 5659 non
870 5612 1001 5660 sunt
1048 5613 1216 5670 astra,
1250 5603 1613 5659 nihilominus
1654 5614 1801 5659 astra
1848 5602 2043 5658 viden-

469 5703 581 5760 tur,
612 5706 667 5751 et
695 5697 811 5767 ipsa
851 5696 1131 5754 communi
1167 5697 1392 5752 nomine
1434 5697 1597 5752 modo
1629 5706 2042 5766 nuncupantur.

470 5786 548 5857 tle
589 5789 705 5845 sole
761 5800 945 5857 autem
991 5799 1047 5846 et
1094 5795 1224 5847 tuna
1268 5804 1330 5847 ac
1354 5790 1569 5863 caeteris
1601 5790 1938 5859 errantibus,
1992 5801 2047 5846 ct

2152 4612 2249 4667 per
2280 4596 2683 4667 experientiam
2732 4595 2889 4671 legit.

2219 4686 2387 4740 Alius.
2414 4686 2667 4756 Sapiens.

2222 4776 2646 4845 Flammeorum.
2682 4779 2788 4849 ista
2820 4777 2875 4855 in
2909 4773 3019 4844 igni
3056 4774 3374 4851 elementali
3418 4789 3690 4855 apparent
3712 4820 3731 4845 ,

2152 4869 2246 4944 ubi
2276 4870 2444 4947 veluti
2472 4871 2723 4942 quaedam
2755 4852 3109 4943 intercapedo
3150 4880 3237 4925 est
3268 4870 3416 4926 aeris
3452 4852 3509 4928 et
3555 4873 3733 4928 athe-.-

2150 4964 2248 5019 ris.

2218 5053 2286 5123 In
2317 5053 2507 5123 alitum
2535 5051 2890 5124 clangoribus.
2918 5055 3039 5126 ista:
3064 5055 3287 5126 quidem
3319 5056 3731 5126 speculationes

2148 5154 2279 5201 sunt
2303 5159 2492 5201 eorum
2524 5145 2621 5215 qui
2646 5160 2714 5201 ex
2742 5147 2923 5203 avium
2950 5150 3183 5218 garritu,
3212 5147 3398 5202 volatu
3440 5159 3537 5202 aut
3566 5161 3728 5217 pastu

2149 5236 2335 5293 futura
2371 5238 2696 5310 prardicunt.
2752 5239 2859 5313 Alii
2902 5254 3034 5296 vero
3065 5256 3164 5310 per
3188 5239 3437 5311 quaedam
3478 5241 3728 5313 symbol:

2146 5339 2205 5398 et
2251 5330 2759 5400 animadversiones
2798 5330 3103 5401 praavident
3130 5374 3145 5399 ,
3201 5348 3340 5403 quas
3388 5331 3492 5402 ipsi
3534 5348 3635 5402 per
3665 5348 3728 5389 se

2147 5422 2487 5491 experientia
2522 5422 2662 5475 duce
2694 5420 3029 5477 adnotarunt
3050 5461 3067 5489 ,
3101 5410 3368 5478 tremores
3397 5438 3463 5477 ac
3492 5423 3729 5500 palpita-

2149 5510 2329 5567 tiones
2365 5512 2649 5571 oculorum
2685 5511 2834 5580 dico,
2876 5513 2960 5568 vel
3014 5514 3225 5580 cordis,
3253 5524 3349 5569 ant
3375 5503 3517 5589 alius
3554 5512 3727 5585 partis

2148 5613 2243 5660 aut
2268 5602 2533 5669 membri,
2568 5603 2655 5657 vel
2694 5603 2811 5658 nasi
2868 5604 3217 5660 titillationes
3242 5647 3256 5672 ,
3292 5615 3388 5659 aut
3420 5606 3721 5660 nonnullo-

2150 5712 2272 5751 rum
2302 5710 2629 5767 congressus
2665 5696 3040 5766 inauspicatos
3067 5697 3279 5761 invia,
3316 5712 3478 5768 quem
3520 5696 3719 5752 malum

2152 5790 2402 5863 vulgares
2422 5804 2718 5863 occursum
2750 5800 2970 5867 vocant,
3006 5803 3099 5847 aut
3119 5790 3412 5863 quamdam
3440 5803 3470 5844 a
3496 5799 3725 5863 pra-ter:
