4060 6204
338 333 440 396 537

1214 337 1542 398 scaeua
1587 337 1667 398 1N
1712 337 2097 400 SYNESIUM
2141 342 2238 401 DE
2280 301 2713 403 assumus.

3493 345 3598 407 538

336 446 754 514 δυσοιωνίστους
782 451 904 505 καθ’
928 452 1068 518 ὁδὸν,
1101 451 1130 506 ὃ
1169 453 1263 507 καὶ
1295 453 1464 507 κακὸν
1493 453 1545 506 οἱ
1574 454 1743 510 κοινοί
1773 468 1907 523 φασι
1938 460 1982 514 Δ
2013 457 2296 528 ἑκατέροις
2343 457 2438 511 καὶ
2488 458 2713 512 παλαιοὶ
2757 461 2852 515 καὶ
2901 458 3031 514 νέοι.
3087 458 3296 532 Ὥσπερ
3359 456 3452 516 οὖν
3483 467 3594 526 τοῖς

316 540 692 612 ,συνάντημαο
723 542 758 613 ἢ
791 561 915 597 τινα
953 544 1021 597 ὲκ
1065 542 1160 598 τοῦ
1207 545 1553 615 παρήκοντος
1585 543 1920 613 λαληθεῐσαν

341 632 547 701 φωνὴν,
584 631 776 705 ὥσπερ
821 635 1237 690 συνεπεπτώκει
1291 637 1424 690 ποτὲ
1471 639 1566 691 κα)⁸
1609 635 1810 708 Παύλῳ
1840 635 1920 706 τῷ

342 723 610 796 Δίμυλίφ,
642 724 720 795 τῷ
751 728 819 779 ὲκ
861 726 1157 795 Ῥωμαίων
1203 728 1570 783 ἀποσταλέντι
1629 729 1920 800 στρατηγῷ

343 815 422 878 είς
445 816 738 872 ἀντίπαλον
770 819 952 889 μάχην
974 821 1070 876 τοῦ
1116 822 1370 893 Περσέως
1412 822 1507 876 τοῦ
1535 823 1644 876 τῶν
1675 822 1921 877 Μακεδό-

341 922 450 959 νων
476 905 761 976 βασιλέως.
799 909 1080 964 Μέλλοντα
1130 911 1239 983 γάρ
1282 912 1508 977 ἐξιέναι,
1540 913 1707 982 φασιν
1738 915 1918 966 titana-

342 996 568 1066 ζόμενον
618 999 679 1062 τὸ
723 999 1019 1072 θυγάτριον
1065 1004 1250 1074 εὑρεῖν
1300 1003 1435 1058 αὐτὸ
1486 1004 1913 1075 δεδακρυμένον,

344 1087 440 1142 καὶ
471 1089 573 1161 τὴν
619 1090 799 1146 αἰτίαν
857 1093 957 1164 τῆς
1009 1092 1186 1165 λύπης
1219 1093 1517 1166 ἀκηκοέναι
1547 1095 1682 1166 παρ’
1727 1095 1916 1162 αὐτοῦ,

349 1179 494 1245 Ὀτι,
534 1183 688 1251 φησι,
711 1184 741 1237 ό
765 1185 1006 1253 Περσεὺς
1030 1185 1333 1256 ἐτεθνήκει.
1361 1183 1469 1244 Ἦν
1505 1186 1582 1259 δὲ,
1605 1189 1634 1241 ό
1675 1188 1917 1260 Περσεὺς

342 1270 400 1322 ὃν
443 1269 671 1339 ἔφασκε,
716 1275 952 1346 κυνίδιον
1011 1279 1312 1348 σύντροφον
1356 1278 1434 1348 τῷ
1475 1277 1788 1349 θυγατρίῳ·
1824 1279 1916 1333 τὸν

342 1361 422 1424 δὲ,
465 1363 664 1436 ’Δγαθῇ
715 1366 882 1450 osum,
915 1368 1102 1436 φάναι,
1134 1363 1179 1423 ὦ
1227 1369 1488 1442 θυγάτερ,
1546 1372 1639 1425 καὶ
1685 1359 1914 1442 δέχομαι

342 1452 433 1505 τὸν
467 1454 652 1508 οἰωνόν
675 1472 692 1489 ο
722 1456 895 1512 ταῦτα
943 1458 1200 1526 διέξεισιν
1231 1463 1291 1515 ὲν
1320 1464 1436 1526 τοῖς
1485 1463 1616 1535 περὶ
1644 1462 1914 1535 μαντικῆς

343 1548 370 1599 ὁ
408 1547 571 1617 σοφὸς
608 1551 879 1620 Κικέρων.

409 1642 787 1710 Καλούμενα.
816 1644 974 1715 Παρὰ
998 1645 1109 1700 τῶν
1143 1645 1374 1705 πολλῶν.

411 1731 798 1844 Συγκῗρσεις.
833 1734 1140 1807 Συντυχίαι,
1186 1739 1600 1810 συναντήματα,
1634 1740 1728 1795 ἐπ’
1761 1741 1910 1813 ἄλλῳ
1944 1789 1984 1844 Β

346 1821 441 1890 μὲν
498 1822 789 1893 πράγματι
850 1825 1153 1896 γινόμεναι,
1211 1827 1300 1882 ἐπ’
1359 1830 1506 1901 ἄλλῳ
1569 1831 1625 1884 δὲ
1681 1833 1912 1886 ἀποϐαί-

317 1941 320 1944 ’
342 1929 550 1969 νουσαι.

412 2007 651 2064 Ἅπασι.
698 2011 973 2084 ’Δλλήλοις
1007 2015 1273 2088 ἀλλήλων.

411 2100 578 2156 Ὥστ⁸
609 2104 663 2156 εἰ
700 2105 908 2174 σοφία.
941 2106 1124 2161 Θέλων
1165 2110 1564 2181 ἐναργέστερον
1613 2109 1694 2164 ἔτι
1738 2110 1911 2178 δεῖξαι

340 2185 440 2258 τὴν
466 2188 578 2244 τῶν
604 2192 788 2266 μερῶν
827 2193 921 2248 τοῦ
955 2195 1166 2267 κόσμου
1200 2198 1489 2254 κοινωνίαν
1528 2200 1662 2269 πρὸς
1706 2201 1912 2272 ἄλληλα

343 2281 436 2334 καὶ
493 2285 835 2353 συγγένειαν,
883 2289 1071 2358 φησὶν,
1117 2290 1222 2355 ὅτι,
1291 2294 1340 2346 εί
1391 2294 1488 2345 καὶ
1541 2298 1652 2358 τοῖς
1705 2293 1911 2364 ὄρνισιν

340 2371 465 2440 ἐνῆν
525 2374 688 2442 σοφία
749 2393 855 2441 τις,
912 2377 1102 2450 ὥσπερ
1158 2385 1272 2443 τοῖς
1337 2384 1649 2453 ἀνθρώποις
1709 2385 1909 2452 ἔνεστι,

340 2463 536 2533 τέχνην
585 2465 651 2520 ἂν
706 2469 803 2523 καὶ
850 2471 900 2524 oi
945 2471 1164 2543 ὄρνιθες
1210 2475 1269 2541 ἐξ
1314 2476 1620 2547 ἀνθρώπων
1653 2481 1913 2548 συνεστή-

343 2569 524 2620 σαντο,
569 2555 759 2627 ὥσπερ
813 2560 909 2614 καὶ
957 2565 1006 2616 oi
1065 2563 1340 2636 ἄνθρωποι
1401 2568 1466 2620 ἐκ
1511 2567 1621 2620 τῶν
1678 2567 1912 2638 ὀρνίθων

341 2650 734 2719 συνεστήσαντο
766 2653 962 2725 τέχνην
1008 2658 1295 2728 μαντικὴν,
1325 2659 1392 2729 ἢν
1445 2659 1708 2715 καλοῦσιν
1734 2663 1913 2714 οίωνι-

341 2741 536 2811 στικὴν
566 2743 659 2795 καὶ
683 2743 1161 2817 ὀρνιθοσκοπικήν.
1203 2749 1310 2802 Καὶ
1339 2748 1448 2818 γὰρ
1477 2749 1666 2821 ὥσπερ
1697 2751 1911 2822 δρνιοες

339 2832 425 2886 ἀεί
483 2836 624 2886 εἰσιν
664 2836 723 2901 ἐξ
779 2839 954 2910 ἀρχῆς
1002 2841 1096 2909 ἀφ’
1156 2833 1218 2895 οὗ
1265 2843 1500 2912 συνέστη
1553 2842 1671 2896 τόδε
1711 2844 1773 2897 τδ
1805 2845 1912 2898 πάν

341 2921 508 2992 μέχρι
533 2921 651 2992 νῦν,
679 2923 821 2981 οὕτω
849 2929 942 2983 καὶ
969 2929 1020 2983 oi
1047 2929 1325 3002 ἄνθρωποι
1366 2933 1452 2986 ἀεί
1483 2933 1624 2987 εἰσιν
1662 2933 1914 3004 ἑκάτεροι

337 3093 506 3138 eunte
546 3085 956 3152 pronuntiatam
990 3087 1396 3146 inconsiderate
1443 3105 1634 3147 vocem
1667 3106 1914 3160 :quem-

339 3171 636 3235 admodum
700 3175 996 3245 aliquando
1053 3177 1255 3233 accidit
1305 3179 1474 3236 Paulo
1530 3179 1756 3235 Emilio
1804 3183 1916 3237 Ro-

347 3278 639 3320 manorum
708 3266 1032 3336 imperatori
1101 3270 1350 3342 ablegato
1403 3272 1457 3326 in
1539 3272 1916 3329 adversarium

346 3356 596 3429 praelium
613 3357 800 3415 Persei
841 3359 1199 3416 Macedonum
1231 3362 1392 3434 regis,
1419 3378 1582 3433 quem
1613 3365 1767 3420 aiunt
1805 3381 1921 3420 am-

347 3446 568 3516 plexum
605 3447 774 3505 fuisse
806 3449 1059 3519 ﬁliolam,
1091 3463 1146 3508 et
1193 3467 1312 3508 eam
1355 3453 1633 3510 invenisse
1666 3455 1921 3527 lacrymis

349 3541 628 3610 perfusam
651 3582 668 3608 ,
701 3557 1039 3615 causamque
1091 3545 1349 3602 mceroris
1396 3548 1466 3602 ab
1497 3562 1559 3602 ea
1612 3549 1871 3604 didicisse
1901 3568 1917 3608 :

346 3631 642 3700 Quoniam,
675 3634 875 3706 inquit,
908 3636 1145 3693 Perseus
1200 3648 1449 3694 mortuus
1495 3648 1600 3695 est.
1644 3641 1772 3695 Erat
1823 3657 1923 3696 au—

347 3733 454 3780 tem
482 3723 575 3779 ille
609 3725 847 3782 Perseus
878 3743 1040 3797 quem
1069 3729 1208 3784 dixit
1241 3730 1472 3786 catellus
1521 3729 1704 3786 filiola:
1743 3732 1920 3788 alum-

346 3829 451 3882 nus
483 3832 499 3869 :
529 3831 656 3870 eum
686 3832 838 3884 vero,
866 3819 1137 3889 Prospera
1163 3820 1410 3885 fortuna,
1435 3821 1642 3876 dixisse
1665 3837 1681 3879 :
1701 3823 1923 3893 accipio

345 3923 527 3976 omen,
561 3923 683 3965 mea
713 3909 844 3966 illia.
888 3911 996 3967 ista
1023 3924 1424 3970 commemorat
1464 3914 1733 3986 eloquens
1759 3926 1924 3988 atque

346 4001 553 4070 peritus
583 4001 777 4057 Cicero
809 4001 864 4057 in
903 4002 1002 4059 lib.
1033 4003 1108 4058 De
1141 4003 1500 4062 Divinatione.
1593 4052 1595 4054 .

413 4092 774 4164 Portentaque
798 4105 1077 4154 vocantur.
1112 4103 1155 4151 Α
1185 4099 1396 4160 multis.

417 4185 669 4241 Eventus.
722 4185 930 4251 Casus.
979 4205 1247 4250 occursus
1278 4230 1293 4255 ,
1359 4191 1454 4267 qui
1504 4201 1730 4261 propter
1771 4191 1923 4246 aliud

347 4279 508 4346 ﬁuut,
545 4290 774 4351 propter
813 4281 961 4337 aliud
1002 4285 1352 4354 centingunt.

416 4372 663 4428 Omnium
710 4377 1089 4445 signiﬁcativa.
1125 4377 1315 4432 Mutuo
1371 4377 1608 4449 quodam
1647 4392 1922 4435 consensu

347 4466 705 4521 cohaerentia.

417 4557 604 4626 Itaque
634 4559 680 4612 si
699 4558 960 4627 sapientia
993 4568 1152 4618 esset.
1174 4556 1378 4615 Volens
1399 4557 1715 4615 evidentius
1738 4559 1922 4616 adhuc

347 4651 634 4704 ostendere
664 4651 898 4719 partium
928 4650 1118 4705 mundi
1153 4652 1600 4709 communionem
1648 4664 1704 4710 et
1738 4654 1921 4710 afﬁni-

348 4753 535 4810 tatem,
590 4743 645 4798 Si
677 4745 840 4798 etiam
885 4744 1102 4808 avibus,
1150 4743 1350 4814 inquit,
1401 4745 1607 4801 inesset
1653 4748 1921 4817 sapientia

346 4835 619 4904 quaedam,
645 4836 1108 4910 quemadmodum
1141 4836 1459 4893 hominibus
1487 4852 1554 4892 ea
1601 4839 1766 4894 insita
1794 4848 1878 4894 est
1902 4881 1920 4910 ,

345 4933 516 5003 artem
549 4927 714 4980 etiam
747 4941 875 4997 aves
897 4942 960 4983 ex
995 4927 1315 4987 hominibus
1341 4927 1780 4996 constituissent,
1821 4929 1926 4985 sic-

350 5027 409 5070 ut
438 5018 693 5073 homines
729 5034 798 5074 ex
828 5019 1022 5078 avibus
1084 5021 1365 5093 tinxerunt
1398 5026 1454 5077 et
1509 5021 1923 5082 constituerunt

347 5118 520 5164 artem
571 5110 876 5179 divinandi,
911 5127 1074 5182 quam
1129 5121 1325 5168 vocant
1366 5115 1720 5184 auguralem,
1753 5123 1808 5168 et
1852 5130 1922 5170 ex

347 5203 528 5258 avium
567 5203 915 5274 inspectione
974 5205 1364 5276 depromptum
1427 5207 1712 5264 divinandi
1744 5207 1921 5269 artill-

346 5293 513 5350 cium.
550 5296 768 5353 Etenim
834 5298 1297 5367 quemadmodum
1328 5313 1458 5353 aves
1486 5313 1705 5368 semper
1739 5308 1867 5354 sunt
1890 5315 1920 5355 a

348 5383 627 5457 principio
656 5395 713 5443 et
741 5388 956 5464 origine
996 5390 1208 5452 mundi,
1241 5398 1297 5447 et
1332 5404 1398 5444 ex
1435 5405 1544 5460 quo
1575 5400 1822 5446 creatum
1867 5398 1924 5446 et

343 5488 786 5553 coagmentatum
815 5490 899 5536 est
930 5481 1036 5549 hoc
1058 5483 1374 5538 universum
1401 5499 1571 5553 usque
1598 5483 1652 5537 in
1677 5499 1923 5552 przesens

345 5580 582 5642 tempus,
608 5572 688 5627 sic
711 5583 768 5628 et
787 5574 1035 5630 homines
1059 5591 1277 5643 semper
1305 5584 1455 5638 sunt,
1473 5584 1529 5628 et
1545 5585 1675 5630 sunt
1697 5575 1917 5644 utrique

345 5663 598 5733 utrisque
617 5665 823 5734 antiqui
861 5675 916 5721 et
953 5666 1101 5723 n0vi.
1133 5667 1201 5723 Ut
1243 5667 1408 5734 igitur
1431 5667 1747 5722 hominibus
1771 5683 1921 5735 aves,

346 5751 527 5836 quoad
581 5753 952 5828 divinationes
984 5766 1036 5827 et
1066 5758 1285 5828 oracula
1310 5799 1324 5824 ,
1360 5768 1492 5821 sunt
1534 5767 1675 5827 apta:
1722 5768 1775 5814 et
1807 5759 1922 5815 ido-

2023 550 2334 620 ἀνθρώποις
2405 553 2457 604 οἱ
2515 551 2730 622 ὄρνιθες
2801 551 2940 623 πρὸς
2976 551 3095 616 ’τάς
3168 553 3428 618 μαντείας
3486 556 3596 607 elo).
3658 603 3663 608 .

2019 643 2186 711 δεξιοί
2213 660 2272 698 τε
2297 644 2394 700 καὶ,
2423 643 2717 713 ἐπιτήδειοι
2749 644 2887 713 πρὸς
2917 643 3210 714 μαντικὴν,
3245 643 3419 708 οὕτως
3448 641 3592 716 ἦσαν

2021 735 2088 792 ἂν
2116 737 2209 789 καὶ
2251 733 2365 800 τοῖς
2401 735 2610 807 ὄρνισιν
2654 737 2707 790 οἱ
2742 735 3020 807 ἄνθρωποι
3054 737 3196 788 κατὰ.
3222 734 3284 790 τὸ
3312 737 3598 804 ἀντίστρο-

2021 844 2121 898 φον
2152 827 2316 892 δεξιοὶ
2357 829 2452 881 καὶ
2484 828 2779 894 ἐπιτήδειοι
2819 827 2956 898 πρὸς
3002 828 3306 898 μαντικὴν,
3351 830 3400 882 εἰ
3434 833 3594 898 σοφία

2021 922 2116 975 καὶ
2140 923 2253 984 τοῖς
2287 921 2493 990 δρνισιν
2529 920 2676 989 ινῆν.
2725 919 3053 984 ’Δναγκαῖον
3084 917 3194 988 γὰρ
3237 916 3305 991 ἦν
3332 920 3400 974 τὰ
3451 920 3592 990 μέρη

2019 1013 2113 1067 τοῦ
2138 1013 2343 1081 κόσμου
2371 1012 2649 1072 κοινωνεῖν
2679 1010 2950 1082 ἀλλήλοις,
2983 1009 3082 1065 ἅτε
3115 1011 3234 1075 ἑνός
3263 1029 3409 1076 τινος
3450 1012 3592 1075 ζώου

2024 1103 2160 1175 μέλη
2190 1103 2544 1174 τυγχάνοντα,
2577 1105 2672 1160 καὶ
2694 1103 2784 1156 διὰ
2814 1103 2974 1156 τοῦτο
3007 1105 3355 1171 συμπάθειαν
3399 1103 3593 1174 ἔχοντα

2021 1197 2158 1268 πρὸς
2201 1197 2428 1266 ἄλληλα,
2465 1196 2562 1250 καὶ
2625 1190 2737 1248 οἷον
2795 1197 2973 1249 είπείν
3023 1196 3352 1265 σύμπνοιαν.
3406 1197 3592 1250 Ταῦτα

2018 1289 2191 1358 λέγων
2229 1286 2418 1358 ὥσπερ
2462 1287 2836 1355 ἀναλαμϐάνει
2878 1289 3093 1353 ἑαυτὸν,
3119 1290 3218 1351 ,καὶ
3249 1290 3590 1358 διαπορεῐται

2020 1383 2114 1436 καὶ
2157 1381 2320 1435 οἱονεὶ
2354 1381 2535 1451 ἐρωτᾷ
2568 1381 2760 1433 ἑαυτὸν
2800 1380 2994 1448 λέγων,
3026 1381 3256 1448 Μήποτε
3305 1381 3363 1435 al
3396 1381 3590 1449 μάγων

2019 1474 2207 1542 ίῦγγες
2249 1467 2411 1528 αὗταί
2452 1474 2595 1539 stat;
2640 1473 2750 1528 Καὶ
2802 1471 2914 1542 γὰρ
2956 1474 2984 1524 ὁ
3011 1472 3176 1540 σοφὸς
3217 1473 3246 1524 ό
3288 1472 3444 1535 εἰδὼς
3490 1471 3590 1542 τὴν

2016 1562 2264 1634 ἀλλήλων
2287 1563 2864 1632 τούτωνσυγγένειαν,
2893 1563 3038 1630 ὁρῶν
3066 1563 3149 1616 ὅτι
3181 1562 3437 1629 θέλγεται
3458 1561 3590 1630 παρ’

2017 1656 2264 1727 ἀλλήλων
2295 1655 2522 1726 ἄλληλα,
2563 1657 2658 1708 καὶ
2682 1655 2917 1725 δήλωσιν
2941 1653 3212 1724 λαμϐάνει
3247 1654 3380 1723 παρ’
3425 1654 3590 1722 ἀλλή-

2018 1747 2124 1801 λων
2172 1747 2399 1818 ἇλληλα,
2424 1747 2572 1802 ἕλκει
2614 1747 2744 1801 ἄλλο
2791 1747 2859 1801 δι’
2908 1747 3069 1802 ἄλλου
3094 1762 3112 1780 ο
3138 1746 3253 1802 οἷον
3285 1748 3475 1816 ὥσπερ
3503 1747 3590 1800 διὰ

2012 1838 2108 1908 τῆς
2163 1837 2479 1906 μαγνίτιδος
2521 1838 2613 1891 τὸν
2655 1839 2896 1909 σίδηρον,
2943 1838 3086 1899 οὕτω
3149 1840 3246 1892 καὶ
3291 1838 3380 1892 διὰ
3424 1838 3588 1906 τῆσδε

2012 1928 2045 1997 ἢ
2089 1927 2254 1997 τῆσδε
2303 1929 2403 1996 τῆς
2457 1927 2613 2000 ὕλης,
2649 1928 2752 1995 ικαὶ
2801 1928 2954 1982 τοῦδε
3007 1929 3101 1982 τοῦ
3151 1931 3454 2000 σχήματος,
3495 1929 3592 1982 καὶ⁵

2011 2021 2173 2092 τῆσδε
2207 2021 2306 2091 τῆς
2338 2021 2543 2090 φωνῆς,
2570 2021 2687 2075 τόδε
2719 2020 2753 2090 ἢ
2781 2021 2922 2087 τόδε,
2950 2021 3025 2084 ὡς
3059 2021 3339 2091 εἰρήσεται
3367 2021 3592 2091 προϊοῦ-

2015 2131 2100 2166 σιν
2125 2113 2256 2182 ἡμϊν
2285 2111 2662 2184 ἐκδηλότερον.
2696 2110 2776 2166 Οὐ
2809 2113 2971 2182 μόνον
2992 2112 3102 2183 γὰρ
3129 2112 3324 2184 δένδρα
3347 2113 3591 2183 δένδρεσι

2014 2205 2299 2274 θέλγεται,
2362 2203 2615 2274 καθάπερ
2673 2203 2880 2274 φοίνικι
2948 2203 3161 2273 φοίνιξ,
3215 2205 3311 2257 καὶ
3366 2203 3590 2274 βοτάναι

2016 2296 2295 2367 βοτάναις,
2321 2297 2415 2349 καὶ
2444 2295 2559 2360 ζῶα
2583 2293 2767 2360 ζώοις,
2797 2294 2934 2348 ἀλλὰ
2965 2296 3063 2350 καὶ
3111 2295 3355 2366 σκορόδῳ
3381 2295 3410 2348 ό
3437 2296 3590 2349 δεῖνα

2017 2389 2187 2460 ἰχθὺς,
2219 2390 2313 2443 καὶ
2345 2387 2484 2441 ἄλλα
2518 2386 2722 2451 ἄλλοις,
2757 2388 2853 2441 καὶ
2899 2386 2958 2440 τό
3003 2403 3068 2455 γε
3119 2386 3592 2457 θαυμασιώτερον,

2013 2481 2266 2552 δαίμονες
2329 2479 2389 2547 ἐξ
2443 2480 2606 2550 ἀέρος
2651 2479 2747 2532 καὶ
2789 2481 2890 2547 γῆς
2929 2478 3212 2545 θέλγονται
3253 2479 3430 2548 τοῖσδε
3477 2481 3592 2542 τοῖς

2013 2571 2204 2633 λίθοις,
2238 2571 2272 2640 ἢ
2319 2570 2501 2622 ταῖσδε
2546 2571 2666 2632 ταῖς
2713 2569 2989 2638 βοτάναις,
3020 2568 3053 2637 ἢ
3083 2569 3268 2622 ταῖσδε
3316 2572 3437 2631 ταῖς
3477 2587 3594 2637 φω-

2014 2659 2216 2726 ναίς,ἥ
2266 2658 2444 2711 τοῖσδε
2494 2658 2608 2718 τοῖς
2665 2658 2963 2725 σχήμασιν,
3003 2655 3039 2709 ἂ
3091 2657 3185 2709 καὶ
3235 2655 3594 2725 χαρακτῆρας

2015 2750 2303 2806 καλοῦσιν’
2339 2744 2493 2819 οἶμαι
2533 2748 2590 2802 δὲ
2636 2746 2810 2803 ταῦτα
2851 2747 3003 2817 παρὰ
3032 2747 3318 2801 Χαλδαίων
3370 2746 3468 2800 καὶ
3497 2747 3596 2798 Ai-

2015 2840 2260 2910 γυπτίων
2287 2838 2529 2909 ἀρχῆθεν
2567 2837 2835 2908 εὑρῆσθαι
2869 2837 3105 2890 ἕκαστον
3135 2835 3351 2905 ἑκάστῳ
3374 2835 3593 2904 δαίμονι

2014 2933 2378 3004 γνωριστικδν
2429 2931 2678 3003 σημεῖον.
2712 2928 2824 2996 Τὴν
2881 2929 2937 2983 δὲ
2982 2927 3151 2999 τυγγά
3191 2943 3358 2998 φασιν
3405 2927 3593 2996 ὄρνεον

2020 3107 2136 3146 nete
2165 3089 2234 3146 ad
2271 3103 2458 3144 rerum
2491 3086 2802 3143 futurarum
2841 3084 3265 3158 praescientiam,
3289 3085 3377 3154 sie,
3406 3094 3594 3140 essent

2019 3184 2188 3240 etiam
2215 3181 2412 3236 avibus
2446 3180 2700 3234 homines
2728 3193 2829 3248 per
2873 3178 3367 3248 reciprocationem
3393 3190 3449 3234 et
3473 3179 3593 3233 vice

2019 3255 2178 3331 versa
2208 3253 2322 3344 apti
2363 3282 2418 3327 et
2445 3270 2627 3326 idonei
2668 3269 2735 3324 ad
2770 3269 3187 3336 divinationem,
3237 3270 3280 3324 si
3327 3269 3593 3340 sapientia

2022 3369 2187 3424 etiam
2222 3365 2418 3421 avibus
2465 3364 2672 3420 inesset
2705 3379 2721 3418 :
2753 3362 3023 3432 siquidem
3057 3361 3426 3416 necessarium
3451 3373 3595 3415 esset

2023 3459 2212 3515 mundi
2259 3468 2446 3528 partes
2495 3454 2887 3512 commercium
2930 3462 2984 3509 et
3029 3453 3592 3508 communicationem

2023 3561 2269 3606 mutuam
2318 3547 2546 3612 habere,
2584 3548 2788 3618 quippe
2817 3562 2937 3616 qua:
2969 3547 3129 3600 unius
3163 3543 3446 3614 cujusdam
3477 3543 3595 3597 ani-

2025 3643 2231 3698 mantis
2285 3641 2535 3697 membra
2596 3649 2723 3694 sunt
2761 3656 2775 3693 :
2810 3639 3067 3708 quocirca
3127 3636 3489 3706 sympathiam
3537 3643 3596 3689 et

2022 3733 2376 3791 concordiam
2435 3732 2640 3786 habent
2673 3731 2817 3785 inter
2846 3745 2926 3795 se,
2958 3737 3012 3784 et
3061 3729 3104 3781 si
3141 3727 3223 3781 ias
3261 3735 3347 3781 est
3378 3729 3585 3788 dicere,

2023 3825 2510 3896 conspirationem.
2549 3822 2751 3877 Eadem
2807 3821 3092 3891 proferens
3123 3823 3185 3873 ac‘
3220 3820 3263 3874 si
3306 3835 3363 3872 se
3406 3834 3594 3887 repre-

2025 3917 2252 3982 hendat,
2289 3915 2550 3984 ambigat,
2583 3924 2638 3968 et
2666 3912 2822 3982 quasi
2855 3925 2914 3965 se
2952 3910 3130 3979 ipsum
3174 3909 3478 3979 interroget
3511 3908 3593 3962 di-

2024 4025 2156 4065 cens
2197 4025 2212 4061 :
2259 4005 2534 4076 Numquid
2627 4018 2910 4073 magorum
2966 4002 3236 4056 illecebras
3283 4001 3592 4056 istiusmodi

2025 4101 2194 4156 sunt?
2239 4099 2454 4153 Etenim
2509 4095 2730 4166 sapiens
2751 4093 2868 4163 (qui
2907 4092 3059 4147 novit
3106 4099 3348 4145 mutuam
3398 4091 3594 4144 horum

2024 4191 2433 4261 cognationem,
2468 4202 2594 4241 cum
2623 4187 2727 4241 alia
2759 4188 2827 4239 ab
2854 4178 2980 4242 aliis
3017 4183 3164 4238 allici
3195 4191 3359 4251 atque
3395 4182 3593 4237 attrahi

2024 4282 2248 4346 videat,
2294 4290 2348 4335 et
2388 4277 2842 4349 signiﬁcationem
2879 4292 2910 4330 a
2942 4290 3001 4330 se
3039 4275 3269 4329 invicem
3320 4275 3593 4343 accipere,

2024 4371 2173 4427 aliud
2227 4369 2396 4425 trahit
2450 4384 2548 4438 per
2581 4366 2753 4422 aliud.
2798 4367 2999 4428 Veluti,
3047 4366 3508 4434 quemadmodum
3564 4381 3593 4417 a

1952 4473 1994 4527 ι)
2027 4474 2277 4536 magucte
2312 4463 2519 4518 ferrum
2558 4461 2814 4524 trahitur,
2852 4464 2926 4514 ita
2955 4459 3022 4512 ab
3050 4460 3150 4513 hac
3181 4468 3277 4512 aut
3302 4459 3390 4512 illa
3423 4469 3594 4511 mate-

1993 4603 1996 4606 .
2025 4561 2106 4613 ria
2138 4567 2194 4613 et
2224 4557 2317 4611 tali
2353 4560 2546 4625 ligura,
2575 4565 2668 4609 aut
2706 4555 2799 4608 tali
2832 4567 2991 4616 voce,
3019 4553 3122 4605 hoc
3149 4560 3245 4605 aut
3275 4550 3406 4604 illud
3437 4549 3594 4603 elici-

2027 4663 2140 4716 tur,
2165 4659 2226 4704 ut
2266 4648 2615 4702 manifestius
2644 4649 2698 4700 in
2731 4659 3027 4715 pregressu
3063 4653 3263 4698 nostra:
3298 4643 3596 4713 expositio-

2024 4744 2110 4798 nis
2136 4740 2525 4811 explicabitur.
2581 4739 2699 4793 Non
2733 4738 2881 4792 enim
2914 4746 3124 4791 tantum
3158 4737 3381 4791 arbores
3407 4735 3476 4790 ab
3503 4752 3600 4789 ar-.

2023 4835 2254 4892 boribus
2288 4833 2632 4897 alliciuntur,
2691 4840 2753 4884 ut
2797 4830 2976 4900 palma
3027 4828 3266 4883 trahitur
3313 4844 3343 4882 a
3394 4828 3595 4897 palma,

2023 4929 2224 5000 stirpes
2252 4943 2282 4982 a
2320 4925 2617 4997 stirpibus,
2650 4933 2711 4982 et
2740 4925 3050 4979 animantes
3075 4924 3142 4976 ab
3173 4921 3548 4977 animantibus
3581 4963 3593 4985 ρ

2021 5037 2219 5078 verum
2251 5021 2421 5076 etiam
2463 5019 2531 5074 ab
2559 5019 2689 5073 allio
2743 5017 2912 5088 piscis
2962 5014 3184 5086 quidam
3233 5015 3480 5080 ducitur,
3539 5024 3596 5072 ct

2021 5113 2126 5175 alia
2142 5112 2210 5168 ab
2233 5111 2375 5173 aliis,
2400 5111 2530 5181 quin
2550 5111 2738 5174 etiam,
2768 5109 2912 5179 quod
2931 5107 3314 5162 admirabilius
3345 5117 3452 5174 est,
3483 5107 3592 5161 dae-

2023 5219 2214 5260 mones
2233 5219 2298 5258 ex
2328 5218 2454 5258 aere
2480 5213 2537 5258 et
2562 5211 2706 5258 terra
2733 5200 3056 5256 alliciuntur
3083 5200 3252 5256 certis
3282 5199 3582 5268 lapidibus,

2022 5309 2119 5356 aut
2145 5298 2534 5371 leguminibus,
2558 5307 2652 5352 aut
2679 5297 3006 5366 quibusdam
3040 5297 3289 5360 vocibus,
3336 5306 3431 5351 aut
3480 5295 3596 5350 isti-

2025 5389 2238 5444 usmodi
2263 5389 2471 5458 ﬁguris,
2500 5404 2637 5458 quas
2657 5387 2824 5442 etiam
2850 5389 3194 5444 characteres
3234 5398 3448 5444 vocant.
3470 5386 3597 5440 Haec

2023 5485 2156 5538 Vero
2181 5481 2440 5536 existimo
2486 5495 2514 5534 a
2546 5480 2815 5536 Chaldaeis
2864 5488 2918 5535 et
2965 5479 3591 5553 Egyptiisjampridcm

2024 5574 2270 5638 inventa,
2307 5584 2366 5628 ut
2395 5575 2678 5645 proprium
2707 5573 3009 5646 uniquique
3032 5577 3258 5630 dazmoni
3292 5575 3590 5644 agnitionis

2023 5665 2238 5735 signum
2259 5666 2350 5720 sit.
2387 5673 2454 5720 At
2485 5666 2640 5736 iynga
2669 5666 2826 5720 aiunt
2859 5682 3013 5720 avent
3039 5683 3159 5721 esse
3193 5682 3314 5736 qua:
3355 5667 3587 5718 caudam

2023 5773 2244 5829 semper
2273 5771 2473 5828 movet,
2499 5774 2662 5831 quam
2693 5775 2834 5831 saga:
2859 5761 3118 5816 mulieres
3138 5759 3204 5816 ad
3239 5774 3396 5814 usum
3428 5758 3588 5814 adhi-
