4060 6204
469 279 574 340 5in

1702 282 1748 341 N
1761 280 2127 342 ICEl‘llORI
2167 279 2213 339 G
2227 280 2271 338 ιι
2284 274 2558 337 Εϐοῐὶεῖἱ

3616 266 3713 330 ειι

458 390 629 459 ὄνομα
657 390 767 444 ἀπὸ
793 390 900 444 τῶν
928 389 1093 460 γόων,
1124 393 1199 455 ὼς
1247 392 1459 463 θρήνων
1504 391 1630 458 ἄξια
1670 394 1987 463 πράττουσα
2015 408 2027 424 ο
2062 395 2109 453 Α
2136 388 2468 460 συμφωνιῶν
2500 386 2611 440 τῶν
2643 380 2877 453 πρώτων
2901 397 2913 412 ·
2957 382 3110 444 τέλος
3156 379 3254 447 μὲν
3285 379 3386 449 τῆς
3418 380 3507 432 διὰ
3531 382 3719 434 τεσσά-

465 483 668 550 μαγεία
704 482 761 536 δὲ
801 481 914 535 ἔστ’
951 483 1099 553 ἡδιὰ
1139 484 1247 537 τῶν
1297 483 1483 553 μέσων
1526 484 1805 554 δαιμόνων
1854 483 2037 537 eam;

460 591 519 626 τε
557 575 649 627 καὶ
687 574 888 628 ὲνύλων
915 574 1247 646 ἐνεργοῦσαν
1274 576 1599 646 φαρμακεία
1634 575 1689 629 δὲ
1712 576 1744 646 ἡ
1767 576 1855 629 διὰ
1894 576 2038 648 βρώ-

464 684 604 730 σεως
638 666 670 736 ἢ
700 668 936 730 πόσεως.
965 669 1092 722 Ἔτι
1121 668 1345 737 ὁμοίως.
1375 668 1507 722 ἄλλο
1535 670 1656 722 ἐστὶ
1682 671 2036 739 κακοτεχνία,

463 759 559 811 καὶ
593 793 598 797 -
631 754 760 813 ἄλλο
820 758 1200 831 ψευδοτεχνία,
1260 762 1355 815 καὶ
1421 759 1552 817 ἄλλο
1628 764 2038 832 ματαιοτεχνία.

462 852 806 923 Κακοτεχνία
848 853 948 923 μὲν
971 853 1081 924 γάρ
1108 855 1256 907 ἔστιν
1294 855 1461 925 ἡτῶν
1496 854 1713 926 γοήτων
1758 857 1852 910 καὶ
1895 873 2038 926 φαρ-

464 944 656 1012 μακῶν
682 945 775 997 καὶ
812 945 1004 1013 μάγων
1052 946 1143 998 ἐπὶ
1185 946 1342 1016 κακῷ
1381 946 1489 1000 τῶν
1532 947 1838 1020 ἀνθρώπων
1879 948 2040 1020 εύρη-

462 1036 636 1104 μένηο
687 1036 1039 1108 ψευδοτεχνία
1086 1038 1142 1093 δὲ
1180 1040 1214 1108 ἡ
1263 1038 1436 1108 ψευδῆ
1480 1039 1828 1104 δεικνύουσα,
1876 1042 1952 1104 ὡς
2005 1042 2037 1110 ἡ

458 1129 1008 1202 παροφθαλμιστικήσ
1043 1134 1431 1204 ματαιοτεχνία
1462 1132 1517 1187 δὲ
1554 1136 1587 1204 ἡ
1619 1134 1755 1205 ὁμοῦ
1792 1134 1869 1206 τῷ
1906 1136 2041 1208 πλη-

456 1222 610 1290 γέντι
647 1222 771 1293 ἀέρι
803 1222 1155 1294 διαλυομένη.

537 1314 814 1382 Ὑπάτην.
834 1315 1020 1373 Ταῦτα
1045 1317 1110 1369 ὲκ
1130 1316 1228 1386 τῆς
1256 1318 1572 1390 κατατομῆς
1602 1318 1698 1373 τού
1728 1318 2031 1391 ἁρμονικοῦ

456 1409 682 1472 κανόνος
713 1409 970 1478 εἴληπται
997 1408 1546 1479 παραδειγματικῶς.
1578 1412 1673 1464 Δεῖ
1701 1410 1797 1465 οὖν
1827 1413 2041 1466 ἐκεῖθεν

458 1503 607 1569 ἡμᾶς
647 1501 995 1572 ἀρξαμένους
1033 1501 1345 1568 ἀναπτύξαι
1397 1503 1494 1555 καὶ
1540 1503 1715 1556 ταῦτα
1762 1503 1902 1574 πρὸς
1946 1522 2041 1558 σι-

456 1593 683 1661 φήνειαν
714 1592 824 1643 τῶν
849 1592 1295 1661 ἐντυγχανόντων
1329 1590 1521 1647 ἓνεκα.
1569 1592 1892 1663 Συμφωνίαι
1939 1595 2041 1663 μὲν

454 1683 550 1736 οὖν
585 1683 655 1738 δι’
693 1677 770 1737 ῶν
800 1682 869 1736 τὰ
915 1683 1191 1753 ἁρμονικὰ
1222 1683 1466 1752 γίνονται
1503 1687 1851 1755 συστήματα,
1890 1686 2042 1739 πλεῖ·

460 1773 584 1827 σταί
626 1770 785 1837 om,
839 1766 915 1828 ῶν
960 1772 1153 1845 πρώτη
1201 1776 1237 1847 η
1288 1775 1567 1848 ὲπιτρίτη,
1621 1777 1710 1830 διὰ
1759 1777 2042 1847 τεσσάρων

456 1867 591 1921 οὖσα
642 1868 889 1939 χορδῶν·
953 1868 1273 1922 συνίσταται
1330 1869 1389 1923 δὲ
1454 1871 1520 1924 ἐκ
1571 1870 1666 1925 δύο
1720 1873 1892 1926 τόνων
1951 1873 2045 1926 καὶ

461 1959 784 2030 λείμματος,
822 1960 917 2014 τοῦ
957 1961 1052 2015 καὶ
1094 1962 1380 2033 ἡμιτόνιον
1448 1965 1907 2035 καταχρηστικῶς
1945 1981 2044 2019 κα-

454 2052 719 2123 λουμένου
744 2069 760 2085 ο
787 2054 843 2107 ἐν
871 2048 906 2126 ᾗ
936 2055 1366 2126 συγκρινόμενος
1399 2055 1428 2108 ὁ
1458 2057 1557 2127 τῆς
1596 2057 1872 2127 τετάρτης
1912 2074 2043 2127 χορ-

454 2145 551 2216 δῆς
581 2145 823 2215 φθόγγος
876 2146 1016 2215 πρὸς
1065 2146 1158 2202 τὸν
1201 2146 1303 2218 τῆς
1352 2150 1581 2218 πρώτης
1617 2148 1921 2219 ’ἐπίτριτον
1959 2151 2046 2203 ἀεὶ

454 2237 774 2309 εὑρίσκεται
807 2236 948 2307 ἔχων
976 2236 1158 2305 λόγον.
1194 2238 1439 2309 Δευτέρα
1466 2238 1526 2291 δὲ
1569 2240 1863 2310 συμφωνία
1895 2241 2047 2295 ἐστὶν

454 2330 487 2397 ἠ
546 2327 818 2399 ἡμιόλιος,
865 2328 988 2399 ἥτις
1044 2328 1141 2382 καὶ
1188 2329 1279 2383 διὰ
1328 2328 1492 2384 πέντε
1545 2332 1759 2401 γίνεται
1814 2333 2043 2404 χορδῶν,

454 2421 578 2491 ⁴ἤτοι
622 2420 687 2473 ὲκ
720 2419 834 2495 τῶν
880 2421 1055 2497 τριῶν
1096 2421 1193 2476 καὶ
1240 2421 1570 2494 λείμματος.
1603 2425 2045 2497 Συγκρινόμενος

458 2489 645 2580 μέντοι
693 2489 977 2568 κάνταῦθα
1000 2489 1054 2568 ⁴ὁ
1084 2516 1187 2586 τῆς
1239 2489 1506 2586 πέμπτης
1556 2489 1771 2589 χορδῆς·
1804 2489 2046 2590 φθόγγος

455 2606 597 2676 πρδις
627 2605 721 2661 τὸν
775 2605 877 2676 τῆς
926 2607 1154 2677 πρώτης
1215 2609 1536 2676 εὑρίσκεται
1582 2612 1672 2667 ἀεὶ
1714 2611 1856 2682 ἔχων
1885 2613 2046 2679 λόγον

456 2699 729 2766 ἡμιόλιον.
790 2698 1022 2768 Πρώτην
1074 2699 1130 2752 δὲ
1188 2700 1390 2773 χορδὴν
1446 2700 1593 2770 λέγω
1660 2702 1896 2759 ἐνταῦθα
1944 2705 2046 2775 τὴν

453 2790 724 2861 τετάρτην
779 2789 880 2858 τῆς
932 2788 1161 2861 πρώτης
1210 2793 1534 2863 συμφωνίας
1562 2793 1666 2864 τῆς
1708 2794 1800 2849 διὰ
1843 2796 2045 2849 τεσσά-

456 2899 589 2953 ρων.
625 2880 797 2953 Κοινὴ
833 2881 946 2952 γάρ
1001 2884 1149 2935 ἔστιν
1198 2884 1233 2954 ἡ
1286 2884 1529 2955 τετάρτη
1582 2886 1751 2958 χορδή
1798 2887 1907 2942 τῶν
1952 2887 2046 2942 δύο

2144 499 2277 554 ρων,
2302 480 2444 551 ἀρχὴ
2480 479 2537 533 δὲ
2577 477 2677 544 τῆς
2718 475 2809 529 διὰ
2863 472 3051 536 πέντε,
3078 474 3247 545 ἤγουν
3295 472 3449 534 τέλος
3488 472 3585 539 μὲν
3621 474 3717 539 τῆς

2141 573 2459 644 ὲπιτρίτης,
2499 569 2644 640 ἀρχὴ
2675 568 2731 622 δὲ
2756 568 2854 645 τῆς
2878 567 3151 637 ἡμιολίου.
3184 566 3356 620 ⁴Δυται
3388 566 3519 633 γοῦν
3549 566 3604 620 αἱ
3629 566 3716 619 δύο

2147 665 2463 734 συμφωνίαι
2523 662 2722 716 οὑτωσὶ
2776 656 3199 731 συντιθέμεναι,
3248 657 3471 712 ποιοῦσι
3522 658 3580 712 τὸ
3634 659 3716 711 διὰ

2142 758 2333 811 πασῶν
2361 757 2644 827 ὁμόφωνον
2674 754 3009 824 καλούμενον
3042 753 3318 823 σύστημα.
3355 752 3470 815 Τὰς
3507 752 3603 822 μὲν
3630 750 3717 805 οὖν

2141 849 2308 911 ἄλλας
2349 848 2673 917 συμφωνίας
2704 847 2893 899 ἐατέον
2941 843 3057 912 νῦν,
3089 844 3164 910 ὡς
3191 845 3252 898 ού
3286 844 3434 901 πάνυ
3478 861 3558 897 τοι
3604 861 3719 897 συν-

2140 940 2404 1001 τελούσας
2431 940 2567 1009 ἡμῖν
2591 940 2674 1000 είς
2691 939 2752 991 τὸ
2772 938 2945 1002 δείξαι
2962 938 3026 992 τὸ
3050 937 3442 1008 προκείμενον.
3469 936 3717 989 Συνίστα-

2140 1050 2229 1087 ται
2261 1033 2448 1105 μέντοι
2495 1032 2591 1083 καὶ
2632 1031 2693 1084 τδ
2741 1029 2837 1083 διὰ
2872 1030 3065 1083 πασῶν
3114 1029 3407 1098 ὁμόφωνον
3449 1033 3597 1082 τουτὶ
3630 1029 3717 1082 σύ-

2144 1141 2332 1197 στημα
2376 1125 2440 1177 ἐκ
2474 1121 2689 1195 χορδῶν
2730 1121 2854 1192 μὲν,
2882 1122 3003 1192 ἦτοι
3045 1119 3308 1191 φθόγγων
3352 1117 3521 1183 όκτὼ,
3555 1120 3716 1173 τόνων

2141 1216 2199 1271 δὲ
2248 1216 2433 1279 πέντε,
2483 1216 2582 1268 καὶ
2634 1213 2960 1282 λειμμάτων
2998 1213 3124 1267 δύο’
3182 1212 3610 1282 συγκρινόμενος
3662 1212 3715 1266 δὲ

2128 1309 2382 1363 ’ἐνταῦθα
2414 1309 2442 1361 ὁ
2465 1309 2567 1389 τῆς
2598 1305 2798 1376 ὀγδόης
2833 1304 3032 1376 χορδῆς
3073 1303 3211 1375 πρὸς
3240 1304 3338 1357 τὸν
3369 1304 3470 1375 τῆς
3504 1303 3716 1374 πρώτης

2144 1398 2407 1467 φθόγγον,
2463 1396 2788 1450 διπλασίονα
2837 1396 2927 1450 ἀεὶ
2986 1395 3303 1467 εὑρίσκεται
3354 1394 3494 1465 ἔχων
3547 1393 3715 1462 λόγον,

2158 1490 2223 1545 Ἦ
2257 1491 2359 1562 μέν
2399 1508 2484 1544 τοι
2521 1491 2711 1562 πρώτη
2739 1488 2905 1561 χορδὴ
2952 1488 3202 1543 καλεῖται
3246 1489 3410 1561 νήτη,
3452 1490 3484 1560 ἡ
3516 1488 3567 1541 δὲ
3606 1488 3717 1542 δευ-

2144 1583 2280 1652 τέρα
2310 1581 2622 1652 παρανήτη,
2651 1583 2685 1651 ἡ
2715 1580 2772 1634 δὲ
2800 1581 2961 1652 τρίτη
2991 1580 3311 1651 παραμέση,
3343 1581 3379 1650 ὴ
3417 1580 3473 1633 δὲ
3500 1580 3715 1648 πέμπτη

2146 1673 2620 1743 ὑπερπαρυπάτη,
2652 1674 2686 1743 ἠ
2716 1673 2772 1726 δὲ
2838 1672 2973 1743 ἕκτη
3010 1671 3336 1743 παρυπάτη,
3365 1674 3398 1743 ἡ
3438 1671 3494 1724 δὲ
3529 1671 3717 1740 ὲῦδόμη

2078 1744 2115 1796 Β
2147 1766 2356 1835 ὑπάτη,
2400 1767 2434 1835 ἡ
2489 1766 2546 1819 δὲ
2602 1764 2764 1833 ὀγδόη
2820 1764 3416 1835 προσλαμϐανόμενος.
3467 1763 3719 1831 ’Υστερον

2148 1859 2255 1928 γὰρ
2295 1857 2650 1928 προσελήφθη
2682 1856 2762 1927 τῷ
2792 1856 3109 1929 Πυθαγόρᾳ.
3154 1855 3217 1911 Ἦ
3253 1855 3367 1926 γὰρ
3410 1854 3717 1926 ἀρχαιὸτρο-

2146 1967 2252 2015 πος
2295 1951 2439 2020 λύρα
2487 1948 2586 2004 τοῦ
2623 1947 2872 2021 Ὀρφέως
2902 1948 3240 2021 ἑπτάχορδος
3285 1943 3384 2018 ἦν.
3428 1946 3551 2001 Τῶν
3598 1945 3717 2013 γοῦν

2148 2042 2415 2097 τοιούτων
2462 2041 2672 2113 χορδῶν
2729 2043 2787 2097 αἱ
2843 2042 2943 2113 μέν
2996 2042 3136 2095 είσιν
3193 2041 3368 2108 ὀξεῖαι
3416 2040 3557 2093 κατὰ
3605 2039 3716 2102 τοὺς

2149 2133 2450 2206 φθόγγους,
2484 2137 2542 2190 αἱ
2571 2132 2630 2188 δὲ
2673 2135 2919 2206 βαρεῖαι,
2947 2132 3087 2187 αἰδὲ
3122 2133 3311 2204 μέσαι.
3350 2134 3458 2186 Καὶ
3508 2132 3712 2201 βαρεῖαι

2149 2228 2253 2299 μέν
2281 2228 2421 2280 είσιν
2469 2228 2527 2283 al
2556 2227 2785 2293 ὁπάται,
2837 2225 3010 2291 ὀξεῖαι
3055 2226 3114 2279 δὲ
3151 2227 3208 2280 αἱ
3246 2226 3435 2297 νῆται.
3475 2227 3634 2295 μέσαι
3668 2223 3713 2276 δὲ

2148 2320 2206 2373 al
2245 2319 2476 2390 μεταξύ.
2505 2319 2650 2390 Πρὸς
2690 2319 2877 2390 μέντοι
2917 2320 3225 2389 σαφήνειαν
3284 2318 3510 2373 πλείονα
3542 2315 3712 2385 ὲξεθήυ

2148 2424 2328 2481 καμεν
2357 2410 2772 2481 γραμματικῶς
2822 2412 2919 2465 καὶ
2957 2410 3162 2465 κανόνα
3201 2410 3558 2481 ὀκτάχορδον,
3585 2406 3715 2461 τοῦτ’

2147 2503 2267 2557 ἔστι
2301 2502 2367 2557 τὸ
2392 2503 2480 2558 διὰ
2502 2503 2692 2556 πασῶν
2719 2502 3007 2574 ὁμόφωνον
3062 2505 3348 2573 σύστημα,
3375 2500 3716 2571 συγκείμενον

2147 2595 2212 2648 ἐκ
2252 2595 2345 2649 δύο
2402 2596 2782 2666 τετραχόρδων
2822 2598 2917 2648 καὶ
2961 2600 3121 2648 τόνου
3168 2594 3313 2658 ἑνὸς,
3352 2596 3476 2666 ἦτοι
3525 2594 3585 2646 ὲκ
3627 2591 3712 2644 δύο

2149 2691 2447 2761 ἐπιτρίτων
2478 2690 2676 2760 λόγων,
2707 2691 2970 2759 ἐπογδόου
3022 2691 3162 2754 ἐνὸς,
3203 2689 3237 2759 ἢ
3288 2689 3493 2761 μᾶλλον
3521 2687 3577 2754 ἐξ
3603 2687 3714 2739 ἑπι-

2146 2781 2335 2851 τρίτου
2389 2782 2508 2844 ἑνὸς
2570 2783 2666 2838 καὶ
2711 2783 2967 2853 ἡμιολίου
3017 2784 3158 2845 ἑνός.
3222 2781 3285 2836 Ὅ
3335 2779 3714 2852 γὰρ,ὲπόγδοος

2147 2874 2308 2942 λόγος
2357 2875 2769 2946 συναπτόμενος
2799 2873 2878 2947 τῷ
2920 2876 3003 2928 ἐν).
3052 2874 3340 2947 ἐπιτρίτῳ,
3382 2875 3529 2928 ποιεῖ
3570 2871 3716 2941 λόγον

456 3052 631 3124 Magia
683 3066 818 3106 vero
854 3062 943 3107 est
994 3067 1059 3107 ea
1112 3053 1195 3107 vis
1245 3068 1370 3122 quae
1398 3070 1500 3125 per
1528 3056 1742 3113 medios
1768 3057 2047 3114 daemonas

2155 3046 2280 3102 dem
2312 3046 2436 3114 eius
2457 3046 2550 3113 qui
2589 3061 2688 3116 per
2711 3055 2951 3117 quatuor
2980 3046 3070 3113 tit,
3125 3045 3351 3101 initium
3403 3054 3578 3101 autem
3609 3041 3717 3113 ejus

458 3142 704 3198 niaterim
755 3150 1015 3212 expertes
1052 3152 1102 3197 et
1134 3143 1383 3214 ejusdem
1432 3145 1732 3216 participes
1759 3160 2049 3218 operatur.

459 3232 783 3290 Pharmacia
840 3232 1086 3303 denique
1131 3243 1218 3289 est
1276 3234 1359 3289 vis
1399 3237 1561 3290 noxia
1622 3253 1723 3307 per
1779 3239 1962 3295 cibum
1998 3250 2056 3296 et

460 3335 677 3396 potum.
735 3323 1058 3394 Eodemque
1085 3326 1248 3381 modo
1283 3326 1433 3383 aliud
1465 3337 1552 3384 est
1580 3330 1931 3401 κακοτεχνία,
1965 3346 2058 3387 ars

460 3416 750 3481 maleﬁca;
783 3425 841 3471 et
865 3417 1016 3472 aliud
1050 3417 1429 3489 ψευδοτεχνία,
1461 3436 1552 3476 ars
1587 3420 1759 3489 falsa;
1808 3424 2056 3494 itemque

459 3509 608 3565 aliud
638 3520 726 3565 est
753 3508 1164 3579 ματαιοτεχνία,
1195 3525 1284 3566 ars
1317 3511 1513 3568 futilis.
1540 3513 1754 3569 Etenim
1774 3531 1864 3570 ars
1890 3519 2058 3571 male-

464 3604 563 3660 lica
593 3613 679 3657 est
714 3602 1175 3673 praestigiatorum
1203 3643 1219 3669 ,
1251 3602 1627 3659 veneﬁcarum
1657 3616 1712 3662 et
1744 3622 2056 3675 magorum,

465 3695 522 3749 in
546 3695 812 3751 damnum
840 3694 1127 3753 hominum
1158 3693 1404 3751 inventa.
1441 3698 1543 3752 Ars
1566 3707 1749 3753 autem
1786 3700 1920 3754 falsa
1947 3713 2056 3769 est,

465 3801 585 3856 quae
612 3785 747 3840 falsa
776 3784 1004 3850 indicat,
1040 3793 1100 3839 ut
1145 3800 1209 3839 ea
1247 3802 1373 3855 quae
1408 3788 1601 3844 oculos
1636 3787 1780 3844 fallit
1809 3808 1825 3844 :
1881 3808 2058 3863 παρο-

468 3878 875 3947 φθαλμιστικὴν
897 3876 1073 3933 Gmci
1122 3890 1341 3933 vorant.
1374 3879 1660 3937 Postremo
1675 3898 1766 3955 ars
1803 3882 1975 3941 futilis
2002 3894 2060 3942 et

467 3970 648 4025 inanis
675 3980 761 4026 est
792 3987 914 4041 qua:
952 3986 1077 4026 cum
1107 3972 1253 4027 aeris
1286 3973 1644 4041 percussione
1674 3976 1843 4045 perit.

542 4060 820 4116 Summam
848 4060 904 4114 in
939 4060 1134 4129 ﬁdibus
1162 4062 1437 4116 chordam.
1494 4063 1621 4120 Hmc
1658 4076 1875 4137 sumpta
1926 4077 2056 4123 sunt

468 4168 534 4205 cx
561 4153 881 4208 concisione
908 4153 1218 4208 harmonici
1250 4157 1479 4211 canonis
1503 4168 1628 4212 cum
1663 4160 2047 4227 exemplorum

469 4245 838 4316 oppositione.
870 4243 1103 4317 Oportet
1123 4247 1291 4315 igitur
1310 4263 1410 4303 nos
1438 4249 1711 4319 principio
1737 4250 1865 4305 inde
1889 4253 2057 4307 ducto

466 4336 761 4405 explanare
810 4336 936 4398 ista,
981 4346 1042 4390 ut
1086 4337 1325 4392 lectores
1361 4340 1709 4412 perspicuam
1749 4358 1935 4397 rerum
1967 4345 2047 4399 in-

2157 3139 2251 3209 qui
2285 3155 2388 3209 per
2410 3140 2678 3209 quinque,
2709 3140 2816 3195 hoc
2846 3150 2953 3201 est.
3002 3150 3316 3196 extremum
3360 3140 3578 3211 quidem
3615 3151 3716 3192 ses-

2156 3230 2455 3300 quitertiae,
2498 3226 2830 3301 principium
2878 3248 3008 3287 vero
3070 3232 3510 3302 sesquialterius.
3545 3231 3718 3297 Itaque

2157 3320 2268 3376 duo
2301 3332 2611 3377 concentus
2644 3322 2753 3377 hoc
2798 3329 2962 3392 pacto
3000 3322 3296 3393 compositi
3328 3322 3570 3378 alliciunt
3609 3336 3717 3376 eam

2158 3414 2635 3477 constitutionem,
2658 3430 2825 3485 quam
2854 3431 2952 3485 per
2975 3431 3169 3471 omnes
3197 3430 3497 3472 consonam
3525 3428 3719 3470 nuncu-

2158 3518 2313 3578 pant.
2358 3507 2515 3565 Nunc
2539 3519 2723 3565 autem
2756 3518 2986 3566 cancros
3016 3521 3325 3567 concentus
3350 3513 3543 3567 missos
3574 3509 3722 3565 lacis-

2160 3616 2308 3665 nius,
2341 3602 2548 3673 quippe
2586 3617 2712 3657 cum
2747 3618 2938 3673 parum
2982 3603 3281 3658 admodum
3318 3606 3624 3660 conducant
3658 3602 3718 3656 ad

2164 3693 2463 3764 proposita:
2513 3693 2674 3749 nobis
2728 3693 3057 3764 quaestionis
3103 3696 3551 3765 explicationem.
3609 3692 3720 3748 llaec

2157 3794 2307 3842 certe
2326 3784 2644 3840 constitutio
2668 3800 2766 3854 per
2786 3800 2978 3840 omnes
3003 3800 3247 3840 consona
3265 3785 3329 3841 iit
3353 3801 3384 3842 e
3398 3785 3607 3848 ﬁdibus,
3627 3782 3718 3836 hoc

2159 3886 2263 3943 est,
2288 3879 2440 3935 sonis
2463 3889 2610 3943 octo,
2627 3879 2872 3949 quinque
2892 3894 3020 3933 vero
3042 3879 3187 3934 tonis
3203 3890 3259 3934 et
3280 3876 3720 3935 semitoniisduo-

2161 3971 2286 4027 bus.
2306 3971 2488 4027 Sonus
2507 3981 2691 4027 autem
2721 3982 2928 4027 octava:
2942 3972 3163 4027 chordae
3183 3970 3418 4028 collatus
3449 3972 3535 4027 hic
3563 3978 3715 4036 atque

2160 4073 2513 4134 comparatus
2546 4064 2613 4119 ad
2644 4066 2830 4135 prima:
2857 4066 3121 4132 sonitum,
3155 4081 3423 4136 perpetuo
3456 4061 3710 4120 invenitur

2157 4152 2381 4225 duplam
2414 4156 2619 4212 habere
2644 4157 3080 4226 proportionem.
3156 4157 3343 4211 Prima
3375 4171 3505 4212 sane
3523 4153 3709 4209 chorda

2160 4255 2392 4301 vocatur
2412 4257 2559 4311 nete,
2587 4247 2969 4303 acutissimum
2993 4263 3191 4304 sonum
3224 4247 3504 4308 eminens,
3550 4245 3707 4298 altera

2164 4339 2945 4408 paranete.tertiaparamese,
2996 4340 3188 4409 quinta
3238 4338 3712 4410 superparhypatc.

469 4427 820 4498 telligentiam
871 4428 1131 4483 habeant.
1193 4428 1508 4486 Concentus
1568 4433 1788 4504 itaque,
1839 4437 2044 4507 quibus

2153 4440 2300 4484 sexta
2324 4432 2652 4502 parhypate,
2678 4433 3066 4502 gravissimum
3100 4432 3274 4487 edens
3307 4447 3523 4496 sonum,
3546 4439 3717 4484 octava

468 4519 800 4576 harmonicae
826 4521 1252 4577 constitutiones
1277 4537 1379 4578 con
1390 4524 1667 4593 ficiuntur,
1697 4527 1884 4598 plures
1907 4539 2058 4598 sunt,

463 4630 697 4684 quorum
732 4613 945 4686 primus
1001 4616 1357 4685 sesquitertia
1410 4627 1518 4683 est,
1566 4630 1807 4689 quatuor
1861 4622 2060 4678 [idibus

465 4717 768 4765 constans:
822 4709 943 4777 haec
979 4725 1111 4764 vero
1145 4724 1211 4764 ex
1250 4710 1472 4781 duohus
1520 4714 1666 4769 tonis
1714 4724 1772 4770 et
1812 4716 2059 4774 limmate

468 4799 639 4870 (quod
679 4811 738 4855 et
763 4802 1118 4858 semitonium
1146 4803 1447 4876 improprie
1473 4807 1721 4879 vocatur)
1758 4811 2054 4866 coalescit:

469 4893 522 4944 in
545 4908 651 4962 qua
670 4910 796 4949 cum
817 4908 985 4949 sonus
1000 4904 1207 4969 quaer
1228 4895 1450 4952 chorda:
1471 4899 1756 4953 confertur
1776 4916 1900 4954 cum
1919 4917 2057 4958 sono

468 4984 683 5055 primm,
719 4986 1127 5055 sesquitertiam
1166 4991 1576 5061 proportionem
1609 4992 1811 5049 habere
1839 5009 2059 5066 compe-

471 5078 632 5129 ritnr.
688 5077 978 5135 Secundus
1017 5094 1326 5137 concentus
1371 5090 1458 5138 "est
1518 5087 1880 5156 sesquialtera
1929 5103 2054 5156 pro-

474 5169 675 5238 portio,
712 5186 834 5239 qua:
857 5171 1082 5241 quidem
1110 5188 1141 5227 e
1161 5175 1409 5244 quinque
1442 5176 1639 5232 (idibus
1666 5179 1915 5233 eXoritur
1941 5196 1955 5234 :
1989 5193 2058 5233 ex

477 5261 656 5316 tribus
683 5262 940 5318 videlicet
984 5275 1043 5319 et
1092 5268 1410 5323 semitonio.
1485 5268 1622 5324 lline
1667 5271 1834 5326 etiam
1888 5286 2060 5327 sonus

473 5354 682 5423 quintae
699 5354 919 5410 chordae
933 5370 1282 5428 comparatus
1309 5360 1373 5414 ad
1403 5377 1599 5416 sonum
1627 5363 1815 5433 prima:
1842 5379 2059 5434 semper

481 5446 890 5515 preportioncm
919 5449 1082 5503 habet
1112 5451 1553 5522 sesquialteram.
1609 5451 1846 5508 Primam
1874 5466 2057 5509 autem

480 5537 742 5593 chordam
787 5541 1004 5611 appello
1052 5541 1156 5597 hoc
1190 5543 1243 5597 in
1286 5544 1410 5600 loco
1447 5556 1697 5615 quartam
1730 5546 1889 5616 primi
1930 5563 2058 5600 con-

483 5642 680 5688 centus
706 5635 799 5704 qui
831 5650 924 5705 per
956 5643 1193 5704 quatuor
1247 5636 1324 5690 lit.
1383 5636 1703 5690 Communis
1736 5645 1820 5690 cst
1862 5644 2056 5704 quarta

489 5719 695 5783 chorda
730 5724 966 5783 duorum
1002 5735 1374 5785 conccntuum
1403 5728 1747 5800 primorum,
1783 5726 1907 5781 linis
1935 5725 2056 5797 qui-

2166 4534 2299 4575 ero
2324 4537 2482 4576 tonus
2520 4534 2835 4590 assmnptus
2855 4541 2871 4592 ;
2891 4541 2918 4577 a
2939 4525 3244 4596 Pythagora
3267 4525 3529 4596 siquidem
3550 4531 3717 4593 postea

2170 4624 2485 4683 assumptus
2513 4626 2621 4669 est.
2675 4615 2808 4669 Nam
2834 4617 3014 4685 prisca
3049 4617 3164 4687 lyra
3194 4616 3400 4688 Orphei
3430 4633 3493 4672 ex
3526 4620 3713 4683 septem

2168 4704 2499 4759 chordarum
2539 4715 2813 4761 concentu
2851 4707 3161 4763 constabat.
3204 4707 3440 4779 Ideoque
3466 4701 3714 4761 nonnulla

2167 4795 2485 4867 huiusmodi
2543 4797 2873 4852 chordarum
2924 4797 3103 4870 quoad
3149 4814 3315 4855 sonos
3365 4809 3537 4856 acuta:
3577 4805 3711 4857 sunt,

2168 4892 2288 4947 alia:
2333 4908 2546 4962 graves.
2586 4893 2707 4949 alia:
2739 4892 2954 4948 mediae.
3025 4894 3091 4948 Et
3116 4909 3312 4965 graves
3342 4892 3559 4966 quidem
3594 4895 3711 4945 sunt

2168 4983 2399 5056 hypatm,
2429 4994 2604 5040 acutae
2634 4994 2800 5051 netae,
2839 4983 3033 5040 media:
3085 5002 3217 5042 vero
3270 4988 3584 5058 interiecta.
3637 4978 3707 5035 Ad

2167 5078 2494 5147 ampliorem
2543 5078 2997 5148 perspicuitatem
3062 5076 3418 5148 exposuimus
3471 5077 3709 5132 linearum

2167 5168 2644 5224 demonstratione
2682 5169 2926 5240 regulam
2958 5169 3372 5236 octachordam,
3408 5171 3507 5225 hoc
3535 5173 3631 5225 est.
3651 5175 3709 5216 ex

2167 5260 2371 5329 duplici
2412 5262 2769 5331 proportione
2798 5263 3089 5319 conﬂatam
3126 5266 3453 5321 concordem
3478 5267 3706 5315 tonorum

2169 5354 2623 5422 modulationem,
2660 5355 3021 5424 compositam
3048 5371 3113 5412 ex
3143 5357 3355 5412 duobus
3381 5345 3707 5410 tetrachordi!

2166 5456 2223 5504 ct
2249 5446 2412 5502 unico
2444 5456 2608 5502 tono:
2633 5447 2891 5503 videlicet
2920 5463 2950 5502 e
2979 5448 3197 5504 duabus
3220 5444 3570 5520 sesquitertiis
3592 5453 3700 5511 pro.

2165 5540 2536 5612 portionibus.
2577 5539 2740 5595 unico
2774 5540 3173 5609 sesquioctavo.
3218 5541 3300 5595 vel
3333 5540 3507 5612 potius
3541 5549 3570 5587 ο
3596 5545 3699 5585 m-

2167 5632 2426 5704 quitcrtia
2445 5648 2551 5688 una
2583 5644 2639 5687 et
2669 5650 2773 5689 una
2791 5633 3168 5703 sesquialtera.
3188 5633 3322 5687 Nam
3351 5627 3699 5699 sesquiocma

2168 5724 2451 5801 proportio
2479 5723 2730 5796 cepulata
2757 5728 2882 5781 cum
2908 5725 3069 5780 unica
3102 5722 3471 5796 sesquitcrtia.
3501 5724 3702 5788 μωροῖ-
