  <div class='ocr_page' id='page_1' title='image "/cluster/home/n/w/nwhite01/storage/ocr_20150623/149/hvd.32044073498818/274.png"; bbox 0 0 4060 6204; ppageno 0'>
   <div class='ocr_carea' id='block_1_1' title="bbox 323 221 426 284">
    <p class='ocr_par' dir='ltr' id='par_1_1' title="bbox 323 221 426 284">
     <span class='ocr_line' id='line_1_1' title="bbox 323 221 426 284; baseline -0.019 0"><span class='ocrx_word' id='word_1_1' title='bbox 323 221 426 284; x_wconf 69' lang='grc'><strong>519</strong></span> 
     </span>
    </p>
   </div>
   <div class='ocr_carea' id='block_1_2' title="bbox 1200 221 2691 292">
    <p class='ocr_par' dir='ltr' id='par_1_2' title="bbox 1200 221 2691 292">
     <span class='ocr_line' id='line_1_2' title="bbox 1200 221 2691 292; baseline 0.006 -10"><span class='ocrx_word' id='word_1_2' title='bbox 1200 223 1528 284; x_wconf 78' lang='lat' dir='ltr'><strong>SCHOLlA</strong></span> <span class='ocrx_word' id='word_1_3' title='bbox 1569 223 1654 286; x_wconf 86' lang='lat' dir='ltr'><strong>IN</strong></span> <span class='ocrx_word' id='word_1_4' title='bbox 1697 223 2086 286; x_wconf 80' lang='lat' dir='ltr'><strong>SYNESIUM</strong></span> <span class='ocrx_word' id='word_1_5' title='bbox 2128 221 2226 288; x_wconf 85' lang='lat' dir='ltr'><strong>DE</strong></span> <span class='ocrx_word' id='word_1_6' title='bbox 2265 224 2691 292; x_wconf 84' lang='lat' dir='ltr'><strong>INSOMNIIS.</strong></span> 
     </span>
    </p>
   </div>
   <div class='ocr_carea' id='block_1_3' title="bbox 3474 229 3588 292">
    <p class='ocr_par' dir='ltr' id='par_1_3' title="bbox 3474 229 3588 292">
     <span class='ocr_line' id='line_1_3' title="bbox 3474 229 3588 292; baseline -0.044 0"><span class='ocrx_word' id='word_1_7' title='bbox 3474 229 3588 292; x_wconf 75' lang='lat'><strong>550</strong></span> 
     </span>
    </p>
   </div>
   <div class='ocr_carea' id='block_1_4' title="bbox 319 331 3590 408">
    <p class='ocr_par' dir='ltr' id='par_1_4' title="bbox 319 331 3590 408">
     <span class='ocr_line' id='line_1_4' title="bbox 319 331 3590 408; baseline 0.001 -20"><span class='ocrx_word' id='word_1_8' title='bbox 319 333 615 388; x_wconf 68' lang='grc' dir='ltr'>ἀποκλίνον</span> <span class='ocrx_word' id='word_1_9' title='bbox 650 331 798 386; x_wconf 72' lang='grc' dir='ltr'>ἅπαν</span> <span class='ocrx_word' id='word_1_10' title='bbox 847 331 966 384; x_wconf 69' lang='grc' dir='ltr'>ἐστὶ</span> <span class='ocrx_word' id='word_1_11' title='bbox 1010 332 1340 401; x_wconf 73' lang='grc' dir='ltr'>παθητικόν.</span> <span class='ocrx_word' id='word_1_12' title='bbox 1399 337 1709 406; x_wconf 72' lang='grc' dir='ltr'><strong>Διαιρεῖται</strong></span> <span class='ocrx_word' id='word_1_13' title='bbox 1755 337 1812 389; x_wconf 71' lang='grc' dir='ltr'>δὲ</span> <span class='ocrx_word' id='word_1_14' title='bbox 1848 335 1908 390; x_wconf 83' lang='grc' dir='ltr'>τὸ</span> <span class='ocrx_word' id='word_1_15' title='bbox 1929 341 1981 399; x_wconf 80' lang='grc' dir='ltr'><strong>Α</strong></span> <span class='ocrx_word' id='word_1_16' title='bbox 2008 353 2130 400; x_wconf 83' lang='grc' dir='ltr'>πεις</span> <span class='ocrx_word' id='word_1_17' title='bbox 2155 339 2320 404; x_wconf 75' lang='grc' dir='ltr'>αὐτὰ,</span> <span class='ocrx_word' id='word_1_18' title='bbox 2362 340 2425 393; x_wconf 78' lang='grc' dir='ltr'>ἓν</span> <span class='ocrx_word' id='word_1_19' title='bbox 2459 358 2508 392; x_wconf 86' lang='grc' dir='ltr'><strong>τι</strong></span> <span class='ocrx_word' id='word_1_20' title='bbox 2537 339 2778 408; x_wconf 79' lang='grc' dir='ltr'><strong>βλέπεις,</strong></span> <span class='ocrx_word' id='word_1_21' title='bbox 2809 335 3128 406; x_wconf 71' lang='grc' dir='ltr'>συγγένειαν</span> <span class='ocrx_word' id='word_1_22' title='bbox 3162 335 3352 405; x_wconf 77' lang='grc' dir='ltr'>ἔχοντα</span> <span class='ocrx_word' id='word_1_23' title='bbox 3386 353 3590 391; x_wconf 81' lang='grc' dir='ltr'>παντα-</span> 
     </span>
    </p>
   </div>
   <div class='ocr_carea' id='block_1_5' title="bbox 319 424 1904 498">
    <p class='ocr_par' dir='ltr' id='par_1_5' title="bbox 319 424 1904 498">
     <span class='ocr_line' id='line_1_5' title="bbox 319 424 1904 498; baseline 0.001 -18"><span class='ocrx_word' id='word_1_24' title='bbox 319 424 626 494; x_wconf 48' lang='lat' dir='ltr'><strong>menum</strong></span> <span class='ocrx_word' id='word_1_25' title='bbox 666 425 764 492; x_wconf 76' lang='grc' dir='ltr'>τῆς</span> <span class='ocrx_word' id='word_1_26' title='bbox 817 425 996 495; x_wconf 77' lang='grc' dir='ltr'>ψυχῆς</span> <span class='ocrx_word' id='word_1_27' title='bbox 1044 424 1123 492; x_wconf 78' lang='grc' dir='ltr'>εἴς</span> <span class='ocrx_word' id='word_1_28' title='bbox 1163 443 1221 479; x_wconf 90' lang='grc' dir='ltr'><strong>τε</strong></span> <span class='ocrx_word' id='word_1_29' title='bbox 1282 427 1342 480; x_wconf 77' lang='grc' dir='ltr'>τὸ</span> <span class='ocrx_word' id='word_1_30' title='bbox 1374 427 1700 497; x_wconf 78' lang='grc' dir='ltr'>πειθόμενον</span> <span class='ocrx_word' id='word_1_31' title='bbox 1741 429 1904 498; x_wconf 83' lang='grc' dir='ltr'>λόγῳ,</span> 
     </span>
    </p>
   </div>
   <div class='ocr_carea' id='block_1_6' title="bbox 319 516 1908 591">
    <p class='ocr_par' dir='ltr' id='par_1_6' title="bbox 319 516 1908 591">
     <span class='ocr_line' id='line_1_6' title="bbox 319 516 1908 591; baseline 0.003 -21"><span class='ocrx_word' id='word_1_32' title='bbox 319 521 414 570; x_wconf 69' lang='grc' dir='ltr'><strong>καὶ</strong></span> <span class='ocrx_word' id='word_1_33' title='bbox 443 521 522 580; x_wconf 81' lang='grc' dir='ltr'>εἰς</span> <span class='ocrx_word' id='word_1_34' title='bbox 562 518 624 570; x_wconf 82' lang='grc' dir='ltr'>τὸ</span> <span class='ocrx_word' id='word_1_35' title='bbox 661 516 735 588; x_wconf 81' lang='grc' dir='ltr'>μὴ</span> <span class='ocrx_word' id='word_1_36' title='bbox 760 517 1088 586; x_wconf 82' lang='grc' dir='ltr'>πειθόμενον</span> <span class='ocrx_word' id='word_1_37' title='bbox 1120 517 1266 588; x_wconf 81' lang='grc' dir='ltr'>λόγῳ</span> <span class='ocrx_word' id='word_1_38' title='bbox 1295 520 1544 575; x_wconf 74' lang='grc' dir='ltr'>διπλοῦν.</span> <span class='ocrx_word' id='word_1_39' title='bbox 1574 522 1648 574; x_wconf 81' lang='grc' dir='ltr'>Τὸ</span> <span class='ocrx_word' id='word_1_40' title='bbox 1677 521 1775 589; x_wconf 77' lang='grc' dir='ltr'>μὲν</span> <span class='ocrx_word' id='word_1_41' title='bbox 1797 523 1908 591; x_wconf 78' lang='grc' dir='ltr'><strong>γάρ</strong></span> 
     </span>
    </p>
   </div>
   <div class='ocr_carea' id='block_1_7' title="bbox 319 609 1908 683">
    <p class='ocr_par' dir='ltr' id='par_1_7' title="bbox 319 609 1908 683">
     <span class='ocr_line' id='line_1_7' title="bbox 319 609 1908 683; baseline 0.003 -19"><span class='ocrx_word' id='word_1_42' title='bbox 319 629 502 678; x_wconf 71' lang='grc' dir='ltr'>ςαμεν</span> <span class='ocrx_word' id='word_1_43' title='bbox 537 609 833 679; x_wconf 79' lang='grc' dir='ltr'>ορεπτικὸν</span> <span class='ocrx_word' id='word_1_44' title='bbox 877 613 970 663; x_wconf 79' lang='grc' dir='ltr'><strong>καὶ</strong></span> <span class='ocrx_word' id='word_1_45' title='bbox 1007 611 1261 678; x_wconf 59' lang='grc' dir='ltr'>φυσικόν</span> <span class='ocrx_word' id='word_1_46' title='bbox 1291 613 1352 664; x_wconf 81' lang='grc' dir='ltr'>τὸ</span> <span class='ocrx_word' id='word_1_47' title='bbox 1381 613 1438 664; x_wconf 81' lang='grc' dir='ltr'>δὲ</span> <span class='ocrx_word' id='word_1_48' title='bbox 1473 613 1782 683; x_wconf 81' lang='grc' dir='ltr'>σφυγμικδν</span> <span class='ocrx_word' id='word_1_49' title='bbox 1811 615 1908 669; x_wconf 74' lang='grc' dir='ltr'><strong>καὶ</strong></span> 
     </span>
    </p>
   </div>
   <div class='ocr_carea' id='block_1_8' title="bbox 319 697 1896 772">
    <p class='ocr_par' dir='ltr' id='par_1_8' title="bbox 319 697 1896 772">
     <span class='ocr_line' id='line_1_8' title="bbox 319 697 1896 772; baseline 0.004 -17"><span class='ocrx_word' id='word_1_50' title='bbox 319 704 570 768; x_wconf 78' lang='grc' dir='ltr'>ζωτικόν·</span> <span class='ocrx_word' id='word_1_51' title='bbox 604 703 774 772; x_wconf 72' lang='grc' dir='ltr'>ἄμφω</span> <span class='ocrx_word' id='word_1_52' title='bbox 799 703 854 756; x_wconf 77' lang='grc' dir='ltr'>δὲ</span> <span class='ocrx_word' id='word_1_53' title='bbox 882 703 1058 756; x_wconf 81' lang='grc' dir='ltr'>ταῦτα</span> <span class='ocrx_word' id='word_1_54' title='bbox 1090 704 1151 756; x_wconf 86' lang='grc' dir='ltr'>οὐ</span> <span class='ocrx_word' id='word_1_55' title='bbox 1179 703 1340 772; x_wconf 79' lang='grc' dir='ltr'>λόγῳ’</span> <span class='ocrx_word' id='word_1_56' title='bbox 1367 707 1655 759; x_wconf 81' lang='grc' dir='ltr'>πείθεσθαι</span> <span class='ocrx_word' id='word_1_57' title='bbox 1693 697 1896 762; x_wconf 69' lang='grc' dir='ltr'>ἴσασιν.</span> 
     </span>
    </p>
   </div>
   <div class='ocr_carea' id='block_1_9' title="bbox 319 792 1904 866">
    <p class='ocr_par' dir='ltr' id='par_1_9' title="bbox 319 792 1904 866">
     <span class='ocr_line' id='line_1_9' title="bbox 319 792 1904 866; baseline 0.003 -18"><span class='ocrx_word' id='word_1_58' title='bbox 319 793 456 848; x_wconf 82' lang='grc' dir='ltr'>Οὐδὲ</span> <span class='ocrx_word' id='word_1_59' title='bbox 489 792 598 862; x_wconf 77' lang='grc' dir='ltr'><strong>γὰρ</strong></span> <span class='ocrx_word' id='word_1_60' title='bbox 650 792 977 862; x_wconf 82' lang='grc' dir='ltr'>προαίρεσιν</span> <span class='ocrx_word' id='word_1_61' title='bbox 1015 795 1138 846; x_wconf 79' lang='grc' dir='ltr'>οὐδὲ</span> <span class='ocrx_word' id='word_1_62' title='bbox 1193 799 1452 864; x_wconf 79' lang='grc' dir='ltr'>κριτικήν</span> <span class='ocrx_word' id='word_1_63' title='bbox 1497 814 1619 852; x_wconf 87' lang='grc' dir='ltr'>τινα</span> <span class='ocrx_word' id='word_1_64' title='bbox 1671 797 1904 866; x_wconf 83' lang='grc' dir='ltr'>δύναμιν</span> 
     </span>
    </p>
   </div>
   <div class='ocr_carea' id='block_1_10' title="bbox 319 882 1904 956">
    <p class='ocr_par' dir='ltr' id='par_1_10' title="bbox 319 882 1904 956">
     <span class='ocr_line' id='line_1_10' title="bbox 319 882 1904 956; baseline 0.004 -20"><span class='ocrx_word' id='word_1_65' title='bbox 319 883 470 953; x_wconf 76' lang='grc' dir='ltr'>ἔχει’</span> <span class='ocrx_word' id='word_1_66' title='bbox 532 882 736 953; x_wconf 79' lang='grc' dir='ltr'>ὁμοίως</span> <span class='ocrx_word' id='word_1_67' title='bbox 779 883 836 934; x_wconf 81' lang='grc' dir='ltr'>δὲ</span> <span class='ocrx_word' id='word_1_68' title='bbox 879 883 978 934; x_wconf 81' lang='grc' dir='ltr'><strong>καὶ</strong></span> <span class='ocrx_word' id='word_1_69' title='bbox 1029 883 1091 936; x_wconf 84' lang='grc' dir='ltr'><strong>τὺ</strong></span> <span class='ocrx_word' id='word_1_70' title='bbox 1139 885 1424 948; x_wconf 76' lang='grc' dir='ltr'>ὲπιπειθὲς</span> <span class='ocrx_word' id='word_1_71' title='bbox 1477 887 1620 956; x_wconf 86' lang='grc' dir='ltr'>λόγῳ</span> <span class='ocrx_word' id='word_1_72' title='bbox 1674 889 1904 942; x_wconf 82' lang='grc' dir='ltr'>διπλοῦν</span> 
     </span>
    </p>
   </div>
   <div class='ocr_carea' id='block_1_11' title="bbox 319 973 1904 1050">
    <p class='ocr_par' dir='ltr' id='par_1_11' title="bbox 319 973 1904 1050">
     <span class='ocr_line' id='line_1_11' title="bbox 319 973 1904 1050; baseline 0.003 -23"><span class='ocrx_word' id='word_1_73' title='bbox 319 978 456 1028; x_wconf 72' lang='grc' dir='ltr'>ἐστι.</span> <span class='ocrx_word' id='word_1_74' title='bbox 489 973 564 1028; x_wconf 81' lang='grc' dir='ltr'>Τδ</span> <span class='ocrx_word' id='word_1_75' title='bbox 600 975 700 1044; x_wconf 79' lang='grc' dir='ltr'>μὲν</span> <span class='ocrx_word' id='word_1_76' title='bbox 731 975 839 1045; x_wconf 76' lang='grc' dir='ltr'><strong>γάρ</strong></span> <span class='ocrx_word' id='word_1_77' title='bbox 871 992 1056 1044; x_wconf 86' lang='grc' dir='ltr'>φαμεν</span> <span class='ocrx_word' id='word_1_78' title='bbox 1089 977 1520 1046; x_wconf 70' lang='grc' dir='ltr'>ἐπιθυμητικὸν,</span> <span class='ocrx_word' id='word_1_79' title='bbox 1558 981 1617 1032; x_wconf 74' lang='grc' dir='ltr'>τὸ</span> <span class='ocrx_word' id='word_1_80' title='bbox 1651 981 1707 1034; x_wconf 83' lang='grc' dir='ltr'>δὲ</span> <span class='ocrx_word' id='word_1_81' title='bbox 1742 981 1904 1050; x_wconf 74' lang='grc' dir='ltr'>Θυμί-</span> 
     </span>
    </p>
   </div>
   <div class='ocr_carea' id='block_1_12' title="bbox 317 1067 1904 1144">
    <p class='ocr_par' dir='ltr' id='par_1_12' title="bbox 317 1067 1904 1144">
     <span class='ocr_line' id='line_1_12' title="bbox 317 1067 1904 1144; baseline 0.003 -24"><span class='ocrx_word' id='word_1_82' title='bbox 317 1069 436 1120; x_wconf 70' lang='grc' dir='ltr'>κόν.</span> <span class='ocrx_word' id='word_1_83' title='bbox 466 1067 539 1119; x_wconf 85' lang='grc' dir='ltr'>Τδ</span> <span class='ocrx_word' id='word_1_84' title='bbox 573 1067 675 1136; x_wconf 81' lang='grc' dir='ltr'><strong>μέν</strong></span> <span class='ocrx_word' id='word_1_85' title='bbox 717 1084 798 1119; x_wconf 87' lang='grc' dir='ltr'><strong>τοι</strong></span> <span class='ocrx_word' id='word_1_86' title='bbox 833 1067 1235 1136; x_wconf 70' lang='grc' dir='ltr'>ἐπιθυμητικὸν</span> <span class='ocrx_word' id='word_1_87' title='bbox 1264 1067 1556 1136; x_wconf 70' lang='grc' dir='ltr'><strong>διαιρεῖται</strong></span> <span class='ocrx_word' id='word_1_88' title='bbox 1590 1073 1669 1134; x_wconf 80' lang='grc' dir='ltr'><strong>είς</strong></span> <span class='ocrx_word' id='word_1_89' title='bbox 1711 1072 1904 1144; x_wconf 71' lang='grc' dir='ltr'>ἡδονὴν</span> 
     </span>
    </p>
   </div>
   <div class='ocr_carea' id='block_1_13' title="bbox 322 1157 1900 1230">
    <p class='ocr_par' dir='ltr' id='par_1_13' title="bbox 322 1157 1900 1230">
     <span class='ocr_line' id='line_1_13' title="bbox 322 1157 1900 1230; baseline 0.004 -20"><span class='ocrx_word' id='word_1_90' title='bbox 322 1159 420 1210; x_wconf 81' lang='grc' dir='ltr'><strong>καὶ</strong></span> <span class='ocrx_word' id='word_1_91' title='bbox 478 1157 698 1226; x_wconf 82' lang='grc' dir='ltr'>λύπην·</span> <span class='ocrx_word' id='word_1_92' title='bbox 742 1159 1108 1226; x_wconf 79' lang='grc' dir='ltr'>ὲπιτυγχάνον</span> <span class='ocrx_word' id='word_1_93' title='bbox 1157 1159 1266 1229; x_wconf 84' lang='grc' dir='ltr'><strong>γὰρ</strong></span> <span class='ocrx_word' id='word_1_94' title='bbox 1319 1160 1510 1230; x_wconf 77' lang='grc' dir='ltr'>ἡδονὴν</span> <span class='ocrx_word' id='word_1_95' title='bbox 1565 1162 1900 1230; x_wconf 77' lang='grc' dir='ltr'>ἐργάζεταιο</span> 
     </span>
    </p>
   </div>
   <div class='ocr_carea' id='block_1_14' title="bbox 317 1247 1903 1322">
    <p class='ocr_par' dir='ltr' id='par_1_14' title="bbox 317 1247 1903 1322">
     <span class='ocr_line' id='line_1_14' title="bbox 317 1247 1903 1322; baseline 0.003 -22"><span class='ocrx_word' id='word_1_96' title='bbox 317 1248 702 1316; x_wconf 78' lang='grc' dir='ltr'>ἁποτυγχάνον</span> <span class='ocrx_word' id='word_1_97' title='bbox 753 1247 832 1306; x_wconf 78' lang='grc' dir='ltr'>δὲ.</span> <span class='ocrx_word' id='word_1_98' title='bbox 887 1247 1106 1318; x_wconf 82' lang='grc' dir='ltr'><strong>λύπην·</strong></span> <span class='ocrx_word' id='word_1_99' title='bbox 1151 1250 1212 1300; x_wconf 74' lang='grc' dir='ltr'>τὸ</span> <span class='ocrx_word' id='word_1_100' title='bbox 1263 1249 1320 1300; x_wconf 83' lang='grc' dir='ltr'>δὲ</span> <span class='ocrx_word' id='word_1_101' title='bbox 1357 1249 1586 1316; x_wconf 79' lang='grc' dir='ltr'>θυμικὸν</span> <span class='ocrx_word' id='word_1_102' title='bbox 1612 1250 1903 1322; x_wconf 76' lang='grc' dir='ltr'>διαιρεῖται</span> 
     </span>
    </p>
   </div>
   <div class='ocr_carea' id='block_1_15' title="bbox 315 1338 1904 1411">
    <p class='ocr_par' dir='ltr' id='par_1_15' title="bbox 315 1338 1904 1411">
     <span class='ocr_line' id='line_1_15' title="bbox 315 1338 1904 1411; baseline 0.003 -22"><span class='ocrx_word' id='word_1_103' title='bbox 315 1339 394 1398; x_wconf 83' lang='grc' dir='ltr'><strong>εἰς</strong></span> <span class='ocrx_word' id='word_1_104' title='bbox 435 1339 586 1407; x_wconf 77' lang='grc' dir='ltr'>τρία,</span> <span class='ocrx_word' id='word_1_105' title='bbox 615 1340 696 1401; x_wconf 85' lang='grc' dir='ltr'><strong>εἰς</strong></span> <span class='ocrx_word' id='word_1_106' title='bbox 729 1338 925 1408; x_wconf 82' lang='grc' dir='ltr'>ὀργὴν,</span> <span class='ocrx_word' id='word_1_107' title='bbox 967 1339 1038 1409; x_wconf 71' lang='grc' dir='ltr'>ἢν</span> <span class='ocrx_word' id='word_1_108' title='bbox 1067 1339 1134 1410; x_wconf 87' lang='grc' dir='ltr'>δὴ</span> <span class='ocrx_word' id='word_1_109' title='bbox 1175 1340 1271 1392; x_wconf 80' lang='grc' dir='ltr'>καὶ</span> <span class='ocrx_word' id='word_1_110' title='bbox 1303 1340 1467 1410; x_wconf 83' lang='grc' dir='ltr'>χολὴν</span> <span class='ocrx_word' id='word_1_111' title='bbox 1498 1343 1594 1394; x_wconf 81' lang='grc' dir='ltr'><strong>καὶ</strong></span> <span class='ocrx_word' id='word_1_112' title='bbox 1621 1341 1776 1411; x_wconf 85' lang='grc' dir='ltr'>χόλον</span> <span class='ocrx_word' id='word_1_113' title='bbox 1805 1360 1904 1395; x_wconf 84' lang='grc' dir='ltr'><strong>κα-</strong></span> 
     </span>
    </p>
   </div>
   <div class='ocr_carea' id='block_1_16' title="bbox 315 1429 1901 1506">
    <p class='ocr_par' dir='ltr' id='par_1_16' title="bbox 315 1429 1901 1506">
     <span class='ocr_line' id='line_1_16' title="bbox 315 1429 1901 1506; baseline 0.003 -24"><span class='ocrx_word' id='word_1_114' title='bbox 315 1429 492 1484; x_wconf 65' lang='grc' dir='ltr'>λοῦσι·</span> <span class='ocrx_word' id='word_1_115' title='bbox 523 1431 622 1484; x_wconf 74' lang='grc' dir='ltr'><strong>καὶ</strong></span> <span class='ocrx_word' id='word_1_116' title='bbox 665 1433 747 1494; x_wconf 90' lang='grc' dir='ltr'><strong>είς</strong></span> <span class='ocrx_word' id='word_1_117' title='bbox 779 1433 964 1502; x_wconf 84' lang='grc' dir='ltr'>μῆνιν,</span> <span class='ocrx_word' id='word_1_118' title='bbox 997 1435 1092 1486; x_wconf 81' lang='grc' dir='ltr'>καὶ</span> <span class='ocrx_word' id='word_1_119' title='bbox 1123 1434 1200 1494; x_wconf 79' lang='grc' dir='ltr'>εἰς</span> <span class='ocrx_word' id='word_1_120' title='bbox 1238 1435 1414 1489; x_wconf 73' lang='grc' dir='ltr'>κότον.</span> <span class='ocrx_word' id='word_1_121' title='bbox 1459 1436 1619 1487; x_wconf 76' lang='grc' dir='ltr'>Ἐστι</span> <span class='ocrx_word' id='word_1_122' title='bbox 1668 1434 1725 1488; x_wconf 88' lang='grc' dir='ltr'>δὲ</span> <span class='ocrx_word' id='word_1_123' title='bbox 1763 1435 1901 1506; x_wconf 79' lang='grc' dir='ltr'><strong>ὀργὴ</strong></span> 
     </span>
    </p>
   </div>
   <div class='ocr_carea' id='block_1_17' title="bbox 318 1521 1898 1595">
    <p class='ocr_par' dir='ltr' id='par_1_17' title="bbox 318 1521 1898 1595">
     <span class='ocr_line' id='line_1_17' title="bbox 318 1521 1898 1595; baseline 0.002 -22"><span class='ocrx_word' id='word_1_124' title='bbox 318 1521 488 1588; x_wconf 77' lang='grc' dir='ltr'>Θυμὸς</span> <span class='ocrx_word' id='word_1_125' title='bbox 509 1521 672 1591; x_wconf 77' lang='grc' dir='ltr'>’πρὸς</span> <span class='ocrx_word' id='word_1_126' title='bbox 717 1523 1008 1592; x_wconf 77' lang='grc' dir='ltr'>ἐνέργειαν</span> <span class='ocrx_word' id='word_1_127' title='bbox 1056 1523 1233 1594; x_wconf 76' lang='grc' dir='ltr'>ἀρχὴν</span> <span class='ocrx_word' id='word_1_128' title='bbox 1285 1524 1378 1574; x_wconf 76' lang='grc' dir='ltr'><strong>καὶ</strong></span> <span class='ocrx_word' id='word_1_129' title='bbox 1427 1523 1639 1593; x_wconf 85' lang='grc' dir='ltr'>κίνησιν</span> <span class='ocrx_word' id='word_1_130' title='bbox 1669 1523 1898 1595; x_wconf 78' lang='grc' dir='ltr'>ἔχων,ῆ</span> 
     </span>
    </p>
   </div>
   <div class='ocr_carea' id='block_1_18' title="bbox 317 1613 1899 1684">
    <p class='ocr_par' dir='ltr' id='par_1_18' title="bbox 317 1613 1899 1684">
     <span class='ocr_line' id='line_1_18' title="bbox 317 1613 1899 1684; baseline 0.002 -17"><span class='ocrx_word' id='word_1_131' title='bbox 317 1615 492 1684; x_wconf 69' lang='grc' dir='ltr'>θυμὸς</span> <span class='ocrx_word' id='word_1_132' title='bbox 556 1613 992 1684; x_wconf 84' lang='grc' dir='ltr'>ὲνεργούμενος·</span> <span class='ocrx_word' id='word_1_133' title='bbox 1028 1615 1190 1684; x_wconf 78' lang='grc' dir='ltr'>μῆνις</span> <span class='ocrx_word' id='word_1_134' title='bbox 1241 1613 1298 1666; x_wconf 83' lang='grc' dir='ltr'>δὲ</span> <span class='ocrx_word' id='word_1_135' title='bbox 1347 1617 1440 1668; x_wconf 73' lang='grc' dir='ltr'><strong>καὶ</strong></span> <span class='ocrx_word' id='word_1_136' title='bbox 1487 1615 1646 1680; x_wconf 88' lang='grc' dir='ltr'>κότος</span> <span class='ocrx_word' id='word_1_137' title='bbox 1679 1617 1826 1669; x_wconf 69' lang='grc' dir='ltr'>ἐστὶν</span> <span class='ocrx_word' id='word_1_138' title='bbox 1871 1619 1899 1671; x_wconf 85' lang='grc' dir='ltr'><strong>ό</strong></span> 
     </span>
    </p>
   </div>
   <div class='ocr_carea' id='block_1_19' title="bbox 313 1704 1296 1774">
    <p class='ocr_par' dir='ltr' id='par_1_19' title="bbox 313 1704 1296 1774">
     <span class='ocr_line' id='line_1_19' title="bbox 313 1704 1296 1774; baseline 0.003 -18"><span class='ocrx_word' id='word_1_139' title='bbox 313 1706 594 1773; x_wconf 75' lang='grc' dir='ltr'>ἐπιμένων</span> <span class='ocrx_word' id='word_1_140' title='bbox 623 1705 720 1756; x_wconf 81' lang='grc' dir='ltr'><strong>καὶ</strong></span> <span class='ocrx_word' id='word_1_141' title='bbox 751 1704 1072 1772; x_wconf 75' lang='grc' dir='ltr'>ἐγκείμενος</span> <span class='ocrx_word' id='word_1_142' title='bbox 1102 1705 1296 1774; x_wconf 72' lang='grc' dir='ltr'>θυμός.</span> 
     </span>
    </p>
   </div>
   <div class='ocr_carea' id='block_1_20' title="bbox 389 1794 1898 1873">
    <p class='ocr_par' dir='ltr' id='par_1_20' title="bbox 389 1794 1898 1873">
     <span class='ocr_line' id='line_1_20' title="bbox 389 1794 1898 1873; baseline 0.003 -23"><span class='ocrx_word' id='word_1_143' title='bbox 389 1796 741 1861; x_wconf 76' lang='grc' dir='ltr'>Μαντειάις.</span> <span class='ocrx_word' id='word_1_144' title='bbox 767 1794 880 1864; x_wconf 78' lang='grc' dir='ltr'><strong>Τὴν</strong></span> <span class='ocrx_word' id='word_1_145' title='bbox 907 1797 1168 1865; x_wconf 81' lang='grc' dir='ltr'>μαντείαν</span> <span class='ocrx_word' id='word_1_146' title='bbox 1201 1799 1456 1868; x_wconf 82' lang='grc' dir='ltr'><strong>πολυειδῆ</strong></span> <span class='ocrx_word' id='word_1_147' title='bbox 1506 1817 1672 1869; x_wconf 79' lang='grc' dir='ltr'>φασιν</span> <span class='ocrx_word' id='word_1_148' title='bbox 1696 1801 1898 1873; x_wconf 84' lang='grc' dir='ltr'>Ἔλλη-</span> 
     </span>
    </p>
   </div>
   <div class='ocr_carea' id='block_1_21' title="bbox 312 1882 1900 1962">
    <p class='ocr_par' dir='ltr' id='par_1_21' title="bbox 312 1882 1900 1962">
     <span class='ocr_line' id='line_1_21' title="bbox 312 1882 1900 1962; baseline 0.004 -25"><span class='ocrx_word' id='word_1_149' title='bbox 312 1903 404 1948; x_wconf 77' lang='grc' dir='ltr'><strong>νες</strong></span> <span class='ocrx_word' id='word_1_150' title='bbox 461 1882 624 1950; x_wconf 86' lang='grc' dir='ltr'>εἶναι,</span> <span class='ocrx_word' id='word_1_151' title='bbox 661 1887 758 1940; x_wconf 73' lang='grc' dir='ltr'><strong>καὶ</strong></span> <span class='ocrx_word' id='word_1_152' title='bbox 806 1885 1081 1958; x_wconf 73' lang='grc' dir='ltr'>διαφόρως</span> <span class='ocrx_word' id='word_1_153' title='bbox 1119 1889 1477 1960; x_wconf 74' lang='grc' dir='ltr'><strong>ἐνεργοῦσαν,</strong></span> <span class='ocrx_word' id='word_1_154' title='bbox 1532 1891 1608 1954; x_wconf 85' lang='grc' dir='ltr'>ὡς</span> <span class='ocrx_word' id='word_1_155' title='bbox 1659 1893 1900 1962; x_wconf 78' lang='grc' dir='ltr'><strong>μετρίως</strong></span> 
     </span>
    </p>
   </div>
   <div class='ocr_carea' id='block_1_22' title="bbox 313 1978 1895 2056">
    <p class='ocr_par' dir='ltr' id='par_1_22' title="bbox 313 1978 1895 2056">
     <span class='ocr_line' id='line_1_22' title="bbox 313 1978 1895 2056; baseline 0.004 -25"><span class='ocrx_word' id='word_1_156' title='bbox 313 1980 416 2031; x_wconf 82' lang='grc' dir='ltr'>κάν</span> <span class='ocrx_word' id='word_1_157' title='bbox 439 1982 552 2036; x_wconf 82' lang='grc' dir='ltr'><strong>τοίς</strong></span> <span class='ocrx_word' id='word_1_158' title='bbox 585 1978 901 2048; x_wconf 76' lang='grc' dir='ltr'>ἔμπροσθεν</span> <span class='ocrx_word' id='word_1_159' title='bbox 927 1979 1020 2032; x_wconf 84' lang='grc' dir='ltr'>τοῦ</span> <span class='ocrx_word' id='word_1_160' title='bbox 1051 1981 1320 2050; x_wconf 79' lang='grc' dir='ltr'>παρόντος</span> <span class='ocrx_word' id='word_1_161' title='bbox 1353 1982 1562 2052; x_wconf 78' lang='grc' dir='ltr'>βιϐλίου</span> <span class='ocrx_word' id='word_1_162' title='bbox 1595 1987 1895 2056; x_wconf 72' lang='grc' dir='ltr'>εἰρήσεται·</span> 
     </span>
    </p>
   </div>
   <div class='ocr_carea' id='block_1_23' title="bbox 312 2072 1896 2146">
    <p class='ocr_par' dir='ltr' id='par_1_23' title="bbox 312 2072 1896 2146">
     <span class='ocr_line' id='line_1_23' title="bbox 312 2072 1896 2146; baseline 0.004 -21"><span class='ocrx_word' id='word_1_163' title='bbox 312 2075 540 2142; x_wconf 81' lang='grc' dir='ltr'>τελετὴν</span> <span class='ocrx_word' id='word_1_164' title='bbox 579 2073 635 2126; x_wconf 85' lang='grc' dir='ltr'><strong>δέ</strong></span> <span class='ocrx_word' id='word_1_165' title='bbox 663 2089 797 2140; x_wconf 80' lang='grc' dir='ltr'>φασι</span> <span class='ocrx_word' id='word_1_166' title='bbox 836 2073 935 2142; x_wconf 81' lang='grc' dir='ltr'>τὴν</span> <span class='ocrx_word' id='word_1_167' title='bbox 963 2072 1071 2125; x_wconf 82' lang='grc' dir='ltr'>τῶν</span> <span class='ocrx_word' id='word_1_168' title='bbox 1112 2076 1434 2144; x_wconf 81' lang='grc' dir='ltr'><strong>μυστηρίων</strong></span> <span class='ocrx_word' id='word_1_169' title='bbox 1472 2077 1788 2146; x_wconf 72' lang='grc' dir='ltr'>μετάδοσιν,</span> <span class='ocrx_word' id='word_1_170' title='bbox 1821 2079 1896 2142; x_wconf 86' lang='grc' dir='ltr'>ὡς</span> 
     </span>
    </p>
   </div>
   <div class='ocr_carea' id='block_1_24' title="bbox 313 2166 1897 2236">
    <p class='ocr_par' dir='ltr' id='par_1_24' title="bbox 313 2166 1897 2236">
     <span class='ocr_line' id='line_1_24' title="bbox 313 2166 1897 2236; baseline 0.004 -19"><span class='ocrx_word' id='word_1_171' title='bbox 313 2167 632 2220; x_wconf 81' lang='grc' dir='ltr'>τελειοῦσαν</span> <span class='ocrx_word' id='word_1_172' title='bbox 659 2169 786 2231; x_wconf 77' lang='grc' dir='ltr'>τοὺς</span> <span class='ocrx_word' id='word_1_173' title='bbox 839 2166 1206 2236; x_wconf 82' lang='grc' dir='ltr'><strong>μυουμένους.</strong></span> <span class='ocrx_word' id='word_1_174' title='bbox 1244 2169 1368 2222; x_wconf 84' lang='grc' dir='ltr'><strong>Ἔτι</strong></span> <span class='ocrx_word' id='word_1_175' title='bbox 1401 2169 1459 2223; x_wconf 75' lang='grc' dir='ltr'>δὲ</span> <span class='ocrx_word' id='word_1_176' title='bbox 1502 2171 1629 2234; x_wconf 80' lang='grc' dir='ltr'>τοὺς</span> <span class='ocrx_word' id='word_1_177' title='bbox 1657 2175 1739 2234; x_wconf 80' lang='grc' dir='ltr'><strong>είς</strong></span> <span class='ocrx_word' id='word_1_178' title='bbox 1783 2171 1897 2236; x_wconf 71' lang='grc' dir='ltr'>ἕξιν</span> 
     </span>
    </p>
   </div>
   <div class='ocr_carea' id='block_1_25' title="bbox 317 2258 1898 2332">
    <p class='ocr_par' dir='ltr' id='par_1_25' title="bbox 317 2258 1898 2332">
     <span class='ocr_line' id='line_1_25' title="bbox 317 2258 1898 2332; baseline 0.004 -22"><span class='ocrx_word' id='word_1_179' title='bbox 317 2259 575 2324; x_wconf 76' lang='grc' dir='ltr'>ἐλθόντας</span> <span class='ocrx_word' id='word_1_180' title='bbox 601 2258 700 2327; x_wconf 85' lang='grc' dir='ltr'>τῆς</span> <span class='ocrx_word' id='word_1_181' title='bbox 729 2258 1084 2328; x_wconf 81' lang='grc' dir='ltr'>παραδόσεως</span> <span class='ocrx_word' id='word_1_182' title='bbox 1117 2258 1318 2329; x_wconf 76' lang='grc' dir='ltr'>ταύτης</span> <span class='ocrx_word' id='word_1_183' title='bbox 1348 2261 1772 2332; x_wconf 82' lang='grc' dir='ltr'>τετελεσμένους</span> <span class='ocrx_word' id='word_1_184' title='bbox 1800 2263 1898 2317; x_wconf 83' lang='grc' dir='ltr'><strong>καὶ</strong></span> 
     </span>
    </p>
   </div>
   <div class='ocr_carea' id='block_1_26' title="bbox 311 2351 743 2418">
    <p class='ocr_par' dir='ltr' id='par_1_26' title="bbox 311 2351 743 2418">
     <span class='ocr_line' id='line_1_26' title="bbox 311 2351 743 2418; baseline 0.005 -16"><span class='ocrx_word' id='word_1_185' title='bbox 311 2351 556 2412; x_wconf 76' lang='grc' dir='ltr'>τελείους</span> <span class='ocrx_word' id='word_1_186' title='bbox 591 2353 743 2418; x_wconf 79' lang='grc' dir='ltr'>φασί.</span> 
     </span>
    </p>
   </div>
   <div class='ocr_carea' id='block_1_27' title="bbox 379 2444 1896 2514">
    <p class='ocr_par' dir='ltr' id='par_1_27' title="bbox 379 2444 1896 2514">
     <span class='ocr_line' id='line_1_27' title="bbox 379 2444 1896 2514; baseline 0.005 -18"><span class='ocrx_word' id='word_1_187' title='bbox 379 2444 788 2497; x_wconf 73' lang='grc' dir='ltr'>Διιιστὰντων.</span> <span class='ocrx_word' id='word_1_188' title='bbox 845 2445 926 2496; x_wconf 83' lang='grc' dir='ltr'><strong>Τὰ</strong></span> <span class='ocrx_word' id='word_1_189' title='bbox 975 2447 1032 2496; x_wconf 83' lang='grc' dir='ltr'>ἐν</span> <span class='ocrx_word' id='word_1_190' title='bbox 1075 2444 1264 2514; x_wconf 80' lang='grc' dir='ltr'>κόσμῳ</span> <span class='ocrx_word' id='word_1_191' title='bbox 1313 2445 1494 2500; x_wconf 85' lang='grc' dir='ltr'>πάντα</span> <span class='ocrx_word' id='word_1_192' title='bbox 1529 2446 1759 2500; x_wconf 77' lang='grc' dir='ltr'>σύνθετα</span> <span class='ocrx_word' id='word_1_193' title='bbox 1799 2453 1896 2504; x_wconf 86' lang='grc' dir='ltr'><strong>καὶ</strong></span> 
     </span>
    </p>
   </div>
   <div class='ocr_carea' id='block_1_28' title="bbox 315 2536 1894 2612">
    <p class='ocr_par' dir='ltr' id='par_1_28' title="bbox 315 2536 1894 2612">
     <span class='ocr_line' id='line_1_28' title="bbox 315 2536 1894 2612; baseline 0.005 -25"><span class='ocrx_word' id='word_1_194' title='bbox 315 2536 779 2604; x_wconf 82' lang='grc' dir='ltr'>εἰδοπεποιημένα</span> <span class='ocrx_word' id='word_1_195' title='bbox 825 2537 1152 2606; x_wconf 77' lang='grc' dir='ltr'>πράγματα,</span> <span class='ocrx_word' id='word_1_196' title='bbox 1204 2538 1252 2589; x_wconf 86' lang='grc' dir='ltr'><strong>εί</strong></span> <span class='ocrx_word' id='word_1_197' title='bbox 1302 2539 1402 2608; x_wconf 85' lang='grc' dir='ltr'>μὲν</span> <span class='ocrx_word' id='word_1_198' title='bbox 1443 2539 1518 2603; x_wconf 83' lang='grc' dir='ltr'><strong>ὡς</strong></span> <span class='ocrx_word' id='word_1_199' title='bbox 1557 2541 1744 2604; x_wconf 79' lang='grc' dir='ltr'>οὐσίας</span> <span class='ocrx_word' id='word_1_200' title='bbox 1774 2542 1894 2612; x_wconf 84' lang='grc' dir='ltr'>βλέ-</span> 
     </span>
    </p>
   </div>
   <div class='ocr_carea' id='block_1_29' title="bbox 313 2717 1892 2788">
    <p class='ocr_par' dir='ltr' id='par_1_29' title="bbox 313 2717 1892 2788">
     <span class='ocr_line' id='line_1_29' title="bbox 313 2717 1892 2788; baseline 0.008 -22"><span class='ocrx_word' id='word_1_201' title='bbox 313 2717 458 2786; x_wconf 82' lang='lat' dir='ltr'><strong>quod</strong></span> <span class='ocrx_word' id='word_1_202' title='bbox 490 2726 676 2772; x_wconf 80' lang='lat' dir='ltr'><strong>autem</strong></span> <span class='ocrx_word' id='word_1_203' title='bbox 705 2717 758 2772; x_wconf 93' lang='lat' dir='ltr'><strong>in</strong></span> <span class='ocrx_word' id='word_1_204' title='bbox 793 2719 1078 2772; x_wconf 86' lang='lat' dir='ltr'><strong>materiam</strong></span> <span class='ocrx_word' id='word_1_205' title='bbox 1105 2717 1298 2788; x_wconf 79' lang='lat' dir='ltr'><strong>vergit,</strong></span> <span class='ocrx_word' id='word_1_206' title='bbox 1331 2719 1382 2772; x_wconf 93' lang='lat' dir='ltr'><strong>id</strong></span> <span class='ocrx_word' id='word_1_207' title='bbox 1413 2735 1572 2776; x_wconf 88' lang='lat' dir='ltr'><strong>omne</strong></span> <span class='ocrx_word' id='word_1_208' title='bbox 1601 2721 1892 2778; x_wconf 83' lang='lat' dir='ltr'><strong>all&#39;ectibus</strong></span> 
     </span>
    </p>
   </div>
   <div class='ocr_carea' id='block_1_30' title="bbox 319 2809 1893 2884">
    <p class='ocr_par' dir='ltr' id='par_1_30' title="bbox 319 2809 1893 2884">
     <span class='ocr_line' id='line_1_30' title="bbox 319 2809 1893 2884; baseline 0.005 -22"><span class='ocrx_word' id='word_1_209' title='bbox 319 2809 646 2877; x_wconf 77' lang='lat' dir='ltr'><strong>impellitur.</strong></span> <span class='ocrx_word' id='word_1_210' title='bbox 683 2809 1050 2878; x_wconf 78' lang='lat' dir='ltr'><strong>Distinguitur</strong></span> <span class='ocrx_word' id='word_1_211' title='bbox 1089 2821 1273 2864; x_wconf 87' lang='lat' dir='ltr'><strong>autem</strong></span> <span class='ocrx_word' id='word_1_212' title='bbox 1312 2811 1364 2864; x_wconf 92' lang='lat' dir='ltr'><strong>id</strong></span> <span class='ocrx_word' id='word_1_213' title='bbox 1395 2813 1540 2880; x_wconf 92' lang='lat' dir='ltr'><strong>quod</strong></span> <span class='ocrx_word' id='word_1_214' title='bbox 1571 2813 1736 2868; x_wconf 87' lang='lat' dir='ltr'><strong>animi</strong></span> <span class='ocrx_word' id='word_1_215' title='bbox 1773 2831 1893 2884; x_wconf 88' lang='lat' dir='ltr'><strong>pas-</strong></span> 
     </span>
    </p>
   </div>
   <div class='ocr_carea' id='block_1_31' title="bbox 315 2899 1891 2975">
    <p class='ocr_par' dir='ltr' id='par_1_31' title="bbox 315 2899 1891 2975">
     <span class='ocr_line' id='line_1_31' title="bbox 315 2899 1891 2975; baseline 0.006 -23"><span class='ocrx_word' id='word_1_216' title='bbox 315 2899 568 2954; x_wconf 86' lang='lat' dir='ltr'><strong>sionibus</strong></span> <span class='ocrx_word' id='word_1_217' title='bbox 584 2911 668 2954; x_wconf 87' lang='lat' dir='ltr'><strong>est</strong></span> <span class='ocrx_word' id='word_1_218' title='bbox 689 2900 1010 2964; x_wconf 76' lang='lat' dir='ltr'><strong>obnoxium,</strong></span> <span class='ocrx_word' id='word_1_219' title='bbox 1047 2901 1100 2954; x_wconf 90' lang='lat' dir='ltr'><strong>in</strong></span> <span class='ocrx_word' id='word_1_220' title='bbox 1131 2902 1181 2954; x_wconf 90' lang='lat' dir='ltr'><strong>id</strong></span> <span class='ocrx_word' id='word_1_221' title='bbox 1217 2902 1360 2971; x_wconf 92' lang='lat' dir='ltr'><strong>quod</strong></span> <span class='ocrx_word' id='word_1_222' title='bbox 1400 2904 1596 2958; x_wconf 77' lang='lat' dir='ltr'><strong>rationi</strong></span> <span class='ocrx_word' id='word_1_223' title='bbox 1625 2917 1797 2975; x_wconf 74' lang='lat' dir='ltr'><strong>parnt,</strong></span> <span class='ocrx_word' id='word_1_224' title='bbox 1835 2915 1891 2962; x_wconf 83' lang='lat' dir='ltr'><strong>et</strong></span> 
     </span>
    </p>
   </div>
   <div class='ocr_carea' id='block_1_32' title="bbox 2010 430 3590 502">
    <p class='ocr_par' dir='ltr' id='par_1_32' title="bbox 2010 430 3590 502">
     <span class='ocr_line' id='line_1_32' title="bbox 2010 430 3590 502; baseline -0.001 -18"><span class='ocrx_word' id='word_1_225' title='bbox 2010 431 2168 501; x_wconf 76' lang='grc' dir='ltr'>κόθεν</span> <span class='ocrx_word' id='word_1_226' title='bbox 2199 432 2334 502; x_wconf 79' lang='grc' dir='ltr'>πρὸς</span> <span class='ocrx_word' id='word_1_227' title='bbox 2366 431 2570 484; x_wconf 75' lang='grc' dir='ltr'>ἐαυτὰο</span> <span class='ocrx_word' id='word_1_228' title='bbox 2609 433 2656 483; x_wconf 84' lang='grc' dir='ltr'><strong>εἰ</strong></span> <span class='ocrx_word' id='word_1_229' title='bbox 2690 431 2746 484; x_wconf 85' lang='grc' dir='ltr'>δὲ</span> <span class='ocrx_word' id='word_1_230' title='bbox 2796 430 2871 493; x_wconf 85' lang='grc' dir='ltr'>ὡς</span> <span class='ocrx_word' id='word_1_231' title='bbox 2917 430 3380 499; x_wconf 79' lang='grc' dir='ltr'>εἰδοπεποιημένα</span> <span class='ocrx_word' id='word_1_232' title='bbox 3407 431 3590 498; x_wconf 59' lang='grc' dir='ltr'><strong>πράγω</strong></span> 
     </span>
    </p>
   </div>
   <div class='ocr_carea' id='block_1_33' title="bbox 2013 520 3588 593">
    <p class='ocr_par' dir='ltr' id='par_1_33' title="bbox 2013 520 3588 593">
     <span class='ocr_line' id='line_1_33' title="bbox 2013 520 3588 593; baseline -0.001 -19"><span class='ocrx_word' id='word_1_233' title='bbox 2013 541 2181 592; x_wconf 86' lang='grc' dir='ltr'>ματα,</span> <span class='ocrx_word' id='word_1_234' title='bbox 2219 523 2426 590; x_wconf 78' lang='grc' dir='ltr'>πλῆθος</span> <span class='ocrx_word' id='word_1_235' title='bbox 2461 523 2678 593; x_wconf 62' lang='grc' dir='ltr'>βλέπεις</span> <span class='ocrx_word' id='word_1_236' title='bbox 2710 523 2968 590; x_wconf 77' lang='grc' dir='ltr'>διάφορον</span> <span class='ocrx_word' id='word_1_237' title='bbox 3003 522 3099 574; x_wconf 79' lang='grc' dir='ltr'><strong>καὶ</strong></span> <span class='ocrx_word' id='word_1_238' title='bbox 3149 520 3432 574; x_wconf 75' lang='grc' dir='ltr'>διὰστατιν</span> <span class='ocrx_word' id='word_1_239' title='bbox 3465 520 3588 589; x_wconf 79' lang='grc' dir='ltr'>ἔχον</span> 
     </span>
    </p>
   </div>
   <div class='ocr_carea' id='block_1_34' title="bbox 2009 609 3588 685">
    <p class='ocr_par' dir='ltr' id='par_1_34' title="bbox 2009 609 3588 685">
     <span class='ocr_line' id='line_1_34' title="bbox 2009 609 3588 685; baseline -0.002 -17"><span class='ocrx_word' id='word_1_240' title='bbox 2009 615 2146 685; x_wconf 73' lang='grc' dir='ltr'>πρδς</span> <span class='ocrx_word' id='word_1_241' title='bbox 2179 616 2342 668; x_wconf 82' lang='grc' dir='ltr'>ἑαυτὸ</span> <span class='ocrx_word' id='word_1_242' title='bbox 2374 617 2443 668; x_wconf 87' lang='grc' dir='ltr'>δι’</span> <span class='ocrx_word' id='word_1_243' title='bbox 2473 614 2674 684; x_wconf 80' lang='grc' dir='ltr'>ὄλου’ἤ</span> <span class='ocrx_word' id='word_1_244' title='bbox 2708 614 2930 684; x_wconf 80' lang='grc' dir='ltr'>μᾶλλον,</span> <span class='ocrx_word' id='word_1_245' title='bbox 2979 614 3105 668; x_wconf 75' lang='grc' dir='ltr'>ὅταν</span> <span class='ocrx_word' id='word_1_246' title='bbox 3135 611 3258 665; x_wconf 82' lang='grc' dir='ltr'>κατ’</span> <span class='ocrx_word' id='word_1_247' title='bbox 3289 609 3428 676; x_wconf 81' lang='grc' dir='ltr'>εἶδος</span> <span class='ocrx_word' id='word_1_248' title='bbox 3463 612 3588 683; x_wconf 85' lang='grc' dir='ltr'>βλέ-</span> 
     </span>
    </p>
   </div>
   <div class='ocr_carea' id='block_1_35' title="bbox 2009 704 3588 782">
    <p class='ocr_par' dir='ltr' id='par_1_35' title="bbox 2009 704 3588 782">
     <span class='ocr_line' id='line_1_35' title="bbox 2009 704 3588 782; baseline -0.004 -22"><span class='ocrx_word' id='word_1_249' title='bbox 2009 723 2118 782; x_wconf 80' lang='grc' dir='ltr'>πῃς</span> <span class='ocrx_word' id='word_1_250' title='bbox 2145 709 2213 762; x_wconf 80' lang='grc' dir='ltr'>τὰ</span> <span class='ocrx_word' id='word_1_251' title='bbox 2254 709 2404 774; x_wconf 73' lang='grc' dir='ltr'>ὄντα,</span> <span class='ocrx_word' id='word_1_252' title='bbox 2439 709 2500 761; x_wconf 81' lang='grc' dir='ltr'>τὸ</span> <span class='ocrx_word' id='word_1_253' title='bbox 2538 709 2597 760; x_wconf 80' lang='grc' dir='ltr'>ἓν</span> <span class='ocrx_word' id='word_1_254' title='bbox 2640 706 2860 776; x_wconf 80' lang='grc' dir='ltr'>βλέπεις</span> <span class='ocrx_word' id='word_1_255' title='bbox 2898 705 3336 774; x_wconf 78' lang='grc' dir='ltr'>διακεκριμένον’</span> <span class='ocrx_word' id='word_1_256' title='bbox 3373 704 3502 757; x_wconf 79' lang='grc' dir='ltr'>ὅταν</span> <span class='ocrx_word' id='word_1_257' title='bbox 3530 704 3588 755; x_wconf 76' lang='grc' dir='ltr'>δὲ</span> 
     </span>
    </p>
   </div>
   <div class='ocr_carea' id='block_1_36' title="bbox 2007 796 3588 869">
    <p class='ocr_par' dir='ltr' id='par_1_36' title="bbox 2007 796 3588 869">
     <span class='ocr_line' id='line_1_36' title="bbox 2007 796 3588 869; baseline -0.003 -17"><span class='ocrx_word' id='word_1_258' title='bbox 2007 801 2150 852; x_wconf 82' lang='grc' dir='ltr'>κατὰ</span> <span class='ocrx_word' id='word_1_259' title='bbox 2177 799 2276 867; x_wconf 82' lang='grc' dir='ltr'>τὴν</span> <span class='ocrx_word' id='word_1_260' title='bbox 2317 799 2414 854; x_wconf 79' lang='grc' dir='ltr'>τοῦ</span> <span class='ocrx_word' id='word_1_261' title='bbox 2439 799 2592 863; x_wconf 82' lang='grc' dir='ltr'>δντος</span> <span class='ocrx_word' id='word_1_262' title='bbox 2619 799 2806 869; x_wconf 75' lang='grc' dir='ltr'>φύσιν,</span> <span class='ocrx_word' id='word_1_263' title='bbox 2843 798 2902 852; x_wconf 73' lang='grc' dir='ltr'>τὸ</span> <span class='ocrx_word' id='word_1_264' title='bbox 2951 797 3008 850; x_wconf 79' lang='grc' dir='ltr'>ἓν</span> <span class='ocrx_word' id='word_1_265' title='bbox 3039 797 3258 864; x_wconf 83' lang='grc' dir='ltr'>βλέπεις</span> <span class='ocrx_word' id='word_1_266' title='bbox 3295 796 3588 868; x_wconf 80' lang='grc' dir='ltr'>συνηθροι-</span> 
     </span>
    </p>
   </div>
   <div class='ocr_carea' id='block_1_37' title="bbox 2009 891 2229 960">
    <p class='ocr_par' dir='ltr' id='par_1_37' title="bbox 2009 891 2229 960">
     <span class='ocr_line' id='line_1_37' title="bbox 2009 891 2229 960; baseline 0.018 -16"><span class='ocrx_word' id='word_1_267' title='bbox 2009 891 2229 960; x_wconf 78' lang='grc' dir='ltr'>σμένον.</span> 
     </span>
    </p>
   </div>
   <div class='ocr_carea' id='block_1_38' title="bbox 2085 978 3586 1054">
    <p class='ocr_par' dir='ltr' id='par_1_38' title="bbox 2085 978 3586 1054">
     <span class='ocr_line' id='line_1_38' title="bbox 2085 978 3586 1054; baseline -0.003 -18"><span class='ocrx_word' id='word_1_268' title='bbox 2085 982 2168 1048; x_wconf 84' lang='grc' dir='ltr'><strong>Τῷ</strong></span> <span class='ocrx_word' id='word_1_269' title='bbox 2195 985 2382 1054; x_wconf 77' lang='grc' dir='ltr'>νόμῳ.</span> <span class='ocrx_word' id='word_1_270' title='bbox 2431 983 2540 1038; x_wconf 73' lang='grc' dir='ltr'>Καὶ</span> <span class='ocrx_word' id='word_1_271' title='bbox 2589 983 2699 1054; x_wconf 84' lang='grc' dir='ltr'><strong>γὰρ</strong></span> <span class='ocrx_word' id='word_1_272' title='bbox 2745 981 2944 1036; x_wconf 79' lang='grc' dir='ltr'>κωλύει</span> <span class='ocrx_word' id='word_1_273' title='bbox 2996 982 3094 1036; x_wconf 74' lang='grc' dir='ltr'><strong>καὶ</strong></span> <span class='ocrx_word' id='word_1_274' title='bbox 3137 981 3170 1050; x_wconf 86' lang='grc' dir='ltr'><strong>ἡ</strong></span> <span class='ocrx_word' id='word_1_275' title='bbox 3206 978 3458 1032; x_wconf 75' lang='grc' dir='ltr'>πολιτεία</span> <span class='ocrx_word' id='word_1_276' title='bbox 3489 989 3586 1041; x_wconf 74' lang='grc' dir='ltr'>τὰς</span> 
     </span>
    </p>
   </div>
   <div class='ocr_carea' id='block_1_39' title="bbox 2005 1073 2252 1139">
    <p class='ocr_par' dir='ltr' id='par_1_39' title="bbox 2005 1073 2252 1139">
     <span class='ocr_line' id='line_1_39' title="bbox 2005 1073 2252 1139; baseline 0.012 -11"><span class='ocrx_word' id='word_1_277' title='bbox 2005 1073 2252 1139; x_wconf 74' lang='grc' dir='ltr'>τελετάς.</span> 
     </span>
    </p>
   </div>
   <div class='ocr_carea' id='block_1_40' title="bbox 2083 1162 3587 1237">
    <p class='ocr_par' dir='ltr' id='par_1_40' title="bbox 2083 1162 3587 1237">
     <span class='ocr_line' id='line_1_40' title="bbox 2083 1162 3587 1237; baseline -0.006 -14"><span class='ocrx_word' id='word_1_278' title='bbox 2083 1169 2195 1223; x_wconf 75' lang='grc' dir='ltr'><strong>Καὶ</strong></span> <span class='ocrx_word' id='word_1_279' title='bbox 2251 1168 2328 1237; x_wconf 79' lang='grc' dir='ltr'>δὴ</span> <span class='ocrx_word' id='word_1_280' title='bbox 2377 1167 2446 1222; x_wconf 83' lang='grc' dir='ltr'>τὸ</span> <span class='ocrx_word' id='word_1_281' title='bbox 2489 1167 2660 1220; x_wconf 76' lang='grc' dir='ltr'>ὅλον.</span> <span class='ocrx_word' id='word_1_282' title='bbox 2704 1163 2844 1218; x_wconf 79' lang='grc' dir='ltr'>Ἀλλ’</span> <span class='ocrx_word' id='word_1_283' title='bbox 2888 1164 3048 1234; x_wconf 74' lang='grc' dir='ltr'>ἡμεῖς</span> <span class='ocrx_word' id='word_1_284' title='bbox 3095 1162 3216 1233; x_wconf 70' lang='grc' dir='ltr'>μὲν,</span> <span class='ocrx_word' id='word_1_285' title='bbox 3265 1163 3423 1232; x_wconf 72' lang='grc' dir='ltr'>φησὶ,</span> <span class='ocrx_word' id='word_1_286' title='bbox 3461 1162 3587 1216; x_wconf 76' lang='grc' dir='ltr'><strong>καθ’</strong></span> 
     </span>
    </p>
   </div>
   <div class='ocr_carea' id='block_1_41' title="bbox 2002 1254 3590 1336">
    <p class='ocr_par' dir='ltr' id='par_1_41' title="bbox 2002 1254 3590 1336">
     <span class='ocr_line' id='line_1_41' title="bbox 2002 1254 3590 1336; baseline -0.009 -15"><span class='ocrx_word' id='word_1_287' title='bbox 2002 1267 2128 1321; x_wconf 80' lang='grc' dir='ltr'>ὅσον</span> <span class='ocrx_word' id='word_1_288' title='bbox 2159 1261 2230 1336; x_wconf 79' lang='grc' dir='ltr'>ἦν</span> <span class='ocrx_word' id='word_1_289' title='bbox 2259 1263 2392 1333; x_wconf 77' lang='grc' dir='ltr'>ἡμῖν</span> <span class='ocrx_word' id='word_1_290' title='bbox 2415 1259 2662 1329; x_wconf 67' lang='grc' dir='ltr'>ἐφικτὸν,</span> <span class='ocrx_word' id='word_1_291' title='bbox 2697 1257 2987 1312; x_wconf 77' lang='grc' dir='ltr'>καθολικὸν</span> <span class='ocrx_word' id='word_1_292' title='bbox 3024 1255 3380 1324; x_wconf 79' lang='grc' dir='ltr'>διεξήλθομεν</span> <span class='ocrx_word' id='word_1_293' title='bbox 3410 1254 3590 1322; x_wconf 78' lang='grc' dir='ltr'><strong>ἐγκώ-</strong></span> 
     </span>
    </p>
   </div>
   <div class='ocr_carea' id='block_1_42' title="bbox 2013 1341 3587 1429">
    <p class='ocr_par' dir='ltr' id='par_1_42' title="bbox 2013 1341 3587 1429">
     <span class='ocr_line' id='line_1_42' title="bbox 2013 1341 3587 1429; baseline -0.011 -18"><span class='ocrx_word' id='word_1_294' title='bbox 2013 1376 2138 1429; x_wconf 86' lang='grc' dir='ltr'>μιον</span> <span class='ocrx_word' id='word_1_295' title='bbox 2167 1357 2348 1424; x_wconf 82' lang='grc' dir='ltr'>πάσης</span> <span class='ocrx_word' id='word_1_296' title='bbox 2387 1350 2675 1424; x_wconf 81' lang='grc' dir='ltr'>μαντικῆς,</span> <span class='ocrx_word' id='word_1_297' title='bbox 2703 1350 2798 1401; x_wconf 68' lang='grc' dir='ltr'><strong>καὶ</strong></span> <span class='ocrx_word' id='word_1_298' title='bbox 2826 1347 3116 1415; x_wconf 77' lang='grc' dir='ltr'>γνώρισμα</span> <span class='ocrx_word' id='word_1_299' title='bbox 3145 1344 3424 1413; x_wconf 80' lang='grc' dir='ltr'>ἐδείξαμεν</span> <span class='ocrx_word' id='word_1_300' title='bbox 3451 1341 3587 1395; x_wconf 75' lang='grc' dir='ltr'>ειναι</span> 
     </span>
    </p>
   </div>
   <div class='ocr_carea' id='block_1_43' title="bbox 2001 1437 3587 1518">
    <p class='ocr_par' dir='ltr' id='par_1_43' title="bbox 2001 1437 3587 1518">
     <span class='ocr_line' id='line_1_43' title="bbox 2001 1437 3587 1518; baseline -0.011 -12"><span class='ocrx_word' id='word_1_301' title='bbox 2001 1451 2184 1506; x_wconf 78' lang='grc' dir='ltr'>κοινὸν</span> <span class='ocrx_word' id='word_1_302' title='bbox 2213 1449 2314 1518; x_wconf 85' lang='grc' dir='ltr'>τῆς</span> <span class='ocrx_word' id='word_1_303' title='bbox 2345 1447 2575 1518; x_wconf 81' lang='grc' dir='ltr'>ἀρίστης</span> <span class='ocrx_word' id='word_1_304' title='bbox 2610 1441 2878 1514; x_wconf 82' lang='grc' dir='ltr'>μαντικῆς</span> <span class='ocrx_word' id='word_1_305' title='bbox 2913 1441 3013 1511; x_wconf 76' lang='grc' dir='ltr'>τὴν</span> <span class='ocrx_word' id='word_1_306' title='bbox 3041 1441 3337 1508; x_wconf 82' lang='grc' dir='ltr'>ἀσάφειαν.</span> <span class='ocrx_word' id='word_1_307' title='bbox 3371 1437 3454 1491; x_wconf 80' lang='grc' dir='ltr'><strong>Τὰ</strong></span> <span class='ocrx_word' id='word_1_308' title='bbox 3477 1437 3587 1504; x_wconf 83' lang='grc' dir='ltr'><strong>γὰρ</strong></span> 
     </span>
    </p>
   </div>
   <div class='ocr_carea' id='block_1_44' title="bbox 2004 1524 3584 1610">
    <p class='ocr_par' dir='ltr' id='par_1_44' title="bbox 2004 1524 3584 1610">
     <span class='ocr_line' id='line_1_44' title="bbox 2004 1524 3584 1610; baseline -0.013 -13"><span class='ocrx_word' id='word_1_309' title='bbox 2004 1541 2192 1610; x_wconf 80' lang='grc' dir='ltr'>σαφῶς</span> <span class='ocrx_word' id='word_1_310' title='bbox 2241 1538 2339 1592; x_wconf 72' lang='grc' dir='ltr'><strong>καὶ</strong></span> <span class='ocrx_word' id='word_1_311' title='bbox 2391 1534 2641 1607; x_wconf 81' lang='grc' dir='ltr'>ἐναργῶς</span> <span class='ocrx_word' id='word_1_312' title='bbox 2689 1531 3040 1600; x_wconf 83' lang='grc' dir='ltr'>Θεωρούμενα</span> <span class='ocrx_word' id='word_1_313' title='bbox 3091 1529 3212 1581; x_wconf 78' lang='grc' dir='ltr'>οὐδὲ</span> <span class='ocrx_word' id='word_1_314' title='bbox 3243 1524 3478 1596; x_wconf 87' lang='grc' dir='ltr'>μαντεία</span> <span class='ocrx_word' id='word_1_315' title='bbox 3515 1525 3584 1576; x_wconf 84' lang='grc' dir='ltr'>ἂν</span> 
     </span>
    </p>
   </div>
   <div class='ocr_carea' id='block_1_45' title="bbox 2002 1615 3585 1704">
    <p class='ocr_par' dir='ltr' id='par_1_45' title="bbox 2002 1615 3585 1704">
     <span class='ocr_line' id='line_1_45' title="bbox 2002 1615 3585 1704; baseline -0.014 -18"><span class='ocrx_word' id='word_1_316' title='bbox 2002 1634 2088 1704; x_wconf 77' lang='grc' dir='ltr'>εἴη</span> <span class='ocrx_word' id='word_1_317' title='bbox 2124 1649 2230 1695; x_wconf 88' lang='grc' dir='ltr'>τις,</span> <span class='ocrx_word' id='word_1_318' title='bbox 2265 1629 2388 1682; x_wconf 78' lang='grc' dir='ltr'>οὐδὲ</span> <span class='ocrx_word' id='word_1_319' title='bbox 2417 1625 2750 1688; x_wconf 81' lang='grc' dir='ltr'>ἀποδείξεως</span> <span class='ocrx_word' id='word_1_320' title='bbox 2781 1621 3005 1690; x_wconf 77' lang='grc' dir='ltr'>δεηθείη</span> <span class='ocrx_word' id='word_1_321' title='bbox 3037 1618 3104 1672; x_wconf 76' lang='grc' dir='ltr'>ἄν</span> <span class='ocrx_word' id='word_1_322' title='bbox 3137 1634 3304 1680; x_wconf 87' lang='grc' dir='ltr'>τινος·</span> <span class='ocrx_word' id='word_1_323' title='bbox 3336 1617 3368 1686; x_wconf 81' lang='grc' dir='ltr'><strong>ὴ</strong></span> <span class='ocrx_word' id='word_1_324' title='bbox 3401 1615 3459 1669; x_wconf 87' lang='grc' dir='ltr'>δὲ</span> <span class='ocrx_word' id='word_1_325' title='bbox 3491 1616 3585 1666; x_wconf 77' lang='grc' dir='ltr'>νῦν</span> 
     </span>
    </p>
   </div>
   <div class='ocr_carea' id='block_1_46' title="bbox 2002 1708 3586 1796">
    <p class='ocr_par' dir='ltr' id='par_1_46' title="bbox 2002 1708 3586 1796">
     <span class='ocr_line' id='line_1_46' title="bbox 2002 1708 3586 1796; baseline -0.014 -17"><span class='ocrx_word' id='word_1_326' title='bbox 2002 1725 2260 1796; x_wconf 84' lang='grc' dir='ltr'>πρόθεσις</span> <span class='ocrx_word' id='word_1_327' title='bbox 2291 1722 2386 1774; x_wconf 79' lang='grc' dir='ltr'><strong>καὶ</strong></span> <span class='ocrx_word' id='word_1_328' title='bbox 2419 1721 2448 1773; x_wconf 88' lang='grc' dir='ltr'>ὁ</span> <span class='ocrx_word' id='word_1_329' title='bbox 2488 1719 2690 1778; x_wconf 69' lang='grc' dir='ltr'>σκοπὸς</span> <span class='ocrx_word' id='word_1_330' title='bbox 2719 1713 2880 1784; x_wconf 77' lang='grc' dir='ltr'>ἡμῶν</span> <span class='ocrx_word' id='word_1_331' title='bbox 2921 1713 3070 1764; x_wconf 72' lang='grc' dir='ltr'>ἐστιν</span> <span class='ocrx_word' id='word_1_332' title='bbox 3117 1708 3470 1779; x_wconf 73' lang='grc' dir='ltr'>ἐνδιατρίψαι</span> <span class='ocrx_word' id='word_1_333' title='bbox 3506 1709 3586 1774; x_wconf 75' lang='grc' dir='ltr'>τῷ</span> 
     </span>
    </p>
   </div>
   <div class='ocr_carea' id='block_1_47' title="bbox 2000 1801 3585 1888">
    <p class='ocr_par' dir='ltr' id='par_1_47' title="bbox 2000 1801 3585 1888">
     <span class='ocr_line' id='line_1_47' title="bbox 2000 1801 3585 1888; baseline -0.013 -18"><span class='ocrx_word' id='word_1_334' title='bbox 2000 1818 2131 1888; x_wconf 73' lang='grc' dir='ltr'>περὶ</span> <span class='ocrx_word' id='word_1_335' title='bbox 2183 1815 2354 1884; x_wconf 80' lang='grc' dir='ltr'>αὐτὴν</span> <span class='ocrx_word' id='word_1_336' title='bbox 2396 1811 2461 1880; x_wconf 83' lang='grc' dir='ltr'>δὴ</span> <span class='ocrx_word' id='word_1_337' title='bbox 2508 1810 2608 1880; x_wconf 72' lang='grc' dir='ltr'>τὴν</span> <span class='ocrx_word' id='word_1_338' title='bbox 2643 1809 2872 1879; x_wconf 80' lang='grc' dir='ltr'>ἀρίστην</span> <span class='ocrx_word' id='word_1_339' title='bbox 2924 1804 3230 1872; x_wconf 83' lang='grc' dir='ltr'>σκέμματι,</span> <span class='ocrx_word' id='word_1_340' title='bbox 3285 1802 3380 1853; x_wconf 82' lang='grc' dir='ltr'><strong>καὶ</strong></span> <span class='ocrx_word' id='word_1_341' title='bbox 3417 1801 3585 1870; x_wconf 75' lang='grc' dir='ltr'>ἀκρι-</span> 
     </span>
    </p>
   </div>
   <div class='ocr_carea' id='block_1_48' title="bbox 2001 1896 3298 1978">
    <p class='ocr_par' dir='ltr' id='par_1_48' title="bbox 2001 1896 3298 1978">
     <span class='ocr_line' id='line_1_48' title="bbox 2001 1896 3298 1978; baseline -0.012 -15"><span class='ocrx_word' id='word_1_342' title='bbox 2001 1909 2268 1978; x_wconf 75' lang='grc' dir='ltr'>ϐεστέραν</span> <span class='ocrx_word' id='word_1_343' title='bbox 2294 1908 2396 1974; x_wconf 80' lang='grc' dir='ltr'>τὴν</span> <span class='ocrx_word' id='word_1_344' title='bbox 2425 1904 2631 1971; x_wconf 80' lang='grc' dir='ltr'>ταύτης</span> <span class='ocrx_word' id='word_1_345' title='bbox 2660 1901 2913 1966; x_wconf 75' lang='grc' dir='ltr'>ἐξέτασιν</span> <span class='ocrx_word' id='word_1_346' title='bbox 2943 1896 3298 1965; x_wconf 72' lang='grc' dir='ltr'>ποιήσαεθαι.</span> 
     </span>
    </p>
   </div>
   <div class='ocr_carea' id='block_1_49' title="bbox 2075 1989 3043 2058">
    <p class='ocr_par' dir='ltr' id='par_1_49' title="bbox 2075 1989 3043 2058">
     <span class='ocr_line' id='line_1_49' title="bbox 2075 1989 3043 2058; baseline -0.014 -2"><span class='ocrx_word' id='word_1_347' title='bbox 2075 2001 2150 2056; x_wconf 84' lang='grc' dir='ltr'><strong>Τὸ</strong></span> <span class='ocrx_word' id='word_1_348' title='bbox 2183 2001 2351 2054; x_wconf 74' lang='grc' dir='ltr'>ὅλον.</span> <span class='ocrx_word' id='word_1_349' title='bbox 2379 1997 2616 2058; x_wconf 78' lang='grc' dir='ltr'>Γενικῶς</span> <span class='ocrx_word' id='word_1_350' title='bbox 2644 1994 2740 2046; x_wconf 70' lang='grc' dir='ltr'><strong>καὶ</strong></span> <span class='ocrx_word' id='word_1_351' title='bbox 2767 1989 3043 2043; x_wconf 60' lang='grc' dir='ltr'>καθόλου.</span> 
     </span>
    </p>
   </div>
   <div class='ocr_carea' id='block_1_50' title="bbox 2069 2086 2783 2159">
    <p class='ocr_par' dir='ltr' id='par_1_50' title="bbox 2069 2086 2783 2159">
     <span class='ocr_line' id='line_1_50' title="bbox 2069 2086 2783 2159; baseline 0 -12"><span class='ocrx_word' id='word_1_352' title='bbox 2069 2093 2302 2159; x_wconf 83' lang='grc' dir='ltr'>Αὐτῆς.</span> <span class='ocrx_word' id='word_1_353' title='bbox 2337 2091 2450 2158; x_wconf 84' lang='grc' dir='ltr'><strong>Τῆς</strong></span> <span class='ocrx_word' id='word_1_354' title='bbox 2486 2086 2783 2156; x_wconf 76' lang='grc' dir='ltr'>μαντικῆς.</span> 
     </span>
    </p>
   </div>
   <div class='ocr_carea' id='block_1_51' title="bbox 2087 2177 2880 2244">
    <p class='ocr_par' dir='ltr' id='par_1_51' title="bbox 2087 2177 2880 2244">
     <span class='ocr_line' id='line_1_51' title="bbox 2087 2177 2880 2244; baseline -0.015 -7"><span class='ocrx_word' id='word_1_355' title='bbox 2087 2183 2408 2236; x_wconf 75' lang='grc' dir='ltr'>Ἐνόντων.</span> <span class='ocrx_word' id='word_1_356' title='bbox 2439 2179 2598 2231; x_wconf 83' lang='grc' dir='ltr'><strong>Κατὰ</strong></span> <span class='ocrx_word' id='word_1_357' title='bbox 2625 2177 2880 2244; x_wconf 80' lang='grc' dir='ltr'>δύναμιν.</span> 
     </span>
    </p>
   </div>
   <div class='ocr_carea' id='block_1_52' title="bbox 2083 2262 3009 2343">
    <p class='ocr_par' dir='ltr' id='par_1_52' title="bbox 2083 2262 3009 2343">
     <span class='ocr_line' id='line_1_52' title="bbox 2083 2262 3009 2343; baseline -0.013 -15"><span class='ocrx_word' id='word_1_358' title='bbox 2083 2271 2610 2343; x_wconf 78' lang='grc' dir='ltr'>Ἐ-γκεκωμίασται.</span> <span class='ocrx_word' id='word_1_359' title='bbox 2659 2265 2796 2334; x_wconf 76' lang='grc' dir='ltr'>Παρ“</span> <span class='ocrx_word' id='word_1_360' title='bbox 2831 2265 2863 2334; x_wconf 82' lang='grc' dir='ltr'>ὴ</span> <span class='ocrx_word' id='word_1_361' title='bbox 2874 2262 3009 2333; x_wconf 81' lang='grc' dir='ltr'>μῶν.</span> 
     </span>
    </p>
   </div>
   <div class='ocr_carea' id='block_1_53' title="bbox 2081 2353 3222 2432">
    <p class='ocr_par' dir='ltr' id='par_1_53' title="bbox 2081 2353 3222 2432">
     <span class='ocr_line' id='line_1_53' title="bbox 2081 2353 3222 2432; baseline -0.011 -12"><span class='ocrx_word' id='word_1_362' title='bbox 2081 2364 2388 2432; x_wconf 77' lang='grc' dir='ltr'>Ἀρίστην.</span> <span class='ocrx_word' id='word_1_363' title='bbox 2427 2361 2560 2413; x_wconf 77' lang='grc' dir='ltr'><strong>Ἀπὸ</strong></span> <span class='ocrx_word' id='word_1_364' title='bbox 2585 2359 2696 2412; x_wconf 84' lang='grc' dir='ltr'>τῶν</span> <span class='ocrx_word' id='word_1_365' title='bbox 2719 2357 2896 2408; x_wconf 83' lang='grc' dir='ltr'>ἄλλων</span> <span class='ocrx_word' id='word_1_366' title='bbox 2924 2353 3222 2425; x_wconf 84' lang='grc' dir='ltr'>μαντειῶν.</span> 
     </span>
    </p>
   </div>
   <div class='ocr_carea' id='block_1_54' title="bbox 2079 2451 2870 2524">
    <p class='ocr_par' dir='ltr' id='par_1_54' title="bbox 2079 2451 2870 2524">
     <span class='ocr_line' id='line_1_54' title="bbox 2079 2451 2870 2524; baseline -0.014 -13"><span class='ocrx_word' id='word_1_367' title='bbox 2079 2457 2572 2524; x_wconf 71' lang='grc' dir='ltr'>Ἀποτεμόμενον.</span> <span class='ocrx_word' id='word_1_368' title='bbox 2623 2451 2870 2512; x_wconf 81' lang='grc' dir='ltr'>Εἱδικώς.</span> 
     </span>
    </p>
   </div>
   <div class='ocr_carea' id='block_1_55' title="bbox 2065 2543 2797 2618">
    <p class='ocr_par' dir='ltr' id='par_1_55' title="bbox 2065 2543 2797 2618">
     <span class='ocr_line' id='line_1_55' title="bbox 2065 2543 2797 2618; baseline -0.012 -14"><span class='ocrx_word' id='word_1_369' title='bbox 2065 2547 2445 2618; x_wconf 60' lang='grc' dir='ltr'>Χαρακτῆίία.</span> <span class='ocrx_word' id='word_1_370' title='bbox 2480 2543 2797 2610; x_wconf 84' lang='grc' dir='ltr'>Γνώρισμα.</span> 
     </span>
    </p>
   </div>
   <div class='ocr_carea' id='block_1_56' title="bbox 1992 2717 3576 2792">
    <p class='ocr_par' dir='ltr' id='par_1_56' title="bbox 1992 2717 3576 2792">
     <span class='ocr_line' id='line_1_56' title="bbox 1992 2717 3576 2792; baseline -0.014 -1"><span class='ocrx_word' id='word_1_371' title='bbox 1992 2733 2176 2792; x_wconf 86' lang='lat' dir='ltr'><strong>omnia</strong></span> <span class='ocrx_word' id='word_1_372' title='bbox 2213 2736 2470 2786; x_wconf 80' lang='lat' dir='ltr'><strong>coocreta</strong></span> <span class='ocrx_word' id='word_1_373' title='bbox 2506 2734 2561 2779; x_wconf 90' lang='lat' dir='ltr'><strong>et</strong></span> <span class='ocrx_word' id='word_1_374' title='bbox 2589 2723 2642 2776; x_wconf 92' lang='lat' dir='ltr'><strong>in</strong></span> <span class='ocrx_word' id='word_1_375' title='bbox 2680 2736 2832 2776; x_wconf 90' lang='lat' dir='ltr'><strong>suam</strong></span> <span class='ocrx_word' id='word_1_376' title='bbox 2872 2719 3102 2772; x_wconf 79' lang='lat' dir='ltr'><strong>formam</strong></span> <span class='ocrx_word' id='word_1_377' title='bbox 3129 2717 3397 2786; x_wconf 89' lang='lat' dir='ltr'><strong>producta</strong></span> <span class='ocrx_word' id='word_1_378' title='bbox 3424 2725 3576 2780; x_wconf 84' lang='lat' dir='ltr'><strong>sunt,</strong></span> 
     </span>
    </p>
   </div>
   <div class='ocr_carea' id='block_1_57' title="bbox 1993 2811 3580 2884">
    <p class='ocr_par' dir='ltr' id='par_1_57' title="bbox 1993 2811 3580 2884">
     <span class='ocr_line' id='line_1_57' title="bbox 1993 2811 3580 2884; baseline -0.014 -1"><span class='ocrx_word' id='word_1_379' title='bbox 1993 2829 2038 2884; x_wconf 89' lang='lat' dir='ltr'><strong>si</strong></span> <span class='ocrx_word' id='word_1_380' title='bbox 2067 2842 2128 2880; x_wconf 88' lang='lat' dir='ltr'><strong>ea</strong></span> <span class='ocrx_word' id='word_1_381' title='bbox 2175 2821 2344 2878; x_wconf 80' lang='lat' dir='ltr'><strong>veluti</strong></span> <span class='ocrx_word' id='word_1_382' title='bbox 2395 2817 2666 2874; x_wconf 83' lang='lat' dir='ltr'><strong>essentias</strong></span> <span class='ocrx_word' id='word_1_383' title='bbox 2693 2821 2942 2884; x_wconf 83' lang='lat' dir='ltr'><strong>spectes.</strong></span> <span class='ocrx_word' id='word_1_384' title='bbox 2973 2811 3254 2880; x_wconf 80' lang='lat' dir='ltr'><strong>quidpiam</strong></span> <span class='ocrx_word' id='word_1_385' title='bbox 3293 2825 3462 2862; x_wconf 92' lang='lat' dir='ltr'><strong>unum</strong></span> <span class='ocrx_word' id='word_1_386' title='bbox 3497 2811 3580 2862; x_wconf 88' lang='lat' dir='ltr'><strong>in-</strong></span> 
     </span>
    </p>
   </div>
   <div class='ocr_carea' id='block_1_58' title="bbox 1996 2903 3578 2984">
    <p class='ocr_par' dir='ltr' id='par_1_58' title="bbox 1996 2903 3578 2984">
     <span class='ocr_line' id='line_1_58' title="bbox 1996 2903 3578 2984; baseline -0.013 -8"><span class='ocrx_word' id='word_1_387' title='bbox 1996 2919 2188 2978; x_wconf 89' lang='lat' dir='ltr'><strong>tueris,</strong></span> <span class='ocrx_word' id='word_1_388' title='bbox 2211 2913 2703 2984; x_wconf 72' lang='lat' dir='ltr'><strong>cognationemque</strong></span> <span class='ocrx_word' id='word_1_389' title='bbox 2726 2917 2779 2959; x_wconf 86' lang='lat' dir='ltr'><strong>et</strong></span> <span class='ocrx_word' id='word_1_390' title='bbox 2807 2903 3304 2973; x_wconf 45' lang='lat' dir='ltr'><strong>al&#39;tinitatemlomni</strong></span> <span class='ocrx_word' id='word_1_391' title='bbox 3326 2917 3389 2957; x_wconf 86' lang='lat' dir='ltr'><strong>ex</strong></span> <span class='ocrx_word' id='word_1_392' title='bbox 3418 2912 3578 2971; x_wconf 86' lang='lat' dir='ltr'><strong>parte</strong></span> 
     </span>
    </p>
   </div>
   <div class='ocr_carea' id='block_1_59' title="bbox 315 2993 1895 3098">
    <p class='ocr_par' dir='ltr' id='par_1_59' title="bbox 315 2993 1886 3062">
     <span class='ocr_line' id='line_1_59' title="bbox 315 2993 1886 3062; baseline 0.006 -17"><span class='ocrx_word' id='word_1_393' title='bbox 315 2993 368 3045; x_wconf 90' lang='lat' dir='ltr'><strong>in</strong></span> <span class='ocrx_word' id='word_1_394' title='bbox 415 2995 468 3046; x_wconf 90' lang='lat' dir='ltr'><strong>id</strong></span> <span class='ocrx_word' id='word_1_395' title='bbox 535 2995 682 3062; x_wconf 90' lang='lat' dir='ltr'><strong>quod</strong></span> <span class='ocrx_word' id='word_1_396' title='bbox 743 2995 1010 3048; x_wconf 87' lang='lat' dir='ltr'><strong>rationem</strong></span> <span class='ocrx_word' id='word_1_397' title='bbox 1071 3007 1402 3062; x_wconf 75' lang='lat' dir='ltr'><strong>aspernatur</strong></span> <span class='ocrx_word' id='word_1_398' title='bbox 1441 2996 1717 3052; x_wconf 78' lang='lat' dir='ltr'><strong>bifariam.</strong></span> <span class='ocrx_word' id='word_1_399' title='bbox 1755 2999 1886 3054; x_wconf 91' lang='lat' dir='ltr'><strong>Illud</strong></span> 
     </span>
    </p>
   </div>
   <div class='ocr_carea' id='block_1_60' title="bbox 1998 2993 3581 3098">
    <p class='ocr_par' dir='ltr' id='par_1_60' title="bbox 2003 2995 3581 3069">
     <span class='ocr_line' id='line_1_60' title="bbox 2003 2995 3581 3069; baseline -0.013 -3"><span class='ocrx_word' id='word_1_400' title='bbox 2003 3013 2147 3066; x_wconf 87' lang='lat' dir='ltr'><strong>inter</strong></span> <span class='ocrx_word' id='word_1_401' title='bbox 2184 3025 2243 3064; x_wconf 89' lang='lat' dir='ltr'><strong>se</strong></span> <span class='ocrx_word' id='word_1_402' title='bbox 2285 3006 2516 3060; x_wconf 79' lang='lat' dir='ltr'><strong>habens.</strong></span> <span class='ocrx_word' id='word_1_403' title='bbox 2547 3001 2700 3069; x_wconf 83' lang='lat' dir='ltr'><strong>Quod</strong></span> <span class='ocrx_word' id='word_1_404' title='bbox 2737 3000 2781 3055; x_wconf 89' lang='lat' dir='ltr'><strong>si</strong></span> <span class='ocrx_word' id='word_1_405' title='bbox 2805 2999 2993 3054; x_wconf 78' lang='lat' dir='ltr'><strong>eadem</strong></span> <span class='ocrx_word' id='word_1_406' title='bbox 3025 2995 3252 3050; x_wconf 81' lang='lat' dir='ltr'><strong>formata</strong></span> <span class='ocrx_word' id='word_1_407' title='bbox 3285 3006 3338 3050; x_wconf 92' lang='lat' dir='ltr'><strong>et</strong></span> <span class='ocrx_word' id='word_1_408' title='bbox 3373 2997 3424 3048; x_wconf 91' lang='lat' dir='ltr'><strong>in</strong></span> <span class='ocrx_word' id='word_1_409' title='bbox 3455 3009 3581 3063; x_wconf 77' lang='lat' dir='ltr'><strong>pro-</strong></span> 
     </span>
    </p>
   </div>
   <div class='ocr_carea' id='block_1_61' title="bbox 313 3083 1890 3161">
    <p class='ocr_par' dir='ltr' id='par_1_61' title="bbox 313 3083 1890 3161">
     <span class='ocr_line' id='line_1_61' title="bbox 313 3083 1890 3161; baseline 0.007 -23"><span class='ocrx_word' id='word_1_410' title='bbox 313 3083 462 3138; x_wconf 87' lang='lat' dir='ltr'><strong>enim</strong></span> <span class='ocrx_word' id='word_1_411' title='bbox 489 3085 724 3140; x_wconf 87' lang='lat' dir='ltr'><strong>dicimus</strong></span> <span class='ocrx_word' id='word_1_412' title='bbox 747 3088 1018 3148; x_wconf 79' lang='lat' dir='ltr'><strong>naturale,</strong></span> <span class='ocrx_word' id='word_1_413' title='bbox 1043 3095 1208 3158; x_wconf 87' lang='lat' dir='ltr'><strong>atque</strong></span> <span class='ocrx_word' id='word_1_414' title='bbox 1239 3088 1442 3142; x_wconf 87' lang='lat' dir='ltr'><strong>habere</strong></span> <span class='ocrx_word' id='word_1_415' title='bbox 1473 3089 1579 3142; x_wconf 90' lang='lat' dir='ltr'><strong>vim</strong></span> <span class='ocrx_word' id='word_1_416' title='bbox 1605 3095 1890 3161; x_wconf 79' lang='lat' dir='ltr'><strong>vegetaudi</strong></span> 
     </span>
    </p>
   </div>
   <div class='ocr_carea' id='block_1_62' title="bbox 312 3177 1890 3242">
    <p class='ocr_par' dir='ltr' id='par_1_62' title="bbox 312 3177 1890 3242">
     <span class='ocr_line' id='line_1_62' title="bbox 312 3177 1890 3242; baseline 0.007 -12"><span class='ocrx_word' id='word_1_417' title='bbox 312 3191 376 3230; x_wconf 84' lang='lat' dir='ltr'><strong>ac</strong></span> <span class='ocrx_word' id='word_1_418' title='bbox 403 3177 688 3232; x_wconf 89' lang='lat' dir='ltr'><strong>nutriendi</strong></span> <span class='ocrx_word' id='word_1_419' title='bbox 731 3194 746 3232; x_wconf 89' lang='lat'><strong>:</strong></span> <span class='ocrx_word' id='word_1_420' title='bbox 786 3178 890 3233; x_wconf 94' lang='lat' dir='ltr'><strong>hoc</strong></span> <span class='ocrx_word' id='word_1_421' title='bbox 919 3193 1050 3233; x_wconf 89' lang='lat' dir='ltr'><strong>vero</strong></span> <span class='ocrx_word' id='word_1_422' title='bbox 1103 3179 1458 3233; x_wconf 78' lang='lat' dir='ltr'><strong>excitativum</strong></span> <span class='ocrx_word' id='word_1_423' title='bbox 1519 3191 1577 3234; x_wconf 88' lang='lat' dir='ltr'><strong>et</strong></span> <span class='ocrx_word' id='word_1_424' title='bbox 1635 3182 1890 3242; x_wconf 83' lang='lat' dir='ltr'><strong>animale.</strong></span> 
     </span>
    </p>
   </div>
   <div class='ocr_carea' id='block_1_63' title="bbox 313 3267 1890 3340">
    <p class='ocr_par' dir='ltr' id='par_1_63' title="bbox 313 3267 1890 3340">
     <span class='ocr_line' id='line_1_63' title="bbox 313 3267 1890 3340; baseline 0.006 -18"><span class='ocrx_word' id='word_1_425' title='bbox 313 3267 422 3322; x_wconf 83' lang='lat' dir='ltr'><strong>Sed</strong></span> <span class='ocrx_word' id='word_1_426' title='bbox 451 3269 615 3326; x_wconf 85' lang='lat' dir='ltr'><strong>ambo</strong></span> <span class='ocrx_word' id='word_1_427' title='bbox 652 3269 768 3324; x_wconf 64' lang='lat' dir='ltr'><strong>hac</strong></span> <span class='ocrx_word' id='word_1_428' title='bbox 803 3269 946 3324; x_wconf 85' lang='lat' dir='ltr'><strong>haud</strong></span> <span class='ocrx_word' id='word_1_429' title='bbox 985 3271 1182 3324; x_wconf 78' lang='lat' dir='ltr'><strong>rationi</strong></span> <span class='ocrx_word' id='word_1_430' title='bbox 1219 3272 1602 3340; x_wconf 85' lang='lat' dir='ltr'><strong>obtemperare</strong></span> <span class='ocrx_word' id='word_1_431' title='bbox 1645 3286 1890 3331; x_wconf 88' lang='lat' dir='ltr'><strong>norunt:</strong></span> 
     </span>
    </p>
   </div>
   <div class='ocr_carea' id='block_1_64' title="bbox 315 3361 1894 3434">
    <p class='ocr_par' dir='ltr' id='par_1_64' title="bbox 315 3361 1894 3434">
     <span class='ocr_line' id='line_1_64' title="bbox 315 3361 1894 3434; baseline 0.006 -21"><span class='ocrx_word' id='word_1_432' title='bbox 315 3377 494 3428; x_wconf 83' lang='lat' dir='ltr'><strong>neque</strong></span> <span class='ocrx_word' id='word_1_433' title='bbox 523 3361 672 3416; x_wconf 87' lang='lat' dir='ltr'><strong>enim</strong></span> <span class='ocrx_word' id='word_1_434' title='bbox 705 3363 1022 3426; x_wconf 82' lang='lat' dir='ltr'><strong>consilium,</strong></span> <span class='ocrx_word' id='word_1_435' title='bbox 1053 3378 1232 3431; x_wconf 76' lang='lat' dir='ltr'><strong>neque</strong></span> <span class='ocrx_word' id='word_1_436' title='bbox 1273 3365 1410 3418; x_wconf 82' lang='lat' dir='ltr'><strong>ullas</strong></span> <span class='ocrx_word' id='word_1_437' title='bbox 1438 3365 1718 3434; x_wconf 83' lang='lat' dir='ltr'><strong>judicandt</strong></span> <span class='ocrx_word' id='word_1_438' title='bbox 1749 3369 1894 3424; x_wconf 90' lang='lat' dir='ltr'><strong>vires</strong></span> 
     </span>
    </p>
   </div>
   <div class='ocr_carea' id='block_1_65' title="bbox 313 3451 1896 3522">
    <p class='ocr_par' dir='ltr' id='par_1_65' title="bbox 313 3451 1896 3522">
     <span class='ocr_line' id='line_1_65' title="bbox 313 3451 1896 3522; baseline 0.004 -18"><span class='ocrx_word' id='word_1_439' title='bbox 313 3452 540 3504; x_wconf 77' lang='lat' dir='ltr'><strong>habent.</strong></span> <span class='ocrx_word' id='word_1_440' title='bbox 581 3451 872 3506; x_wconf 85' lang='lat' dir='ltr'><strong>Consimili</strong></span> <span class='ocrx_word' id='word_1_441' title='bbox 926 3452 1091 3506; x_wconf 88' lang='lat' dir='ltr'><strong>modo</strong></span> <span class='ocrx_word' id='word_1_442' title='bbox 1151 3454 1202 3507; x_wconf 91' lang='lat' dir='ltr'><strong>id</strong></span> <span class='ocrx_word' id='word_1_443' title='bbox 1254 3453 1400 3522; x_wconf 89' lang='lat' dir='ltr'><strong>quod</strong></span> <span class='ocrx_word' id='word_1_444' title='bbox 1449 3453 1644 3508; x_wconf 82' lang='lat' dir='ltr'><strong>rationi</strong></span> <span class='ocrx_word' id='word_1_445' title='bbox 1684 3455 1896 3511; x_wconf 86' lang='lat' dir='ltr'><strong>obtem-</strong></span> 
     </span>
    </p>
   </div>
   <div class='ocr_carea' id='block_1_66' title="bbox 313 3543 1892 3618">
    <p class='ocr_par' dir='ltr' id='par_1_66' title="bbox 313 3543 1892 3618">
     <span class='ocr_line' id='line_1_66' title="bbox 313 3543 1892 3618; baseline 0.004 -21"><span class='ocrx_word' id='word_1_446' title='bbox 313 3551 490 3611; x_wconf 71' lang='lat' dir='ltr'><strong>perat,</strong></span> <span class='ocrx_word' id='word_1_447' title='bbox 558 3543 786 3612; x_wconf 87' lang='lat' dir='ltr'><strong>duplum</strong></span> <span class='ocrx_word' id='word_1_448' title='bbox 836 3555 937 3597; x_wconf 72' lang='grc' dir='ltr'>εει.</span> <span class='ocrx_word' id='word_1_449' title='bbox 978 3545 1093 3599; x_wconf 86' lang='lat' dir='ltr'><strong>lloc</strong></span> <span class='ocrx_word' id='word_1_450' title='bbox 1143 3547 1291 3598; x_wconf 87' lang='lat' dir='ltr'><strong>enim</strong></span> <span class='ocrx_word' id='word_1_451' title='bbox 1345 3561 1732 3618; x_wconf 79' lang='lat' dir='ltr'><strong>nuncupantus</strong></span> <span class='ocrx_word' id='word_1_452' title='bbox 1783 3549 1892 3603; x_wconf 87' lang='lat' dir='ltr'><strong>vim</strong></span> 
     </span>
    </p>
   </div>
   <div class='ocr_carea' id='block_1_67' title="bbox 317 3634 1898 3700">
    <p class='ocr_par' dir='ltr' id='par_1_67' title="bbox 317 3634 1898 3700">
     <span class='ocr_line' id='line_1_67' title="bbox 317 3634 1898 3700; baseline 0.005 -14"><span class='ocrx_word' id='word_1_453' title='bbox 317 3634 772 3700; x_wconf 87' lang='lat' dir='ltr'><strong>concupiscendi,</strong></span> <span class='ocrx_word' id='word_1_454' title='bbox 807 3635 938 3688; x_wconf 86' lang='lat' dir='ltr'><strong>illud</strong></span> <span class='ocrx_word' id='word_1_455' title='bbox 970 3652 1102 3690; x_wconf 89' lang='lat' dir='ltr'><strong>vero</strong></span> <span class='ocrx_word' id='word_1_456' title='bbox 1133 3637 1242 3690; x_wconf 86' lang='lat' dir='ltr'><strong>vim</strong></span> <span class='ocrx_word' id='word_1_457' title='bbox 1271 3637 1564 3692; x_wconf 77' lang='lat' dir='ltr'><strong>irascendi.</strong></span> <span class='ocrx_word' id='word_1_458' title='bbox 1601 3637 1668 3692; x_wconf 87' lang='lat' dir='ltr'><strong>Et</strong></span> <span class='ocrx_word' id='word_1_459' title='bbox 1697 3639 1785 3694; x_wconf 89' lang='lat' dir='ltr'><strong>illa</strong></span> <span class='ocrx_word' id='word_1_460' title='bbox 1815 3639 1898 3694; x_wconf 89' lang='lat' dir='ltr'><strong>vis</strong></span> 
     </span>
    </p>
   </div>
   <div class='ocr_carea' id='block_1_68' title="bbox 314 3727 1894 3798">
    <p class='ocr_par' dir='ltr' id='par_1_68' title="bbox 314 3727 1894 3798">
     <span class='ocr_line' id='line_1_68' title="bbox 314 3727 1894 3798; baseline 0.004 -20"><span class='ocrx_word' id='word_1_461' title='bbox 314 3727 747 3795; x_wconf 85' lang='lat' dir='ltr'><strong>concupisceudi</strong></span> <span class='ocrx_word' id='word_1_462' title='bbox 779 3727 1048 3780; x_wconf 81' lang='lat' dir='ltr'><strong>dividitur</strong></span> <span class='ocrx_word' id='word_1_463' title='bbox 1081 3727 1134 3780; x_wconf 93' lang='lat' dir='ltr'><strong>in</strong></span> <span class='ocrx_word' id='word_1_464' title='bbox 1175 3727 1511 3798; x_wconf 88' lang='lat' dir='ltr'><strong>voluptatem</strong></span> <span class='ocrx_word' id='word_1_465' title='bbox 1540 3745 1604 3784; x_wconf 89' lang='lat' dir='ltr'><strong>ac</strong></span> <span class='ocrx_word' id='word_1_466' title='bbox 1628 3729 1894 3786; x_wconf 86' lang='lat' dir='ltr'><strong>dolorem.</strong></span> 
     </span>
    </p>
   </div>
   <div class='ocr_carea' id='block_1_69' title="bbox 311 3817 1895 3888">
    <p class='ocr_par' dir='ltr' id='par_1_69' title="bbox 311 3817 1895 3888">
     <span class='ocr_line' id='line_1_69' title="bbox 311 3817 1895 3888; baseline 0.003 -17"><span class='ocrx_word' id='word_1_467' title='bbox 311 3817 450 3871; x_wconf 71' lang='lat' dir='ltr'><strong>Nam</strong></span> <span class='ocrx_word' id='word_1_468' title='bbox 488 3817 634 3885; x_wconf 89' lang='lat' dir='ltr'><strong>quod</strong></span> <span class='ocrx_word' id='word_1_469' title='bbox 669 3833 932 3886; x_wconf 78' lang='lat' dir='ltr'><strong>prospere</strong></span> <span class='ocrx_word' id='word_1_470' title='bbox 959 3830 1014 3872; x_wconf 91' lang='lat' dir='ltr'><strong>et</strong></span> <span class='ocrx_word' id='word_1_471' title='bbox 1043 3835 1110 3872; x_wconf 86' lang='lat' dir='ltr'><strong>ex</strong></span> <span class='ocrx_word' id='word_1_472' title='bbox 1160 3821 1330 3874; x_wconf 88' lang='lat' dir='ltr'><strong>animi</strong></span> <span class='ocrx_word' id='word_1_473' title='bbox 1363 3824 1632 3876; x_wconf 88' lang='lat' dir='ltr'><strong>sententia</strong></span> <span class='ocrx_word' id='word_1_474' title='bbox 1663 3825 1846 3879; x_wconf 86' lang='lat' dir='ltr'><strong>evenit</strong></span> <span class='ocrx_word' id='word_1_475' title='bbox 1879 3863 1895 3888; x_wconf 91' lang='lat'><strong>,</strong></span> 
     </span>
    </p>
   </div>
   <div class='ocr_carea' id='block_1_70' title="bbox 311 3906 1898 3980">
    <p class='ocr_par' dir='ltr' id='par_1_70' title="bbox 311 3906 1898 3980">
     <span class='ocr_line' id='line_1_70' title="bbox 311 3906 1898 3980; baseline 0.006 -22"><span class='ocrx_word' id='word_1_476' title='bbox 311 3907 651 3975; x_wconf 80' lang='lat' dir='ltr'><strong>voluptatem</strong></span> <span class='ocrx_word' id='word_1_477' title='bbox 688 3906 846 3960; x_wconf 77' lang='lat' dir='ltr'><strong>atiert</strong></span> <span class='ocrx_word' id='word_1_478' title='bbox 889 3919 942 3962; x_wconf 89' lang='lat' dir='ltr'><strong>et</strong></span> <span class='ocrx_word' id='word_1_479' title='bbox 973 3909 1254 3978; x_wconf 81' lang='lat' dir='ltr'><strong>ingenerat</strong></span> <span class='ocrx_word' id='word_1_480' title='bbox 1289 3927 1302 3963; x_wconf 91' lang='lat'><strong>:</strong></span> <span class='ocrx_word' id='word_1_481' title='bbox 1341 3911 1488 3980; x_wconf 87' lang='lat' dir='ltr'><strong>quod</strong></span> <span class='ocrx_word' id='word_1_482' title='bbox 1529 3921 1710 3968; x_wconf 88' lang='lat' dir='ltr'><strong>autem</strong></span> <span class='ocrx_word' id='word_1_483' title='bbox 1737 3913 1898 3968; x_wconf 87' lang='lat' dir='ltr'><strong>aber-</strong></span> 
     </span>
    </p>
   </div>
   <div class='ocr_carea' id='block_1_71' title="bbox 309 3999 1895 4072">
    <p class='ocr_par' dir='ltr' id='par_1_71' title="bbox 309 3999 1895 4072">
     <span class='ocr_line' id='line_1_71' title="bbox 309 3999 1895 4072; baseline 0.004 -21"><span class='ocrx_word' id='word_1_484' title='bbox 309 3999 484 4052; x_wconf 87' lang='lat' dir='ltr'><strong>raudo</strong></span> <span class='ocrx_word' id='word_1_485' title='bbox 513 3999 808 4052; x_wconf 81' lang='lat' dir='ltr'><strong>infaustum</strong></span> <span class='ocrx_word' id='word_1_486' title='bbox 834 4011 938 4062; x_wconf 84' lang='lat' dir='ltr'><strong>est,</strong></span> <span class='ocrx_word' id='word_1_487' title='bbox 967 3999 1214 4054; x_wconf 85' lang='lat' dir='ltr'><strong>dolorem</strong></span> <span class='ocrx_word' id='word_1_488' title='bbox 1240 4011 1294 4056; x_wconf 89' lang='lat' dir='ltr'><strong>et</strong></span> <span class='ocrx_word' id='word_1_489' title='bbox 1316 4002 1718 4071; x_wconf 69' lang='lat' dir='ltr'><strong>aegritudinem.</strong></span> <span class='ocrx_word' id='word_1_490' title='bbox 1740 4004 1895 4072; x_wconf 78' lang='lat' dir='ltr'><strong>Quod</strong></span> 
     </span>
    </p>
   </div>
   <div class='ocr_carea' id='block_1_72' title="bbox 309 4089 1894 4160">
    <p class='ocr_par' dir='ltr' id='par_1_72' title="bbox 309 4089 1894 4160">
     <span class='ocr_line' id='line_1_72' title="bbox 309 4089 1894 4160; baseline 0.004 -16"><span class='ocrx_word' id='word_1_491' title='bbox 309 4105 478 4159; x_wconf 86' lang='lat' dir='ltr'><strong>porro</strong></span> <span class='ocrx_word' id='word_1_492' title='bbox 519 4089 794 4144; x_wconf 70' lang='lat' dir='ltr'><strong>irascendi</strong></span> <span class='ocrx_word' id='word_1_493' title='bbox 825 4091 931 4142; x_wconf 89' lang='lat' dir='ltr'><strong>vim</strong></span> <span class='ocrx_word' id='word_1_494' title='bbox 987 4091 1172 4156; x_wconf 81' lang='lat' dir='ltr'><strong>habet,</strong></span> <span class='ocrx_word' id='word_1_495' title='bbox 1212 4091 1265 4145; x_wconf 93' lang='lat' dir='ltr'><strong>in</strong></span> <span class='ocrx_word' id='word_1_496' title='bbox 1309 4091 1408 4146; x_wconf 87' lang='lat' dir='ltr'><strong>tria</strong></span> <span class='ocrx_word' id='word_1_497' title='bbox 1456 4094 1804 4160; x_wconf 85' lang='lat' dir='ltr'><strong>dill&#39;unditur,</strong></span> <span class='ocrx_word' id='word_1_498' title='bbox 1840 4097 1894 4150; x_wconf 89' lang='lat' dir='ltr'><strong>in</strong></span> 
     </span>
    </p>
   </div>
   <div class='ocr_carea' id='block_1_73' title="bbox 311 4182 1896 4251">
    <p class='ocr_par' dir='ltr' id='par_1_73' title="bbox 311 4182 1896 4251">
     <span class='ocr_line' id='line_1_73' title="bbox 311 4182 1896 4251; baseline 0.006 -19"><span class='ocrx_word' id='word_1_499' title='bbox 311 4182 684 4246; x_wconf 83' lang='lat' dir='ltr'><strong>iracundiam,</strong></span> <span class='ocrx_word' id='word_1_500' title='bbox 719 4197 880 4251; x_wconf 83' lang='lat' dir='ltr'><strong>quam</strong></span> <span class='ocrx_word' id='word_1_501' title='bbox 915 4198 1045 4236; x_wconf 84' lang='lat' dir='ltr'><strong>sane</strong></span> <span class='ocrx_word' id='word_1_502' title='bbox 1078 4183 1242 4237; x_wconf 83' lang='lat' dir='ltr'><strong>bilem</strong></span> <span class='ocrx_word' id='word_1_503' title='bbox 1292 4195 1348 4238; x_wconf 87' lang='lat' dir='ltr'><strong>et</strong></span> <span class='ocrx_word' id='word_1_504' title='bbox 1382 4185 1516 4239; x_wconf 86' lang='lat' dir='ltr'><strong>iram</strong></span> <span class='ocrx_word' id='word_1_505' title='bbox 1568 4195 1766 4242; x_wconf 84' lang='lat' dir='ltr'><strong>vocant</strong></span> <span class='ocrx_word' id='word_1_506' title='bbox 1794 4228 1809 4248; x_wconf 84' lang='lat'><strong>.</strong></span> <span class='ocrx_word' id='word_1_507' title='bbox 1840 4197 1896 4242; x_wconf 88' lang='lat' dir='ltr'><strong>et</strong></span> 
     </span>
    </p>
   </div>
   <div class='ocr_carea' id='block_1_74' title="bbox 309 4275 1898 4337">
    <p class='ocr_par' dir='ltr' id='par_1_74' title="bbox 309 4275 1898 4337">
     <span class='ocr_line' id='line_1_74' title="bbox 309 4275 1898 4337; baseline 0.007 -11"><span class='ocrx_word' id='word_1_508' title='bbox 309 4275 362 4326; x_wconf 87' lang='lat' dir='ltr'><strong>in</strong></span> <span class='ocrx_word' id='word_1_509' title='bbox 421 4275 722 4329; x_wconf 81' lang='lat' dir='ltr'><strong>ulciscendi</strong></span> <span class='ocrx_word' id='word_1_510' title='bbox 761 4275 1076 4330; x_wconf 83' lang='lat' dir='ltr'><strong>aviditatem</strong></span> <span class='ocrx_word' id='word_1_511' title='bbox 1132 4285 1187 4331; x_wconf 84' lang='lat' dir='ltr'><strong>et</strong></span> <span class='ocrx_word' id='word_1_512' title='bbox 1230 4278 1764 4335; x_wconf 78' lang='lat' dir='ltr'><strong>excandescentiam.</strong></span> <span class='ocrx_word' id='word_1_513' title='bbox 1801 4281 1898 4337; x_wconf 87' lang='lat' dir='ltr'><strong>Est</strong></span> 
     </span>
    </p>
   </div>
   <div class='ocr_carea' id='block_1_75' title="bbox 2004 3085 3578 3174">
    <p class='ocr_par' dir='ltr' id='par_1_75' title="bbox 2004 3085 3578 3174">
     <span class='ocr_line' id='line_1_75' title="bbox 2004 3085 3578 3174; baseline -0.012 -20"><span class='ocrx_word' id='word_1_514' title='bbox 2004 3103 2176 3174; x_wconf 80' lang='lat' dir='ltr'><strong>prium</strong></span> <span class='ocrx_word' id='word_1_515' title='bbox 2208 3099 2475 3168; x_wconf 85' lang='lat' dir='ltr'><strong>cujusque</strong></span> <span class='ocrx_word' id='word_1_516' title='bbox 2521 3092 2760 3162; x_wconf 83' lang='lat' dir='ltr'><strong>speciem</strong></span> <span class='ocrx_word' id='word_1_517' title='bbox 2806 3087 3106 3158; x_wconf 80' lang='lat' dir='ltr'><strong>producta,</strong></span> <span class='ocrx_word' id='word_1_518' title='bbox 3165 3085 3578 3138; x_wconf 87' lang='lat' dir='ltr'><strong>multitudinem</strong></span> 
     </span>
    </p>
   </div>
   <div class='ocr_carea' id='block_1_76' title="bbox 2001 3177 3583 3250">
    <p class='ocr_par' dir='ltr' id='par_1_76' title="bbox 2001 3177 3583 3250">
     <span class='ocr_line' id='line_1_76' title="bbox 2001 3177 3583 3250; baseline -0.015 0"><span class='ocrx_word' id='word_1_519' title='bbox 2001 3195 2184 3250; x_wconf 88' lang='lat' dir='ltr'><strong>cernis</strong></span> <span class='ocrx_word' id='word_1_520' title='bbox 2221 3190 2538 3244; x_wconf 83' lang='lat' dir='ltr'><strong>distinctam</strong></span> <span class='ocrx_word' id='word_1_521' title='bbox 2590 3197 2654 3237; x_wconf 88' lang='lat' dir='ltr'><strong>ac</strong></span> <span class='ocrx_word' id='word_1_522' title='bbox 2707 3179 3001 3234; x_wconf 80' lang='lat' dir='ltr'><strong>dissidiutn</strong></span> <span class='ocrx_word' id='word_1_523' title='bbox 3059 3177 3375 3240; x_wconf 84' lang='lat' dir='ltr'><strong>habentem,</strong></span> <span class='ocrx_word' id='word_1_524' title='bbox 3407 3189 3583 3244; x_wconf 86' lang='lat' dir='ltr'><strong>quan-</strong></span> 
     </span>
    </p>
   </div>
   <div class='ocr_carea' id='block_1_77' title="bbox 2005 3265 3581 3344">
    <p class='ocr_par' dir='ltr' id='par_1_77' title="bbox 2005 3265 3581 3344">
     <span class='ocr_line' id='line_1_77' title="bbox 2005 3265 3581 3344; baseline -0.013 -6"><span class='ocrx_word' id='word_1_525' title='bbox 2005 3295 2119 3338; x_wconf 90' lang='lat' dir='ltr'><strong>tum</strong></span> <span class='ocrx_word' id='word_1_526' title='bbox 2174 3279 2240 3334; x_wconf 85' lang='lat' dir='ltr'><strong>ad</strong></span> <span class='ocrx_word' id='word_1_527' title='bbox 2287 3293 2408 3336; x_wconf 88' lang='lat' dir='ltr'><strong>eam</strong></span> <span class='ocrx_word' id='word_1_528' title='bbox 2457 3282 2670 3344; x_wconf 81' lang='lat' dir='ltr'><strong>spectat</strong></span> <span class='ocrx_word' id='word_1_529' title='bbox 2731 3271 2782 3324; x_wconf 90' lang='lat' dir='ltr'><strong>iu</strong></span> <span class='ocrx_word' id='word_1_530' title='bbox 2834 3270 3198 3325; x_wconf 79' lang='lat' dir='ltr'><strong>universum,</strong></span> <span class='ocrx_word' id='word_1_531' title='bbox 3259 3267 3343 3318; x_wconf 86' lang='lat' dir='ltr'><strong>vel</strong></span> <span class='ocrx_word' id='word_1_532' title='bbox 3397 3265 3581 3334; x_wconf 84' lang='lat' dir='ltr'><strong>potius</strong></span> 
     </span>
    </p>
   </div>
   <div class='ocr_carea' id='block_1_78' title="bbox 2002 3355 3579 3444">
    <p class='ocr_par' dir='ltr' id='par_1_78' title="bbox 2002 3355 3579 3444">
     <span class='ocr_line' id='line_1_78' title="bbox 2002 3355 3579 3444; baseline -0.011 -17"><span class='ocrx_word' id='word_1_533' title='bbox 2002 3371 2224 3444; x_wconf 82' lang='lat' dir='ltr'><strong>quando</strong></span> <span class='ocrx_word' id='word_1_534' title='bbox 2261 3369 2418 3422; x_wconf 75' lang='lat' dir='ltr'><strong>vides</strong></span> <span class='ocrx_word' id='word_1_535' title='bbox 2453 3381 2548 3434; x_wconf 77' lang='lat' dir='ltr'><strong>per</strong></span> <span class='ocrx_word' id='word_1_536' title='bbox 2573 3361 2816 3430; x_wconf 65' lang='lat' dir='ltr'><strong>singulas</strong></span> <span class='ocrx_word' id='word_1_537' title='bbox 2853 3355 3066 3423; x_wconf 83' lang='lat' dir='ltr'><strong>species</strong></span> <span class='ocrx_word' id='word_1_538' title='bbox 3094 3371 3158 3410; x_wconf 87' lang='lat' dir='ltr'><strong>ea</strong></span> <span class='ocrx_word' id='word_1_539' title='bbox 3191 3369 3312 3424; x_wconf 69' lang='lat' dir='ltr'><strong>qua:</strong></span> <span class='ocrx_word' id='word_1_540' title='bbox 3349 3367 3481 3410; x_wconf 89' lang='lat' dir='ltr'><strong>sunt</strong></span> <span class='ocrx_word' id='word_1_541' title='bbox 3523 3357 3579 3410; x_wconf 87' lang='lat' dir='ltr'><strong>in</strong></span> 
     </span>
    </p>
   </div>
   <div class='ocr_carea' id='block_1_79' title="bbox 2005 3451 3580 3521">
    <p class='ocr_par' dir='ltr' id='par_1_79' title="bbox 2005 3451 3580 3521">
     <span class='ocr_line' id='line_1_79' title="bbox 2005 3451 3580 3521; baseline -0.011 -1"><span class='ocrx_word' id='word_1_542' title='bbox 2005 3479 2185 3520; x_wconf 72' lang='lat' dir='ltr'><strong>rerum</strong></span> <span class='ocrx_word' id='word_1_543' title='bbox 2221 3472 2441 3521; x_wconf 84' lang='lat' dir='ltr'><strong>natura,</strong></span> <span class='ocrx_word' id='word_1_544' title='bbox 2475 3472 2645 3510; x_wconf 88' lang='lat' dir='ltr'><strong>unmu</strong></span> <span class='ocrx_word' id='word_1_545' title='bbox 2686 3452 2919 3508; x_wconf 85' lang='lat' dir='ltr'><strong>intueris</strong></span> <span class='ocrx_word' id='word_1_546' title='bbox 2947 3451 3246 3503; x_wconf 90' lang='lat' dir='ltr'><strong>discretum</strong></span> <span class='ocrx_word' id='word_1_547' title='bbox 3271 3461 3333 3501; x_wconf 88' lang='lat' dir='ltr'><strong>ac</strong></span> <span class='ocrx_word' id='word_1_548' title='bbox 3357 3461 3580 3517; x_wconf 82' lang='lat' dir='ltr'><strong>separa-</strong></span> 
     </span>
    </p>
   </div>
   <div class='ocr_carea' id='block_1_80' title="bbox 2006 3539 3576 3612">
    <p class='ocr_par' dir='ltr' id='par_1_80' title="bbox 2006 3539 3576 3612">
     <span class='ocr_line' id='line_1_80' title="bbox 2006 3539 3576 3612; baseline -0.014 0"><span class='ocrx_word' id='word_1_549' title='bbox 2006 3569 2120 3612; x_wconf 88' lang='lat' dir='ltr'><strong>tum</strong></span> <span class='ocrx_word' id='word_1_550' title='bbox 2162 3575 2174 3611; x_wconf 93' lang='lat'><strong>:</strong></span> <span class='ocrx_word' id='word_1_551' title='bbox 2211 3571 2335 3609; x_wconf 82' lang='lat' dir='ltr'><strong>eum</strong></span> <span class='ocrx_word' id='word_1_552' title='bbox 2367 3567 2497 3607; x_wconf 86' lang='lat' dir='ltr'><strong>vero</strong></span> <span class='ocrx_word' id='word_1_553' title='bbox 2522 3547 2825 3603; x_wconf 83' lang='lat' dir='ltr'><strong>secundum</strong></span> <span class='ocrx_word' id='word_1_554' title='bbox 2877 3543 3050 3611; x_wconf 82' lang='lat' dir='ltr'><strong>ipsius</strong></span> <span class='ocrx_word' id='word_1_555' title='bbox 3095 3539 3238 3593; x_wconf 88' lang='lat' dir='ltr'><strong>entis</strong></span> <span class='ocrx_word' id='word_1_556' title='bbox 3281 3549 3532 3592; x_wconf 87' lang='lat' dir='ltr'><strong>naturam</strong></span> <span class='ocrx_word' id='word_1_557' title='bbox 3559 3580 3576 3606; x_wconf 91' lang='lat'><strong>,</strong></span> 
     </span>
    </p>
   </div>
   <div class='ocr_carea' id='block_1_81' title="bbox 2003 3640 3256 3716">
    <p class='ocr_par' dir='ltr' id='par_1_81' title="bbox 2003 3640 3256 3716">
     <span class='ocr_line' id='line_1_81' title="bbox 2003 3640 3256 3716; baseline -0.016 -11"><span class='ocrx_word' id='word_1_558' title='bbox 2003 3665 2172 3705; x_wconf 87' lang='lat' dir='ltr'><strong>unum</strong></span> <span class='ocrx_word' id='word_1_559' title='bbox 2204 3657 2420 3716; x_wconf 86' lang='lat' dir='ltr'><strong>spectas</strong></span> <span class='ocrx_word' id='word_1_560' title='bbox 2445 3645 2498 3696; x_wconf 92' lang='lat' dir='ltr'><strong>in</strong></span> <span class='ocrx_word' id='word_1_561' title='bbox 2526 3640 2842 3710; x_wconf 75' lang='lat' dir='ltr'><strong>congeriem</strong></span> <span class='ocrx_word' id='word_1_562' title='bbox 2884 3645 3256 3706; x_wconf 74' lang='lat' dir='ltr'><strong>aggregatum.</strong></span> 
     </span>
    </p>
   </div>
   <div class='ocr_carea' id='block_1_82' title="bbox 2073 3719 3580 3810">
    <p class='ocr_par' dir='ltr' id='par_1_82' title="bbox 2073 3719 3580 3810">
     <span class='ocr_line' id='line_1_82' title="bbox 2073 3719 3580 3810; baseline -0.011 -18"><span class='ocrx_word' id='word_1_563' title='bbox 2073 3739 2200 3810; x_wconf 78' lang='lat' dir='ltr'><strong>Legi</strong></span> <span class='ocrx_word' id='word_1_564' title='bbox 2230 3753 2424 3790; x_wconf 83' lang='lat' dir='ltr'><strong>morem</strong></span> <span class='ocrx_word' id='word_1_565' title='bbox 2458 3749 2659 3804; x_wconf 82' lang='lat' dir='ltr'><strong>gerens.</strong></span> <span class='ocrx_word' id='word_1_566' title='bbox 2695 3729 2914 3784; x_wconf 85' lang='lat' dir='ltr'><strong>Etenim</strong></span> <span class='ocrx_word' id='word_1_567' title='bbox 2969 3733 3121 3780; x_wconf 87' lang='lat' dir='ltr'><strong>vetat</strong></span> <span class='ocrx_word' id='word_1_568' title='bbox 3182 3721 3360 3777; x_wconf 89' lang='lat' dir='ltr'><strong>civilis</strong></span> <span class='ocrx_word' id='word_1_569' title='bbox 3403 3719 3580 3776; x_wconf 82' lang='lat' dir='ltr'><strong>admi-</strong></span> 
     </span>
    </p>
   </div>
   <div class='ocr_carea' id='block_1_83' title="bbox 2003 3819 3020 3896">
    <p class='ocr_par' dir='ltr' id='par_1_83' title="bbox 2003 3819 3020 3896">
     <span class='ocr_line' id='line_1_83' title="bbox 2003 3819 3020 3896; baseline -0.017 -8"><span class='ocrx_word' id='word_1_570' title='bbox 2003 3830 2264 3888; x_wconf 86' lang='lat' dir='ltr'><strong>nistratio</strong></span> <span class='ocrx_word' id='word_1_571' title='bbox 2295 3824 2607 3896; x_wconf 87' lang='lat' dir='ltr'><strong>hujusmodi</strong></span> <span class='ocrx_word' id='word_1_572' title='bbox 2645 3819 3020 3876; x_wconf 78' lang='lat' dir='ltr'><strong>eterctuonias.</strong></span> 
     </span>
    </p>
   </div>
   <div class='ocr_carea' id='block_1_84' title="bbox 2073 3904 3578 3980">
    <p class='ocr_par' dir='ltr' id='par_1_84' title="bbox 2073 3904 3578 3980">
     <span class='ocr_line' id='line_1_84' title="bbox 2073 3904 3578 3980; baseline -0.011 -5"><span class='ocrx_word' id='word_1_573' title='bbox 2073 3921 2204 3976; x_wconf 87' lang='lat' dir='ltr'><strong>Ideo</strong></span> <span class='ocrx_word' id='word_1_574' title='bbox 2227 3917 2549 3972; x_wconf 75' lang='lat' dir='ltr'><strong>summatim.</strong></span> <span class='ocrx_word' id='word_1_575' title='bbox 2579 3913 2648 3968; x_wconf 84' lang='lat' dir='ltr'><strong>At</strong></span> <span class='ocrx_word' id='word_1_576' title='bbox 2681 3925 2781 3965; x_wconf 90' lang='lat' dir='ltr'><strong>nos</strong></span> <span class='ocrx_word' id='word_1_577' title='bbox 2845 3909 3104 3980; x_wconf 89' lang='lat' dir='ltr'><strong>quidem,</strong></span> <span class='ocrx_word' id='word_1_578' title='bbox 3136 3905 3318 3975; x_wconf 89' lang='lat' dir='ltr'><strong>inquit</strong></span> <span class='ocrx_word' id='word_1_579' title='bbox 3342 3944 3358 3971; x_wconf 62' lang='grc' dir='ltr'><strong>ε</strong></span> <span class='ocrx_word' id='word_1_580' title='bbox 3395 3904 3578 3974; x_wconf 80' lang='lat' dir='ltr'><strong>quoad</strong></span> 
     </span>
    </p>
   </div>
   <div class='ocr_carea' id='block_1_85' title="bbox 2001 3999 3580 4075">
    <p class='ocr_par' dir='ltr' id='par_1_85' title="bbox 2001 3999 3580 4075">
     <span class='ocr_line' id='line_1_85' title="bbox 2001 3999 3580 4075; baseline -0.015 -5"><span class='ocrx_word' id='word_1_581' title='bbox 2001 4013 2162 4070; x_wconf 91' lang='lat' dir='ltr'><strong>nobis</strong></span> <span class='ocrx_word' id='word_1_582' title='bbox 2227 4009 2358 4066; x_wconf 87' lang='lat' dir='ltr'><strong>illud</strong></span> <span class='ocrx_word' id='word_1_583' title='bbox 2394 4005 2612 4075; x_wconf 81' lang='lat' dir='ltr'><strong>assequi</strong></span> <span class='ocrx_word' id='word_1_584' title='bbox 2655 4003 2838 4067; x_wconf 88' lang='lat' dir='ltr'><strong>datur,</strong></span> <span class='ocrx_word' id='word_1_585' title='bbox 2880 3999 3210 4054; x_wconf 86' lang='lat' dir='ltr'><strong>catholicum</strong></span> <span class='ocrx_word' id='word_1_586' title='bbox 3243 4007 3300 4052; x_wconf 91' lang='lat' dir='ltr'><strong>et</strong></span> <span class='ocrx_word' id='word_1_587' title='bbox 3353 4001 3580 4052; x_wconf 86' lang='lat' dir='ltr'><strong>univcr-</strong></span> 
     </span>
    </p>
   </div>
   <div class='ocr_carea' id='block_1_86' title="bbox 2000 4092 3584 4176">
    <p class='ocr_par' dir='ltr' id='par_1_86' title="bbox 2000 4092 3584 4176">
     <span class='ocr_line' id='line_1_86' title="bbox 2000 4092 3584 4176; baseline -0.013 -12"><span class='ocrx_word' id='word_1_588' title='bbox 2000 4125 2120 4164; x_wconf 85' lang='lat' dir='ltr'><strong>sutn</strong></span> <span class='ocrx_word' id='word_1_589' title='bbox 2157 4103 2570 4176; x_wconf 86' lang='lat' dir='ltr'><strong>percurrimus,</strong></span> <span class='ocrx_word' id='word_1_590' title='bbox 2626 4107 2935 4165; x_wconf 76' lang='lat' dir='ltr'><strong>nosmeque</strong></span> <span class='ocrx_word' id='word_1_591' title='bbox 2975 4093 3240 4147; x_wconf 83' lang='lat' dir='ltr'><strong>orationis</strong></span> <span class='ocrx_word' id='word_1_592' title='bbox 3279 4092 3420 4162; x_wconf 77' lang='lat' dir='ltr'><strong>stylo</strong></span> <span class='ocrx_word' id='word_1_593' title='bbox 3461 4105 3584 4161; x_wconf 86' lang='lat' dir='ltr'><strong>per-</strong></span> 
     </span>
    </p>
   </div>
   <div class='ocr_carea' id='block_1_87' title="bbox 1999 4183 3581 4264">
    <p class='ocr_par' dir='ltr' id='par_1_87' title="bbox 1999 4183 3581 4264">
     <span class='ocr_line' id='line_1_87' title="bbox 1999 4183 3581 4264; baseline -0.01 -11"><span class='ocrx_word' id='word_1_594' title='bbox 1999 4183 2360 4253; x_wconf 81' lang='lat' dir='ltr'><strong>lustravituus</strong></span> <span class='ocrx_word' id='word_1_595' title='bbox 2413 4190 2746 4264; x_wconf 72' lang='lat' dir='ltr'><strong>prteconium</strong></span> <span class='ocrx_word' id='word_1_596' title='bbox 2825 4186 2994 4240; x_wconf 87' lang='lat' dir='ltr'><strong>totius</strong></span> <span class='ocrx_word' id='word_1_597' title='bbox 3059 4183 3454 4246; x_wconf 77' lang='lat' dir='ltr'><strong>divinationis,</strong></span> <span class='ocrx_word' id='word_1_598' title='bbox 3513 4199 3581 4237; x_wconf 84' lang='lat' dir='ltr'><strong>ac</strong></span> 
     </span>
    </p>
   </div>
   <div class='ocr_carea' id='block_1_88' title="bbox 2000 4275 3580 4360">
    <p class='ocr_par' dir='ltr' id='par_1_88' title="bbox 2000 4275 3580 4360">
     <span class='ocr_line' id='line_1_88' title="bbox 2000 4275 3580 4360; baseline -0.009 -16"><span class='ocrx_word' id='word_1_599' title='bbox 2000 4290 2279 4360; x_wconf 85' lang='lat' dir='ltr'><strong>specimen</strong></span> <span class='ocrx_word' id='word_1_600' title='bbox 2345 4290 2844 4356; x_wconf 81' lang='lat' dir='ltr'><strong>argumentumque</strong></span> <span class='ocrx_word' id='word_1_601' title='bbox 2909 4275 3409 4332; x_wconf 90' lang='lat' dir='ltr'><strong>demonstravimus</strong></span> <span class='ocrx_word' id='word_1_602' title='bbox 3457 4291 3580 4330; x_wconf 83' lang='lat' dir='ltr'><strong>esse</strong></span> 
     </span>
    </p>
   </div>
   <div class='ocr_carea' id='block_1_89' title="bbox 307 4365 1895 4445">
    <p class='ocr_par' dir='ltr' id='par_1_89' title="bbox 307 4367 1895 4438">
     <span class='ocr_line' id='line_1_89' title="bbox 307 4367 1895 4438; baseline 0.006 -21"><span class='ocrx_word' id='word_1_603' title='bbox 307 4381 492 4418; x_wconf 52' lang='lat' dir='ltr'><strong>au&#39;em</strong></span> <span class='ocrx_word' id='word_1_604' title='bbox 528 4367 808 4420; x_wconf 85' lang='lat' dir='ltr'><strong>iracundia</strong></span> <span class='ocrx_word' id='word_1_605' title='bbox 848 4367 1014 4420; x_wconf 88' lang='lat' dir='ltr'><strong>animi</strong></span> <span class='ocrx_word' id='word_1_606' title='bbox 1051 4369 1306 4438; x_wconf 82' lang='lat' dir='ltr'><strong>impetus,</strong></span> <span class='ocrx_word' id='word_1_607' title='bbox 1357 4371 1422 4423; x_wconf 88' lang='lat' dir='ltr'><strong>ad</strong></span> <span class='ocrx_word' id='word_1_608' title='bbox 1454 4369 1749 4425; x_wconf 69' lang='lat' dir='ltr'><strong>efficaciam</strong></span> <span class='ocrx_word' id='word_1_609' title='bbox 1776 4388 1895 4426; x_wconf 87' lang='lat' dir='ltr'><strong>mu—</strong></span> 
     </span>
    </p>
   </div>
   <div class='ocr_carea' id='block_1_90' title="bbox 1998 4365 3576 4445">
    <p class='ocr_par' dir='ltr' id='par_1_90' title="bbox 2003 4365 3576 4445">
     <span class='ocr_line' id='line_1_90' title="bbox 2003 4365 3576 4445; baseline -0.012 -8"><span class='ocrx_word' id='word_1_610' title='bbox 2003 4394 2294 4437; x_wconf 85' lang='lat' dir='ltr'><strong>communc</strong></span> <span class='ocrx_word' id='word_1_611' title='bbox 2321 4379 2514 4445; x_wconf 90' lang='lat' dir='ltr'><strong>optimi</strong></span> <span class='ocrx_word' id='word_1_612' title='bbox 2545 4373 2788 4430; x_wconf 83' lang='lat' dir='ltr'><strong>vaticinii</strong></span> <span class='ocrx_word' id='word_1_613' title='bbox 2828 4369 3240 4426; x_wconf 84' lang='lat' dir='ltr'><strong>obscuritatem.</strong></span> <span class='ocrx_word' id='word_1_614' title='bbox 3271 4365 3402 4432; x_wconf 64' lang='lat' dir='ltr'><strong>Quae</strong></span> <span class='ocrx_word' id='word_1_615' title='bbox 3429 4367 3576 4420; x_wconf 88' lang='lat' dir='ltr'><strong>enim</strong></span> 
     </span>
    </p>
   </div>
   <div class='ocr_carea' id='block_1_91' title="bbox 309 4458 1884 4532">
    <p class='ocr_par' dir='ltr' id='par_1_91' title="bbox 309 4458 1884 4532">
     <span class='ocr_line' id='line_1_91' title="bbox 309 4458 1884 4532; baseline 0.005 -22"><span class='ocrx_word' id='word_1_616' title='bbox 309 4459 568 4528; x_wconf 84' lang='lat' dir='ltr'><strong>uerisque</strong></span> <span class='ocrx_word' id='word_1_617' title='bbox 605 4458 944 4512; x_wconf 73' lang='lat' dir='ltr'><strong>iunctionem</strong></span> <span class='ocrx_word' id='word_1_618' title='bbox 981 4461 1314 4532; x_wconf 86' lang='lat' dir='ltr'><strong>principium</strong></span> <span class='ocrx_word' id='word_1_619' title='bbox 1365 4471 1420 4518; x_wconf 90' lang='lat' dir='ltr'><strong>et</strong></span> <span class='ocrx_word' id='word_1_620' title='bbox 1463 4463 1884 4518; x_wconf 77' lang='lat' dir='ltr'><strong>conmotionem</strong></span> 
     </span>
    </p>
   </div>
   <div class='ocr_carea' id='block_1_92' title="bbox 309 4549 1890 4624">
    <p class='ocr_par' dir='ltr' id='par_1_92' title="bbox 309 4549 1890 4624">
     <span class='ocr_line' id='line_1_92' title="bbox 309 4549 1890 4624; baseline 0.005 -22"><span class='ocrx_word' id='word_1_621' title='bbox 309 4549 541 4616; x_wconf 86' lang='lat' dir='ltr'><strong>habens,</strong></span> <span class='ocrx_word' id='word_1_622' title='bbox 573 4551 656 4604; x_wconf 89' lang='lat' dir='ltr'><strong>vel</strong></span> <span class='ocrx_word' id='word_1_623' title='bbox 710 4552 877 4604; x_wconf 83' lang='lat' dir='ltr'><strong>animi</strong></span> <span class='ocrx_word' id='word_1_624' title='bbox 928 4551 1276 4607; x_wconf 83' lang='lat' dir='ltr'><strong>vehementia</strong></span> <span class='ocrx_word' id='word_1_625' title='bbox 1343 4553 1411 4608; x_wconf 87' lang='lat' dir='ltr'><strong>ad</strong></span> <span class='ocrx_word' id='word_1_626' title='bbox 1463 4555 1742 4624; x_wconf 85' lang='lat' dir='ltr'><strong>quidpiam</strong></span> <span class='ocrx_word' id='word_1_627' title='bbox 1776 4555 1890 4610; x_wconf 74' lang='lat' dir='ltr'><strong>etii-</strong></span> 
     </span>
    </p>
   </div>
   <div class='ocr_carea' id='block_1_93' title="bbox 307 4635 1887 4713">
    <p class='ocr_par' dir='ltr' id='par_1_93' title="bbox 307 4635 1887 4713">
     <span class='ocr_line' id='line_1_93' title="bbox 307 4635 1887 4713; baseline 0.006 -20"><span class='ocrx_word' id='word_1_628' title='bbox 307 4641 565 4693; x_wconf 84' lang='lat' dir='ltr'><strong>cieudum</strong></span> <span class='ocrx_word' id='word_1_629' title='bbox 608 4657 622 4695; x_wconf 89' lang='lat'><strong>:</strong></span> <span class='ocrx_word' id='word_1_630' title='bbox 663 4641 758 4696; x_wconf 90' lang='lat' dir='ltr'><strong>sed</strong></span> <span class='ocrx_word' id='word_1_631' title='bbox 811 4643 1110 4696; x_wconf 70' lang='lat' dir='ltr'><strong>ulciscendi</strong></span> <span class='ocrx_word' id='word_1_632' title='bbox 1166 4635 1442 4713; x_wconf 76' lang='lat' dir='ltr'><strong>cupiditas</strong></span> <span class='ocrx_word' id='word_1_633' title='bbox 1500 4657 1555 4699; x_wconf 91' lang='lat' dir='ltr'><strong>et</strong></span> <span class='ocrx_word' id='word_1_634' title='bbox 1614 4647 1887 4702; x_wconf 77' lang='lat' dir='ltr'><strong>excande-</strong></span> 
     </span>
    </p>
   </div>
   <div class='ocr_carea' id='block_1_94' title="bbox 307 4735 1498 4802">
    <p class='ocr_par' dir='ltr' id='par_1_94' title="bbox 307 4735 1498 4802">
     <span class='ocr_line' id='line_1_94' title="bbox 307 4735 1498 4802; baseline 0.005 -18"><span class='ocrx_word' id='word_1_635' title='bbox 307 4735 518 4785; x_wconf 86' lang='lat' dir='ltr'><strong>scentia</strong></span> <span class='ocrx_word' id='word_1_636' title='bbox 553 4743 637 4786; x_wconf 89' lang='lat' dir='ltr'><strong>est</strong></span> <span class='ocrx_word' id='word_1_637' title='bbox 669 4749 998 4802; x_wconf 86' lang='lat' dir='ltr'><strong>permanens</strong></span> <span class='ocrx_word' id='word_1_638' title='bbox 1026 4745 1080 4786; x_wconf 91' lang='lat' dir='ltr'><strong>et</strong></span> <span class='ocrx_word' id='word_1_639' title='bbox 1105 4735 1299 4789; x_wconf 86' lang='lat' dir='ltr'><strong>insitus</strong></span> <span class='ocrx_word' id='word_1_640' title='bbox 1327 4737 1498 4790; x_wconf 81' lang='lat' dir='ltr'><strong>furor.</strong></span> 
     </span>
    </p>
   </div>
   <div class='ocr_carea' id='block_1_95' title="bbox 381 4823 1886 4890">
    <p class='ocr_par' dir='ltr' id='par_1_95' title="bbox 381 4823 1886 4890">
     <span class='ocr_line' id='line_1_95' title="bbox 381 4823 1886 4890; baseline 0.009 -14"><span class='ocrx_word' id='word_1_641' title='bbox 381 4823 446 4876; x_wconf 77' lang='lat' dir='ltr'><strong>In</strong></span> <span class='ocrx_word' id='word_1_642' title='bbox 521 4825 950 4879; x_wconf 77' lang='lat' dir='ltr'><strong>divinationibus.</strong></span> <span class='ocrx_word' id='word_1_643' title='bbox 1013 4829 1419 4883; x_wconf 70' lang='lat' dir='ltr'><strong>Divinationcm</strong></span> <span class='ocrx_word' id='word_1_644' title='bbox 1495 4831 1886 4890; x_wconf 78' lang='lat' dir='ltr'><strong>multiformem</strong></span> 
     </span>
    </p>
   </div>
   <div class='ocr_carea' id='block_1_96' title="bbox 308 4915 1890 4988">
    <p class='ocr_par' dir='ltr' id='par_1_96' title="bbox 308 4915 1890 4988">
     <span class='ocr_line' id='line_1_96' title="bbox 308 4915 1890 4988; baseline 0.006 -20"><span class='ocrx_word' id='word_1_645' title='bbox 308 4927 565 4968; x_wconf 84' lang='lat' dir='ltr'><strong>asserunt</strong></span> <span class='ocrx_word' id='word_1_646' title='bbox 599 4915 796 4980; x_wconf 70' lang='lat' dir='ltr'><strong>Cra-ei,</strong></span> <span class='ocrx_word' id='word_1_647' title='bbox 834 4935 1066 4988; x_wconf 87' lang='lat' dir='ltr'><strong>eamque</strong></span> <span class='ocrx_word' id='word_1_648' title='bbox 1100 4921 1370 4974; x_wconf 73' lang='lat' dir='ltr'><strong>diversam</strong></span> <span class='ocrx_word' id='word_1_649' title='bbox 1409 4921 1682 4978; x_wconf 80' lang='lat' dir='ltr'><strong>efﬁciendi</strong></span> <span class='ocrx_word' id='word_1_650' title='bbox 1718 4925 1890 4981; x_wconf 80' lang='lat' dir='ltr'><strong>facul-</strong></span> 
     </span>
    </p>
   </div>
   <div class='ocr_carea' id='block_1_97' title="bbox 311 5008 1890 5083">
    <p class='ocr_par' dir='ltr' id='par_1_97' title="bbox 311 5008 1890 5083">
     <span class='ocr_line' id='line_1_97' title="bbox 311 5008 1890 5083; baseline 0.008 -23"><span class='ocrx_word' id='word_1_651' title='bbox 311 5015 480 5060; x_wconf 86' lang='lat' dir='ltr'><strong>tatem</strong></span> <span class='ocrx_word' id='word_1_652' title='bbox 511 5008 762 5062; x_wconf 85' lang='lat' dir='ltr'><strong>sortitam</strong></span> <span class='ocrx_word' id='word_1_653' title='bbox 803 5025 944 5073; x_wconf 80' lang='lat' dir='ltr'><strong>esse,</strong></span> <span class='ocrx_word' id='word_1_654' title='bbox 976 5014 1441 5080; x_wconf 90' lang='lat' dir='ltr'><strong>quemadmodum</strong></span> <span class='ocrx_word' id='word_1_655' title='bbox 1484 5018 1671 5083; x_wconf 87' lang='lat' dir='ltr'><strong>paucis</strong></span> <span class='ocrx_word' id='word_1_656' title='bbox 1707 5019 1762 5072; x_wconf 91' lang='lat' dir='ltr'><strong>in</strong></span> <span class='ocrx_word' id='word_1_657' title='bbox 1792 5019 1890 5072; x_wconf 88' lang='lat' dir='ltr'><strong>de-</strong></span> 
     </span>
    </p>
   </div>
   <div class='ocr_carea' id='block_1_98' title="bbox 309 5099 1892 5168">
    <p class='ocr_par' dir='ltr' id='par_1_98' title="bbox 309 5099 1892 5168">
     <span class='ocr_line' id='line_1_98' title="bbox 309 5099 1892 5168; baseline 0.009 -19"><span class='ocrx_word' id='word_1_658' title='bbox 309 5113 476 5151; x_wconf 80' lang='lat' dir='ltr'><strong>cursu</strong></span> <span class='ocrx_word' id='word_1_659' title='bbox 516 5099 680 5168; x_wconf 76' lang='lat' dir='ltr'><strong>hujus</strong></span> <span class='ocrx_word' id='word_1_660' title='bbox 719 5101 846 5154; x_wconf 88' lang='lat' dir='ltr'><strong>libri</strong></span> <span class='ocrx_word' id='word_1_661' title='bbox 877 5102 1113 5156; x_wconf 85' lang='lat' dir='ltr'><strong>dicetur.</strong></span> <span class='ocrx_word' id='word_1_662' title='bbox 1143 5103 1538 5159; x_wconf 83' lang='lat' dir='ltr'><strong>Caeremouiam</strong></span> <span class='ocrx_word' id='word_1_663' title='bbox 1579 5117 1763 5162; x_wconf 88' lang='lat' dir='ltr'><strong>autem</strong></span> <span class='ocrx_word' id='word_1_664' title='bbox 1809 5109 1892 5162; x_wconf 83' lang='lat' dir='ltr'><strong>di-</strong></span> 
     </span>
    </p>
   </div>
   <div class='ocr_carea' id='block_1_99' title="bbox 309 5191 1889 5270">
    <p class='ocr_par' dir='ltr' id='par_1_99' title="bbox 309 5191 1889 5270">
     <span class='ocr_line' id='line_1_99' title="bbox 309 5191 1889 5270; baseline 0.008 -28"><span class='ocrx_word' id='word_1_665' title='bbox 309 5197 444 5242; x_wconf 89' lang='lat' dir='ltr'><strong>cunt</strong></span> <span class='ocrx_word' id='word_1_666' title='bbox 487 5191 877 5259; x_wconf 84' lang='lat' dir='ltr'><strong>mysteriorum</strong></span> <span class='ocrx_word' id='word_1_667' title='bbox 935 5193 1514 5260; x_wconf 78' lang='lat' dir='ltr'><strong>coimnunicationcm,</strong></span> <span class='ocrx_word' id='word_1_668' title='bbox 1552 5201 1718 5253; x_wconf 85' lang='lat' dir='ltr'><strong>veluti</strong></span> <span class='ocrx_word' id='word_1_669' title='bbox 1763 5217 1889 5270; x_wconf 90' lang='lat' dir='ltr'><strong>per-</strong></span> 
     </span>
    </p>
   </div>
   <div class='ocr_carea' id='block_1_100' title="bbox 313 5281 1888 5350">
    <p class='ocr_par' dir='ltr' id='par_1_100' title="bbox 313 5281 1888 5350">
     <span class='ocr_line' id='line_1_100' title="bbox 313 5281 1888 5350; baseline 0.01 -18"><span class='ocrx_word' id='word_1_670' title='bbox 313 5281 593 5335; x_wconf 80' lang='lat' dir='ltr'><strong>ticientem</strong></span> <span class='ocrx_word' id='word_1_671' title='bbox 628 5297 722 5336; x_wconf 86' lang='lat' dir='ltr'><strong>eos</strong></span> <span class='ocrx_word' id='word_1_672' title='bbox 753 5325 766 5348; x_wconf 88' lang='lat'><strong>,</strong></span> <span class='ocrx_word' id='word_1_673' title='bbox 821 5283 911 5350; x_wconf 85' lang='lat' dir='ltr'><strong>qui</strong></span> <span class='ocrx_word' id='word_1_674' title='bbox 969 5285 1146 5338; x_wconf 85' lang='lat' dir='ltr'><strong>sacris</strong></span> <span class='ocrx_word' id='word_1_675' title='bbox 1183 5285 1381 5339; x_wconf 86' lang='lat' dir='ltr'><strong>initiati</strong></span> <span class='ocrx_word' id='word_1_676' title='bbox 1435 5297 1580 5342; x_wconf 78' lang='lat' dir='ltr'><strong>sum.</strong></span> <span class='ocrx_word' id='word_1_677' title='bbox 1617 5291 1888 5348; x_wconf 55' lang='lat' dir='ltr'><strong>Pra&#39;terca</strong></span> 
     </span>
    </p>
   </div>
   <div class='ocr_carea' id='block_1_101' title="bbox 311 5373 1892 5449">
    <p class='ocr_par' dir='ltr' id='par_1_101' title="bbox 311 5373 1892 5449">
     <span class='ocr_line' id='line_1_101' title="bbox 311 5373 1892 5449; baseline 0.011 -27"><span class='ocrx_word' id='word_1_678' title='bbox 311 5387 442 5426; x_wconf 85' lang='lat' dir='ltr'><strong>vero</strong></span> <span class='ocrx_word' id='word_1_679' title='bbox 475 5373 540 5426; x_wconf 87' lang='lat' dir='ltr'><strong>ad</strong></span> <span class='ocrx_word' id='word_1_680' title='bbox 570 5374 737 5426; x_wconf 86' lang='lat' dir='ltr'><strong>animi</strong></span> <span class='ocrx_word' id='word_1_681' title='bbox 784 5375 1130 5430; x_wconf 71' lang='lat' dir='ltr'><strong>ath-ctionem</strong></span> <span class='ocrx_word' id='word_1_682' title='bbox 1174 5378 1536 5449; x_wconf 88' lang='lat' dir='ltr'><strong>habitmnquc</strong></span> <span class='ocrx_word' id='word_1_683' title='bbox 1567 5384 1892 5440; x_wconf 86' lang='lat' dir='ltr'><strong>accedentes</strong></span> 
     </span>
    </p>
   </div>
   <div class='ocr_carea' id='block_1_102' title="bbox 313 5464 1892 5540">
    <p class='ocr_par' dir='ltr' id='par_1_102' title="bbox 313 5464 1892 5540">
     <span class='ocr_line' id='line_1_102' title="bbox 313 5464 1892 5540; baseline 0.011 -26"><span class='ocrx_word' id='word_1_684' title='bbox 313 5464 477 5531; x_wconf 82' lang='lat' dir='ltr'><strong>hujus</strong></span> <span class='ocrx_word' id='word_1_685' title='bbox 509 5465 1025 5520; x_wconf 86' lang='lat' dir='ltr'><strong>communicationis</strong></span> <span class='ocrx_word' id='word_1_686' title='bbox 1067 5471 1238 5536; x_wconf 76' lang='lat' dir='ltr'><strong>gratia</strong></span> <span class='ocrx_word' id='word_1_687' title='bbox 1293 5471 1600 5540; x_wconf 81' lang='lat' dir='ltr'><strong>adeptatos.</strong></span> <span class='ocrx_word' id='word_1_688' title='bbox 1660 5477 1892 5532; x_wconf 77' lang='lat' dir='ltr'><strong>eximios</strong></span> 
     </span>
    </p>
   </div>
   <div class='ocr_carea' id='block_1_103' title="bbox 310 5556 935 5624">
    <p class='ocr_par' dir='ltr' id='par_1_103' title="bbox 310 5556 935 5624">
     <span class='ocr_line' id='line_1_103' title="bbox 310 5556 935 5624; baseline 0.011 -18"><span class='ocrx_word' id='word_1_689' title='bbox 310 5565 366 5607; x_wconf 88' lang='lat' dir='ltr'><strong>et</strong></span> <span class='ocrx_word' id='word_1_690' title='bbox 409 5556 686 5624; x_wconf 78' lang='lat' dir='ltr'><strong>perfectos</strong></span> <span class='ocrx_word' id='word_1_691' title='bbox 715 5568 935 5614; x_wconf 78' lang='lat' dir='ltr'><strong>vocant.</strong></span> 
     </span>
    </p>
   </div>
   <div class='ocr_carea' id='block_1_104' title="bbox 393 5647 1892 5734">
    <p class='ocr_par' dir='ltr' id='par_1_104' title="bbox 393 5647 1892 5734">
     <span class='ocr_line' id='line_1_104' title="bbox 393 5647 1892 5734; baseline 0.012 -31"><span class='ocrx_word' id='word_1_692' title='bbox 393 5647 796 5708; x_wconf 74' lang='lat' dir='ltr'><strong>Dissidentium.</strong></span> <span class='ocrx_word' id='word_1_693' title='bbox 847 5655 922 5710; x_wconf 84' lang='lat' dir='ltr'><strong>Ea</strong></span> <span class='ocrx_word' id='word_1_694' title='bbox 964 5671 1084 5727; x_wconf 71' lang='lat' dir='ltr'><strong>qua:</strong></span> <span class='ocrx_word' id='word_1_695' title='bbox 1137 5658 1192 5714; x_wconf 87' lang='lat' dir='ltr'><strong>in</strong></span> <span class='ocrx_word' id='word_1_696' title='bbox 1251 5659 1458 5714; x_wconf 89' lang='lat' dir='ltr'><strong>mundo</strong></span> <span class='ocrx_word' id='word_1_697' title='bbox 1515 5663 1892 5734; x_wconf 88' lang='lat' dir='ltr'><strong>continentur,</strong></span> 
     </span>
    </p>
   </div>
   <div class='ocr_carea' id='block_1_105' title="bbox 1996 4458 3574 4538">
    <p class='ocr_par' dir='ltr' id='par_1_105' title="bbox 1996 4458 3574 4538">
     <span class='ocr_line' id='line_1_105' title="bbox 1996 4458 3574 4538; baseline -0.012 -10"><span class='ocrx_word' id='word_1_698' title='bbox 1996 4471 2236 4529; x_wconf 85' lang='lat' dir='ltr'><strong>dilucide</strong></span> <span class='ocrx_word' id='word_1_699' title='bbox 2265 4481 2319 4524; x_wconf 89' lang='lat' dir='ltr'><strong>et</strong></span> <span class='ocrx_word' id='word_1_700' title='bbox 2351 4475 2539 4538; x_wconf 88' lang='lat' dir='ltr'><strong>aperte</strong></span> <span class='ocrx_word' id='word_1_701' title='bbox 2593 4475 2954 4536; x_wconf 88' lang='lat' dir='ltr'><strong>patenterque</strong></span> <span class='ocrx_word' id='word_1_702' title='bbox 3005 4462 3149 4513; x_wconf 88' lang='lat' dir='ltr'><strong>inter</strong></span> <span class='ocrx_word' id='word_1_703' title='bbox 3183 4458 3574 4528; x_wconf 87' lang='lat' dir='ltr'><strong>speculandum</strong></span> 
     </span>
    </p>
   </div>
   <div class='ocr_carea' id='block_1_106' title="bbox 1989 4547 3574 4627">
    <p class='ocr_par' dir='ltr' id='par_1_106' title="bbox 1989 4547 3574 4627">
     <span class='ocr_line' id='line_1_106' title="bbox 1989 4547 3574 4627; baseline -0.016 -7"><span class='ocrx_word' id='word_1_704' title='bbox 1989 4569 2378 4624; x_wconf 85' lang='lat' dir='ltr'><strong>observantur,</strong></span> <span class='ocrx_word' id='word_1_705' title='bbox 2423 4573 2602 4627; x_wconf 82' lang='lat' dir='ltr'><strong>neque</strong></span> <span class='ocrx_word' id='word_1_706' title='bbox 2631 4553 2988 4610; x_wconf 75' lang='lat' dir='ltr'><strong>divinationis</strong></span> <span class='ocrx_word' id='word_1_707' title='bbox 3023 4550 3306 4618; x_wconf 83' lang='lat' dir='ltr'><strong>cujusdam</strong></span> <span class='ocrx_word' id='word_1_708' title='bbox 3347 4547 3574 4610; x_wconf 78' lang='lat' dir='ltr'><strong>fuerint,</strong></span> 
     </span>
    </p>
   </div>
   <div class='ocr_carea' id='block_1_107' title="bbox 1989 4644 3574 4728">
    <p class='ocr_par' dir='ltr' id='par_1_107' title="bbox 1989 4644 3574 4728">
     <span class='ocr_line' id='line_1_107' title="bbox 1989 4644 3574 4728; baseline -0.014 -16"><span class='ocrx_word' id='word_1_709' title='bbox 1989 4671 2170 4728; x_wconf 88' lang='lat' dir='ltr'><strong>neque</strong></span> <span class='ocrx_word' id='word_1_710' title='bbox 2201 4649 2688 4709; x_wconf 84' lang='lat' dir='ltr'><strong>demonstrationis</strong></span> <span class='ocrx_word' id='word_1_711' title='bbox 2715 4649 2920 4716; x_wconf 84' lang='lat' dir='ltr'><strong>indiga.</strong></span> <span class='ocrx_word' id='word_1_712' title='bbox 2949 4644 3102 4698; x_wconf 82' lang='lat' dir='ltr'><strong>Nunc</strong></span> <span class='ocrx_word' id='word_1_713' title='bbox 3133 4655 3296 4710; x_wconf 89' lang='lat' dir='ltr'><strong>porro</strong></span> <span class='ocrx_word' id='word_1_714' title='bbox 3330 4651 3574 4694; x_wconf 84' lang='lat' dir='ltr'><strong>nostrum</strong></span> 
     </span>
    </p>
   </div>
   <div class='ocr_carea' id='block_1_108' title="bbox 1919 4729 3578 4810">
    <p class='ocr_par' dir='ltr' id='par_1_108' title="bbox 1919 4729 3578 4810">
     <span class='ocr_line' id='line_1_108' title="bbox 1919 4729 3578 4810; baseline -0.017 -4"><span class='ocrx_word' id='word_1_715' title='bbox 1919 4793 1938 4806; x_wconf 77' lang='lat'><strong>..</strong></span> <span class='ocrx_word' id='word_1_716' title='bbox 1993 4749 2307 4802; x_wconf 88' lang='lat' dir='ltr'><strong>institutum</strong></span> <span class='ocrx_word' id='word_1_717' title='bbox 2343 4752 2642 4810; x_wconf 85' lang='lat' dir='ltr'><strong>nosterque</strong></span> <span class='ocrx_word' id='word_1_718' title='bbox 2675 4751 2876 4806; x_wconf 75' lang='lat' dir='ltr'><strong>scepus</strong></span> <span class='ocrx_word' id='word_1_719' title='bbox 2908 4743 3026 4798; x_wconf 88' lang='lat' dir='ltr'><strong>est,</strong></span> <span class='ocrx_word' id='word_1_720' title='bbox 3067 4729 3346 4785; x_wconf 87' lang='lat' dir='ltr'><strong>immorari</strong></span> <span class='ocrx_word' id='word_1_721' title='bbox 3398 4731 3449 4781; x_wconf 91' lang='lat' dir='ltr'><strong>in</strong></span> <span class='ocrx_word' id='word_1_722' title='bbox 3481 4745 3578 4797; x_wconf 84' lang='lat' dir='ltr'><strong>op-</strong></span> 
     </span>
    </p>
   </div>
   <div class='ocr_carea' id='block_1_109' title="bbox 1996 4821 3574 4910">
    <p class='ocr_par' dir='ltr' id='par_1_109' title="bbox 1996 4821 3574 4910">
     <span class='ocr_line' id='line_1_109' title="bbox 1996 4821 3574 4910; baseline -0.015 -12"><span class='ocrx_word' id='word_1_723' title='bbox 1996 4847 2128 4898; x_wconf 80' lang='lat' dir='ltr'><strong>t&#39;uua</strong></span> <span class='ocrx_word' id='word_1_724' title='bbox 2203 4835 2764 4910; x_wconf 69' lang='lat' dir='ltr'><strong>pra3stautissimaquc</strong></span> <span class='ocrx_word' id='word_1_725' title='bbox 2826 4829 3000 4900; x_wconf 89' lang='lat' dir='ltr'><strong>ipsius</strong></span> <span class='ocrx_word' id='word_1_726' title='bbox 3081 4821 3574 4886; x_wconf 83' lang='lat' dir='ltr'><strong>consideratione,</strong></span> 
     </span>
    </p>
   </div>
   <div class='ocr_carea' id='block_1_110' title="bbox 1994 4919 3574 4995">
    <p class='ocr_par' dir='ltr' id='par_1_110' title="bbox 1994 4919 3574 4995">
     <span class='ocr_line' id='line_1_110' title="bbox 1994 4919 3574 4995; baseline -0.013 -5"><span class='ocrx_word' id='word_1_727' title='bbox 1994 4949 2206 4990; x_wconf 82' lang='lat' dir='ltr'><strong>necnon</strong></span> <span class='ocrx_word' id='word_1_728' title='bbox 2235 4931 2569 4986; x_wconf 75' lang='lat' dir='ltr'><strong>exactiorem</strong></span> <span class='ocrx_word' id='word_1_729' title='bbox 2597 4925 2844 4995; x_wconf 89' lang='lat' dir='ltr'><strong>ejusdem</strong></span> <span class='ocrx_word' id='word_1_730' title='bbox 2874 4920 3280 4985; x_wconf 80' lang='lat' dir='ltr'><strong>iudagationetn</strong></span> <span class='ocrx_word' id='word_1_731' title='bbox 3331 4919 3574 4972; x_wconf 76' lang='lat' dir='ltr'><strong>et‘licerc.</strong></span> 
     </span>
    </p>
   </div>
   <div class='ocr_carea' id='block_1_111' title="bbox 2069 5015 3188 5079">
    <p class='ocr_par' dir='ltr' id='par_1_111' title="bbox 2069 5015 3188 5079">
     <span class='ocr_line' id='line_1_111' title="bbox 2069 5015 3188 5079; baseline -0.01 0"><span class='ocrx_word' id='word_1_732' title='bbox 2069 5025 2408 5079; x_wconf 76' lang='lat' dir='ltr'><strong>Summatim.</strong></span> <span class='ocrx_word' id='word_1_733' title='bbox 2445 5018 2790 5075; x_wconf 86' lang='lat' dir='ltr'><strong>Generaliter</strong></span> <span class='ocrx_word' id='word_1_734' title='bbox 2817 5025 2874 5072; x_wconf 84' lang='lat' dir='ltr'><strong>et</strong></span> <span class='ocrx_word' id='word_1_735' title='bbox 2907 5015 3188 5070; x_wconf 86' lang='lat' dir='ltr'><strong>universe.</strong></span> 
     </span>
    </p>
   </div>
   <div class='ocr_carea' id='block_1_112' title="bbox 2067 5111 2740 5187">
    <p class='ocr_par' dir='ltr' id='par_1_112' title="bbox 2067 5111 2740 5187">
     <span class='ocr_line' id='line_1_112' title="bbox 2067 5111 2740 5187; baseline -0.016 -14"><span class='ocrx_word' id='word_1_736' title='bbox 2067 5119 2214 5187; x_wconf 81' lang='lat' dir='ltr'><strong>Ipsa.</strong></span> <span class='ocrx_word' id='word_1_737' title='bbox 2251 5111 2592 5170; x_wconf 83' lang='lat' dir='ltr'><strong>Vaticinandi</strong></span> <span class='ocrx_word' id='word_1_738' title='bbox 2631 5125 2740 5163; x_wconf 91' lang='lat' dir='ltr'><strong>ars.</strong></span> 
     </span>
    </p>
   </div>
   <div class='ocr_carea' id='block_1_113' title="bbox 2066 5197 3574 5274">
    <p class='ocr_par' dir='ltr' id='par_1_113' title="bbox 2066 5197 3574 5274">
     <span class='ocr_line' id='line_1_113' title="bbox 2066 5197 3574 5274; baseline -0.009 -12"><span class='ocrx_word' id='word_1_739' title='bbox 2066 5209 2174 5262; x_wconf 78' lang='lat' dir='ltr'><strong>Pro</strong></span> <span class='ocrx_word' id='word_1_740' title='bbox 2203 5207 2344 5262; x_wconf 77' lang='lat' dir='ltr'><strong>virili</strong></span> <span class='ocrx_word' id='word_1_741' title='bbox 2380 5213 2550 5274; x_wconf 82' lang='lat' dir='ltr'><strong>parte.</strong></span> <span class='ocrx_word' id='word_1_742' title='bbox 2577 5203 2854 5269; x_wconf 83' lang='lat' dir='ltr'><strong>Quantum</strong></span> <span class='ocrx_word' id='word_1_743' title='bbox 2901 5199 3100 5254; x_wconf 82' lang='lat' dir='ltr'><strong>virium</strong></span> <span class='ocrx_word' id='word_1_744' title='bbox 3145 5207 3456 5254; x_wconf 81' lang='lat' dir='ltr'><strong>nostrarum</strong></span> <span class='ocrx_word' id='word_1_745' title='bbox 3489 5197 3574 5250; x_wconf 75' lang='lat' dir='ltr'><strong>la-</strong></span> 
     </span>
    </p>
   </div>
   <div class='ocr_carea' id='block_1_114' title="bbox 1992 5301 2428 5370">
    <p class='ocr_par' dir='ltr' id='par_1_114' title="bbox 1992 5301 2428 5370">
     <span class='ocr_line' id='line_1_114' title="bbox 1992 5301 2428 5370; baseline -0.018 -12"><span class='ocrx_word' id='word_1_746' title='bbox 1992 5303 2167 5358; x_wconf 88' lang='lat' dir='ltr'><strong>cultas</strong></span> <span class='ocrx_word' id='word_1_747' title='bbox 2207 5301 2428 5370; x_wconf 84' lang='lat' dir='ltr'><strong>patitur.</strong></span> 
     </span>
    </p>
   </div>
   <div class='ocr_carea' id='block_1_115' title="bbox 2067 5389 2759 5449">
    <p class='ocr_par' dir='ltr' id='par_1_115' title="bbox 2067 5389 2759 5449">
     <span class='ocr_line' id='line_1_115' title="bbox 2067 5389 2759 5449; baseline -0.007 0"><span class='ocrx_word' id='word_1_748' title='bbox 2067 5395 2344 5449; x_wconf 74' lang='lat' dir='ltr'><strong>Exornata</strong></span> <span class='ocrx_word' id='word_1_749' title='bbox 2369 5393 2460 5444; x_wconf 79' lang='lat' dir='ltr'><strong>sit.</strong></span> <span class='ocrx_word' id='word_1_750' title='bbox 2495 5392 2536 5445; x_wconf 84' lang='lat' dir='ltr'><strong>A</strong></span> <span class='ocrx_word' id='word_1_751' title='bbox 2576 5389 2759 5445; x_wconf 84' lang='lat' dir='ltr'><strong>nobis.</strong></span> 
     </span>
    </p>
   </div>
   <div class='ocr_carea' id='block_1_116' title="bbox 2067 5483 3388 5555">
    <p class='ocr_par' dir='ltr' id='par_1_116' title="bbox 2067 5483 3388 5555">
     <span class='ocr_line' id='line_1_116' title="bbox 2067 5483 3388 5555; baseline -0.007 -14"><span class='ocrx_word' id='word_1_752' title='bbox 2067 5485 2358 5555; x_wconf 60' lang='lat' dir='ltr'><strong>Optimum.</strong></span> <span class='ocrx_word' id='word_1_753' title='bbox 2396 5485 2664 5554; x_wconf 78' lang='lat' dir='ltr'><strong>Respectu</strong></span> <span class='ocrx_word' id='word_1_754' title='bbox 2701 5485 2930 5538; x_wconf 87' lang='lat' dir='ltr'><strong>aliarum</strong></span> <span class='ocrx_word' id='word_1_755' title='bbox 2967 5483 3388 5538; x_wconf 85' lang='lat' dir='ltr'><strong>divinationum.</strong></span> 
     </span>
    </p>
   </div>
   <div class='ocr_carea' id='block_1_117' title="bbox 2067 5568 3570 5650">
    <p class='ocr_par' dir='ltr' id='par_1_117' title="bbox 2067 5568 3570 5650">
     <span class='ocr_line' id='line_1_117' title="bbox 2067 5568 3570 5650; baseline 0 -18"><span class='ocrx_word' id='word_1_756' title='bbox 2067 5579 2133 5632; x_wconf 80' lang='lat' dir='ltr'><strong>Ei</strong></span> <span class='ocrx_word' id='word_1_757' title='bbox 2185 5581 2274 5650; x_wconf 78' lang='lat' dir='ltr'><strong>qui</strong></span> <span class='ocrx_word' id='word_1_758' title='bbox 2329 5580 2734 5648; x_wconf 79' lang='lat' dir='ltr'><strong>depromuserit.</strong></span> <span class='ocrx_word' id='word_1_759' title='bbox 2783 5579 3090 5634; x_wconf 76' lang='lat' dir='ltr'><strong>Detraxerit</strong></span> <span class='ocrx_word' id='word_1_760' title='bbox 3142 5587 3199 5632; x_wconf 84' lang='lat' dir='ltr'><strong>et</strong></span> <span class='ocrx_word' id='word_1_761' title='bbox 3251 5568 3570 5640; x_wconf 62' lang='lat' dir='ltr'><strong>erilltlerih</strong></span> 
     </span>
    </p>
   </div>
   <div class='ocr_carea' id='block_1_118' title="bbox 1998 5669 3428 5736">
    <p class='ocr_par' dir='ltr' id='par_1_118' title="bbox 1998 5669 3428 5736">
     <span class='ocr_line' id='line_1_118' title="bbox 1998 5669 3428 5736; baseline -0.007 -11"><span class='ocrx_word' id='word_1_762' title='bbox 1998 5671 2330 5736; x_wconf 87' lang='lat' dir='ltr'><strong>specialiter,</strong></span> <span class='ocrx_word' id='word_1_763' title='bbox 2361 5682 2416 5727; x_wconf 87' lang='lat' dir='ltr'><strong>ct</strong></span> <span class='ocrx_word' id='word_1_764' title='bbox 2445 5671 2684 5728; x_wconf 83' lang='lat' dir='ltr'><strong>adhibita</strong></span> <span class='ocrx_word' id='word_1_765' title='bbox 2721 5673 3020 5730; x_wconf 80' lang='lat' dir='ltr'><strong>formarum</strong></span> <span class='ocrx_word' id='word_1_766' title='bbox 3054 5669 3428 5728; x_wconf 81' lang='lat' dir='ltr'><strong>distinctione.</strong></span> 
     </span>
    </p>
   </div>
  </div>
