4060 6204
329 253 432 316 519

1208 259 1534 320 SCIlOLlA
1576 261 1662 321 IN
1703 261 2094 324 SYNESIUM
2137 261 2234 326 DE
2273 261 2698 332 INSOMNIIS.

3483 273 3596 336 550

326 365 623 419 α’πυκλίνον
657 363 805 418 ἅπαν
853 365 974 418 ἐστὶ
1017 367 1346 436 παθητικόν.
1405 372 1716 442 Διαιρεῖται
1761 375 1819 425 δὲ
1855 372 1916 426 τὸ
1936 379 1988 436 Α
2015 391 2136 438 πεις
2161 378 2326 442 αὐτὰ,
2369 379 2432 432 ’ἐν
2465 397 2516 432 τι
2545 379 2786 448 βλέπεις,
2815 376 3136 446 συγγένειαν
3169 377 3360 448 ἔχοντα
3394 397 3596 434 παντα-

327 457 632 527 παθητικὸν
673 458 772 526 τῆς
825 457 1003 528 ψυχῆς
1051 458 1130 516 εἷς
1169 479 1228 514 τε
1289 462 1349 514 τὸ
1381 463 1705 533 πειθόμενον
1747 466 1911 536 λόγῳ,

327 553 420 602 καὶ
450 553 529 612 εἰς
569 551 630 602 τὸ
667 550 742 620 μὴ
767 549 1094 620 πειθόμενον
1127 553 1272 622 λόγῳ
1302 555 1550 611 διπλοῦν.
1580 558 1654 610 Τὸ
1683 558 1782 625 μὲν
1803 560 1914 628 γάρ

325 662 508 710 φαμεν
543 643 840 712 θρεπτικὸν
883 647 976 696 καὶ
1013 645 1267 712 φυσικόν·
1297 649 1358 700 τὸ
1387 649 1443 700 δὲ
1479 651 1788 719 σφυγμικὺν
1817 653 1914 706 καὶ

326 737 577 800 ζωτικόν·
611 735 782 804 ἄμφω
805 737 860 788 δὲ
887 735 1064 790 ταῦτα
1096 739 1157 791 οὐ
1185 738 1346 808 λόγῳ⁹
1372 742 1661 795 πείθεσθαι
1699 735 1902 799 ἴσασιν.

325 825 461 880 Οὐδὲ
495 825 604 895 γὰρ
656 826 982 896 προαίρεσιν
1020 829 1142 882 οὐδὲ
1199 834 1458 900 κριτικήν
1502 851 1624 888 τινα
1678 833 1910 904 δύναμιν

325 915 476 985 ἔχει*
537 915 740 986 ὁμοίως
784 917 842 968 δὲ
884 917 982 969 καὶ
1034 919 1096 971 τὺ
1144 921 1428 984 ὲπιπειθὲς
1482 923 1624 992 λόγῳ
1679 925 1910 980 διπλοῦν

325 1009 462 1060 ἐστι.
493 1006 568 1060 Τδ
605 1008 706 1076 μὲν
735 1009 844 1078 γάρ
875 1027 1060 1078 φαμεν
1094 1013 1524 1082 ἐπιθυμητικὸν,
1563 1017 1622 1068 τὸ
1655 1017 1712 1071 δὲ
1746 1017 1909 1087 θυμι-

324 1101 441 1152 κόν.
471 1099 544 1152 Τδ
579 1100 679 1168 μέν
721 1117 802 1153 τοι
838 1101 1240 1171 ἐπιθυμητικὸν
1269 1103 1560 1171 διαιρεῖται
1594 1109 1673 1170 είς
1714 1109 1910 1180 ἡδονὴν

328 1191 425 1242 καὶ
483 1189 702 1259 λύπηνο
747 1193 1111 1260 ἔπιτυγχάνον
1161 1195 1270 1264 γὰρ
1323 1197 1514 1266 ἡδονὴν
1569 1199 1904 1267 ἐργάζεταιο

323 1281 706 1348 ἀποτυγχάνω
757 1280 836 1340 δὲ,
892 1281 1109 1352 λύπην·
1155 1285 1215 1335 τὸ
1267 1283 1323 1335 δὲ
1360 1284 1590 1352 θυμικὸν
1616 1287 1907 1358 διαιρεῖται

321 1371 398 1430 εἰς
440 1371 590 1440 τρία,
619 1373 700 1434 εἰς
732 1372 928 1441 ὀργὴν,
971 1373 1040 1444 ἣν
1071 1373 1136 1444 δὴ
1179 1375 1274 1426 καὶ
1307 1375 1470 1445 χολὴν
1502 1379 1598 1430 καὶ
1625 1377 1779 1447 χόλον
1808 1397 1907 1432 κα-

319 1462 496 1516 λοῦσι·
528 1464 624 1516 καὶ
669 1467 750 1528 εἰς
782 1465 966 1535 μῆνιν,
1000 1469 1095 1520 καὶ
1125 1469 1203 1530 είς
1240 1470 1415 1524 κότον.
1463 1471 1622 1523 Ἔστι
1671 1471 1728 1524 δὲ
1765 1471 1904 1544 ὀργὴ

322 1553 492 1622 θυμὸς
513 1553 674 1624 Ἰπρὸς
720 1555 1010 1626 ἐνέργειαν
1059 1557 1236 1628 ἀρχὴν
1287 1560 1380 1609 καὶ
1429 1559 1642 1629 κίνησιν
1672 1561 1900 1632 exemi)

321 1647 496 1716 θυμὸς
559 1647 994 1717 ἔνεργούμενος·
1030 1651 1192 1718 μῆνις
1244 1649 1300 1702 δὲ
1349 1651 1442 1703 καὶ
1489 1652 1648 1716 κότος
1681 1654 1829 1706 ἐστὶν
1873 1657 1901 1708 ὁ

317 1738 596 1804 ἐπιμένων
626 1737 722 1788 καὶ
753 1738 1074 1806 ἐγκείμενος
1103 1739 1297 1809 θυμός.

391 1828 742 1894 Μαντείαις.
769 1827 882 1898 Τὴν
908 1832 1170 1898 μαντείαν
1202 1835 1458 1904 πολυειδῆ
1507 1853 1674 1905 φασιν
1698 1837 1900 1910 ’Έλλη-

315 1935 408 1980 νες
465 1914 626 1982 εἶναι,
663 1919 759 1973 καὶ
807 1918 1082 1992 διαφόρως
1120 1923 1479 1996 ἐνεργοῦσαν,
1533 1927 1608 1991 ὡς
1660 1930 1901 2000 μετρίως

315 2011 420 2064 κάν
442 2014 555 2068 τοῖς
588 2011 902 2081 ἔμπροσθεν
927 2013 1022 2066 τοῦ
1052 2015 1322 2084 παρόντος
1355 2018 1563 2088 βιϐλίου
1595 2024 1896 2092 εἰρήσεται·

315 2107 543 2174 τελετὴν
579 2105 636 2158 δέ
665 2123 797 2172 φασι
837 2106 936 2176 τὴν
963 2107 1072 2160 τῶν
1113 2111 1435 2180 μυστηρίων
1473 2113 1788 2182 μετάδοσιν,
1822 2115 1896 2178 ὡς

315 2199 632 2252 τελειοῦσαν
661 2202 786 2264 τοὺς
838 2201 1206 2270 μυουμένους.
1245 2203 1368 2256 ’Ἔτι
1401 2205 1459 2258 δὲ
1503 2207 1629 2270 τοὺς
1657 2211 1738 2270 εις
1783 2208 1898 2273 ἕξιν

317 2289 576 2354 ἐλθόντας
601 2289 700 2359 τῆς
729 2291 1084 2361 παραδόσεως
1117 2293 1318 2364 ταύτης
1347 2296 1771 2368 τετελεσμένους
1800 2300 1898 2354 καὶ

311 2382 556 2443 τελείους
592 2385 744 2450 φασί.

379 2475 786 2529 Διαστάντων.
844 2478 925 2530 Τὰ
975 2481 1032 2530 ἐν
1074 2479 1263 2549 κόσμῳ
1313 2480 1492 2536 πάντα
1527 2481 1758 2536 σύνθετα
1798 2489 1894 2541 καὶ

314 2568 778 2636 εἰδοπεποιημένα
825 2571 1151 2640 πράγματα,
1201 2572 1251 2624 ei
1300 2574 1400 2642 μὲν
1441 2574 1517 2638 ὡς
1556 2577 1743 2641 οὐσίας
1773 2579 1892 2648 βλέ-

313 2749 456 2818 quod
489 2759 675 2803 autem
704 2751 757 2804 in
791 2753 1076 2805 materiam
1103 2753 1296 2823 vergit,
1329 2755 1380 2808 id
1411 2771 1570 2812 omne
1599 2757 1890 2816 all'ectibus

318 2841 645 2909 impellitur.
682 2842 1047 2912 Distingnitnr
1087 2856 1270 2899 autem
1309 2846 1362 2899 id
1392 2849 1537 2916 quod
1567 2849 1734 2904 animi
1771 2868 1891 2921 pas-

313 2932 566 2987 sionibus
583 2943 667 2987 est
687 2932 1008 2998 obnoxium,
1045 2935 1098 2988 in
1129 2937 1178 2990 id
1214 2938 1358 3006 quod
1397 2939 1593 2994 rationi
1621 2953 1794 3012 paret,
1833 2953 1888 2998 et

2017 469 2176 538 κόθεν
2206 471 2340 542 πρὸς
2373 471 2576 524 ἑαυτάο
2616 473 2663 523 εἰ
2697 472 2754 524 δὲ
2803 471 2878 534 ὡς
2924 471 3386 542 εἰδοπεποιημὲνα
3415 474 3598 542 πράγε-

2019 579 2188 630 ματα,
2225 562 2432 630 πλῆθος
2467 563 2686 633 βλέπεις
2716 563 2974 632 διάφορον
3009 563 3106 614 καὶ
3155 562 3439 616 διάστασιν
3471 563 3594 632 ἕχον

2015 654 2152 723 πρὸς
2185 655 2348 707 ἑαυτὸ
2381 656 2449 708 δι’
2480 654 2680 724 ὅλοψῆ
2714 656 2937 725 μᾶλλον,
2985 655 3111 708 ὅταν
3143 654 3265 707 κατ’
3295 651 3434 718 εἶδος
3470 655 3594 726 βλέ-

2014 761 2123 819 πῃς
2151 748 2218 800 τὰ
2261 747 2410 814 ὄντα,
2445 749 2505 800 τὸ
2543 748 2602 802 ἓν
2646 746 2866 816 βλέπεις
2904 747 3341 816 διακεκριμένον·
3379 747 3508 800 ὅταν
3535 747 3594 798 δὲ

2012 839 2155 890 κατὰ
2183 838 2280 906 τὴν
2321 839 2420 892 τοῦ
2444 839 2598 904 δντος
2625 839 2811 910 φύσιν,
2848 839 2908 893 τὸ
2957 838 3014 892 ἓν
3043 839 3264 906 βλέπεις
3300 839 3593 912 συνηθροι-

2014 930 2234 999 σμένον.

2091 1021 2173 1086 Τῷ
2199 1024 2388 1092 νόμῳ.
2436 1022 2544 1078 Καὶ
2594 1023 2704 1094 γὰρ
2749 1021 2949 1077 κωλύει
3001 1023 3099 1076 καὶ
3142 1023 3175 1093 ἡ
3211 1021 3462 1076 πολιτεία
3494 1033 3591 1085 τας

2010 1111 2256 1178 τελετάς.

2087 1207 2199 1262 Kal
2255 1207 2332 1276 δὴ
2381 1207 2450 1262 τὸ
2493 1207 2664 1260 ὅλον.
2708 1205 2848 1259 Ἀλλ’
2891 1205 3052 1275 ἡμεῖς
3099 1204 3220 1274 μὲν,
3271 1206 3428 1276 φησὶ,
3465 1205 3592 1260 καθ’

2006 1305 2132 1358 ὅσον
2161 1299 2234 1375 ἦν
2263 1303 2396 1372 ἡμῖν
2418 1299 2666 1368 ἐφικτὸν,
2702 1298 2992 1352 καθολικδν
3027 1297 3383 1368 διεξήλθομεν
3413 1298 3592 1365 ἐγκώ-

2017 1413 2142 1467 μιον
2171 1395 2352 1462 πάσης
2390 1390 2678 1463 μαντικῆς,
2705 1391 2801 1442 καὶ
2829 1389 3119 1456 γνώρισμα
3148 1387 3428 1455 ἐδείξαμεν
3455 1383 3592 1438 εἶναι

2004 1489 2186 1544 κοινδν
2216 1487 2317 1557 τῆς
2347 1487 2578 1556 ἀρίστης
2613 1483 2881 1554 μαντικῆς
2915 1483 3016 1552 τὴν
3043 1482 3340 1550 ἀσάφειαν.
3375 1481 3457 1534 Τὰ
3481 1481 3590 1548 γὰρ

2007 1579 2194 1648 σαφῶς
2245 1578 2342 1630 καὶ
2395 1575 2644 1647 ἐναργῶς
2692 1571 3043 1642 θεωρούμενα
3093 1569 3214 1623 οὐδὲ
3246 1567 3481 1638 μαντεία
3519 1569 3587 1620 ἂν

2005 1672 2091 1741 εἴη
2127 1687 2232 1733 τις,
2268 1667 2390 1721 οὐδὲ
2420 1665 2752 1728 ἀποδείξεως
2783 1661 3006 1730 δεηθείη
3039 1659 3106 1714 ἄν
3140 1675 3306 1722 τινος·
3339 1660 3371 1728 ἡ
3403 1658 3462 1712 δὲ
3494 1659 3588 1708 νῦν

2003 1763 2262 1834 πρόθεσις
2293 1761 2389 1812 καὶ
2421 1760 2450 1812 ὁ
2489 1759 2691 1818 σκοπὸς
2721 1754 2882 1825 ἡμῶν
2923 1755 3071 1805 ἐστιν
3117 1749 3473 1822 ἐνδιατρίψαι
3509 1751 3588 1816 τῷ

2002 1856 2134 1926 περὶ
2185 1854 2356 1922 αὐτὴν
2399 1851 2464 1919 δὴ
2509 1849 2611 1920 τὴν
2645 1849 2874 1919 ἀρίστην
2925 1845 3232 1914 σκέμματι,
3285 1844 3382 1896 καὶ
3419 1843 3588 1913 ἀκρι-

2003 1947 2270 2017 ϐεστέραν
2295 1946 2396 2013 τὴν
2426 1943 2633 2011 ταύτης
2661 1941 2914 2006 ἐξέτασιν
2943 1937 3299 2006 ποιήσασθαι.

2077 2039 2150 2093 Τὸ
2184 2039 2351 2092 ὅλον.
2379 2035 2617 2097 Γενικὼς
2645 2035 2740 2086 καὶ
2787 2031 3044 2084 καθόλου.

2071 2131 2302 2197 Αὐτῆς.
2337 2129 2450 2196 Τῆς
2486 2126 2784 2194 μαντικῆς.

2087 2222 2408 2274 Ἔνόντων.
2440 2218 2598 2270 Κατὰ
2627 2216 2880 2284 δύναμιν.

2083 2309 2610 2381 Ἐγκεκωμίασται.
2659 2305 2796 2375 Παρ’
2830 2303 3008 2374 ἡμῶν.

2081 2403 2388 2470 Ἀρίστην.
2427 2401 2560 2452 Ἀπὸ
2585 2399 2694 2451 τῶν
2717 2398 2896 2450 ἄλλων
2923 2395 3222 2466 μαντειῶν.

2078 2496 2570 2562 Ἀποτεμόμενον.
2621 2491 2870 2552 Εἰδικὼς.

2065 2585 2370 2656 Χαρακτῆί
2386 2601 2444 2638 a.
2479 2581 2795 2650 Γνώρισμα.

1991 2771 2175 2830 omnia
2212 2775 2468 2824 concreta
2503 2773 2559 2818 et
2587 2763 2640 2816 in
2678 2776 2831 2816 suam
2871 2761 3102 2814 formam
3129 2759 3396 2830 producta
3423 2769 3575 2824 sunt,

1992 2867 2036 2922 si
2065 2880 2127 2918 ea
2174 2860 2342 2916 veluti
2393 2858 2664 2912 essentias
2690 2861 2940 2925 spectes.
2971 2853 3254 2922 quidpiam
3294 2867 3461 2904 unum
3496 2853 3580 2904 111-

1994 2957 2186 3018 tueris,
2208 2953 2700 3022 cognationemque
2723 2958 2776 3000 et
2804 2945 3388 3016 111111111010111ξο111111οχ
3417 2955 3577 3013 parte

311 3025 366 3077 in
411 3026 464 3078 id
532 3027 680 3096 quod
739 3028 1008 3082 rationem
1068 3041 1398 3096 aspernatur
1439 3031 1714 3088 bifariam.
1751 3035 1883 3091 Illud
1921 3073 1965 3136 ο
2001 3052 2145 3104 ίιηειυ
2181 3064 2240 3104 se
2282 3046 2512 3100 habens.
2544 3042 2698 3108 Quod
2733 3040 2778 3095 si
2802 3041 2990 3094 eadem
3023 3037 3251 3092 formata
3285 3049 3336 3092 et
3373 3039 3423 3091 in
3453 3052 3579 3106 pro-

310 3115 458 3170 enim
485 3117 722 3173 dicimus
743 3122 1014 3181 naturale.
1041 3130 1204 3192 atque
1235 3121 1440 3178 habere
1469 3125 1576 3179 vim
1601 3132 1888 3198 vegetaudi

309 3223 372 3262 ac
399 3209 684 3264 nutriendi
729 3227 744 3264 :
781 3211 887 3266 hoc
915 3227 1046 3266 vero
1101 3213 1456 3268 excitativum
1517 3227 1574 3270 et
1632 3219 1887 3279 animale.

310 3298 418 3354 Sed
446 3302 612 3358 ambo
649 3302 763 3358 haec
797 3303 942 3358 haud
981 3305 1178 3358 rationi
1215 3307 1598 3376 obtemperare
1642 3323 1886 3369 norunt:

311 3409 489 3460 neque
519 3393 668 3448 enim
701 3396 1019 3460 consilium,
1049 3413 1228 3466 neque
1269 3400 1406 3453 ullas
1433 3401 1714 3470 judicandt
1745 3406 1890 3460 vires

310 3483 536 3536 habent.
577 3483 866 3538 Consimili
922 3485 1088 3540 modo
1147 3488 1198 3542 id
1251 3489 1396 3556 quod
1445 3488 1640 3544 rationi
1679 3492 1892 3548 obtem-

309 3584 484 3642 perat,
553 3575 780 3644 duplum
831 3589 932 3631 est.
973 3577 1088 3633 1100
1138 3581 1287 3634 0111111
1340 3597 1727 3654 nuncupamus
1777 3587 1886 3642 vim

311 3666 766 3732 catmupiscendi,
801 3668 934 3722 illud
965 3686 1097 3724 vero
1129 3671 1238 3725 vim
1267 3671 1558 3728 irascendi.
1597 3675 1663 3728 Et
1692 3677 1780 3730 illa
1810 3677 1894 3732 vis

309 3758 741 3827 concupiscendi
774 3760 1042 3814 dividitur
1075 3761 1128 3814 in
1170 3762 1506 3833 voluptatem
1535 3780 1599 3820 ac
1623 3765 1890 3822 dolorem.

305 3849 442 3902 Nam
482 3851 628 3918 quod
663 3866 926 3920 prospere
953 3864 1009 3906 et
1038 3867 1104 3907 ex
1155 3856 1324 3909 animi
1358 3859 1628 3912 sententia
1658 3863 1842 3915 evenit
1873 3900 1890 3926 ,

305 3939 645 4007 voluptatem
682 3939 839 3994 ailert
883 3953 936 3996 et
967 3943 1248 4012 ingenerat
1282 3961 1296 3998 :
1335 3946 1482 4016 quod
1523 3957 1706 4004 autem
1731 3949 1892 4004 aber-

305 4031 478 4084 rando
507 4031 802 4085 infaustum
827 4044 932 4096 est,
961 4034 1208 4088 dolorem
1233 4047 1286 4090 et
1309 4037 1712 4107 aegritudinem.
1734 4041 1888 4108 Quod

303 4137 470 4190 porro
513 4121 786 4176 irascendi
818 4124 924 4176 vim
980 4125 1166 4190 habet,
1205 4125 1258 4180 in
1302 4127 1400 4181 tria
1449 4130 1797 4196 diﬂ'unditur,
1833 4134 1888 4188 in

305 4214 676 4278 iracundiam,
711 4231 872 4284 quam
909 4231 1037 4270 sane
1071 4217 1234 4271 bilem
1286 4231 1342 4274 et
1375 4220 1510 4275 iram
1561 4231 1760 4278 vocant
1787 4265 1802 4285 ,
1833 4235 1890 4280 et

303 4307 354 4358 in
413 4307 714 4361 ulciscendi
753 4307 1069 4364 aviditatem
1125 4321 1180 4366 et
1223 4313 1757 4372 excandescentiam.
1793 4319 1890 4374 Est

2001 3141 2172 3212 priam
2205 3137 2471 3206 cujusque
2517 3131 2758 3201 speciem
2802 3129 3104 3198 producta,
3164 3127 3576 3180 multitudinem

1997 3233 2181 3288 cernis
2219 3229 2534 3282 distinctam
2586 3237 2650 3277 ac
2704 3220 2998 3274 dissidinm
3055 3218 3372 3282 habentem,
3405 3232 3580 3286 quan-

2001 3333 2116 3376 tum
2170 3319 2237 3372 ad
2283 3333 2404 3376 eam
2453 3323 2666 3384 spectat
2727 3312 2778 3364 in
2831 3311 3149 3362 universum
3181 3347 3196 3367 ,
3257 3308 3340 3360 vel
3393 3308 3578 3376 potius

1999 3410 2220 3482 quando
2257 3407 2414 3461 vides
2449 3420 2544 3473 per
2569 3403 2812 3470 singulas
2849 3397 3062 3465 species
3090 3413 3153 3452 ea
3188 3411 3308 3466 qua:
3346 3410 3477 3452 sunt
3521 3399 3576 3454 in

2001 3519 2180 3558 10111111
2217 3511 2436 3561 natura,
2471 3513 2641 3551 unum
2682 3493 2914 3548 intueris
2942 3493 3242 3546 discretum
3267 3505 3329 3543 ac
3353 3505 3578 3559 separa-

2001 3607 2115 3650 tum
2157 3615 2170 3649 :
2206 3609 2330 3648 cum
2361 3607 2492 3646 vero
2517 3589 2820 3644 secundum
2872 3585 3045 3652 ipsius
3091 3581 3234 3635 entis
3277 3593 3528 3635 naturam
3555 3623 3572 3648 ,

1997 3704 2166 3742 unum
2199 3696 2415 3754 spectas
2440 3685 2492 3736 in
2521 3681 2838 3750 congeriem
2879 3687 3252 3748 aggregatnm.

2067 3777 2194 3847 Legi
2225 3793 2418 3830 morem
2452 3789 2653 3844 gerens.
2689 3771 2908 3824 Etenim
2964 3775 3116 3822 vetat
3177 3765 3355 3820 civilis
3398 3763 3576 3820 admi-

1997 3869 2259 3926 nistratio
2289 3863 2602 3936 hujusutodi
2639 3860 3015 3916 caeremonias.

2067 3959 2198 4014 Ideo
2221 3956 2543 4010 summatim.
2572 3953 2642 4008 At
2673 3967 2775 4006 nos
2839 3951 3097 4020 quidem,
3131 3947 3352 4017 inquit,~
3390 3948 3573 4017 quoad

1994 4051 2156 4108 nobis
2220 4049 2353 4104 illud
2388 4045 2606 4116 assequi
2648 4043 2831 4108 datur,
2874 4041 3203 4096 catholicum
3237 4049 3294 4094 et
3347 4043 3575 4094 univer-

1994 4163 2114 4201 sum
2150 4143 2564 4214 percurrimus,
2619 4147 2928 4206 nostra-que
2969 4135 3233 4189 orationis
3273 4135 3414 4205 stylo
3455 4149 3578 4204 per-

1992 4235 2354 4290 lustravimus
2405 4231 2740 4302 praeconium
2819 4227 2986 4281 totius
3051 4225 3448 4289 divinationis,
3507 4243 3574 4281 ac

1993 4329 2272 4398 specimen
2337 4331 2837 4396 argumentumque
2901 4319 3402 4374 demonstravimus
3450 4333 3572 4372 esse

299 4411 484 4450 autem
521 4389 1006 4454 iracnmlia'animi
1043 4403 1298 4472 impetus,
1348 4405 1415 4458 ad
1447 4405 1741 4461 efﬁcaciam
1768 4425 1890 4464 mu-

1996 4389 2286 4475 commnne
2314 4417 2506 4484 optimi
2537 4413 2780 4470 vaticinii
2820 4409 3232 4466 obscuritatem.
3263 4409 3394 4474 Quae
3423 4410 3569 4462 enim

299 4491 560 4559 uerisque
597 4490 936 4546 {unctionem
973 4494 1305 4566 principium
1357 4507 1412 4553 et
1456 4513 1556 4553 0011
1581 4501 1876 4556 motionem

301 4581 533 4648 habens,
565 4583 648 4636 vel
702 4585 868 4637 animi
920 4586 1268 4640 vehementia
1335 4589 1402 4642 ad
1454 4591 1734 4662 quidpiam
1768 4591 1882 4646 0111-

297 4671 557 4724 ciendum
601 4689 615 4728 :
655 4674 748 4728 sed
803 4677 1102 4730 nlciseendi
1158 4667 1434 4747 cupiditas
1491 4693 1546 4735 et
1606 4685 1878 4739 excande-

297 4766 510 4817 scentia
545 4775 628 4818 est
657 4781 988 4834 permanens
1017 4778 1070 4820 et
1095 4769 1290 4824 insitus
1319 4771 1490 4826 furor.

371 4855 436 4908 In
511 4857 940 4912 divinationibus.
1003 4863 1410 4918 Divinationem
1487 4867 1876 4926 multiformem

299 4957 556 5000 asserunt
589 4947 786 5010 Grani,
824 4969 1056 5020 eamque
1090 4955 1362 5009 diversam
1400 4957 1673 5015 efficiendi
1709 4962 1880 5018 facul-

301 5047 470 5092 tatem
501 5041 752 5094 sortitam
793 5059 934 5106 esse,
965 5048 1432 5114 quemadmodum
1475 5055 1662 5118 paucis
1698 5055 1752 5108 in
1782 5055 1880 5110 de-

299 5145 466 5182 cursu
505 5129 670 5200 hujus
707 5133 836 5186 libri
867 5135 1102 5190 dicetur.
1133 5137 1528 5195 eremoniam
1569 5153 1753 5198 autem
1799 5147 1882 5200 di-

299 5229 432 5272 cunt
475 5225 866 5290 mysteriorum
925 5228 1505 5294 communicationem,
1543 5237 1707 5289 veluti
1751 5253 1879 5307 per-

301 5311 582 5365 ﬁcientem
616 5329 712 5368 eos
741 5358 756 5382 ,
810 5317 900 5384 qui
959 5319 1136 5372 sacris
1172 5319 1370 5375 initiati
1425 5335 1570 5378 sunt.
1607 5327 1877 5384 Pra-terea

297 5417 430 5456 vero
463 5405 529 5458 ad
558 5405 726 5459 animi
774 5409 1118 5464 allectionem
1163 5413 1526 5484 habitumque
1555 5421 1880 5476 accedentes

301 5495 464 5562 hujus
498 5499 1014 5554 communicationis
1055 5507 1227 5572 gratia
1281 5507 1588 5576 adoptatos.
1648 5514 1880 5570 eximios

297 5596 353 5637 et
397 5587 674 5656 perfectos
703 5602 922 5648 vocant.

379 5679 784 5740 Dissidentium.
835 5687 910 5743 Ea
951 5705 1072 5760 qua:
1125 5693 1179 5747 in
1239 5695 1446 5750 mundo
1503 5699 1880 5771 continentur,

1989 4510 2227 4567 dilucide
2257 4519 2312 4564 et
2343 4515 2531 4576 aperte
2585 4516 2946 4576 patenterque
2995 4504 3141 4554 inter
3175 4501 3566 4570 speculandum

1981 4607 2370 4663 observantur,
2414 4613 2594 4666 neque
2623 4595 2980 4650 divinationis
3015 4593 3298 4660 cujusdam
3339 4589 3566 4653 1111-11111,

1981 4709 2160 4764 neque
2192 4689 2680 4747 demonstrationis
2707 4689 2912 4756 indiga.
2939 4684 3094 4738 Nunc
3125 4698 3288 4752 porro
3321 4693 3566 4736 nostrum

1911 4831 1924 4844 .
1983 4785 2298 4840 institutum
2335 4789 2634 4848 nosterque
2665 4791 2867 4846 scimus
2899 4783 2982 4829 est
3005 4815 3018 4840 ,
3057 4773 3336 4826 immorari
3389 4773 3440 4824 in
3471 4787 3568 4840 0p-

1987 4883 2118 4935 tima
2193 4875 2754 4948 praestantissimaqne
2817 4870 2990 4940 ipsius
3073 4863 3566 4929 consideratione,

1983 4987 2196 5028 necnon
2225 4970 2560 5025 exactiorem
2588 4965 2834 5036 ejusdem
2864 4963 3271 5027 indagationem
3321 4961 3564 5014 el‘ticere.

2059 5064 2398 5117 Summatim.
2434 5057 2780 5114 Generaliter
2807 5067 2864 5113 et
2898 5057 3178 5110 universe.

2055 5157 2203 5224 Ipsa.
2241 5151 2584 5209 Vaticinandi
2623 5165 2732 5204 ars.

2055 5247 2162 5300 l’ro
2191 5247 2333 5300 virili
2369 5253 2540 5313 parte.
2567 5243 2844 5309 Quantum
2890 5240 3090 5294 virium
3134 5249 3444 5296 nostrarum
3477 5239 3563 5292 111-

1981 5341 2156 5396 cultas
2197 5341 2417 5410 patitur.

2057 5433 2332 5487 Exornata
2358 5432 2448 5483 sit.
2482 5431 2523 5484 Λ
2565 5429 2748 5484 nobis.

2055 5524 2345 5594 Optimam.
2383 5525 2652 5592 ltespectu
2689 5526 2918 5580 aliarum
2955 5524 3376 5581 divinationum.

2055 5617 2120 5671 Ei
2172 5619 2262 5688 qui
2316 5619 2722 5687 depronwserit.
2769 5621 3077 5674 Detraxerit
3129 5629 3186 5674 et
3237 5611 3507 5681 eripite?"
3539 5647 3556 5674 9

1985 5709 2318 5774 Specialiter,
2348 5720 2403 5766 et
2432 5711 2673 5768 adhibita
2709 5714 3006 5771 formarum
3041 5711 3414 5770 distinctione-
