4060 6204
349 243 456 307 553

341 450 556 518 γίνεται
603 455 782 523 λόγος,
832 459 962 512 ὅταν
1013 461 1185 534 λάὸης
1217 466 1310 520 τὸν
1345 469 1650 538 ἡγούμενον
1681 476 1773 529 τὸν
1811 477 1910 542 ις’,

341 547 439 600 καὶ
485 549 788 624 συγκρίνῃς
818 553 958 624 πρὸς
987 556 1082 610 τὸν
1115 559 1420 630 ἡγούμενον
1457 565 1551 618 τὸν
1597 566 1664 631 δ’,
1699 569 1794 622 καὶ
1823 571 1916 623 τὸν

343 639 610 732 ἑπόμενον
668 644 762 699 τὸν
817 644 870 717 η’
923 649 1062 718 πρὸς
1110 653 1201 706 τὸν
1257 656 1527 728 ἑπόμενον
1579 660 1674 714 τὸν
1708 661 1776 732 β’.
1809 665 1919 718 Καὶ

342 731 625 827 δείκνυται
665 739 831 793 πάλιν
860 743 1066 810 ὁμοίως
1085 745 1169 798 ὅτι
1195 745 1256 800 6v
1283 748 1447 818 λόγον
1470 752 1585 823 ἔχει
1616 755 1645 806 6
1678 753 1754 820 ις’
1779 758 1920 827 πρὸς

341 824 434 877 τὸν
468 825 534 885 δ’,
559 827 651 880 τὸν
683 830 852 885 αὑτὸν
883 831 998 904 ἔχει
1027 836 1124 890 καὶ
1149 839 1177 892 6
1201 845 1254 907 η’
1276 841 1414 911 πρὸς
1460 844 1556 898 τὸν
1597 843 1662 915 β’.
1695 824 1923 903 Δείκνυ-

347 931 436 1010 σιν
463 916 586 1010 ὀῦν
632 920 922 1010 ἐντεῦθεν,
956 927 1039 982 ὅτι
1096 927 1157 980 ὃν
1211 929 1372 1000 λόγον
1424 933 1538 1005 ἔχει
1569 937 1599 989 6
1629 937 1754 1001 νοῦς
1785 939 1924 1010 πρὸς

343 1004 544 1078 ψυχὴν,
593 1009 686 1063 τὸν
735 1013 902 1068 αὑτὸν
931 1016 1044 1087 ἔχει
1087 1019 1155 1074 τὰ
1192 1020 1320 1075 ὄντα
1345 1004 1485 1090 πρὸς
1518 1027 1588 1080 τὰ
1614 1004 1878 1097 γινόμενα
1906 1050 1946 1066 -'

347 1103 445 1154 καὶ
475 1103 706 1169 ἐναλλὰξ
755 1107 815 1159 όν
854 1109 1010 1178 λόγον
1049 1111 1162 1182 ἔχει
1196 1115 1325 1178 νοῦς
1356 1117 1496 1186 πρὸς
1518 1119 1671 1183 ὄντα,
1703 1120 1796 1173 τὸν
1827 1121 1924 1175 αὖ*

343 1192 436 1244 τὸν
462 1193 578 1265 εχει
621 1197 771 1268 ψυχὴ
801 1203 941 1272 πρὸς
963 1207 1246 1275 γινόμενα.

431 1353 790 1412 Ἀνάπαλιν.
826 1359 938 1414 Καὶ
973 1361 1133 1416 τοῦτο
1181 1365 1248 1418 ἐκ
1295 1367 1407 1420 τῶν
1457 1367 1555 1422 τοῦ
1607 1368 1920 1424 Εὐκλείδου.

1216 261 1544 324 SClIOLIA
1589 269 1668 329 IN
1711 269 2096 337 SYNESIUM
2143 277 2240 340 DE
2289 279 2708 348 INSUMNIIS.

344 361 409 454 βῖ,
439 365 536 441 καί
584 366 732 420 ἐστιν
767 368 1069 440 ἡγούμενος
1100 374 1129 426 6
1167 373 1245 440 ις’
1274 377 1368 432 τοῦ
1402 385 1471 450 η’.
1507 381 1774 450 Ἐναλλὰξ
1819 387 1912 440 οῦν
1940 394 1988 454 Α

3494 288 3600 354 554

2500 398 2609 453 νοῦς
3007 401 3134 462 ψυχὴ

2489 817 2602 863 ὄντα
2938 817 3162 876 γινόμενα

2097 903 2452 969 Προόάλλει.
2494 900 2558 953 Ἦ
2588 898 2754 970 ψυχή.

2113 993 2496 1062 Ἑνοπτρίζει.
2529 992 2781 1057 Φωτίζει,
2815 991 3076 1046 διδάσκει.

2101 1086 2252 1154 Πρὶν
2285 1084 2368 1151 τῷ
2421 1085 2628 1151 κοινῷ.
2668 1085 2845 1152 Λόγῳ,
2880 1083 2914 1152 ἢ
2944 1084 3018 1147 ὡς
3046 1083 3135 1136 διὰ
3169 1081 3264 1136 τοῦ
3296 1082 3603 1138 ἐνδιαθέτου

2030 1176 2213 1248 λόγου.

2111 1266 2564 1335 Ἐπιστατικήν.
2595 1266 2667 1321 Ἢ
2696 1267 2770 1330 ὡς
2806 1265 2899 1320 τὸν
2928 1265 3072 1319 νοῦν.

2098 1361 2385 1428 Δύναμιν.
2423 1359 2485 1413 Ὀ
2536 1357 2636 1427 μὲν
2670 1357 2797 1420 νοῦς
2841 1360 3094 1410 κοινωνεῖ
3131 1361 3196 1430 τῇ
3234 1358 3425 1430 λογικῇ
3454 1358 3599 1430 ψυχῇ

347 1446 486 1516 Φησὶ
513 1448 625 1520 γὰρ
671 1449 881 1515 ἐκεῖνος
921 1454 980 1507 ἐν
1012 1455 1128 1519 τοῖς
1149 1456 1335 1521 αὐτοῖς
1357 1458 1504 1530 ὅροις
1536 1461 1631 1514 τοῦ
1655 1463 1921 1528 πέμπτου
2027 1455 2115 1509 διὰ
2147 1455 2314 1524 μέσου
2343 1452 2448 1506 τοῦ
2483 1452 2666 1521 λόγου·
2708 1453 2742 1520 ἡ
2777 1451 2834 1505 δὲ
2860 1453 3052 1522 λογικὴ
3085 1453 3232 1523 ψυχὴ
3262 1458 3512 1508 κοινωνεῖ
3537 1457 3606 1526 τῇ

354 1543 658 1610 στοιχείου,
689 1543 775 1599 ὅτι
807 1545 1080 1601 ἀνάπαλιν
1124 1547 1282 1617 λόγος
1320 1552 1438 1606 ἐστὶ
1467 1552 1630 1622 λῆψις
1672 1553 1767 1607 τοῦ
1799 1555 1928 1608 επο-
2029 1545 2326 1616 αἰσθητικῇ
2353 1585 2369 1608 ,
2427 1545 2521 1598 καὶ
2551 1547 2666 1608 τοῖς
2719 1543 3043 1614 ὁργανικοῐς
3085 1546 3486 1616 αἰσθητηρίοις,
3519 1547 3606 1600 διὰ

353 1633 517 1702 μένου
549 1634 628 1698 ὡς
659 1636 967 1708 ἡγουμένου
997 1639 1138 1710 πρὸς
1171 1642 1232 1695 τὸ
1279 1633 1585 1714 ἡγούμενον
1612 1646 1688 1709 ὼς
1719 1645 1926 1714 ἑπόμε-

2041 1632 2206 1704 μέσου
2245 1634 2340 1686 τοῦ
2369 1634 2734 1702 φανταστικοῦ
2762 1633 3093 1703 πνεύματοςο
3123 1637 3156 1705 ἡ
3189 1634 3233 1688 6'
3259 1630 3328 1689 αὖ
3363 1636 3604 1706 αἰσθητιο

347 1745 457 1781 νον.
494 1729 637 1800 Πρὸς
665 1730 723 1782 δὲ
775 1733 1076 1804 σαφήνειαν
1122 1735 1218 1789 τοῦ
1281 1734 1442 1804 λόγου
1497 1737 1804 1793 κείσθωσαν
1855 1741 1922 1794 ὲκ
1954 1737 1997 1793 Β
2026 1723 2096 1794 κὴ
2121 1724 2271 1795 ψυχὴ
2301 1727 2557 1778 κοινωνεῖ
2584 1726 2652 1796 τῇ
2691 1726 2898 1794 φυσικῇ
2921 1725 3010 1778 διὰ
3039 1723 3133 1778 τοῦ
3163 1725 3462 1794 θρεπτικοῦ
3509 1727 3604 1779 καὶ

343 1819 452 1872 τῶν
486 1823 865 1890 προκειμένοιν
891 1824 1142 1895 ἀριθμῶν
1171 1827 1200 1879 6
1228 1833 1305 1892 ις’
1333 1827 1428 1882 καὶ
1446 1829 1474 1881 ὁ
1503 1833 1578 1897 η’.
1611 1829 1800 1883 Ἔστιν
1822 1826 1916 1884 οῦν

343 1911 372 1962 6
401 1915 476 1975 ις’
501 1911 830 1982 ἡγούμενος,
860 1916 888 1968 6
914 1916 973 1970 δὲ
1017 1923 1070 1985 η’
1110 1918 1405 1988 ἑπόμενοςο
1435 1919 1534 1973 ἐὰν
1560 1918 1619 1972 δὲ
1656 1919 1916 1990 λάϐωμεν

343 2003 436 2055 τὸν
462 2001 511 2072 η’
555 2003 632 2066 ὡς
672 2005 1002 2076 ἡγούμενον.
1042 2011 1140 2066 καὶ
1187 2012 1577 2080 συγκρίνωμεν
1626 2011 1790 2066 αὐτὸν
1837 2013 1915 2079 ὠς

343 2095 480 2164 πρὸς
521 2096 792 2165 ἑπόμενον
839 2097 930 2153 τὸν
968 2107 1072 2166 ις’,
1125 2102 1336 2168 γίνεται
1369 2103 1399 2157 6
1424 2104 1701 2158 ἀνάπαλιν
1731 2104 1912 2172 λόγος.

341 2185 512 2255 Φησὶν
548 2182 644 2241 οῦν
673 2187 756 2242 ὅτι
789 2189 1089 2252 κάνταῦθα.
1126 2192 1221 2246 εὰν
1259 2192 1518 2262 λάϐωμεν
1557 2195 1635 2259 ὡς
1662 2195 1912 2266 ἡγούμε-

343 2297 433 2333 νον
488 2280 615 2350 ἆρον
666 2281 768 2352 τὴν
813 2283 1016 2356 ψυχὴν,
1066 2291 1164 2340 καὶ
1217 2288 1604 2360 συγκρίνωμεν
1663 2289 1741 2352 ὡς
1777 2289 1914 2360 πρὸς

344 2375 616 2444 ἑπόμενον
647 2376 739 2431 τὸν
786 2377 945 2444 νοῦν,
982 2379 1079 2434 καὶ
1103 2380 1304 2449 ὁμοίως
1349 2380 1419 2435 τὰ
1468 2381 1729 2451 γινόμενα
1777 2381 1914 2448 πρὸς

342 2469 409 2522 τὰ
433 2469 588 2534 ὄντα,
620 2469 834 2535 γίνεται
871 2471 900 2524 6
929 2473 1200 2526 ἀνάπαλιν
1227 2472 1408 2540 λόγος,
1437 2473 1532 2528 καὶ
1559 2471 1715 2527 οὐδὲν
1749 2468 1915 2545 ἦττον

345 2562 663 2632 εὑρίσκεται
693 2562 790 2616 καὶ
825 2562 998 2627 οὕτως
1037 2563 1236 2633 ἀληθὲς
1270 2564 1332 2616 τὸ
1352 2564 1460 2633 ίὺφ’
1491 2565 1652 2635 ἡμῶν
1681 2563 1916 2618 ἐνταῦθα

347 2653 475 2723 περὶ
507 2652 717 2707 τούτων
750 2654 826 2718 ὡς
857 2653 1073 2726 ἀξίωμα
1102 2654 1514 2725 προτιθέμενον.

423 2808 838 2879 Ἀξιούμενον.
870 2809 1365 2881 Δογματιζόμενον.

415 2901 800 2972 Ἐχειψυχή.
847 2903 937 2968 Ὠς
985 2906 1045 2957 ὲν
1089 2903 1267 2974 τούτῳ
1313 2903 1392 2974 τῷ
1433 2903 1696 2982 σχήματι,

2024 1813 2322 1884 αὐξητικοῦ
2353 1815 2694 1886 πνεύματος.
2739 1817 2878 1886 Φησὶ
2907 1815 2963 1868 δὲ
2992 1817 3090 1869 καὶ⁵
3131 1819 3159 1870 6
3202 1817 3489 1880 Πλωτῖνος,
3521 1818 3604 1870 ὅτι

2023 1910 2215 1980 ὥσπερ
2258 1911 2284 1962 6
2321 1911 2379 1964 ὲν
2407 1908 2661 1980 προφορᾷ
2709 1908 2866 1976 λόγος
2896 1909 3060 1962 εἰκών
3091 1911 3209 1963 ἐστι
3233 1909 3328 1964 τοῦ
3360 1911 3416 1963 ἑν
3454 1908 3601 1980 ψυχῇ

2022 2001 2206 2069 λόγου,
2233 2000 2378 2054 οὕτω
2407 2001 2504 2055 καλ⁸
2540 2001 2574 2072 ὴ
2605 2000 2754 2070 ψυχὴ
2789 1999 2884 2052 τοῦ
2919 1998 3036 2053 νοῦ.
3112 2017 3116 2020 ·

2105 2091 2516 2160 Ἀπαγγεῒλαι.
2564 2092 2717 2162 Afr-:1“
2753 2093 2821 2162 τῇ
2856 2089 3030 2162 ψυχῇ.

2097 2180 2300 2249 Ψυχῇ.
2334 2182 2413 2252 Τῇ
2438 2182 2656 2252 λογικῇ.

2107 2273 2445 2341 Ἐκμαγεῒα.
2484 2273 2723 2336 Τόπους.

2091 2363 2255 2431 Αὕτη
2309 2362 2444 2430 ζωή.
2514 2363 2581 2416 Ἦ
2637 2371 2979 2439 φανταστικὴ
3020 2369 3117 2424 καὶ
3171 2369 3293 2422 κατ’
3347 2368 3600 2437 αἴσθησιν

2023 2455 2160 2526 ζωὴ,
2215 2455 2282 2508 δι’
2330 2449 2399 2528 ἦς
2445 2457 2815 2528 κοινωνοῦμεν
2845 2462 2962 2524 τοῖς
3013 2461 3254 2530 ἀλόγοις,
3309 2461 3343 2532 ἢ
3397 2460 3602 2530 μᾶλλον

2023 2549 2057 2616 ὴ
2091 2546 2236 2600 κατὰ
2263 2549 2390 2610 τοὺς
2420 2547 2624 2613 ὕπνους
2647 2551 2900 2621 ἐνέργεια
2923 2552 3020 2606 τοῦ
3053 2553 3422 2621 φανταστικοῦ
3435 2552 3602 2604 πνεύ-

2024 2652 2220 2706 ματος.

2094 2727 2204 2780 Kul
2239 2725 2310 2779 ἐν
2359 2725 2629 2795 ἰδιότητι.
2698 2729 2927 2798 Ὀρᾶται
2980 2732 3088 2804 γὰρ
3147 2732 3330 2796 ιδικῶς
3387 2735 3444 2786 ἐν
3483 2738 3596 2797 τοῖς

2022 2816 2260 2886 λογικοῖς
2287 2817 2466 2882 ζώοις.

2083 2908 2474 2977 Αίσθητήρια.
2537 2909 2747 2981 Ἀφανῆ
2783 2911 2876 2965 καὶ
2897 2913 3151 2981 κρείττω,
3179 2915 3248 2967 δι’
3284 2907 3359 2969 ὧν
3401 2915 3497 2968 καὶ
3527 2915 3595 2968 τὰ

344 3079 576 3122 numero
603 3064 658 3121 8.
685 3065 827 3138 Ergo
859 3065 1050 3123 ordine
1069 3067 1380 3123 alternatim
1423 3076 1632 3122 mutato
1663 3067 1912 3124 occurrit
1936 3070 1980 3135 ο
2015 3079 2234 3139 postera
2260 3071 2424 3138 ratio,
2469 3084 2525 3127 et
2564 3071 2925 3130 nihilominus
2967 3076 3252 3131 invenitur
3293 3075 3459 3131 etiam
3516 3077 3589 3132 ita

347 3160 656 3232 proportio,
687 3169 1047 3230 posteaquam
1101 3162 1402 3237 sumpseris
1439 3176 1727 3218 numerum
1761 3168 1914 3217 ante-

343 3253 626 3326 cedentem
647 3252 734 3317 l6,
758 3260 816 3308 et
846 3253 1249 3320 comparaveris
1272 3268 1400 3307 cum
1433 3267 1665 3308 numero
1690 3261 1910 3308 antece-

345 3347 511 3402 dente
537 3344 572 3399 ό
595 3385 611 3412 ,
656 3353 712 3400 et
762 3352 1196 3414 cousequentem
1230 3343 1263 3398 8
1300 3359 1426 3400 cum
1456 3352 1826 3414 consequente
1859 3342 1909 3398 2.

343 3439 519 3492 Etiam
551 3451 746 3492 rursus
793 3435 1204 3491 demonstratur
1234 3435 1400 3491 simili
1430 3435 1618 3502 modo,
1647 3446 1709 3491 ut
1749 3452 1912 3507 quam

347 3531 514 3587 habet
558 3529 979 3601 proportionem
1011 3544 1277 3584 numerus
1312 3529 1375 3584 16
1422 3529 1492 3584 ad
1532 3543 1824 3584 numerum
1857 3529 1913 3595 4,

344 3624 594 3679 eamdem
627 3620 795 3677 habet
823 3621 992 3676 etiam
1021 3637 1282 3676 numerus
1303 3621 1336 3677 8
1370 3621 1438 3676 ad
1475 3621 1530 3676 2.
1566 3621 1705 3677 llinc
1751 3621 1916 3692 igitur

345 3715 548 3771 indicat
577 3724 632 3770 et
651 3714 894 3769 ostendit
921 3713 1067 3784 quod
1101 3729 1263 3784 quam
1287 3713 1552 3770 rationem
1583 3723 1638 3768 et
1682 3729 1916 3784 propor-

346 3809 546 3862 tionem
583 3807 749 3861 habet
785 3820 940 3860 mens
973 3804 1042 3859 ad
1089 3804 1326 3860 animam
1353 3847 1368 3868 .
1409 3805 1658 3862 eamdem
1712 3807 1916 3862 habent

342 3916 402 3955 ea
459 3915 582 3969 quae
614 3913 806 3954 revera
843 3898 1119 3953 exsistunt
1175 3898 1241 3952 ad
1276 3913 1340 3953 ea
1378 3913 1500 3968 quae
1545 3898 1682 3953 ﬁunt
1709 3909 1765 3954 et
1789 3915 1918 3954 eve-

343 3993 536 4055 niunt;
568 4001 626 4045 et
657 3992 968 4045 alternatim
1002 3989 1197 4045 ordine
1249 4000 1455 4046 mutato
1484 4035 1499 4055 ,
1556 4007 1718 4062 quam
1752 3993 1917 4047 habet

344 4075 618 4138 rationem
661 4097 816 4136 mens
846 4083 912 4136 ad
943 4097 1008 4135 ea
1034 4097 1155 4152 quae
1209 4096 1399 4136 revera
1448 4082 1737 4145 exsistunt,
1767 4097 1917 4137 eam-

341 4175 464 4229 dem
494 4173 661 4227 habet
687 4171 866 4226 anima
901 4171 968 4225 ad
1007 4186 1072 4226 ea
1103 4185 1223 4240 quae
1259 4168 1398 4223 fiunt
1421 4169 1774 4224 eteveniunt.

413 4266 488 4319 Ac
519 4271 862 4334 prmpostere.
915 4262 979 4316 Et
1032 4262 1177 4316 istud
1209 4278 1240 4316 e
1283 4261 1506 4330 scriptis
1541 4261 1786 4315 Euclidis
1815 4261 1914 4316 de-

340 4364 654 4424 promptum
707 4362 812 4408 est.
871 4352 960 4407 Ait
1017 4351 1164 4406 enim
1220 4353 1275 4406 in
1329 4353 1445 4407 suis
1499 4351 1916 4409 deﬁnitionibus

2021 3177 2213 3217 verum
2261 3164 2313 3218 id
2351 3163 2499 3233 quod
2533 3181 2563 3218 a
2593 3165 2754 3221 nobis
2803 3166 2892 3220 bis
2939 3167 3007 3222 de
3040 3168 3205 3223 rebus
3255 3171 3595 3239 propositum

2018 3263 2122 3316 est,
2152 3253 2302 3308 velut
2336 3253 2551 3309 axioma
2581 3264 2636 3310 et
2665 3257 3105 3327 pronuntiatum.

2091 3342 2470 3399 Constilutum.
2502 3345 2894 3417 Praescriptum
2929 3357 3037 3402 est.

2093 3433 2321 3488 I’romit.
2353 3434 2560 3506 Nempe
2583 3437 2787 3492 anima.

2097 3524 2164 3578 Et
2199 3526 2492 3582 illuminat.
2525 3528 2772 3583 Illustrat
2805 3543 2869 3584 ac
2899 3527 3081 3584 docet.

2089 3617 2416 3687 Priusquam
2470 3635 2560 3673 eas
2598 3620 2974 3674 communioni.
3007 3619 3250 3685 Rationi,
3287 3619 3371 3674 vel
3400 3620 3594 3689 utique

2021 3724 2120 3778 per
2149 3711 2415 3762 rationem
2443 3719 2623 3763 tuente
2659 3719 3005 3779 conceptam.

2103 3798 2191 3853 Vis
2215 3801 2382 3853 animi
2417 3802 2762 3854 moderatrix.
2791 3801 2887 3856 Vel
2922 3802 3112 3871 utique
3148 3818 3325 3858 mens.

2101 3890 2214 3946 Vis.
2253 3891 2404 3945 Mens
2435 3894 2808 3946 communicat
2839 3907 2962 3946 cum
2992 3893 3242 3948 rationali
3278 3894 3458 3949 anima
3493 3910 3592 3965 per

2023 3985 2447 4056 interjaccntem
2478 3986 2744 4040 rationem
2774 4004 2786 4040 :
2828 3996 2883 4040 at
2915 3987 3194 4041 rationalis
3226 3989 3406 4041 anima
3436 4003 3592 4043 com-

2023 4077 2269 4129 municat
2291 4090 2416 4129 cum
2448 4075 2734 4142 sensitiva,
2763 4085 2818 4130 et
2857 4091 2982 4130 cum
3020 4079 3294 4147 organicis
3316 4078 3590 4134 sentiendi

2019 4167 2272 4236 partibus
2300 4209 2314 4233 ,
2347 4183 2445 4238 per
2475 4167 2715 4222 medium
2773 4178 2828 4222 et
2889 4168 3277 4238 interpositum
3336 4171 3592 4239 spiritum

2022 4258 2460 4328 phantasticum.
2486 4259 2702 4314 Rursus
2720 4260 2903 4315 anima
2923 4261 3184 4316 sensitiva
3220 4263 3593 4316 communicat

2021 4365 2145 4403 cum
2176 4350 2413 4404 naturali
2452 4366 2551 4420 per
2603 4351 2820 4418 alendi,
2877 4353 3199 4423 vcgetandi,
3240 4354 3586 4422 augendique

341 4444 518 4514 quinti
553 4444 839 4509 elementi,
879 4442 1087 4498 Ordine
1133 4443 1353 4497 inverso
1376 4444 1628 4499 eamdem
1684 4460 1912 4514 propor-
1947 4435 1990 4489 Ι)
2020 4443 2300 4510 Spiritum.
2331 4442 2422 4496 Ait
2449 4457 2615 4512 porro
2645 4445 2918 4508 Plotinus,
2943 4445 3086 4514 quod
3126 4446 3588 4513 quemadmodum

342 4537 550 4592 tionem
582 4551 648 4591 ac
683 4537 952 4591 rationem
977 4551 1100 4592 esse
1134 4536 1466 4605 sumptionis
1495 4537 1908 4608 consequentis,

336 4635 400 4681 ut
419 4627 825 4690 antecedentis,
867 4628 1008 4681 facta
1031 4627 1441 4696 comparatione
1459 4625 1526 4680 ad
1555 4627 1911 4688 antecedens,

341 4728 399 4773 ut
430 4718 502 4772 ad
536 4733 906 4787 consequens.
939 4717 1048 4772 Sed
1083 4718 1150 4771 ad
1181 4717 1627 4788 perspicuitatem
1653 4727 1707 4772 et
1730 4719 1915 4786 expla-

344 4815 625 4866 nationem
650 4809 818 4880 hujus
856 4802 1404 4878 rationis‘ponantur
1429 4825 1459 4863 e
1492 4809 1787 4878 propositis
1816 4825 1914 4862 nu-

338 4903 528 4965 meris,
567 4916 831 4957 numerus
866 4900 934 4956 16
963 4908 1020 4957 et
1051 4915 1319 4956 numerus
1355 4901 1408 4956 8.
1459 4902 1557 4955 Est
1605 4902 1772 4970 igitur
1805 4917 1908 4954 nu-

335 5009 524 5049 merus
553 4995 621 5047 £6
675 4994 1030 5057 antecedens,
1079 5001 1136 5046 at
1165 4991 1198 5047 8
1237 5007 1601 5062 consequens.
1637 4992 1791 5058 Quod
1861 4991 1905 5046 si

337 5102 604 5140 sumanns
647 5100 939 5139 numerum
989 5085 1024 5137 8
1075 5095 1332 5153 tanquam
1383 5085 1822 5146 antecedentem,
1852 5095 1907 5138 et

2018 4536 2072 4589 in
2107 4535 2494 4589 enuntiatione
2541 4537 2722 4588 oratio
2748 4537 2956 4605 efﬁgies
3012 4551 3076 4589 ac
3105 4536 3459 4589 simulacrum
3503 4549 3589 4592 est

2014 4627 2249 4681 rationis
2297 4642 2419 4697 qua:
2468 4636 2556 4681 est
2609 4628 2918 4692 inanima,
2971 4628 3042 4681 ita
3096 4627 3260 4680 etiam
3293 4631 3473 4682 anima
3505 4639 3588 4682 est

2014 4720 2192 4790 imago
2222 4719 2444 4774 mentis.

2087 4810 2400 4877 Manifestus
2423 4809 2623 4881 fecerit.
2661 4809 2769 4879 Ipsi
2799 4811 3017 4865 animm.

2088 4902 2359 4956 Primaria
2391 4905 2556 4956 animi
2590 4911 2763 4972 parte.
2800 4902 3024 4956 Scilicet
3071 4903 3344 4958 rationali.

2084 4994 2370 5064 Imagines.
2407 4994 2568 5064 Typi,
2602 4995 2788 5048 formae
2813 5003 2867 5049 et
2897 4994 3208 5050 simulacra.

2093 5083 2208 5137 Vita
2241 5085 2369 5138 lucc.
2409 5085 2779 5148 Pltantastica,
2814 5095 2870 5138 et
2897 5085 3077 5153 quoad
3109 5087 3380 5141 sentiendi
3411 5087 3584 5144 facul-

338 5191 720 5245 emnparemus
767 5177 944 5245 ipsum
999 5175 1150 5230 velut
1177 5177 1243 5229 ad
1274 5186 1701 5244 consequentem
1728 5174 1814 5238 l6,
1849 5177 1907 5230 lit
2013 5182 2180 5229 tatem
2212 5177 2344 5240 vita,
2381 5192 2478 5245 per
2511 5191 2672 5244 quam
2701 5177 3172 5231 communicamus
3197 5193 3321 5232 cum
3355 5180 3584 5234 rationis

339 5269 533 5322 ordine
569 5269 785 5322 inverso
816 5269 1119 5338 proportio.
1154 5267 1396 5337 Aitergo
1431 5267 1522 5322 hic
1547 5282 1766 5336 quoque
1803 5284 1818 5321 ι
1849 5266 1904 5320 Si
2011 5268 2365 5337 expertibus;
2388 5269 2469 5324 vel
2489 5269 2673 5338 potius
2689 5269 2830 5324 actio
2847 5271 3075 5339 spiritus
3095 5271 3582 5341 phantasticquuae
3659 5285 3662 5288 '

343 5373 626 5412 sumamus
648 5360 802 5414 velut
840 5360 1259 5414 antecedentem
1293 5358 1586 5412 terminum
1618 5358 1854 5411 animam
1898 5395 1913 5421 ,

341 5460 395 5504 et
421 5465 808 5520 comparemus
862 5460 1121 5520 tanquam
1155 5449 1222 5504 ad
1275 5459 1703 5518 consequentcrn
1758 5465 1910 5504 men-

2008 5359 2156 5430 viget
2188 5361 2333 5416 inter
2372 5362 2780 5416 somniandum.

2081 5450 2150 5505 In
2189 5454 2511 5522 proprietate
2543 5461 2773 5509 naturai.
2814 5454 3045 5511 Videtur
3077 5457 3222 5511 enim
3265 5457 3492 5512 scorsim
3523 5457 3580 5511 in

346 5554 476 5607 tem,
510 5541 766 5596 similiter
781 5542 946 5594 etiam
976 5557 1038 5596 ea
1060 5556 1182 5610 qua:
1210 5542 1346 5594 liunt
1372 5550 1427 5594 et
1459 5540 1724 5595 eveniunt
1747 5542 1812 5595 ad
1845 5558 1910 5598 ea
2011 5540 2344 5597 animalibus
2378 5543 2590 5598 ratione
2624 5544 2930 5600 utentibus.

349 5647 466 5701 quae
499 5646 690 5686 revera
726 5631 1022 5695 exsistunt,
1068 5630 1316 5685 occurrit
1350 5644 1611 5685 conversa
1655 5639 1711 5685 et
1771 5647 1912 5703 pra»

673 5726 938 5786 ΡΑτηοι..
985 5727 1030 5786 0
1045 5745 1104 5783 n.
1152 5723 1430 5784 CXLIX.

2082 5631 2342 5690 Sentuum
2373 5651 2596 5707 organa.
2629 5635 2875 5692 Obscura
2893 5649 2947 5694 et
2976 5640 3306 5708 potentiora,
3333 5653 3431 5708 per
3459 5653 3586 5707 qua:

3069 5733 3144 5793 18
