4060 6204
401 303 498 362 531

1293 297 1618 360 SCHULIA
1660 295 1742 359 ΙΝ
1788 301 2178 363 SYNESIUM
2219 301 2316 360 DE
2357 297 2788 359 INSOMNIIS.

3537 297 3640 362 558

395 411 630 482 σρήτωρι
673 408 896 478 δηλοῦσι
928 410 982 464 δὲ
1031 411 1189 464 τοῦτο
1223 413 1318 466 καὶ
1378 415 1428 467 οἱ
1485 413 1626 468 οὕτω
1685 431 1798 476 πως
1835 411 1970 482 ίεροὶ
2002 421 2046 474 Α
2149 410 2221 464 Τὸ
2249 410 2358 480 γὰρ
2387 409 2772 480 ἐγκαρπίσαι.
2805 405 2990 460 Θέλων
3023 407 3376 478 παραστῆσαι
3417 411 3500 463 ὅτι
3544 415 3646 466 οὐκ

405 504 840 571 ἐπιγραφόμενοι
867 505 1014 572 λόγοι
1046 505 1234 560 αὐτοῦ.

487 597 544 648 ’.4
555 597 780 665 way-air.
814 599 926 668 Τὴν
956 599 1166 652 ἄνοδον.

473 687 602 740 Pas.
633 687 758 741 155.
795 689 1152 744 Ἀκουσάτω.
1185 691 1348 762 Ζήτει
1397 693 1613 744 ὲκεῖνα’
1653 696 1834 764 σιωπᾷ
1861 695 1970 764 γὰρ

405 769 558 838 οὗτος
578 789 593 806 ⁸
631 778 692 830 οὐ
731 779 839 846 γὰρ
861 778 1010 846 λέγει
1041 780 1217 832 ταῦτα
1251 781 1542 852 ολόκληρα.

476 868 550 922 To
582 869 856 922 ἔνδοθεν.
891 870 1001 938 Τὴν
1035 871 1454 941 ἐνυπάρχουσαν
1483 873 1714 945 δύναμιν
1745 893 1976 944 γνωστι-

409 965 534 1032 κήν.

489 1057 650 1123 Ἐῆς.
695 1055 786 1110 Ἐκ
807 1057 907 1124 τῆς
941 1057 1072 1121 ἰδίας
1102 1059 1406 1128 ὲνέσπειρε.

495 1150 677 1215 Ἀλκή
684 1171 736 1214 ς.
769 1151 1087 1218 Δυνάμεως.

475 1238 816 1303 Εὐμοφίσν.
866 1239 1022 1290 Ἐπεὶ
1045 1241 1254 1306 γίνεται
1279 1245 1410 1312 παρ’
1441 1245 1619 1315 ἡμῶν.

479 1329 688 1394 Ὄναρ.
726 1329 820 1382 Ἐκ
853 1330 960 1382 τῶν
991 1331 1236 1401 ὀνείρων.

477 1414 584 1485 Ἦς
623 1422 1048 1488 ἐκεκάρπισεν.
1084 1418 1256 1488 Οὗτος
1281 1427 1380 1496 μὲν
1409 1430 1474 1483 ὲκ
1499 1429 1636 1484 Θεοῦ
1670 1431 1821 1500 λέγει
1847 1435 1974 1497 τοὺς

409 1513 654 1583 ὀνείρους
690 1515 886 1584 ἥκειν·
923 1517 952 1567 ὁ
983 1517 1040 1570 δὲ
1083 1518 1461 1591 Ἀριστοτέλης
1526 1525 1627 1580 οὐκ
1657 1524 1797 1582 εἷναί
1839 1547 1974 1598 φησι

407 1601 472 1652 τά
499 1600 729 1654 ἐνύπνια
782 1603 1124 1674 θεόπεμπτα.
1167 1608 1232 1660 Εί
1279 1611 1388 1680 γάρ
1425 1608 1586 1682 ἦσαν,
1647 1619 1798 1688 φησὶ,
1858 1619 1974 1673 θεό-

408 1709 653 1763 πεμπτα,
684 1695 1000 1762 ἐπέμποντο
1053 1699 1120 1750 ἂν
1153 1700 1337 1767 μόνοις
1384 1705 1500 1766 τοῖς
1533 1699 1701 1778 ἀρετῇ
1744 1709 1968 1775 συζῶσι,

406 1788 496 1840 καὶ
525 1787 658 1856 περὶ
686 1786 754 1839 τὰ
782 1786 904 1840 θεῖα
933 1789 1356 1858 ἀσχολουμένοις
1380 1810 1394 1826 ·
1445 1795 1584 1850 ἀλλὰ
1629 1799 1726 1851 νῦν
1778 1800 1868 1868 βλέ
1880 1819 1973 1854 πο-

411 1895 508 1946 μεν
534 1880 616 1930 ὅτι
665 1879 760 1932 καὶ
795 1879 992 1947 φαῦλοί
1047 1899 1190 1944 τινες
1232 1883 1513 1954 ἄνθρωποι
1567 1890 1663 1943 καὶ
1717 1893 1970 1960 ἀμαθεῖς,

411 1969 547 2036 μήτε
567 1969 726 2036 λόγον
755 1969 980 2035 ειδότες,
1014 1971 1152 2040 μήτε
1183 1973 1405 2044 ἀρετὴν,
1447 1976 1636 2046 ὁρῶσι.
1673 1980 1972 2050 Συμόαίνει

406 2061 514 2128 γὰρ
543 2062 638 2112 καὶ
659 2063 940 2124 τοιούτους
970 2064 1120 2126 τινὰς
1163 2066 1545 2138 εὐθυονείρους
1575 2071 1723 2125 εἶναι
1770 2073 1972 2142 μᾶλλον

404 2152 510 2204 τῶν
539 2153 790 2222 χρηστῶν
809 2152 898 2205 διὰ
915 2153 1014 2223 τὴν
1045 2154 1140 2208 τοῦ
1167 2156 1420 2226 σώματος
1439 2160 1760 2229 εὐκρασίαν.
1779 2163 1972 2230 Ἀσύγ-

403 2259 540 2312 χυτα
569 2243 673 2314 γὰρ
693 2235 840 2296 οὗτοι
866 2244 1130 2309 πολλάκις
1159 2249 1492 2316 φυλάττουσι
1518 2253 1588 2305 τὰ
1614 2253 1724 2306 τῶν
1755 2255 1974 2308 θεαθέν-

402 2349 510 2385 των
551 2332 744 2386 εἴδωλα
801 2333 895 2386 καὶ
925 2334 1238 2405 τυπώματα
1295 2337 1392 2390 τοῦ
1445 2342 1840 2408 φανταστικοῦ,
1897 2337 1974 2394 ὧν

403 2423 520 2476 ἔνια
546 2423 834 2493 ἀληθεύειν
876 2426 1186 2495 συμϐαίνει.
1228 2429 1592 2498 ’Λπαγορεύει
1623 2433 1724 2501 μὲν
1755 2432 1848 2485 οὖν
1876 2435 1972 2486 καὶ.

416 2516 796 2586 Ἀριστοτέλης
828 2517 922 2578 καὶ
965 2517 1152 2570 πολλοὶ
1188 2519 1294 2572 τῶν
1349 2519 1454 2583 ἔξω
1515 2520 1822 2590 φιλοσόφων
1853 2523 1970 2574 ἓτε-

409 2626 486 2678 ροι
549 2608 931 2678 θεοπέμπτους
994 2605 1138 2662 εἶναι
1208 2613 1336 2675 τοὺς
1409 2611 1678 2681 όνείρους’
1735 2609 1872 2666 εἶναι
1923 2615 1970 2666 δ’

404 2698 492 2754 οὖν
523 2703 648 2754 τινὰ
669 2701 834 2771 φύσιν
873 2703 1144 2770 δαιμόνων
1177 2704 1274 2772 τὴν
1305 2705 1414 2756 τῶν
1457 2705 1581 2757 καθ’
1607 2704 1810 2768 ὕπνους
1841 2723 1970 2774 φαι-

401 2793 644 2861 νομένων
698 2795 997 2864 κυριότητα
1053 2792 1306 2862 ἔχουσαν,
1359 2794 1519 2848 τοῦτο
1566 2795 1624 2848 δὲ
1662 2795 1968 2851 συντίθεται

405 2885 626 2956 ρᾳδέως.

402 3056 803 3126 ριίοειιηιῗῐιεσ
836 3072 866 3110 a
911 3056 1016 3112 fide
1047 3057 1286 3112 alienum
1340 3059 1528 3115 fuerit.
1580 3061 1722 3118 Ante
1776 3077 2039 3148 omnesc

401 3146 671 3202 Aristides
701 3157 889 3202 orator
923 3149 978 3202 in
1008 3165 1200 3204 eorum
1237 3166 1471 3206 numero
1505 3153 1803 3208 ascribitur
1838 3171 1852 3208 :
1887 3157 1969 3208 in-

401 3239 588 3294 dicant
639 3241 744 3295 hoc
773 3241 1177 3310 quodammodo
1206 3257 1374 3297 sacrae
1403 3243 1525 3313 ejus
1555 3244 1702 3299 hunc
1747 3245 1804 3299 in
1848 3261 1968 3302 mo-

401 3334 532 3387 dum
557 3334 832 3402 inscriptae
863 3335 1162 3390 orationes.

473 3425 766 3481 Institutio.
795 3427 920 3482 llaec
949 3431 1036 3481 via
1071 3443 1292 3484 accessu
1322 3427 1579 3484 difﬁcilis.

475 3519 694 3572 Audiat.
737 3519 830 3573 llia
864 3519 1106 3589 inquirat
1131 3529 1186 3576 et
1213 3520 1540 3590 investiget;
1565 3536 1630 3575 ea
1664 3521 1866 3592 quippe
1898 3523 1971 3576 si-

403 3607 572 3664 lentio
604 3613 995 3680 przetermittit,
1033 3627 1211 3682 neque
1245 3613 1452 3682 integra
1487 3613 1702 3668 recitat.

471 3699 658 3756 Semen
699 3705 948 3758 interius.
995 3704 1216 3758 lnsitam
1255 3705 1594 3775 intelligendi
1646 3707 1969 3776 potentiam.

473 3796 596 3852 Sua:
632 3799 861 3853 virtutis.
901 3799 1106 3854 lnsevit
1133 3817 1162 3854 ο
1190 3815 1310 3854 sua.

485 3888 728 3944 Virtutis.
763 3890 1048 3945 Potentiae.

477 3982 832 4036 Felicitatem.
863 3983 1316 4052 Quandoquidem
1349 3983 1600 4037 exoritur
1627 3998 1658 4036 a
1679 3981 1860 4038 nobis.

469 4073 618 4128 Inter
645 4075 1042 4128 somniandum.
1074 4075 1156 4128 Ab
1185 4075 1318 4143 ipsis
1347 4074 1576 4128 somnis.

465 4164 588 4220 Sua:
620 4167 830 4219 virtutis
880 4165 1080 4234 fructus
1123 4165 1434 4236 participem
1468 4167 1619 4236 facit.
1653 4165 1701 4220 Is
1746 4165 1967 4235 quidem

399 4259 600 4312 asserit
631 4257 842 4311 somnia
878 4271 906 4309 a
937 4255 1048 4310 Deo
1075 4256 1393 4324 procedere,
1423 4257 1748 4312 Aristoteles
1784 4266 1968 4312 autem

399 4352 477 4406 ait
505 4349 782 4406 insomnia
831 4365 942 4404 non
970 4363 1090 4404 esse
1125 4365 1154 4402 a
1183 4349 1294 4404 Deo
1324 4349 1485 4404 missa
1521 4366 1542 4402 :-
1569 4349 1624 4404 Si
1657 4349 1804 4403 enim
1833 4389 1850 4416 ,
1889 4350 1972 4403 in-

2078 503 2297 556 ἔλαττόν
2327 503 2530 554 ἑστιτὸ
2555 501 2846 570 τυγχάνειν
2907 498 3002 552 τοῦ
3057 498 3375 569 μανθάνειν,
3427 504 3491 556 ἐκ
3547 521 3644 555 πε-

2081 593 2325 662 ριουσίας
2374 592 2541 658 λέγει,
2595 591 2678 643 ὅτι
2731 591 2827 642 καὶ
2876 589 3038 641 πλέον
3071 589 3243 654 ἐστὶν,
3277 591 3362 641 ἵνα
3419 592 3520 643 κᾶν
3551 593 3644 645 τοῦ

2078 685 2194 738 [σου
2219 685 2379 756 τύχῃ.

2145 801 2476 869 Φαντασίᾳ.
2526 799 2612 852 Ἐν
2644 800 2825 862 ἄλλοις
2857 801 2956 870 μὲν
2983 803 3090 853 τῶν
3117 802 3338 870 βιϐλίων
3368 804 3643 872 γράφεται

2076 895 2255 965 ζωήν·
2285 897 2344 946 ὲν
2367 894 2548 956 ἄλλοις
2573 894 2628 946 δὲ
2657 894 2824 960 ζωῆς.
2858 893 3006 946 Ἔδει
3031 895 3141 964 γὰρ
3193 896 3482 967 ἀμφότερα
3537 901 3648 948 κεῖ-

2077 985 2239 1038 σθαιο
2295 983 2384 1034 διὰ
2414 983 2475 1034 τὸ
2525 983 2785 1050 φορτικὸν
2832 982 2889 1034 δὲ
2945 983 3230 1052 ὲσιωπήθη
3277 984 3336 1034 τὸ
3367 985 3446 1037 ἓν.
3489 983 3647 1036 Τὶοε-

2073 1092 2166 1127 ται
2230 1073 2288 1126 δὲ
2344 1074 2406 1124 τὸ
2444 1072 2502 1124 ἓν
2557 1072 2618 1134 ἐξ
2688 1071 3040 1140 ἀμφοτέρων,
3093 1066 3205 1124 οἷον
3257 1075 3320 1126 ἄν
3379 1093 3464 1136 τις
3517 1076 3644 1142 βού-

2075 1165 2255 1218 λοιτο·
2319 1163 2592 1233 λαμϐάνει
2641 1163 2697 1216 δὲ
2752 1161 2956 1224 ἔξωθεν
3001 1163 3094 1214 xui.
3137 1162 3197 1214 τὸ
3233 1164 3418 1234 ἕτερον
3467 1165 3642 1217 ἐλλει-

2075 1272 2307 1315 πτικως.

2145 1371 2298 1438 Πρὸς
2333 1371 2493 1434 τούς.
2525 1371 2658 1423 Οὐδὲ
2693 1371 2802 1422 τῶν
2863 1371 3164 1424 ἐλαττόνων
3227 1372 3414 1424 καλῶν
3463 1372 3645 1426 αὐτῶν

2073 1463 2372 1528 ἀξιοῦνται.

2146 1552 2500 1607 Γινώσκειν.
2534 1553 2743 1616 Αὐτοὺς
2776 1555 2900 1618 τοὺς
2925 1555 3372 1625 δοξοσοφοῦντας.

2161 1647 2650 1714 Ἀποκηρύκτοις.
2671 1649 3063 1714 Αἰγυπτιακῶν
3097 1650 3262 1704 θείων
3286 1651 3646 1721 προσταγμά-

2007 1760 2046 1812 Β
2075 1755 2180 1790 των
2189 1778 2202 1791 .

2143 1831 2226 1882 Οὐ
2257 1829 2508 1884 θυσιῶν.
2541 1827 2611 1881 Ἦ
2636 1827 2708 1890 ὡς
2734 1829 2794 1881 οὐ
2828 1832 3007 1898 χρεία.

2151 1922 2286 1976 Τάδ’
2317 1923 2646 2006 ἀθύρματα.
2673 1921 2907 1989 Παίγνια
2940 1923 3049 1992 γάρ
3083 1926 3210 1981 είσι.

2141 2015 2204 2066 Oi
2265 2011 2351 2066 δέ.
2400 2015 2462 2065 0i
2517 2012 2606 2064 διὰ
2678 2011 2881 2064 θυσιῶν
2948 2015 3042 2066 καὶ
3108 2017 3352 2086 ὲντόμων
3434 2038 3652 2092 προφη-

2065 2097 2346 2162 ίτεύοντες.

2145 2213 2370 2284 Τέχνας
2390 2215 2528 2284 μέν.
2557 2217 2776 2280 Ταύτας
2792 2218 2941 2286 λέγει
2967 2217 3032 2284 ἃς
3065 2223 3256 2292 μάγων
3287 2224 3482 2296 ῐυγγας
3501 2229 3644 2285 ἀνω-

2073 2309 2217 2374 τέρω
2272 2310 2504 2379 εἰρήκει,
2566 2309 2775 2380 μάγους
2821 2312 2922 2377 μὲν
2977 2313 3212 2378 καλέσας
3259 2317 3386 2381 τοὺς
3439 2323 3645 2386 ταύτας

2074 2399 2363 2464 ἀξιοῦντας
2416 2399 2790 2468 ἐργάζεσθαι·
2829 2404 3028 2472 ῐυγγας
3086 2405 3144 2459 δὲ
3199 2410 3298 2472 τὰς
3352 2412 3644 2482 διαφόρους

2073 2497 2292 2564 τέχνας,
2339 2497 2464 2550 ὅσαι
2525 2497 2823 2562 πολυειδῶς
2876 2500 2964 2553 διὰ
3013 2499 3214 2556 Θυσιῶν
3267 2507 3360 2558 καὶ
3400 2508 3644 2579 ὲντόμων

2074 2589 2305 2650 ἐκείνοις
2336 2587 2710 2644 ἐπετελοῦντο.

2147 2699 2212 2753 Τι’
2241 2691 2374 2755 οὖν.
2408 2701 2471 2752 Τί
2498 2699 2611 2766 οὖν,
2639 2705 2827 2772 φησιν,
2851 2705 3074 2770 ἄτοπον,
3100 2707 3183 2760 ὅτι
3217 2709 3379 2777 σοφὸς
3397 2709 3473 2763 ὢν
3497 2713 3525 2764 ὁ
3551 2729 3644 2764 σο-

2073 2792 2194 2859 φὸς,
2243 2795 2336 2845 καὶ
2373 2793 2536 2846 πλέον
2569 2796 2666 2848 καὶ
2696 2797 2956 2850 ἐπέκεινα
2988 2797 3224 2868 ὑπάρχει
3263 2801 3362 2870 τῆς
3395 2803 3642 2872 κοινότη-

2073 2899 2186 2949 τος,
2229 2885 2489 2938 καὶκατὰ
2519 2877 2706 2938 τοῦτον
2744 2887 2810 2940 ἂν
2835 2887 2928 2942 τὸν
2955 2891 3153 2960 τρόπον
3182 2893 3393 2960 γένοιτο
3434 2897 3594 2964 σοφός
3622 2913 3638 2960 ;

2073 3063 2198 3110 rent
2233 3055 2491 3127 istudque
2525 3060 2804 3113 communi
2847 3075 3122 3118 consensu
3169 3065 3329 3122 facile
3357 3071 3642 3124 statuitur.

2151 3148 2308 3203 Nam?
2337 3149 2662 3220 fructuosum
2709 3152 2945 3206 reddere.
2990 3153 3130 3210 Ante
3185 3158 3378 3214 oculos
3425 3171 3646 3217 nostros

2075 3242 2351 3309 subjicere
2381 3245 2560 3306 voles,
2593 3242 2738 3296 haud
2773 3244 2960 3300 minus
3005 3259 3128 3301 esse
3165 3250 3384 3320 assequi
3420 3261 3476 3306 et
3504 3253 3650 3308 obti-

2073 3350 2228 3398 nere,
2257 3350 2418 3404 quam
2447 3336 2678 3400 discere,
2715 3351 2782 3390 ex
2811 3337 3112 3394 abundanti
3161 3340 3296 3396 dicit
3337 3343 3457 3411 plus
3485 3359 3643 3413 esse;

2074 3434 2136 3479 ut
2165 3425 2220 3479 id
2250 3426 2398 3494 quod
2425 3435 2510 3480 est
2537 3427 2750 3496 aequale
2778 3439 3166 3498 consequatur.

2144 3515 2206 3569 In
2235 3511 2570 3587 phantastica
2609 3517 2740 3572 vita.
2772 3517 2830 3573 In
2856 3519 3180 3589 quibusdam
3212 3522 3644 3592 librisfscriptum

2034 3644 2044 3656 .
2073 3616 2159 3664 est
2185 3605 2352 3676 ζωὴν,
2381 3609 2588 3672 vitam;
2621 3611 2676 3662 in
2698 3609 2822 3666 aliis
2854 3610 3020 3681 ζωῆς,
3041 3612 3188 3668 vitai.
3214 3613 3474 3684 Oportuit
3497 3620 3644 3672 enim

2074 3709 2374 3771 utrumque
2405 3702 2689 3770 collocari,
2720 3704 2816 3758 sed
2841 3715 3067 3775 propter
3095 3707 3444 3764 insolentiam
3475 3727 3644 3767 unum

2071 3792 2338 3850 subtieuit
2381 3807 2397 3846 :
2441 3809 2634 3848 verum
2683 3796 2912 3864 ponitur
2947 3799 3182 3854 alterum
3226 3817 3296 3856 ex
3341 3803 3644 3869 ambobus,

2071 3885 2234 3954 quale
2259 3886 2382 3956 quis
2405 3886 2642 3940 voluerit
2665 3905 2680 3943 :
2703 3889 2872 3942 sumit
2891 3900 3074 3945 autem
3105 3893 3448 3950 extrinsecns
3480 3896 3644 3950 etiam

2071 3976 2303 4030 alterum
2338 3977 2605 4032 defective
3387 4045 3392 4050 .

2141 4069 2398 4122 Adversus
2435 4086 2540 4124 eos.
2573 4069 2674 4135 Qui
2699 4085 2878 4140 neque
2911 4071 3045 4141 ipsis
3075 4071 3380 4130 minoribus
3411 4077 3638 4146 praecla-

2070 4163 2148 4216 rls
2181 4161 2345 4216 rebus
2371 4160 2519 4232 digni
2551 4173 2867 4224 censentur.

2140 4251 2198 4307 Si
2223 4253 2300 4307 ita
2321 4252 2640 4323 intelligant.
2671 4254 2748 4310 llli
2779 4255 2881 4326 ipsi
2905 4257 2998 4327 qui
3023 4258 3280 4329 opinione
3314 4269 3471 4316 tenus
3513 4275 3641 4318 sunt

2074 4347 2367 4416 sapientes.

399 4442 542 4512 quit,
599 4459 630 4496 a
671 4443 784 4495 Deo
821 4441 946 4495 data
979 4449 1187 4504 essent,
1227 4441 1582 4495 mitterentur
1609 4441 1871 4495 duntaxat
1901 4443 1964 4495 ad
1999 4457 2046 4513 ι)
2143 4439 2274 4503 Qun:
2301 4441 2594 4509 repudiata:
2619 4451 2742 4493 sunt
2767 4443 2832 4495 ab
2858 4443 3106 4498 oraculis.
3140 4443 3333 4499 Divina
3364 4445 3646 4517 Egyptio-

399 4549 498 4590 eos
533 4534 628 4602 qui
678 4548 802 4586 cum
833 4533 1035 4586 virtute
1067 4539 1122 4584 et
1171 4531 1296 4584 vita:
1337 4531 1650 4601 integritate
1701 4547 1972 4586 commer-

402 4625 546 4678 cium
575 4623 803 4684 babent,
839 4633 895 4676 et
941 4621 1085 4675 circa
1132 4635 1220 4674 res
1259 4619 1474 4677 divinas
1505 4631 1868 4690 occupantur.
1903 4621 1973 4675 At

401 4731 548 4770 nunc
575 4715 843 4785 quosdam
868 4712 1122 4766 videmus
1147 4711 1486 4766 facinorosos
1511 4713 1762 4768 homines
1791 4723 1846 4767 et
1873 4713 1976 4766 im-

401 4809 630 4876 peritos,
661 4821 766 4860 nec
791 4805 1038 4860 doctrina
1065 4820 1168 4858 nec
1189 4803 1388 4858 virtute
1417 4805 1674 4874 praeditos
1699 4804 1972 4860 insomnia

401 4899 614 4954 videre.
644 4897 928 4966 Contingit
959 4895 1106 4949 enim
1145 4903 1206 4948 ut
1241 4895 1378 4950 tales
1409 4895 1556 4949 inter
1585 4896 1970 4950 somniandum

403 4989 652 5060 probatis
683 4990 814 5043 viris
848 4989 959 5043 sint
986 4987 1260 5042 feliciores
1289 4987 1360 5040 ob
1381 5001 1701 5056 prosperam
1725 4987 1974 5056 corporis

403 5081 776 5136 valetudinem
823 5087 878 5134 et
914 5079 1263 5149 temperiem.
1302 5077 1380 5132 Illi
1416 5077 1618 5148 quippe
1647 5077 1848 5132 crebro
1875 5077 1976 5131 mi-

405 5173 552 5228 nime
578 5171 807 5227 confusa
847 5185 1032 5226 rerum
1076 5171 1492 5225 observatarnm
1531 5179 1747 5236 spectra
1791 5177 1976 5224 custo-

405 5265 584 5330 diunt,
615 5273 669 5318 et
695 5262 1001 5332 phantasia;
1025 5261 1343 5327 simulacra,
1380 5262 1672 5328 evenitque
1705 5269 1973 5314 uteorum

405 5355 666 5409 nonnulla
687 5354 830 5408 seria
847 5369 1084 5422 veraque
1108 5353 1236 5406 sint.
1261 5351 1496 5406 Proinde
1516 5359 1680 5421 negat
1701 5350 1977 5405 Aristote-

405 5446 486 5500 les
511 5455 567 5500 et
593 5445 908 5510 complures
927 5445 1017 5498 alii
1040 5444 1250 5499 externi
1274 5460 1336 5498 ac
1361 5443 1648 5497 saeculares
1669 5441 1984 5524 philosophi

407 5553 435 5592 a
466 5553 726 5608 supremo
759 5538 984 5592 numine
1017 5538 1181 5591 missa
1228 5551 1348 5590 esse
1385 5533 1690 5598 insomnia;
1719 5548 1844 5588 esse
1876 5534 1980 5602 igi-

408 5641 496 5686 tur
544 5633 840 5702 quamdam
890 5630 1178 5700 geniorum
1238 5643 1302 5682 ac
1353 5628 1663 5682 dtemotmm
1721 5635 1976 5679 naturam

411 5723 712 5780 dominium
749 5723 1038 5779 habentem
1071 5737 1260 5778 eorum
1301 5737 1420 5789 qu:e
1459 5721 1512 5775 in
1545 5719 1772 5776 somniis
1811 5732 1978 5786 appa-

2077 4545 2198 4583 rum
2222 4531 2536 4599 praescripta
2569 4533 2768 4584 innuit.

2147 4620 2344 4673 Hostiis
2375 4637 2498 4673 non.
2530 4621 2686 4685 Quod
2717 4621 2974 4676 videlicet
3009 4626 3312 4678 commoda:
3349 4637 3462 4680 non
3505 4627 3641 4683 sint.

2144 4712 2389 4766 Lndicra.
2425 4713 2564 4766 Sunt
2587 4712 2734 4766 enim
2772 4713 3030 4767 ludibria.

2148 4803 2251 4869 Qui
2284 4805 2558 4857 nimirum.
2586 4804 2691 4858 Per
2711 4805 2967 4858 victimas
3022 4815 3078 4859 et
3101 4815 3225 4859 exta
3256 4807 3641 4865 vaticinantur.

2144 4897 2298 4948 Artes
2341 4896 2574 4962 quidem.
2627 4895 2732 4949 Eas
2768 4895 2922 4960 dicit,
2961 4911 3096 4964 quas
3132 4913 3418 4967 magorum
3465 4902 3650 4958 illece-

2077 4985 2206 5040 bras
2233 5003 2395 5054 supra
2437 4985 2776 5052 nuncupavit
2802 5026 2816 5050 ,
2854 5001 3039 5056 magos
3071 4989 3294 5056 quidem
3323 5007 3524 5048 vocans
3551 5009 3649 5049 eos

2076 5079 2170 5148 qui
2219 5093 2328 5131 non
2376 5087 2672 5145 gravantur
2705 5093 2803 5130 eos
2848 5077 3020 5132 illices
3045 5079 3112 5132 ad
3148 5095 3304 5134 usum
3339 5083 3648 5150 adhibere;

2079 5171 2266 5240 iyngas
2294 5183 2423 5222 vero
2454 5168 2588 5222 dicit
2621 5168 2801 5222 varias
2829 5177 2884 5221 (ιι
2909 5169 3154 5225 diversas
3183 5183 3350 5238 artes,
3385 5191 3650 5244 quaecun-

2078 5275 2186 5330 que
2215 5257 2504 5327 multiplici
2539 5259 2735 5322 forma,
2769 5273 2866 5326 per
2893 5259 3144 5314 victimas
3187 5271 3242 5316 et
3267 5276 3520 5320 extorum
3567 5267 3652 5321 in-

2079 5349 2341 5406 cisionem
2369 5351 2436 5403 ab
2471 5349 2578 5402 illis
2615 5350 3061 5418 perficiebantur.

2153 5441 2294 5506 Quid
2330 5441 2514 5508 igitur.
2560 5439 2701 5506 Quid
2741 5455 2892 5508 ergo,
2944 5443 3144 5512 inquit,
3189 5443 3490 5502 absurdum
3527 5458 3648 5512 est,

2081 5533 2228 5603 quod
2261 5533 2502 5602 sapiens,
2541 5543 2812 5602 quatenus
2835 5545 2920 5588 est
2945 5536 3184 5605 sapiens,
3215 5539 3380 5594 etiam
3413 5539 3650 5606 amplius

2081 5627 2256 5690 ferat;
2289 5635 2346 5679 et
2379 5626 2520 5679 ultra
2565 5626 3014 5680 communitatem
3051 5629 3450 5700 progrediatur,
3481 5637 3651 5698 atque

2083 5715 2231 5770 hunc
2267 5715 2320 5768 in
2353 5717 2576 5770 modum
2609 5717 2702 5774 liat
2730 5717 2988 5786 sapiens?
