4060 6204
382 268 498 332 561'

447 386 746 452 Δὶανέμει.
802 381 1038 450 Ὁμοίως
1070 380 1260 452 ὥσπερ
1311 384 1405 435 ἐπὶ
1435 382 1530 435 τοῦ
1555 381 1948 451 είσπνεομένου

377 480 436 532 ἐν
473 477 552 546 τῷ
581 474 732 544 αὐλῷ
765 475 946 546 ἀέρος.
987 475 1286 544 Μονοειδὴς
1326 474 1432 543 γὰρ
1464 473 1562 538 ῶν,
1601 472 1942 526 ποικίλλεται

374 570 463 624 διὰ
489 569 602 623 τῶν
633 569 764 639 περὶ
787 567 881 620 τὸν
901 567 1065 620 αὑλδν
1093 567 1474 638 τρυπημὰτων
1519 565 1702 630 ἐξιὼν,
1756 564 1944 629 ὀξύτε-

379 679 470 730 ρος
501 659 878 730 γινόμενος,ἦ
919 658 1245 730 βαρύτερος,
1294 660 1328 730 ἢ
1367 660 1556 730 μέσος,
1609 659 1638 730 ἢ
1675 659 1944 728 ἐμμελὴς,

375 754 407 820 ἢ
442 753 708 822 ἐκμελής.

449 845 562 900 Kal
591 841 722 898 οἶόν
752 846 932 900 εἰσιν,
971 845 1107 916 Περὶ
1151 843 1382 914 κέντρου
1439 844 1532 898 καὶ
1579 843 1808 896 εὐθειῶν
1860 841 1944 894 λέ-

381 958 514 1006 γων,
545 938 778 1006 δυνάμει
825 937 1074 1008 ἐμνήσθη
1148 937 1264 1006 ἅμα
1323 936 1417 988 καὶ
1463 935 1666 988 κύκλου
1708 936 1740 1004 ἢ
1789 934 1949 1004 σφαί-

384 1047 504 1098 ρας.
547 1027 840 1080 ’Δδύνατον
869 1028 978 1096 γὰρ
1008 1027 1234 1098 κέντρον
1275 1025 1633 1094 ἐπινοηθῆναι
1689 1025 1815 1094 δίχα
1847 1025 1947 1077 κύ-

380 1121 508 1172 κλου
552 1119 586 1188 ἢ
619 1119 880 1190 σφαίρας,
916 1117 1108 1186 ὥσπερ
1173 1117 1296 1170 οὐδὲ
1343 1117 1564 1181 κύκλον,
1619 1117 1652 1188 ἦ
1714 1119 1948 1188 σφαῖραν

377 1215 506 1266 ἄνευ
539 1211 794 1280 κέντρου.
831 1211 1002 1264 Φασὶν
1032 1206 1128 1262 οὖν
1157 1211 1206 1262 ol
1229 1211 1630 1280 γεωμετρικοὶ,
1662 1210 1800 1279 ὅροι,
1864 1209 1948 1263 ὅτι

380 1301 576 1365 κύκλος
634 1302 758 1354 ἐστὶ
799 1302 990 1371 σχῆμα
1045 1301 1308 1354 ἐπίπεδον
1358 1301 1464 1354 ὑπὸ
1514 1303 1642 1372 μιᾶς
1674 1302 1948 1372 γραμμῆς

377 1391 801 1464 περιεχόμενον,
835 1391 870 1462 ἢ
901 1391 1156 1444 καλεῖται
1183 1393 1540 1462 περιφέρεια,
1597 1391 1733 1462 πρὸς
1773 1393 1840 1460 ἥν
1889 1393 1946 1444 αί

379 1491 486 1542 ἀπο
513 1489 608 1540 τοῦ
637 1489 867 1558 κέντρου
907 1487 1358 1556 προσπίπτουσαι
1388 1487 1594 1540 εὐθεῖαι
1627 1487 1740 1540 ἴσαι
1779 1487 1948 1553 ἀλλή-

379 1581 498 1642 λαις
521 1581 656 1634 είσί.
683 1581 912 1650 Κέντρῳ
933 1576 1028 1634 οὖν
1053 1579 1288 1632 ἐνταῦθα
1327 1581 1424 1632 καὶ
1461 1581 1588 1654 ῥίζῃ
1614 1578 1948 1648 παρεικάζει

381 1673 476 1740 τὴν
504 1670 810 1740 φαντασίαν
835 1684 850 1698 ·
879 1673 1064 1725 εύθέσι
1093 1672 1150 1725 δὲ
1183 1673 1398 1734 κλάδοις
1447 1673 1545 1734 τὰς
1598 1673 1810 1726 ἐκεῖθεν
1851 1672 1948 1724 ὲκ-

379 1761 718 1832 senapin;
755 1765 1020 1832 δυνάμεις
1059 1763 1229 1832 αὐτῆς
1273 1766 1404 1846 ἄχρι
1463 1764 1572 1818 τῶν
1631 1763 1946 1834 ὀργανικῶν

379 1853 780 1924 αἰσθητηρίων,
822 1854 1020 1925 ὅψεως,
1079 1855 1246 1924 λέγω,
1297 1856 1390 1908 καὶ
1432 1855 1628 1924 ἀκοῆς,
1684 1856 1781 1908 καὶ
1837 1855 1945 1906 τῶν

377 1943 551 1997 ἄλλων
581 1941 776 2015 τριῶν,
804 1945 871 2008 ἃς
906 1946 972 2018 δὴ
999 1947 1180 2010 πάσας
1225 1947 1356 2016 μίαν
1389 1949 1490 2017 μέν
1547 1963 1680 2016 φησι
1713 1947 1855 2000 κατά
1882 1963 1944 1998 τε

379 2033 438 2084 τὸ
472 2033 702 2103 κέντρον
732 2035 828 2088 καὶ
850 2037 950 2106 τὴν
975 2037 1132 2107 ῥίζαν
1154 2037 1545 2108 θεωρουμένας
1569 2055 1584 2068 ·
1639 2037 1841 2101 πολλὰς
1889 2038 1946 2092 δὲ

381 2125 519 2178 κατᾶ
543 2126 642 2196 τὴν
669 2128 883 2181 ἐκεῖθεν
917 2131 1146 2200 πρόοδον
1182 2131 1278 2184 καὶ
1302 2129 1635 2196 ὲξάπλωσιν.
1662 2130 1775 2200 Τὴν
1817 2131 1946 2201 μέν-

379 2235 462 2270 τοι
494 2220 804 2286 φαντασίαν
835 2220 983 2289 λέγει
1019 2223 1208 2291 κοινὴν
1251 2223 1534 2294 αἴσθησιν,
1596 2223 1690 2276 καὶ
1742 2223 1947 2292 κυρίως

381 2311 636 2378 αἴσθησιν
673 2313 770 2364 καὶ
801 2313 1114 2384 θειοτέραν.
1154 2315 1249 2368 ἆτε
1282 2315 1504 2384 ἁμέσως
1551 2317 1854 2386 ὁμιλοῦσαν
1877 2318 1942 2387 τῇ

379 2403 540 2472 νοερᾷ
577 2401 726 2473 ψυχῇ
753 2420 766 2433 ·
795 2401 1189 2474 ξωωδεστάτην
1219 2405 1276 2459 δὲ
1329 2407 1422 2460 καὶ
1480 2407 1796 2478 παχυτέραν
1849 2409 1944 2462 καὶ

379 2497 838 2568 καταχρηστικῶς
870 2497 1284 2570 ὀνομαζομένην
1329 2501 1588 2572 αἴσθησιν
1637 2501 1737 2574 τὴν
1787 2505 1944 2574 ἐνερ-

383 2589 578 2654 γοῦσαν
607 2590 700 2643 διὰ
741 2592 853 2646 τῶν
897 2592 1366 2663 προϐεϐλημένων
1417 2596 1510 2647 καὶ
1537 2597 1941 2664 προκειμένων,

383 2683 472 2733 καὶ
501 2683 850 2752 φαινομένων
881 2683 1283 2754 αἰσθητηρίων,
1304 2683 1626 2756 ὀφθαλμῶν,
1661 2685 1830 2758 φημὶ,
1851 2689 1946 2739 καὶ

381 2771 576 2837 ὠτίων,
603 2773 694 2825 καὶ
720 2773 888 2843 ῥινὸς,
921 2775 1016 2827 καὶ
1049 2773 1156 2827 τῶν
1176 2773 1327 2843 ἑξῆς.

449 2863 875 2932 Ζωωδεστάτη.
909 2865 1007 2919 Διὰ
1027 2867 1124 2934 τῆς
1156 2865 1508 2936 ὑπερθέσεως
1541 2866 1810 2936 ἐδήλωσεν
1864 2867 1946 2919 ὃτι

383 2954 692 3025 παχυτέρα.

1293 269 1618 330 SCllOLlA
1657 269 1734 328 iN
1776 269 2167 330 SYNESIUM
2211 269 2771 330 DE'lNSOMNllS.’

2460 428 3243 1215 ἓξ

2123 1293 2441 1362 Λῑσθησις.
2473 1295 2938 1363 Παχύνεταιγάρ,
2963 1294 3046 1355 εἰς
3073 1294 3134 1348 τὸ
3182 1293 3355 1366 πάχος
3403 1295 3514 1349 τῶν
3563 1298 3622 1351 ιν

2051 1386 2266 1454 γενέσει
2297 1391 2392 1441 καὶ
2433 1387 2614 1458 φθορᾷ
2644 1387 2993 1456 πραγμάτων
3011 1387 3292 1457 χωροῦσα.
3343 1379 3346 1382 ’
3391 1377 3422 1383 ”

2131 1479 2500 1551 ’Πξθειοτέρα
2513 1481 2614 1532 Ἢν
2630 1482 3000 1549 φανταστικὸν
3020 1482 3235 1546 πνεῦμα
3257 1481 3384 1549 κυρέ
3387 1499 3462 1544 ως
3477 1474 3596 1534 εἷπε
3609 1523 3621 1536 .

2134 1571 2195 1625 Ἠ
2221 1571 2473 1640 ἂμεσος.
2513 1571 2615 1626 Ἢν
2642 1573 2906 1641 ἀνωτέρω
2933 1571 3162 1642 πρώτην
3191 1567 3334 1639 εἷπε,
3365 1571 3460 1626 νῦν
3487 1574 3628 1644 ἄμεη

2055 1683 2144 1729 σος
2172 1666 2394 1732 λέγεται
2421 1665 2722 1732 φαντασία.

1987 1739 2026 1792 Β
2124 1757 2489 1826 Σωματικάς.
2522 1757 2594 1811 “ll
2623 1757 2700 1820 ὡς
2735 1757 2806 1809 τὰ
2839 1755 3192 1824 αἰσθητήρια.

2132 1848 2477 1918 Τεθεάμεθα.
2513 1849 2619 1902 Καὶ
2643 1848 2680 1902 ἃ.
2705 1847 3028 1920 ἀκηκόαμεν
3059 1846 3322 1917 δηλονότι.

2135 1939 2202 1991 ⁸0
2231 1937 2300 1992 δὲ
2333 1938 2640 2006 ψεύδεται.
2675 1937 2776 1990 Διὰ
2807 1936 2934 2008 τρία
2960 1935 3156 2002 ταῦτα,
3177 1937 3340 2006 φησὶ,
3371 1936 3627 2006 ψεύδεται

2055 2031 2083 2082 ὁ
2108 2029 2406 2099 ὀφθαλμὸς,
2434 2030 2650 2100 πρῶτον
2688 2030 2779 2084 διὰ
2807 2029 2908 2100 τὴν
2939 2029 3105 2098 φύσιν
3155 2029 3266 2082 τῶν
3300 2030 3622 2100 ὁρωμένων,

2053 2120 2242 2188 ῶσπερ
2269 2121 2328 2172 τὸ
2375 2120 2582 2184 ταῶνος
2643 2121 2842 2190 πτερὸν
2903 2123 3046 2174 κατὰ
3091 2121 3190 2190 τὴν
3257 2121 3420 2174 ποιὰν
3477 2121 3640 2175 θέσιν.

2052 2209 2288 2280 διάφορα
2312 2208 2552 2264 δεικνύει
2581 2210 2652 2262 τὰ
2691 2208 2992 2280 χρώματαο
3029 2210 3282 2278 δεύτερον
3305 2210 3386 2272 δὲ.
3419 2210 3510 2264 διὰ
3535 2211 3630 2263 τὸν

2054 2305 2192 2372 ἀέρα
2219 2303 2398 2356 καὶτὸ
2428 2302 2598 2373 ὕδωρ,
2634 2306 2732 2357 καὶ
2757 2303 2818 2354 τὸ
2847 2304 3148 2372 διάστημα.
3175 2305 3285 2356 Καὶ
3314 2304 3422 2374 γὰρ
3469 2305 3499 2356 ὁ
3529 2303 3629 2371 μὲν

2053 2396 2162 2464 ἀὴρ
2185 2395 2314 2448 ποτὲ
2341 2395 2444 2464 μὲν
2480 2395 2648 2464 ὑγρὸς
2674 2397 2768 2448 καὶ
2801 2395 3008 2466 παχὺς,
3041 2396 3172 2447 ποτὲ
3205 2395 3268 2448 δὲ
3319 2395 3480 2465 ξηρὸς
3533 2401 3628 2449 καὶ

2053 2485 2285 2550 λεπτόςο
2327 2485 2505 2539 καὶτὸ
2556 2485 2836 2555 διάστημα
2891 2489 2986 2538 τού
3046 2483 3326 2554 δρωμένου
3361 2487 3490 2537 ποτὲ
3530 2484 3630 2553 μὲν

2055 2575 2250 2644 βραχὺ,
2276 2574 2405 2627 ποτὲ
2432 2574 2489 2627 δὲ
2521 2575 2658 2628 πολύ
2685 2589 2700 2604 ⁸
2748 2573 2842 2628 καὶ
2895 2573 3098 2642 τρίτον,
3148 2575 3238 2628 διὰ
3286 2576 3386 2643 τὴν
3431 2573 3629 2628 ἑαυτοῦ

2054 2665 2380 2736 ἀδυναμίαν.

2133 2757 2422 2810 Ψεύδεται
2475 2757 2596 2810 καί.
2657 2755 2771 2808 Καὶ
2827 2753 2932 2824 γὰρ
2993 2755 3086 2808 καὶ
3157 2755 3339 2818 αύτδς,
3375 2755 3561 2824 φησιν,
3597 2756 3628 2809 ὁ

2053 2849 2332 2918 ὀφθαλμὸς
2361 2847 2640 2916 ψεύδεται.

2125 2939 2235 2994 Καὶ
2259 2939 2336 2994 δι’
2355 2933 2464 2995 ὧν.
2493 2942 2564 2994 Ἥ
2588 2940 2664 3004 ὠς
2682 2940 2776 2994 τοῦ
2805 2941 2963 3012 ἀέρος
2987 2941 3084 2993 καὶ
3111 2939 3206 2994 τοῦ
3232 2939 3628 3008 διαστήματος.

449 3111 754 3182 Dispensat.
785 3113 1158 3169 Consimiliter
1197 3124 1363 3184 atque
1399 3114 1454 3166 iu
1489 3121 1720 3168 attracto
1754 3131 1851 3184 per
1887 3115 1950 3168 ti-

2059 3101 2346 3173 rentiaque
2397 3101 2672 3158 sentiendi
2713 3117 2936 3170 organa,
2971 3101 3256 3156 oculorqu
3296 3101 3444 3165 dico,
3483 3100 3634 3156 auri-

381 3203 578 3257 stulam
605 3219 770 3271 aere;
811 3204 1102 3260 uniformis
1129 3205 1274 3260 enim
1308 3221 1434 3260 cum
1463 3205 1554 3271 sit,
1589 3207 1830 3260 variatur
1857 3224 1954 3277 per

385 3295 530 3350 tibia:
569 3296 840 3352 foramina
887 3297 1099 3362 exiens,
1149 3298 1364 3353 acutior
1411 3297 1661 3362 eﬂectus,
1695 3308 1790 3353 aut
1825 3315 1954 3368 gra-

383 3389 520 3452 vior,
570 3401 664 3443 aut
711 3390 1095 3460 intermedius,
1135 3391 1218 3448 vel
1253 3407 1590 3456 consonans.
1631 3392 1720 3446 vel
1763 3392 1954 3448 incon-

385 3495 594 3535 anuus.

449 3657 524 3710 Ac
553 3669 676 3711 sunt
709 3659 892 3714 ueluti.
924 3659 998 3716 De
1039 3671 1232 3717 centro
1279 3678 1342 3718 ac
1398 3663 1564 3718 rectis
1593 3663 1758 3718 lineis
1787 3665 1953 3720 verba

387 3750 612 3817 iaciens,
645 3751 852 3806 virtute
881 3763 938 3808 et
971 3763 1242 3822 potestate
1269 3754 1434 3809 simul
1467 3755 1800 3812 mentionem
1829 3757 1955 3810 fecit

384 3843 576 3896 circuli
604 3851 701 3898 aut
745 3844 945 3914 globi:
989 3845 1263 3914 siquidem
1323 3847 1440 3904 fieri
1493 3865 1600 3904 non
1667 3861 1848 3920 potest
1897 3861 1955 3906 ut

381 3945 631 3990 centrum
664 3937 1048 3993 consideretur
1067 3947 1124 3994 et
1146 3940 1490 4010 excogitetur
1515 3942 1632 3996 sine
1661 3943 1871 3998 circulo
1899 3955 1954 3998 et

381 4027 614 4096 Spbanra,
655 4029 1117 4100 quemadmodum
1164 4031 1402 4086 circulus
1434 4043 1530 4088 aut
1577 4035 1788 4101 sphaera
1835 4035 1955 4092 sine

383 4129 594 4172 rcntro.
626 4121 894 4175 Asserunt
921 4121 1107 4192 .igitur
1147 4123 1494 4193 geometricas
1543 4124 1898 4183 deﬁnitiones
1933 4170 1948 4192 ,

384 4212 649 4265 circulum
679 4227 798 4268 esse
851 4213 1081 4284 ﬁguram
1123 4218 1338 4286 planam
1370 4227 1427 4272 et
1457 4217 1620 4272 latam
1653 4220 1756 4274 sub
1787 4220 1949 4278 unica

385 4300 524 4356 l'mea
554 4303 964 4372 circumactam,
1015 4321 1139 4375 quae
1183 4316 1414 4361 vocatur
1457 4307 1904 4366 circumferentia
1933 4355 1946 4378 ,

2057 3193 2327 3262 enlarum,
2359 3195 2574 3250 narium
2607 3207 2672 3249 ac
2699 3195 3058 3263 reliquorum.
3287 3249 3296 3256 ,

2127 3285 2354 3340 .‘llaxime
2406 3296 2479 3338 est
2514 3284 2787 3340 animalis.
2827 3283 3076 3340 Ostendit
3109 3301 3204 3354 per
3229 3285 3628 3354 superlativum

2057 3376 2284 3448 gradum
2324 3377 2772 3450 imaginationem
2809 3375 3139 3432 crassiorem
3182 3392 3247 3432 ac
3283 3377 3628 3448 pinguiorem

2055 3485 2177 3526 esse
2185 3510 2198 3523 .

2128 3561 2352 3618 Sensus.
2387 3559 2522 3616 Nam
2559 3577 2734 3632 usque
2763 3561 2830 3616 ad
2856 3559 3280 3618 crassitudinem
3316 3575 3379 3616 ac
3404 3561 3634 3630 pingue-

2060 3656 2245 3710 dinem
2275 3655 2579 3726 saginatur,
2627 3664 2684 3710 et
2731 3653 2814 3710 sic
2867 3668 3040 3722 capax
3068 3662 3153 3708 est
3187 3668 3370 3710 rerum
3415 3669 3536 3722 qua:
3574 3655 3631 3709 in

2057 3747 2410 3816 generatione
2435 3755 2492 3801 et
2515 3745 2870 3813 corruptione
2893 3745 3339 3800 considerantur.

2133 3837 2390 3916 Divinioor.
2420 3837 2592 3904 Quem
2649 3837 2872 3908 proprie
2915 3838 3177 3908 spiritum
3206 3838 3622 3906 phantasticum

2059 3930 2219 3986 dixit.

2128 4023 2474 4078 Immediams
2505 4039 2708 4077 sensus.
2735 4021 2908 4090 Quem
2955 4039 3130 4094 supra:
3159 4025 3398 4094 primum
3447 4026 3588 4082 dixit
3614 4041 3634 4084 ς

2057 4131 2204 4170 nunc
2237 4113 2586 4169 immediatus
2615 4130 2812 4170 sensus
2841 4115 3048 4170 dicitur
3077 4117 3420 4190 imaginatio.

2129 4210 2282 4276 Quod
2313 4211 2358 4264 si
2384 4225 2564 4264 sensus
2591 4225 2889 4281 corporeet.
2923 4210 3038 4268 lloc
3070 4224 3198 4280 est,
3227 4217 3500 4274 sentiendi
3539 4233 3634 4274 or-

2057 4321 2216 4377 gana.

385 4394 449 4444 ad
478 4409 640 4462 quam
670 4409 790 4464 qua:
820 4411 852 4449 a
877 4405 1073 4451 centro
1101 4399 1382 4452 ducuntur
1411 4399 1569 4454 linem
1596 4412 1780 4468 recue,
1812 4404 1954 4458 inter
1988 4428 2034 4482 ι)
2140 4397 2401 4454 Vidimus.
2435 4399 2697 4458 Videlicet
2735 4413 2791 4460 et
2817 4419 2942 4474 qna:
2967 4404 3300 4460 audivimus.

384 4501 444 4539 se
461 4495 590 4539 sunt
612 4489 868 4555 mquales.
894 4489 1130 4544 Proinde
1152 4491 1256 4545 hoc
1279 4491 1469 4546 inloco
1489 4492 1828 4562 phantasiam
1853 4510 1950 4550 seu

384 4577 826 4646 imaginationem
860 4591 1050 4635 centro
1081 4589 1245 4650 atque
1273 4583 1444 4638 radici
1478 4583 1764 4650 assimilat,
1791 4587 1956 4642 rectis

381 4679 582 4722 autem.
605 4671 774 4725 ramis
818 4682 874 4726 et
925 4671 1088 4727 lineis
1116 4675 1350 4729 emissas
1392 4682 1448 4730 et
1493 4687 1758 4731 exeuntes
1805 4679 1954 4732 illinc

385 4763 558 4831 ipsius
593 4767 760 4830 vires,
791 4783 962 4836 usque
987 4769 1052 4822 ad
1091 4785 1286 4826 sensus
1315 4771 1630 4841 organicos,
1668 4771 1841 4839 visus,
1875 4773 1956 4826 iu-

383 4869 570 4920 quam,
599 4857 839 4922 auditus,
863 4865 918 4912 et
946 4859 1178 4914 aliorum
1211 4860 1402 4927 trium,
1428 4877 1567 4931 quos
1591 4862 1814 4932 quidem
1842 4879 1958 4917 om-

383 4965 484 5003 nes
525 4967 690 5004 unam
717 4951 966 5020 profecto
1003 4953 1140 5008 dicit
1187 4954 1254 5008 ad
1305 4963 1556 5010 centrum
1606 4957 1960 5026 radicumque

386 5054 634 5108 spectare
665 5059 678 5093 :
709 5044 912 5098 multas
943 5059 1074 5098 vero
1106 5054 1372 5114 quantum
1401 5047 1466 5100 ad
1513 5063 1856 5118 progressam
1893 5049 1960 5103 il-

385 5135 496 5188 linc
521 5135 986 5204 explanationem.
1024 5137 1190 5206 Atqui
1239 5137 1684 5207 imaginationem
1740 5155 1960 5194 sensum

387 5237 546 5281 vocat
573 5243 944 5291 communem,
971 5237 1026 5282 et
1056 5227 1275 5298 proprie
1297 5227 1539 5284 divinius
1567 5229 1844 5285 sentiendi
1874 5247 1963 5284 or-

391 5335 614 5388 ganum,
653 5321 914 5374 nimirum
954 5320 1268 5376 inuncdiatc
1297 5331 1607 5377 versantem
1643 5337 1768 5376 cum
1794 5322 1962 5376 animi

395 5421 548 5480 parte
585 5429 706 5481 quat
739 5413 1118 5483 intelligentia:
1148 5425 1204 5468 ct
1237 5415 1464 5469 rationis
1493 5429 1662 5486 capax
1706 5424 1792 5470 est
1826 5431 1840 5468 :
1868 5417 1962 5470 sed

395 5505 630 5561 maxime
662 5507 976 5570 animalem,
1013 5507 1336 5572 belluiuam,
1376 5509 1700 5561 crassiorem
1723 5546 1738 5572 ,
1765 5522 1966 5576 corpu-

392 5598 705 5660 lentiorcm,
741 5609 796 5652 et
823 5599 1051 5653 abusive
1075 5599 1411 5654 nominatam
1444 5615 1664 5653 sensum
1695 5597 1965 5653 cllicicndi

399 5691 449 5745 vi
493 5693 804 5759 pra'ditum,
841 5705 1062 5762 propter
1095 5694 1344 5762 opposita
1372 5703 1424 5748 et
1458 5699 1772 5760 exporrecta
1805 5707 1966 5757 appa-

2129 4487 2354 4560 Decipit.
2386 4489 2620 4560 Propter
2653 4493 2758 4550 ista
2809 4496 2936 4560 tria,
2964 4495 3060 4560 ait,
3105 4496 3369 4549 mentitur
3398 4495 3592 4548 oculus
3617 4533 3634 4557 ,

2057 4579 2112 4634 in
2149 4582 2344 4650 primis
2393 4583 2464 4638 ob
2515 4593 2767 4638 naturam
2801 4602 2997 4640 eorum
3039 4603 3162 4656 qua:
3207 4587 3310 4640 sub
3351 4595 3634 4654 aspectum

2058 4673 2286 4740 cadunt,
2318 4675 2786 4742 quemadmodum
2819 4679 3054 4748 pavonis
3107 4695 3286 4748 penna
3339 4694 3437 4747 pro
3483 4685 3638 4732 certo

2059 4765 2296 4834 quodam
2344 4766 2450 4820 situ
2493 4767 2806 4828 distinctos
2856 4771 3100 4825 ostendit
3148 4772 3384 4826 colores.
3431 4770 3638 4824 Deinde

2061 4867 2283 4928 prepter
2313 4873 2499 4913 aerem
2550 4870 2607 4914 ct
2635 4877 2835 4930 aquam
2865 4902 2880 4924 ,
2920 4871 2976 4916 et
3009 4863 3398 4926 intervallum;
3431 4861 3636 4917 etenim

2061 4967 2154 5006 aer
2177 4951 2401 5021 quidem
2433 4951 2710 5008 interdum
2744 4953 3005 5008 humidus
3037 4963 3122 5008 est
3163 4964 3219 5006 ct
3261 4970 3496 5013 crassus.
3533 4955 3638 5009 ali-

2061 5042 2279 5112 quoties
2305 5057 2435 5098 vero
2465 5045 2644 5100 siccus
2666 5061 2728 5100 ac
2755 5045 2954 5099 tenuis.
2989 5045 3056 5099 Et
3083 5046 3324 5114 spatium
3347 5044 3468 5115 ejus
3485 5049 3634 5114 quod

2065 5135 2167 5190 sub
2197 5147 2478 5206 aspectum
2507 5137 2655 5192 cadit
2687 5153 3081 5208 nonnunquam
3115 5147 3202 5192 est
3229 5137 3485 5206 exiguum
3506 5178 3521 5200 ,
3553 5139 3640 5193 iu-

2067 5229 2281 5282 tcrdum
2321 5245 2451 5284 vero
2480 5231 2746 5298 amplum.
2785 5229 2974 5286 Tertio
3003 5241 3230 5302 propter
3268 5246 3422 5286 suam
3457 5229 3638 5302 impo-

2068 5321 2313 5376 tentiam.

2141 5415 2362 5484 Decipit.
2403 5415 2641 5480 Etenim,
2673 5415 2768 5484 ait,
2803 5416 3033 5486 ipscmet
3062 5417 3256 5473 oculus
3301 5416 3459 5482 iallit,
3489 5429 3645 5471 meu-

2073 5508 2203 5561 titur
2240 5523 2302 5562 ac
2337 5509 2559 5578 decipit.

2145 5599 2209 5651 Ιιέ
2247 5619 2336 5668 per
2368 5619 2485 5670 qua:
2521 5614 2830 5658 cernuntur.
2871 5603 3094 5660 Scilicet
3127 5621 3220 5674 per
3250 5618 3430 5659 aerem
3463 5609 3520 5658 et
3549 5601 3642 5658 in-

2075 5693 2367 5756 teriectum
2405 5696 2658 5750 sontium.
