4060 6204
493 300 598 362 583
1706 309 2061 369 NICEP‘IOI

2167 312 2551 372 GREUORAZ
3630 313 3731 376 59‘

570 415 642 467 Τὸ
673 420 1111 484 φανταστικόν.
1155 422 1254 474 Διά
1276 422 1384 492 γὰρ
1438 424 1743 494 μοχθηρίαν
1806 427 2057 496 προαιρέ-
2095 434 2141 488 Α
2243 431 2688 496 Καθίιιρόμενον
2767 428 2867 484 διὰ
2936 428 3210 483 τελετῶν.
3279 430 3457 499 Ὅπερ
3546 430 3727 484 καθαί-

491 522 629 570 σεως
650 510 878 577 κατάγει
908 512 1004 582 τὴν
1037 512 1215 585 ψυχὴν
1240 516 1319 578 εἰς
1342 516 1438 584 τὴν
1481 517 1615 585 ὕλην
1665 520 1693 571 ὁ
1748 519 2052 588 ἄνθρωπος,

491 601 791 656 κάντεῦθεν
842 608 1256 674 παρασκευάζει
1308 613 1484 662 νοσεῖν
1556 611 1619 663 τὸ
1665 614 2057 680 φανταστικὸν,

489 692 680 765 ὥσπερ
711 698 846 763 φασὶ
877 698 1194 768 συμϐαίνειν
1250 701 1391 770 μετὰ
1414 707 1514 772 τὴν
1543 704 1748 773 τροφὴν
1784 706 1898 764 τοῖς
1930 706 2060 755 πολ-

490 784 623 849 λοῖς,
666 789 762 840 καὶ
794 787 1028 856 μάλιστα
1050 794 1166 855 τοῖς
1197 795 1450 856 παιδίοις.
1486 795 1660 862 Πολλὴ
1703 796 1813 865 γὰρ
1868 797 1901 864 ὴ
1953 797 2060 850 ἀπὸ

490 879 588 944 τῆς
620 882 829 949 τροφῆς
858 881 1245 950 ἀναθυμίασις,
1293 888 1385 938 καὶ
1440 888 1471 955 ἡ
1519 884 1731 956 κίνησις
1784 903 2057 956 συγκεχυ-

492 968 630 1036 μένη
659 987 715 1021 τε
746 971 840 1023 καὶ
872 970 1184 1042 ἀνώμαλος,
1209 978 1299 1029 καὶ
1333 976 1735 1045 δυσδιάκριτος,
1768 974 1849 1039 οἷς
1875 975 1941 1045 δὴ
1967 979 2062 1030 καὶ

491 1057 831 1125 ῆπαντελῶς
856 1064 916 1116 οὐ
939 1064 1185 1132 γίνονται
1235 1068 1484 1131 ἐνύπνια,
1540 1070 1572 1138 ἥ
1608 1069 1847 1137 γίνονται
1900 1070 2061 1123 ἄνισα

489 1155 584 1205 καὶ
612 1154 843 1222 ἀνόμοια
872 1158 968 1209 καὶ
1001 1158 1367 1212 δυσείκαστα⁹
1424 1156 1538 1214 οἷον
1586 1161 1798 1227 γίνεται
1833 1160 1936 1214 κάν
1983 1160 2061 1228 τῷ

491 1241 668 1299 ὕδατι.
709 1246 1077 1316 Ἤρεμοῦντος
1094 1252 1204 1320 γὰρ
1235 1252 1331 1304 καὶ
1370 1251 1615 1321 καθαροῦ
1641 1251 1817 1318 ὄντος,
1853 1252 2060 1321 ἐναργῆ

488 1336 557 1388 τὰ
589 1337 782 1391 εἴδωλα
807 1341 1124 1405 φαίνονται·
1151 1344 1476 1413 κινουμένου
1505 1345 1561 1396 δὲ
1590 1345 1684 1397 καὶ
1722 1345 2063 1414 ταραττομέ-

491 1445 608 1493 νου,
637 1429 668 1498 ἥ
700 1431 809 1482 οὐδ’
837 1432 976 1496 ὅλως
1008 1435 1302 1504 ὲνορῶνται
1330 1434 1544 1498 εἴδωλα,
1595 1436 1628 1505 ἢ
1686 1435 1919 1503 ἀνόμοια
1970 1437 2064 1488 καὶ

490 1519 852 1577 δυσείκαστα.

545 1640 556 1649 ο
578 1614 699 1683 Ὑφ’
729 1611 824 1685 ἧς.
843 1618 1187 1689 Φιλοσοφίας.

567 1710 1033 1779 Καθαιρόμενον.
1100 1715 1257 1784 Παρὰ
1323 1715 1420 1784 μὲν
1476 1720 1587 1776 τοῖς
1651 1714 1877 1783 Ἕλλησι
1930 1714 2066 1783 φησὶ

494 1801 855 1861 καθαίρεσθαι
883 1809 980 1871 τὴν
1000 1810 1304 1874 φαντασίαν
1332 1808 1421 1861 διὰ
1467 1807 1731 1860 τελετῶν
1787 1810 1835 1860 οἱ
1870 1808 1926 1861 δὲ
1967 1808 2065 1875 τῆς

492 1894 616 1945 καθ’
645 1896 795 1961 ἡμᾶς
827 1897 1434 1969 εὐσεϐοῦςἘκκλησίας
1465 1900 1744 1971 ἂνθρωποι
1777 1899 2066 1969 καθαίρου-

494 2003 580 2039 σιν
630 1987 799 2055 αὐτὴν
835 1989 924 2042 διὰ
947 1992 1306 2060 σωφροσύνης
1337 1993 1430 2044 καὶ
1460 1993 1773 2062 ἀγρυπνίας
1824 1993 1919 2045 καὶ
1973 2010 2067 2060 νη·-

420 2124 425 2131 ,
493 2076 700 2138 στείας.
734 2077 892 2130 Οὕτω
930 2080 986 2132 δὲ
1015 2080 1388 2152 καθαιρομένη
1432 2083 1466 2151 ἠ
1519 2082 1776 2151 αἴσθησις
1840 2082 2064 2150 δεκτικὴ

493 2165 707 2232 γίνεται
736 2169 873 2222 Θεοῦ
904 2188 920 2203 ο
954 2172 1104 2240 ὅμως
1126 2176 1257 2242 πρὶν
1293 2174 1724 2228 εἰσκαλέσασοαι
1767 2176 1865 2228 καὶ
1914 2177 2065 2241 είσα-

493 2262 689 2327 ταγεῖν
736 2264 795 2314 ὲν
833 2263 1003 2334 ἑαυτῇ
1050 2265 1144 2319 τὸν
1194 2264 1331 2318 Θεὸν
1385 2266 1584 2331 ἐξωθεῖ
1635 2268 1904 2338 πρότερον
1964 2270 2065 2333 τὰς

499 2356 985 2423 προγεγενημένας
1014 2357 1375 2429 ὲφαμάρτους
1436 2358 1759 2430 εἰσκρίσεις,
1794 2361 1917 2414 ὅσαι
1951 2363 2065 2413 εἱσ-

500 2446 778 2515 κρίνονται
820 2451 916 2503 καὶ
945 2451 1365 2521 εἰσπορεύονται
1388 2454 1468 2516 εἰς
1498 2457 1596 2523 τὴν
1637 2457 1943 2523 φαντασίαν
1977 2456 2065 2511 διὰ

503 2544 608 2591 τῶν
635 2542 944 2609 ὀργανικῶν
962 2543 1361 2616 αἰσθητηρίων.
1390 2546 1501 2599 Καὶ
1517 2546 1704 2600 τοῦτόν
1734 2564 1897 2618 φησιν
1925 2545 2065 2602 εἶναι

497 2633 643 2686 κατὰ
673 2634 840 2701 φύσιν
868 2634 1003 2705 βίον,
1030 2636 1093 2690 τὸ
1129 2640 1322 2708 τηρεῖν
1358 2637 1460 2704 τὴν
1487 2639 1795 2707 φαντασίαν
1815 2639 2063 2711 καθαρὰν

492 2727 602 2778 ἀπὸ
622 2727 731 2780 τῶν
758 2728 1041 2783 τοιούτων.
1066 2729 1232 2801 Κοινὴ
1265 2731 1373 2802 γάρ
1407 2733 1526 2784 ἔστι
1577 2731 1761 2801 ψυχῆς
1821 2735 1916 2785 καὶ
1955 2732 2061 2786 σὼ-

500 2837 693 2885 ματος,
724 2820 817 2873 καὶ
849 2820 929 2873 δεῖ⁹
947 2821 1198 2892 καθαρὰν
1227 2821 1372 2894 ἔχειν
1401 2823 1499 2895 τὴν
1535 2822 1672 2892 πρὸς
1715 2822 1899 2895 ψυχὴν
1946 2840 2061 2892 κοι-

494 2912 713 2971 νωνίαν.

2171 537 2327 589 ρεται
2357 522 2455 573 καὶ
2487 520 2641 587 παρὰ
2669 520 2777 572 τῶν
2814 521 2937 574 καθ’
2965 522 3115 590 ἡμᾶς
3170 522 3481 575 σπουδαίων
3513 521 3601 574 διὰ
3630 538 3729 589 vr;-

2172 610 2377 672 στείας,
2416 610 2509 663 καὶ
2538 612 2871 680 ἀγρυπνίας,
2899 613 2994 664 καὶ
3027 612 3137 663 τῶν
3162 612 3336 666 ἄλλων
3360 612 3589 680 ἀρετῶν.

2238 704 2311 757 AZ
2351 720 2414 755 τε
2450 707 2560 770 εις.
2603 704 2696 766 Ὠς
2728 704 2981 757 ἐντεῦθεν
3018 708 3112 758 καὶ
3141 706 3240 768 τὰς
3265 706 3353 758 διὰ
3375 708 3480 758 τῶν
3516 707 3730 775 ὀργανι-

2168 800 2283 849 κῶν
2308 796 2684 869 αἰσθητηρίων
2716 797 3009 865 γινομένας
3053 798 3350 867 εἰσκρίσεις
3385 797 3593 850 ἑκθέειν
3638 796 3732 849 καὶ

2167 889 2477 957 ὑποχωρεῖν
2495 888 2786 959 πρότερον,
2814 888 2945 953 πρὶν
2979 889 3069 942 τὸν
3097 889 3231 942 Θεὸν
3270 888 3520 940 ἐπελθεῖν
3554 888 3634 949 εις
3667 889 3728 939 τὸ

2167 980 2532 1046 φανταστικὸν
2571 980 2646 1043 ὡς
2682 979 2927 1046 ἐφικτόν.
2967 980 3233 1035 Φθάνουσι
3287 980 3394 1048 γὰρ
3445 981 3731 1033 ἐκθέουσαι

2166 1073 2498 1126 αἱτοιαῦται
2547 1074 2869 1144 εἰσκρίσεις,
2941 1072 3048 1141 πρὸ
3092 1071 3185 1125 τοῦ
3236 1071 3587 1137 εἰσκληθῆναι
3638 1068 3732 1122 τὸν

2166 1164 2302 1216 Θεὸν
2316 1165 2469 1233 παρὰ
2491 1163 2584 1217 τοῦ
2615 1162 2992 1232 φανταστικοῦ
3015 1181 3028 1195 ·
3059 1163 3311 1218 ἐκθέουσι
3341 1163 3397 1215 δὲ
3421 1162 3507 1215 διὰ
3524 1161 3733 1231 καθάρ-

2168 1274 2310 1320 σεως
2340 1257 2743 1327 πνευματικῆς.

2243 1351 2348 1404 Διὰ
2374 1349 2483 1403 τοῦ
2511 1348 2662 1403 κατὰ
2682 1350 2896 1418 φύσιν.
2930 1347 3034 1400 Τοῦ
3073 1347 3370 1417 ἐγκρατοῦς
3396 1345 3491 1402 καὶ
3526 1345 3739 1414 σώφρο-

2168 1462 2257 1507 νος
2277 1443 2375 1497 καὶ
2403 1442 2716 1496 σπουδαίου.

2238 1535 2435 1590 Πάλιν
2455 1531 2631 1590 εἶναι.
2664 1538 2742 1589 Οὐ
2779 1537 2940 1606 μόνον
2972 1536 3079 1604 γὰρ
3134 1532 3409 1607 σώματος,
3452 1529 3588 1582 ἀλλὰ
3640 1529 3739 1587 καὶ

2168 1626 2270 1696 τῆς
2298 1625 2527 1695 λογικῆς
2556 1626 2739 1696 ψυχῆς
2775 1628 2871 1680 καὶ
2901 1626 2995 1681 τοῦ
3030 1623 3143 1679 νοῦ.

2247 1719 2454 1774 Τοῦτο.
2494 1719 2569 1772 Τὸ
2600 1720 2990 1786 φανταστικόν.

2244 1813 2367 1865 οὐκ
2398 1811 2783 1881 ἀσύμπαθες.
2846 1812 2960 1865 Οὐκ
3026 1810 3308 1882 ἀλλότριον
3356 1811 3452 1877 τῆς
3517 1807 3738 1878 φύσεως

2165 1904 2266 1971 τῆς
2300 1903 2483 1975 ψυχῆς
2506 1906 2678 1975 ἐστιν,
2715 1903 2854 1957 ἀλλὰ
2902 1905 2997 1956 καὶ
3053 1902 3458 1973 συντρέχεικαὶ
3510 1900 3734 1969 συμπάο

2169 1998 2468 2067 σχειαὺτῇ,
2494 1998 2590 2049 καὶ
2610 1999 2670 2051 οὐ
2698 1996 2824 2050 καθ’
2856 1997 3019 2051 ἑαυτὸ
3051 1997 3202 2066 μένει
3236 1996 3539 2067 ἰδιότροπον
3570 1993 3740 2062 φύσιν

2166 2086 2292 2155 ἔχον
2321 2070 2577 2158 καθάπερ
2606 2088 2670 2141 τὸ
2699 2087 2879 2157 σῶμα,
2928 2089 3067 2156 ὅπερ
3104 2087 3201 2147 καὶ
3230 2086 3534 2157 ὀπρεῶδες
3579 2086 3735 2155 περί-

2167 2180 2353 2250 δλημα
2393 2181 2545 2249 λέγει
2577 2181 2668 2232 διὰ
2698 2181 2798 2251 τὴν
2833 2180 3179 2251 σκληρότητα
3244 2181 3337 2239 καὶ
3379 2178 3480 2250 τὴν
3529 2180 3729 2235 ἀντιτυ-

2167 2274 2322 2335 πίαν,
2351 2275 2420 2346 ἣν
2445 2274 2558 2344 ἔχει
2590 2275 2725 2343 πρὸς
2753 2274 2957 2343 ψυχήν.

2237 2367 2297 2419 Ρ.
2337 2366 2460 2420 157.
2539 2365 2922 2435 Ὀστρεῶδες.
2973 2364 3312 2435 Πολλαχόθεν
3381 2363 3651 2417 δείκνυται
3693 2366 3719 2415 ὁ

2168 2461 2332 2527 σοφὸς
2378 2452 2535 2520 οὗτος
2591 2458 2851 2520 Συνέσιος
2906 2456 3236 2527 αἱρεσιὼτης
3294 2455 3390 2510 τοῦ
3447 2454 3731 2517 Πλάτωνος

2164 2554 2358 2621 ἄκρος.
2394 2553 2469 2605 Οὐ
2500 2552 2661 2620 μόνον
2697 2551 2808 2619 γὰρ
2837 2551 2900 2603 ὲκ
2944 2550 3044 2618 τῆς
3085 2550 3246 2617 δόξης
3274 2549 3356 2602 ὅτι
3381 2548 3449 2601 τὰ
3474 2548 3615 2600 αὐτὰ
3640 2546 3738 2600 καὶ

2164 2641 2324 2706 οὗτος
2353 2645 2553 2712 ἐκείνῳ
2592 2643 2831 2709 δοξάζει,
2868 2642 3002 2695 ἀλλὰ
3027 2642 3121 2695 καὶ
3150 2642 3214 2694 ὲκ
3240 2640 3347 2693 τῶν
3370 2638 3609 2703 ἐννοιῶν,
3637 2639 3738 2689 καὶ

2164 2738 2229 2788 ἐκ
2248 2738 2356 2788 τῶν
2385 2736 2650 2805 μεθόδων,
2688 2734 2785 2787 καὶ
2819 2733 2880 2792 ἐξ
2933 2733 3115 2786 αὐτῶν
3141 2733 3250 2785 τῶν
3278 2731 3496 2796 λέξεων.
3521 2730 3596 2783 Τὸ
3621 2730 3735 2799 γὰρ

2165 2826 2353 2893 λέγειν
2382 2826 2685 2896 ὀστρεῶδες
2723 2825 3044 2894 περίϐλημα
3067 2825 3126 2877 τὸ
3158 2823 3319 2893 σῶμα
3369 2821 3580 2874 ἐκεῖθεν
3615 2821 3736 2891 ἔχει
3826 2876 3831 2879 λ

2163 2920 2265 2989 τὴν
2317 2923 2518 2991 ἀρχήν.
2554 2918 2697 2989 Φησὶ
2726 2920 2833 2990 γὰρ
2853 2921 3108 2980 κάκεῖνος
3132 2917 3189 2969 ἐν
3210 2917 3288 2987 τῷ
3311 2915 3563 2984 Φαίδρῳ,
3594 2915 3737 2969 ἄνω-

567 3073 798 3140 Spiritus
826 3071 1145 3140 pltuntustici
1176 3072 1350 3124 morbo
1384 3068 1860 3135 laborut.Nam,ob
1883 3069 2061 3141 pravi-
2085 3111 2133 3172 Ο
2166 3093 2310 3140 rum,
2379 3076 2710 3144 vigiliarum,
2775 3086 2830 3137 et
2893 3078 3122 3139 aliarum
3194 3076 3458 3131 virtutum
3499 3074 3735 3137 auxilio.

497 3173 667 3218 tatem
700 3162 918 3217 consilii
943 3161 1105 3215 homo
1132 3161 1354 3215 deducit
1386 3163 1623 3215 animam
1656 3161 1709 3215 in
1740 3161 2021 3215 materiam
2045 3200 2059 3225 ,

499 3266 553 3310 et
580 3254 708 3309 hinc
739 3254 979 3323 disponit
1003 3253 1343 3323 phantasiam
1376 3253 1443 3306 ad
1469 3253 1663 3307 vitium
1690 3253 2059 3327 etlangorem,

498 3351 642 3401 sirut
681 3347 838 3401 aiunt
874 3348 1058 3402 umltis
1102 3346 1325 3400 evenire
1360 3354 1487 3414 post
1520 3346 1724 3409 cibum,
1761 3349 1815 3397 et
1844 3342 2065 3414 potissi-

496 3454 644 3493 mum
676 3437 937 3508 parvulis.
967 3437 1060 3492 Est
1086 3437 1289 3507 quippe
1330 3424 1625 3492 vehemens
1647 3452 1675 3489 a
1703 3434 1828 3491 cibo
1852 3422 2063 3489 sumtus

495 3546 874 3600 \aporumque
909 3528 1165 3593 emissio,
1208 3538 1264 3584 et
1315 3537 1495 3583 motus
1534 3528 1792 3594 confusus
1826 3541 1891 3580 ac
1940 3527 2064 3582 ina:-

498 3626 696 3692 quzlzs.
747 3635 803 3678 et
849 3638 993 3692 aagre
1036 3621 1372 3677 discernitur
1420 3622 1488 3674 ab
1540 3619 1647 3674 illis
1687 3633 1817 3672 sane
1859 3616 2063 3686 quibus

497 3717 725 3770 Immin
754 3731 860 3768 non
889 3714 1154 3778 eveniunt
1185 3713 1478 3769 insonmia.
1515 3722 1610 3766 aut
1631 3712 1954 3779 contingunt
1979 3710 2062 3761 in-

496 3809 747 3879 aequalia,
770 3806 1058 3862 dissimilia
1089 3814 1146 3861 et
1174 3806 1424 3875 coniectu
1449 3804 1709 3868 diliicilia,
1739 3803 1974 3873 qualiter
2006 3799 2066 3854 ﬁt

495 3905 552 3956 in
592 3917 755 3971 aqua.
786 3901 920 3954 Nam
950 3900 1171 3969 quietae,
1204 3914 1354 3968 pura:
1378 3938 1394 3964 ,
1420 3880 2061 3965 sincera-que‘evidentia

495 4013 560 4049 nc
591 3993 831 4049 dilucida
875 4001 1086 4062 spectra
1120 4002 1386 4063 apparent
1413 4010 1425 4044 :
1458 3991 1512 4046 in
1545 3997 1813 4056 commota
1841 4003 1971 4052 vero
2008 3998 2065 4043 et

500 4088 848 4141 conturbata
878 4088 963 4140 vel
993 4086 1152 4155 plane
1190 4103 1298 4140 non
1329 4085 1695 4154 inspiciuntur
1746 4082 2059 4145 simulacra,

498 4189 593 4234 aut
621 4178 932 4246 inaequalia,
963 4178 1249 4233 dissimilia
1273 4186 1328 4231 et
1361 4176 1583 4246 cognltu
1618 4180 1809 4231 ardua.

562 4274 736 4345 Aqua.
766 4272 1135 4342 Philosophia.

564 4365 865 4421 Lustrutus.
900 4364 1057 4436 Apud
1100 4365 1320 4421 Grmcos
1361 4364 1579 4435 quidem
1622 4366 2061 4436 imaginationem

2237 3169 2650 3223 Insinuationes.
2689 3170 2762 3225 Ita
2811 3179 2871 3235 ut
2922 3170 3049 3224 hinc
3097 3168 3261 3223 etiam
3308 3184 3407 3239 per
3450 3168 3740 3238 organicos

2167 3278 2366 3317 sensus
2415 3264 2688 3333 productae
2736 3262 3139 3323 insinuationcs
3189 3271 3485 3322 excurrant
3519 3272 3571 3314 et
3607 3276 3740 3328 pro-

2166 3356 2504 3426 grediantur,
2532 3365 2821 3425 antequam
2852 3356 2996 3415 Deus
3017 3354 3367 3422 superveniat
3395 3364 3452 3408 et
3478 3353 3743 3409 illabatur

2166 3440 2221 3494 in
2255 3442 2720 3513 imaginationem,
2769 3454 3040 3513 quatenus
3084 3442 3474 3513 comprehendi
3528 3452 3741 3513 potest.

2166 3533 2472 3589 Confestim
2531 3534 2680 3588 enim
2738 3544 3031 3605 properant
3101 3536 3236 3590 tales
3290 3535 3745 3601 insinuationes,

2166 3629 2483 3695 priusquam
2523 3629 2664 3691 Deus
2699 3627 3023 3693 admittatur
3055 3644 3085 3683 a
3139 3629 3333 3697 spiritu
3364 3628 3744 3699 phantastico.

2167 3719 2481 3775 Excurrunt
2513 3732 2695 3776 autem
2724 3735 2821 3790 per
2852 3721 3190 3790 spiritualem
3222 3722 3627 3793 purgationem.

2166 3842 2169 3847 «
2237 3811 2533 3866 Secundum
2562 3813 2676 3885 ejus
2712 3821 2982 3877 naturam.
3011 3812 3388 3879 Continentis,
3428 3822 3743 3884 temperan-

2166 3905 2236 3959 tis
2259 3914 2314 3957 et
2340 3904 2516 3973 probi.

2239 3995 2463 4048 Rursum
2517 3997 2607 4048 sit.
2657 3996 2775 4049 Non
2824 3995 2986 4051 modo
3045 3996 3311 4067 corporis.
3344 4012 3531 4053 verum
3564 3993 3741 4053 etiam

2168 4088 2363 4143 animae
2399 4087 2683 4141 rationalis
2716 4103 2778 4141 ac
2807 4088 3026 4142 mentis.

2243 4177 2604 4247 Spiritusiste.
2628 4178 3012 4233 Phantasticus
3040 4187 3096 4233 et
3128 4178 3456 4248 imaginandi
3491 4177 3740 4247 potentia

2167 4274 2486 4327 instruetus.

2240 4364 2347 4420 Nec
2383 4367 2644 4436 affectibus
2673 4366 2957 4434 spoliatur.
2990 4365 3106 4419 Non
3128 4373 3212 4419 est
3238 4364 3449 4418 alienus
3478 4380 3507 4416 a
3538 4374 3737 4417 natura

490 4461 692 4515 asserit
723 4458 932 4528 expiari
962 4467 1017 4513 et
1046 4458 1267 4513 lustrari
1293 4458 1741 4513 caeremoniarum
1776 4456 2062 4512 beneﬁcio.
2100 4454 2142 4507 Ι)
2165 4460 2384 4525 animae,
2409 4460 2500 4513 scd
2518 4457 2783 4514 convenit
2809 4468 2864 4512 et
2886 4457 3159 4512 consentit
3186 4471 3309 4511 cum
3336 4472 3421 4520 ea,
3444 4453 3739 4510 similium-

488 4556 561 4609 At
600 4553 702 4623 piae
734 4552 1109 4623 religiosaque
1141 4561 1342 4607 nostrae
1377 4550 1630 4605 Ecclesia:
1657 4549 1909 4603 homines
1937 4563 2056 4601 eam

488 4646 730 4701 lustrant
765 4645 1029 4700 modestia
1049 4685 1065 4709 ,
1104 4642 1462 4714 temperantia
1485 4682 1500 4706 ,
1532 4641 1806 4709 vigilantia
1837 4648 1889 4694 et
1920 4638 2062 4709 jeju-

489 4741 605 4794 nio.
632 4739 699 4793 Et
732 4739 803 4792 ita
834 4746 1097 4810 purgatus
1127 4736 1218 4792 ille
1247 4752 1439 4793 sensus
1465 4750 1630 4804 capax
1662 4742 1742 4789 est
1768 4733 1860 4803 qui
1889 4733 2058 4786 Deum

489 4830 746 4885 admittat
774 4844 789 4881 :
822 4831 1184 4885 nihilominus
1207 4843 1523 4898 priusquam
1550 4828 1602 4882 in
1626 4827 1865 4894 seipsum
1887 4825 2058 4878 Deum

491 4922 730 4991 excipiat
762 4930 818 4976 et
855 4921 1167 4975 introducat
1188 4961 1201 4985 ,
1230 4931 1386 4990 urget
1415 4929 1470 4974 et
1498 4917 1740 4973 extrudit
1775 4916 1928 4985 prius
1957 4931 2057 4968 an-

493 5015 813 5070 tecedentes
840 5028 1091 5067 errorum
1134 5013 1553 5074 insinuationes,
1593 5024 1932 5080 quaecunque
1978 5008 2059 5069 in-

493 5106 821 5171 grediuntur
848 5113 902 5157 et
944 5104 1150 5159 adeunt
1198 5103 1637 5173 imaginationem
1670 5116 1767 5170 per
1797 5116 2056 5154 sensuum

492 5212 715 5263 organa.
746 5197 814 5250 Et
844 5198 986 5254 hanc
1016 5197 1212 5251 asserit
1240 5199 1405 5252 vitam
1435 5195 1734 5251 secundum
1762 5203 2014 5247 naturam
2042 5237 2055 5256 ,

491 5305 770 5342 asservare
807 5304 996 5358 puram
1019 5330 1033 5353 ,
1061 5289 1330 5343 sinceram
1365 5303 1428 5343 ac
1451 5287 1675 5341 nitidam
1720 5284 2061 5354 imaginatio-

490 5397 615 5436 nem
647 5382 716 5435 ab
743 5382 1049 5437 istiusmodi
1082 5390 1429 5451 peccatorum
1486 5381 1752 5449 ingressu.
1800 5379 2058 5448 Corporis

490 5475 634 5529 enim
667 5484 721 5528 et
757 5475 950 5527 animae
982 5474 1286 5529 communis
1320 5483 1437 5536 est,
1487 5487 1537 5527 et
1592 5487 1768 5535 operae
1823 5471 2056 5538 pretium

489 5570 593 5624 est,
624 5571 681 5615 ut
716 5577 906 5631 purum
941 5563 1133 5618 habeat
1164 5577 1287 5615 cum
1319 5563 1496 5615 anima
1524 5560 1985 5615 communionem.

563 5654 668 5707 Per
701 5656 1030 5724 expiationes
1067 5654 1339 5707 Iustratus.
1365 5653 1577 5723 Quippe
1609 5653 1700 5721 qui
1730 5653 1978 5721 expiatur
2003 5664 2057 5706 et

495 5759 756 5811 purgatur
802 5749 942 5809 apud
992 5756 1208 5806 nostros
1257 5746 1459 5810 prolms
1510 5744 1776 5800 homines.
1829 5744 2055 5809 ieiunio.

2167 4565 2274 4619 que
2331 4550 2646 4617 passionum
2696 4560 2781 4604 est
2832 4548 3126 4617 particeps,
3166 4561 3269 4601 nec
3298 4562 3398 4617 per
3441 4561 3500 4600 se
3550 4557 3737 4602 manet

2163 4643 2504 4712 peculiarem
2554 4642 2764 4701 habens
2811 4651 3062 4700 naturam
3111 4638 3261 4693 velut
3309 4654 3532 4709 corpus,
3582 4638 3734 4707 quod

2163 4735 2386 4803 quidem
2426 4743 2735 4789 ostreorum
2772 4716 3111 4793 involucrum
3148 4731 3302 4795 dicit,
3336 4738 3559 4799 propter
3583 4728 3734 4783 ἀυτε-

2167 4829 2319 4893 tiem,
2354 4828 2592 4897 rigorem
2627 4836 2682 4881 et
2708 4825 2894 4880 forma:
2923 4823 3300 4878 dissidentium
3322 4863 3335 4887 ,
3368 4837 3531 4892 quam
3565 4820 3735 4876 habet

2162 4920 2428 4977 adversus
2454 4920 2713 4973 animam.

2233 5012 2557 5066 Ostreorum.
2587 5009 2769 5065 Multis
2788 5025 2855 5069 ex
2883 5010 3130 5079 partibus
3152 5007 3393 5064 ostendit
3425 5007 3732 5061 industrius

2162 5106 2252 5159 hic
2280 5103 2560 5175 Synesius,
2589 5119 2715 5158 acer
2741 5112 2797 5157 et
2828 5102 3123 5171 singularis
3151 5101 3393 5157 Platonis
3417 5100 3729 5163 aemulator,

2161 5201 2290 5267 quia
2320 5212 2426 5251 non
2477 5196 2654 5251 solum
2681 5212 2745 5250 ex
2771 5195 3030 5265 opinione
3051 5195 3242 5249 eadem
3270 5208 3394 5247 cum
3420 5193 3515 5247 illo
3539 5193 3727 5258 sentit,

2161 5292 2255 5347 sed
2301 5290 2467 5342 etiam
2499 5305 2565 5343 ex
2598 5287 2765 5342 animi
2795 5288 3154 5355 conceptione
3204 5296 3261 5340 et
3308 5301 3474 5341 sensu
3525 5285 3730 5339 docen-

2159 5385 2326 5451 dique
2367 5383 2600 5441 ratione,
2644 5379 2754 5432 imo
2790 5393 2854 5432 ex
2898 5377 3145 5446 ipsismet
3177 5375 3541 5431 dictionibus.
3592 5374 3726 5429 Nam

2159 5472 2303 5541 quod
2340 5485 2542 5538 corpus
2577 5469 3011 5537 integumentum
3046 5476 3101 5520 et
3132 5467 3478 5520 involucrum
3511 5471 3728 5517 ostrea-

2163 5578 2280 5620 rum
2313 5561 2535 5625 dicitur,
2572 5559 2700 5613 hinc
2735 5558 2902 5613 habet
2936 5558 3290 5628 principium.
3331 5558 3418 5611 Ait
3447 5556 3595 5610 enim
3637 5556 3728 5609 ille

2160 5653 2213 5705 in
2266 5652 2489 5706 [Vm-dra
2547 5651 2711 5704 altius
2767 5666 2989 5720 suorum
3044 5650 3399 5715 consiliorum
3455 5648 3728 5703 rationem

2161 5744 2456 5808 repetendo
2488 5758 2737 5806 exorsus,
2781 5753 2834 5797 ct
2881 5743 3006 5806 alia,
3043 5752 3095 5797 ct
3125 5742 3237 5797 haec
3280 5751 3583 5801 nraterca:
3620 5742 3726 5810 Qui
