4068 6204
403 272 409 276 ’
477 262 583 325 567

1685 266 2107 326 NICEPHORI
2145 267 2530 329 σιιΕαΟιιιΕ

3618 263 3720 330 568

480 374 660 441 μόνων
677 374 866 441 ἔλεγον
900 370 1047 427 εἶναι
1072 375 1382 445 διαφοράν·
1424 375 1521 428 καὶ
1552 374 1709 438 θεοὺς
1764 375 1866 445 μὲν
1918 376 2049 428 ὲκά-
2080 380 2126 435 Α
2152 378 2263 431 τῶν
2296 380 2608 432 κακοποιῶν
2637 378 2976 432 τούναντέον.
3031 379 3100 431 ’Ιί
3128 375 3185 430 δὲ
3235 375 3556 446 ἀνθρωπίνη
3592 394 3723 446 φαν-

476 465 603 517 λουν
654 466 783 527 τοὺς
847 464 1126 531 μείζονας,
1182 466 1449 536 δαίμονας
1513 468 1571 519 δὲ
1618 467 1746 529 τοὺς
1798 468 2051 537 ἥττονας.

486 555 547 610 '0
607 556 666 609 δὲ
728 556 985 621 Συνέσιος
1060 558 1192 613 ποτὲ
1252 560 1355 629 μὲν
1410 559 1597 613 δίδωσι
1662 559 1878 622 τούτοις
1941 560 2054 612 δια-

475 648 684 717 φορὰν,
739 649 874 702 ποτὲ
930 649 988 704 δὲ
1042 650 1357 721 ἀδιαφόρως
1415 651 1687 722 κέχρηται
1762 653 1878 715 τοῖς
1935 652 2053 704 όνό-

478 757 667 808 μασιν.

548 828 744 898 Ὅλως
773 832 1095 901 δαιμόνων.
1138 833 1302 887 Ἀλλά
1357 837 1453 889 καὶ
1501 838 1700 900 πάντα,
1770 840 1923 910 φησι,
1982 838 2051 891 τὰ

474 920 586 975 τῶν
628 921 905 991 δαιμόνων
956 925 1087 994 γένη
1142 925 1211 977 τὰ
1240 927 1296 980 ὲν
1326 928 1465 994 τῷδε
1508 928 1586 999 τῷ
1622 929 1811 999 κόσμῳ
1864 930 2051 982 τοιαύ-

474 1030 576 1083 την
636 1013 834 1084 ἔλαχον
887 1016 987 1086 τὴν
1042 1017 1213 1089 ζωὴν,
1270 1019 1418 1073 τοῦτ’
1484 1020 1636 1074 ἔστιν
1691 1022 2046 1092 αἰσθητικήν.

472 1107 718 1161 Καθόλου
773 1110 883 1179 γάρ
915 1113 1022 1164 είσι
1064 1114 1337 1180 φαντασία
1377 1113 1516 1182 μόνη
1546 1116 1734 1169 ἐκεῖνα
1792 1116 1861 1169 τά
1890 1118 2044 1187 γένη.

541 1201 684 1256 Καθ’
710 1203 882 1257 ὅλον.
920 1206 1077 1258 Κλατὰ
1110 1206 1214 1274 τὴν
1255 1208 1447 1262 οὐσίαν
1473 1210 1679 1263 αὐτῶν.

540 1292 843 1347 Εὶδωλικά
876 1311 963 1348 τε.
1012 1296 1221 1350 Εἴδωλά
1269 1316 1434 1369 φησιν
1482 1300 1519 1354 ἆ
1570 1303 1718 1355 ἐστιν
1775 1303 2048 1371 ἀσώματα

472 1385 597 1453 μὲν,
625 1386 820 1455 ἔχοντα
850 1388 897 1441 δ’
927 1384 1021 1441 οὖν
1053 1390 1231 1459 πάχος
1265 1409 1341 1457 τι,
1371 1392 1439 1446 τὰ
1476 1394 1577 1463 μὲν
1630 1395 1877 1458 ἔλαττον,
1906 1396 2047 1449 τὰδὲ

470 1477 654 1534 πλέον.
695 1480 914 1534 Ἔοικεν
948 1477 1041 1535 οὖν
1063 1484 1090 1535 ό
1116 1482 1374 1548 Συνέσιος
1411 1486 1642 1540 ἐνταῦθα
1679 1489 1743 1559 τῇ
1771 1488 2047 1560 Δημοκρί-

466 1584 564 1621 του
595 1571 691 1622 καὶ
716 1571 917 1636 Σέξτου
940 1571 1090 1645 δόξῃ,
1126 1576 1226 1628 καὶ
1266 1575 1446 1629 ἄλλων
1487 1577 1759 1650 Ἐλλήνων
1808 1597 2047 1633 κατακο-

469 1656 706 1713 λουθεῖν.
738 1662 878 1715 Φασὶ
910 1664 1021 1735 γὰρ
1053 1666 1256 1718 ἐκεῖνοι
1283 1666 1538 1737 δαιμόνια
1591 1667 1733 1724 εἷναί
1756 1689 1880 1726 τινα
1915 1673 2045 1743 περί

466 1763 529 1799 τε
553 1748 692 1817 ἀέρα
718 1751 813 1804 καὶ
854 1753 958 1821 γῆν
1007 1754 1185 1823 πάχος
1250 1756 1443 1826 ἔχοντα
1495 1759 1598 1828 μὲν
1642 1763 1743 1815 καὶ
1793 1762 2044 1815 σύνθεσίν

468 1856 593 1892 τινα
622 1842 1046 1911 καὶὲμπάθειαν
1067 1862 1080 1875 ·
1107 1846 1318 1903 ἀθέατα
1373 1849 1431 1902 δὲ
1481 1852 1790 1922 ἀνθρώποις
1839 1854 2044 1923 ὀφθαλ-

469 1934 593 1999 μοῖς
627 1933 993 2003 ύγιαίνουσιν,
1022 1938 1057 1993 ἃ
1085 1942 1177 1992 καὶ
1206 1941 1402 1995 εἴδωλα
1427 1942 1674 2011 καλοῦσι,
1720 1945 1856 1998 διότι
1908 1948 2043 1999 ἀπο-

467 2024 764 2090 σώζουσιν,
817 2026 999 2101 οἶμαι,
1056 2034 1233 2088 τύπον
1258 2036 1385 2090 τινὰ
1412 2040 1505 2090 καὶ
1535 2039 1912 2108 σκιαγραφίαν
1946 2040 2043 2091 καὶ

465 2119 656 2173 εἰκόνα
685 2120 789 2190 τῆς
813 2125 1117 2197 ἀγγελικῆς
1162 2128 1258 2181 καὶ
1318 2129 1621 2200 ἀῦλοτέρας
1658 2131 1901 2201 φύσεως,
1945 2130 2040 2200 ἀφ’

463 2204 533 2281 ἧς
615 2211 876 2268 ἔκπτωτά
946 2218 1092 2273 εἰσιο
1161 2220 1257 2275 καὶ
1327 2220 1650 2290 δύσφθαρτα
1741 2223 1879 2292 μὲν,
1942 2225 2042 2275 ούκ

464 2302 725 2375 ἄφθαρτα
747 2306 804 2358 δὲ
833 2309 920 2361 ἀεί
943 2324 960 2341 ο
986 2314 1078 2362 καὶ⁵
1120 2312 1189 2363 τὰ
1217 2310 1317 2381 μὲν
1369 2312 1549 2367 αὐτῶν
1578 2308 1717 2367 εἶναι
1746 2317 2041 2379 κακοποιὰ,

462 2396 535 2447 τὰ
592 2398 649 2449 δὲ
678 2400 1013 2465 ἀγαθοποιά.
1053 2403 1470 2473 Προσπελάζειν
1537 2403 1631 2460 οὖν
1672 2425 1809 2475 φασι
1870 2409 2041 2462 ταῦτα

460 2489 575 2551 τοῖς
603 2488 934 2559 ἀνθρώποις,
993 2494 1089 2547 καὶ
1149 2494 1388 2564 μάλιστα
1437 2497 1567 2550 ὅταν
1618 2493 1764 2552 οὗτοι
1834 2499 2041 2552 καθεύ-

463 2580 619 2647 δωσι,
654 2585 750 2635 καὶ
774 2585 1070 2654 προλέγειν
1126 2588 1300 2642 πολλὰ
1349 2588 1458 2643 τῶν
1494 2590 1803 2659 μελλόντων
1827 2609 1842 2624 ⁸
1894 2595 2042 2662 γίνε-

465 2674 591 2727 σθαι
619 2676 806 2745 μέντοι
846 2679 942 2741 τὰς
965 2678 1222 2743 τοιαύτας
1245 2684 1594 2754 προρρήσεις
1645 2685 1750 2738 ὑπὸ
1785 2686 1887 2756 μὲν
1928 2688 2041 2741 τῶν

462 2767 687 2835 ἀγαθῶν
718 2771 910 2837 σαφεῖς
967 2772 1066 2825 καὶ
1116 2773 1435 2844 προθυμίαν
1489 2776 1770 2845 κινούσας,
1832 2779 1938 2833 ὑπὸ
1984 2780 2041 2833 δὲ

462 2925 696 2981 deorum
730 2942 793 2983 ac
826 2928 1136 2984 daemonum
1170 2929 1541 2988 diﬂ'erentiam
1580 2948 1700 2989 esse
1732 2934 2037 2991 dixerunt:

461 3032 527 3073 ac
579 3018 713 3075 deos
771 3019 994 3089 quidem
1054 3023 1289 3092 majores
1346 3024 1713 3093 appellarunt,
1762 3026 2041 3085 daemonas

462 3120 650 3165 autem
700 3110 1015 3167 inferiores.
1070 3112 1178 3169 Sed
1230 3114 1491 3186 Synesius
1544 3118 1841 3189 aliquando
1895 3120 2041 3177 inter

463 3202 590 3257 illos
618 3203 864 3273 assignat
889 3204 1212 3270 discrimen,
1247 3207 1525 3265 interdum
1558 3225 1691 3266 vero
1724 3211 2043 3268 indideren-

463 3295 553 3343 ter
574 3288 749 3345 utitur
775 3290 898 3347 istis
927 3294 1262 3351 nominibus.

541 3381 746 3436 Cuncta
779 3383 1081 3441 dmmonum
1119 3404 1335 3456 genera.
1368 3388 1473 3444 Sed
1511 3393 1695 3446 omnia
1728 3392 2039 3451 daemonum

462 3489 685 3541 genera,
717 3474 916 3544 inquit.
949 3491 1069 3546 qme
1098 3478 1153 3533 in
1183 3479 1288 3535 hoc
1323 3482 1526 3536 mundo
1552 3496 1867 3554 versantur,
1897 3488 2041 3542 hanc

461 3563 630 3618 vitam
682 3567 879 3620 sortita
926 3578 1075 3632 sunt,
1125 3585 1247 3638 quae
1300 3572 1561 3629 nimirum
1607 3577 1715 3631 vim
1764 3578 2040 3634 sentiendi

464 3654 684 3710 habeat.
720 3657 856 3711 Nam
890 3670 948 3714 ut
982 3663 1299 3717 summatim
1349 3665 1563 3735 loquar,
1612 3668 1702 3723 illa
1734 3670 2038 3727 daemonum

462 3762 661 3816 genera
689 3751 820 3805 solae
849 3763 978 3806 sunt
1007 3753 1448 3825 imaginationes.

529 3835 832 3897 Secundum
863 3850 1028 3897 totum
1051 3846 1285 3912 ipsorum
1316 3849 1624 3904 essentiam.
1653 3850 1819 3906 Prout
1842 3867 2035 3909 eorum

456 3932 697 3986 essentia
727 3944 911 3989 creata
939 3945 1046 3991 est.

530 4025 598 4080 Et
650 4028 973 4097 imaginaria
1006 4039 1152 4085 sunt.
1195 4028 1364 4099 idola,
1402 4034 1601 4104 inquit,
1638 4046 1693 4091 et
1742 4037 2036 4110 simulacra

457 4132 582 4185 qua:
613 4127 743 4171 sunt
778 4120 1029 4187 corporis
1068 4125 1338 4192 expertia,
1388 4124 1594 4180 habent
1641 4130 1828 4199 utique
1879 4130 2039 4200 quid-

457 4205 605 4274 piam
639 4207 1049 4275 crassitudinis,
1084 4212 1188 4265 alia
1223 4213 1366 4281 plus,
1399 4215 1505 4269 alia
1551 4216 1755 4271 minus.
1802 4216 2036 4274 Videtur

458 4299 645 4367 itaque
688 4299 776 4354 hic
819 4298 1082 4371 Synesius
1118 4302 1411 4359 Democriti
1443 4318 1498 4360 et
1534 4307 1682 4365 Sexti
1713 4310 2029 4379 Opinionem

2162 465 2323 517 τασία
2346 466 2407 517 ού
2437 466 2637 529 κύκλος
2667 466 2843 527 ἐστὶν,
2868 464 2987 518 ἀλλ’
3009 466 3341 535 ἀποῤῥὴτως
3370 465 3500 526 τοὺς
3528 466 3723 528 τύπους

2159 556 2266 609 τῶν
2297 556 2498 620 ἔξωθεν
2530 558 2861 629 εἰσρεόντων
2881 558 3148 627 δεχομένη
3210 556 3504 608 ὑπόκειται
3562 556 3723 610 καθάο

2158 664 2266 716 περ
2298 647 2505 717 βιϐλίον
2530 650 3051 717 ἁναγινωσκὸμενον
3078 648 3184 701 ὑπὸ
3216 649 3312 717 τῆς
3340 648 3605 710 διανοίας,
3635 650 3727 700 καὶ

2158 742 2251 793 ἐπὶ
2290 743 2387 809 μὲν
2424 743 2535 795 τῶν
2564 745 2752 812 σαφῶν
2786 746 2879 797 καὶ
2935 743 3178 813 ὲκδήλων
3198 741 3413 795 οἴκοθεν
3440 742 3582 812 αὐτὴ
3606 744 3724 795 καθ’

2157 834 2330 904 αὐτὴν
2368 836 2632 913 διδάσκει,
2666 837 2700 889 ἃ
2732 836 2835 906 χρὴ
2885 835 3314 906 προσδέχεσθαιο
3369 835 3461 887 ἐπὶ
3519 834 3578 886 δὲ
3616 838 3724 887 τῶν

2155 927 2385 995 ἀσαφῶν
2416 930 2812 997 προσκαλεῖται
2841 929 2935 980 καὶ
2963 928 3063 990 τὰς
3102 927 3450 996 διανοητικὰς
3470 926 3727 996 δυνάμεις

2154 1020 2253 1089 τῆς
2285 1020 2487 1089 ψυχῆς,
2533 1023 2630 1074 καὶ
2687 1020 2897 1086 γίνεται
2953 1020 3125 1075 οἱονεὶ
3180 1018 3567 1089 βουλευτήριον
3599 1020 3727 1087 περὶ

2152 1111 2263 1163 τῶν
2290 1114 2578 1181 ποιητέων.
2610 1112 2722 1165 Καὶ
2754 1114 2862 1182 γὰρ
2894 1114 2926 1182 ἡ
2977 1114 3211 1176 διάνοια,
3261 1113 3313 1164 εἰ
3353 1111 3429 1182 μὴ
3468 1111 3574 1165 ἀπὸ
3625 1110 3724 1176 τῆς

2156 1203 2461 1270 φαντασίας
2498 1202 2654 1256 λάϐοι
2693 1203 2762 1255 τὰ
2796 1205 3115 1272 σκέμματα,
3148 1204 3251 1257 ούκ
3282 1202 3397 1272 ἔχει
3456 1202 3587 1270 περὶ
3626 1203 3724 1269 τῂν

2154 1292 2430 1364 γεννητὴν
2456 1296 2550 1347 καὶ
2572 1296 2813 1364 τρεπτὴν
2839 1295 2948 1348 τῶν
2976 1295 3328 1365 πραγμάτων
3374 1292 3538 1362 φύσιν
3572 1292 3725 1362 ἐνέρ-

2152 1387 2310 1455 γειόιν
2341 1404 2486 1440 τινα.

2221 1479 2445 1546 Αὺτήν.
2486 1481 2552 1533 Ἦ
2583 1479 2658 1541 ὡς
2690 1478 2944 1549 δύναμιν.

2233 1570 2294 1624 Ἡ
2314 1569 2445 1639 μεθ’
2466 1568 2701 1636 ἐτέρου.
2732 1570 2801 1623 ’Ἡ
2826 1569 2901 1634 ὼς
2951 1571 3091 1641 μετὰ
3122 1570 3217 1624 νοῦ
3248 1569 3491 1632 διανοίας
3521 1570 3598 1632 ῶς
3632 1568 3723 1621 ἐπὶ

2148 1662 2209 1715 τὸ
2231 1661 2507 1716 πλεῖστον.
3578 1660 3591 1673 ³

2218 1754 2342 1807 Οὐκ
2384 1752 2840 1822 ἀφαντάστους.
2903 1753 3065 1808 Ἀλλά
3119 1753 3625 1825 συμπεπλεγμένας
3657 1755 3720 1825 τῇ

2153 1847 2449 1917 φαντασίᾳ.

2223 1941 2295 1993 ει
2328 1938 2403 2007 δή
2437 1955 2548 2004 τις.
2583 1937 2772 2007 Χωρὶς
2806 1937 2856 1990 εί
2889 1937 3093 2008 μήτις.

2236 2033 2333 2085 Ἐν
2357 2030 2590 2100 ἀκαρεῖ.
2627 2030 2842 2100 Ὠσπερ
2858 2031 2907 2083 oi
2944 2030 3078 2083 θεῖοι
3114 2031 3393 2103 προφῆται
3416 2030 3555 2084 καὶὸ
3580 2029 3721 2094 θεῖος

2152 2125 2363 2189 Παῦλος
2430 2126 2487 2177 ὲν
2520 2124 2777 2177 ἐκστάσει
2812 2123 3123 2192 γενόμενοι.
3190 2124 3327 2177 Τότε
3378 2123 3492 2194 γὰρ
3542 2124 3720 2185 ὀνοῦς

2150 2217 2348 2286 τρόπον
2376 2216 2497 2270 τινὰ
2526 2216 2624 2285 τῆς
2659 2215 2794 2285 ὕλης
2827 2214 2934 2282 ἔξω
2960 2218 3278 2286 γενόμενος,
3325 2219 3423 2269 καὶ
3476 2215 3718 2285 ὑπερόὰς

2149 2311 2211 2361 τὸ
2281 2308 2441 2377 σῶμα
2500 2308 2860 2379 ἁποῤῥήτως,
2902 2308 3006 2379 όρᾷ
3056 2308 3198 2361 κατὰ
3257 2306 3421 2376 φύσιν
3474 2307 3572 2361 τοῦ
3629 2306 3712 2359 νοῦ

2148 2403 2429 2463 ἀπλανῶς.
2483 2401 2584 2455 Διά
2654 2399 2815 2453 τοῦτό
2876 2417 3013 2470 φησι
3069 2402 3166 2454 ml.
3212 2402 3241 2453 ὀ
3305 2400 3450 2463 θεῖος
3489 2399 3719 2461 Παῦλος,

2157 2491 2302 2551 Οἶδα
2362 2494 2703 2563 ἄνθρωπον,
2748 2495 2870 2547 εἴτε
2944 2494 3014 2546 ἐν
3085 2492 3314 2563 σώματι
3384 2495 3497 2547 οὐκ
3567 2488 3724 2553 οἶδα,

2148 2588 2271 2640 εἴτε
2302 2586 2479 2651 ἐκτὸς
2514 2584 2620 2638 τοῦ
2676 2584 2954 2651 σώματος
2983 2586 3095 2639 οὐκ
3141 2580 3295 2648 οἶδα,
3331 2586 3425 2638 καὶ
3454 2585 3520 2637 τὰ
3572 2584 3721 2651 ἑξῆς.

2233 2679 2335 2734 Ἐν
2351 2677 2741 2745 ἀκαρεῐποτε.
2758 2675 2852 2729 Ἐν
2879 2676 3155 2746 ἀκαριαίῳ
3171 2677 3265 2730 καὶ
3286 2676 3599 2745 ἁδιαστὰτῳ
3628 2677 3722 2728 καὶ

2150 2774 2272 2827 λίαν
2306 2773 2655 2845 βραχυτάτῳ.

2148 2945 2270 2999 quae
2307 2938 2569 2985 eventura
2602 2929 2749 2994 sint;
2783 2928 2899 2984 ﬁeri
2950 2929 3173 3000 quidem
3222 2943 3370 2985 certe
3404 2931 3722 3001 hujusmodi

2150 3018 2534 3087 praedictiones
2568 3034 2598 3074 a
2636 3018 2803 3073 bonis
2832 3018 3123 3078 dilueidas.
3151 3028 3209 3074 et
3241 3021 3412 3076 animi
3458 3022 3726 3076 alacrita-

2151 3120 2259 3165 tem
2307 3120 2612 3174 moventes,
2639 3112 2732 3166 sed
2764 3126 2794 3165 a
2828 3111 3011 3166 noxiis
3039 3122 3097 3167 et
3128 3111 3347 3167 infestis
3388 3116 3725 3168 contrarias.

2142 3204 2212 3258 At
2250 3202 2490 3257 hominis
2521 3203 2808 3272 phantasia
2839 3219 2945 3257 non
2974 3211 3058 3258 est
3086 3203 3348 3266 circulus,
3386 3206 3481 3258 sed
3518 3206 3731 3260 latente

2142 3295 2379 3366 quadam
2437 3295 2491 3350 vi
2543 3297 2742 3366 ﬁguras
2796 3312 2981 3350 rerum
3033 3298 3377 3351 extrinsecus
3428 3296 3725 3351 ﬂuentium

2142 3388 2422 3457 recipiens
2467 3387 2781 3459 subjicitur,
2818 3388 2962 3442 haud
2998 3403 3161 3443 secus
3213 3399 3378 3458 atque
3429 3388 3598 3451 liber,
3632 3390 3729 3458 qui

2140 3479 2211 3535 ab
2246 3479 2608 3551 intelligentia
2633 3480 2833 3550 legitur
2862 3495 2927 3535 ac
2959 3481 3350 3550 perlustratur,
3385 3482 3519 3534 etin
3555 3482 3731 3535 rebus

2141 3573 2350 3642 apertis
2379 3581 2435 3627 et
2460 3572 2773 3639 conspicuis
2805 3569 3107 3626 domestice
3144 3571 3256 3640 ipsa
3284 3571 3516 3640 scipsam
3558 3571 3733 3627 docet

2141 3682 2203 3723 ea
2228 3680 2348 3735 quae
2367 3662 2659 3717 admittere
2686 3660 2766 3715 fas
2792 3671 2896 3722 est,
2916 3662 3010 3715 sed
3045 3662 3097 3716 in
3129 3661 3379 3716 obscuris
3411 3660 3517 3715 sibi
3550 3660 3726 3714 etiam

2143 3756 2363 3813 asciSt-it
2408 3754 2811 3810 intellectuales
2863 3752 3061 3807 animae
3110 3751 3275 3816 vires,
3324 3761 3383 3807 et
3436 3750 3496 3805 tit
3548 3753 3728 3808 veluti

2141 3848 2357 3905 consilii
2395 3844 2651 3915 captandi
2694 3847 3099 3913 receptaculum
3152 3843 3221 3897 de
3257 3845 3425 3898 rebus
3466 3844 3722 3912 agendis.

2140 3940 2352 3995 Etenim
2399 3936 2759 4004 intelligentia
2794 3936 2897 3989 nisi
2936 3935 3005 3989 ab
3040 3935 3436 4007 imaginatione
3478 3936 3727 3989 medita-

2139 4034 2319 4087 tiones
2369 4038 2675 4091 mutuetur,
2725 4041 2834 4081 non
2870 4028 3125 4084 obtinent
3168 4027 3314 4081 circa
3364 4028 3609 4097 genitam
3661 4041 3727 4083 ac

2139 4123 2384 4193 fragilem
2414 4137 2597 4176 rerum
2627 4131 2878 4175 naturam
2908 4121 3074 4174 ullam
3109 4119 3428 4174 eilicaeiam.

2216 4215 2317 4269 Per
2350 4216 2538 4286 ipsum.
2576 4213 2913 4268 Facultatem
2947 4213 3137 4282 utique
3170 4213 3250 4267 τοι
3286 4213 3615 4281 potentiam.

2212 4310 2345 4364 Cum
2382 4309 2509 4364 alio.
2558 4309 2614 4363 Id
2665 4322 2771 4374 εει,
2809 4324 2933 4363 cum
2985 4307 3187 4363 mentis
3240 4306 3607 4375 intelligentia
3663 4314 3727 4365 ut.

456 4400 514 4443 et
537 4390 770 4446 aliorum
794 4391 1107 4453 Graecorum
1136 4399 1315 4465 sequi.
1339 4400 1605 4453 Asserunt
1631 4402 1778 4456 enim
1810 4404 1884 4457 illi
1908 4418 2030 4459 esse
2062 4405 2115 4468 Ι)
2140 4402 2457 4472 plurimum.

457 4483 706 4552 quaedam
726 4486 995 4543 daemonia
1015 4488 1159 4542 circa
1193 4498 1390 4545 terram
1418 4500 1473 4544 et
1496 4506 1703 4556 aerem,
1724 4498 2029 4553 crassitiem

456 4577 681 4647 quidem
715 4577 971 4635 habentia
1002 4594 1060 4635 et
1088 4584 1623 4654 coagmentationem
1656 4586 2033 4646 aﬂ‘ectionem-

456 4686 588 4740 que,
620 4671 875 4729 humanis
918 4674 1094 4730 oculis
1143 4674 1464 4742 invisibilia,
1506 4677 1597 4747 qui
1642 4679 1863 4748 quidem
1911 4686 2031 4739 sani

458 4760 591 4827 sint,
634 4779 757 4835 quat
787 4772 845 4820 et
871 4776 1092 4836 spectra
1120 4776 1343 4830 vocant,
1373 4778 1665 4840 propterea
1702 4774 1849 4841 quod
1876 4775 2030 4829 inco-

456 4856 663 4913 lumem
709 4858 952 4913 retinent
996 4868 1051 4914 et
1081 4872 1433 4927 conservant,
1480 4862 1699 4932 opinor,
1734 4866 2030 4933 quamdam

460 4950 688 5016 ﬁguram
716 4958 773 5003 et
806 4949 1023 5005 inanem
1054 4953 1294 5020 speciem
1324 4968 1389 5007 ac
1415 4954 1834 5010 similitudinem
1872 4974 2036 5028 ange-

458 5039 580 5093 licae
605 5050 660 5094 et
686 5056 716 5094 a
758 5042 987 5097 materia
1018 5044 1334 5100 scmotioris
1370 5057 1602 5110 naturae,
1633 5061 1697 5101 ex
1743 5064 1851 5117 qua
1885 5050 2035 5119 lapsa

461 5143 614 5196 sunt,
639 5142 695 5187 et
726 5145 993 5204 corruptu
1020 5136 1245 5205 quidem
1279 5138 1542 5205 dilhcilia,
1571 5140 1665 5195 sed
1696 5158 1802 5195 non
1836 5158 2033 5213 perpe-

462 5233 557 5276 tuo
590 5222 945 5293 immortalia,
975 5243 1165 5281 eorum
1196 5230 1454 5284 nonnulla
1503 5232 1661 5284 noxia
1708 5241 1763 5285 et
1795 5233 2032 5301 maligna

465 5324 618 5379 sunt,
654 5316 761 5371 alia
796 5333 925 5371 vero
972 5319 1241 5375 beneﬁca.
1272 5321 1443 5375 Aiunt
1469 5324 1652 5393 itaque
1681 5324 1873 5379 eadem
1906 5342 2033 5395 pro-

460 5406 588 5479 pius
633 5407 703 5461 ad
742 5409 994 5465 homines
1038 5413 1323 5477 accedere,
1360 5416 1550 5485 eisque
1599 5432 1658 5471 se
1708 5416 2030 5487 adjungere,

458 5499 596 5570 ipsis
620 5502 965 5571 potissimum
994 5503 1418 5575 dormientibus,
1444 5523 1506 5563 ac
1539 5508 1831 5578 DrJ‘dlCCTC
1860 5510 2032 5568 multa

530 5692 545 5724 ⁸
581 5690 624 5746 ll
659 5690 785 5748 Cor.
819 5710 914 5761 stt,
956 5696 1009 5749 Ξ.

2221 4488 2447 4543 Visionis
2482 4500 2738 4559 expertes.
2780 4488 2885 4544 Sed
2924 4488 3224 4558 phantasia:
3258 4504 3553 4546 connexas.

2214 4582 2336 4637 Nisi
2365 4583 2648 4652 quispiam.
2682 4580 2795 4636 Hoc
2826 4591 3079 4652 excepto.

2212 4678 2277 4732 In
2302 4679 2516 4730 minimo
2541 4674 2790 4744 temporis
2812 4687 3027 4743 puncto.
3048 4673 3519 4742 Quemadmodum
3540 4674 3725 4729 divini

2142 4769 2441 4839 prophetae.
2500 4776 2565 4822 ac
2618 4768 2779 4822 divus
2842 4768 3069 4831 Paulus,
3123 4766 3415 4836 repentino
3473 4768 3723 4835 quodam
3810 4796 3821 4804 -

2144 4860 2343 4915 mentis
2396 4875 2621 4913 excessu
2655 4869 2811 4914 extra
2856 4875 2915 4914 se
2953 4858 3113 4929 rapti.
3173 4857 3327 4911 Tunc
3372 4858 3521 4912 enim
3559 4873 3724 4911 mens

2141 4955 2255 5023 ipsa
2288 4953 2694 5023 quodammodo
2723 4964 2878 5006 extra
2924 4950 3210 5006 materiam
3255 4950 3450 5019 posita,
3480 4960 3532 5002 et
3570 4967 3722 5018 pra:-

2140 5062 2418 5117 tergressa
2454 5061 2679 5133 co.rpus,
2722 5046 2938 5100 occulte
2990 5044 3169 5100 cernit
3208 5043 3510 5097 secundum
3554 5052 3723 5094 natu-

2139 5155 2255 5194 ram
2290 5139 2491 5194 mentis
2541 5138 2659 5192 sine
2695 5138 2808 5192 ullo
2837 5153 3047 5191 errore.
3084 5137 3217 5192 Eam
3264 5136 3335 5191 ob
3383 5150 3603 5189 causam
3639 5134 3723 5186 ait

2138 5234 2299 5287 divus
2329 5232 2531 5286 Paulus
2551 5231 2567 5262 ⁸
2596 5248 2609 5283 :
2646 5229 2764 5285 Scio
2796 5231 3078 5294 hominem,
3108 5231 3213 5284 sive
3243 5231 3298 5284 in
3331 5243 3570 5297 corpore,
3602 5227 3721 5279 sive

2136 5334 2287 5378 extra
2318 5339 2506 5389 corpus
2540 5324 2732 5387 nescio,
2765 5333 2819 5376 et
2852 5324 3082 5392 reliqua.

2210 5419 2271 5473 In
2306 5419 2521 5471 minimo
2548 5420 2798 5487 temporis
2833 5427 3049 5487 puncto.
3077 5418 3132 5471 In
3162 5416 3398 5477 modico,
3423 5414 3714 5476 continuo,

2136 5512 2252 5566 sive
2289 5510 2396 5565 ulla
2427 5509 2832 5565 intermissione
2860 5509 3002 5567 facto
3039 5518 3089 5565 et
3133 5506 3474 5563 brevissimo.
