4068 6204
378 449 608 516 Ἕσχεγ
635 447 861 515 διδους.
901 448 972 503 Ἥ
1002 449 1078 514 ὡς
1109 449 1260 514 θείας
1288 450 1636 521 ὲλλάμψεως.

377 541 452 596 Τὸ
471 541 1017 612 δὲῠπερκύψαεπιί
1059 543 1135 608 ὡς
1159 545 1260 614 τὴν
1323 544 1510 612 νόησιν
1575 542 1886 613 ὑπερϐῆναι

306 631 404 703 τὴν
442 635 776 699 φαντασίαν.
1341 657 1348 664 ’

369 728 672 784 Χαλεπόν.
705 727 871 782 ὀσον
892 729 1004 800 γάρ
1049 731 1170 784 ἐστι
1204 729 1466 800 χαλεπὸν,
1498 727 1755 784 τοσοῦτον
1784 725 1884 780 καὶ

308 816 564 888 εὔδαιμον
595 821 658 872 τὸ
681 821 1024 892 ὑπερκύψαι.

375 913 558 980 Φησὶ.
599 911 659 966 ὐ
685 913 937 968 Πλάτων.

379 1003 500 1071 Τὴν
529 1003 944 1072 ἀφάνταστον.
982 1007 1100 1075 Τὴν
1133 1008 1352 1075 νοιράν.

369 1097 861 1165 Προσεόλημένη.
937 1099 1316 1170 Προτιθεμὲνη
1386 1103 1484 1156 καὶ
1553 1101 1880 1172 φαινομένη.

383 1186 455 1238 Τό
504 1186 573 1252 τέ
623 1203 714 1239 τοι
757 1189 1020 1258 πνεῦμα.
1077 1190 1188 1260 Τὴν
1227 1191 1534 1260 φαντασίαν
1599 1193 1732 1246 ποτὲ
1781 1193 1884 1262 μὲν

305 1278 674 1343 φανταστικόν
705 1297 842 1349 φησι
867 1281 1113 1351 πνεῦμα,
1136 1283 1266 1336 ποτὲ
1303 1284 1360 1335 δὲ
1376 1283 1611 1354 ψυχικὸν
1635 1285 1879 1356 πνεῦμα,

303 1368 434 1419 ποτὲ
469 1367 527 1422 δὲ
567 1371 726 1440 σῶμα
767 1373 987 1442 πρῶτον
1039 1373 1244 1446 ψυχῆς,
1279 1377 1412 1430 ποτὲ
1467 1376 1525 1430 δὲ
1570 1393 1881 1447 πνευματι-

301 1461 402 1526 κὴν
451 1459 654 1531 ψυχὴν,
706 1465 840 1518 ποτὲ
874 1464 932 1518 δὲ
968 1468 1149 1522 κοινὸν
1199 1469 1328 1540 ὅρον
1381 1469 1566 1540 ψυχῆς
1613 1471 1712 1526 καὶ
1767 1470 1880 1524 σώ-

304 1567 498 1618 ματος.

373 1645 430 1696 Ψ
435 1648 672 1712 υχικόν.
713 1647 786 1702 Ἢ
817 1649 894 1714 ὡς
925 1650 988 1704 τὸ
1021 1655 1417 1720 φανταστικόν.

372 1739 436 1788 Ut
461 1739 843 1810 εὐδαίμονες.
873 1745 937 1798 Oi
961 1745 1070 1800 τῶν
1121 1749 1444 1816 Δίγυπτίων
1487 1750 1875 1821 ἱερογραμμα-

301 1833 435 1893 τεῖς.

371 1924 476 1978 Kal
508 1925 758 1996 δαίμων.
789 1931 952 1986 Κατὰ
973 1932 1074 2004 τὴν
1105 1934 1304 1988 ἑαυτοῦ
1327 1937 1663 2007 προήχησιν.

365 2016 582 2083 How-dc
593 2057 608 2072 .
655 2018 942 2084 Κολάσεις.
1109 2035 1120 2042 ·

379 2106 484 2162 Ἐν
509 2111 724 2177 τούτῳ.
773 2113 1229 2172 Ἀνταποδίδωσι.

367 2201 644 2270 Χρησμοί
665 2221 750 2261 τε.
783 2207 1041 2262 Παλαιοί.

369 2295 554 2364 "Or-ap
599 2303 990 2368 φαντασίαις.
1059 2299 1188 2368 Ofe;
1233 2305 1344 2376 γὰρ
1389 2307 1418 2357 ὁ
1467 2305 1584 2376 βίος
1633 2308 1873 2380 ἑκάστῳ,

299 2386 548 2440 τοιαῦται
588 2392 686 2444 καὶ
732 2391 868 2462 ὄναρ
912 2395 1230 2462 φαντασίαι,
1291 2397 1388 2449 καὶ
1442 2398 1586 2450 κατὰ
1618 2398 1682 2451 τὸ
1729 2400 1878 2465 εἰκὸς

299 2479 446 2550 αὑτῷ
475 2481 726 2548 ἕπονται,
767 2486 935 2538 οἱονεὶ
990 2486 1384 2558 μεθημερινῶν
1413 2491 1712 2557 φροντίδων
1736 2492 1878 2562 ἀπη-

301 2575 519 2640 κήματα
605 2571 802 2630 οὖσαι·
871 2579 969 2632 καὶ
1042 2575 1160 2635 οἷαι
1225 2582 1284 2634 αί
1359 2582 1491 2652 θναρ
1559 2583 1874 2651 φαντασίαι,

301 2667 562 2738 τοιαύτην
631 2669 784 2732 εἰκὸς
839 2669 936 2723 καὶ
997 2673 1098 2741 τὴν
1159 2672 1506 2725 κατάστασιν
1567 2672 1708 2740 μετὰ
1777 2672 1877 2740 τὴν

299 2757 387 2810 τοῦ
444 2759 702 2832 σώματος
750 2763 1078 2835 ἀπαλλαγὴν
1132 2765 1414 2834 εὑρίσκειν
1471 2766 1592 2818 ἐκεῖ
1637 2765 1738 2834 τὴν
1776 2764 1878 2835 ψυ-

299 2866 423 2919 χην.

365 3006 845 3065 Contrectationem
875 3011 1120 3066 habuerit
1145 3013 1332 3080 [orum
1360 3011 1598 3066 materiae
1626 3013 1874 3078 expertis.

301 3101 502 3172 Nempe
532 3105 798 3159 doctrina:
835 3106 1110 3160 divinitus
1140 3105 1442 3174 inspiratus.

365 3193 532 3262 Super
562 3197 810 3264 phantas.
843 3199 1164 3267 prospicere.
1217 3197 1284 3254 Ut
1335 3215 1461 3255 cum
1515 3201 1872 3274 intelligentia

301 3289 694 3358 transgreditur
721 3289 1094 3360 phantasiam.

362 3405 606 3458 Arduum
657 3413 754 3461 est.
807 3405 1026 3472 Quanto
1077 3423 1168 3462 res
1223 3417 1309 3464 est
1366 3408 1666 3472 difﬁcilior,
1717 3419 1873 3466 tanto

299 3497 512 3553 beatior
547 3505 688 3554 ultra
720 3500 1132 3570 imaginationis
1169 3503 1487 3560 facultatem
1527 3508 1870 3576 prospicere.

367 3593 474 3646 Ait.
507 3591 679 3648 Plato.

363 3686 756 3754 Iruaginatiane
797 3690 1086 3758 privatam.
1132 3689 1363 3746 Ratione
1403 3699 1460 3746 et
1509 3689 1871 3761 intelligentia

301 3779 600 3846 pneditam.

361 3893 602 3965 Objectu.
623 3897 794 3954 Nobis
817 3899 1061 3955 exhibita
1083 3909 1138 3956 et
1161 3901 1216 3954 in
1237 3909 1595 3970 conspectum
1625 3909 1764 3953 llOSll
1781 3915 1872 3952 um

292 3999 540 4040 vemens.

363 4099 418 4154 Is
444 4103 638 4174 quippe
671 4103 910 4172 spiritus.
951 4105 1405 4176 imaginationem
1442 4107 1737 4176 aliquoties
1773 4122 1872 4161 vo-

297 4205 382 4249 cat
447 4195 702 4266 spiritum
760 4197 1188 4266 pliantasticum,
1231 4199 1528 4268 aliquando
1584 4200 1872 4254 animalem

295 4289 572 4358 spiritum,
635 4291 909 4346 interdum
977 4308 1178 4366 corpus
1219 4295 1453 4363 primum
1488 4295 1704 4357 animai,
1737 4310 1873 4348 non-

295 4397 579 4468 nunquam
630 4383 975 4452 Spiritnalcm
1033 4385 1303 4450 aninmm,
1355 4387 1686 4456 quandoque
1743 4403 1874 4442 vero

297 4492 646 4532 Communem
685 4482 979 4534 terminum
1008 4485 1260 4552 corporis
1285 4491 1338 4538 et
1366 4482 1588 4537 animm.

363 4567 646 4623 Animalia.
680 4569 882 4639 Nempe
921 4571 1316 4640 phantastieus.

365 4655 591 4712 Felices.
625 4661 780 4728 Apud
813 4660 1100 4734 Egyptios
1124 4663 1264 4716 sacri
1301 4667 1620 4732 scriptores.

364 4747 586 4804 Genius.
625 4751 940 4805 Secundum
977 4753 1099 4822 ejus
1135 4753 1407 4807 habitum.

371 4843 578 4898 Poenas.
616 4843 1042 4913 Castigationes,
1079 4847 1518 4903 entendatioues.

369 4935 436 4988 In
461 4953 521 4990 eo
551 4937 670 4992 lnit.
705 4938 1004 4996 Retribuit.

366 5025 620 5081 0racu!a.
656 5029 866 5084 Prisca.

379 5139 700 5196 Visionibus.
737 5139 926 5211 Qualis
953 5151 1040 5198 est
1080 5143 1226 5198 enim
1261 5145 1530 5214 cujusque
1564 5145 1694 5212 vita,
1739 5147 1876 5202 tales

293 5235 462 5288 etiam
493 5235 639 5290 inter
661 5236 1046 5291 dormiendum
1074 5238 1522 5307 imaginationes,
1554 5248 1610 5293 et
1639 5255 1873 5294 consen-

295 5337 470 5382 tanea:
497 5343 624 5382 eum
651 5337 980 5396 sequuntur,
1006 5345 1126 5398 qua:
1157 5329 1323 5383 veluti
1355 5329 1678 5382 diurnarum
1709 5347 1874 5385 cura-

295 5429 417 5468 rum
469 5415 720 5485 reliquiae
758 5426 1118 5488 extremaque
1152 5417 1378 5486 vestigia
1405 5425 1555 5473 sunt.
1595 5419 1657 5472 Et
1689 5419 1875 5488 cujus-

293 5507 443 5562 modi
473 5517 608 5564 sunt
637 5509 692 5562 in
717 5511 903 5580 quiete
928 5511 1216 5580 imagines,
1241 5529 1336 5581 par
1358 5521 1410 5566 et
1439 5520 1870 5566 consentaneum

289 5615 518 5669 quoque
559 5610 663 5667 est,
707 5613 766 5657 ut
807 5604 968 5658 talem
1007 5605 1214 5671 pariter
1258 5605 1712 5658 constitutionem
1751 5615 1872 5673 post

296 5693 682 5756 tl'l;:l’:ll.ltlnt‘lll
745 5705 800 5750 ct
863 5697 1114 5765 corporis
1173 5699 1452 5750 interitum
1515 5697 1622 5751 illic
1689 5697 1871 5750 tuiima

293 5789 552 5854 repetiui.

1216 335 1548 396 SCHOLIA
1587 332 1670 394 ΙΝ
1714 333 2106 402 ΞΥΝΕὸυῦΜ
2139 338 2239 396 DE
2281 334 2711 398 INSOMNIIS.

1913 454 1958 510 Α
2063 453 2226 507 Ἐκεῖ
2245 452 2646 520 διεξαγωγὴν.
2673 451 2838 519 Ζήτει
2859 445 3022 516 λόγον
3053 443 3152 500 τοῦ
3173 445 3484 510 Πλάτωνος,
3503 447 3564 499 ὃν

1899 3150 1946 3208 (Ζ

3462 333 3566 398 570

1989 546 2290 614 ἐπιγράφει
2305 544 2600 598 Φαίδωνα.

2059 637 2166 690 Kal
2200 637 2238 702 ἠ
2267 639 2628 704 φιλοσοφία.
2671 632 2810 701 Φησὶ
2867 631 2980 702 γὰρ
3031 632 3060 685 ὁ
3109 629 3334 684 Πλάτων
3392 630 3447 681 ἐν
3482 628 3564 696 τῷ

1989 729 2114 796 περὶ
2143 727 2323 796 ψυχῆς
2377 728 2524 798 λόγῳ
2561 727 2672 780 ἀπὸ
2705 725 3004 795 προσώπου
3053 723 3150 776 τοῦ
3211 722 3562 792 Σωκράτους,

1985 820 2068 872 ὅτι
2102 819 2279 889 Πολλὴ
2309 818 2466 882 ἐλπὶς
2495 818 2820 888 ἀφικομένῳ
2851 817 2982 879 τινὶ,
3005 811 3066 871 οὗ
3092 815 3204 883 ἐγὼ
3229 815 3560 882 πορεύομαι,

1989 911 2194 974 ἱκανῶς
2225 913 2363 976 ἐκεῖ,
2399 913 2561 980 εἴπερ
2583 929 2687 964 που
2741 911 2949 976 ἄλλοθι,
3013 909 3322 980 κτήσασθαι
3372 907 3560 970 τοῦτο,

1985 1005 2046 1059 οὖ
2077 1006 2242 1060 ἕνεκα
2270 1008 2404 1076 ἡμῖν
2431 1008 2464 1075 ή
2501 1006 2672 1076 πολλὴ
2699 1006 3060 1076 πραγματεία
3100 1007 3158 1058 ὲν
3219 1004 3296 1072 τῷ
3327 1003 3560 1071 παρόντι

1987 1099 2086 1168 βίῳ
2115 1100 2344 1168 γέγονεν
2363 1115 2378 1130 ⁸
2417 1099 2558 1152 ὥστε
2587 1099 2621 1170 ἥ
2653 1115 2714 1152 τε
2743 1098 3026 1169 ἀποδημία
3055 1099 3088 1167 ἡ
3119 1097 3216 1151 νῦν
3239 1099 3364 1165 ἐμοὶ
3381 1113 3557 1165 προσ-

1984 1195 2298 1260 τεταγμένη
2337 1190 2480 1260 μετὰ
2503 1191 2718 1258 ἀγαθῆς
2740 1189 2956 1252 ἐλπίδος
2995 1189 3234 1259 γίνεται,
3271 1189 3363 1242 καὶ
3411 1188 3560 1255 ἄλλῳ

1983 1283 2142 1354 ἀνδρὶ¹
2173 1281 2234 1345 ὃς
2264 1283 2480 1354 ἡγεῖταί
2513 1284 2561 1334 oi
2598 1281 3134 1351 παρασκευάσασθαι
3171 1281 3271 1350 τὴν
3315 1281 3561 1334 διάνοιαν

1981 1374 2173 1445 ὥσπερ
2203 1375 2652 1445 κεκαθαρμένην.
2693 1373 2986 1442 Κάοαρσις
3019 1373 3075 1426 δὲ
3101 1373 3270 1440 αὐτῆς
3299 1372 3361 1424 τὸ
3391 1373 3558 1440 χωρί-

1982 1467 2098 1530 ζειν
2129 1467 2211 1520 ὅτι
2241 1468 2478 1535 μάλιστα
2508 1467 2618 1520 ἀπὸ
2661 1465 2758 1520 τοῦ
2795 1465 3048 1535 σώματος
3081 1465 3182 1535 τὴν
3229 1465 3428 1533 ψυχὴν,
3465 1465 3559 1516 καὶ

1980 1545 2184 1622 ἐθίζειν
2207 1559 2382 1627 αὐτὴν
2413 1558 2756 1628 πανταχόθεν
2815 1559 2880 1610 ὲκ
2933 1556 3028 1610 τοῦ
3083 1555 3337 1624 σώματος
3393 1570 3560 1605 συνα-

1979 1650 2262 1720 γείρεσθαί
2329 1669 2390 1705 τε
2468 1653 2570 1706 καὶ
2613 1649 3064 1721 συναθροίζεσθαι
3122 1649 3316 1714 ὥσπερ
3359 1645 3560 1714 ἑκζδε-

1981 1761 2156 1814 σμων.

1910 1797 1954 1854 Β
2017 1797 2164 1886 ,Καὶ
2198 1833 2237 1901 ἠ
2268 1837 2623 1904 φιλοσοφία.
2671 1835 2736 1888 Ἦ
2788 1834 2884 1888 τοῦ
2919 1833 3230 1897 Πλάτωνος,
3292 1831 3388 1884 καὶ
3441 1829 3558 1882 ὅσοι

1980 1924 2104 1980 κατ’
2135 1927 2348 1980 ἐκεῖνον
2375 1925 2686 1996 σύμφωνοι.

2053 2013 2224 2074 Εἶναι
2245 2018 2562 2087 δευτέρων.
2584 2021 2705 2072 Τῶν
2744 2019 2888 2090 μετὰ
2923 2018 3179 2074 θάνατον.

2059 2111 2212 2178 Τοὺς
2236 2112 2532 2180 πρώτους.
2577 2115 2718 2184 Περὶ
2759 2113 2853 2178 οὓς
2903 2113 3146 2168 ἐνταῦθα
3191 2114 3226 2184 ἡ
3284 2114 3558 2182 φαντασία

1981 2204 2379 2273 ἑνασχολεῖται.

2045 2297 2218 2352 Αὐτό.
2257 2299 2330 2351 Τὸ
2363 2299 2760 2368 φανταστικόν.

2049 2392 2726 2463 Ἐναποιιοργννυμένης.
2798 2393 2909 2446 Καὶ
2975 2385 3070 2446 οὖν
3132 2393 3234 2462 τῆς
3311 2391 3560 2462 χείρονος

1979 2481 2172 2548 ἕξεως.

2054 2575 2308 2642 Κηλῖδα.
2347 2575 2634 2646 Ἀφιείσης
2663 2576 2742 2636 εἰς
2771 2575 2906 2628 αὐτὸ
2937 2575 3133 2644 ῥύπον.

2050 2668 2180 2720 PAO.
2213 2667 2338 2722 158.
2370 2668 2636 2734 Αἶρεται.
2669 2667 2745 2718 Τὸ
2771 2667 3166 2735 φανταστικόν.

2054 2760 2416 2827 Θερμότητα.
2453 2763 2522 2814 'A
2551 2761 2946 2830 προσγίνονται
2993 2761 3086 2814 διὰ
3133 2761 3409 2830 νηστείας,
3463 2761 3560 2815 καὶ

1981 2851 2312 2920 ἀγρυπνίας,
2349 2853 2444 2908 καὶ
2473 2854 2885 2918 ταπεινώσεως.

2055 3012 2234 3066 Animi
2259 3013 2443 3068 vitam.
2475 3013 2719 3068 Platonis
2764 3029 3078 3070 sermonem
3110 3013 3350 3084 inquire,
3391 3029 3556 3083 quem

1981 3102 2300 3158 Pliwdonem
2331 3103 2639 3174 inscripsit.

2055 3196 2122 3248 Et
2164 3196 2522 3265 pliilosOphia.
2561 3197 2654 3250 Ait
2699 3195 2847 3249 enim
2879 3195 3035 3249 Plato
3073 3195 3128 3248 in
3158 3193 3248 3248 illa
3279 3193 3348 3247 de
3387 3190 3558 3248 animi

1981 3287 2396 3340 immortalitate
2451 3287 2704 3342 oratione
2776 3285 2882 3340 sub
2941 3283 3188 3340 Socratis
3244 3296 3480 3352 persona
3539 3299 3554 3336 :

1980 3378 2248 3442 Quoniam
2307 3395 2500 3448 magna
2551 3380 2960 3448 vehemensque
3007 3391 3136 3445 spes
3180 3385 3266 3430 est
3313 3373 3556 3442 cuipiam

1981 3469 2114 3524 illuc
2160 3469 2337 3532 eunti,
2391 3485 2503 3539 quo
2551 3485 2652 3538 ego
2709 3467 3052 3538 proﬁciscor,
3089 3466 3133 3520 si
3173 3463 3400 3528 alicubi,
3449 3463 3560 3518 illic

1979 3564 2144 3617 etiam
2181 3561 2388 3618 aﬂ‘atim
2417 3579 2482 3618 ac
2504 3561 2846 3617 sullieienter
2882 3561 3003 3631 ejus
3035 3559 3112 3613 rei
3152 3571 3212 3612 se
3241 3563 3556 3625 compotem

1983 3655 2283 3722 ﬁeri,cujns
2307 3657 2480 3726 gratia
2503 3655 2556 3708 in
2587 3653 2688 3708 hac
2715 3652 2970 3724 prmsenti
2995 3661 3049 3706 et
3071 3649 3278 3704 caduca
3305 3648 3418 3702 vita
3445 3661 3554 3702 tam

1980 3749 2202 3802 assidua
2227 3748 2644 3818 frequentiaque
2671 3747 3005 3814 suscipimus
3031 3741 3266 3812 negotia.
3288 3739 3558 3806 Quocirca

1982 3841 2100 3896 huic
2145 3841 2398 3912 migratio
2453 3841 2510 3894 in
2561 3841 2856 3909 prasentia
2906 3837 3040 3893 mihi
3094 3835 3339 3906 iniuncta
3393 3843 3558 3901 atque

1981 3935 2300 4002 praascripta
2333 3949 2458 3988 eum
2497 3934 2638 3987 bona
2669 3949 2766 4003 spe
2797 3930 3088 4000 contingit,
3119 3943 3352 3996 eamque
3377 3927 3555 3980 liben-

1982 4031 2066 4078 ter
2091 4025 2354 4094 suscipio.
2387 4023 2655 4079 Similiter
2693 4025 2876 4094 quivis
2911 4022 3054 4076 alius
3075 4023 3170 4091 qui
3201 4027 3356 4089 putat
3399 4031 3558 4071 suam

1981 4125 2220 4172 mentem
2247 4118 2399 4174 velut
2427 4118 2718 4186 expiatam,
2746 4128 2802 4174 et
2828 4117 3086 4172 vitiorum
3121 4109 3558 4182 inquinamentis

1980 4225 2044 4266 ac
2099 4211 2359 4266 sordibus
2409 4219 2718 4282 purgatam.
2773 4211 2906 4280 Ejus
2969 4223 3138 4280 porro
3193 4205 3452 4263 lustratio
3501 4212 3560 4256 et

1981 4303 2224 4372 expiatio
2255 4315 2364 4368 est,
2416 4314 2475 4358 ut
2521 4318 2686 4374 quam
2725 4301 2962 4356 maxime
2992 4301 3237 4354 animum
3265 4313 3295 4351 a
3325 4307 3558 4364 corpore

1983 4411 2354 4464 segregemus,
2405 4406 2464 4450 et
2520 4411 2648 4450 cum
2703 4392 3138 4450 assuefaciamus
3189 4389 3558 4455 undecunque

1981 4499 2134 4541 extra
2161 4503 2364 4556 corpus
2402 4489 2584 4558 colligi
2617 4499 2672 4542 et
2705 4485 3027 4550 convocari,
3065 4493 3324 4551 tanquam
3367 4479 3560 4532 vincu-

1979 4580 2049 4632 lis
2083 4580 2298 4635 solutus
2331 4582 2422 4636 sit.

2051 4667 2118 4722 Et
2156 4671 2506 4740 philosophia.
2559 4670 2779 4726 Scilicet
2819 4667 3084 4730 Platonis,
3127 4676 3184 4718 et
3215 4675 3410 4718 eorum
3459 4658 3556 4729 qui

1979 4759 2124 4815 idem
2151 4777 2277 4816 cum
2305 4763 2400 4816 illo
2425 4763 2694 4824 sentiunt,
2729 4769 3004 4830 quotquot
3037 4769 3191 4812 sunt.

2055 4855 2445 4910 Secundarum.
2483 4857 2808 4924 Earumque:
2837 4863 2958 4924 post
2989 4859 3222 4908 mortem
3261 4847 3558 4904 eveniunt.

2053 4947 2246 5005 Priuas
2277 4951 2482 5004 uiuendi
2513 4951 2766 5003 rationes.
2793 4948 2952 5003 Circa
2978 4960 3117 5015 quas
3149 4943 3204 4998 in
3238 4943 3402 5012 hujus
3434 4941 3560 4995 vita:

1979 5043 2202 5098 caduca!
2227 5044 2508 5099 curriculo
2533 5042 2868 5113 imaginandi
2905 5041 3139 5094 facultas
3163 5044 3488 5107 occupatur.

2047 5140 2208 5192 Eum.
2241 5136 2505 5207 Spiritum
2540 5136 2970 5206 pbantastieum.

2053 5230 2431 5298 Abstergeutis.
2469 5230 2530 5284 Et
2566 5229 2774 5299 pejoris
2807 5228 2976 5297 igitur
3015 5226 3261 5280 habitus.

2051 5321 2386 5392 Squalerem.
2421 5322 2478 5376 In
2523 5338 2648 5378 eum
2684 5319 2990 5376 emittentis
3039 5317 3382 5374 immundam
3435 5318 3565 5374 illu-

1981 5417 2150 5472 viem.

2053 5509 2326 5564 Elevatur.
2359 5509 2598 5580 Spiritus
2630 5509 3028 5580 phantasticus.

2049 5605 2275 5672 Propter
2304 5603 2554 5659 calorem.
2587 5603 2719 5668 Quae
2747 5601 3130 5657 interveniunt
3173 5604 3396 5667 propter
3419 5592 3564 5663 jeju-

1981 5697 2090 5762 nia,
2121 5695 2354 5765 vigilias,
2403 5711 2618 5751 necnon
2672 5695 3042 5750 humilitatem
3075 5691 3354 5753 animique
3405 5683 3560 5752 abie-

1979 5789 2238 5846 etionem.
