4068 6204
359 327 468 384 573

363 525 530 579 Θοῦσα
561 528 594 596 ἠ
637 527 983 598 φανταστικὴ
1017 527 1193 598 ψυχή.

434 619 564 683 Τοῖς
597 619 850 687 χείροσι.
881 620 1007 683 Τοῖς
1041 621 1268 682 ὑλικοῖς.

439 710 568 774 Τοῖς
596 713 962 778 κρείττοσιν.
997 711 1124 774 Τοῖς
1154 717 1388 785 νοεροῖς.

438 805 553 854 Ἢν
586 801 937 862 δανείζεται.
969 805 1189 876 Ταύτην
1241 807 1342 878 τὴν
1401 813 1777 882 φανταστικὴν
1831 813 1936 882 ψυ-

363 894 483 964 χήν.

441 987 580 1040 Ἀπὸ
624 987 744 1042 τῶν
771 991 1069 1060 σφαιρῶν.
1104 993 1341 1060 Σφαῖραι
1383 993 1618 1049 ἐνταῦθα
1652 1001 1936 1067 νοητεύον-

359 1097 449 1132 ται
473 1081 582 1134 ἀπὸ
604 1082 704 1152 τῆς
727 1082 957 1154 πρώτης
984 1084 1078 1137 καὶ
1105 1085 1385 1156 ἀνάστρου
1413 1087 1596 1157 πάσης
1629 1090 1793 1160 μέχρι
1831 1093 1934 1164 τῆς

363 1170 674 1242 σεληνικῆς.

435 1265 762 1326 Rationem.
807 1267 874 1320 Ἦ
907 1268 1103 1337 λογικὴ
1127 1269 1223 1322 κα)⁸
1261 1273 1448 1340 νοερὰ.

440 1355 522 1420 Τῷ
567 1358 909 1427 σωματικῷ.
964 1361 1154 1431 Τούτῳ
1212 1362 1288 1432 τῷ
1327 1365 1436 1416 ἀπὸ
1490 1366 1591 1436 τῆς
1639 1367 1933 1438 σεληνικῆς

363 1449 604 1518 σςςαξρας
647 1452 810 1522 μέχρι
849 1452 953 1522 τῆς
996 1457 1101 1524 γῆς
1141 1456 1219 1526 τῷ
1254 1459 1530 1530 γινομένῳ
1585 1461 1677 1513 καὶ
1708 1460 1932 1531 φθειρο-

367 1559 534 1610 μενῳ.

433 1635 510 1698 ’Ἠ
537 1637 930 1706 συναγαγεῖν.
955 1637 1096 1692 Μεθ’
1125 1640 1326 1714 ἑαυτῆς
1352 1623 1448 1696 καὶ
1483 1643 1584 1716 τὴν
1634 1663 1931 1714 φανταστι-

363 1729 462 1798 κὴν
485 1727 666 1799 ψυχήν

430 1817 620 1882 Μόλις
650 1818 771 1890 μὲν
801 1819 932 1888 γάρ.
975 1819 1226 1883 Σπανεως
1277 1822 1379 1892 μὲν
1415 1823 1630 1892 γίνεται
1684 1825 1843 1879 τοῦτο
1871 1824 1932 1878 τὸ
1967 1831 2007 1890 Β

361 1909 601 1976 ἀφεῖναι.

441 2001 628 2058 Ἀλλὰ
644 2001 884 2072 γένοιτ’.
913 2002 1058 2056 Ἀλλ’
1081 2003 1232 2074 ὅμως
1251 2007 1493 2078 ἐγχωρεῖ
1521 2007 1777 2076 γενέσθαι
1799 2007 1932 2061 ποτὲ

358 2092 454 2146 καὶ
475 2093 658 2147 τοῦτο.

425 2183 520 2256 Μὴ
550 2187 1000 2257 συνεπόμενον.
1039 2185 1112 2240 Τὸ
1154 2188 1520 2256 φανταστικὸν
1545 2179 1786 2258 πνεῦμα.

433 2279 514 2332 Οὐ
545 2279 655 2346 γὰρ
688 2278 873 2348 θέμις.
909 2280 983 2332 Οὐ
1017 2279 1124 2350 γὰρ
1155 2280 1364 2348 πρέπον
1393 2281 1511 2332 ἐστὶ
1543 2281 1622 2354 τῷ
1656 2281 1932 2351 ἀνθρώπῳ

359 2370 583 2432 ἐκείνοις
612 2371 888 2424 ἀπιστεῖν.
919 2370 1160 2441 Πρώτως
1205 2374 1548 2440 ὲγνωσμέναι
1582 2374 1721 2426 εἰσὶν
1751 2375 1807 2426 αἱ
1841 2390 1932 2426 τε·

358 2462 528 2515 ὶεταί.
573 2462 809 2526 Τελετὰς
840 2463 898 2516 δέ
933 2463 1162 2534 φησιτὰ
1209 2465 1454 2534 μυστικὰ
1516 2465 1607 2518 καὶ
1640 2465 1760 2540 ἱερᾶ
1808 2465 1932 2534 δόγ-

363 2571 528 2622 ματα.

423 2647 678 2714 Αισχρά.
715 2648 1193 2720 Κατησχυμμένη,
1216 2649 1432 2712 ἄδικος.

437 2735 800 2804 Ἐπάνοδος.
842 2739 977 2800 Ταῖς
1007 2739 1258 2809 λογικαῖς
1289 2740 1492 2810 ψυχαῖς
1525 2743 1790 2804 ἐκείναις.

421 2831 490 2884 Τὸ
535 2830 884 2899 ἀλλότριον.
942 2829 1108 2884 Τοῦτ’
1158 2831 1276 2884 ἐστι
1313 2833 1692 2904 φανταστικὴν
1721 2833 1926 2908 ψυχήν.

429 3003 630 3064 Επονια
661 3005 821 3058 enim.
859 3004 996 3070 Quia
1039 3003 1314 3076 principio
1347 3019 1404 3059 tn
1455 3003 1824 3058 substantiam
1875 3014 1931 3059 et

362 3097 520 3150 vitam
545 3097 756 3152 accedit
789 3097 972 3151 anima
997 3097 1363 3166 phantastica.

1247 335 1570 388 bUliULlA
1611 337 1685 391 ια
1733 338 2122 396 bY'NEbIUM
2166 343 2263 398 DE
2307 343 2741 406 INSOMNIIS.

433 434 744 504 Γενομένη
771 437 904 504 γάρ.
937 436 1006 488 Ἢ
1039 435 1112 499 ὡς
1139 435 1198 501 ἐξ
1223 437 1396 508 ἀρχῆς
1445 441 1524 502 εἰς
1557 440 1796 511 ὓπαρξιν
1847 443 1932 495 ἐλ-
1957 448 2008 507 Α

3484 359 3596 420 5Τ4

2109 448 2399 504 Ἀνωθεν.
2435 452 2534 506 Ἐκ
2562 453 2670 506 τῶν
2699 457 2966 525 σφαιρῶν,
2999 458 3074 520 ὡς
3091 460 3328 530 προέφη.

2111 541 2220 595 Kal
2243 543 2440 598 τοῦτο.
2475 535 2584 598 Καὶ
2620 549 2786 600 ταυτὸ
2819 549 2938 615 μὲν,
2975 553 3133 622 φησὶ,
3197 555 3258 606 τὸ
3312 555 3609 627 δυνηθῆναι

2041 631 2271 702 λογικὴν
2300 635 2478 706 ψυχὴν
2506 637 2726 704 ἀφεῖναι
2753 640 2814 692 τὸ
2847 645 3218 708 φανταστικὸν
3263 647 3478 718 πνεῦμα
3509 650 3610 718 βα-

2043 725 2237 794 ρυνθὲν
2271 727 2442 791 κάτω,
2505 731 2602 782 καὶ
2649 731 2898 802 ἀνελθεῖν,
2924 735 3221 804 ἐλευθέραν
3255 742 3354 806 τῆς
3419 741 3608 810 ὑλικῆς

2043 815 2280 886 σχέσεως
2301 818 2474 889 αὐτὴν
2501 821 2637 890 πρὸς
2665 823 2735 874 τὰ
2767 823 3046 892 μετέωρα,
3071 826 3242 896 δῶρον
3267 829 3332 881 ἂν
3363 831 3446 899 εἴη
3469 830 3605 882 Θεοῦ

2039 924 2100 960 τε
2151 911 2544 980 συναιρομένου
2598 913 2822 982 τρόποις
2877 916 3164 986 ἀρρήτοις,
3218 921 3312 974 καὶ
3359 921 3602 990 τελετῆς,

2040 995 2185 1048 τοῦτ’
2219 997 2334 1050 ἔστι
2370 1001 2640 1070 μυστικῆς
2671 1003 2766 1056 καὶ
2795 1003 3074 1076 Θειοτέρας
3108 1009 3456 1071 διδασκαλίας
3485 1028 3608 1063 παι-

2037 1085 2396 1153 δαγωγούσης
2449 1091 2542 1142 καὶ
2603 1093 3052 1164 σωφρονιζούσης
3103 1098 3318 1166 αὐτήν·
3355 1100 3492 1169 πλὴν
3543 1099 3604 1151 οὐ

2039 1178 2262 1242 πολλαῖς
2297 1181 2364 1232 ἂν
2422 1183 2634 1248 γένοιτο
2669 1184 2830 1237 τοῦτο
2876 1187 3102 1256 ψυχαῖς,
3149 1188 3285 1241 ἀλλὰ
3317 1190 3469 1259 μόλις
3505 1191 3608 1261 μιᾷ

2037 1285 2160 1334 τινι,
2224 1271 2256 1341 ἢ
2309 1273 2402 1325 καὶ
2453 1273 2682 1346 δευτέρᾳ
2709 1293 2723 1306 ·
2757 1277 2904 1346 ὅμως
2943 1281 3036 1330 καὶ
3084 1281 3286 1349 ταύτης
3322 1284 3386 1350 τῇ
3427 1283 3606 1352 ἀνόδῳ

2041 1366 2340 1433 μέμφεται.
2388 1367 2630 1436 Αἰσχρὰν
2663 1369 2770 1439 γὰρ
2832 1369 2958 1440 ἔφη,
2995 1374 3088 1424 καὶ
3143 1376 3608 1445 κατῃσχυμμὲνην

2037 1455 2226 1522 αὐτὴν.
2256 1456 2330 1520 ὡς
2363 1457 2548 1511 ἄδικον
2591 1461 2878 1527 φανεῖσαν,
2918 1462 3007 1516 διὰ
3060 1465 3122 1516 τὸ
3173 1465 3248 1534 μὴ
3295 1467 3607 1522 ἀποδιδόναι

2037 1546 2096 1598 τὸ
2119 1548 2423 1618 ἀλλότριον.
2454 1550 2582 1602 ὅθεν
2605 1551 2922 1620 ἠρανίσατο.

2105 1641 2300 1693 Φύσιν
2321 1640 2410 1696 δέ.
2441 1643 2600 1695 Τοῦτ’
2636 1643 2772 1712 ἔστι,
2816 1646 3044 1714 φυσικὸν
3073 1647 3258 1716 δέὲστι
3281 1647 3445 1702 τοῦτο

2113 1733 2350 1802 Ψυχήν.
2385 1736 2648 1806 Λογικήν.

2118 1823 2526 1893 Ὀιιορῤοθεῖν.
2575 1829 2919 1883 ’Λκολουθείν
2949 1831 3234 1895 ἑκουσίως.

2111 1917 2382 1972 "ﬂuctv.
2423 1921 2722 1977 Ἀκουσαν.

2107 2009 2457 2066 Ἕλκεσθαι.
2499 2009 2692 2070 Ἅλιον.

2115 2101 2264 2155 ’Υπὸ
2299 2104 2514 2170 κάκης.
2555 2103 2693 2159 Ὑπὸ
2723 2110 2819 2178 τῆς
2853 2107 3047 2180 ὑλικῆς
3097 2111 3498 2180 προσπαθειας.

2113 2192 2416 2262 Ἐφεῖσαη
2459 2197 2636 2250 Ἐνδοῦ
2645 2215 2762 2254 σαν.

2107 2289 2217 2342 Kal
2255 2290 2416 2343 τοῦτ’
2438 2291 2632 2345 ἐστιν.
2669 2293 3004 2363 Παραινοῦσι
3050 2295 3160 2364 γὰρ
3194 2295 3264 2348 τὰ
3315 2295 3603 2350 Χαλδαϊκὰ

2033 2379 2190 2448 λόγια
2221 2383 2333 2436 ἄνω
2357 2383 2551 2436 τείνειν
2580 2383 2842 2455 διηνεκῶς
2871 2387 2965 2440 τὸν
2997 2387 3122 2440 νοῦν
3153 2387 3292 2457 πρὸς
3317 2388 3473 2453 Θεὸν,
3507 2389 3606 2442 καὶ

2037 2475 2112 2544 μὴ
2153 2479 2508 2546 παραχωρεῖν
2547 2477 2711 2530 αὑτὸν
2743 2479 2896 2532 κάτω
2954 2478 3133 2532 νεύειν
3192 2481 3272 2541 εις
3305 2481 3396 2531 τὸν
3441 2480 3603 2546 περί-

2034 2581 2183 2632 γειςν
2207 2567 2436 2636 κόσμον,
2473 2568 2604 2621 ἔνθα
2624 2569 2775 2622 οὐδὲν
2828 2571 3042 2634 πιστὸν,
3095 2571 3128 2640 ἢ
3171 2569 3414 2639 βέϐαιον,
3463 2573 3604 2624 ἀλλὰ

2035 2657 2214 2708 πάντα
2245 2657 2454 2726 μάταια
2486 2659 2797 2727 καὶψευδῆ.
2835 2660 3078 2711 Σκοπεῖν
3109 2659 3164 2711 δὲ
3197 2659 3304 2729 χρὴ
3350 2659 3466 2721 πῶς
3503 2676 3603 2728 με·

2033 2746 2308 2816 λαναυγέα
2335 2747 2590 2818 ὠνόμασε
2622 2751 2712 2802 τὸν
2739 2767 2802 2802 πε
2816 2751 3018 2819 ρίγειον
3046 2751 3254 2818 κόσμον
3296 2750 3510 2813 τοῦτον,
3544 2749 3605 2802 ὃν

2033 2843 2223 2913 εἴρηκε
2255 2844 2349 2897 καὶ
2384 2845 2704 2914 ἀμφικνεφῆ
2731 2862 2744 2876 ·
2771 2845 2834 2897 οὐ
2863 2845 3022 2912 μόνον
3051 2843 3128 2907 δὲ,
3157 2843 3294 2896 ἀλλὰ
3323 2844 3420 2896 καὶ
3465 2842 3602 2914 ᾅδην

2106 3015 2171 3069 Et
2238 3015 2396 3068 istud.
2459 3013 2606 3067 Istud
2655 3012 2896 3082 quidem,
2953 3011 3150 3081 inquit,
3203 3024 3398 3079 nempe
3453 3009 3600 3062 illam

2032 3109 2231 3164 anima:
2275 3117 2508 3178 partem.
2565 3123 2686 3177 qure
2725 3106 3098 3198 intelligentiae
3141 3114 3197 3159 et
3246 3102 3474 3157 rationis
3517 3111 3602 3156 est

429 3187 560 3242 Cum
600 3190 887 3260 pejoribus.
937 3187 1075 3244 Cum
1133 3186 1538 3254 matcrialibus,
1591 3189 1820 3256 crassis,
1875 3199 1929 3244 et

2035 3171 2339 3273 particeps,
2369 3217 2528 3271 posse
2554 3202 2777 3254 missum
2803 3171 2982 3252 facere
3016 3197 3266 3267 spiritum
3295 3195 3603 3264 phantasti-

359 3281 686 3336 carnalibus.

425 3372 496 3426 Ae
529 3372 850 3426 melioribus.
897 3373 970 3429 Ut
1017 3374 1360 3446 intelligendi
1404 3377 1460 3431 vi
1501 3375 1767 3446 praeditis,
1813 3382 1870 3430 et
1900 3389 1930 3427 a

361 3469 586 3522 materia
617 3468 905 3536 sejunctis.

429 3561 598 3626 Quam
617 3572 916 3617 mutuatur.
951 3561 1220 3619 Videlicet
1248 3563 1645 3634 phantaslicam
1665 3567 1927 3624 animam.

429 3657 476 3710 E
501 3658 667 3726 glebis
707 3657 1018 3713 cwlestibus.
1065 3657 1180 3712 lloc
1226 3658 1280 3712 in
1317 3659 1438 3712 loco
1483 3659 1630 3728 globi
1676 3661 1930 3716 caelestes

359 3752 580 3804 omnino
608 3759 912 3804 cernuntur
938 3761 994 3804 et
1027 3751 1237 3804 ratione
1269 3751 1653 3820 intelliguntur
1675 3755 1744 3806 ab
1775 3754 1926 3806 omni

359 3845 530 3910 prima
562 3843 773 3911 sphrera
806 3843 970 3898 astris
1005 3851 1226 3898 carente
1255 3858 1425 3912 usque
1451 3843 1518 3896 ad
1547 3843 1819 3898 lunarem.

431 3935 778 3992 Descendens.
827 3935 1134 3994 Rationalis
1183 3943 1238 3989 et
1293 3935 1680 3996 intellectualis
1729 3937 1928 3990 animm

357 4029 620 4095 puentia.

425 4119 686 4190 Carporeo
719 4121 930 4174 mundo.
963 4120 1060 4184 Eo,
1093 4120 1288 4188 inquit.
1321 4119 1527 4176 mule
1557 4120 1648 4188 qui
1679 4121 1929 4176 contine-

359 4225 445 4266 tur
474 4229 502 4266 a
535 4213 714 4266 lunari
768 4213 976 4266 circulo
1023 4214 1087 4266 ad
1129 4223 1328 4266 terram
1386 4227 1557 4280 usque
1598 4213 1924 4282 proﬂuente,

357 4307 498 4359 ιιι-ιιιί
528 4317 584 4361 et
620 4305 870 4360 interitui
909 4305 1172 4358 obnoxio.

424 4398 533 4453 Sibi
567 4398 828 4453 conciliet.
865 4397 1060 4452 Secum
1102 4397 1480 4466 imaginariam
1513 4397 1708 4452 anima:
1733 4406 1924 4463 poten-

359 4491 510 4544 liam.

437 4583 532 4637 Via:
567 4585 734 4635 enim.
770 4583 914 4636 Raro
946 4583 1093 4639 enim
1120 4581 1268 4642 istud
1293 4583 1478 4642 evenit
1509 4591 1568 4635 ut
1599 4597 1658 4638 se
1688 4581 1924 4636 invicem

356 4675 637 4729 dimittant
665 4690 729 4728 ac
757 4675 1034 4728 deserant.

427 4767 528 4821 Sed
555 4767 676 4834 ﬁeri
707 4768 890 4836 possit.
925 4767 1232 4836 Aliquoties
1268 4777 1450 4820 tamen
1491 4767 1813 4835 contingere
1839 4779 1929 4820 so—

359 4862 432 4916 let
459 4871 514 4916 ut
543 4861 690 4916 istud
725 4862 838 4918 iiut.

427 4954 646 5008 Minime
665 4965 960 5023 parentem.
990 4952 1197 5022 Nempe
1220 4951 1470 5020 spiritum
1498 4949 1924 5021 phantasticum.

429 5047 584 5100 Haud
611 5048 800 5117 quippe
843 5046 924 5115 [as
973 5056 1068 5101 est.
1097 5046 1216 5100 Non
1246 5047 1390 5098 enim
1420 5045 1686 5100 decorum
1716 5053 1802 5098 est
1829 5044 1924 5097 ho.

359 5139 490 5198 mini
519 5139 640 5192 illas
667 5153 928 5207 respuere
955 5157 968 5193 :
1001 5144 1056 5193 in
1086 5139 1278 5208 primis
1301 5146 1596 5206 compertae
1617 5145 1673 5190 et
1699 5137 1930 5206 cOgniue

361 5243 484 5286 sunt
514 5233 830 5302 hujusmodi
855 5232 1220 5300 expiationes.
1241 5231 1594 5299 Expiationes
1623 5245 1788 5299 porro
1813 5229 1928 5282 sive

361 5325 714 5380 etei-cmonias
737 5325 870 5382 dicit
897 5323 1148 5394 mystica,
1169 5339 1368 5377 arcana
1394 5331 1450 5376 et
1471 5337 1626 5377 sacra
1651 5322 1926 5392 dogmata.

433 5415 643 5486 Turpis.
681 5417 898 5472 Pullone
929 5431 1242 5486 oppressus,
1275 5415 1536 5486 iniustus.

423 5508 663 5562 Reditus.
703 5509 816 5562 Illis
849 5509 1049 5564 animis
1085 5507 1315 5561 rationis
1349 5505 1718 5576 compotihus.

427 5601 694 5654 Alienum.
725 5602 838 5656 Iloc
859 5609 942 5656 est
969 5600 1400 5668 aniuue§partem
1420 5614 1540 5667 quae
1564 5598 1618 5650 in
1643 5597 1926 5668 phantasia

359 5703 410 5746 et
441 5695 838 5764 imaginatione
878 5692 1280 5748 consideratur.

429 5786 686 5855 Desuper.
721 5787 760 5840 E
793 5787 968 5855 globis
1001 5787 1336 5852 (mlestihus,
1368 5798 1424 5840 ut
1456 5803 1619 5858 supra
1649 5787 1806 5844 dixit.

2033 3309 2156 3348 cum
2191 3294 2656 3360 ingravescentem
2696 3299 2752 3342 et
2801 3288 3096 3342 immodito
3129 3286 3374 3356 pondere
3419 3283 3486 3338 ad
3521 3284 3605 3337 in-

2031 3386 2230 3440 feriora
2251 3385 2369 3438 loca
2403 3383 2740 3446 tendentem,
2762 3395 2994 3448 eamque
3023 3377 3293 3432 materiali
3325 3377 3512 3430 habitu
3539 3391 3604 3430 ac

2031 3485 2286 3531 movente
2312 3475 2512 3528 aﬂectu
2553 3474 2840 3528 liberatam
2871 3470 3172 3524 ascendere
3203 3470 3270 3522 ad
3319 3467 3604 3522 sublimio-

2031 3583 2088 3621 ra
2125 3567 2426 3628 tlomicilia,
2461 3565 2554 3618 Dei
2587 3581 2787 3618 munus
2831 3563 3017 3626 fuerit,
3043 3562 3244 3616 abditis
3269 3569 3326 3614 et
3375 3560 3600 3614 silentio

2031 3657 2514 3729 praetermittendis
2533 3657 2860 3720 rationibus,
2887 3655 3336 3722 cmremoniacque
3351 3653 3602 3706 eamdem

2031 3752 2366 3808 sublevantis
2395 3767 2458 3804 ac
2495 3751 2782 3820 erigentis,
2820 3750 2923 3803 hoc
2984 3747 3226 3818 mysticae
3280 3744 3589 3798 divinior-is-

2031 3864 2138 3918 que
2189 3848 2496 3915 disciplina:
2523 3847 2694 3915 ipsam
2753 3845 3090 3900 moderantis
3135 3858 3198 3896 ac
3235 3840 3603 3895 rel‘raanantis.

2031 3939 2232 3992 Verum
2275 3937 2416 3990 istud
2448 3937 2734 4006 perpaucis
2770 3935 3050 4004 contingat
3095 3931 3314 3994 animis,
3353 3931 3463 3984 imo
3511 3945 3600 3982 νιι

2035 4031 2386 4094 unicuidam,
2419 4040 2474 4082 et
2503 4029 2686 4090 alteri,
2713 4035 3088 4082 verumtamen
3121 4025 3188 4079 de
3217 4025 3336 4092 ejus
3373 4035 3603 4078 ascensu

2031 4124 2409 4192 conqueritur.
2452 4121 2690 4188 Turpem
2724 4120 2871 4174 enim
2899 4135 2964 4172 ac
2999 4117 3254 4171 fmdatam
3290 4131 3408 4170 eam
3445 4115 3602 4176 dicit,

2031 4227 2092 4270 ut
2123 4233 2244 4286 qua:
2280 4216 2480 4286 injusta
2507 4223 2756 4284 apparet,
2785 4229 2854 4268 eo
2887 4213 3032 4280 quod
3064 4213 3306 4266 alienum
3337 4223 3444 4263 non
3479 4209 3606 4262 ted-

2031 4309 2250 4366 diderit.
2277 4307 2421 4361 unde
2442 4307 2900 4360 emendicaverat.

2103 4401 2314 4453 Animo.
2357 4399 2650 4454 Ralionali.

1957 4521 2001 4574 ο
2100 4494 2424 4562 Adjumento
2449 4497 2538 4546 sit.
2575 4492 2708 4544 Eum
2739 4507 2836 4546 sua
2860 4500 3054 4559 sponte
3071 4488 3382 4543 comitclut.

2101 4585 2317 4639 Trahat.
2351 4585 2584 4637 Invitum
2613 4599 2674 4638 ac
2698 4583 3103 4651 immorigcrmn
3134 4579 3388 4648 spiritum
3426 4576 3596 4647 phan-

2032 4681 2305 4732 tasticum.

2101 4770 2365 4824 Trahatur
2389 4773 2455 4826 ab
2485 4790 2564 4826 eo.
2602 4771 2830 4826 Invitus.

2099 4864 2466 4934 Improbitate.
2501 4869 2542 4920 Λ
2574 4866 2814 4918 materiae
2846 4857 3421 4950 vehementioall'ectu.

2102 4955 2204 5020 Qui
2243 4957 2544 5010 indulserit.
2571 4955 2938 5010 Concesserit.

2103 5049 2172 5102 Et
2229 5050 2370 5103 istud
2425 5060 2523 5102 est.
2572 5048 2682 5104 Nos
2717 5049 2918 5116 quippe
2975 5045 3337 5098 adhortantur
3383 5041 3604 5094 oracula

2029 5139 2342 5205 Chaldaica,
2405 5152 2465 5193 ut
2537 5139 2834 5193 identidem
2923 5151 3142 5191 sursum
3219 5135 3602 5193 extendamus,

2031 5241 2384 5300 mentemque
2422 5233 2702 5286 elevemus
2741 5231 2808 5285 ad
2851 5230 3041 5294 Deum,
3085 5245 3150 5282 ne
3189 5229 3304 5296 ipsa
3337 5241 3504 5296 pruna
3546 5240 3604 5276 se

2032 5325 2258 5394 recipiat
2285 5323 2538 5378 deorsum
2571 5341 2623 5376 tu
2655 5323 2914 5376 mundum
2948 5335 3104 5376 terra:
3133 5319 3602 5389 propinquiorem,

2032 5419 2120 5472 uhi
2149 5417 2283 5471 nihil
2321 5416 2484 5470 lidum
2527 5433 2588 5470 ac
2611 5415 2802 5469 stabile
2839 5423 2943 5487 est,
2973 5429 3163 5468 verum
3191 5412 3373 5466 omnia
3404 5411 3603 5471 iutilia,

2033 5525 2168 5562 vana
2188 5521 2242 5562 et
2281 5508 2518 5562 fallacia.
2557 5507 2662 5562 Sed
2695 5509 3043 5561 considerare
3077 5506 3157 5560 fas
3183 5514 3266 5559 est
3297 5519 3401 5573 qua
3438 5503 3608 5554 ratiu-o

2032 5617 2100 5655 ne
2163 5602 2484 5666 obscurum,
2535 5613 2735 5665 atrum,
2799 5617 2863 5655 ac
2917 5600 3274 5671 nigricanti-m
3329 5591 3604 5646 vocaverit

2033 5693 2299 5750 mundum
2377 5694 2543 5758 hunc,
2609 5709 2770 5763 quem
2829 5692 3192 5756 undecunque
3241 5687 3600 5754 caliginosa"!

2036 5787 2169 5840 dixit
2201 5803 2214 5854 ;
2253 5801 2352 5841 nec
2380 5803 2510 5842 vere
2544 5788 2716 5841 solum
2743 5787 2834 5840 sed
2863 5785 3027 5839 etiam
3066 5785 3239 5851 ipsum
3275 5777 3474 5835 Orcum
3509 5792 3606 5830 Ito-
