4068 6204
468 353 537 413 ξιἿ
540 353 575 413 5

473 466 636 520 αὑτὸν
662 465 941 533 ὀνομάζει·
974 465 1064 517 τὸν
1098 463 1210 534 γὰρ
1270 466 1407 534 ᾅδην
1464 466 1752 535 πολλαχῶς
1814 467 2042 520 καλοῦσι
2073 472 2115 526 Α

475 561 753 614 Χαλδαῖοι.
784 560 913 611 Θεόν
942 576 1000 610 τε
1038 558 1145 627 γὰρ
1190 557 1451 625 ἡγοῦνται
1513 560 1730 623 τοῦτον,
1784 564 1877 613 καὶ
1950 563 2041 629 τῆς

473 653 712 723 ἐσχάτης
761 652 854 705 καὶ
890 650 1172 715 περιγείου
1210 650 1421 720 λήξεως
1474 630 1744 722 ἁρχηγόνλ
1794 655 1953 705 Ἐστι
1996 655 2041 706 δ’

475 745 561 797 ὅτε
596 743 689 796 καὶ
720 742 813 794 τὸν
870 743 976 794 ὑπὸ
1042 742 1274 811 σελήνην
1329 744 1555 812 κόσμον,
1611 744 1670 796 6v
1716 746 2043 815 ἀμφικνεφῆ

478 854 633 902 φασι,
667 838 761 887 καὶ
800 834 991 887 τοῦτον
1020 834 1154 905 ᾅδην
1192 834 1420 886 καλοῦσι
1442 851 1456 864 ⁸
1483 836 1615 887 ποτὲ
1638 837 1694 888 δὲ
1726 837 1896 905 αὐτὴν
1944 837 2042 906 τὴν

478 925 807 996 σεληνιακὴν
838 928 1095 993 σφαῖραν,
1130 926 1196 995 ῆν
1229 926 1323 979 καὶ
1356 926 1610 997 μεθόριον
1648 928 1895 982 τίθενται.
1948 928 2045 981 τοῦ

476 1036 533 1070 τε
565 1018 809 1087 αἰθερίου
838 1018 1045 1085 κόσμου
1079 1017 1170 1069 καὶ
1204 1017 1299 1070 τοῦ
1324 1017 1531 1072 ὑλαίου.
1598 1019 1770 1072 Βυθὸν
1825 1020 1883 1073 δέ
1914 1038 2048 1087 φασι

477 1109 575 1178 τὴν
611 1107 769 1177 ὓλην,
811 1108 879 1179 ἣν
910 1110 968 1161 ὲν
996 1109 1074 1178 τῷ
1121 1109 1227 1162 ὑπὸ
1273 1108 1374 1179 τὴν
1429 1111 1661 1180 σελήνην
1706 1113 1859 1181 τόπῳ
1919 1114 2049 1165 τάτ-

476 1218 651 1253 τουσι.
1140 1254 1157 1287 ἐ

556 1294 625 1343 Ὃ
653 1290 1002 1346 δεδίττεται.
1023 1291 1355 1361 Ἑκφοσοῦσι
1389 1292 1460 1346 τὰ
1486 1293 1609 1361 ἱερὰ
1633 1294 1741 1347 τῶν
1765 1294 2049 1348 Χαλξαῖων

479 1384 658 1451 λόγια.

558 1476 805 1542 Νοερίν.
837 1473 946 1545 Τὴν
965 1475 1146 1545 ψυχήν
1169 1492 1355 1545 φησιν,
1378 1476 1454 1541 ὠς
1485 1478 1550 1531 ὲκ
1577 1478 1715 1532 Θεοῦ
1740 1479 1837 1549 τὴν
1875 1479 2053 1550 ὑπαρ-

483 1570 563 1633 ξιν
591 1569 835 1637 ἔλουσαν.

560 1662 858 1725 "Amarae.
904 1660 1205 1723 ’Δὸἑδαιος.

570 1749 1001 1820 Ἀμφικνεφιὶς.
1037 1751 1343 1813 Σκοτεινός.

1668 354 2092 413 NlCEl‘llOlil
2137 355 2525 413 GllEGOllE

3613 342 3713 401 576

2230 470 2441 538 Ὀμοίῳ
2477 468 2609 538 γάρ.
2651 464 2805 516 Ὶίπεὶ
2850 461 2956 530 γὰρ
2984 460 3045 513 τὸ
3080 458 3449 528 φανταστικὴν
3482 456 3725 523 πνεῦμα,,

2149 566 2269 616 ἀντὶ
2294 563 2389 615 τοῦ
2425 563 2611 632 φέρειν
2638 560 2823 612 εἰκόνα
2848 555 3048 626 ψυχῆς,
3071 553 3165 606 καὶ
3199 548 3340 603 εἶναι
3365 548 3581 602 εἴδωλον
3618 549 3682 600 αὑ
3699 580 3713 587 -

2151 656 2269 719 τῆς,
2307 655 2527 721 ἐγένετο
2553 652 2755 720 μᾶλλον
2794 652 2857 702 ὲκ
2883 644 3246 715 παρατροπῆς
3285 642 3506 695 εἴδωλον
3534 640 3715 706 ὅμοιον

2151 744 2402 812 δαίμοσιν
2438 742 2665 804 ὑλαίοις,
2694 738 2919 801 εἰκότως
2950 736 3047 789 καὶ
3094 732 3387 804 συνήδεται
3418 733 3484 800 τῇ
3513 730 3715 781 τούτων

2154 836 2546 904 συνδιαιτήσει.

2230 931 2298 983 El
2337 927 2404 981 δὲ
2456 926 2545 980 ἓν.
2611 925 2673 979 El
2722 922 2781 975 δὲ
2838 916 3257 988 συγκατηνέχθη
3319 918 3383 985 τῇ
3452 914 3718 982 φαντασῐᾳ

2156 1024 2251 1076 καὶ
2300 1024 2327 1075 6
2356 1020 2502 1084 νοῦς,
2536 1019 2632 1071 καὶ
2656 1017 2910 1085 ἐγένοντο
2937 1013 2999 1066 ἓν
3037 1028 3091 1063 τι
3149 1010 3382 1078 πρᾶγμα
3434 1006 3496 1071 ἐξ
3541 1006 3720 1074 ἀμφο-

2155 1116 2210 1167 τέ
2222 1131 2347 1183 ρων.

2232 1206 2339 1263 Kal
2394 1208 2427 1259 ό
2488 1202 2655 1266 νοῦς.
2730 1198 2887 1260 Ἰσως
2931 1197 2998 1250 ἂν
3047 1195 3142 1249 καὶ
3174 1194 3203 1246 6
3249 1209 3376 1254 νους
3429 1188 3721 1243 εἰδωλικὼ-

2156 1316 2312 1367 τερος
2374 1296 2670 1366 γενόμενος
2708 1293 2805 1346 καὶ
2835 1291 3149 1362 παχύτερος
3196 1286 3410 1351 δέξαιτο
3448 1283 3509 1336 τὸ
3560 1282 3722 1349 συνήσ-

2156 1392 2367 1446 δεσθαι.

2230 1482 2433 1539 Καίτοι
2484 1479 2661 1533 τοῦτο
2722 1473 2948 1528 κακῶν.
3009 1470 3083 1524 Τὸ
3138 1470 3214 1539 μὴ
3270 1465 3724 1528 ὲπαισθάνεσθαι,

2160 1577 2319 1649 φησὶ,
2354 1573 2527 1628 κακοῦ
2562 1571 2851 1643 παρόντος,
2883 1567 3019 1621 ἀλλὰ
3076 1563 3402 1631 συνήδεσθαι
3461 1560 3615 1629 αὑτῷ
3652 1559 3724 1620 ὡς

2160 1668 2406 1743 χρηστῷ,
2433 1664 2620 1719 κακῶν
2655 1663 2739 1731 εἴη
2763 1660 2824 1714 τὸ
2853 1661 3134 1729 μέγιστον.
3164 1656 3236 1710 Τὸ
3270 1656 3375 1723 γὰρ
3402 1651 3726 1722 συνήδεσθαι

2160 1765 2273 1823 τοῖς
2301 1756 2678 1819 τοιούτοιςκαὶ
2711 1753 2785 1823 μὴ
2841 1749 3196 1805 αἰσθάνεσθαι
3251 1748 3359 1799 τῶν
3413 1745 3551 1816 μηδὲ
3597 1746 3725 1797 ἀνα.

565 1846 831 1899 Ῥυπόων
882 1844 1314 1913 εἰδωλοχαρής.
1349 1847 1568 1915 Χαίρων
1624 1851 1738 1912 τοῖς
1795 1848 2053 1912 εἰδώλοις,
2090 1822 2132 1880 Β
2161 1855 2332 1923 κόψαι
2390 1852 2486 1904 καὶ
2546 1847 2838 1917 διόρθωσιν
2885 1844 3073 1897 λαϐεῖν
3102 1840 3409 1911 ζητούντων
3464 1837 3602 1890 ἐστι.
3636 1837 3725 1889 ΤΞ-

484 1933 672 2007 ᾖθεοὶ
742 1937 984 2000 οἰκοῦσι,
1050 1938 1146 1989 καὶ
1184 1938 1565 1991 ἐνδιαιτῶνται
1617 1940 1666 1993 οἱ
1732 1940 2057 2011 ὑλικώτεροι

483 2017 978 2097 δαίμονεςοκαὶτὸ
1019 2029 1412 2097 φανταστικὸν,
1468 2034 1628 2100 φησὶ,
1680 2033 1898 2103 πνεῦμα
1951 2051 2057 2087 πα-

486 2120 699 2190 χυνθέν.

558 2215 964 2280 Ἐ’μπληκτος.
996 2218 1177 2271 Οῐονεὶ
1202 2218 1593 2287 ὲμόρόντητος.

561 2303 643 2367 Τῷ
663 2304 733 2357 δὲ
750 2304 996 2369 εἰδώλῳ.
1033 2308 1268 2360 Εἴδωλον
1298 2310 1578 2363 κάνταῦθα
1612 2313 1710 2378 τὴν
1746 2312 2056 2377 φαντασίαν

483 2397 655 2464 λέγει,
689 2398 722 2465 ἢ
761 2396 997 2466 ψυχικὸν
1054 2399 1273 2467 πνεῦμα
1318 2401 1454 2454 οὖσα
1510 2403 1604 2454 καὶ
1656 2403 1873 2467 λεπτζν,
1908 2406 2058 2473 ὅμως

482 2492 573 2543 διὰ
641 2490 950 2559 μοχθηρίαν
1011 2492 1388 2559 προαιρέσεως
1450 2494 1616 2545 ἐνίοτε
1689 2497 1813 2563 ἔσχε
1880 2496 2057 2565 παχύ-

485 2599 624 2650 τητα
684 2582 923 2644 τοιάνδε,
958 2581 991 2650 ἢ
1028 2583 1266 2645 τοιάνδε,
1292 2585 1361 2654 ἦν
1406 2603 1545 2653 φησι
1574 2588 1737 2639 ποιὰν
1763 2590 1856 2640 τοῦ
1885 2590 2052 2641 πνεύ-

488 2689 656 2740 ματος
714 2672 978 2723 σύστασιν
1004 2689 1019 2703 ·
1055 2676 1149 2724 καὶ
1200 2674 1320 2726 τότε
1350 2675 1413 2747 δὴ
1441 2677 1647 2745 γίνεται
1676 2681 1768 2732 καὶ
1809 2684 1948 2748 αὑτὴ
1987 2683 2060 2734 εῖ-

482 2763 840 2827 δωλον,τοὺτ’
875 2764 1025 2819 ἐστιν
1062 2766 1250 2835 ὅμοιον
1295 2772 1411 2832 τοῖς
1467 2770 1771 2835 εἱδωλικοῖς
1822 2775 2057 2837 ἐκείνοις

481 2873 757 2924 οαιμοσιν.

511 2949 625 3095 ῐἨ
683 2952 864 3009 κάτω.
928 2956 1034 3008 Ἢν
1115 2955 1463 3027 μελαναυγέα
1532 2959 1738 3026 κόσμον
1802 2957 2058 3026 ἀνωτέρω

546 3059 659 3095 xcv.

484 3059 659 3097 ειπεν.

488 3214 679 3270 minat.
717 3215 852 3269 Nam
901 3214 1102 3271 Orcum
1160 3233 1256 3273 seu
1318 3218 1603 3275 Tartarum
1655 3222 1807 3278 vario
1867 3232 2064 3278 vorant

486 3303 724 3357 Chaldzci
752 3322 766 3369 ;
805 3304 973 3358 Deum
1004 3305 1151 3359 enim
1183 3321 1309 3359 eum
1339 3307 1677 3373 existimant,
1704 3317 1758 3363 et
1803 3320 2064 3363 extrema:

488 3404 757 3463 terraeque
799 3396 1102 3463 adjacentis
1152 3398 1645 3468 hmreditatis,qu:e
1672 3399 1721 3453 ei
1758 3410 1906 3455 sorte
1932 3415 2065 3454 con-

487 3487 629 3554 tigit,
662 3488 990 3556 principem.
1034 3490 1312 3543 Interdum
1348 3507 1479 3545 vero
1540 3493 1804 3546 mundum
1868 3494 1959 3560 qui
2008 3493 2063 3548 in

484 3592 728 3632 concavo
754 3578 895 3633 lunas
924 3581 1258 3644 continetur,
1292 3598 1454 3651 quem
1495 3584 1643 3637 omni
1667 3599 1733 3638 ex
1781 3594 1935 3653 parte
1970 3601 2065 3639 ue-

490 3666 742 3721 lulosum
775 3679 1049 3733 asserunt,
1072 3678 1129 3725 et
1172 3671 1320 3727 hunc
1358 3672 1633 3726 infernum
1688 3676 1951 3728 vocitant.
1981 3674 2065 3727 lu-

489 3758 703 3812 terdum
770 3770 953 3815 autem
1019 3762 1189 3831 ipsam
1237 3763 1484 3818 lunarem
1554 3764 1845 3833 sphaeram,
1900 3780 2063 3834 quam

487 3852 889 3907 conterminam
916 3863 973 3909 et
1002 3856 1272 3910 continent
1306 3864 1555 3911 statuunt
1609 3858 1800 3911 mundi
1848 3859 2060 3912 a:therii

484 3950 542 3996 et
568 3943 623 3996 in
650 3944 878 3999 materia
925 3945 1276 4002 luxuriantis.
1307 3947 1584 4002 Materiam
1637 3963 1801 4017 porro
1837 3948 2065 4017 profun-

484 4035 714 4090 ditatem
732 4036 946 4103 dicunt,
975 4054 1137 4107 quam
1174 4039 1228 4093 in
1253 4039 1374 4094 loco
1412 4041 1514 4095 sub
1545 4040 1673 4094 luna
1716 4040 1825 4095 sito
1871 4040 2062 4095 deter-

491 4127 727 4182 minant.

559 4217 845 4274 Territum.
915 4220 1382 4277 Perterrelaeiuut
1453 4237 1607 4277 sacra
1685 4222 2063 4277 Chaldaeorum

484 4310 732 4365 oracula.

449 4418 483 4439 ο
565 4402 802 4457 Rationis
841 4419 1034 4474 capax.
1058 4402 1313 4458 Animam
1340 4402 1476 4459 dicit
1507 4420 1628 4475 quae
1655 4406 1821 4461 vitam
1848 4415 1904 4460 et
1937 4407 2067 4461 sub-

489 4497 748 4552 stantiam
785 4514 815 4551 a
856 4496 966 4551 Deo
1006 4506 1303 4552 consecuta
1333 4505 1441 4551 est.

562 4588 788 4649 lii/idus.
821 4590 1142 4643 lnconstans
1169 4597 1224 4642 et
1250 4586 1539 4643 instabilis.

563 4678 792 4748 Spectris
815 4690 863 4733 et
890 4681 1208 4751 imaginibus
1246 4682 1491 4750 gestiens.
1521 4680 1599 4734 Ex
1633 4679 1793 4733 idolis
1818 4682 2069 4750 volupta-

491 4780 598 4823 tein
626 4772 953 4839 percipiens,
991 4771 1081 4823 uhi
1121 4771 1199 4824 dii
1249 4769 1521 4831 habitant,
1552 4779 1606 4825 ct
1633 4778 1921 4825 versantur
1955 4772 2069 4827 (Ιωο

494 4878 681 4915 mones
716 4863 767 4915 iu
809 4863 1050 4916 materia:
1081 4862 1325 4915 illuviem
1388 4862 1749 4930 procliviores
1782 4881 1795 4916 :
1826 4872 1883 4916 et
1927 4865 2071 4920 hunc

488 4952 740 5019 Spiritum
761 4942 1183 5021 phantasticum,
1208 4952 1486 5022 pinguem,
1516 4962 1817 5007 crassumct
1842 4954 2069 5009 obesqu

487 5044 642 5097 dicit.
751 5040 760 5047 ’

567 5136 682 5187 l'ita
712 5133 931 5187 stolida.
967 5134 1077 5189 Ceu
1108 5136 1356 5189 attonita.

558 5224 857 5278 Simulacro
874 5228 1389 5281 vero.Simulacrum
1412 5227 1586 5283 hocin
1608 5230 1724 5282 loco
1736 5229 2076 5299 phantasiam

488 5317 640 5379 dicit,
660 5333 780 5386 qua:
799 5319 1049 5373 animalis
1069 5319 1299 5386 spiritus
1318 5334 1381 5374 ac
1399 5320 1615 5374 subtilis
1634 5336 1760 5373 cum
1783 5320 2081 5379 sit.uihilo-

492 5411 675 5462 minus
708 5409 776 5463 ob
789 5409 1075 5464 electionis
1091 5420 1148 5464 et
1177 5410 1409 5465 consilii.
1428 5411 1773 5479 pravitatem,
1791 5411 2081 5481 aliquoties

486 5502 629 5554 tunc
679 5501 845 5554 habet
915 5501 1225 5555 crassiticm
1291 5512 1347 5556 et
1397 5503 1739 5567 obesitatem,
1792 5502 2081 5573 aliquoties

490 5594 828 5663 illam,quaut
852 5603 1048 5647 vocant
1064 5594 1354 5661 quamdam
1373 5594 1596 5662 spiritus
1612 5595 2077 5665 constitutionem;

489 5694 538 5737 et
564 5687 953 5755 tuncprol‘ccto
998 5688 1106 5756 ipsa
1136 5686 1363 5741 cllicitur
1394 5688 1619 5751 idolum,
1648 5688 1698 5739 id
1725 5702 1826 5745 cst.
1864 5705 2083 5757 compar

490 5788 540 5833 t't
560 5780 751 5834 similis
769 5779 981 5835 idolicis‘
1009 5796 1067 5833 ac
1090 5781 1358 5835 umlsrosis
1382 5780 1497 5834 istis
1516 5779 1869 5833 o‘a'moizibu».

2161 1946 2288 2014 θησι
2337 1942 2395 1995 δὲ
2447 1942 2527 2003 el;
2561 1939 2871 2006 ὑπόδειγμα
2921 1933 3144 1988 καὶτὸν
3203 1932 3462 2002 σκίρρον·
3507 1929 3727 1998 σκίρῤος

2160 2040 2271 2105 γάρ
2337 2035 2453 2086 ἐστι
2500 2031 2677 2100 ῥύπος
2724 2025 3119 2087 δυσέκπλυτος.
3172 2024 3267 2078 καὶ
3304 2022 3727 2082 δυσαπόνιπτος.

2162 2128 2321 2180 Δοκεῖ
2347 2125 2404 2179 δὲ
2437 2122 2649 2192 ἀσαφὲς
2669 2123 2783 2183 τοῖς
2820 2120 3035 2181 πολλοῖς
3066 2118 3125 2171 τὸ
3159 2117 3349 2186 ῥητὸν,
3381 2114 3517 2168 διότι
3549 2128 3726 2164 συντο-

2164 2220 2263 2289 μία
2293 2218 2579 2287 χρώμενος
2612 2215 2640 2266 6
2669 2213 2944 2274 Συνέσιος,
2983 2212 3084 2263 οὐκ
3131 2209 3396 2262 ὲπλσὶτυνε
3436 2206 3499 2259 τὸ
3557 2203 3725 2257 τοιοῦ-

2162 2329 2255 2364 τον
2286 2310 2618 2377 ὑπόδειγμα,
2644 2306 2786 2359 ἀλλᾶ
2821 2304 3117 2367 συνέπλεξε
3146 2301 3225 2367 τῷ
3259 2300 3523 2369 κειμένῳ.
3559 2297 3721 2365 Sagi-

2163 2416 2354 2470 στερον
2396 2399 2460 2451 ἂν
2480 2394 2568 2467 ἦν,
2595 2398 2644 2448 εἰ
2671 2395 2844 2455 οὕτως
2873 2394 3105 2462 ἔλεγεν’,
3169 2393 3251 2446 ὅτι
3282 2391 3498 2458 Ὥσπερ
3525 2390 3554 2442 6
3588 2387 3725 2457 σκέῥ·

2165 2491 2647 2563 ρος,εἰσδυόμενος
2674 2489 2753 2549 εἰς
2806 2486 2973 2557 βάθος
3022 2484 3117 2538 τοῦ
3173 2483 3542 2551 ὑποκειμένου
3590 2481 3731 2540 τινος

2166 2589 2441 2654 σώματος,
2476 2580 2847 2641 δυσέκπλυτος
2880 2577 3115 2646 γίνεται,
3151 2578 3247 2628 καὶ
3293 2572 3608 2634 δευσοποιὸς
3643 2573 3731 2623 κα¹ρ

2160 2678 2599 2738 δυσαπόνιπτοςο
2628 2674 2772 2726 οὕτω
2826 2672 2922 2726 καὶ
2966 2672 2999 2739 ἡ
3044 2668 3389 2738 προσπάθεια
3448 2665 3549 2732 τῆς
3603 2663 3735 2731 ὕλης

2163 2765 2626 2823 κατασαπτίσασα
2656 2764 2748 2818 τὸν
2776 2763 2924 2827 νοῦν,
2946 2762 3037 2815 καὶ
3058 2762 3139 2826 εἰς
3167 2759 3330 2829 βάθος
3352 2759 3531 2811 εἰπεῖν
3559 2771 3735 2809 κατα.-

2166 2862 2373 2934 σχοῦσα
2420 2859 2637 2921 τοῦτον,
2671 2858 2767 2911 καὶ
2792 2858 2959 2910 οἱονεὶ
2986 2853 3295 2925 παχύτερον
3317 2852 3559 2918 καταστή
3571 2864 3737 2910 σασαο.

2164 2958 2389 3009 κλέπτει
2442 2953 2533 3006 διὰ
2562 2952 2660 3020 τῆς
2686 2950 2885 3020 ἡδονῆς
2933 2951 3034 3019 τὴν
3090 2945 3257 3000 αὑτοῦ
3306 2942 3740 3011 συγκατάθεσιν,

2169 3051 2264 3104 καὶ
2295 3048 2394 3118 τὴν
2428 3047 2558 3116 γῆν,
2594 3046 2690 3099 καὶ
2715 3044 2817 3097 οὑκ
2851 3044 2917 3115 ea
2958 3043 3273 3113 ὑπόμνησιν
3298 3038 3486 3093 λαϐεῖν
3527 3036 3560 3105 ἢ
3593 3034 3722 3089 ὲνθύ

2236 3218 2354 3273 Ima
2378 3217 2541 3288 regio.
2573 3216 2745 3282 Quam
2772 3215 3041 3269 hactenus
3078 3210 3340 3266 mundum
3383 3209 3745 3280 caliginosum

2166 3322 2221 3368 et
2250 3311 2603 3366 tenebrosum
2664 3307 2824 3364 dixit.

2238 3402 2426 3456 Simile
2441 3399 2789 3471 quippe.Quia
2805 3398 2952 3453 enim
2975 3397 3203 3466 spiritus
3224 3394 3748 3465 phantasticuslcum

2167 3493 2374 3548 referre
2404 3490 2573 3546 animi
2607 3487 2898 3556 imaginem
2933 3486 3208 3547 debuerit,
3240 3494 3439 3538 etesse
3494 3479 3749 3548 ejusdem

2166 3586 2542 3649 simulacrum,
2576 3582 2752 3637 evasit
2807 3580 2991 3650 potius
3055 3578 3125 3632 oh
3174 3574 3622 3645 depravationem
3694 3572 3749 3624 in

2167 3678 2373 3732 idolum
2406 3674 2587 3731 simile
2628 3671 3011 3727 materialibus
3044 3666 3409 3729 daemonibus,
3434 3679 3500 3720 ac
3550 3663 3751 3719 merito

2166 3770 2364 3824 horum
2389 3766 2646 3823 sodalitio
2699 3762 3181 3831 familiaritateque
3205 3759 3535 3815 oblectatur.

2237 3860 2387 3928 Quod
2419 3860 2678 3915 sianum.
2706 3854 2764 3911 Si
2788 3870 2921 3910 vero
2968 3868 3125 3908 mens
3170 3858 3293 3906 ruat
3336 3865 3403 3906 ac
3461 3847 3747 3903 delabatur

2167 3938 2291 4012 cum
2320 3951 2624 4024 phantasia,
2646 3958 2703 4005 et
2736 3948 2828 4002 (lat
2858 3963 2964 4002 una
2995 3944 3243 4012 quasdam
3271 3958 3339 3998 ex
3377 3941 3673 3997 ambobus.

2236 4048 2378 4103 Mens
2407 4046 2587 4099 etiam.
2619 4042 2771 4098 Mens
2797 4038 3048 4094 fortassis
3084 4041 3150 4093 ad
3186 4037 3461 4092 idolorum
3491 4043 3751 4087 naturam

2167 4138 2393 4210 propius
2450 4134 2720 4191 accedens
2785 4142 2842 4187 et
2900 4130 3143 4192 obesior,
3204 4144 3314 4184 non
3373 4125 3749 4197 repudiaverit

2166 4242 2509 4285 communem
2535 4222 2805 4296 ejusmodi
2839 4221 3284 4277 oblectationem.

2240 4322 2511 4375 Malorum
2534 4321 2629 4372 hoc
2668 4325 2961 4371 extremum
2985 4322 3079 4367 cst.
3114 4312 3232 4367 Non
3282 4309 3511 4375 sentire,
3542 4309 3751 4377 inquit,

2168 4425 2410 4481 prmsens
2432 4407 2658 4467 malum.
2681 4405 2777 4461 sed
2809 4420 2877 4459 eo
2908 4402 3072 4458 veluti
3120 4400 3411 4455 commodo
3473 4413 3539 4453 ac
3599 4398 3751 4451 facili

2103 4503 2144 4557 D
2174 4501 2456 4563 delectari,
2489 4499 2756 4552 malorum
2792 4496 3038 4551 omnium
3065 4493 3233 4548 fuerit
3263 4491 3579 4546 maximum.
3612 4490 3752 4544 Nam

2174 4596 2371 4649 talibus
2395 4591 2679 4662 gratulari,
2704 4597 2761 4643 et
2780 4600 2846 4642 ea
2893 4602 3003 4641 non
3039 4586 3267 4649 sentire,
3292 4599 3485 4639 eorum
3522 4592 3607 4638 est
3652 4583 3752 4649 qui

2172 4697 2352 4752 neque
2378 4690 2667 4748 emergunt
2703 4693 2768 4732 ex
2804 4676 3069 4737 tenebris.
3089 4691 3267 4744 neque
3300 4674 3752 4729 CIIICIIdalitJIIOIII

2171 4772 2494 4845 perquirere
2515 4770 2727 4826 volunt.
2772 4769 3053 4824 Scirrhum
3114 4782 3281 4837 porro
3332 4766 3389 4819 in
3439 4767 3754 4831 exemplum

2172 4867 2417 4922 adducit.
2446 4864 2538 4919 Est
2558 4863 2704 4917 enim
2724 4861 2969 4917 scirrhus
3003 4859 3217 4914 illuvies
3246 4859 3389 4914 {teda
3416 4868 3471 4913 et
3498 4859 3754 4912 absterso

2176 4957 2434 5013 dillicilis.
2477 4956 2709 5011 Videtur
2756 4962 2941 5008 autem
2974 4952 3080 5007 hoc
3106 4951 3313 5006 dictum
3342 4950 3628 5020 permultis
3657 4952 3755 5003 ob-

2176 5065 2424 5112 scurum,
2464 5056 2752 5119 propterea
2782 5044 2930 5116 quod
2992 5044 3262 5099 brevitate
3313 5042 3534 5096 concisa
3592 5051 3756 5095 utens

2179 5140 2465 5212 Syuesius,
2497 5140 2603 5194 tale
2633 5138 2944 5206 exemplum
2995 5150 3103 5189 non
3132 5135 3402 5192 dilatavit.
3437 5134 3530 5187 sed
3566 5146 3755 5187 conte-

2180 5236 2298 5291 xuit
2354 5244 2409 5289 et
2459 5231 2893 5288 accommodavit
2928 5228 3238 5299 preposito.
3274 5228 3534 5297 Apertios
3569 5239 3755 5280 autem

2181 5327 2394 5390 fuisset,
2461 5324 2506 5379 si
2582 5324 2656 5377 ita
2725 5322 2997 5377 dixisset:
3055 5320 3213 5386 Quod
3290 5318 3751 5388 quemadmodum

2182 5417 2426 5473 scirrhus
2504 5415 2795 5469 interiores
2849 5412 3083 5479 subjecti
3162 5409 3447 5477 cujusdam
3503 5410 3751 5475 corporis

2186 5519 2365 5577 partes
2403 5506 2649 5570 subiens,
2682 5504 2868 5559 ablutu
2916 5515 3079 5573 atque
3128 5510 3361 5573 purgato
3413 5500 3649 5555 dill‘tcilis
3695 5511 3753 5553 et

2187 5597 2493 5653 indelebilis
2518 5596 2788 5658 redditur,
2819 5595 2897 5649 sic
2930 5609 3160 5661 magnus
3190 5592 3277 5646 ille
3307 5600 3364 5646 ct
3386 5590 3753 5644 iuhaarcsccns

2188 5692 2413 5743 allectus
2477 5699 2713 5742 mentem
2766 5692 2817 5741 in
2876 5685 3197 5753 profundam
3241 5684 3518 5753 abyssum,
3577 5692 3630 5733 ut
3674 5680 3752 5732 ita

2191 5784 2397 5839 louuar.
2457 5780 2795 5838 tle-merueris.
2854 5792 3083 5835 camuue
3135 5777 3404 5832 detinens.
3472 5784 3524 5828 ct
3586 5771 3751 5825 veluti
