4068 6204
358 293 455 357 577

361 501 604 566 ρι’σκεται
655 495 952 564 φάρμακον
1018 490 1370 559 ἁναγωγικδν
1419 491 1514 542 καὶ
1563 491 1921 558 σωτήριον,ἡ

356 589 612 658 μετάνοια
643 603 659 621 ·
689 589 724 656 ἡ
749 587 856 654 γὰρ
904 586 1163 655 μετάνοια
1211 583 1306 634 καὶ
1361 581 1694 650 μεταμέλεια
1727 581 1788 634 δυ
1801 597 1924 650 σχε-

359 681 634 748 ραὶνοντος
666 676 956 748 ἀνθρώπου
986 675 1106 728 ἐστὶ
1157 674 1253 726 καὶ
1291 672 1577 742 μισοῦντος
1627 672 1728 740 τὴν
1760 687 1926 723 κατα-

359 772 593 841 σχοῦσαν
621 769 848 822 κακίαν.
885 767 960 822 Τδ
987 768 1044 820 δὲ
1081 767 1262 833 μισεῖν
1307 765 1406 832 τὴν
1459 763 1658 814 κακίαν
1719 762 1784 814 ὲκ
1823 761 1924 829 τῆς

357 863 664 932 βουλήσεως
693 861 808 930 ἔχει
838 861 936 922 τὰς
975 859 1172 927 ἀρχὰς,
1207 857 1329 926 ἣτις
1371 853 1626 924 βούλησίς
1663 852 1936 921 ἐστιρίζα·

358 953 448 1004 καὶ
471 951 724 1019 θεμέλιος
759 950 981 1003 πάντων
1001 947 1112 1000 τῶν
1133 945 1432 1016 δρωμένων
1465 945 1560 997 καὶ
1590 942 1920 1012 λεγομένων·

359 1046 452 1096 καὶ
485 1041 620 1110 πρὸς
644 1039 815 1107 αὐτὴν
842 1038 1104 1108 ὀρέγουσι
1137 1036 1232 1086 καὶ
1259 1031 1564 1084 ὲκτείνουσι
1607 1032 1708 1094 τὰς
1745 1030 1928 1092 alsia;

362 1135 454 1186 καὶ
493 1131 691 1202 ἀρχάς.
731 1131 828 1182 Ἂν
851 1131 958 1200 γὰρ
997 1127 1074 1198 μὴ
1099 1125 1368 1194 συντρέχῃ
1420 1125 1454 1192 ἡ
1499 1122 1774 1192 βούλησις,
1793 1121 1928 1191 ass.

357 1244 450 1296 χος
485 1228 638 1293 μένει
663 1223 818 1276 πᾶσα
847 1219 1173 1274 διδασκαλία
1200 1218 1294 1271 καὶ
1324 1215 1586 1286 μάθησις,
1639 1216 1738 1269 καὶ
1786 1215 1928 1296 ἐλλι-

359 1291 610 1384 ﬁam
643 1317 752 1384 γὰρ
785 1315 1020 1384 διδάσκῃ
1051 1312 1150 1380 μὲν
1177 1313 1204 1362 ὁ
1241 1303 1536 1370 διδάσκων,
1575 1308 1650 1378 μὴ
1671 1291 1929 1377 βούληται

358 1409 418 1461 δὲ
449 1409 480 1476 ἡ
511 1407 606 1458 τοῦ
643 1405 1037 1472 διδασκομένου
1064 1403 1342 1472 βούλησις,
1379 1399 1600 1462 κολοϐὸς
1640 1401 1851 1467 γίνεται
1894 1402 1930 1470 ἡ

353 1499 682 1552 διδασκαλία
702 1513 714 1526 ·
749 1499 844 1550 καὶ
876 1497 966 1550 διὰ
994 1495 1156 1548 τοῦτο
1193 1495 1462 1564 χρειώδης
1493 1493 1644 1546 ἐστὶν
1689 1495 1716 1546 ὁ
1763 1492 1874 1562 βίος
1902 1493 1930 1543 ὁ

353 1608 634 1662 συγκεκρα
645 1593 802 1658 μένος
828 1590 940 1650 τοῖς
967 1587 1254 1658 λυπηροῖς.

431 1686 552 1738 ΡΑς.
590 1683 713 1738 159.
740 1682 848 1736 Καὶ
877 1681 976 1734 διὰ
1015 1681 1212 1734 τοῦτο.
1243 1681 1342 1732 Διά
1376 1679 1538 1731 τοῦτο
1593 1675 1726 1745 γοῦν
1781 1675 1931 1744 copi--

1263 285 1592 348 SCiIOLlA
1635 287 1714 348 ΙΝ
1757 287 2142 348 SYNESIUM
2183 287 2281 348 DE
2325 285 2752 346 INSOMNIIS.
3497 291 3599 352 578

359 423 518 477 μησιν
541 404 815 474 σωτηρίας
839 403 934 454 καὶ
971 397 1176 468 ἀποχῆς
1207 397 1300 448 τοῦ
1337 399 1561 460 πάθους.
1603 398 1790 466 Ὅμως
1832 398 1921 450 εὑ-
1955 404 1992 456 Α

2109 399 2513 466 Ἓμπλήκωυ.
2549 397 2891 466 Παραλόγου.

2107 490 2328 558 Χαρᾶς.
2375 491 2622 559 Ἡδονῆς.

2107 581 2246 649 Παρ⁹
2275 583 2478 644 ἀξίαν.
2515 583 2672 651 Παρὰ
2696 581 2759 633 τὸ
2787 581 2955 646 εἰκὸς,
2993 583 3086 635 καὶ
3133 583 3238 648 ἔξω
3261 583 3354 638 τοῦ
3385 585 3601 656 δέοντος

2032 673 2328 742 λεγόμεναι
2347 691 2420 726 πα
2429 674 2498 743 ρὰ
2529 676 2643 736 τοῖς
2674 672 2911 736 πολλοῖς.

2105 767 2150 818 Σ
2158 767 2436 832 υμφοραί.
2460 765 2676 833 Ὠσπερ
2699 765 2857 818 ἄλλαι
2907 766 3104 818 πολλαὶ
3132 767 3241 819 τῶν
3289 768 3488 832 λέξεων
3517 769 3605 820 ἐπ’

2031 854 2224 916 ἄλλαις
2263 854 2374 906 τισὶ
2449 854 2748 924 σημασῐαις
2802 855 3278 925 ὲκλαμϐανόμεναι
3311 861 3602 928 πρότερον,

2034 943 2208 1005 ἄλλως
2245 945 2622 1014 ὲξελήφθησαν
2647 947 2802 1013 παρὰ
2849 949 2960 1008 τοῖς
2992 945 3238 1016 ὕστερον,
3271 947 3413 1001 οὕτω
3444 951 3540 1002 καὶ
3571 951 3604 1018 ἠ

2037 1038 2297 1109 συμφορὰ
2332 1037 2477 1107 μέση
2507 1038 2657 1104 λέξις
2681 1035 2818 1090 οὖσα
2875 1039 3164 1110 πρότερον,
3192 1042 3286 1093 xui
3323 1042 3609 1110 ἐκλαμϐα-

2035 1129 2236 1198 νομένη
2293 1133 2388 1182 καὶ
2413 1131 2506 1182 ἐπὶ
2537 1131 2633 1184 τοῦ
2663 1133 3052 1201 συμφέροντος,
3089 1133 3163 1194 ὡς
3189 1135 3272 1196 τὸ,
3308 1132 3609 1203 Ἐπιθυμ-

2035 1219 2247 1288 ςροραῖς
2280 1222 2538 1290 γεγηθὸς
2597 1222 2762 1291 ἕρπει
2811 1222 3080 1289 δάκρυον
3131 1221 3408 1290 ὀμμάτων
3463 1224 3604 1286 ἄπο.

2037 1315 2131 1365 ἐπὶ
2199 1313 2372 1366 κακοῦ
2431 1313 2591 1383 μόνον
2641 1315 2792 1384 παρᾶ
2819 1317 2930 1376 τοῖς
2983 1314 3210 1383 ὕστερον
3264 1314 3606 1384 ἐκλαμϐάνε-

2035 1421 2152 1470 ται,
2204 1407 2302 1458 καὶ
2355 1406 2650 1470 κακίζεται
2684 1408 2838 1478 παρὰ
2890 1407 2949 1459 τὸ
3002 1409 3150 1470 εἰκὸς
3199 1409 3299 1460 καὶ
3327 1408 3482 1476 παρὰ
3512 1407 3607 1476 τὴν

2037 1495 2214 1560 ἀξίαν.
2265 1497 2345 1566 Τῇ
2381 1497 2490 1566 γὰρ
2541 1497 2770 1566 ἀληθείᾳ
2805 1499 2866 1548 οὺ
2917 1497 3105 1548 κακῶν
3153 1497 3324 1548 αἴτιαί
3381 1497 3518 1546 εἰσιν
3551 1497 3610 1547 αἱ

2041 1589 2320 1656 συμφοραὶ
2343 1588 2482 1639 ἀλλὰ
2525 1587 2903 1654 παιδαγωγίας
2949 1589 3040 1640 καὶ
3089 1588 3400 1655 φρονήσεως
3424 1603 3436 1613 ·
3461 1587 3614 1637 τούν-

2041 1683 2222 1734 αντίον
2269 1681 2326 1732 δὲ
2363 1680 2564 1750 μᾶλλον
2586 1681 2982 1750 Ορυλλούμεναι
3014 1671 3263 1748 εὐτυχίαι
3281 1679 3418 1732 εἰσὶν
3440 1679 3612 1731 αἴτιαι

355 1793 550 1827 οκετη
575 1776 870 1842 φάρμακον
899 1773 1243 1839 ἀναγωγικὺν
1268 1772 1360 1824 καὶ
1385 1771 1654 1840 σωτήριον
1693 1769 1726 1838 ἡ
1767 1767 1932 1837 μετά-
1959 1751 2007 1812 Β
2037 1771 2248 1828 κακῶν.

361 1883 506 1930 νοια,
535 1863 683 1918 τοῦτ’
712 1863 911 1933 ἐστινὴ
943 1862 1306 1934 μεταμέλεια,
1337 1863 1434 1916 καὶ
1469 1863 1496 1932 ἡ
1524 1861 1616 1913 τοῦ
1669 1862 1932 1930 πράγμα-

351 1973 450 2017 τος
473 1955 849 2022 κατάγνωσις.

429 2045 626 2114 Ταύτῃ
659 2045 790 2114 γάρ.
823 2045 982 2099 Τοῦτ’
1006 2045 1122 2098 ἔστι
1147 2043 1284 2116 πρὸς
1321 2043 1500 2097 ταῦτα
1541 2043 1778 2097 ἁπλοῦσι
1835 2042 1933 2102 τὰς

363 2143 548 2212 χεῖρας
567 2140 703 2192 αἵτε
733 2140 968 2210 πράξεις
995 2141 1090 2192 καὶ
1117 2140 1168 2191 oi
1198 2138 1370 2207 λόγοι,
1407 2137 1440 2206 ἢ
1471 2139 1546 2202 ὼς
1596 2138 1698 2200 τὰς
1751 2135 1936 2196 αἰτίας

365 2237 456 2286 καὶ
475 2234 572 2295 τὰς
604 2233 801 2303 ἀρχάς.

437 2323 734 2391 ’Δψυχοᾳ
782 2319 1126 2392 ’Δνῑσχυροςο

439 2417 728 2482 Κολοσός.
781 2413 1064 2482 Ἐλλιπής.

435 2506 850 2576 Συνθήματος.
877 2505 992 2575 Τῆς
1027 2504 1128 2570 σῆς
1180 2503 1516 2574 βουλήσεως,
1585 2498 1938 2569 συγκαταθέ-

367 2617 524 2662 σεως.

443 2695 674 2744 Ὄντων
699 2693 758 2743 αι
809 2687 1083 2757 κράσεις.
1130 2687 1206 2739 Τὸ
1240 2685 1652 2756 συγκεκρᾶσθαι
1683 2683 1754 2736 τὰ
1805 2681 1938 2752 ἡδέα

269 2797 272 2800 ’
363 2787 474 2845 τοῖς
499 2782 787 2850 λυπηροῖς.

366 2969 690 3023 crassiorem
721 2962 980 3026 reddens,
1011 2959 1256 3018 occultat
1277 2969 1340 3012 ac
1375 2955 1504 3026 tegit
1527 2954 1598 3008 ob
1627 2967 1738 3006 sua:
1769 2950 1941 3020 ipsius

365 3059 662 3129 voluptatis
687 3069 1038 3116 consensum,
1078 3049 1528 3121 approbationem
1579 3057 1646 3098 ac
1689 3053 1934 3097 terram:

365 3168 541 3222 neque
566 3147 832 3220 permittit
873 3143 1312 3200 recordationem
1353 3138 1604 3206 accipere
1643 3135 1840 3190 salutis
1879 3146 1934 3188 et

367 3241 756 3300 incolumitatis
813 3235 1262 3302 liberationisquc
1311 3231 1693 3302 cogitationem
1728 3227 1798 3282 ab
1843 3227 1936 3282 illa

363 3335 676 3394 vehementi
707 3330 1096 3388 commotione.
1127 3327 1519 3382 Verumtamen
1551 3323 1828 3376 invenitur
1853 3335 1940 3372 rc-

367 3432 605 3487 medium
625 3424 930 3484 sublimiori
961 3417 1306 3478 meditationi
1331 3429 1638 3472 connexum
1663 3423 1719 3468 et
1737 3413 1939 3466 saluta-

367 3539 424 3577 re
455 3520 772 3591 paenitentia
801 3535 818 3582 ;
854 3513 1174 3585 poenitentia
1207 3509 1356 3564 enim
1383 3507 1710 3575 consiliique
1765 3511 1938 3558 muta-

368 3619 442 3671 tio
473 3613 712 3668 hominis
737 3617 820 3664 est
846 3609 1084 3679 graviter
1115 3613 1172 3658 et
1223 3603 1414 3670 iniquo
1467 3600 1652 3654 animo
1688 3597 1934 3660 lerentis,

369 3724 428 3764 ac
453 3717 570 3761 toto
605 3715 835 3772 corpore
859 3694 1333 3770 perltorrescentis
1353 3699 1712 3760 occupantem
1747 3702 1806 3742 se
1841 3689 1938 3739 im-

369 3800 714 3870 probitatem.
737 3795 870 3848 Nam
902 3791 1096 3846 vitium
1131 3787 1260 3842 odio
1289 3783 1546 3854 prosequi
1577 3797 1607 3836 a
1655 3780 1938 3834 voluntate

365 3893 650 3960 liberoque
695 3883 922 3942 arbitrio
985 3880 1316 3952 principium
1375 3875 1627 3930 obtinet:
1683 3871 1940 3924 voluntas

364 3985 510 4038 enim
543 3979 788 4036 omnium
834 3975 1104 4029 dictorum
1151 3971 1528 4036 factorumque
1571 3963 1722 4018 radix
1748 3971 1833 4016 est
1875 3974 1941 4015 ac

365 4075 780 4130 fundamentum
811 4085 825 4120 :
853 4075 908 4120 et
933 4065 998 4120 ad
1050 4079 1170 4116 eam
1220 4060 1512 4130 porrigunt
1553 4063 1717 4124 atque
1753 4061 1941 4108 cxten-

366 4173 506 4222 dunt
528 4179 722 4220 causas
761 4171 816 4216 et
847 4152 1298 4229 primordia.Nisi
1331 4151 1478 4206 enim
1511 4155 1806 4203 concurrat
1847 4161 1942 4199 vo-

366 4261 570 4318 luntas,
593 4253 861 4310 exanimis
885 4260 942 4304 et
965 4250 1118 4303 irrita
1139 4253 1318 4300 manet
1361 4241 1542 4296 omnis
1587 4239 1836 4295 doctrina
1885 4245 1942 4292 et

368 4351 676 4419 disciplina,
739 4343 920 4414 atque
959 4339 1294 4409 imperfecta.
1357 4332 1572 4388 Etenim
1631 4330 1678 4386 si
1752 4331 1941 4384 doctor

2105 1863 2416 1934 Συμϐάλλ.
2449 1863 2582 1916 Συνε
2591 1862 2801 1934 ργοῦσι.

2113 1957 2237 2024 Τὴν
2257 1955 2504 2025 σχέσιν.
2539 1956 2654 2024 Τὴν
2675 1955 3082 2024 προσπάθειαν.

2105 2047 2312 2116 Πριὶιτη
2341 2051 2618 2114 πρόνοια.
2671 2047 2769 2118 Γρ.
2811 2045 2873 2102 ἸΙ
2909 2049 3042 2103 ἄνω.
3081 2048 3318 2117 Πρώτην
3349 2049 3611 2119 πρόνοιάν

2038 2157 2175 2210 φησι
2201 2142 2302 2211 τὴν
2327 2140 2423 2193 τοῦ
2455 2139 2795 2209 δημιουργοῦ
2813 2141 2951 2194 Θεοῦ
2997 2141 3218 2194 δικαίαν
3269 2142 3611 2209 διεξαγωγὴν

2037 2230 2136 2283 καὶ
2165 2231 2459 2298 διοίκησιν,
2490 2229 2952 2283 ἀντιὰαστέλλων
2974 2232 3040 2284 ὲκ
3055 2231 3162 2282 τῶν
3184 2231 3381 2284 ἄλλων.
3418 2233 3482 2282 0i
3505 2233 3612 2300 γὰρ

2039 2321 2306 2392 ’Έλληνες
2325 2321 2548 2392 ἔμψυχα
2571 2320 2892 2386 δοξάζοντες
2913 2318 3091 2392 ἥλιον,
3111 2324 3205 2376 καὶ
3239 2324 3498 2394 σελήνην,
3519 2325 3615 2375 καὶ

2041 2415 2304 2483 ἀστέρας,
2361 2416 2459 2468 καὶ
2509 2416 2867 2486 προνοεῖσθαι
2913 2415 3156 2485 ἔφασκον
3203 2416 3313 2470 τῶν
3351 2420 3614 2486 ἐπιγείων

2039 2503 2256 2558 οἴκοθεν
2281 2506 2378 2559 καὶ
2403 2505 2626 2568 αὐτούς.

2109 2596 2212 2648 Διὰ
2241 2599 2488 2650 τούτων.
2514 2597 2635 2650 Τῶν
2665 2597 2991 2667 συμφορῶν.

2116 2686 2246 2750 Τοῖς
2286 2686 2562 2753 ἔχουσιν.
2595 2687 2718 2749 Τοῖς
2749 2689 3012 2748 συνετοίς.

2115 2779 2244 2846 Τοῖς
2276 2783 2386 2833 οὐκ
2415 2779 2691 2847 ἔχουσιν.
2726 2777 2852 2840 Τοῖς
2883 2779 3186 2844 ἀσυνέτοις.

2077 2957 2335 3032 ,ϐοηάὶα
2369 2958 2537 3012 Fatua
2579 2957 2879 3026 voluptate.

2117 3049 2268 3104 Ultra
2295 3050 2558 3102 meritum.
2593 3047 2724 3112 Qua:
2777 3046 3038 3102 dicuntur
3063 3061 3092 3101 a
3115 3047 3326 3115 multis,
3363 3048 3506 3104 ultra
3563 3047 3617 3102 id

2037 3141 2180 3212 quod
2223 3141 2482 3196 decorum
2527 3150 2632 3194 est.

2108 3255 2476 3310 Calamitates.
2545 3252 3019 3320 Quemadmodum
3103 3257 3415 3323 complures
3497 3255 3618 3310 alia:

2039 3363 2196 3404 voces
2253 3351 2306 3401 in
2328 3347 2448 3402 aliis
2503 3347 2834 3416 quibusdam
2909 3347 3403 3417 signiﬁcationibus
3465 3353 3620 3418 prius

2037 3443 2344 3513 elapsisque
2408 3443 2742 3512 temporibus
2797 3453 3057 3512 acceptae,
3133 3444 3292 3498 aliter
3343 3459 3620 3514 usurpatae

2038 3545 2166 3589 sunt
2196 3535 2338 3604 apud
2393 3536 2792 3603 subscquentes
2853 3535 3138 3589 minores:
3170 3537 3241 3588 ita
3296 3537 3462 3590 ctiam
3507 3539 3619 3592 haec

2039 3643 2142 3682 vox
2183 3627 2456 3696 συμφορὰ,
2499 3627 2800 3691 calamitas,
2833 3641 3016 3690 casus,
3051 3627 3228 3680 media
3278 3643 3402 3682 cum
3455 3631 3622 3683 fuerit

2039 3719 2208 3773 dictio
2239 3721 2412 3786 prius,
2436 3729 2805 3787 usurpataque
2835 3720 2998 3772 etiam
3025 3719 3076 3771 in
3103 3733 3169 3772 eo
3204 3718 3348 3788 quod
3378 3734 3621 3775 commo-

2041 3811 2172 3865 dum
2204 3821 2258 3864 et
2287 3811 2633 3864 conducibile
2647 3819 2751 3874 est,
2790 3819 2868 3870 ut,
2899 3808 2972 3863 0b
2995 3811 3051 3862 id
3098 3811 3236 3879 quod
3263 3811 3318 3863 in
3346 3813 3454 3864 suis
3483 3815 3621 3866 casi-

2043 3904 2136 3955 bus
2159 3903 2384 3972 gestiens
2417 3901 2656 3964 (nitatur,
2685 3901 2850 3970 serpit
2907 3901 3146 3970 lacryma
3200 3917 3264 3952 ea:
3328 3901 3513 3954 oculis.
3559 3903 3618 3957 In

2041 3993 2235 4048 malam
2267 4003 2474 4061 partem
2510 3995 2687 4047 stilum
2730 3992 2876 4062 apud
2915 4003 3169 4062 posteros
3218 4003 3533 4062 usurpatur,
3563 4003 3620 4048 et

2041 4087 2364 4157 objurgatur
2402 4101 2568 4155 supra
2595 4101 2756 4154 quam
2783 4101 2880 4154 par
2909 4087 3003 4150 sit,
3035 4094 3091 4138 et
3113 4095 3311 4156 praeter
3337 4087 3617 4142 meritum.

2041 4178 2200 4242 Nam,
2232 4187 2291 4232 ut
2325 4194 2511 4232 verum
2551 4179 2743 4243 fatear,
2780 4177 3120 4232 calamitates
3172 4193 3280 4232 nou
3351 4179 3617 4234 malorum

2043 4287 2221 4326 causa:
2243 4282 2390 4336 sunt,
2414 4271 2510 4326 sed
2537 4271 2938 4326 adhortationis
2958 4279 3011 4326 et
3039 4271 3341 4340 prudentiae
3366 4289 3382 4335 ς
3407 4285 3620 4337 contra,

2043 4378 2162 4431 qua:
2187 4362 2345 4432 vulgo
2375 4363 2628 4418 secundae
2659 4362 3216 4434 lortunaejactantur,
3265 4375 3392 4416 sunt
3437 4365 3620 4432 potius

371 4446 582 4502 diceat,
613 4439 750 4491 nolit
791 4444 974 4490 autem
1024 4429 1278 4500 discipuli
1327 4427 1600 4490 voluntas,
1653 4437 1843 4476 manca
1888 4431 1946 4475 et
1973 4427 2314 4508 Dl'mlonm'l
2363 4469 2561 4509 cause.

373 4534 557 4588 mutila
591 4533 648 4583 lit
683 4527 992 4596 disciplina.
1043 4524 1112 4578 Et
1141 4536 1260 4576 eam
1316 4518 1387 4572 ob
1424 4529 1642 4571 causam
1699 4513 1946 4584 perutilis

371 4639 452 4680 cst
483 4628 586 4676 vita
619 4621 836 4674 tristitia
869 4627 922 4672 et
976 4613 1273 4671 acerbitate
1308 4617 1628 4678 temperata.

445 4719 507 4770 Et
537 4719 598 4768 ob
637 4715 712 4766 id.
749 4711 980 4764 Proinde
1017 4707 1292 4775 reperitur
1339 4701 1611 4758 medicina
1659 4716 1722 4756 ac
1761 4714 1944 4754 rerum

374 4807 710 4864 sublimium,
743 4812 796 4856 et
831 4817 860 4853 a
901 4798 1109 4868 vulgari
1138 4810 1304 4851 sensu
1345 4793 1832 4848 remotissimarum
1861 4792 1946 4844 in-

373 4898 616 4970 dagatrix
644 4911 708 4948 ac
741 4894 999 4948 salutaris
1026 4887 1366 4958 paenitentia,
1405 4886 1509 4940 hoc
1555 4893 1658 4950 est,
1693 4883 1944 4937 volunta-

377 4995 442 5044 tis
468 4987 794 5054 consiliique
819 4983 1072 5042 mutatio,
1110 4990 1165 5034 et
1195 4978 1320 5034 l'acti
1358 4975 1660 5032 damnatio.

443 5081 575 5134 Huic
609 5081 768 5130 enim.
800 5077 853 5130 ιιι
896 5082 1000 5138 est,
1053 5073 1119 5126 ad
1171 5087 1234 5126 ea
1287 5071 1534 5140 pandunt
1571 5077 1627 5121 ct
1673 5065 1946 5136 explicant

379 5187 586 5234 manus,
619 5171 756 5223 facta
791 5175 845 5223 et
869 5167 1032 5230 dicta,
1066 5174 1322 5232 tanquatn
1348 5161 1414 5215 ad
1451 5175 1644 5214 causas
1665 5169 1720 5213 et
1745 5160 1944 5227 princi-

416 5283 480 5316 m.

378 5281 408 5334 Ρ
446 5356 644 5425 [gnava
681 5364 776 5406 est.
803 5349 1064 5406 Invalida.

449 5447 660 5498 .ttutita.
697 5443 1018 5513 lunpcrfccta
1067 5449 1122 5492 et
1162 5453 1372 5491 manca.

447 5539 671 5592 Fwderc.
707 5537 836 5588 'l‘uze
883 5530 1202 5595 voluntatis,
1235 5530 1312 5582 tui
1337 5543 1656 5582 consensus.

446 5629 634 5682 Rerum
664 5628 956 5694 temperies.
1000 5621 1252 5676 Jucunda
1277 5613 1521 5674 tristibus
1553 5619 1844 5686 temperari

445 5721 742 5776 Temeraria
765 5719 977 5790 gaudio.
1001 5713 1276 5768 Absurde.

2119 4539 2431 4616 Conferant.
2481 4545 2877 4615 Cooperautur.

2116 4659 2199 4714 Ad
2223 4658 2466 4728 aﬁ'ectum
2489 4655 2872 4725 abrogandam.
2902 4653 3150 4725 Magnam
3181 4663 3237 4710 et
3261 4655 3616 4710 inhaerentem

2047 4752 2213 4806 animi
2260 4747 2704 4806 commOtiouem.

2119 4865 2302 4920 Prima
2337 4865 2685 4935 providentia.
2721 4863 2946 4932 Legitur
2989 4863 3045 4917 in
3075 4864 3186 4918 alio
3205 4864 3414 4927 codice,
3440 4882 3622 4929 ruper-

2047 4977 2116 5014 na
2143 4958 2488 5025 providentia.
2511 4957 2748 5012 Primam
2781 4965 2946 5026 atque
2980 4971 3290 5027 supremam
3331 4962 3620 5028 providen-

2049 5052 2178 5106 tiam
2236 5059 2390 5104 vocat
2439 5049 2532 5104 Dei
2589 5049 2781 5103 mundi
2829 5049 3044 5118 opiﬁcis
3085 5052 3286 5120 justam
3346 5049 3617 5122 dirigendi

2048 5140 2362 5196 metitodum
2389 5155 2454 5194 ac
2473 5141 2960 5208 dispensationem,
2994 5158 3116 5197 eam
3145 5143 3216 5196 ab
3239 5145 3363 5198 aliis
3395 5149 3622 5214 praecla-

2047 5249 2104 5287 re
2136 5232 2496 5301 distinguens.
2534 5231 2664 5286 Nam
2685 5233 2858 5288 (ἰντωοί
2883 5235 3078 5299 solem,
3101 5237 3285 5291 lunam
3319 5241 3618 5310 stellasque

2045 5326 2282 5378 animata
2312 5325 2712 5386 existimantes,
2755 5341 2904 5381 esuo
2931 5329 3213 5385 domicilio
3267 5331 3383 5400 ipsa
3452 5335 3618 5388 etiam

2047 5417 2332 5486 providere
2351 5419 2608 5472 dixerunt
2629 5419 2792 5472 rebus
2829 5423 3082 5478 terrenis.

2117 5506 2316 5560 Earum
2345 5511 2540 5578 gratia.
2576 5509 2982 5568 Calamitatunt.

2113 5620 2375 5678 lacuatis.
2431 5623 2810 5696 lutelligentiae
2846 5629 3164 5698 expertibus
3197 5645 3259 5686 ac
3298 5629 3624 5700 desipienti-

2046 5713 2170 5772 bus.
