4068 6204
460 308 566 367 570

1623 294 2054 357 NICEPIIURI
2097 292 2485 357 GREGOilE

3590 290 3689 353 580

535 418 853 489 Ebmzluc.
887 416 1061 479 Οὖσας
1086 416 1192 486 γὰρ
1227 411 1495 475 ἀπωλείας
1527 410 1846 479 προξένους.
1873 409 2019 459 ἀπα·
2049 413 2091 466 Α
2193 408 2437 474 Πρῶτον
2459 408 2624 471 βίον.
2658 408 2881 479 Πρῶτον
2914 406 3027 478 βίον
3063 406 3220 477 φησὶ,
3249 405 3695 460 ἀντ;διαστέλλων

460 512 695 581 τώμενοι
731 512 778 562 oi
810 509 995 561 πολλοὶ
1030 507 1277 575 εὐτυχίας
1309 506 1473 565 αὑτὰς
1504 496 1644 554 εἶναι
1672 495 2020 567 θρυλλοῦσιν.

531 602 630 657 Δεῖ
650 601 860 669 λόχον.
909 599 1166 667 Ἐνέδραν
1215 595 1311 649 καὶ
1355 594 1561 661 παγίδα
1593 592 1731 645 κατὰ
1774 589 1883 642 τῶν
1923 588 2026 656 ψυ-

465 696 597 767 χῶν.

543 786 675 851 Τοῖς
699 784 960 854 ἐφόροις.
995 780 1154 851 Παρὰ
1192 779 1305 833 τῶν
1332 779 1604 848 δαιμόνων
1635 777 1689 828 οἴ
1730 778 1868 829 είσιν
1899 776 2027 844 ἔφο-

507 895 575 929 οι.
1568 923 1572 927 .

507 895 575 929 οι.
1568 923 1572 927 .

468 894 501 947 ρ
543 970 761 1032 Ἄλλος
789 964 1028 1020 εἰπάτω.
1071 962 1133 1018 Ὀ
1170 962 1462 1029 Ἐλληνικά
1495 960 1724 1029 φρονῶν.

538 1059 939 1124 Εἱσελθούσῃ.
983 1056 1123 1125 Ἐγὼ
1148 1056 1204 1109 δὲ
1234 1073 1307 1125 φη
1318 1056 1376 1123 μὶ
1404 1054 1669 1121 δηλονότι.

550 1151 866 1218 Ὀρέγεται.
900 1148 1135 1202 Δίδοται.

544 1243 613 1297 Τὸ
642 1239 786 1307 τῇδε
824 1238 964 1305 ἡδύ.
996 1238 1070 1290 Τδ
1101 1235 1379 1306 ἀπατηλὸν
1408 1236 1505 1304 τῆς
1537 1234 1693 1304 ὕλης.

536 1332 871 1397 Μειλίχιον.
906 1330 975 1381 '0
1009 1345 1142 1397 φησι
1183 1327 1424 1380 τοιοῦτόν
1476 1330 1630 1378 ἐστι’
1674 1323 1900 1394 Χρείας,
1934 1338 2037 1390 φη-

2127 499 2264 568 πρὸς
2295 500 2421 562 τοὺς
2450 501 2737 568 δευτέρους
2765 499 2856 552 καὶ
2888 498 3129 569 τρίτους,
3163 495 3260 560 οὖς
3298 513 3464 565 φασιν
3501 496 3695 563 Ἔλληο

2128 608 2215 652 νες
2246 590 2491 658 γίνεσθαι
2519 591 2607 643 διὰ
2643 590 2743 652 τὰς
2773 589 3246 661 μετεμψυχώσεις.

2200 683 2502 736 Δουλεύει.
2556 684 2629 735 Ἦ
2668 683 2743 746 ὡς
2790 683 3179 754 ἀργυρωνήτου
3229 680 3386 745 τάξιν
3433 678 3697 751 λαμϐάνει

2130 775 2251 826 ἀντὶ
2292 774 2593 843 μισθωτοῦ.

2212 865 2615 933 ’Δδραστείας.
2647 864 3002 934 Εἱμαρμένης

2202 956 2493 1020 Γοητευθ.
2525 953 2866 1023 Πλανηθεῖσα
2890 952 2957 1006 δι’
2985 952 3203 1023 ἡδονῆς.

2210 1046 2333 1101 Τῶν
2358 1045 2494 1112 δώρ.
2531 1046 2672 1098 Ὀσα
2722 1043 3088 1115 Θεραπεύουσι
3126 1044 3221 1097 καὶ
3255 1042 3538 1115 ήδύνουσιν
3568 1043 3703 1115 ὅρα⁴⁵

2137 1152 2242 1203 σιν,
2275 1138 2485 1204 γεῦσιν,
2512 1134 3011 1204 ἀκοὴν,6σφρησιν,
3039 1135 3132 1189 καὶ
3173 1136 3338 1205 ἁφὴν,
3367 1136 3544 1189 πάντα
3562 1134 3707 1205 δῶρα

2136 1229 2236 1297 τῆς
2264 1229 2397 1299 ὖλης
2427 1229 2582 1298 φησί·

2137 1342 2152 1363 ι
2208 1324 2437 1391 Δώρων.
2466 1322 2589 1375 Τῶν
2635 1322 2838 1392 ἡδονῶν
2885 1322 2944 1375 ὲν
2977 1321 3058 1393 τῷ
3106 1319 3422 1392 συνεχισμῷ
3469 1323 3570 1391 τῆς
3603 1321 3706 1388 φύ-

469 1425 576 1483 σὶν,
613 1420 949 1489 ἀπαιτούσης
983 1420 1326 1488 ὑπηρετῆσαι
1374 1421 1440 1487 τῇ
1477 1417 1637 1486 φύσει
1686 1414 1782 1469 τοῦ
1827 1414 2034 1483 κόσμου
2140 1429 2297 1477 σεως.

466 1514 567 1583 τὴν
596 1514 796 1583 ψυχὴν,
824 1515 1064 1565 κάτεισιν
1094 1510 1301 1564 ἄνωθεν
1329 1505 1417 1562 οἷα
1461 1508 1753 1578 μισθωτὸς,
1784 1509 1868 1559 ἴνα
1901 1507 2036 1575 πρξς

466 1606 636 1676 ῥητὸν
690 1604 1082 1673 ὐπηρετήσασα
1124 1603 1266 1673 λάϐῃ
1324 1603 1415 1653 τὸν
1472 1600 1687 1669 μισθὸν,
1742 1600 1934 1668 ὥσπερ
1984 1616 2038 1651 τι

2222 1506 2352 1560 Ἐπί
2391 1508 2811 1575 συγκείμενον.
2860 1504 3203 1576 Ὠρισμένον.

2213 1598 2554 1653 Δουλεύειν.
2603 1598 2817 1667 Ὠσπερ
2863 1597 3142 1667 ἔγγραφον
3187 1595 3506 1666 συμφωνίαν
3554 1594 3709 1664 ποιή-

470 1695 724 1760 Επαολον,
770 1696 863 1748 καὶ
907 1693 1106 1763 ἀνέλθῃ
1147 1693 1273 1746 ὅθεν
1308 1692 1563 1758 κατῆλθε.
1618 1692 1800 1744 Πάντα
1848 1692 1957 1760 γὰρ
2003 1690 2040 1744 ἃ.
2070 1749 2115 1763 __
2144 1706 2351 1752 σαντες.

472 1789 684 1857 γένεσιν
708 1749 875 1857 ’ίσχει
906 1788 999 1840 καὶ
1049 1749 1298 1854 αἱξησιν,
1331 1749 1523 1855 χρῄξει
1552 1783 1652 1851 τῆς
1695 1749 1874 1853 ψυχῆς
1898 1749 2041 1835 ’.καὶ
2070 1749 2117 1809 Β
2224 1749 2554 1850 Ἠαθῶμεν.
2586 1781 3013 1852 Εὑφρανθῶμεν.

471 1878 613 1932 τοῦτ’
642 1879 798 1931 ἐστὶν
835 1878 867 1947 ἡ
897 1878 994 1946 τῆς
1036 1874 1540 1944 ψυχῆςεύπηρεσία,
1573 1876 1668 1927 καὶ
1701 1874 2039 1942 λειτουργία,

474 1973 560 2024 ἵνα
588 1970 911 2040 ὑπηρετήσῃ
957 1970 1023 2037 τῇ
1053 1971 1269 2035 γενέσει
1307 1967 1414 2019 τῶν
1453 1968 1512 2018 ἑν
1545 1967 1737 2037 κόσμῳ
1785 1966 2043 2037 πραγμάο

472 2081 601 2127 των,
632 2064 826 2132 μέχρις
854 2061 921 2115 ἂν
950 2044 1028 2130 τῷ
1059 2062 1295 2129 δεκτικῷ
1331 2060 1528 2129 ἐκείνῳ
1554 2060 1788 2112 ἑκάστου
1821 2057 2039 2125 σώματι

473 2153 699 2223 δύναμις
766 2153 1046 2220 ὲνυπάρχῃ
1097 2150 1282 2220 φέρειν
1324 2147 1526 2219 ψυχὴν,
1557 2150 1652 2201 καὶ
1717 2146 1791 2216 μὴ
1849 2146 2042 2217 ἑνοχλῇ

474 2246 656 2316 γῆρας
696 2243 730 2314 ἢ
790 2243 1077 2313 μαρασμδς
1123 2240 1369 2293 ὁστισοῦν
1416 2241 1511 2298 καὶ
1564 2240 1738 2309 φοορά
1783 2237 2043 2308 γηγενὴς,

477 2337 672 2389 ὁπόσαι
730 2336 858 2404 περὶ
886 2334 978 2386 τὸν
1016 2332 1128 2402 βίον
1163 2332 1475 2386 πλανῶνται
1521 2330 1849 2400 πολύτροποι
1880 2331 2047 2383 πολυ-

477 2428 691 2498 τρόπως
716 2442 730 2455 ·
761 2428 794 2496 ἡ
819 2425 875 2479 δὲ
902 2427 976 2488 ὡς
998 2425 1065 2478 τὰ
1087 2424 1258 2477 πολλὰ
1284 2424 1407 2484 ταῖς
1434 2424 1620 2484 ὁλκαῖς
1644 2422 2048 2493 προσπιθείαις

480 2522 575 2575 καὶ
622 2520 836 2589 ἡδοναῖς
887 2516 1248 2585 ἁπατηθεῖσα,
1278 2514 1441 2567 οίονεὶ
1489 2513 1843 2584 μεθυσθεῑσα,
1887 2513 2047 2567 ἔλαθε

480 2608 674 2677 ψεῦδος
712 2605 828 2661 ἀντ’
872 2606 1154 2676 ἀληθείας,
1188 2606 1280 2659 καὶ
1315 2603 1478 2657 σκιὰν
1512 2604 1635 2658 ἀντὶ
1664 2604 1856 2667 οὐσίας
1887 2604 2047 2658 κατέ-

480 2716 672 2771 κουσα.

552 2790 787 2860 ϐῆσσα.
821 2776 1131 2853 Μισθωτός.

562 2973 807 3043 Vulgare:
839 2968 1136 3040 felicitates.
1170 2966 1304 3022 Cum
1336 2965 1483 3020 enim
1518 2964 1947 3021 internecionem
1988 2977 2053 3037 ac

2213 1872 2501 1939 Θυραιων.
2531 1871 2740 1925 Νόθων.

2224 1962 2585 2033 Ὀμολογεῖκ.
2631 1964 3153 2035 ’Υπερσυντίθεσθαι
3187 1969 3279 2034 ὲγγ
3294 1964 3497 2035 ράφως.

2224 2055 2295 2110 Ἦ
2325 2056 2412 2110 δέ.
2458 2058 2523 2110 Ἡ
2566 2057 2885 2126 ’Δδρὰστεια
2913 2073 2928 2090 ο
2963 2060 2996 2129 ἡ
3034 2058 3220 2126 φύσις.

2227 2146 2619 2216 Ἀπόῤῥητον.
2645 2148 2922 2203 Μυστικὸν
2950 2150 3044 2203 καὶ
3071 2148 3132 2202 οὺ
3156 2148 3246 2202 διὰ
3276 2145 3525 2219 γλώττης
3551 2158 3719 2227 ⁸ιξςροσιι

2147 2240 2468 2308 φερόμενον.

2216 2327 2717 2397 Βουλευσὼμεθα.
2749 2330 2887 2399 Περὶ
2927 2329 3137 2384 τούτων
3185 2329 3288 2383 οὐκ
3329 2330 3396 2385 ἂν
3442 2329 3598 2398 γνοίη
3637 2342 3711 2390 τις

2147 2421 2391 2491 ἀκριϐῶς
2440 2422 2515 2492 μὴ
2558 2421 2956 2491 προπεπονθὼς
3010 2422 3105 2476 καὶ
3162 2423 3295 2492 μηδὲ
3347 2423 3548 2492 πεῖράν
3600 2439 3718 2474 τινα

2147 2513 2329 2567 λαϐὼν
2371 2516 2669 2585 πρότερον·
2707 2518 2885 2583 γνοῖεν
2915 2498 2961 2567 δ⁴
2988 2516 3053 2569 ἂν
3087 2516 3288 2584 μᾶλλον
3320 2518 3369 2569 oi
3421 2515 3573 2583 πόθῳ
3602 2516 3725 2569 mi-

2148 2607 2253 2660 δων
2304 2608 2397 2661 καὶ
2449 2610 2724 2675 γυναικῶν
2778 2608 3148 2680 ἑνσχεθέντες.
3195 2608 3561 2678 Στερούμενοι
3607 2609 3718 2676 γάρ

2150 2712 2280 2750 ποτε
2308 2699 2533 2759 τούτων.
2566 2702 2597 2771 ἣ
2630 2702 2844 2765 ἑκόντες
2897 2701 3313 2765 καταλιπόντες,
3347 2701 3548 2772 μυρίας
3595 2702 3725 2770 ὑφὲι

2154 2805 2374 2843 στανται
2425 2791 2724 2863 ἀλγηδόνας
2758 2792 3205 2863 κατατεμνούσας
3237 2793 3312 2856 ὡς
3342 2794 3517 2844 είπεῑν
3546 2788 3727 2862 διηνε-

2230 2966 2468 3023 Primam
2518 2972 2700 3023 vitam.
2734 2970 2971 3025 Primam
3022 2966 3209 3035 vitam,
3245 2971 3442 3040 inquit,
3473 2985 3593 3025 eam
3647 2968 3734 3027 dl-

484 3066 782 3137 peruiciem
816 3062 975 3117 nobis
1012 3059 1323 3126 concilient,
1355 3060 1410 3113 in
1459 3058 1703 3113 fraudem
1742 3058 2053 3127 complures
2079 3089 2124 3149 α
2157 3061 2438 3132 stiuguens
2459 3077 2488 3116 a
2513 3062 2753 3116 secunda
2807 3070 2863 3116 et
2901 3062 3079 3128 tertia,
3113 3077 3275 3133 quam
3333 3060 3524 3116 dicunt
3556 3061 3731 3117 Graeci

486 3157 652 3212 illecti
715 3169 809 3210 eas
863 3167 985 3208 esse
1037 3165 1326 3222 prosperas
1377 3150 1626 3206 fortunas
1680 3160 1942 3223 spargunt
1997 3150 2055 3205 in

485 3248 701 3317 vulgus.
1316 3295 1321 3299 _

558 3338 808 3392 Insidias.
843 3336 1070 3393 Dolosas
1118 3335 1379 3393 excubias
1405 3343 1462 3390 et
1520 3332 1742 3406 laqueos
1793 3332 2058 3388 adversus

488 3432 759 3485 humanos
804 3429 1037 3482 animos.

556 3521 855 3591 Inferorum
884 3521 1214 3591 prmidibus.
1245 3520 1289 3575 A
1319 3518 1660 3575 daemonibus
1685 3519 1779 3590 qui
1818 3527 1947 3576 sunt
1970 3519 2057 3574 in-

487 3622 760 3683 spectores
782 3628 844 3669 ac
882 3612 1143 3684 praefecti.

558 3702 816 3773 Ingresso.
859 3702 972 3771 Ego
1012 3717 1143 3756 vero
1182 3699 1328 3766 dico,
1360 3700 1637 3758 videlicet.

562 3792 829 3847 Suavitns.
866 3793 1129 3862 Voluptas
1175 3802 1233 3845 et
1282 3792 1512 3847 subdola
1563 3792 1803 3847 materia:
1847 3791 2061 3847 frauda-

492 3888 587 3937 tio.
617 3881 770 3949 Quod
805 3892 986 3937 autem
1031 3881 1188 3944 dicit,
1227 3880 1334 3937 tale
1380 3891 1465 3936 est
1496 3898 1508 3937 ι
1546 3880 1900 3944 Necessitate,
1961 3882 2059 3948 ait,

490 3976 761 4045 erigente.
793 3974 1027 4027 animam
1060 3973 1246 4026 mundi
1282 3983 1489 4026 naturae
1526 3972 1811 4037 inservire,
1843 3986 1872 4024 e
1896 3972 2063 4025 subli-

494 4066 566 4118 mi
593 4064 1155 4134 descendittanquam
1196 4062 1449 4118 mercede
1480 4063 1713 4133 quadam
1769 4062 2060 4126 conducta,

495 4165 556 4209 ut
585 4155 649 4207 ad
678 4154 960 4208 definitum
998 4163 1213 4223 tempus
1245 4153 1490 4208 serviens
1522 4153 1951 4208 emolumentum
1974 4167 2065 4207 ac-

494 4244 661 4313 cipiat
682 4243 848 4297 veluti
884 4242 1166 4313 prtemium
1209 4243 1502 4313 quoddam,
1536 4253 1592 4298 et
1628 4247 1885 4299 ascendat
1919 4245 2064 4301 unde

493 4334 663 4388 venit.
708 4334 1054 4409 Quaecunque
1105 4332 1252 4389 enim
1302 4343 1481 4388 ortum
1534 4345 1590 4388 et
1665 4334 2062 4390 incrementum

2166 3153 2281 3208 fieri
2311 3161 2535 3223 propter
2564 3152 3085 3224 metempsychosin,
3119 3166 3215 3208 stu
3249 3153 3303 3206 in
3334 3152 3441 3207 alia
3493 3152 3733 3209 subinde

2164 3257 2325 3317 atque
2348 3247 2452 3301 alia
2482 3262 2711 3318 corpora
2735 3247 3136 3316 migrationem.

2237 3339 2546 3394 Servitutem
2592 3340 2783 3393 induit.
2815 3338 2953 3405 Quia
3004 3338 3094 3392 hic
3157 3337 3403 3393 ordinem
3449 3346 3505 3393 et
3550 3339 3737 3395 locum

2165 3430 2427 3499 mancipii
2456 3430 2686 3499 pecunia
2717 3429 2885 3499 empti
2909 3429 3105 3499 accipit
3132 3428 3255 3483 loco
3279 3428 3626 3483 mercennarii.

2235 3508 2514 3577 Adrastida.
2551 3522 2688 3587 Fati,
2722 3523 2907 3586 sortis,
2961 3521 3141 3576 fatalis
3186 3519 3551 3575 necessitatis.

2237 3613 2433 3669 lllusa.
2460 3613 2520 3667 In
2541 3626 2786 3667 errorem
2813 3631 2839 3665 ει
2863 3612 3143 3682 voluptate
3169 3609 3413 3664 inducta.
3616 3610 3622 3614 ’

2236 3706 2278 3758 Α
2310 3705 2550 3759 materiae
2602 3703 2773 3757 donis.
2828 3698 3177 3773 Quaecunque
3226 3700 3516 3764 deliniunt,
3550 3700 3741 3756 oblec—

2165 3806 2282 3853 tant
2303 3812 2366 3853 ac
2396 3797 2710 3852 demulcent
2734 3796 2932 3862 visum,
2967 3805 3208 3866 gustum,
3265 3793 3533 3858 auditum,
3564 3792 3737 3850 olfac-

2168 3900 2282 3945 tum
2311 3898 2369 3945 et
2400 3896 2623 3953 tactum,
2657 3902 2721 3943 ea
2754 3890 2996 3944 materia:
3027 3887 3169 3942 dona
3217 3895 3517 3956 nuncupat.

2238 3984 2421 4039 Donis.
2455 3981 2801 4052 Voloptatum
2832 3981 2884 4035 in
2901 3993 3112 4035 natura:
3132 3978 3483 4035 cohaerentia.

2237 4072 2319 4125 Ad
2333 4072 2650 4125 condictum.
2678 4070 2995 4125 Definitum.

2242 4164 2519 4219 Inscrvire.
2543 4164 2709 4231 Quasi
2737 4180 2800 4220 ex
2834 4161 3041 4234 scripto
3090 4163 3230 4220 facta
3286 4162 3657 4220 conventione
3684 4171 3742 4219 et

2169 4256 2595 4327 conspiratione.

2243 4348 2499 4404 Fortunae
2525 4359 2573 4404 et
2613 4361 2829 4405 externa
2854 4352 3010 4407 bona.
3035 4351 3168 4420 Qum
3183 4360 3310 4407 sunt
3337 4351 3506 4408 notha
3535 4360 3595 4406 el.
3625 4352 3744 4408 ille-

493 4425 721 4489 babent,
748 4427 983 4479 animam
1025 4431 1081 4480 et
1109 4425 1274 4479 vitam
1329 4424 1666 4482 desiderant.
1703 4426 1769 4480 Et
1798 4427 1930 4482 illud
1985 4438 2070 4484 est
2103 4437 2145 4491 ι)
2175 4439 2382 4509 gilium,

494 4519 690 4572 animm
737 4517 1057 4585 obsequium
1113 4530 1177 4570 ac
1223 4514 1613 4577 ministerium,
1647 4525 1706 4570 ut
1761 4517 2067 4573 subserviat

494 4609 827 4680 generationi
859 4618 915 4663 ct
946 4608 1148 4677 origini
1180 4621 1362 4662 rerum
1404 4623 1525 4676 qum
1557 4609 1611 4661 in
1660 4608 1862 4663 mundo
1893 4612 2069 4664 conti-

496 4712 721 4762 nentur,
749 4715 1034 4770 quousque
1068 4700 1141 4754 illi
1166 4699 1350 4769 capaci
1384 4700 1815 4770 uniuscujusque
1853 4702 2068 4770 corpori

496 4796 579 4849 vis
610 4804 664 4848 et
693 4793 927 4847 facultas
956 4792 1098 4846 adsit
1139 4792 1385 4862 gestandi
1426 4794 1687 4856 animum,
1717 4806 1892 4861 neque
1952 4808 2068 4846 eam

498 4883 685 4953 fatiget
712 4892 984 4946 senectus,
1019 4890 1114 4935 aut
1137 4881 1345 4950 quaevis
1370 4882 1523 4935 tabes
1556 4893 1612 4936 et
1652 4882 1864 4951 jactura
1906 4882 2070 4936 terri-

498 4990 634 5045 gena
681 4974 871 5043 quales
934 4973 989 5026 in
1052 4971 1160 5026 vita
1213 4971 1472 5026 oberrant
1531 4974 1817 5028 versatiles
1886 4972 2073 5028 multis

498 5066 698 5120 modis.
734 5065 862 5131 Quie
883 5078 1047 5134 porro
1076 5064 1257 5118 anima
1290 5073 1347 5118 ut
1376 5065 1671 5134 plurimum
1697 5065 2072 5119 triaterialibus

500 5178 566 5219 ac
589 5161 966 5217 vehementius
998 5160 1394 5216 inhaerentibus
1438 5159 1726 5216 affectibus
1778 5160 2074 5230 voluptati-

502 5257 715 5324 busque
762 5255 815 5308 in
855 5269 1102 5309 errorem
1155 5264 1211 5308 et
1275 5254 1540 5308 fallaciam
1593 5254 1824 5309 deducta
1884 5262 1983 5316 est,
2018 5262 2073 5308 et

501 5348 657 5418 quasi
714 5346 982 5400 inebriata
1049 5345 1365 5413 imprudens
1420 5346 1645 5405 fallitur.
1692 5360 1790 5415 pro
1845 5346 2074 5400 veritate

500 5442 867 5503 mendacium,
900 5448 955 5493 et
987 5440 1233 5493 umbram
1268 5451 1367 5506 pro
1405 5437 1709 5492 substantia
1759 5448 1815 5492 et
1844 5451 1903 5491 re
1958 5436 2075 5506 ipsa

501 5531 859 5600 amplectens.

570 5621 906 5694 I’aupcrcula
950 5622 1206 5693 siquidem
1259 5632 1308 5677 et
1354 5622 1616 5678 indotata.
1652 5621 1899 5680 Mercede
1945 5637 2077 5680 con-

499 5711 685 5769 ducta.

2240 4532 2566 4588 Consentire.
2605 4532 2740 4589 Cum
2786 4537 3006 4607 scriptis
3060 4539 3377 4608 transigere.

2245 4624 2323 4678 Ea
2360 4642 2536 4693 porro.
2594 4626 2845 4682 Adrastia
2885 4644 2980 4683 seu
3025 4629 3291 4694 Nemesis,
3352 4646 3449 4686 seu
3500 4630 3749 4687 vindicta

2172 4716 2355 4771 divina
2381 4718 2680 4773 verborum
2712 4720 3079 4791 superborum
3139 4721 3520 4793 factorumque
3581 4735 3749 4794 petu-

2172 4807 2399 4862 lantium
2434 4810 2634 4875 ultrix;
2671 4810 2783 4881 ipsa
2824 4822 3037 4867 natura.

2244 4897 2539 4955 Occultam.
2579 4904 2869 4968 Arcanam,
2902 4920 3005 4960 nec
3050 4904 3248 4977 linguze
3301 4905 3609 4963 ministerio
3647 4907 3750 4962 ad-

2175 4989 2548 5061 miniculoque
2589 4992 2991 5062 proferendam.

2244 5078 2561 5135 Statuimus.
2592 5081 2763 5138 Nemo
2790 5085 2876 5140 his
2898 5085 2966 5140 de
2991 5086 3154 5142 rebus
3187 5099 3373 5143 exacte
3417 5089 3626 5145 sentire
3683 5105 3751 5146 ac

2170 5170 2421 5241 judicare
2451 5182 2653 5243 potest,
2686 5176 2791 5231 nisi
2842 5192 3057 5232 summo
3084 5177 3281 5234 ati‘ectu
3330 5181 3412 5235 eis
3466 5180 3756 5247 ininereat,

2177 5275 2243 5317 ac
2270 5262 2423 5331 prius
2445 5265 2842 5333 experientiam
2872 5269 3161 5337 quamdam
3192 5270 3507 5340 sumpserit,
3536 5271 3758 5339 pericu-

2178 5352 2402 5422 lunique
2432 5356 2670 5423 fecerit;
2705 5363 2960 5414 noverint
2995 5363 3178 5431 potius
3225 5361 3261 5416 ii
3309 5361 3403 5432 qui
3457 5362 3753 5417 mulierum

2179 5454 2231 5497 et
2258 5459 2563 5514 puerorum
2605 5464 2792 5506 amore
2840 5451 3175 5508 detinentur.
3233 5454 3364 5509 Nam
3404 5453 3599 5511 iisdem
3653 5455 3759 5510 ali-

2180 5535 2400 5606 quando
2429 5537 2650 5607 privati,
2688 5541 2774 5596 vel
2807 5544 2850 5597 si
2883 5544 3119 5600 ultronei
3149 5556 3206 5601 et
3243 5561 3344 5602 sua
3411 5556 3603 5617 sponte
3656 5561 3763 5602 eos

2179 5628 2545 5694 deseruerint,
2578 5631 2820 5688 infinitos
2848 5651 3079 5705 angores
3134 5647 3189 5693 et
3244 5639 3521 5695 cruciatus
3576 5637 3760 5694 mole-

2182 5716 2422 5786 stiasque
2455 5721 2730 5785 sustinent
2758 5762 2773 5789 ,
2809 5725 3069 5794 animam,
3102 5729 3258 5785 utita
3288 5729 3760 5798 loouar.,assidue
