4068 6204
331 285 426 349 6ll

1219 293 1542 356 senem
1585 295 1669 358 IN
1709 259 2092 364 stEswu
2138 305 2236 366 DE
2273 303 2708 371 INSOMNIIS.

3487 319 3592 382 603

409 401 540 472 ’0ρᾷ
567 400 704 470 μέν·
762 398 865 496 ΕίςΔ
911 401 1154 496 τέξσιρι
1209 407 1340 474 τέλη
1372 408 1766 482 διαιρουμένης
1803 414 1900 482 τῆς
1935 423 1982 478 Δ
2015 416 2118 487 σοη
2153 418 2316 472 τινῶν
2345 420 2585 475 ἐνταῦθα
2615 407 2692 486 ὧς
2723 422 2780 476 ἐν
2813 422 3029 495 βραχεῖ,
3061 425 3360 496 ἀναγκαῖον
3391 435 3594 492 ταύτας

325 498 604 557 πολιτείας
637 495 746 552 τῶν
782 493 1102 564 Ἀθηναίων,
1137 498 1198 548 τὸ
1225 499 1326 566 μὲν
1359 502 1592 554 ἐκάλουν
1615 503 1724 556 τῶν
1772 522 1900 558 πεν-

323 585 854 656 τακοσιομεδίμνων,
879 585 939 638 τὸ
969 585 1025 638 δὲ
1048 587 1158 640 τῶν
1187 591 1422 652 ἱππέων,
1457 594 1514 644 τὸ
1553 595 1608 646 δὲ
1637 594 1748 646 τῶν
1776 597 1901 657 ζευ-

321 681 508 750 γιτῶν,
541 681 600 732 τὸ
632 681 687 733 δὲ
721 681 830 732 τῶν
855 678 1060 750 θητῶν.
1099 682 1271 736 Τοῦτο
1293 685 1352 738 δὲ
1383 686 1441 736 τὸ
1466 685 1690 754 θητικὸν
1713 684 1780 757 ἦν
1805 690 1902 742 καὶ

319 774 698 846 ἀπορώτατον,
759 781 850 832 ἐπὶ
885 779 1064 848 μισθῷ
1099 778 1200 849 τὴν
1251 780 1566 850 ἡμερησίαν
1596 783 1684 834 ἀεὶ
1714 783 1902 836 ποιού-

322 888 486 940 μενον
537 871 828 940 ἐργασίαν.
867 869 947 926 Τὰ
1005 872 1192 940 μέντοι
1220 871 1350 942 τέλη
1382 869 1556 924 ταῦτα
1604 874 1700 926 καὶ
1735 876 1900 946 τιμή-

321 977 468 1030 ματα
509 959 694 1027 ἔλεγον
722 962 768 1014 οί
817 962 1120 1030 Ἀθηναῖοι.

387 1054 572 1107 Ὥστε
594 1052 846 1120 ἀποζῆν.
881 1054 1053 1116 Μόλις
1078 1055 1199 1124 ζῇν.

387 1147 780 1214 Πρόονκωπος.
831 1147 930 1200 Διὰ
963 1146 1054 1199 τοῦ
1087 1146 1340 1201 ἀκατίου.

395 1237 460 1289 '0
491 1237 620 1302 οιξς.
668 1236 728 1288 Ὀ
762 1237 1062 1305 μισθωτός.

396 1329 458 1382 '0
497 1329 700 1396 τιθείς.
757 1329 918 1392 Ἐθος
948 1325 1018 1399 ἦν
1064 1331 1178 1392 τοῖς
1223 1329 1534 1400 Ἀθηναίοις
1587 1331 1896 1402 λαμϐάνειν

311 1423 438 1476 καθ’
466 1423 696 1474 ἕκαστον
728 1423 848 1486 ἔτος
883 1423 1138 1493 δραχμὰς
1177 1424 1242 1493 ιβ’
1271 1427 1335 1477 ὲκ
1363 1425 1470 1476 τῶν
1496 1425 1702 1487 ἔξωθεν
1734 1427 1894 1496 ἐρχο-

311 1515 494 1585 μένων
525 1519 606 1579 si;
681 1517 918 1588 Ἀθήνας
971 1517 1140 1580 ξένων
1197 1517 1483 1580 κατοικίας
1543 1518 1731 1582 ἕνεκα,
1801 1517 1894 1572 καὶ

306 1609 470 1661 τοῦτο
503 1609 753 1662 ἐκαλεῖτο
779 1609 1080 1678 μετοίκιον.

375 1703 720 1758 Μετοίκιον.
750 1703 868 1756 Τῶν
891 1701 1092 1768 ἔξωθεν
1127 1701 1600 1772 μετοικιζομένων
1631 1703 1712 1768 εἰς
1736 1701 1894 1774 Ἀθή-

311 1813 438 1858 νας.

391 1888 880 1956 Ἔτεοϐουτὰὄης.
934 1889 1343 1943 Ἐτεοϐουτάδαι
1380 1888 1537 1954 γένος
1585 1905 1640 1940 τι
1663 1889 1896 1958 ἀρχαῖον

303 1981 584 2050 ἐπίσημον
610 1981 665 2032 ἐν
701 1979 954 2049 Ἀθήναις
984 1979 1080 2033 καὶ
1105 1979 1422 2049 περιφανὲς,
1467 1979 1562 2046 ἀφ’
1618 1969 1680 2031 οῦ
1715 1977 1887 2048 αὐτῆς

315 2074 560 2144 Ἀθηνᾶς
599 2072 1159 2140 ὲξελέγοντοίέρειαι.
1195 2073 1652 2142 Ἐτυμολογεῖται
1702 2071 1758 2124 δὲ
1791 2072 1896 2124 ἀπὸ

299 2167 406 2218 τοῦ
437 2165 589 2218 ἐτεὸν
617 2165 678 2218 τὸ
713 2165 933 2236 ἀληθὲς,
961 2163 1110 2218 τοῦτ’
1139 2163 1288 2218 ἔστιν
1331 2166 1380 2218 οἱ
1418 2163 1636 2234 ἀληθῶς
1689 2166 1750 2216 ἐκ
1795 2167 1894 2234 τῆς

297 2256 400 2310 τοῦ
439 2255 646 2310 Βούτου
689 2259 884 2326 γενεᾶς
929 2256 1332 2326 καταγόμενοι·
1399 2255 1600 2326 βούταν
1646 2254 1706 2307 δὲ
1742 2253 1898 2308 καλεῖ

299 2349 398 2400 τὸν
447 2349 734 2416 πανόπτην
783 2349 990 2418 ’Ἄργον
1038 2347 1067 2398 ὁ
1125 2347 1388 2417 τραγικὸς
1443 2345 1894 2416 Αίσχύλο;,ἥὼς

299 2437 592 2524 βουκιρον,
628 2439 703 2500 ὡς
733 2437 1137 2491 ἐπιστατοῦντα
1173 2439 1270 2490 καὶ
1301 2437 1572 2506 ἑπόμενον
1601 2439 1670 2506 τῇ
1708 2435 1794 2488 Ἰοῖ
1823 2435 1890 2506 τῇ

298 2527 548 2594 θυγατρὶ
575 2527 670 2579 τοῦ
713 2529 946 2597 Ἰνάχου.
971 2528 1130 2598 Φέρει
1157 2527 1265 2598 γὰρ
1289 2527 1461 2595 αὐτὴν
1501 2529 1769 2594 λέγουσαν
1804 2527 1896 2578 οὗ-

219 2673 224 2678 ,
295 2621 465 2682 τωσὶ,
499 2620 802 2690 Φοϐοῦμαι
831 2621 938 2673 τὸν
972 2621 1286 2689 μυριωπὸν
1309 2619 1612 2689 εἰσορῶσα
1631 2619 1890 2673 Βούταν.

369 2711 733 2778 Δημοτικό-ν.
763 2711 1122 2764 Κοινωνικόν.

375 2802 704 2870 [Im-taxat)
737 2801 1036 2870 παρεῖναι.
1080 2799 1412 2872 Ἐπειδήπερ
1442 2801 1693 2872 ἱστοριῶν
1721 2799 1892 2870 ἐμνή-

377 2975 562 3032 Ceruit
595 2975 830 3042 quidem.
855 2973 992 3026 Cum
1029 2973 1084 3028 in
1119 2983 1363 3043 quatuor
1405 2973 1661 3029 ordinum
1691 2990 1888 3048 genera

2011 509 2287 580 πρότερον
2331 512 2644 580 ἀναπτύξαι
2691 517 2987 584 σαφηνείας
3046 519 3208 572 ἕνεκα
3257 520 3352 574 τοῦ
3399 521 3582 588 λόγου.

2009 599 2146 668 Περὶ
2179 599 2278 670 τὴν
2315 601 2648 674 Ἀντιόχειαν
2671 607 2770 674 τῆς
2797 607 2994 676 Συρίας
3031 609 3150 662 ἐστὶ
3181 613 3330 682 πηγή
3364 629 3445 676 τις
3467 615 3590 666 ὅνο-

2005 705 2084 756 μα
2115 691 2424 757 Κασταλία,
2455 695 2514 744 ὲν
2597 695 3003 764 χρησμολογεῖν
3038 699 3222 766 ἔλεγον
3265 703 3356 754 τὸν
3395 703 3592 757 Ἀπόλ-

2002 779 2150 832 λωνα
2183 780 2386 836 οὑτωσί
2416 800 2565 848 πωςο
2605 784 2692 838 Ἐν
2742 789 2808 856 τῇ
2841 789 3009 860 ἐκροῇ
3043 789 3136 842 τοῦ
3172 791 3364 854 ὓδατος
3410 796 3588 848 ἀνεδί-

2000 872 2122 924 δοτο
2156 873 2402 944 πνεῦμα,
2455 876 2594 946 ὅπερ
2626 877 2818 932 ἄλλοτε
2881 881 3050 952 ἄλλην
3083 883 3318 938 καθίστα
3347 887 3443 954 τὴν
3487 889 3583 941 τοῦ

2001 963 2194 1028 ὕδατος
2251 967 2498 1036 κίνησιν,
2560 969 2628 1040 ἣν
2661 973 3131 1040 περισκοποῦντες
3175 979 3222 1029 oi
3261 977 3484 1048 μάντεις
3513 981 3584 1034 τὰ

2001 1055 2270 1126 μέλλοντα
2306 1058 2638 1128 προῦλεγον.
2673 1064 2790 1116 Μία
2836 1065 2934 1132 μὲν
2958 1062 3054 1120 οὖν
3081 1068 3220 1136 αὕτη
3258 1071 3408 1124 ἐστὶν
3443 1073 3584 1125 loto-

1999 1148 2122 1217 ρία’
2159 1149 2324 1220 ἑτέρα
2351 1151 2405 1203 δὲ
2440 1153 2472 1221 ἡ
2503 1153 2754 1224 περὶτῆς
2780 1155 2892 1209 τῶν
2923 1158 3144 1227 Δελφῶν
3177 1161 3406 1231 πέτρας.
3427 1166 3594 1217 Ἐστι

1995 1241 2052 1293 δὲ
2087 1239 2225 1312 αὕτη
2257 1243 2396 1294 κατὰ.
2426 1243 2526 1313 τὴν
2551 1245 2651 1314 τῆς
2682 1246 2922 1308 Φωκίδος
2959 1250 3254 1320 ἐπαρχίαν,
3286 1253 3589 1322 νοτιωτέρα*

2000 1332 2100 1399 μὲν
2133 1335 2298 1402 ὅρους
2329 1334 2424 1387 τοῦ
2461 1337 2750 1404 Παρνασοῦ
2791 1339 3026 1404 σταδίοις
3083 1345 3442 1409 τριακοσίοις.
3477 1345 3578 1412 ἀρ-

1995 1425 2312 1494 κτικωτέρα
2347 1426 2402 1478 δὲ
2429 1427 2524 1479 τοῦ
2557 1429 2924 1496 Κορινθιακοῦ
2959 1432 3166 1485 κόλπου
3195 1434 3426 1498 σταδίοις
3457 1434 3576 1486 δια-

1996 1515 2202 1578 κοσίοις
2235 1517 2486 1585 ἔγγιστα.
2511 1513 2618 1572 Ἶὶν
2640 1520 2698 1574 δὲ
2731 1521 2880 1591 ἱερὸν
2911 1525 3028 1574 ἐκεῖ
3063 1525 3190 1594 περί
3224 1543 3274 1577 τι
3305 1528 3580 1596 πετρῶδες

1994 1606 2145 1674 ὅρος,
2177 1609 2272 1660 καὶ
2303 1610 2360 1660 ὲν
2391 1611 2542 1680 αὐτῷ
2566 1614 2592 1664 ὁ
2631 1614 2894 1680 μαντιιιὶς
2943 1614 3038 1668 τοῦ
3089 1617 3426 1680 Ἀπόλλωνος
3457 1619 3576 1688 τρί-

1995 1715 2154 1763 πους.
2191 1701 2362 1770 Τρίτη
2393 1701 2450 1754 δέ
2507 1703 2656 1756 ἐστιν
2716 1705 2952 1773 ἱστορία,
2982 1707 3013 1776 ἡ
3047 1709 3180 1778 περὶ
3203 1701 3280 1766 ,οῦ
3313 1727 3446 1779 φησι
3483 1709 3584 1778 xci.-

1997 1807 2204 1860 σματος
2231 1792 2354 1858 γῆς’
2386 1791 2498 1860 ἔχει
2520 1793 2574 1844 δὲ
2601 1793 2776 1857 οὕτως
2797 1811 2810 1824 ⁸
2857 1797 3108 1862 Ἐγένετο
3140 1816 3222 1862 τις
3259 1799 3402 1870 ἀνὴρ
3439 1801 3578 1870 Τροι

1998 1883 2203 1951 (primo;
2229 1883 2425 1952 ὄνομα,
2463 1884 2657 1952 μάντις
2687 1886 2788 1953 τὴν
2811 1887 3033 1958 τέχνην.
3070 1885 3242 1952 Οὗτος
3291 1891 3394 1944 ὑπὸ
3425 1908 3580 1944 κενο-

1996 1975 2177 2040 δοξίας
2207 1974 2288 2036 είς
2319 1991 2370 2026 τι
2401 1979 2666 2043 σπήλαιον
2704 1977 2898 2030 ἑαυτὸν
2949 1979 3210 2048 ἐμϐαλὼν
3270 1982 3366 2034 καὶ
3407 1999 3576 2036 κατα-

1998 2067 2218 2139 κρύψας
2257 2067 2424 2122 αὐτοῦ
2454 2069 2546 2122 τὸν
2585 2069 2700 2136 βίον
2747 2070 3094 2140 ἀπήλλαξεν
3122 2072 3150 2124 ὃ
3187 2073 3254 2140 δὴ
3287 2074 3576 2144 σπήλαιον,

1995 2163 2156 2230 φησι,
2195 2161 2461 2230 μαντείας
2510 2161 2757 2214 ἀνεδίδου
2794 2165 2908 2223 τοῖς
2943 2162 3174 2216 εἰσιοῦσι
3211 2165 3306 2218 καὶ
3329 2166 3577 2234 ἐρωτῶσι

1993 2255 2126 2324 περὶ
2155 2253 2397 2306 ὁτουοῦν.
2451 2253 2674 2306 Τούτων
2733 2254 2798 2322 δὴ
2827 2255 2934 2306 τῶν
2988 2255 3246 2326 ἱστοριῶν
3285 2257 3519 2310 ἐνταῦθα
3547 2259 3582 2310 ὁ

1995 2344 2253 2406 Συνέσιος
2277 2341 2528 2414 ἐμνήσθη
2559 2343 2650 2396 διὰ
2681 2344 2906 2396 πλείονα
2948 2345 3047 2414 τῆς
3083 2345 3206 2398 καθ’
3239 2345 3406 2400 ὕπνον
3441 2364 3576 2414 μαν-

1993 2439 2154 2506 τικῆς
2197 2435 2438 2502 ἔπαινον,
2489 2435 2633 2504 λέγω
2683 2439 2766 2490 ὅτι
2817 2439 3002 2490 ἐκεῖνα
3069 2438 3168 2506 μὲν
3223 2439 3294 2490 τὰ
3347 2441 3578 2508 μαντεῖα

1993 2528 2178 2582 κόπων
2211 2528 2308 2580 καὶ
2335 2527 2712 2596 ἀναλωμάτων
2765 2529 3038 2582 πλείστων
3085 2529 3294 2581 ἐδέοντο
3317 2547 3328 2558 ·
3360 2528 3502 2598 αὕτη
3529 2529 3577 2582 δ’

1991 2619 2210 2682 ἀπόνως
2239 2619 2426 2672 δίδωσι
2453 2619 2551 2682 τὰς
2591 2619 2858 2688 μαντείας
2884 2619 3112 2674 ἅπασιν.

2065 2713 2172 2765 Καὶ
2211 2711 2297 2780 μὴ
2333 2711 2718 2764 καταλαϐεῖν.
2771 2712 2846 2762 Τὸ
2991 2711 3322 2780 κατοικῆσαι
3357 2715 3436 2775 εἰς
3469 2715 3566 2766 ἕνα

1990 2802 2178 2867 τόπον,
2213 2803 2244 2872 ἦ
2277 2801 2352 2864 ὡς
2400 2803 2432 2872 ἢ
2467 2803 2544 2866 εἰς
2573 2806 2634 2856 τὸ
2684 2807 2782 2873 τῆς
2833 2803 3150 2866 Κασταλίας
3202 2803 3372 2876 ὕδωρ,
3419 2806 3452 2872 ἢ
3487 2807 3569 2868 εἰς

2065 2975 2374 3046 Papularis.
2408 2975 2740 3044 Familiaris,
2767 2977 3014 3032 socialis.

303 3071 570 3126 distincta
607 3075 754 3122 esset
794 3066 1210 3126 Atheniensium
1241 3065 1550 3136 respublica
1597 3075 1654 3122 et
1702 3069 1880 3124 civilis
1921 3103 1970 3163 ο
2073 3068 2381 3138 Ubicunque
2427 3079 2620 3139 pra’ato
2666 3081 2763 3125 est.
2803 3069 3262 3142 Quandoquidem
3311 3070 3402 3126 hic
3447 3085 3580 3140 qun-

303 3161 720 3217 administratio
753 3177 765 3212 :
805 3176 976 3214 unum
1009 3159 1234 3230 quidem
1269 3159 1666 3228 nuncupabant
1701 3177 1896 3215 eorum

302 3253 400 3322 qui
455 3267 682 3308 censum
733 3251 1164 3321 quingentorum
1210 3251 1619 3304 medimnorum
1653 3251 1898 3320 posside-

301 3343 440 3398 bant
467 3360 482 3396 :
509 3344 742 3400 alterum
771 3341 1046 3412 equitum,
1081 3342 1301 3396 tertium
1339 3341 1700 3408 zeugitarum,
1732 3358 1894 3411 quar-

304 3447 422 3493 tum
443 3438 828 3506 onerariarum
857 3434 1110 3490 mercede
1145 3435 1567 3490 conductorum.
1602 3433 1702 3488 llic
1729 3449 1894 3504 porro

303 3527 566 3597 opiﬁcum
599 3535 654 3580 et
695 3525 1160 3580 mercenariorum
1193 3525 1413 3580 intimus
1433 3525 1568 3578 ordo
1593 3533 1710 3579 erat
1734 3523 1893 3578 valde

305 3617 502 3688 inops,
553 3619 824 3672 mercedis
872 3632 1034 3672 causa
1091 3615 1346 3672 diurnam
1394 3631 1613 3674 semper
1668 3631 1889 3686 cperam

307 3719 598 3780 prmstans.
647 3711 754 3764 Eos
780 3709 1004 3779 quidem
1036 3718 1182 3764 certe
1217 3707 1442 3763 ordines
1488 3717 1544 3762 et
1585 3723 1783 3763 census
1813 3708 1896 3762 di-

305 3803 506 3858 cebant
538 3801 932 3856 Athenienses.

379 3893 656 3946 Traducat
691 3893 854 3946 vitam
887 3891 1140 3946 sobriam.
1173 3890 1255 3945 lta
1285 3897 1350 3945 ut
1397 3903 1522 3944 cum
1573 3887 1895 3944 diﬂicultate

307 3988 485 4040 vivat.
1279 4031 1288 4040 ,

373 4075 598 4130 ηεηιεκ.
635 4073 748 4146 Ope
777 4075 1058 4146 uavigioli,
1097 4091 1195 4132 seu
1225 4075 1464 4146 scaphae.

375 4169 687 4238 Oper-arias.
721 4167 1110 4224 Mercenarius.

379 4261 450 4314 Et
485 4261 570 4330 qui
592 4259 744 4314 solvit
777 4259 1126 4315 colonariam.
1157 4261 1273 4317 Mos
1316 4274 1434 4318 erat
1463 4265 1892 4320 Atheniensibus

307 4353 564 4420 accipere
593 4351 826 4414 singulis
855 4353 1015 4406 annis
1041 4353 1332 4408 duodecim
1363 4356 1658 4411 drachmas
1691 4359 1756 4410 ab
1787 4375 1886 4411 ex-

2001 3162 2252 3216 rumdam
2285 3161 2646 3216 historiarum
2679 3162 3016 3218 mentionem
3047 3162 3210 3227 fecit,
3242 3165 3432 3232 paucis
3461 3179 3580 3217 ver-

2001 3253 2087 3308 bis
2117 3268 2301 3322 opera:
2329 3254 2564 3322 pretium
2606 3263 2690 3308 est
2719 3269 2814 3308 eas
2844 3254 2997 3324 prius
3046 3255 3321 3324 explicare
3369 3257 3580 3324 perSpi-

2002 3343 2226 3398 cuitatis
2269 3344 2540 3398 orationis
2583 3343 2780 3414 gratia.
2830 3343 2987 3400 Circa
3023 3343 3372 3398 Antiochiam
3411 3343 3580 3414 Syric

2001 3419 2086 3488 est
2111 3434 2235 3488 fons
2266 3433 2492 3503 quidam
2531 3435 2754 3490 nomine
2782 3435 3048 3500 Castalia,
3087 3435 3143 3490 in
3187 3451 3298 3506 quo
3342 3436 3584 3490 tradide-

2000 3531 2130 3578 runt
2155 3524 2466 3593 Apollinem
2497 3523 2580 3580 sic
2607 3524 2716 3580 fata
2739 3525 3060 3594 praedixisse
3085 3540 3100 3578 :
3137 3525 3192 3579 in
3216 3534 3398 3578 meatu
3425 3539 3584 3594 aqua:

2001 3616 2340 3672 reddebatur
2375 3617 2556 3682 (latus,
2585 3617 2680 3687 qui
2710 3617 2932 3688 quidem
2962 3618 3096 3674 alias
3124 3618 3288 3672 aliam
3313 3616 3580 3672 eﬂicicbat

1998 3724 2154 3779 aqua:
2188 3709 2638 3774 commotionem,
2679 3725 2842 3780 (tuam
2871 3709 3387 3780 circumspicientes
3423 3717 3590 3764 vates

1999 3801 2185 3856 futura
2217 3801 2617 3872 pratdicebant.
2666 3803 2784 3858 Una
2836 3801 3000 3871 igitur
3035 3801 3152 3856 hace
3191 3811 3275 3856 est
3327 3803 3574 3856 historia.

1998 3893 2186 3947 Altera
2220 3909 2352 3948 vero
2383 3893 2451 3948 de
2484 3908 2618 3948 saxo
2656 3891 3008 3962 Delphorum.
3061 3893 3158 3946 Est
3197 3902 3380 3946 autem
3427 3893 3580 3946 istud

1999 4001 2169 4058 prope
2209 3986 2467 4042 Phocidis
2507 3985 2850 4056 provinciam
2899 3985 3076 4054 magis
3121 3985 3360 4040 australe
3410 3997 3580 4054 quam

2001 4091 2162 4132 mons
2198 4077 2519 4142 Parnassus,
2569 4075 2834 4129 trecentis
2861 4075 3090 4142 stadiis;
3127 4077 3222 4130 sed
3267 4075 3439 4144 magis
3485 4087 3578 4126 se-

1999 4169 2393 4240 ptemtrionale
2422 4185 2586 4240 quam
2618 4169 2774 4226 sinus
2798 4169 3206 4236 Corinthiacus,
3235 4169 3430 4224 stadiis
3471 4167 3582 4220 fer-

2001 4280 2087 4318 me
2117 4264 2388 4319 ducentis.
2421 4263 2492 4318 At
2517 4263 2626 4318 illic
2655 4265 2917 4334 templum
2962 4273 3083 4320 erat
3122 4265 3274 4336 juxta
3320 4275 3578 4316 saxosum

1999 4341 2238 4426 aliquem
2272 4365 2538 4418 montem,
2571 4363 2629 4408 et
2663 4355 2716 4408 in
2763 4370 2830 4409 eo
2879 4355 3136 4408 fatidicus
3185 4352 3454 4421 Apollinis
3484 4351 3584 4404 tri-

311 4443 486 4496 ternis
519 4443 850 4511 lmSpitibus,
890 4443 986 4510 qui
1023 4443 1264 4500 Athenas
1311 4447 1592 4502 habitandi
1629 4450 1798 4519 gratia
1836 4464 1894 4503 se
1927 4453 1979 4512 D
2010 4465 2133 4517 pus.
2166 4449 2350 4502 Tenia
2379 4463 2549 4517 porro
2579 4447 2813 4500 historia
2839 4457 2924 4500 est
2967 4446 3033 4501 de
3079 4461 3144 4499 eo
3179 4445 3439 4498 barathro
3471 4453 3581 4496 ter-

307 4537 693 4602 conl'erebant,
733 4543 788 4590 et
817 4537 867 4590 id
906 4538 1208 4592 vocabatur
1237 4541 1464 4611 vectigal
1494 4542 1788 4596 incolatus.

383 4629 683 4684 Tributum.
747 4629 1146 4684 Extraneornm
1231 4632 1327 4700 qui
1403 4635 1898 4701 proﬁciscebantur

307 4719 574 4784 Athenas,
607 4727 666 4773 ut
697 4719 810 4774 illic
842 4719 1027 4774 sedem
1061 4719 1324 4774 domicilii
1365 4723 1720 4778 collocarent.

381 4813 756 4870 Eteobutades.
792 4813 1146 4868 Eteobutadae
1175 4815 1461 4883 progenies
1491 4815 1740 4884 quaedam
1778 4825 1897 4870 erat

311 4909 562 4978 antiqua,
595 4905 830 4976 insignis
861 4915 917 4961 et
964 4905 1255 4976 splendida
1292 4907 1521 4960 Athenis
1549 4947 1563 4972 ,
1595 4923 1624 4960 ιι
1653 4924 1760 4976 qua
1793 4907 1895 4962 Mi-

313 5016 496 5054 nerva:
532 4998 849 5053 sacerdotes
884 4997 1250 5067 eligebantur.
1287 4995 1392 5050 Sed
1426 4997 1578 5068 juxta
1613 5014 1796 5052 veram
1831 5012 1894 5050 ac

313 5093 585 5162 geminam
636 5091 1095 5158 signiﬁcationem
1134 5091 1444 5158 explicatur
1487 5091 1632 5159 quod
1675 5089 1892 5157 proprie

314 5186 404 5248 sit,
453 5185 504 5238 id
553 5183 698 5254 quod
735 5199 920 5237 verum
963 5197 1026 5236 ac
1061 5195 1278 5236 certum
1313 5191 1398 5235 est
1438 5199 1452 5233 :
1493 5182 1600 5235 hoe
1647 5191 1762 5243 est,
1797 5181 1891 5250 qui

315 5294 502 5332 revera
529 5293 558 5332 e
593 5276 744 5330 Bnue
774 5274 1125 5346 generatione
1161 5273 1378 5328 deducti
1418 5283 1593 5328 erant.
1621 5271 1890 5327 Cartcrum

317 5363 507 5420 Butam
538 5367 776 5436 appellat
807 5365 1086 5420 oculatum
1129 5365 1330 5434 Argum
1383 5363 1620 5434 tragicus
1663 5363 1894 5436 {Eschy-

317 5458 424 5518 lus.
453 5459 608 5528 quasi
639 5457 960 5512 bubulcum.
997 5467 1050 5510 ut
1103 5460 1508 5512 moderatorem
1555 5473 1618 5511 ae
1653 5469 1892 5512 sectato-

321 5553 546 5605 remlus
569 5551 754 5604 Inachi
789 5549 1136 5604 ﬁlire.Tradit
1169 5550 1316 5604 enim
1349 5549 1518 5619 ipsam
1558 5551 1628 5604 ita
1663 5550 1889 5614 dixisse,

329 5643 671 5697 Perharrerco
700 5641 1012 5714 multiplico?
1065 5643 1330 5698 labentem
1364 5641 1536 5698 vultus
1564 5643 1754 5696 intuitu
1787 5643 1890 5696 Bu-

1991 4549 2182 4604 .ru‘que
2223 4535 2377 4588 hiatu
2409 4549 2570 4602 quem
2602 4543 3034 4596 commemorat;
3063 4547 3128 4586 ea
3155 4533 3234 4586 sic
3263 4549 3321 4585 se
3355 4529 3518 4584 habet
3558 4547 3576 4584 :

2001 4627 2128 4682 Fuit
2159 4627 2756 4697 quidanLvir‘nomine
2781 4625 3134 4694 Trophonius
3159 4623 3464 4694 augurandi
3493 4639 3581 4676 ar-

2003 4721 2171 4774 tiﬁcio
2193 4721 2523 4775 insrructns.
2559 4721 2654 4774 lllc
2685 4719 2832 4773 inani
2865 4717 3035 4787 gloria
3069 4717 3269 4771 ductus
3299 4717 3356 4770 in
3390 4731 3582 4785 quam-

1997 4811 2123 4866 dam
2153 4811 2470 4880 speluncam
2515 4807 2660 4862 l'acto
2689 4809 2896 4876 impetu
2933 4821 2992 4861 se
3029 4805 3362 4874 praecipitem
3399 4802 3579 4856 innui-

1998 4905 2090 4969 sit,
2117 4913 2172 4957 et
2197 4904 2250 4956 in
2279 4918 2340 4956 ea
2377 4901 2634 4956 conditus
2656 4917 2687 4956 e
2723 4901 2832 4954 vita
2864 4898 3098 4954 decessit
3129 4911 3144 4950 :
3174 4913 3294 4967 qua:
3337 4893 3580 4966 profecto

1999 4995 2287 5064 spelunca,
2319 5001 2378 5045 ut
2431 4991 2608 5053 aiunt,
2665 4989 2889 5044 oracula
2919 4989 3186 5042 reddebat
3224 5002 3345 5042 eam
3393 4985 3576 5053 ingre-

1997 5085 2304 5148 dientibns,
2336 5093 2392 5140 et
2426 5083 2494 5140 de
2524 5084 2774 5154 qualibet
2823 5099 2880 5137 re
2923 5082 3318 5151 qua-rentibus.
3371 5079 3574 5132 llartml

1995 5189 2143 5234 certe
2169 5179 2526 5234 historiarum
2560 5177 2741 5232 hocin
2775 5177 2896 5230 loco
2935 5173 3186 5229 metninit
3217 5172 3480 5244 Synesius
3507 5173 3580 5223 ad

1997 5271 2320 5340 ampliorem
2357 5271 2571 5324 laudem
2603 5267 2965 5322 divinationis
2995 5281 3115 5336 qua:
3153 5265 3212 5317 tit
3243 5279 3338 5332 per
3371 5263 3580 5316 insom-

1997 5363 2088 5418 nia
2117 5403 2130 5426 ,
2161 5363 2358 5417 dicens
2390 5363 2443 5416 in
2473 5361 2580 5415 illis
2609 5359 2942 5416 vaticinandi
2969 5357 3108 5412 locis
3135 5371 3272 5427 opus
3306 5371 3430 5410 esse
3467 5369 3574 5406 ma-

1995 5457 2157 5510 ximis
2193 5455 2632 5524 fatigationibus,
2669 5453 2940 5507 molestiis
2985 5466 3050 5506 ac
3094 5449 3426 5518 sumptibus,
3473 5445 3570 5498 sed

1995 5548 2138 5602 hanc
2167 5547 2526 5614 prmsagiendi
2561 5545 2834 5598 rationem
2872 5544 3008 5597 citra
3043 5541 3282 5596 laborem
3309 5537 3572 5592 omnibus

1993 5640 2214 5694 oracula
2247 5637 2499 5692 redJcre.

2067 5731 2272 5800 Aquam
2305 5731 2518 5785 minime
2569 5729 2808 5784 assumit.
2852 5725 2988 5794 Quia
3021 5739 3126 5777 non
3157 5737 3294 5790 opus
3345 5733 3430 5774 cst
3475 5733 3574 5774 ac-
