4068 6204
574 97 675 178 621

1457 106 1781 168 SCHOLIA
1829 109 1913 170 lN‘
1951 112 2336 176 SYNESlUM
2372 117 2469 175 DE
2507 115 2926 180 [NSOMNllS.

3720 120 3835 187 622

650 213 776 269 Eit'
802 213 1027 268 ἔθεσιν.
1060 215 1171 284 Τὴν
1192 214 1388 286 ἠθικήν
1420 233 1554 285 φησι
1575 219 1673 289 τὴν
1700 220 1807 272 ἀπὸ
1824 221 2144 276 διδασκάλου
2177 236 2218 283 Α
2254 227 2531 280 κᾶειταῦθα
2558 229 2586 280 δ
2609 228 2858 288 Συνέσιος
2892 226 3237 298 ἀπορρέοντα
3267 228 3465 283 εἴδωλα
3495 230 3602 284 τῶν
3639 232 3834 300 αἰσθη-

577 309 673 359 καὶ
718 305 897 371 ἔθους.

652 389 856 461 Ἄλλῳ
885 413 984 465 τῳ.
1018 398 1112 469 Μὴ
1145 398 1418 469 σπουδαίῳ
1439 400 1733 472 ἀνθρώπῳ.

652 492 772 544 Οὐκ
819 491 939 543 ἐπί.
987 490 1131 544 Ἀλλ’
1165 492 1260 544 ἐπὶ
1289 493 1511 564 μεγάλῳ
1551 496 1645 548 καὶ
1676 496 1964 568 ἀναγκαίῳ
2000 501 2151 571 πρά-

575 599 771 654 γματι.

660 672 957 739 Ἀρίστων.
1009 673 1223 746 ’Ὠσπερ
1269 675 1347 746 τῷ
1398 677 1627 747 Βαλαάμ
1676 694 1808 732 ποτε
1865 682 1943 750 τῷ
1997 683 2155 736 ἀλλο-

577 762 748 835 φὺλῳ.

646 859 856 926 Γένος.
898 852 1222 915 Ἐνυπνίων.

647 950 1021 1019 Γενομένων.
1066 951 1479 1023 Παρελθόντων.

659 1041 820 1094 Ἐπεὶ
873 1042 971 1095 καὶ
1018 1041 1218 1096 τοῦτο.
1265 1041 1341 1096 Τὸ
1390 1044 1583 1113 μέλλον
1628 1045 1759 1099 ποτὲ
1798 1047 1878 1108 εἰς
1912 1040 2153 1117 ὓπαρξιν

579 1130 925 1187 ἐλεύσεσθαι.

659 1222 1018 1291 Ὕπάρξεως.
1051 1226 1115 1280 Oi
1149 1225 1308 1295 σοφοὶ
1344 1226 1441 1280 τὸν
1465 1228 1717 1299 παρόντα
1752 1233 1961 1299 κόσμον
1997 1234 2152 1287 εἴδω-

575 1315 667 1369 λόν
690 1333 823 1385 φασι
840 1316 930 1369 τοῦ
965 1317 1164 1380 αἰῶνος
1189 1336 1201 1349 ’
1237 1318 1550 1383 ἀκολούθως
1579 1320 1635 1373 δὲ
1667 1323 1758 1375 καὶ
1789 1324 1857 1376 τὰ
1890 1326 1946 1375 ἐν
1976 1327 2153 1395 τούτῳ

576 1407 899 1478 πράγματα,
943 1407 1139 1461 εἷδωλα
1175 1409 1283 1462 τῶν
1337 1411 1761 1480 ἐνυπαρχόντων
1801 1414 1998 1483 ἐκείνῳ
2024 1431 2037 1442 ·
2089 1418 2150 1468 οὐ

579 1500 741 1569 μόνον
778 1501 859 1563 δὲ,
889 1495 1029 1554 ἀλλά
1060 1501 1157 1555 καὶ
1196 1501 1266 1554 τὰ
1306 1501 1363 1568 ἐξ
1404 1503 1650 1571 ἀλλήλων
1683 1505 1817 1574 πρὸς
1841 1506 2044 1577 ἄλληλα
2070 1526 2153 1577 γι-

577 1593 777 1663 νόμενα
848 1594 1144 1664 ἐκμαγεῖα,
1192 1595 1393 1648 εἴδωλα
1461 1599 1558 1651 καὶ
1609 1597 1754 1651 αὐτὰ
1800 1598 2150 1670 ὀνομάζουσι.

576 1681 798 1738 Πάντων
831 1683 889 1736 δὲ
918 1684 1127 1739 τούτων
1160 1678 1301 1739 εἶναί
1339 1704 1473 1756 φασι
1511 1688 1761 1741 δεκτικὸν
1788 1689 2154 1760 ὑποκείμενον

575 1775 666 1829 τδν
694 1776 830 1845 ἀέρα
853 1795 869 1808 ·
904 1771 1017 1831 οἷον
1048 1779 1123 1841 ὡς
1155 1781 1212 1833 ὲν
1244 1778 1630 1851 ὑποδείγματι,
1679 1781 1773 1833 τὸν
1813 1785 2154 1853 προφορικδν

576 1868 673 1922 καὶ⁵
699 1868 965 1940 ἔναρθρον
994 1871 1153 1937 λόγον
1172 1872 1547 1943 διαδεχόμενος
1582 1877 1609 1927 ὁ
1651 1877 1759 1944 ἀὴρ
1791 1872 2151 1941 ἀκολόϐωτον,

575 1962 669 2014 καὶ
687 1961 874 2016 τυπῶν
904 1964 1096 2017 ἑαυτὸν
1124 1966 1479 2037 ἀπορῥήτως,
1508 1964 1698 2039 ὥσπερ
1731 1970 2043 2039 κάτοπτρον
2072 1974 2153 2032 είς

578 2053 778 2125 μυρίας
820 2056 1219 2127 διαπορθμεύει
1264 2057 1506 2128 μερῖξων
1555 2062 1744 2127 ἀκοὰς,
1778 2063 1888 2114 τῶν
1932 2061 2154 2134 ἄρθρων

575 2146 776 2227 ὁμοίως
819 2149 963 2203 κατά
1006 2150 1067 2204 τὺ
1122 2150 1548 2217 ἀπαράλλακτον
1588 2150 1810 2223 ἔχοντα·
1846 2153 1907 2207 τδ
1934 2155 1979 2206 δ’
2023 2156 2156 2207 αὐτὸ

576 2242 723 2295 ποιεῖ
760 2243 855 2295 καὶ
886 2242 1021 2312 πρὸς
1057 2242 1235 2296 πάντα
1266 2242 1562 2315 χρώματα.
1620 2248 1713 2299 καὶ
1762 2247 1898 2317 πρὸς
1942 2249 2153 2309 πάντας

574 2331 806 2402 ἀτμοὺς,
826 2333 1076 2405 καὶπρὸς
1107 2334 1206 2388 ὅσα
1224 2336 1333 2387 τῶν
1358 2337 1414 2388 ὲν
1440 2337 1631 2406 κόσμῳ
1650 2342 1772 2401 ταῖς
1799 2339 2154 2406 αἱσθητικαῖς

575 2425 871 2494 δυνάμεσιν
917 2425 1252 2482 ὑπόκεινται.
1289 2424 1474 2482 Ταῦτα
1508 2426 1639 2496 γοῦν
1668 2430 1763 2483 καὶ
1817 2428 1882 2483 τὰ
1928 2433 2152 2486 τοιαῦτα

576 2615 696 2656 sum
745 2598 959 2667 tendit,
990 2620 1094 2660 nec
1124 2620 1366 2676 unquam
1397 2615 1578 2675 potest
1608 2608 1893 2664 assuclieri
1913 2651 1927 2674 ,
1965 2624 2022 2668 nt
2057 2614 2153 2669 de-

576 2708 765 2749 orsum
805 2696 1035 2761 feratur,
1066 2707 1123 2751 et
1152 2699 1234 2752 sic
1260 2698 1327 2753 de
1357 2698 1502 2753 aliis.

648 2784 771 2840 Sive
823 2788 1054 2841 moribus
1110 2789 1373 2857 ingenita.
1433 2790 1666 2847 Ethicen
1722 2809 1817 2849 seu
1883 2798 2147 2852 moralem

2181 1556 2228 1615 B

2258 320 2369 372 τῶν
2401 318 2680 388 ὀνομάζει,
2712 326 2807 373 καὶ
2837 323 3035 389 ἐκροὰς
3073 321 3184 373 τῶν
3213 322 3508 379 συνθέτων.
3554 324 3687 378 Ἀπὸ
3733 327 3835 395 μὲν

2259 414 2369 476 γὰρ
2392 409 2491 480 τῆς
2520 411 2646 464 καθ’
2676 412 2947 481 Ἕλληνας
2973 412 3196 483 πρώτης
3216 415 3311 467 καὶ
3341 413 3642 484 ἀρχεγόνου
3672 416 3829 486 ὕλης,

2259 503 2351 566 ἀφ’
2381 497 2451 575 ἧς
2479 503 2546 555 τὰ
2581 507 2843 573 στοιχεῖα,
2894 505 2977 566 τίς
3003 505 3070 559 ἂν
3106 506 3190 575 εἵη
3222 506 3413 576 ὲκροὴ,
3455 508 3594 579 μόνῃ
3620 511 3687 579 τῇ
3711 510 3834 562 ὲπι-

2259 594 2377 660 νοία
2445 594 2866 666 π).αττομὲνη;;
2927 597 3317 666 Κατανοοῦμεν
3387 599 3446 652 δὲ
3494 604 3593 669 τὴν
3661 603 3834 671 αὐτῆς

2257 686 2454 756 ἐκροὴν
2490 688 2554 739 ὲκ
2582 687 2690 739 τῶν
2723 691 2864 741 κατά
2905 689 3157 741 σύνθεσιν
3195 691 3698 759 εἰδοπεποιημένων
3733 710 3836 762 με·

2261 774 2429 842 ριγῶν
2454 774 2547 828 τοῦ
2575 776 2779 845 κόσμου
2810 779 3166 847 πραγμάτων.
3191 779 3375 831 Ταῦτα
3408 780 3514 850 γὰρ
3543 780 3627 833 ἀεὶ
3658 781 3835 850 γίνον-

2256 881 2368 927 ται,
2417 864 2756 919 ἀλλοιοῦνται
2789 870 2884 920 καὶ
2914 867 3251 937 φθείρονται.
3307 873 3380 923 Οὐ
3412 874 3551 926 κατὰ
3592 874 3751 942 μόνον
3775 874 3836 926 δὲ

2255 959 2316 1007 τὸ
2348 956 2447 1025 τῆς
2478 956 2611 1029 ὕλης
2638 961 2885 1026 ῥευστὴν,
2911 960 3026 1013 ἀλλ’
3051 958 3164 1014 οἷον
3185 964 3359 1016 εἰπεῖν
3394 964 3833 1018 συναπολαύουσι

2205 1093 2208 1096 .
2256 1050 2352 1102 καὶ
2381 1049 2555 1103 ταῦτα
2587 1051 2655 1103 τὰ
2688 1051 2806 1121 εἴδη
2849 1051 2944 1105 τοῦ
2998 1052 3206 1116 πάθους
3234 1054 3333 1120 τῆς
3369 1055 3577 1124 φθορᾶς
3602 1055 3832 1123 ταύτης,

2255 1144 2345 1196 καὶ
2375 1142 2547 1206 οὕτως
2599 1144 2915 1213 ἀρνοῦνται,
2952 1149 3106 1214 φησὶ,
3143 1149 3209 1202 τά
3237 1149 3295 1200 ὲν
3333 1147 3412 1218 τῷ
3451 1149 3643 1219 κόσμῳ
3687 1149 3833 1219 πρά-

2254 1252 2439 1304 γματα
2465 1237 2563 1304 τὴν
2593 1235 2687 1287 τοῦ
2723 1236 2875 1299 ὄντος
2908 1237 3088 1302 ἀξίαν.
3134 1240 3285 1303 Ἀξία
3313 1240 3370 1293 δὲ
3395 1241 3490 1292 τοῦ
3525 1240 3675 1301 ὄντος
3712 1239 3832 1292 ἐστὶ

2253 1328 2314 1378 τὸ
2349 1327 2434 1378 ἀεὶ
2474 1323 2611 1380 εἶναι
2640 1345 2653 1358 ο
2688 1330 2861 1381 ταῦτα
2917 1328 2975 1382 δὲ
3016 1330 3329 1384 τούναντίον
3363 1332 3452 1385 ἀεὶ
3504 1332 3604 1385 οὐκ
3652 1332 3831 1395 εἰσὶν,

2253 1418 2352 1470 οὐκ
2376 1419 2460 1486 ἐφ’
2476 1420 2595 1481 ἑνὸς
2619 1420 2871 1473 ἵστασθαι
2887 1420 3161 1485 δύνανται,
3183 1422 3320 1476 ἀλλά
3339 1424 3408 1476 τά
3435 1423 3535 1492 μὲν
3560 1423 3831 1490 ἐγένοντο,

2254 1510 2322 1563 τὰ
2343 1510 2398 1563 δὲ
2424 1511 2685 1578 γίνονται,
2710 1513 2778 1563 τὰ
2801 1513 2855 1565 δὲ
2891 1514 3178 1581 μέλλουσιν
3209 1514 3430 1568 ἔσεσθαι
3447 1530 3461 1546 ⁸
3499 1515 3569 1568 τὰ
3594 1514 3727 1583 γοῦν
3770 1517 3834 1567 ἐκ

2254 1602 2461 1656 τούτων
2505 1603 2764 1657 ἁπάντων
2814 1604 3160 1675 ἀπορρέοντα
3200 1607 3397 1661 εἴδωλα
3446 1604 3835 1677 περινοστοῦσι

2255 1695 2351 1747 καὶ
2372 1694 2795 1749 διολισθαίνουσι
2818 1696 3151 1767 πλανώμενα
3176 1702 3308 1770 περὶ⁸
3338 1701 3429 1752 τὸν
3452 1699 3591 1768 ἀέρα
3612 1716 3627 1730 ·
3658 1715 3835 1769 προσ-

2255 1787 2612 1857 απερείδοντα
2647 1787 2725 1853 δὲ,
2754 1790 2845 1841 καὶ
2891 1792 3063 1861 μονήν
3097 1809 3222 1845 τινα
3252 1791 3347 1844 καὶ
3391 1792 3702 1846 ἀνάπαυσιν
3741 1791 3835 1843 εὑ-

2259 1877 2535 1946 ρίσκουσιν
2560 1881 2619 1929 ἐν
2640 1876 2718 1947 τῷ
2751 1877 3104 1948 φανταστικῷ
3124 1880 3221 1947 τῆς
3242 1878 3442 1949 ψυχῆς,
3480 1878 3689 1947 εἰδώλῳ
3714 1878 3831 1931 ὄντι

2254 1972 2348 2022 καὶ
2376 1969 2527 2037 αὐτῷ
2560 1970 2659 2036 τῆς
2687 1970 2890 2040 ψυχῆς.
2923 1970 3034 2024 Νοῢ
3073 1972 3172 2041 μὲν
3204 1971 3425 2024 εἴδωλον
3457 1972 3490 2040 ὴ
3516 1972 3665 2042 ψυχή
3695 1985 3709 1999 ⁸
3732 1970 3835 2038 ψυ-

2254 2057 2356 2127 χῆς
2389 2058 2433 2110 δ’
2463 2054 2529 2111 αὖ
2560 2059 2778 2112 εἴδωλον
2801 2060 2862 2111 τὸ
2890 2062 3261 2128 φανταστικὸν
3278 2052 3519 2128 πνεῦμα.
3557 2059 3702 2113 ὐσα
3733 2059 3836 2127 μὲν

2253 2142 2368 2215 οὖν,
2404 2150 2593 2219 φησιν,
2629 2150 2822 2204 εἴδωλα
2852 2152 3221 2221 ἀπορρέουσιν
3259 2150 3322 2204 ἐκ
3352 2168 3411 2203 τε
3458 2149 3567 2204 τῶν
3596 2150 3834 2220 γενομέ-

2255 2258 2382 2300 νων,
2416 2240 2480 2292 εκ
2513 2257 2569 2292 τε
2595 2239 2703 2291 τῶν
2725 2242 3053 2310 γινομένων,
3085 2242 3231 2313 σαφῆ
3266 2243 3363 2295 καὶ
3387 2240 3620 2313 ἀρίδηλα
3660 2240 3834 2294 ἀπόλ-

2255 2333 2464 2394 λυνται,
2498 2335 2595 2386 ὅσα
2638 2333 2683 2386 δ’
2707 2335 2772 2386 ὲκ
2796 2333 2905 2387 τῶν
2939 2333 3269 2403 μελλόντων,
3306 2334 3481 2387 ταῦτα
3514 2334 3560 2387 δ’
3602 2334 3835 2404 ἀόριστα

2254 2420 2350 2476 καὶ
2376 2422 2705 2477 δυσείκαστα
2724 2424 2818 2477 καὶ
2852 2425 3249 2495 αἰνιγματώδη.
3292 2426 3504 2493 Ὠσπερ
3538 2425 3647 2496 γὰρ
3680 2425 3834 2489 εῐτῖς

2253 2603 2561 2671 subiacent.
2596 2602 2703 2656 [sta
2741 2601 2909 2671 igitur
2941 2615 3006 2657 ac
3042 2602 3170 2656 talia
3216 2602 3383 2656 etiam
3417 2601 3511 2658 hic
3558 2601 3829 2675 Synesius

2253 2694 2533 2749 cﬂluentia
2568 2694 2712 2747 idola
2758 2707 2944 2748 rerum
2982 2693 3086 2748 sub
3118 2708 3341 2747 sensum
3378 2694 3695 2749 cadentium
3732 2711 3832 2765 ap-

2254 2785 2453 2854 pellat,
2482 2795 2537 2838 et
2567 2794 2957 2838 concretorum
2991 2782 3219 2837 ﬂuenta.
3252 2784 3468 2837 Etenim
3500 2783 3691 2852 prima:
3719 2784 3835 2854 pri-

578 2875 866 2931 scientiam
904 2877 1040 2932 dicit
1072 2893 1103 2932 a
1140 2879 1448 2947 monitore,
1495 2897 1598 2936 usu
1638 2888 2146 2959 consuctttdineque
2178 2911 2223 2971 ο
2257 2879 2621 2949 ηιίεεηῐιθτμιε
2694 2876 3003 2930 secundum
3066 2876 3287 2931 Grmcos
3333 2875 3615 2938 materias.
3661 2891 3691 2928 ει
3721 2891 3833 2945 qua

577 2968 1010 3038 contingentem.

646 3058 897 3130 Cuipiam
933 3060 1055 3120 alii.
1097 3063 1318 3120 Minime
1358 3065 1608 3123 studioso
1641 3065 1885 3135 homini,
1957 3090 2140 3145 neque

578 3150 858 3208 industrio
889 3169 954 3209 ac
986 3155 1191 3211 virtute
1221 3157 1475 3226 praedito.

644 3241 762 3298 Non
800 3246 992 3315 exigua
1030 3245 1215 3317 aliqua
1255 3264 1441 3303 causa.
1485 3248 1594 3305 Sed
1629 3262 1855 3323 propter
1892 3269 2149 3323 magnum

576 3350 641 3392 ac
671 3339 1041 3393 necessarium
1077 3339 1358 3408 quoddam
1394 3356 1555 3411 opus.

647 3428 847 3498 Optimi
883 3432 1112 3499 generis.
1155 3430 1633 3497 Quemadmodum
1682 3431 1886 3502 elapsis
1937 3441 2149 3503 tempo-

578 3520 733 3577 ribus
775 3510 973 3578 evenit
1004 3522 1221 3577 Balaam
1265 3522 1474 3578 homini
1525 3524 1814 3595 peregrino
1862 3534 1919 3579 et
1954 3524 2151 3581 alicni~

577 3627 749 3682 genae.

650 3702 778 3769 Qua:
818 3705 1050 3774 fuerunt.
1094 3704 1297 3761 Eorum
1346 3719 1468 3777 qum
1523 3704 1578 3760 in
1628 3702 1871 3758 medium
1927 3705 2150 3773 prodie-

578 3802 707 3848 runt
749 3802 803 3848 et
835 3795 1115 3863 praeterita
1148 3802 1299 3849 sunt.

648 3883 1107 3955 Quandoquidem.
1149 3886 1301 3951 Quod
1344 3888 1591 3941 futurum
1641 3887 1937 3958 aliquando
1985 3896 2042 3942 et
2094 3888 2147 3940 in

577 3976 940 4030 substantiam
973 3993 1036 4031 ac
1069 3987 1324 4031 naturam
1357 3990 1653 4034 venturum
1687 3989 1792 4034 ρει.

648 4066 1031 4123 Subsistettliw.
1072 4069 1360 4139 Sapientes
1406 4071 1556 4125 hunc
1608 4082 1937 4143 prtesentem
1990 4086 2150 4124 mun-

575 4160 706 4214 dum
742 4161 1097 4215 simulacrum
1133 4172 1190 4216 ct
1232 4162 1468 4232 elligietn
1518 4163 1841 4220 aeternitatis
1888 4177 2010 4217 esse
2063 4162 2149 4215 (Ιί-

2254 2969 2528 3024 elcmcnta
2576 2977 2697 3021 orta
2743 2975 2904 3029 sunt,
2941 2970 3058 3046 solo
3089 2966 3291 3022 mentis
3323 2976 3592 3036 conceptu
3628 2977 3828 3021 creata:

2254 3072 2419 3129 atque
2449 3061 2803 3130 compositae,
2835 3058 3060 3128 quidam
3094 3060 3260 3114 fuerit
3291 3068 3526 3113 meatus.
3557 3057 3830 3114 Conside-

2256 3169 2445 3207 ramus
2478 3164 2661 3206 autem
2698 3153 2873 3221 ipsius
2906 3152 3120 3219 lapsum
3155 3168 3223 3205 ex
3271 3152 3358 3206 his
3403 3168 3524 3221 qua:
3564 3160 3692 3205 sunt
3741 3166 3828 3204 sco

2253 3248 2497 3302 cundum
2548 3245 3085 3316 coagmentationem
3132 3246 3706 3314 compositioncmquc
3740 3260 3827 3297 rc—

2255 3354 2372 3391 rum
2410 3337 2827 3409 particularinm
2863 3334 2969 3389 hoc
3021 3335 3076 3388 in
3129 3335 3335 3387 mundo
3382 3350 3536 3387 suam
3583 3334 3828 3404 speciem

2253 3427 2713 3483 constituentium
2745 3443 2760 3481 :
2812 3426 2896 3482 hac
2930 3425 3204 3495 siquidem
3243 3440 3465 3494 semper
3498 3436 3827 3487 nascuntur,

2253 3519 2559 3574 alterautur
2592 3560 2607 3581 ,
2668 3519 2721 3573 in
2785 3517 3062 3588 aliamque
3117 3526 3368 3571 naturam
3426 3526 3720 3571 vertuntur
3774 3524 3832 3569 et

2252 3621 2708 3681 corrumpuntur.
2764 3611 2874 3666 Nec
2911 3626 3046 3665 vero
3083 3610 3355 3665 duntaxat
3396 3611 3699 3664 secundum
3744 3610 3827 3677 ip-

2252 3705 2372 3758 sius
2424 3703 2666 3758 materize
2716 3702 3045 3766 ﬂuxionem,
3076 3716 3268 3755 verum
3308 3701 3475 3756 etiam
3500 3739 3514 3762 ,
3549 3710 3608 3752 ut
3644 3701 3717 3753 ita
3750 3700 3834 3752 lo-

2252 3812 2415 3866 quar,
2468 3796 2740 3867 ejusmodi
2791 3795 3006 3865 species
3054 3792 3297 3849 fructum
3352 3792 3514 3846 simul
3563 3792 3830 3845 hauriunt

2252 3884 2500 3955 ejusdem
2525 3883 2834 3939 affectionis
2861 3894 2917 3938 et
2940 3882 3356 3952 corruptionis;
3387 3893 3439 3935 et
3473 3882 3547 3935 ita
3570 3933 3584 3955 ,
3613 3884 3711 3943 ait,
3741 3900 3830 3934 rus

2251 3991 2373 4044 quae
2405 3976 2461 4029 in
2493 3977 2699 4031 mundo
2729 3974 3112 4041 continentur,
3150 3985 3412 4030 recusant
3451 3991 3513 4029 ac
3548 3975 3831 4044 repellunt

2251 4067 2577 4134 dignitatem
2607 4068 2724 4138 ejus
2749 4068 2897 4139 quod
2928 4080 3118 4122 revera
3167 4076 3252 4122 cst
3275 4108 3289 4134 ,
3326 4083 3624 4135 veramque
3660 4065 3826 4120 habet

2251 4157 2636 4213 substantiam.
2668 4157 2824 4215 Entis
2848 4166 3035 4212 autem
3060 4156 3299 4229 dignitas
3323 4168 3406 4213 est
3433 4175 3652 4228 semper
3674 4174 3822 4213 esse.

575 4262 705 4305 cunt
734 4270 748 4306 :
786 4253 1040 4322 sequitur
1077 4268 1208 4321 ergo
1258 4267 1426 4323 Opera
1458 4269 1579 4322 quae
1614 4256 1669 4308 in
1705 4269 1774 4307 eo
1806 4264 1934 4307 sunt
1967 4254 2142 4307 sinm-
2177 4267 2222 4322 υ
2253 4247 2344 4301 Ha:
2388 4259 2578 4303 contra
2622 4251 2836 4317 species
2867 4263 3053 4304 rerum
3086 4264 3196 4304 non
3240 4264 3463 4320 semper
3509 4252 3826 4311 exsistunt,

576 4339 718 4393 lacra
764 4356 887 4394 esse
934 4355 1126 4395 eorum
1176 4356 1298 4410 qua:
1368 4355 1429 4396 re
1475 4342 1590 4412 ipsa
1636 4341 1942 4397 subsistunt
2004 4352 2061 4396 ct
2094 4342 2149 4396 in

576 4430 668 4484 illo
708 4432 1107 4498 continentur;
1158 4446 1269 4487 non
1316 4433 1493 4486 solum
1547 4433 1673 4496 hoc,
1725 4446 1916 4487 verum
1968 4434 2141 4486 etiam

577 4519 840 4591 imagines
865 4532 921 4577 et
964 4522 1254 4577 simulacra
1277 4537 1397 4591 qua;
1444 4524 1679 4578 invicem
1716 4523 1863 4577 ultro
1897 4523 2151 4591 citroque

576 4613 680 4666 alia
714 4630 779 4667 ex
816 4614 939 4668 aliis
976 4614 1113 4668 fiunt
1142 4622 1198 4669 et
1232 4616 1592 4685 contingunt,
1625 4616 1771 4670 idola
1806 4626 1863 4670 et
1884 4616 2012 4685 ipsa
2052 4631 2151 4669 uo-

579 4705 808 4760 miuant.
853 4705 1060 4759 llorum
1110 4714 1292 4759 autem
1334 4707 1579 4760 omnium
1616 4707 1927 4786 subjectum
1962 4723 2147 4761 acrem

575 4812 827 4865 capacem
859 4813 979 4852 esse
1008 4807 1265 4852 asserunt
1293 4815 1307 4851 :
1342 4800 1511 4852 veluti
1540 4802 1780 4867 exempli
1814 4814 2002 4864 causa,
2036 4815 2149 4853 scr-

577 4904 789 4941 moncm
808 4888 1149 4944 enuntiative
1167 4899 1224 4944 et
1243 4890 1576 4943 articulatim
1604 4891 2020 4957 prmtuntiatum
2047 4890 2150 4944 mi-

576 4979 827 5048 nimcqnc
856 4989 1167 5035 truncatum
1196 4997 1289 5035 aer
1318 4982 1620 5050 excipiens.
1645 4992 1701 5036 et
1725 4983 1996 5052 scipsum,
2026 4992 2145 5037 tan—

573 5086 733 5138 quam
763 5069 1047 5142 speculum
1075 5060 1377 5144 quoddam,
1403 5075 1619 5128 occulte
1646 5078 1891 5142 partiens
1922 5077 1974 5131 in
2010 5076 2150 5129 mul-

577 5161 794 5229 tiplices
845 5164 1105 5220 transfert
1141 5165 1489 5229 auditiones,
1529 5168 1658 5236 quia
1711 5169 1879 5222 simili
1933 5170 2147 5223 ratione

574 5252 800 5308 affectus
831 5265 916 5308 est
944 5270 1068 5309 cum
1092 5258 1449 5312 articulorum
1481 5260 2144 5331 vocisquejnncturarum

574 5349 901 5399 constantia.
949 5346 1097 5401 lstnd
1145 5352 1321 5418 ipsum
1357 5350 1490 5404 facit
1521 5351 1688 5405 etiam
1726 5352 1791 5404 ad
1827 5367 2019 5406 omnes
2049 5367 2146 5405 co-

575 5434 759 5499 lores,
794 5448 1133 5515 cunctosque
1167 5455 1434 5509 vapores,
1481 5452 1537 5495 et
1587 5442 1652 5494 ad
1702 5443 1888 5495 omnia
1919 5458 2042 5510 qua:
2087 5443 2143 5496 in

576 5530 783 5585 mundo
843 5530 1201 5588 facultatibus
1259 5534 1368 5586 vim
1422 5533 1702 5587 sentiendi
1758 5534 2143 5588 obtinentibus

2252 4353 2357 4392 nec
2400 4339 2470 4392 ab
2518 4354 2630 4393 uno
2675 4349 2923 4410 perstare
2967 4352 3231 4411 possunt,
3276 4344 3374 4396 sed
3418 4345 3666 4411 quaedam
3709 4336 3831 4397 fuci

2255 4439 2413 4491 runt,
2459 4431 2712 4499 quaedam
2755 4441 3083 4496 nascuntur,
3123 4431 3375 4499 qnzedam
3408 4448 3536 4487 vero
3579 4450 3703 4487 esse
3733 4436 3830 4488 de-

2255 4523 2405 4576 bent.
2441 4524 2712 4589 Quocirca
2767 4539 2834 4578 ex
2873 4524 2959 4577 liis
3022 4523 3284 4578 omnibus
3333 4524 3607 4579 cillnentia
3657 4508 3832 4579 simu-

2252 4615 2394 4669 lacra
2443 4616 2626 4669 onmia
2678 4616 3061 4689 perlustrant,
3109 4623 3401 4684 vagantur,
3453 4625 3507 4668 ct
3558 4614 3827 4684 cll'nginnt

2252 4723 2348 4776 per
2378 4723 2559 4761 acrem
2594 4707 2951 4761 aberrantia:
2989 4707 3081 4760 sed
3115 4706 3183 4759 ad
3217 4707 3423 4776 aliquid
3455 4709 3822 4777 applicantur,

2253 4799 2493 4868 lmicque
2540 4798 2899 4861 incumbunt,
2946 4806 3002 4851 ct
3052 4798 3271 4852 unicam
3322 4799 3571 4851 laborum
3616 4800 3826 4854 relaxa-

2253 4892 2456 4944 tionem
2492 4889 2545 4943 in
2580 4891 2775 4941 anima:
2808 4889 3006 4957 spiritu
3046 4882 3339 4944 fantastico
3371 4890 3692 4955 inveniunt,
3726 4895 3822 4961 qui

2250 4984 2473 5053 quidem
2508 4991 2594 5035 est
2626 4981 2837 5035 idolum
2871 4997 2933 5035 ac
2965 4980 3327 5035 simulacrum
3360 4984 3576 5039 animte.
3630 4985 3825 5037 Mentis

2250 5076 2472 5145 quidem
2508 5075 2714 5128 idolum
2748 5084 2829 5128 est
2866 5075 3083 5137 anima,
3120 5091 3317 5129 rursus
3351 5078 3550 5131 anima:
3597 5078 3825 5130 simula-

2249 5183 2402 5221 crum
2436 5166 2664 5235 Spiritus
2705 5175 2791 5219 cst
2837 5166 3185 5219 fautasticits.
3234 5169 3588 5237 Quzecunque
3634 5169 3820 5237 igitur,

2252 5260 2423 5327 inquit
2449 5299 2465 5319 ,
2506 5258 2651 5329 idola
2682 5257 2915 5313 cmuunt
2945 5274 3011 5312 ex
3044 5259 3130 5313 bis
3174 5274 3296 5327 qua:
3344 5259 3604 5321 fuerunt,
3656 5270 3711 5313 et
3757 5276 3827 5325 ex

2251 5353 2334 5406 his
2368 5367 2488 5419 qua:
2522 5360 2824 5404 nascuntur
2857 5352 3226 5421 oriunturque
3260 5354 3551 5420 perspicue
3580 5366 3643 5405 ac
3674 5351 3825 5405 dilu-

2250 5442 2371 5495 cide
2422 5452 2702 5511 pereunt:
2737 5458 2860 5512 qua:
2892 5459 3026 5497 vero
3059 5443 3372 5498 futurorum
3408 5451 3571 5503 sunt,
3609 5443 3827 5495 istain-

2250 5546 2438 5600 certa,
2488 5537 2745 5604 coniectu
2808 5537 3019 5601 ardua,
3075 5539 3308 5592 obscura
3362 5545 3416 5590 et
3465 5534 3829 5605 aenigmaticis
