4068 6204
236 201 342 268 623

1428 218 1847 282 NiCEPlIORI
1888 223 2271 288 GllEGORIE

2240 101 2361 116 -.‘

3386 232 3499 298 6‘2!

238 331 343 367 που
391 315 611 387 παριὼν
634 315 891 375 θεάσαιτο
931 321 1093 388 ἄνθος
1131 323 1474 395 ἀμυγδαλῆς.
1510 330 1668 401 γνοίη
1708 332 1810 402 μὲν
1841 359 1881 411 Α
1988 338 2109 407 Τὴν
2131 341 2343 410 φύσιν.
2375 339 2486 411 Τὴν
2517 341 2889 412 ἀνθρωπίνην.

238 407 306 458 ἂν
343 406 509 470 εὐθὺς
532 408 614 462 ὅτι
650 411 865 480 καρπὸς
908 412 1233 483 ἁμυγδαλῆς
1267 416 1697 485 ἐπακολουθήσει
1730 418 1808 488 τῷ

236 492 434 554 ἄνθει·
475 503 575 565 τὰς
609 502 797 572 μέντοι
833 505 1150 575 ποιότητας,
1195 508 1290 559 καὶ
1320 507 1380 559 τὸ
1439 509 1688 578 μέγεθος,
1719 512 1814 565 καὶ

236 592 625 662 τελεσςόρημα
654 593 748 648 τοῦ
775 595 991 667 καρποῦ
1027 597 1127 651 οὐκ
1167 598 1231 651 ἂν
1259 600 1584 669 ὡρισμένως
1618 604 1811 671 γνοίη*

236 682 379 737 οὕτω
404 688 499 740 καὶ
529 687 633 741 ὅσα
654 688 716 740 ἐκ
745 689 853 742 τῶν
881 690 1188 758 μελλόντων
1204 692 1573 765 ἀπορρέουσιν
1595 694 1812 761 εἴδωλα,

236 777 754 844 προαπαγγέλλουσι
797 781 898 850 μὲν
927 783 1008 835 ὅτι
1030 782 1201 836 ἔσται
1251 784 1371 838 τόδε
1403 802 1454 838 τι
1481 798 1498 815 '
1538 787 1598 839 οὐ
1631 787 1814 857 μέντοι

228 868 311 932 ὡς
338 871 436 922 ἐπὶ
461 871 521 923 τὸ
548 870 804 926 πλεῖστον
833 875 932 940 τὴν
955 876 1049 928 τοῦ
1070 881 1408 948 ’πράγματος
1440 882 1702 951 ποιότητα
1724 899 1814 934 σα·

160 994 170 1007 κ
237 963 371 1030 φῶς,

311 1054 567 1111 Εἷδωλα.
621 1059 691 1111 Ἦ
740 1058 814 1125 ὡς
866 1063 1219 1131 χαρατῆρες
1268 1064 1362 1116 καὶ
1417 1065 1692 1135 ἐκμαγεῖα
1722 1066 1816 1117 καὶ

237 1147 419 1202 τύποι.

323 1244 335 1260 '
349 1244 741 1311 Υποστὰσεω(
754 1287 768 1300 .
812 1248 1036 1311 Οὐσίας.

310 1331 433 1403 Τῆς
459 1335 634 1405 ὕλης.
674 1338 745 1390 ’Ἡ
778 1339 853 1402 ὡς
891 1340 954 1392 ὲκ
987 1341 1098 1393 τῶν
1134 1342 1408 1395 συνθέτων
1435 1341 1717 1411 γίνεσθαι·
1752 1342 1817 1395 ὲκ

235 1424 330 1477 τοῦ
359 1428 622 1499 ἀπορρεῖν
648 1430 875 1500 ἐποίησε
909 1431 1007 1503 τὴν
1038 1433 1261 1502 ἐκροήν.

306 1520 488 1586 Αἱρεῖ.
521 1522 592 1574 Ἤ
618 1521 693 1584 ὡς
727 1525 923 1591 κρατεῖ
960 1525 1051 1578 καὶ
1087 1525 1325 1596 δέχεται.

320 1614 834 1683 Ἑξοχετεύεσθαι.
878 1618 1096 1688 Ἐκρεῖν
1139 1620 1203 1670 ἐκ
1230 1619 1338 1672 τῶν
1372 1619 1644 1673 συνθέτων
1676 1637 1817 1674 κατα
1850 1647 1891 1702 Β

237 1704 337 1775 τὴν
367 1706 521 1775 ὕλην,
550 1708 643 1760 καὶ
680 1709 738 1762 τὸ
770 1704 933 1772 εἶδος,
971 1711 1115 1779 ἅπερ
1144 1710 1317 1780 ἄμφω
1343 1713 1576 1783 τρεπτὰ.

314 1798 427 1852 Τοῦ
462 1798 657 1867 ὄντος.
682 1800 790 1853 Ίόὓ
825 1802 1029 1872 κυρίως
1062 1804 1235 1865 ὄντος.

316 1892 393 1943 Τὰ
424 1894 730 1961 γινόμενα.
759 1893 842 1947 Τὰ
878 1896 1110 1965 τρεπτὰ.

314 1983 565 2036 Τούτων.
619 1984 735 2038 Ἐκ.

308 2077 829 2133 Δνονῖιονθαίνοντα.
880 2078 1268 2151 Ἀστοχοῦντα.

315 2166 393 2233 Τῇ
422 2185 485 2221 τε
511 2169 806 2237 ιὶοριστίςι.
842 2171 1017 2225 Τύποι
1065 2174 1174 2245 γὰρ
1204 2173 1375 2227 ὄντων
1414 2176 1509 2228 καὶ
1542 2178 1715 2242 σκιαὶ,
1756 2179 1815 2230 οὐ

245 2258 353 2328 μὴν
390 2258 542 2314 ὄντα.

319 2353 444 2408 Τῶν
477 2354 690 2412 ὄντων.
724 2356 846 2413 Τῶν
874 2361 1077 2432 κυρίως
1100 2362 1305 2418 ¹ὄντων.

325 2448 877 2518 Ἔπιγινώσκεσθαι.
954 2455 1044 2519 Ὠς
1110 2454 1369 2528 ἀλλότρια
1434 2458 1533 2529 τῆς
1605 2457 1818 2530 φύσεως

210 2534 217 2538 ’
240 2538 487 2595 ἐκείνων.

320 2631 453 2700 Ίοῖς
475 2636 782 2704 ψυχικοῖς.
806 2639 934 2703 Τοῖς
968 2647 1374 2708 φανταστικοῖς.

307 2725 615 2795 Είδώλοις.
651 2723 729 2802 *ῌ
764 2733 852 2786 καὶ
877 2735 1117 2804 πρόσθεν
1140 2736 1275 2809 ἔφη.

242 2898 572 2957 velamentis
614 2903 832 2960 obtecta
881 2917 1034 2963 sunt.
1078 2908 1554 2976 Quemadmodum
1590 2916 1738 2970 enim
1772 2915 1816 2971 si

1995 431 2121 487 Τῶν
2145 434 2265 503 μὲν
2294 429 2429 490 οὖν.
2465 435 2679 507 Ὠσπερ
2710 437 2746 506 ἡ
2778 437 2881 507 ἤδη
2924 437 3186 508 γινομένη
3224 439 3373 491 οἰκία
3401 439 3497 491 οὐκ

1914 522 2066 576 ἔστιν
2094 524 2173 579 ὃν.
2195 525 2334 579 Οὐδὲ
2359 525 2471 596 γὰρ
2493 528 2573 591 είς
2602 510 2811 580 τελείαν
2835 524 2999 600 ἦλθεν
3025 527 3265 599 ὓπαρξιν
3286 545 3300 558 ’
3325 528 3495 592 οὕτως

1917 616 2129 682 εἰκάζει
2193 618 2426 673 ἐνταῦθα
2474 620 2566 674 καὶ
2612 622 2643 673 ὁ
2694 620 2974 686 Συνέσιος,
3023 621 3119 675 καὶ
3163 619 3498 691 διεξέρχεται

1919 707 1956 761 ἆ
1988 725 2178 781 φησιν.
2206 705 2335 766 οἷον
2364 711 2457 765 τὸν
2485 712 2774 783 ἄνθρωπον
2809 711 3011 784 δηλαδὴ
3051 714 3244 784 μέχρις
3287 714 3357 768 ἂν
3407 713 3498 784 ζῇ,

1917 800 2211 871 γινόμενον
2262 804 2502 873 πρᾶγμα
2539 802 2818 872 λογίζεται
2843 819 2858 834 ·
2887 803 3012 857 ὅταν
3063 804 3122 858 δὲ
3172 803 3495 874 τελευτήσῃ.

1918 892 2041 946 τότε
2072 894 2349 964 λογίζεται
2379 896 2544 949 αὐτὸν
2570 896 2982 966 ἀπηρτισμένον
3003 894 3064 949 ὃν
3093 895 3350 967 ἐνεργείᾳ
3374 896 3496 967 ἤδη,

1919 983 1997 1047 ὡς
2027 989 2380 1057 παυσάμενον
2410 985 2506 1040 τοῦ
2532 986 2808 1055 γίνεσθαι,
2838 985 2932 1041 καὶ
2962 986 3115 1053 τέλος
3142 986 3373 1042 λαϐόντα
3401 985 3495 1041 τοῦ

1917 1077 2151 1148 δυνάμει
2178 1081 2338 1142 ὄντος
2368 1082 2685 1151 πρότερον.⁶

2000 1171 2240 1239 Ἐμόια.
2272 1173 2480 1228 Ζῶντα.

2005 1268 2309 1336 Ἀτελοῦς.
2341 1270 2561 1337 Ἀτελὲς
2606 1271 2719 1343 γὰρ
2746 1271 2810 1325 τὸ
2856 1269 3073 1342 μέλλον,
3106 1268 3197 1325 διὰ
3236 1269 3297 1323 τὸ
3331 1269 3498 1339 μήπω

1919 1360 2000 1422 είς
2030 1361 2246 1429 γένεσιν
2283 1362 2482 1418 ἐλθεῖν.

1993 1452 2122 1509 Pas.
2174 1453 2299 1509 150.
2348 1456 2781 1527 Ἑξαλλόμενα.
2846 1456 2980 1510 Ἀπὸ
3027 1454 3348 1528 μεταφορᾶς
3389 1453 3499 1506 τῶν

1920 1544 2128 1599 ἀνθέων
2153 1546 2188 1600 ὃ.
2228 1548 2335 1618 πρὸ
2364 1549 2476 1603 τῶν
2506 1550 2736 1618 καρπῶν
2770 1549 3107 1615 ἐξάλλονται.

2004 1637 2125 1692 Ἀπ’
2148 1641 2356 1696 αὑτοῦ.
2386 1642 2483 1713 Γρ.
2515 1644 2605 1696 ἐπ’
2636 1642 2825 1697 αὑτοῦ.

2003 1726 2156 1782 Ἀλλ’
2198 1729 2337 1798 ἤδη.
2392 1731 2678 1786 Ἐντεῦθεν
2704 1734 2931 1804 ἄρχεται
2969 1732 3244 1787 διδάσκειν
3275 1730 3392 1795 πῶς
3420 1729 3502 1784 δεῖ

1922 1822 2478 1891 προπαρασκευάζειν
2513 1824 2739 1889 ἑαυτοὺς
2769 1827 2850 1889 εἰς
2880 1824 3151 1896 ὑποδοχὴν
3187 1824 3282 1894 τῆς
3306 1823 3501 1895 τέχνης

1919 1915 2021 1981 τῆς
2047 1910 2117 1963 δι’
2143 1911 2371 1985 ὀνείρων
2403 1917 2700 1986 μαντικῆς.

1998 2001 2067 2056 Τὸ
2102 2004 2368 2075 πνεῦμα.
2401 2006 2476 2059 Τὸ
2511 2007 2902 2076 φανταστικόν.

2000 2094 2197 2163 Τροφὴ
2233 2095 2323 2151 δέ.
2359 2096 2614 2151 Διδάσκει
2648 2098 2768 2162 πῶς
2806 2100 2891 2153 δεῖ
2917 2099 3142 2169 τρέφειν
3182 2100 3278 2154 καὶ
3314 2098 3498 2163 adﬁatu

1919 2187 2022 2257 τὴν
2052 2190 2249 2258 τέχνην
2276 2188 2378 2257 τῆς
2410 2189 2536 2243 καθ’
2580 2188 2749 2243 ὕπνον
2796 2192 3086 2262 μαντικῆς.
3137 2191 3303 2259 Λέγει
3342 2189 3386 2243 δ’
3415 2192 3500 2242 ὅτι

1919 2280 2010 2335 διὰ
2038 2282 2378 2352 φιλοσοφίας,
2420 2284 2541 2354 ἦτοι
2570 2283 2805 2356 μελέτης
2838 2283 3095 2342 θανάτου.
3133 2284 3230 2337 καὶ
3273 2283 3360 2336 διὰ
3403 2299 3497 2349 μευ

1920 2376 2082 2443 τρίας
2107 2373 2345 2446 διαίτης.
2377 2375 2420 2428 Τ
2424 2376 2565 2429 αὔτα
2592 2375 2703 2447 γάρ
2735 2376 2854 2429 ἐστι
2902 2375 3117 2447 χαλινὸς
3155 2374 3265 2427 τῶν
3308 2372 3499 2426 παθῶν

1924 2465 2018 2519 καὶ
2043 2466 2304 2535 ἀκινησία
2334 2483 2438 2530 τις.
2473 2466 2618 2522 Ἡδὲ
2646 2469 3054 2538 ἀσωφρόνιστος
3083 2468 3174 2521 καὶ
3201 2467 3499 2529 ἀκὸλαστος

1922 2557 2103 2611 δίαιτα
2134 2558 2403 2624 κλύδωνα,
2433 2559 2589 2630 φησὶ,
2616 2563 2712 2615 καὶ
2737 2559 2909 2631 ζάλην
2935 2561 3159 2631 ἐμποιεῖ
3182 2557 3259 2628 τῷ
3284 2558 3499 2627 ἐσχάτῳ

1924 2648 2162 2721 σώματι,
2213 2650 2351 2721 ὅπερ
2403 2653 2499 2704 καὶ
2549 2646 2702 2717 οὗτος
2750 2651 3064 2706 ἀκολουθῶν
3116 2650 3197 2722 τῷ
3254 2650 3496 2703 Πλάτωνι

1921 2741 2237 2813 ὀστρεῶδες
2279 2741 2385 2814 ἔφη
2445 2742 2765 2815 περίϐλημα
2792 2759 2805 2773 ο
2852 2742 2915 2796 τὸ
2953 2742 2999 2795 δ’
3045 2742 3114 2798 αὖ
3162 2740 3319 2812 σῶμα
3357 2740 3498 2793 κατὰ

1925 2920 2152 2991 jamjam
2181 2919 2434 2975 exoritur
2483 2930 2539 2974 et
2571 2918 2840 2990 emergit,
2870 2934 2982 2974 non
3011 2926 3095 2973 est
3136 2931 3274 2972 eus:
3319 2929 3498 2985 neque

245 2994 368 3062 quis
420 2996 596 3051 viator
654 3000 979 3067 praeteriens
1029 3004 1300 3072 amygdali
1352 3007 1541 3061 llorem
1576 3023 1819 3078 ωηερε·
1849 2980 1897 3039 c
1925 2980 2077 3066 enim
2109 3010 2164 3064 in
2197 3008 2495 3077 perfectam
2531 3009 2761 3079 suisque
2801 3008 3063 3063 omnibus
3106 3004 3356 3077 portibus
3398 3002 3497 3056 ab-

244 3088 388 3141 xerit
410 3129 425 3153 ,
456 3090 608 3142 novit
634 3092 899 3145 continuo
926 3094 1053 3163 quia
1068 3089 1299 3152 ﬂuctus
1325 3100 1594 3171 amygdali
1627 3100 1818 3156 liorem

246 3174 650 3244 subsequitur:
697 3178 1020 3247 qualitatem
1053 3194 1204 3239 certe
1232 3226 1247 3251 ,
1286 3188 1721 3258 magnitudinem
1766 3198 1823 3244 et

245 3264 465 3336 frugum
502 3269 900 3337 perfectionem
933 3277 1517 3349 opportunitatemqne
1552 3280 1700 3335 haud
1731 3282 1825 3336 de-

248 3356 404 3412 tinite
439 3360 611 3414 novit.
648 3361 805 3418 Hunc
838 3362 891 3418 in
927 3365 1151 3421 modum
1202 3384 1550 3442 quaecunque
1595 3372 1824 3431 simula-

244 3464 342 3502 cra
371 3466 400 3504 e
452 3452 619 3508 rebus
667 3453 870 3510 futuris
912 3461 1126 3526 linunt,
1167 3464 1550 3533 .prtcnuntiant
1599 3464 1821 3535 quidem

249 3542 533 3614 quidpiam
581 3561 946 3616 eventurum,
1002 3569 1112 3608 non
1168 3564 1470 3611 tamcu.-ut
1524 3558 1821 3627 plurimum

246 3646 440 3706 aperte
476 3639 554 3692 rei
589 3640 936 3709 qualitatem.

318 3728 611 3800 Imagines.
640 3731 709 3787 Ut
732 3743 861 3788 sunt
879 3734 1254 3805 characteres,
1278 3740 1572 3796 simulacra
1597 3752 1659 3797 et
1683 3743 1821 3816 typi.

320 3822 627 3895 Πινροδεαεὶ.
660 3824 702 3879 Ε
731 3840 827 3880 sua
859 3828 1098 3885 essentia
1129 3841 1186 3886 et
1219 3842 1439 3887 natura.

320 3914 574 3971 Materia.
624 3915 739 3974 liae
781 3928 865 3974 cst
886 3961 902 3989 ,
932 3936 1000 3976 ex
1032 3923 1356 3993 compositis
1387 3922 1535 3981 ﬁeri.
1567 3924 1645 3983 Eo
1675 3926 1824 3998 quod

248 4007 459 4064 decidit
490 4024 553 4063 ac
579 4009 866 4077 dilabitur,
899 4013 1116 4082 lapsum
1151 4014 1301 4071 facit.

310 4102 618 4161 Conuincil.
650 4105 820 4172 Quasi
852 4107 1118 4175 superior
1146 4109 1369 4174 evadit.
1400 4121 1457 4167 et
1486 4112 1748 4170 admittit.

320 4195 644 4267 Tnansfem'.
668 4196 916 4252 Ellluere
955 4213 1023 4252 ex
1070 4200 1413 4269 compositis,
1448 4217 1716 4274 quantum
1755 4208 1823 4262 ad

1924 3109 2165 3159 solutam
2198 3112 2454 3158 naturam
2506 3103 2701 3157 venit:
2757 3103 2831 3156 ita
2868 3100 2962 3156 hic
3001 3100 3166 3154 etiam
3218 3087 3500 3166 comparat

1924 3196 2189 3268 Syncsius
2218 3205 2274 3251 et
2305 3203 2559 3251 recenset
2582 3209 2648 3249 ea
2679 3208 2804 3263 quze
2834 3191 2992 3251 dicit.
3025 3189 3274 3260 Exempli
3308 3201 3496 3249 causa.

1924 3288 2071 3344 haud
2105 3287 2271 3343 dubie
2303 3287 2583 3343 hominem
2613 3284 2858 3357 quandiu
2884 3285 3045 3350 vivit,
3097 3293 3290 3338 utrem
3320 3280 3503 3336 cousi-

1923 3389 2160 3437 stentem
2196 3378 2512 3435 considerat
2545 3396 2561 3436 :
2610 3377 2709 3434 sed
2739 3384 3093 3449 posteaquam
3124 3382 3358 3429 mortem
3375 3384 3501 3426 eum

1923 3475 2035 3529 vita
2081 3472 2473 3536 commutarit,
2510 3483 2646 3526 tunc
2695 3470 2853 3526 illum
2912 3466 3207 3541 perpendit
3244 3478 3502 3518 consum-

1925 3577 2158 3631 matum,
2191 3573 2246 3620 et
2283 3565 2394 3636 jam
2425 3573 2511 3618 est
2536 3576 2640 3618 ens
2665 3559 2719 3615 vi
2749 3558 3000 3626 occulta,
3027 3555 3198 3612 veluti
3228 3561 3409 3610 cesset
3436 3565 3504 3604 ac

1924 3658 2157 3716 desistat
2186 3656 2256 3713 ab
2291 3656 2567 3720 essentia,
2623 3661 2680 3710 et
2731 3650 3264 3709 consummationem
3319 3652 3504 3701 sumat

1920 3754 2046 3826 ejus
2094 3752 2242 3824 quod
2282 3749 2437 3819 prius
2468 3746 2710 3821 potentia
2741 3755 2883 3801 erat.

2003 3845 2328 3900 Vivaciorcs.
2360 3842 2661 3908 Viventes,
2698 3839 3048 3912 superstites.

1999 3937 2223 3993 Natum:
2272 3938 2614 4009 imperfectis.
2670 3932 3069 4003 Imperfectum
3116 3940 3206 3987 est
3247 3931 3399 3985 enim
3450 3927 3502 3982 id

1924 4031 2074 4104 quod
2112 4030 2360 4085 futurum
2405 4035 2537 4090 est.
2592 4036 2892 4097 propterea
2943 4022 3099 4094 quod
3147 4021 3391 4078 nondum
3448 4021 3504 4074 in

1924 4125 2202 4195 originem
2230 4122 2407 4177 venit.

2004 4215 2343 4270 Exsilientia.
2380 4216 2425 4268 A
2449 4212 2680 4268 ﬂoribus
2717 4209 3043 4281 deprompta
3074 4217 3159 4265 est
3181 4207 3299 4263 lnee
3331 4217 3508 4261 meta-

250 4289 535 4343 niateriant
579 4297 635 4342 et
663 4287 941 4358 spcoietn,
979 4303 1103 4358 qua:
1136 4291 1358 4361 quidem
1402 4295 1567 4352 ambo
1609 4298 1825 4369 fragilia
1858 4315 1901 4372 ι)
1931 4305 2104 4376 phora
2127 4343 2144 4368 ,
2175 4304 2270 4375 qui
2300 4312 2426 4359 ante
2459 4303 2675 4357 fructus
2702 4300 2966 4355 exsiliunt
2991 4310 3047 4354 et
3074 4306 3400 4366 erumpunt.

249 4387 380 4435 sunt
416 4386 471 4434 et
500 4379 728 4434 caduca.

323 4469 457 4541 Ejus
483 4471 619 4542 quod
646 4481 744 4527 cst.
774 4470 873 4526 Rei
903 4486 1025 4542 quae
1053 4475 1278 4546 proprie
1303 4485 1391 4532 est
1419 4477 1472 4533 in
1504 4495 1690 4537 rerum
1722 4498 1823 4539 na-

254 4570 311 4616 tu
322 4578 401 4618 ra.

328 4656 461 4722 Ome
487 4661 753 4717 eveniunt.
795 4662 926 4731 Qum
951 4672 1086 4719 sunt
1117 4662 1369 4719 interitui
1402 4663 1637 4722 obnoxia
1665 4706 1681 4733 ,
1711 4666 1827 4724 fra-

253 4747 383 4820 gilia
404 4788 420 4814 ,
454 4754 763 4809 mutabilia.

328 4841 668 4914 Effugientem
701 4848 741 4902 Α
770 4862 940 4919 scopo
970 4849 1318 4908 aberrantes.

327 4934 397 4989 Et
422 4937 795 4992 inrertt‘tudine
817 4940 1156 4997 substantitu.
1184 4942 1324 4999 Cum
1351 4942 1463 4998 sint
1485 4942 1601 5015 typi
1628 4958 1691 5000 ac
1717 4946 1830 5000 for-

256 5042 360 5083 mae
385 5044 578 5084 eorum
596 5046 719 5101 qua:
738 5042 870 5088 sunt
896 5034 950 5088 in
970 5049 1153 5090 rerum
1177 5045 1371 5091 natura
1392 5045 1449 5091 et
1471 5035 1699 5103 umbrae,
1719 5051 1830 5091 non

263 5129 448 5175 tamen
474 5124 767 5177 exsistunt.

331 5211 530 5268 Eorum
561 5230 681 5285 quae
708 5227 851 5271 sunt.
881 5216 1012 5285 Quae
1039 5220 1220 5289 reipsa
1245 5230 1303 5276 et
1322 5235 1421 5290 per
1446 5236 1506 5277 se
1532 5221 1829 5277 exsistunt.

329 5305 725 5377 Agnoscantnr.
756 5308 1037 5382 Tanquam
1065 5313 1259 5369 alienae
1291 5323 1349 5369 et
1374 5313 1738 5371 abhorrentes
1763 5314 1830 5369 ab

263 5398 482 5456 illorum
513 5411 734 5457 natura.

332 5492 399 5549 In
428 5496 711 5551 animales.
747 5497 807 5551 in
837 5498 1068 5568 spiritus
1097 5498 1524 5572 imaginationis.
1620 5533 1643 5557 ο

334 5584 403 5641 In
441 5598 660 5646 natura.
694 5590 977 5653 Humana.

316 5680 495 5752 Atqui
530 5686 695 5742 αίἸιὶε
732 5703 867 5759 (μίαν.
914 5686 1387 5756 Quemadmodum
1432 5689 1666 5761 domus,
1712 5708 1832 5762 qua:

1999 4395 2137 4450 Inde
2169 4394 2594 4466 proﬁciscuntur.
2627 4392 2711 4451 Ah
2743 4406 2812 4447 eo
2842 4390 3043 4460 spiritu
3076 4388 3397 4444 fantastieo.

2003 4486 2109 4544 Sed
2151 4486 2270 4558 jam
2305 4486 2511 4556 aliquid
2545 4486 2609 4540 de
2648 4493 2767 4538 arte
2802 4485 3103 4538 dicendum.
3150 4481 3292 4539 Hinc
3343 4499 3507 4537 exor-

1930 4578 2085 4636 ditur
2136 4578 2363 4643 docere,
2393 4592 2505 4648 quo
2555 4585 2719 4646 pacto
2775 4575 3145 4644 nosmetipsos
3201 4589 3510 4643 praeparare

1934 4678 2193 4740 oporteat
2222 4669 2292 4723 ad
2324 4668 2737 4737 susceptionem
2770 4669 2907 4721 artis
2938 4662 3268 4731 divinandi,
3296 4678 3418 4732 quae
3448 4661 3509 4715 tit

1932 4777 2034 4835 per
2064 4762 2301 4818 somnia.

2006 4855 2294 4923 Spiritum.
2334 4853 2735 4909 Fantasticum.

2006 4947 2223 5004 Pastas.
2260 4948 2430 5002 Docet
2474 4962 2582 5018 qua
2628 4945 2887 5001 methodo
2929 4960 3113 5017 operae
3132 4944 3375 5016 pretium
3423 4951 3510 4997 est

1936 5041 2191 5097 enutrirc
2221 5048 2278 5095 et
2306 5054 2513 5111 augere
2540 5051 2716 5096 artem
2743 5038 3112 5095 divinationis
3138 5036 3507 5093 sonmiorum.

1936 5132 2148 5188 Asserit
2192 5142 2379 5188 autem
2428 5132 2482 5186 id
2504 5132 2623 5188 ﬁeri
2671 5130 2875 5187 debere
2926 5147 3026 5203 per
3056 5130 3510 5201 philosophiam,

1936 5228 2141 5299 quippe
2165 5242 2289 5297 qua:
2315 5226 2511 5281 mortis
2541 5226 2829 5282 meditatio
2856 5234 2976 5291 est,
3003 5235 3061 5299 et
3088 5240 3185 5296 per
3214 5224 3508 5279 molestum

1937 5331 1995 5377 et
2045 5320 2256 5390 frugale
2306 5319 2433 5376 vita:
2454 5319 2788 5376 institutum.
2839 5318 2945 5375 Ista
2964 5321 3115 5377 enim
3167 5329 3298 5373 sunt
3339 5315 3509 5371 veluti

1938 5417 2094 5471 frena
2121 5413 2424 5469 aﬂectuum
2455 5423 2514 5469 ct
2550 5413 2894 5483 appetituum
2913 5454 2929 5480 ,
2958 5422 3126 5484 atque
3155 5411 3513 5469 iunnohilitas

1939 5508 2213 5580 quaedam.
2264 5507 2334 5562 At
2373 5508 2738 5577 incomposita
2762 5546 2779 5571 ,
2822 5519 3081 5576 proterva
3118 5517 3178 5561 et
3211 5502 3512 5561 libidinosa

1940 5598 2162 5656 vivendi
2191 5599 2331 5653 ratio
2350 5639 2366 5666 ,
2395 5598 2991 5662 ﬂuctuationenwait.
3026 5613 3090 5654 ac
3121 5604 3509 5665 tempestatem

1944 5694 1998 5750 in
2039 5702 2287 5748 extremo
2325 5706 2557 5762 corpore
2599 5692 2907 5762 ingenerat.
2961 5690 3118 5757 Quod
3158 5688 3379 5762 quidem
3420 5685 3514 5741 ille
