4068 6204
411 310 518 373 63')

1619 313 2036 375 NICEPHORI
2078 314 2463 378 GREGORJE

3557 320 3681 384 (.36-

409 419 576 486 γενεῖ
597 419 849 481 ξύλινον
871 419 1029 474 διδοῖ
1051 423 1317 489 εὐρύοπα
1346 421 1519 486 Ζεύς.
1548 422 1828 490 Διελέγετο
1858 424 1983 491 μένε
2013 427 2057 481 Α
2088 439 2223 485 σεως
2252 420 2345 476 καὶ
2377 423 2605 490 ἐννοίας,
2625 422 2721 476 καὶ
2747 421 3054 494 δηλούντων
3084 426 3331 496 ἐναργῶς
3360 428 3452 481 τὸν
3486 428 3663 495 ἐγκείτ

408 529 490 563 τοι
530 514 561 581 ἡ
602 513 808 582 ἀρχαία
846 516 1135 585 σοφιστικὴ
1172 516 1299 587 περὶ
1333 517 1434 586 τῆς
1471 515 1717 587 ἀνδρίας,
1755 516 1884 585 περί
1920 532 1978 568 τε

407 602 780 674 δικαιοσύνης,
807 606 1004 677 ἡρώων
1032 624 1092 659 τε
1121 609 1248 677 πέρι
1279 611 1374 661 καὶ
1401 608 1561 675 θεῶν,
1589 608 1683 661 καὶ
1709 608 1817 677 ὅπη
1844 607 1979 660 ἁπε-

414 701 784 765 σχημάτισται
816 703 848 769 ἡ
885 700 995 752 ίδέα
1021 700 1115 754 τοῦ
1149 701 1381 770 κόσμου.

487 789 888 857 Τελειοτάτης.
927 791 1118 844 Εἴτουν
1182 791 1500 860 φιλοσοφίαν
1530 791 1608 859 ⁸ἐξ
1660 790 1816 854 ἔθους
1844 806 1981 861 χρη-

413 879 541 931 στοῦ
576 880 949 952 συλλεγείσης,
985 884 1071 936 οἶα
1104 880 1173 955 ἦν
1202 885 1431 955 ἀρχαία.

480 972 962 1029 Νεανισκεύεται.
1001 977 1071 1030 Ἢ
1106 977 1180 1040 ὡς
1210 977 1441 1049 δοκιμὴν
1476 978 1756 1036 ποιεῖταιλ

483 1061 864 1131 Ἐνδιδοῦιτα.
894 1065 1261 1136 Παρεξιοῦσα.

486 1151 601 1207 Τοῦ
635 1155 890 1212 οἴεσθαι.
924 1159 1112 1212 Οῖεται
1140 1160 1250 1230 γάρ
1283 1177 1366 1223 τις
1391 1159 1520 1230 περὶ
1542 1158 1740 1214 ἑαυτοῦ
1773 1159 1985 1229 μεγάλα

412 1245 550 1311 πρὸς
579 1246 823 1317 ἀρετήν’
858 1248 1048 1303 ἔπειτα
1081 1250 1214 1321 ὅναρ
1256 1251 1378 1305 ἰδὼν
1430 1252 1498 1303 τὰ
1558 1255 1668 1315 τοῖς
1716 1250 1987 1321 ἐμπαθέσι

413 1337 748 1407 φιλούμενα,
785 1341 984 1411 κέχηνε
1037 1343 1134 1394 καὶ
1181 1342 1346 1405 αὑτὸς
1403 1344 1500 1413 οὑχ
1547 1337 1709 1415 ἦττον
1740 1343 1984 1396 ἐκείνων.

416 1430 747 1500 ΙΙειρωμένη
788 1433 921 1499 γοῦν
963 1434 995 1502 ἡ
1035 1435 1308 1502 φαντασία
1338 1437 1432 1489 καὶ
1462 1436 1857 1505 δοκιμάζουσα,
1893 1436 1990 1487 καὶ

413 1523 823 1593 παραχωροὺσά
871 1542 923 1578 τι
977 1526 1143 1581 πλέον
1193 1530 1293 1598 τῆς
1344 1529 1606 1598 οἰήσεως,
1670 1526 1990 1595 ὑπολήψεως

418 1608 485 1682 ἧς
515 1614 630 1683 ἔχει
657 1633 739 1680 τις
769 1622 895 1687 περὶ
924 1619 1149 1684 ἑαυτοῦ,
1181 1620 1528 1673 ἀποδείκνυσι
1556 1619 1645 1670 τὸν
1675 1618 1986 1688 ἄνθρωπον,

416 1704 499 1756 ὃτι
543 1706 643 1758 οὐκ
686 1709 915 1773 ἀπαθῶς
956 1711 1227 1764 διάκειται
1272 1709 1504 1778 περὶτὰ
1549 1710 1816 1778 θεάματα,
1856 1710 1992 1763 ἀλλὰ

418 1794 451 1863 ἢ
486 1796 722 1865 ἰσχυρῶς
753 1800 1239 1866 συγκατατίθεται,
1267 1799 1301 1869 ἢ
1335 1798 1568 1870 ἰσχυρῶς
1598 1800 1992 1867 ἀποκρούεται,

416 1885 491 1948 ὡς
523 1887 749 1952 ἕκαστος
786 1892 945 1960 ἔτυχε
976 1891 1069 1947 τὸν
1101 1891 1364 1963 λογισμὸν
1394 1892 1638 1962 ἀσχολῶν
1676 1892 1994 1963 μεθημέραν

417 1981 548 2048 περὶ
576 1980 642 2035 τὰ
676 1983 999 2055 πράγματα.

490 2073 757 2130 Οἵεσθαι.
784 2077 892 2146 Τῆς
926 2078 1273 2150 ὑπολήψεως.

490 2167 937 2232 Προσπάϐειαν.
965 2171 1208 2242 Σχέσεις.

491 2256 623 2317 Ρλο.
654 2259 778 2315 154.
817 2261 1333 2334 Ἀποστυγοῦμεν.
1373 2266 1675 2336 Ἁίισοῦμεν.

495 2357 620 2423 Οὐχ
651 2355 895 2423 ἥκιστα.
927 2358 996 2409 Ἦ
1032 2356 1108 2420 ὡς
1142 2358 1398 2429 ἰσχυρῶς.

498 2444 545 2498 Κ
549 2446 938 2502 αθεύδουσιν.
985 2447 1046 2502 Ἦ
1055 2450 1169 2517 μῖν.

492 2538 981 2606 Μειλιχιώτατον.
1016 2541 1481 2616 Εὐφραντότερον.

508 2633 1119 2703 Ἐναπομόργνυσθαι.
1154 2636 1565 2706 Ἐναπομένειν.

507 2723 689 2790 Ὑπὲρ
722 2722 897 2789 ζωήν.
934 2726 1045 2793 Τὴν
1076 2729 1480 2799 καθημερινὴν.

500 2811 565 2866 Et
607 2812 684 2883 δή
738 2829 828 2879 τις
856 2816 1053 2883 μέλοι.
1108 2817 1170 2869 El
1216 2817 1309 2871 οὑν
1346 2819 1591 2889 βούλοιτὸ
1644 2838 1766 2886 τις,
1810 2839 1996 2894 φησιν,

425 2907 719 2976 ἐγγράφως
748 2909 1110 2977 σημειοῦσθαι
1141 2913 1267 2975 τοὺς
1294 2913 1557 2984 ὀνείρους,
1582 2915 1785 2984 ὀφείλει
1822 2935 2002 2971 συντι-

426 2999 581 3052 θέναι
624 3000 847 3062 τούτους
876 3000 945 3052 δι’
968 3000 1250 3070 ὀνομάτων
1296 3006 1391 3058 καὶ
1435 3008 1700 3076 ῥημάτων
1721 3024 1736 3039 ’
1775 3008 1876 3061 εἴτ’
1904 3005 1999 3063 οὖν

2086 531 2248 582 μενον
2280 514 2430 568 νοῦν·
2464 515 2513 567 εἰ
2541 514 2599 567 δὲ
2637 515 2734 585 μὴ,
2768 516 2963 585 νεκρὸν
2994 517 3061 570 ἂν
3091 517 3180 587 εἴη
3214 518 3309 571 καὶ
3343 519 3572 587 ἀνόητον
3599 522 3661 572 τὸ

2084 603 2431 673 σπούδασμα,
2455 604 2530 676 μή
2554 594 2858 676 δυνάμενον
2885 608 3117 677 ἀγαγεῖν
3146 608 3241 662 τὸν
3272 609 3661 679 διδασκόμενον

2083 696 2363 767 ἀκροατὴν
2398 699 2456 749 ἐν
2499 701 2566 768 τῇ
2611 698 2749 771 αὑτῇ
2791 701 2977 770 νοήσει
3001 701 3097 753 καὶ
3140 700 3435 770 ὑπολήψει,
3471 703 3661 755 ὁποίαν

2085 786 2181 839 καὶ
2204 786 2367 850 αὐτὸς
2400 789 2529 859 ἔσχε
2560 791 2653 843 καὶ
2678 789 2793 861 ἔχει
2818 791 2847 843 δ
2876 792 3105 860 γράφων
3138 794 3235 846 καὶ
3264 792 3551 848 διδάσκων.

2159 878 2424 949 ’Δψυχιι
2464 882 2696 952 ’Λνὸητα
2737 881 2831 937 καὶ
2869 884 3062 955 νεκρά.

2170 972 2336 1055 Ἀλλ’
2358 975 2520 1030 ὅτου.
2548 977 2620 1030 Ἢ
2648 976 2722 1042 ὼς
2750 978 2910 1031 ἕνεκα
2932 979 3028 1032 τοῦ
3052 978 3325 1033 διδάσκειν
3348 977 3439 1032 τὸν
3462 979 3664 1047 ἀκροα-

2085 1062 2188 1135 τὴν
2222 1065 2352 1136 περὶ
2377 1065 2625 1136 ὀνείρων.

2171 1155 2276 1211 Ἐν
2300 1156 2524 1223 tauro”).
2547 1160 2728 1228 Λέγω.

2159 1249 2360 1303 ιιάθει.
2396 1250 2666 1304 Διαθέσει.

2158 1342 2561 1412 Κινουμένων.
2610 1344 2899 1417 Ἐμψύχων
2925 1386 2941 1411 ,
2992 1347 3241 1411 ζώντων,
3287 1347 3536 1415 φανερῶς
3571 1346 3668 1414 51;-

2089 1434 2323 1487 λούντων
2348 1436 2438 1489 τὸν
2464 1438 2784 1507 ἐγκείμενον
2810 1438 2956 1494 νοῦν.

2161 1528 2335 1597 Νικᾷ.
2372 1531 2460 1582 Ἐν
2494 1532 2748 1602 ὀνείροις.

2164 1623 2346 1690 Χωρεῖ
2373 1623 2594 1677 πάντα.
2625 1625 2810 1679 Πάντα
2841 1625 3038 1691 ταῦτα,
3074 1630 3260 1696 φησὶν,
3292 1625 3531 1684 εὐκόλως
3567 1626 3669 1692 μὲν

2093 1714 2126 1781 ἡ
2167 1716 2443 1782 φαντασία
2481 1719 2652 1786 χωρεί
2690 1718 2785 1770 καὶ
2827 1718 3067 1772 διδάσκει
3100 1720 3191 1770 τὸν
3228 1717 3594 1771 καθεύδοντα·
3631 1716 3667 1782 ἡ

2093 1806 2150 1857 δὲ
2201 1805 2344 1870 λέξις
2371 1807 2645 1873 δυσκόλως
2687 1811 2754 1864 ἂν
2788 1810 3115 1882 χωρήσειεν,
3150 1808 3289 1862 ὥστε
3332 1807 3540 1871 διδάξαι
3575 1806 3669 1857 τὸν

2095 1898 2389 1969 ἀκουστήν.

2165 1988 2298 2056 Πῶς
2330 1991 2385 2044 δ’
2409 1991 2510 2044 ἄν.
2536 1992 2602 2045 Ἣ
2639 1994 2713 2056 ὼς
2747 1993 2808 2045 οὑ
2848 1994 3065 2065 ῥαδίως.

2171 2083 2379 2151 Ὀναρ.
2419 2082 2755 2153 Ἑπίρῤημα,
2786 2085 2819 2153 ἢ
2855 2088 2927 2148 ὡς
2954 2085 3074 2138 καθ’
3101 2084 3331 2146 ὖπνους.

2172 2174 2360 2242 Ὀναρ
2389 2173 2522 2243 ὁρᾷ.
2552 2177 2784 2245 Ὄνομα,
2818 2177 2849 2247 ἧ
2880 2176 2954 2238 ὼς
2984 2177 3213 2247 ὄνειρον.

2167 2266 2484 2333 Διανέστη.
2518 2267 2638 2323 Ἔτι
2667 2268 2968 2327 καθεύδων,

2172 2358 2238 2410 οι
2260 2355 2378 2426 μὲν
2410 2351 2542 2411 οὖν.
2581 2357 2825 2422 Ἀλωέως
2856 2360 2951 2411 καὶ
2984 2358 3314 2429 Ἰφιμεδείας
3338 2358 3525 2421 παῖδες
3554 2358 3675 2424 ἐγέο

2100 2465 2254 2502 νοντο
2299 2448 2412 2514 δύο,
2451 2443 2613 2513 Ὦτος
2669 2451 2767 2505 καὶ
2807 2451 3129 2522 Ἐφιάλτης,
3155 2451 3205 2504 οἳ
3233 2450 3298 2519 δὴ
3328 2450 3426 2520 τὴν
3456 2449 3676 2519 ἡλικίαν

2099 2540 2505 2612 ὑπερμεγέθεις
2557 2543 2654 2597 καὶ
2700 2543 2800 2613 τὴν
2838 2544 2932 2596 τοῦ
2975 2543 3225 2613 σώματος
3249 2544 3441 2613 ῥώμην
3472 2543 3676 2594 ἀνυπόο

2028 2656 2031 2661 ·
2101 2651 2292 2688 στατοι
2339 2635 2627 2704 γενόμενοι
2663 2635 2755 2688 καὶ
2801 2634 3230 2705 ἁνυπέρόλητοι,
3267 2633 3510 2687 ἔπαυσαν
3542 2634 3675 2694 τοὺς

2103 2726 2514 2797 πλησιοχώρους
2544 2723 2849 2796 πολέμουςθ
2873 2727 2965 2780 καὶ
2998 2724 3086 2779 διὰ
3114 2725 3267 2778 τοῦτο
3294 2724 3677 2795 ἐμυθεύθησαν

2101 2819 2184 2871 ὅτι
2236 2818 2325 2872 τὸν
2363 2819 2535 2891 ΙΙἌρεα
2562 2818 2789 2888 ἔδησανο
2823 2817 3154 2888 μυθεύονται
3177 2816 3224 2871 δ’
3253 2818 3338 2870 ὅτι
3392 2818 3486 2870 καὶ
3510 2816 3691 2868 πλέον.

2101 2913 2201 2981 τῆς
2231 2909 2579 2981 ἀνθρωπίνης
2608 2910 2982 2982 φρονήσαντες
3014 2910 3230 2978 φύσεως
3248 2952 3262 2975 ,
3295 2909 3676 2979 ἠϐουλήθησαν

2102 2998 2369 3069 ἀναϐῆναι
2409 2998 2547 3069 πρὸς
2585 2999 2813 3070 οὐρανόν
2836 3016 2849 3030 ο
2884 3001 2966 3054 διὸ
3008 3002 3111 3071 ὅρη
3151 3001 3332 3070 ὄρεσιν
3371 3000 3676 3065 ἐπετίθουν,

427 3088 629 3155 λέξεων
655 3090 895 3161 δριμέως
927 3090 1253 3163 ἁπτομένων
1275 3094 1375 3166 τῆς
1403 3096 1773 3169 ὑποκειμένης
1802 3100 1999 3154 ὑποθέ-
2027 3110 2070 3169 c
2106 3092 2380 3163 Παρνασῷ
2410 3092 2510 3163 μὲν
2535 3092 2635 3163 τὴν
2668 3094 2906 3148 Ὄσσαν·
2940 3095 3116 3166 Ὄσσῃ
3151 3094 3208 3148 δὲ
3236 3094 3295 3148 τὺ
3325 3094 3547 3164 Πήλιον,
3579 3096 3679 3146 καὶ
3730 3138 3749 3145 -

500 3261 588 3326 Et,

586 3358 798 3425 Jupiter
831 3374 895 3412 ex
925 3359 1068 3429 ligno
1100 3360 1268 3414 muris
1306 3360 1578 3416 Tritonida
1609 3365 1793 3418 donat.

435 3450 749 3506 llisserebat
772 3449 997 3520 quidem
1052 3458 1215 3506 vetus
1265 3451 1646 3521 Sophislarum
1698 3456 1892 3524 peritia
1937 3456 2004 3510 de

435 3541 733 3605 l'ortudine,
769 3539 837 3594 de
866 3540 1101 3610 justitia,
1120 3540 1188 3595 de
1208 3540 1315 3597 diis
1338 3551 1389 3596 et
1412 3541 1693 3606 heroibus,
1720 3554 1775 3598 et
1805 3562 1999 3614 quem-

435 3634 730 3690 admodum
796 3633 1098 3705 composita
1132 3633 1473 3705 ﬁgurataque
1531 3646 1612 3691 cst
1647 3637 1835 3693 mundi
1876 3655 2001 3709 spe-

434 3730 569 3783 cies.

505 3820 940 3877 Absolutitsima'.
964 3820 1173 3891 Quippe
1213 3837 1335 3892 qua:
1370 3823 1716 3893 philosophia
1758 3826 2004 3895 quaedam

412 3898 506 3967 isit
534 3929 600 3967 ex
628 3912 852 3982 Optimis
895 3913 1142 3969 moribus
1172 3913 1448 3983 decerpta,
1481 3916 1660 3985 qualis
1681 3926 1800 3972 crat
1830 3928 2004 3973 vetus.

510 4005 823 4060 Juveniliter
850 4005 1033 4062 audet.
1064 4006 1461 4061 Documentum
1494 4019 1735 4078 prtestat.

515 4099 667 4153 Ultra
688 4098 1008 4168 opinionem.
1052 4097 1270 4170 Cogitat
1293 4100 1441 4154 enim
1476 4100 1677 4171 aliquis
1726 4102 1794 4156 de
1827 4103 2012 4171 seipso

441 4205 659 4259 magna,
689 4196 952 4257 quantum
1003 4188 1069 4240 ad
1129 4189 1384 4241 virtutem
1413 4202 1427 4240 :
1455 4188 1655 4243 deinde
1686 4188 2011 4245 dormienda

443 4281 635 4336 \idcns
659 4294 723 4333 ea
762 4294 885 4348 qua:
913 4277 1007 4345 iis,
1051 4278 1147 4347 qui
1185 4277 1478 4334 affectibus
1528 4279 1833 4349 indulgent,
1863 4292 2013 4350 grata

443 4374 808 4443 amabiliaque
844 4382 993 4435 sunt,
1023 4371 1137 4440 ipse
1166 4370 1344 4424 inhiat
1386 4381 1442 4426 et
1469 4370 1715 4426 intentus
1750 4381 1854 4439 est,
1904 4389 2013 4428 non

2106 3263 2237 3318 tiam
2261 3263 2719 3333 exprimentibus.
2749 3263 2846 3320 Sin
2869 3265 3074 3331 minus,
3120 3274 3397 3346 mortuum
3429 3265 3597 3321 fuerit
3626 3276 3684 3320 et

2104 3356 2408 3411 absurdum
2444 3357 2550 3412 hoc
2583 3357 2851 3425 studium,
2877 3358 3083 3429 quippe
3136 3361 3281 3427 quod
3311 3360 3580 3429 impotens
3610 3360 3685 3413 sit

2105 3447 2171 3500 ad
2194 3448 2508 3503 auditorem
2543 3449 2924 3505 adducendum
2952 3468 3011 3506 se
3039 3452 3344 3522 disciplina:
3369 3450 3685 3507 tradentem

2110 3539 2162 3592 in
2202 3540 2372 3608 ipsam
2402 3540 2817 3611 intelligentiam
2849 3550 2904 3596 et
2938 3543 3516 3611 coriiprehensionein,
3546 3559 3686 3614 qna-

2107 3630 2212 3684 lem
2248 3631 2363 3699 ipsa
2396 3631 2589 3686 habuit
2619 3643 2676 3686 ct
2711 3631 2877 3689 habet
2910 3634 3003 3702 qui
3032 3633 3226 3689 scribit
3256 3648 3319 3691 ac
3347 3632 3530 3689 docet.

2176 3721 2444 3776 Inanima.
2480 3721 2722 3791 lndocta,
2759 3739 2942 3781 crassa
2969 3738 3034 3778 ac
3066 3734 3300 3781 mortua.

2180 3835 2343 3905 Cujus
2375 3837 2576 3903 qratia.
2609 3836 2786 3893 Veluti
2813 3851 2975 3893 causa
3000 3836 3236 3893 docendi
3257 3835 3588 3900 auditorem,
3620 3846 3685 3891 ut

2111 3931 2377 4003 intelligat
2408 3931 2714 3986 somnium.

2182 4045 2524 4101 ﬂaventibus.
2575 4045 2869 4109 Animatis,
2946 4045 3261 4101 viventibus
3316 4061 3382 4101 ac
3443 4045 3701 4103 dilucidev

2114 4153 2333 4196 sensum
2361 4138 2670 4208 subjectum
2701 4138 3100 4207 aperientibus.

2196 4232 2391 4287 Vincit.
2415 4231 2560 4286 Inter
2587 4231 2994 4287 somniandum.

2185 4347 2433 4402 Omnium
2456 4359 2630 4413 capas:
2650 4355 2751 4398 est.
2808 4342 3013 4398 Horum
3063 4345 3332 4410 omnium,
3386 4344 3583 4415 inquit,
3630 4344 3688 4398 in

445 4467 627 4522 minus
656 4435 816 4535 quam
843 4462 942 4517 illi.
993 4435 1183 4532 Itaque
1207 4461 1525 4532 imaginatio
1578 4435 1883 4532 periculum
1937 4465 2013 4518 fa-
2042 4459 2091 4518 D
2119 4447 2371 4508 promp‘“
2398 4445 2680 4535 capax}?!
2711 4435 2965 4498 famam'
2996 4446 3051 4490 et
3075 4451 3136 4492 ⁸³
3165 4436 3547 4535 formem?”
3589 4436 3691 4491 do‘

444 4561 618 4623 ciens,
641 4556 1007 4628 perpendens,
1064 4554 1372 4625 indulgens,
1425 4554 1787 4625 etquidpiam
1816 4570 2006 4611 conce-

444 4653 582 4707 dens
613 4650 754 4704 ultra
784 4648 1099 4718 opinionem
1134 4655 1191 4701 et
1234 4646 1632 4717 conjecturam,
1675 4660 1839 4716 quam
1893 4648 2019 4714 quis

446 4746 515 4799 de
545 4742 727 4813 seipso
766 4741 956 4806 habet,
981 4739 1320 4795 demonstrat
1350 4738 1628 4793 hominem
1651 4738 1797 4792 haud
1819 4738 2015 4806 rigido,

446 4836 666 4906 stupido
691 4835 1031 4902 immotoque
1075 4831 1261 4886 animo
1284 4830 1542 4886 allectum
1568 4844 1692 4885 esse
1719 4830 1864 4885 circa
1895 4844 2020 4900 spc-

446 4940 586 4985 ctra.
606 4928 805 4983 Verum
842 4935 939 4980 aut
984 4925 1201 4980 fortiter
1241 4925 1436 4979 annuit
1481 4923 1879 4984 etassentitur,
1925 4932 2021 4976 aut

448 5023 801 5076 vehementer
821 5005 1088 5081 extrudit,
1128 5026 1189 5071 ut
1209 5015 1588 5085 unusquisque
1632 5013 2018 5084 cogitationem

447 5119 728 5167 assecutus
750 5118 853 5175 est,
877 5122 937 5163 se
967 5106 1206 5161 interdiu
1235 5121 1497 5163 exercens
1535 5106 1588 5161 in
1619 5105 1734 5160 suis
1764 5105 2017 5174 negotiis.

518 5202 748 5256 Maxime
777 5201 957 5253 suavis
979 5208 1075 5255 est.
1098 5199 1355 5268 Maiorem
1381 5200 1627 5254 laetitiam
1657 5196 1911 5251 affet-ens.

518 5294 575 5344 Si
606 5300 745 5344 certe
768 5289 1035 5360 quispiam
1074 5289 1238 5343 debet.
1271 5288 1414 5359 Ergo
1450 5290 1495 5343 si
1526 5288 1799 5358 quispiam
1831 5286 2022 5342 volue-

374 5420 383 5439 ε
449 5386 543 5447 rit,
582 5383 781 5452 inquit,
800 5380 1090 5437 scribendo
1116 5382 1382 5435 adnotare
1405 5381 1640 5443 somnia,
1691 5394 1755 5433 ex
1785 5377 2022 5431 nomini-

449 5480 555 5532 l~us
592 5489 658 5529 ac
685 5474 868 5529 verbis
905 5487 969 5528 ea
1000 5473 1162 5528 debet
1204 5487 1556 5542 componere.
1614 5471 1785 5540 Igitur
1836 5479 2022 5538 postea

446 5568 788 5625 dictionibus
814 5565 1114 5637 subjectam
1148 5564 1216 5619 ad
1249 5563 1598 5619 scribendum
1648 5560 1930 5615 materiam
1971 5568 2028 5614 et

451 5663 620 5717 animi
675 5660 1089 5731 conceptionem
1153 5656 1354 5713 acriter
1404 5654 1915 5725 pertiti-ingentibus,
1972 5663 2027 5708 ct

459 5753 659 5812 illustri
692 5769 754 5808 ac
783 5753 1021 5809 dilucido
1050 5749 1262 5807 dicendi
1317 5762 1514 5814 genere
1557 5751 1784 5813 positam
1813 5756 2028 5799 sentcn-

2120 4539 2207 4586 cet
2232 4548 2246 4584 :
2270 4544 2334 4585 ac
2353 4528 2681 4597 compositio
2702 4541 2919 4583 morose
2947 4527 3350 4598 progredietur,
3377 4537 3437 4583 ut
3454 4529 3692 4583 instruat

2119 4620 2447 4675 auditorem.

2192 4712 2304 4779 Quo
2333 4722 2509 4766 autem
2541 4722 2715 4780 pacto.
2743 4711 2908 4777 Quasi
2935 4710 3102 4774 dicat,
3122 4711 3269 4766 haud
3296 4711 3476 4766 facile.

2194 4808 2293 4862 Per
2324 4805 2554 4875 quietem
2578 4804 2738 4860 videt.
2766 4804 2977 4860 Nomen
2999 4804 3084 4857 vel
3112 4802 3407 4857 somnium.

2190 4900 2494 4954 Exeitatur.
2525 4897 2720 4953 Adhuc
2747 4910 2941 4952 somno
2967 4895 3239 4964 sepultus.

2191 5012 2414 5080 Ideoque
2440 5009 2667 5064 Aloidw.
2697 5009 2851 5065 Aloci
2879 5019 2934 5065 et
2961 5008 3277 5079 lphimediaa
3298 5008 3395 5064 lilii
3427 5009 3540 5064 duo
3571 5009 3695 5063 fue-

2121 5114 2252 5158 runt
2278 5101 2414 5157 Otus
2446 5111 2501 5156 et
2525 5101 2829 5170 Ephialtes,
2875 5101 2967 5170 qui
2997 5110 3203 5155 statura
3235 5102 3589 5171 praegranch
3636 5114 3695 5157 et

2123 5195 2397 5261 immensi,
2430 5205 2486 5248 et
2515 5203 2780 5264 quantum
2809 5193 2877 5247 ad
2901 5194 3151 5263 corporis
3201 5192 3371 5248 robur
3431 5192 3709 5247 intolera-.

2124 5285 2284 5348 biles,
2318 5295 2637 5356 arrogantes
2682 5293 2738 5339 et
2776 5283 3175 5354 insuperabiles
3241 5283 3443 5349 etl‘eCti,
3499 5284 3699 5339 vicinis

2125 5377 2282 5433 bellis
2308 5377 2469 5431 linem
2516 5377 2892 5446 imposuerunt
2928 5390 2942 5428 :
2975 5386 3031 5431 et
3075 5376 3144 5431 ob
3179 5375 3231 5429 id
3285 5390 3315 5429 a
3346 5379 3528 5445 poetis
3583 5376 3698 5429 ficti

2126 5479 2255 5525 sunt
2298 5470 2523 5524 Martem
2606 5468 2660 5522 in
2718 5467 2937 5522 vincula
2998 5466 3335 5537 conjecisse:
3380 5466 3701 5522 fabulantur

2128 5571 2385 5631 praeterea
2414 5558 2634 5613 eosdem
2671 5558 2808 5612 ultra
2837 5558 3127 5612 humanam
3164 5566 3413 5611 naturam
3446 5556 3701 5626 COgitan-

2132 5662 2211 5707 tes
2242 5651 2478 5707 Voluisse
2502 5649 2555 5703 in
2586 5650 2784 5703 coelum
2817 5649 3133 5714 ascendere,
3188 5648 3444 5718 quocirca
3482 5659 3703 5701 montes

2135 5740 2833 5806 montibusimposuerunt,
2886 5740 3148 5794 Parnasso
3208 5738 3422 5805 quidem
3481 5736 3703 5798 Ossam,
