4068 6204
240 302 348 365 637

1127 309 1449 370 SCHOLIA
1492 310 1574 370 ΙΝ
1613 306 2000 369 SYNESIUM
2041 305 2139 364 DE
2183 304 2606 365 lNSOMNIIS.

3380 307 3486 366 (-33

245 416 438 484 εφεξῆς
479 417 707 483 ὁμοίως·
746 417 870 472 ὅθεν
893 418 998 472 ὑπὸ
1050 423 1146 474 τοῦ
1202 424 1332 486 Άσὺςι
1379 423 1812 494 κεραυνωθέντες
1843 427 1891 480 Α
1997 417 2189 472 Οὐδὲν
2219 415 2328 488 γὰρ
2356 416 2563 482 οὕτως.
2606 414 2772 468 (ὶὺδὲν
2816 415 2923 482 γὰρ
2973 413 3162 483 ἕτερον
3207 413 3315 466 τῶν
3363 415 3487 465 ὲνυο

244 528 273 560 α
287 525 544 563 πωλοντο.

319 603 383 653 Οἱ
425 602 542 669 μὲν
588 599 724 658 οὖν.
782 607 843 659 Oi
895 606 986 659 τοῦ
1019 607 1264 673 Ἀλωέως
1302 611 1492 670 παῖδες
1519 606 1684 674 Ὦτος
1724 610 1818 662 καὶ

243 693 539 761 Ἐφιάλτης
571 698 721 766 παρά
753 697 848 750 τοῦ
885 700 1006 762 an;
1039 700 1461 770 κεραυνοῦνται.

316 785 490 852 Ὄρη.
521 786 730 840 Ὄσσαν
762 791 856 843 καὶ
881 789 943 842 τδ
977 792 1199 861 Πήλιον.
1217 793 1401 847 Ταῦτα
1431 793 1539 863 γὰρ
1567 794 1667 863 δρη
1691 793 1819 862 περὶ

242 876 566 931 Θετταλίαν.
612 879 860 950 Ὄμηρος
907 883 962 936 δέ
1025 900 1160 954 φησι
1209 884 1270 936 ἐν
1297 885 1606 953 Ὀδυσσείᾳ,

247 987 493 1043 Ὄσσαν
520 991 615 1044 ἐπ’
658 993 940 1063 Ὀλύμπῳ
961 996 1245 1066 μέμασαν
1274 997 1474 1066 θέμεν,
1510 997 1699 1063 αὐτὰρ
1726 978 1842 1050 ἐπ”

242 1133 479 1198 Πήλιον
522 1134 980 1204 είνοσίφυλλον,
1009 1135 1088 1188 ἵν’
1115 1139 1374 1205 οὐρανὸς
1413 1067 1818 1207 ἀμϐαἳῖἴῖέέη.

325 1247 588 1315 Ἰκάρου.
632 1249 691 1302 '0
724 1249 778 1302 δὲ
809 1250 1034 1320 Ἴκαρος
1059 1252 1350 1322 ἄνθρωπος
1381 1248 1451 1323 ἦν
1490 1254 1592 1323 καί
1613 1253 1778 1314 αὐτός
1803 1269 1816 1284 ο

242 1338 525 1408 ἠϐουλήθη
555 1339 610 1391 δὲ
653 1340 756 1409 τὴν
778 1341 1153 1411 ἀστρονομίαν
1189 1322 1412 1412 μαθεῖν,
1431 1344 1524 1396 καὶ
1554 1322 1684 1406 τοὺς
1708 1344 1820 1396 τῶν

242 1432 499 1499 ἀστέρων
549 1431 822 1502 δρόμους·
878 1433 952 1504 μὴ
997 1435 1300 1503 δυνάμενος
1358 1436 1416 1489 δὲ
1467 1437 1669 1507 ῥᾳδίως
1721 1438 1822 1499 τὰς

239 1521 357 1571 τῶν
396 1520 573 1588 λόγων
601 1521 908 1588 ἀποδείξεις
942 1525 1205 1591 συνιέναι,
1244 1529 1448 1580 ἀπεῖπε
1491 1529 1695 1597 μεταξὺ
1721 1529 1822 1594 τῆς

244 1612 546 1682 μαθήσεως
571 1629 585 1643 ·
623 1615 714 1669 διὰ
752 1617 913 1670 τοῦτο
942 1619 1224 1689 ἑμυθεύθη
1253 1622 1335 1673 ὅτι
1379 1623 1822 1691 προσεκόλλησεν

1919 509 2090 562 πνίων
2138 509 2268 562 ἴδιον
2307 509 2382 571 ώς
2433 509 2494 560 τὸ
2538 507 2734 576 κλέψαι
2761 507 2853 558 τὸν
2895 506 3103 576 μεταξὺ
3141 505 3354 575 χρόνον,
3390 507 3483 557 καὶ

1917 601 2162 669 ἀχρόνως
2199 600 2371 664 δεῖξαι
2407 598 2476 652 τὰ
2520 601 2618 652 σὺν
2648 600 2826 669 χρόνῳ
2857 600 2948 652 καὶ
2985 597 3137 667 πόνῳ
3179 596 3485 665 τελούμενα

1916 696 2030 754 τοῖς
2075 692 2459 760 ἐγρηγορόσιν,
2519 689 2629 744 οἷον
2693 693 2993 762 χρημάτων
3053 692 3270 759 κτῆσιν,
3320 689 3489 741 οἴκων

1919 782 2293 843 πολυτέλειαν,
2326 785 2519 850 σοφίας
2564 786 2906 852 περιουσίαν,
2938 773 3172 845 διάλεξιν
3208 782 3342 852 πρὸς
3385 784 3486 848 ἁγο

1918 873 2132 941 γέλους,
2156 875 2247 926 καὶ
2279 875 2379 926 ὅσα
2409 875 2659 930 τοιαῦτα.

1992 964 2116 1032 Τὴν
2139 966 2415 1034 βληχήν.
2445 968 2558 1035 Τὴν
2586 968 2694 1021 τῶν
2722 968 3029 1040 προϐάτων.

1989 1055 2158 1122 Φωνή
2167 1075 2220 1110 ν.
2264 1059 2397 1112 Ἕνα
2405 1059 2468 1129 ρθ
2476 1077 2590 1128 ρον.

2003 1150 2391 1206 Ὺποθέσεων.
2423 1153 2544 1205 Τῶν
2581 1156 2638 1206 ἐν
2675 1153 2886 1219 ὕπνοις.

1997 1242 2141 1307 Τοὺς
2173 1243 2415 1310 λόγους.
2450 1244 2523 1297 Τὸ
2553 1245 2938 1317 λογογραφεῖν.

2003 1335 2153 1404 Ἐγὼ
2195 1335 2306 1405 γὰρ
2342 1335 2524 1407 οἶμαι.
2560 1341 2671 1393 Καὶ
2709 1341 2816 1410 γὰρ
2870 1341 2974 1393 κάν
3006 1341 3120 1402 τοῖς
3171 1339 3361 1400 ὕπνοις
3403 1339 3492 1390 δο-

1922 1426 2116 1481 κοῦσιν
2144 1429 2378 1497 ὁρᾶσθαι
2419 1432 2514 1484 καὶ
2552 1432 2689 1484 ἄλλα
2733 1432 2850 1495 ζῶα
2880 1432 3143 1493 πολλάκις
3183 1430 3493 1498 ἀνθρώποις

1922 1519 2307 1589 διαλεγόμενα,
2343 1523 2441 1575 καὶ
2490 1524 2638 1591 φυτὰ
2683 1524 3056 1593 μεθιστάμενα
3105 1522 3494 1590 αὐθορμήτως,

1925 1611 2021 1663 καὶ
2074 1611 2353 1682 ἄνθρωποι
2407 1615 2566 1684 δίκην
2621 1617 2843 1684 πτηνῶν
2909 1615 3228 1683 ίπτάμενοι.
3281 1616 3374 1666 καὶ
3435 1612 3498 1663 τὸ

242 1706 433 1775 ἑαυτῷ
478 1707 680 1777 κήρινα
725 1711 923 1778 πτερὰ,
965 1711 1051 1763 ἵνα
1089 1712 1334 1782 πετασθῇ
1380 1715 1517 1783 πρὸς
1555 1714 1819 1783 οὐρανόν*
1849 1769 1893 1783 ,λ
1929 1704 2115 1773 σχῆμα
2166 1708 2304 1775 πρὸς
2351 1707 2522 1776 ἄλογα
2569 1707 3004 1775 μεταϐάλλοντες
3054 1707 3188 1770 ζῶα,
3224 1707 3318 1757 καὶ
3360 1705 3498 1756 ἄλλα

245 1798 462 1864 μεταξὺ
508 1800 565 1852 δὲ
606 1801 706 1870 τῆς
751 1802 1008 1872 πτήσεως
1053 1803 1150 1856 τοῦ
1200 1805 1357 1872 ἡλίου
1415 1807 1820 1875 προσϐαλόντος

244 1890 398 1959 αὑτῴ
451 1892 834 1962 σφοδρότερον,
862 1897 1143 1964 ὲτάκησαν
1178 1897 1277 1966 μὲν
1307 1899 1373 1950 τὰ
1424 1899 1623 1968 πτερὰ,
1661 1900 1824 1962 αὐτὸς

245 1985 300 2036 δὲ
329 1983 647 2038 ἐπεπτώκει
673 1989 732 2040 ἐν
763 1982 808 2057 ᾧ
842 1989 1002 2057 μέρει
1034 1991 1138 2058 τῆς
1173 1991 1452 2062 θαλάσσης
1483 1993 1697 2062 ἔτυχεν,
1729 1993 1824 2059 ἀφ’

242 2071 310 2131 οὗ
341 2079 527 2132 καὶτὸ
566 2079 806 2148 πέλαγος
847 2082 1055 2153 ἐκλήθη
1100 2085 1375 2154 Ἰκάριονο
1425 2085 1824 2155 εὐτυχεστέραν

243 2166 346 2223 οὗν
397 2189 532 2243 φησι
582 2173 681 2245 τὴν
731 2174 969 2245 πτῆσιν*
1014 2177 1111 2230 καὶ
1155 2176 1341 2231 πεσὼν
1397 2178 1594 2245 ἐπνίγη
1650 2177 1710 2229 ἐν
1758 2178 1826 2246 τῇ

244 2265 520 2337 θαλάσσῃ.

335 2356 697 2426 ’ορωμένην.
733 2358 845 2430 Τὴν
874 2359 1004 2429 γῆν.

327 2452 707 2518 Σημαίνεται.
743 2451 1090 2522 Σημειοῦται.

324 2544 628 2597 Χαλεπόν.
653 2539 827 2597 Εἶναι.

327 2635 696 2705 Λεγόμενον.
733 2636 1096 2707 Μεθημέραν.

325 2729 590 2782 Γίνεται.
645 2727 731 2778 Ἐν
757 2727 968 2790 ὕπνοις.

323 2819 492 2874 Μετὰ
538 2819 650 2888 γὰρ
691 2822 928 2889 μικρόν.
962 2820 1032 2871 Ἣ
1085 2820 1161 2885 ώς
1211 2824 1403 2891 ἐνιαχῆ
1445 2813 1552 2893 γάρ
1601 2826 1694 2876 ἐπὶ
1727 2825 1833 2891 γῆς

253 2909 600 2980 εὑρίσκεται.
631 2911 705 2962 υὺ
735 2909 844 2980 γὰρ
881 2909 1177 2980 ἀπεδήμει,
1212 2909 1303 2964 ἵνα
1325 2909 1514 2981 φῶμεν
1548 2911 1630 2964 ὅτι
1667 2907 1834 2982 ἦλθεν

254 3007 349 3056 ἐπὶ
378 3003 504 3073 γῆς.

1931 1796 2102 1867 μυρία
2135 1797 2384 1868 θεάματα
2408 1801 2711 1870 τερατώδη.
2731 1803 2900 1871 Φησὶν
2930 1796 3023 1854 οὖν
3058 1801 3140 1852 ὅτι
3171 1803 3265 1852 καὶ
3295 1798 3343 1850 οἱ
3371 1797 3495 1858 τοὺς

1926 1889 2129 1958 μύθους
2159 1891 2469 1955 πλάσαντες
2491 1893 2732 1962 ἀρχῆθεν
2756 1896 2822 1946 ἐκ
2852 1894 2962 1946 τῶν
2995 1893 3178 1946 ὕπνων
3207 1893 3366 1960 ἔσχον
3397 1891 3495 1952 τὰς

1923 1985 2205 2053 ἀφορμάς·
2244 1985 2332 2048 Ὠς
2363 1985 2472 2056 γὰρ
2509 1987 2542 2055 ἡ
2569 1986 2677 2039 τῶν
2713 1985 2896 2040 ὕπνων
2933 1986 3151 2050 ἐξουσία
3202 1984 3294 2035 καὶ
3341 1982 3498 2034 αὐτο·

1924 2076 2089 2143 νομία
2120 2077 2396 2130 δείκνυσιν
2427 2079 2753 2142 ἀλλοκότους
2785 2081 2936 2142 θέας,
2969 2078 3210 2147 ἔμφασιν
3246 2073 3496 2144 ἀμυδρὰν

1926 2166 2022 2219 καὶ
2063 2169 2250 2221 εἰκόνα
2308 2170 2405 2238 τῆς
2469 2171 2729 2239 ἀληθείας
2779 2170 3181 2239 αἰνιγματώδη,
3230 2169 3324 2221 καὶ
3385 2161 3499 2217 οἷον

1928 2260 2104 2312 εἰπεῖν
2157 2263 2600 2332 προχαράγματα
2651 2263 2761 2314 τῶν
2809 2262 2960 2332 ῦπαρ
3007 2261 3309 2330 ἐσομένων·
3357 2259 3501 2310 οὓτω

1929 2352 2024 2404 καὶ
2045 2353 2095 2404 οἱ
2126 2351 2288 2420 μῦθοι
2321 2353 2440 2424 μετ’
2474 2354 2727 2419 ἐξουσίας
2747 2355 2892 2417 τινὸς
2923 2353 3253 2406 πλάττουσιν
3293 2351 3501 2421 ἀνθρω-

1930 2447 2060 2517 πίνῃ
2100 2451 2252 2520 φωνῇ
2283 2428 2646 2518 διαλεγόμενα
2682 2449 2826 2518 φυτὰ
2852 2450 2946 2502 καὶ
2975 2448 3157 2510 λίθους
3187 2447 3280 2499 καὶ
3328 2447 3500 2512 ἄλογα

1931 2539 2069 2601 ζῶα,
2111 2543 2204 2593 καὶ
2251 2541 2421 2610 μυρία
2463 2542 2714 2608 τοιαῦτα,
2756 2545 2815 2594 ὲν
2855 2538 2934 2603 οἷς
2984 2539 3363 2609 ὲμφωλεύουσι
3401 2541 3503 2607 μὲν

1933 2631 2296 2698 σκιαγραφίαι
2323 2632 2469 2695 τινὲς
2513 2634 2608 2686 καὶ
2642 2635 2933 2702 σπέρματα
2965 2633 3345 2702 παραινέσεων
3372 2631 3502 2698 ἀληο

1933 2716 2079 2769 θῶν⁸
2133 2719 2324 2788 ἡδονῆς
2353 2721 2410 2774 δὲ
2448 2723 2743 2790 πρόσωπον
2785 2723 3148 2791 οἰκονομικῶς
3191 2720 3504 2776 δεικνύουσι

1931 2813 2054 2875 ταῖς
2087 2812 2287 2881 λίχνοις
2315 2814 2424 2865 τῶν
2461 2815 2672 2868 πολλῶν
2703 2816 2912 2878 ἀκοαῖς.

2009 2902 2110 2971 Οἷς
2141 2905 2241 2959 καὶ
2267 2907 2443 2972 ταώς.
2475 2908 2600 2971 Τοῖς
2634 2909 2848 2977 μύθοις.

2005 2997 2160 3064 Πρὸς
2188 2994 2304 3065 τὴν
2337 3001 2724 3071 αὐτονομίαν.
2771 3001 3076 3067 Ἐξουσίαν,
3110 3004 3415 3060 αὐθεντίαν.

254 3178 408 3234 Ossa,
441 3192 572 3232 vero
601 3177 832 3243 penum,
865 3192 928 3232 ac
977 3177 1237 3248 deinceps
1275 3178 1554 3244 similiter,
1615 3180 1758 3235 unde
1793 3199 1822 3235 ε,
1855 3161 1898 3218 C
1931 3175 2158 3232 vuntur,
2223 3177 2281 3223 ut
2325 3185 2674 3226 nummorum
2732 3175 3158 3244 possessionem,
3211 3175 3503 3228 domorum

255 3270 394 3324 Jove
433 3269 658 3324 fulmine
681 3271 808 3324 tacti
845 3271 1157 3339 perierunt.

330 3362 577 3430 Ideoque.
609 3361 762 3416 Aloei
787 3362 880 3416 filii
909 3362 1044 3418 Otus
1080 3373 1136 3418 et
1168 3363 1453 3431 Ephialtes
1485 3379 1513 3418 τι
1545 3364 1679 3419 ,ιοεό
1733 3366 1834 3419 ful-

261 3455 410 3508 mine
441 3460 565 3507 tacti
592 3456 837 3508 fuerunt.

332 3547 554 3602 Montes.
593 3547 678 3601 Isti
721 3548 992 3617 siquidem
1030 3559 1242 3604 montes
1270 3561 1396 3605 sunt
1428 3552 1483 3605 in
1528 3550 1808 3607 Thessalia

270 3639 354 3692 Ait
383 3653 544 3706 porro
566 3636 835 3692 Homerus
866 3638 921 3691 in
942 3637 1204 3709 Odyssea,
1241 3639 1276 3693 I.
1315 3657 1354 3694 ll
1393 3657 1406 3693 :

338 3730 408 3783 Hi
438 3738 565 3782 sunt
586 3732 765 3783 conati
795 3733 1061 3799 imponere
1096 3731 1242 3785 Pelio
1269 3731 1477 3794 Ossam,

331 3800 565 3864 Scilicet,
587 3810 744 3870 atque
764 3801 904 3855 Ossa:
924 3803 1232 3870 frondesum
1253 3801 1512 3856 involvere
1529 3803 1832 3874 Olympum.

335 3913 516 3966 Icaro.
541 3912 728 3966 Icarus
753 3923 810 3966 et
841 3911 956 3980 ipse
981 3912 1141 3967 homo
1169 3924 1286 3966 erat
1315 3930 1330 3967 :
1361 3928 1619 3967 cancrum
1660 3925 1836 3966 astro-

260 4006 505 4061 nomiam
538 4003 752 4058 discere
783 4003 975 4064 voluit,
1025 4018 1088 4056 ac
1145 4005 1384 4057 siderum
1451 4019 1666 4057 cursus.
1727 4005 1835 4058 Sed

264 4114 388 4154 cum
432 4112 542 4150 non
585 4105 770 4165 posset
796 4095 954 4148 facile
1007 4095 1280 4148 rationum
1335 4096 1837 4150 demonstrationes

263 4191 590 4260 intelligere,
621 4189 914 4258 despondit
937 4189 1179 4242 animum
1205 4189 1422 4242 interim
1439 4189 1506 4242 ab
1536 4189 1634 4244 hac
1666 4190 1840 4242 sciens

263 4286 338 4338 tia
367 4301 380 4336 :
412 4298 519 4352 qua
546 4283 611 4336 de
643 4297 803 4336 causa
833 4280 1134 4333 fabulatum
1177 4291 1260 4334 est
1307 4297 1430 4334 eum
1484 4281 1588 4334 sibi
1648 4296 1839 4334 eereas

262 4378 381 4430 alas
410 4376 838 4443 conglutinasse,
875 4383 930 4425 ut
964 4372 1016 4425 in
1057 4373 1253 4425 caelum
1303 4372 1568 4437 evolarct,
1629 4373 1724 4427 sed
1786 4374 1838 4432 in

265 4471 387 4535 ipso
413 4469 593 4520 volatu
626 4468 741 4520 sole
766 4465 945 4518 eidem
968 4474 1290 4520 occurrente
1343 4483 1406 4517 ac
1458 4465 1838 4518 vehementius

268 4562 589 4622 insultante,
614 4558 919 4628 liquefacta:
941 4568 1069 4612 sunt
1095 4572 1306 4624 pennae,
1335 4559 1450 4625 ipse
1482 4571 1609 4610 vero
1635 4558 1838 4611 cecidit

269 4652 321 4704 in
352 4667 472 4702 eam
511 4661 722 4718 partetn
757 4649 947 4710 maris,
979 4664 1099 4716 qua:
1125 4649 1174 4700 ei
1211 4660 1356 4702 sorte
1392 4648 1642 4717 contigit,
1671 4665 1700 4703 a
1731 4665 1840 4718 quo

268 4746 491 4813 pelagus
520 4744 751 4796 Icarium
798 4742 1131 4810 appellatum
1172 4751 1256 4795 est
1294 4741 1615 4798 (feliciorem
1658 4743 1842 4807 itaque

267 4841 401 4893 dicit
459 4838 797 4891 somniorum
852 4834 1137 4903 volatum),
1172 4850 1234 4888 ac
1292 4834 1548 4904 delapsus
1607 4836 1660 4888 in
1705 4835 1840 4889 mari

269 4934 568 4985 sutIocaIus
599 4939 702 4982 est.

337 5026 590 5076 Aduotat.
616 5021 859 5086 Quodam
890 5021 1045 5090 quasi
1082 5023 1239 5090 signo
1267 5031 1416 5075 nota.

344 5115 556 5168 Evadiz.
593 5113 738 5166 Inter
765 5113 1170 5165 somniandum.

341 5204 486 5259 Nam
512 5204 672 5272 paulo
689 5211 825 5272 post.
855 5205 1068 5258 Alieuhi
1101 5206 1247 5258 enim
1273 5220 1439 5273 super
1469 5217 1670 5259 terram
1691 5207 1841 5260 inve-

273 5299 416 5350 nitur
452 5316 464 5349 :
499 5312 677 5364 neque
698 5312 924 5365 peregre
955 5296 1164 5362 aberat,
1190 5307 1251 5350 ut
1302 5297 1554 5351 dicamus
1585 5313 1710 5352 eum
1750 5314 1843 5350 ve-

272 5391 411 5444 nisse
445 5390 497 5442 iu
533 5393 762 5442 terram.

341 5481 494 5535 Nihil
530 5485 690 5535 enim.
715 5481 860 5535 Nihil
887 5482 1088 5549 quippe
1111 5479 1260 5533 aliud
1296 5480 1699 5535 insomniorum
1755 5492 1841 5537 est

272 5579 554 5646 proprium
607 5591 669 5628 ac
703 5575 996 5641 peculiare,
1029 5589 1192 5642 quam
1240 5583 1456 5643 tempus
1491 5576 1839 5645 interjectum

271 5672 550 5738 obtegere,
579 5677 634 5720 et
671 5667 809 5719 citra
831 5666 1090 5734 temporis
1118 5681 1434 5720 mensuram
1462 5667 1842 5723 demonstrare

275 5779 331 5816 ea
366 5780 487 5833 mne
519 5777 642 5816 cum
676 5770 917 5829 tempore
949 5771 1000 5814 ct
1031 5760 1215 5815 labore
1250 5761 1604 5830 vigilantibus
1660 5763 1839 5818 absol-

1930 3260 2119 3315 quum
2152 3269 2209 3314 et
2241 3263 2716 3331 magnificentiam,
2760 3268 3040 3336 sapientia:
3089 3269 3504 3330 abundantiam,

1933 3367 2057 3406 cum
2121 3353 2331 3423 angelis
2362 3358 2901 3424 sermocinationem,
2954 3369 3009 3414 et
3053 3359 3262 3429 reliqua
3317 3358 3506 3430 hujus-

1934 3443 2103 3498 modi.

2005 3538 2310 3598 Balantem.
2342 3544 2542 3599 Vocem
2572 3544 2781 3598 ovium.

2011 3631 2216 3689 Vocem.
2253 3637 2608 3692 Articulatam
2630 3649 2683 3692 et
2717 3637 3033 3706 perfectam.

2009 3725 2478 3796 Argumenlorum.
2505 3730 2635 3796 Quae
2662 3731 2712 3782 in
2740 3733 2968 3787 somniis
2997 3746 3119 3786 sese
3145 3731 3406 3786 offerunt.

2009 3818 2308 3874 Sermones.
2344 3823 2536 3876 Libros
2569 3823 2901 3890 scriptitare.

2009 3910 2226 3980 Opinor.
2260 3915 2392 3966 Nam
2415 3923 2469 3967 et
2505 3915 2556 3966 in
2594 3915 2821 3970 somniis
2849 3915 2949 3968 sibi
2979 3915 3234 3970 videntur
3259 3917 3358 3970 alia
3393 3917 3508 3971 ani-

1938 4003 2143 4056 mantia
2166 4003 2460 4055 identidem
2487 4019 2610 4057 eum
2633 4006 2944 4061 hominibus
2986 4007 3309 4076 disceptare,
3347 4009 3508 4062 arbo-

1941 4108 2027 4145 res
2051 4105 2243 4160 suopte
2273 4104 2471 4146 conatu
2525 4107 2577 4149 et
2615 4097 2849 4165 impulsu
2900 4101 3271 4163 transmutari,
3332 4109 3384 4154 ct
3413 4101 3507 4153 ho—

1941 4181 2117 4236 mines
2141 4183 2315 4238 instar
2345 4185 2627 4242 volucrqu
2660 4190 2864 4253 volare,
2892 4200 2946 4244 et
2976 4203 3238 4262 quantum
3272 4198 3337 4246 ad
3395 4194 3509 4246 for-

1944 4287 2084 4324 mam
2118 4273 2455 4345 figuramque
2487 4278 2539 4332 in
2580 4279 2787 4335 belluas
2824 4283 3053 4337 rationis
3086 4296 3339 4352 expertes
3381 4300 3508 4337 con-

1941 4364 2103 4426 verti,
2141 4373 2197 4416 et
2227 4365 2330 4419 alia
2367 4367 2576 4422 infinita
2613 4383 2918 4424 monstrosa
2975 4382 3208 4439 spectra.
3277 4371 3512 4424 Proinde

1871 4497 1912 4552 D
1945 4465 2198 4510 asserunt
2229 4457 2262 4511 ii
2293 4460 2382 4527 qui
2419 4459 2628 4514 fabulas
2654 4472 3085 4529 composuerunt
3138 4463 3206 4515 ab
3256 4462 3413 4515 initio
3440 4477 3506 4514 ex

1943 4549 2076 4616 ipsis
2105 4553 2333 4604 somniis
2367 4552 2618 4606 habuisse
2653 4553 3018 4607 occasionem.
3064 4554 3130 4608 Ut
3165 4556 3310 4607 enim
3361 4570 3510 4606 som-

1942 4644 2158 4696 niorum
2189 4643 2404 4697 licentia
2451 4655 2505 4697 et
2529 4645 2756 4701 Iacullas
2779 4647 3114 4716 prodigiosos
3172 4657 3335 4716 atque
3368 4649 3510 4702 inso-

1941 4735 2118 4789 lentes
2149 4736 2388 4790 visiones
2431 4739 2688 4803 ostendit,
2747 4740 3076 4793 imbecillam
3133 4741 3396 4806 specicm,
3453 4751 3512 4796 et

1943 4829 2234 4896 imaginem
2267 4831 2514 4884 veritatis
2565 4833 2921 4902 aenigmaticis
2957 4830 3314 4887 velaminibus
3352 4849 3512 4903 ομιτ-

1944 4929 2074 4982 tam,
2109 4931 2182 4983 et,
2213 4932 2269 4974 ut
2294 4923 2363 4977 ita
2399 4925 2609 4992 loquar,
2652 4927 2892 4994 priorum
2929 4926 3382 4982 lineamentorum
3416 4929 3513 4983 de-

1942 5014 2280 5084 signationes
2309 5035 2522 5079 eorum,
2559 5035 2679 5088 qua)
2702 5020 2843 5073 inter
2867 5019 3200 5088 vigilandum
3249 5035 3512 5078 eventum

1943 5120 2072 5164 sunt
2107 5128 2121 5163 :
2149 5111 2226 5165 sic
2255 5121 2308 5166 et
2339 5111 2537 5166 fabulae
2570 5128 2690 5166 cum
2727 5115 2946 5167 licentia
2989 5115 3220 5183 quadam
3251 5117 3513 5186 afﬁngunt

1941 5213 1996 5258 et
2024 5203 2516 5257 comminiscuntur
2552 5205 2780 5270 plantas,
2826 5205 3054 5272 lapides,
3101 5223 3313 5260 necnon
3356 5208 3514 5263 bruta

1942 5295 2243 5350 animantia
2282 5295 2519 5348 humana
2545 5309 2676 5348 voce
2709 5293 3002 5360 disserere,
3035 5298 3386 5365 eteomplura
3431 5305 3514 5349 ta-

1942 5389 2036 5450 lia,
2075 5390 2128 5442 in
2172 5389 2372 5458 quibus
2400 5389 2617 5442 latitant
2644 5387 2983 5441 adumbrata:
3019 5387 3267 5456 quaedam
3308 5388 3516 5441 descri-

1943 5480 2185 5550 ptiones,
2214 5488 2270 5535 et
2302 5495 2555 5534 verarum
2605 5473 3044 5535 cohort‘atiouum
3103 5479 3418 5537 seminaria,
3462 5489 3515 5532 et

1941 5574 2239 5641 voluptatis
2266 5574 2467 5628 larvam
2499 5573 2553 5627 in
2607 5574 2681 5627 rei
2732 5573 3049 5628 domestica:
3105 5571 3516 5640 dispensatione

1945 5667 2117 5720 avida:
2151 5666 2446 5720 multorum
2478 5666 2742 5721 auditioni
2779 5668 3182 5720 demonstrant.

2016 5761 2326 5816 Libidinem.
2365 5759 2684 5825 Licentiam,
2734 5759 3045 5814 facultatem
3075 5765 3129 5811 et
3153 5762 3505 5824 potestatem.
