4068 6204
347 309 451 375 ϐ3¹ἶ

1242 317 1564 380 δϐῐΙΟΙᾸΑ
1598 320 1676 382 ΙΝ
1718 318 2114 385 SYNESIUM
2154 324 2253 384 DE
2280 322 2710 390 INSOMNIIS.

3497 328 3601 395 634

360 424 813 490 Ἀριστοκλέους
853 423 1142 493 γλῶτταν.
1180 426 1472 495 Νοσώδης
1504 427 1572 482 δὲ
1604 429 1672 483 ἐκ
1708 448 1912 499 μειρα-
1946 435 1992 490 Α
2090 432 2371 501 Muciam}.
2409 434 2473 487 Ἦ
2506 435 2795 506 πικρότης.

346 515 480 567 ador)
520 517 866 583 γενόμενος,
904 518 1015 571 οὐκ
1058 518 1332 587 ἠμέλησε
1367 521 1476 576 τοῦ
1517 523 1749 577 πονεῖν.
1798 522 1917 591 Τὴν

340 607 456 675 μὲν
480 602 596 663 οὗν
624 607 792 661 ιδέαν
820 607 929 676 τῆς
955 612 1168 673 νόσου.
1194 612 1293 666 καὶ
1325 612 1413 666 ὅτι
1443 613 1516 668 τὰ
1544 615 1728 683 νεῦρα
1756 614 1917 680 αὐτῷ

378 700 680 766 πεφρίκει,
716 699 787 754 ἐν
821 702 998 769 ἱεροῖς
1034 704 1303 770 βιϐλίοις
1338 704 1527 773 αὐτὸς
1563 705 1768 776 φράζει
1791 724 1804 737 ·
1844 707 1915 760 τὰ

339 792 547 853 ,ϐιϐλία
578 794 769 846 ταῦτα
801 793 1177 863 ἐφημερίδων
1206 797 1409 866 ἐπέχει
1443 798 1575 852 τινὰ
1612 797 1773 864 αὐτῷ
1808 799 1916 852 λό·

346 900 492 953 ⁸»ον’
535 887 596 939 al
640 885 709 940 δὲ
746 887 1103 957 ἐφημερίδες
1147 891 1361 960 ἁγαθαὶ
1408 892 1767 949 διδάσκαλοι
1811 894 1916 949 τοῦ

345 975 474 1043 περὶ
510 978 738 1043 παντὸς
771 976 841 1034 εὖ
877 979 1283 1053 διαλέγεσθαι.
1313 983 1383 1037 ’0
1417 1000 1482 1050 γε
1519 985 1627 1056 μὴν
1659 985 1916 1046 Συνὲσιος

344 1065 576 1120 ἐνταῦθα
613 1071 942 1140 προτρέπων
973 1070 1221 1136 ἅπαντας
1250 1075 1379 1137 τοὺς
1410 1074 1743 1139 δυναμένους
1777 1076 1916 1146 γρά-

343 1174 464 1225 φειν
495 1159 569 1230 μὴ
602 1162 1024 1218 καταναλίσκειν
1050 1165 1150 1236 τὴν
1177 1167 1430 1235 γλῶτταν
1457 1167 1537 1230 εἰς
1567 1167 1761 1238 ἑτέρας
1790 1169 1918 1223 ἀνο-

339 1251 502 1317 ήτους
531 1253 840 1321 ὑποθέσεις,
868 1256 1004 1311 ἀλλὰ
1032 1257 1336 1326 γυμνάσιον
1367 1256 1638 1312 ποιεῖσθαι
1670 1259 1764 1312 καὶ
1796 1259 1917 1311 ἐπί-

335 1342 504 1407 δειξιν
538 1345 606 1398 τὰ
646 1349 776 1415 περὶ
805 1347 915 1399 τῶν
945 1349 1191 1419 ὀνείρων,
1226 1351 1321 1403 καὶ
1352 1350 1633 1419 τοιαύταις
1675 1351 1912 1421 χρῆσθαι

334 1433 685 1505 ἐφημερίσιν,
727 1438 976 1508 ἐμνήσθη
1021 1442 1117 1494 καὶ
1158 1440 1268 1493 τῶν
1304 1441 1584 1505 τοιούτων,
1625 1445 1783 1495 ὁποῖα
1821 1442 1914 1514 δη-

331 1521 470 1594 λαδὴ
495 1526 747 1590 διέξεισιν
771 1532 800 1582 ὀ
824 1531 1070 1600 Λήμνιος
1093 1533 1455 1603 Φιλόστρατος
1487 1536 1614 1604 περὶ
1646 1534 1913 1605 Ἀριστεί-

332 1619 428 1671 δου
468 1619 562 1671 τοῦ
607 1623 857 1692 ῥήτορος,
897 1625 1343 1696 προθυμοτέρους
1382 1626 1470 1680 διὰ
1508 1627 1612 1698 τῆς
1651 1629 1911 1698 τοιαύτης

336 1715 648 1785 μαρτυρεας
680 1720 852 1770 ποιῶν
877 1721 1006 1783 τοὺς
1036 1722 1331 1791 ἀκροατάς.

422 1807 487 1861 Ὀ
515 1809 800 1878 Λήμνιος.
837 1813 898 1866 Ὀ
926 1813 1310 1885 Φιλόστρατος.

408 1901 511 1967 εις
545 1902 882 1970 ἑρμηνείας.
919 1904 1014 1970 Εἰς
1047 1908 1306 1978 φράσεως
1339 1908 1601 1980 ἀφορμὴν
1633 1910 1725 1963 καὶ
1760 1908 1915 1979 λογο-

334 1993 601 2060 γραφίαν.

410 2089 488 2142 Τὰ
524 2091 726 2158 φύσει.
763 2089 928 2144 Φύσει
966 2092 1078 2161 γὰρ
1116 2092 1450 2164 κεχώρισται
1482 2092 1576 2146 τοῦ
1621 2095 1836 2163 μέλιτος
1881 2097 1914 2166 ή

325 2180 606 2252 πικρότης
628 2220 645 2242 .
684 2175 796 2235 οἷον
827 2182 989 2251 φύσει
1030 2182 1281 2235 σύνεστιν
1315 2185 1348 2253 ἡ
1386 2183 1662 2253 γλυκύτης
1696 2183 1772 2252 τῷ
1813 2187 1911 2253 μὲ-

324 2272 441 2327 λιτι
469 2291 484 2305 ο
519 2274 638 2327 ἀλλ’
667 2277 763 2329 ὲάν
813 2288 895 2338 τις
926 2278 982 2330 ὲν
1005 2275 1238 2345 ὀνείροις
1276 2276 1363 2349 ἴδῃ
1391 2278 1473 2331 ὅτι
1526 2276 1692 2330 ἐσθίει
1745 2277 1869 2346 μέλι
1895 2317 1911 2342 ,

323 2365 804 2438 ὑπερεντυγχάνει
840 2367 986 2438 λύπῃ
1028 2370 1122 2421 καὶ
1162 2369 1395 2439 πικρεᾳθ
1435 2369 1530 2421 καὶ
1571 2368 1909 2431 τούναντίον,

324 2458 433 2510 ἐάν
460 2475 545 2521 τις
574 2457 843 2528 ἁψίνοιον.

415 2549 499 2617 Τῷ
531 2555 711 2621 λόγῳ.
747 2553 907 2606 Κατὰ
942 2552 1102 2622 λόγον
1131 2554 1224 2606 τὸν
1255 2552 1502 2622 ἀπείρως
1542 2551 1735 2621 ἔχοντα
1777 2568 1915 2620 φανο

327 2647 549 2708 tactae.

409 2737 738 2793 Φιιντάσιιι.
772 2738 994 2803 Διδάξαι
1023 2738 1153 2810 περὶ
1184 2737 1512 2813 φαντασίας.

407 2833 670 2888 Φαῦλον.
701 2833 777 2886 Οὐ
810 2834 1030 2905 μικρόν.

410 2930 520 2985 Τοῦ
548 2929 728 2988 εἷναι.
765 2929 862 2983 Ἐκ
890 2929 984 2983 τοῦ
1022 2925 1238 2998 μέλιτος
1267 2927 1301 2999 ἡ
1329 2924 1622 2997 γλυκύτης.

332 3108 447 3173 iam
474 3103 594 3157 inde
635 3104 701 3158 ab
742 3104 962 3157 ineunte
1013 3110 1172 3155 tetate
1207 3102 1545 3156 incommoda
1590 3101 1915 3173 inﬁrmaque
1941 3110 1985 3166 ο

334 3194 639 3250 valetudine
670 3204 977 3258 vexaretur,
1034 3194 1270 3247 laborem
1302 3211 1406 3247 non
1442 3194 1670 3265 neglexit
1704 3212 1797 3248 nec
1827 3196 1919 3250 de-

338 3289 604 3344 trectavit.
640 3286 815 3358 Igitur
846 3288 1012 3341 morbi
1035 3288 1285 3357 speciem,
1323 3297 1369 3340 et
1399 3288 1536 3358 quod
1573 3289 1720 3342 nervi
1749 3289 1918 3343 eidem

337 3381 557 3432 horrore
610 3388 990 3451 torpescerent,
1024 3380 1244 3451 ipsemet
1271 3380 1325 3433 in
1354 3380 1546 3435 divinis
1587 3380 1736 3434 libris
1770 3398 1918 3435 asse-

336 3472 429 3523 rit.
480 3470 584 3525 Sed
616 3489 704 3526 eos
740 3472 1060 3526 diurnorum
1111 3481 1352 3526 actorum
1400 3472 1562 3528 libros
1622 3475 1918 3543 scripturus

334 3566 431 3619 sibi
474 3565 759 3636 quemdam
787 3582 1081 3619 sermonem
1126 3565 1362 3637 applicat
1414 3576 1463 3620 et
1513 3567 1917 3633 accommodat;

338 3659 420 3713 Ine
457 3674 615 3730 porro
650 3658 1001 3728 ephemerides
1052 3658 1201 3713 bona?
1250 3669 1408 3730 atque
1449 3659 1605 3714 utiles
1637 3671 1760 3714 sunt
1804 3676 1920 3713 ma-

338 3752 519 3822 gistra:
546 3752 672 3804 bene
703 3749 997 3804 disserendi
1028 3754 1091 3804 de
1127 3750 1360 3820 qualibet
1389 3767 1463 3806 re.
1500 3750 1613 3805 lloc
1644 3752 1830 3821 utique
1860 3753 1917 3807 in

336 3841 463 3895 loco
494 3855 708 3904 omnes,
730 3842 786 3894 in
814 3857 1052 3910 quorum
1092 3842 1306 3896 viribus
1333 3842 1500 3895 situm
1534 3851 1616 3896 est
1646 3843 1915 3908 scribere,

338 3934 666 3990 cohortatur
712 3931 1000 4003 Synesius,
1037 3949 1106 3988 ne
1160 3933 1363 4003 lingua:
1402 3949 1466 3987 ac
1507 3935 1633 4005 styli
1668 3934 1915 3988 laborem

341 4034 665 4102 impendant
715 4031 772 4085 in
825 4031 931 4086 alia
965 4032 1203 4085 absurda
1246 4030 1497 4099 quaedam
1543 4039 1863 4099 argumenta
1899 4070 1915 4094 ,

339 4144 535 4180 verum
569 4124 1026 4181 exercitationem
1052 4140 1114 4180 ac
1145 4126 1424 4192 specimen
1457 4123 1752 4178 adhibeant
1773 4125 1917 4178 circa

340 4236 402 4274 ea
439 4235 562 4289 qua:
612 4219 757 4273 inter
812 4216 1200 4271 somniandum
1253 4216 1537 4277 videntur.
1596 4231 1659 4268 ac
1716 4215 1918 4270 talibus

320 4291 570 4365 .utantur
612 4326 713 4379 pro
766 4309 982 4363 diurnis
1030 4310 1466 4364 commentariis.
1508 4309 1751 4363 Meminit
1779 4323 1917 4378 quo-

341 4420 449 4473 que
481 4404 696 4465 talium,
730 4402 911 4471 qualia
944 4401 1204 4456 videlicet
1229 4409 1626 4456 commemorat
1652 4398 1917 4454 Lemnius

2114 525 2168 578 Ἀ
2178 524 2550 595 νεννοήτοις.
2586 528 2641 580 Ἀ
2650 528 2879 595 μαθέσιν
2907 526 3242 597 ἀνθρώποις.

2108 614 2170 669 Ἡ
2198 614 2288 670 δέ.
2326 617 2388 670 Ἡ
2420 620 2714 685 φαντασία.

2102 704 2224 759 Σὺν
2265 706 2485 773 χρόνῳ.
2530 706 2596 758 Ἥ
2642 706 2699 759 δὲ
2743 706 3048 774 φαντασία,
3103 707 3303 777 φησὶν,
3355 709 3601 779 ἀχρόνως

2026 797 2200 850 ταῦτα
2231 799 2470 868 φέρουσα
2501 798 2804 861 δείκνυσιν,
2837 800 2935 870 οὐχ
2967 801 3041 862 ὡς
3071 800 3191 870 εἴδη
3223 801 3424 869 πολλὰ,
3453 802 3601 857 τοῦτ’

2026 890 2173 943 ἔστιν
2220 889 2296 954 ὡς
2348 890 2623 945 ποικιλίαν
2677 891 2911 962 ἔχοντα,
2962 893 3223 964 ἁλλ’ἆμα
3276 896 3458 952 πάντα
3510 880 3642 951 καὶ⁸

2029 980 2102 1043 ὠς
2135 981 2213 1033 ἐν.
3330 1024 3333 1027 ,

2097 1072 2202 1127 Kal
2231 1073 2513 1143 ὀρέγοιτο.
2545 1075 2773 1130 Δίδωσιν
2802 1076 2941 1149 αὐτῇ
2972 1081 3038 1149 τῇ
3072 1080 3368 1151 φαντασίᾳ.

2112 1166 2454 1223 Ἐνύπνιον.
2493 1170 2551 1223 Ὀ
2580 1169 2809 1239 ὄνειρος.

2102 1260 2371 1329 Οιόμεθα.
2401 1262 2811 1332 Φανταζόμεθα.

2099 1351 2290 1405 "Astur
2316 1352 2350 1406 ὅ
2377 1371 2431 1406 τι
2462 1353 2558 1410 ἄν.
2587 1355 2837 1407 Δείκνυσι
2871 1356 2978 1426 γὰρ
3012 1358 3272 1422 πολλάκις
3304 1358 3535 1414 πλοῦτον
3563 1360 3598 1432 ἦ

2027 1442 2204 1510 δόξαν,
2244 1445 2275 1515 ἥ
2314 1449 2552 1513 γυναῖκα
2591 1448 2799 1516 εὐειδῆ.
2839 1449 3211 1519 δοκιμάζουσα
3251 1453 3414 1505 οἱονεὶ
3453 1454 3603 1517 ὅπως

2026 1534 2137 1604 ἔχει
2161 1537 2385 1605 γνώμης
2413 1538 2508 1590 καὶ
2530 1540 2904 1607 προσπαοεέας
2929 1540 3159 1604 ἕκαστος
3183 1548 3310 1614 περὶ
3328 1544 3396 1597 τὰ
3419 1543 3600 1598 ὑλικά.

2097 1630 2417 1694 Βούληται.
2455 1629 2518 1682 'll
2552 1633 2844 1697 φαντασία.

2104 1721 2506 1789 Τελειοτάτης.
2553 1722 2913 1794 Ἰἐλειοτατην
2964 1727 3265 1798 ῥητορικὴν
3309 1728 3456 1796 λέγει
3501 1729 3603 1796 τὴν

2019 1810 2253 1882 ἀρχαίαν
2303 1814 2671 1884 Σοφιστικὴν,
2721 1815 2787 1887 ἢν
2841 1818 3142 1888 ῥητορικὴν
3196 1820 3601 1890 φιλοσοφσῦσαν

2015 1904 2375 1972 Φιλόστρατος
2403 1910 2431 1960 ὁ
2459 1908 2703 1977 Λήμνιος
2730 1908 2885 1961 καλεῖ
2913 1911 2972 1961 ὲν
2997 1912 3108 1973 τοῖς
3141 1910 3277 1980 βίοις
3302 1913 3413 1965 τῶν
3440 1914 3602 1981 Σοφι-

2018 1996 2179 2050 στῶν.
2210 1996 2551 2067 Διαλέγεται
2578 1999 2694 2068 μὲν
2724 2001 2855 2069 γὰρ,
2886 2002 3103 2070 φησιν,
3138 2006 3171 2057 ό
3202 2005 3460 2070 παλαιὸς
3492 2008 3602 2060 Σο-

2015 2086 2240 2155 φιστὴς
2264 2088 2417 2156 ὑπὲρ
2442 2083 2530 2142 ὧν
2553 2093 2607 2143 οι
2633 2091 3116 2160 φιλοσοφοῦντες
3143 2097 3287 2161 μετὰ
3313 2097 3601 2163 πεποιθή-

2014 2196 2191 2243 σεως,
2219 2181 2299 2245 ὡς
2324 2180 2495 2247 εἰδώς
2523 2198 2538 2214 ο
2568 2184 2847 2250 προοίμια
2876 2183 2945 2238 δὲ
2974 2185 3227 2239 ποιεῖται
3257 2186 3375 2240 τῶν
3398 2190 3601 2255 λόγων

2016 2274 2103 2336 τιλ,
2152 2291 2171 2323 ι
2221 2269 2365 2325 οἴδα
2405 2272 2504 2325 καὶ
2550 2273 2618 2326 τὸ
2659 2276 2953 2342 γινώσκω,
2998 2277 3097 2329 καὶ
3141 2278 3206 2330 τὸ
3251 2278 3439 2333 πάλαι
3479 2279 3601 2335 διέ-

2013 2380 2304 2432 σκεμμαι,
2350 2364 2448 2418 καὶ
2491 2366 2744 2430 βέϐαιον
2784 2367 3078 2436 ἀνθρώπῳ
3119 2370 3320 2426 οὐδέν.
3371 2391 3391 2423 ι
3433 2373 3498 2425 Ἡ
3538 2374 3598 2426 δὲ

1996 2457 2239 2528 τοιαύτη
2290 2458 2402 2511 ἰδέα
2438 2458 2549 2511 τῶν
2589 2461 2896 2530 προοιμίων
2939 2464 3222 2529 εὐγένειάν
3260 2481 3319 2516 τε
3362 2468 3601 2536 προηχεῖ

2012 2548 2122 2599 τῶν
2155 2548 2330 2616 λόγων
2350 2588 2365 2612 ,
2400 2552 2494 2601 καὶ
2530 2553 2822 2621 φρόνημα,
2857 2557 2951 2605 καὶ
2986 2554 3296 2624 κατάληψιν
3327 2559 3472 2625 σαφῆ
3501 2557 3597 2609 τοῦ

2014 2638 2187 2700 ὄντος.
2220 2641 2404 2693 Ἐοικε
2433 2640 2489 2693 δὲ
2516 2645 2581 2713 τῇ
2612 2642 2963 2711 θεσπεσιῳδῷ
2988 2661 3045 2697 τε
3078 2647 3167 2698 καὶ
3194 2648 3598 2719 χρηστηριὼδει

2019 2736 2277 2803 μαντικῇ.
2308 2735 2415 2786 Καὶ
2442 2736 2551 2804 γὰρ
2580 2735 2644 2806 δὴ
2674 2737 2764 2788 καὶ
2795 2740 2822 2789 ὁ
2850 2738 3053 2800 Πύθιος
3079 2739 3250 2801 οὕτως
3274 2741 3341 2792 τὰ
3368 2741 3599 2794 πλεῖστα

2015 2826 2399 2892 ἀποφαίνεται,
2439 2827 2634 2895 λέγων,
2680 2823 2826 2881 Οἶδα
2862 2828 2917 2881 δ’
2944 2828 3059 2897 ἐγὼ
3100 2830 3346 2899 ψάμμου
3385 2830 3435 2884 τ’
3463 2832 3596 2899 ἀρι-

2014 2918 2186 2986 θμὸν,
2229 2919 2326 2973 καὶ
2358 2919 2547 2989 μέτρα
2584 2920 2907 2989 θαλάσσης
2930 2936 2944 2950 ·
2986 2923 3115 2989 καὶ,
3162 2923 3363 2992 Τεῖχος
3402 2941 3598 2991 τριτο-

2094 3087 2200 3154 Qui
2232 3086 2368 3142 nihil
2395 3089 2540 3159 apud
2582 3106 2638 3144 se
2661 3088 2836 3145 simile
2859 3093 3164 3162 cogitarint.
3198 3091 3474 3165 imperitis
3499 3095 3603 3151 bo-

2025 3181 2286 3237 minibus.
2873 3249 2879 3254 ν

2092 3275 2224 3329 Cum
2255 3286 2513 3345 tempore.
2543 3276 2615 3331 At
2641 3277 2952 3348 phantasia,
2988 3279 3188 3349 inquit,
3221 3281 3318 3336 ista
3340 3284 3600 3341 adferens

2021 3352 2159 3421 citra
2217 3384 2436 3421 omnem
2477 3371 2741 3439 temporis
2776 3386 3092 3425 mensuram
3143 3375 3386 3429 ostendit
3418 3417 3433 3437 ,
3484 3392 3596 3432 non

2024 3469 2282 3526 tanquam
2316 3462 2516 3514 multas
2539 3462 2774 3530 species,
2809 3463 2914 3518 hoc
2939 3472 3043 3529 est,
3088 3466 3237 3519 velut
3281 3468 3594 3524 distinctam

2025 3551 2291 3604 habentes
2330 3554 2671 3617 varietatem,
2708 3554 2802 3608 sed
2833 3570 3024 3609 omnes
3050 3555 3218 3608 simul
3247 3566 3306 3609 ut
3335 3541 3524 3613 uuam.

2094 3650 2266 3715 Atque
2291 3645 2537 3715 porrigit.
2569 3644 2670 3715 Ipsi
2702 3647 3004 3715 phantasia:
3034 3646 3283 3718 largitur.

2093 3735 2397 3804 Suspicione
2431 3736 2695 3790 ducimur.
2722 3736 3115 3805 lmaginamur.

2095 3832 2167 3883 lto
2218 3846 2531 3899 quacunque
2586 3846 2643 3883 re
2702 3831 2948 3885 voluerit.
3012 3832 3150 3887 Nam
3207 3848 3594 3903 smpcnumero

2022 3923 2265 3978 ostendit
2298 3923 2519 3983 divitias
2547 3963 2562 3986 ,
2615 3924 2877 3993 gloriam,
2914 3935 3008 3978 aut
3054 3926 3339 3981 inulierem
3387 3929 3601 3997 specio-

2020 4029 2159 4077 sam,
2190 4015 2262 4067 ita
2293 4015 2543 4067 indicans
2567 4024 2731 4083 prout
2762 4018 3161 4087 unusquisque,
3198 4022 3373 4089 quoad
3405 4023 3598 4078 volun-

2020 4118 2194 4163 tatem
2248 4118 2304 4161 et
2359 4110 2709 4163 immodicam
2758 4111 3144 4176 alleutionem,
3196 4114 3469 4172 anitnatus
3513 4126 3600 4173 est

2021 4205 2169 4260 circa
2205 4221 2291 4258 res
2324 4204 2659 4258 materiales.

2109 4296 2359 4351 Volucrit.
2398 4296 2715 4351 Phantasia.

2094 4392 2533 4445 Absolutissiiitw.
2581 4390 3042 4445 Pcrfectissimam
3081 4391 3217 4447 dicit
3268 4393 3598 4449 rhetoricam

346 4495 717 4549 Philostratus
746 4495 814 4547 de
836 4493 1078 4548 Aristide
1124 4504 1366 4554 oratore,
1400 4492 1703 4546 alacriores
1730 4508 1913 4563 prom-

2022 4485 2304 4553 antiquam
2339 4490 2639 4553 captiosum
2674 4493 2730 4537 et
2768 4484 3160 4537 cavillatricem
3217 4485 3596 4552 Sophistarum

346 4591 662 4655 ptimesque
692 4585 783 4637 tali
828 4584 1147 4638 testimonio
1178 4583 1414 4637 reddens
1443 4583 1745 4637 auditores.

420 4680 499 4732 All
530 4679 839 4731 elocutionis
869 4685 1268 4748 argumentum.
1309 4676 1391 4729 Ad
1442 4676 1623 4743 polita:
1652 4675 1922 4729 orationis

344 4772 683 4830 facultatem,
717 4769 1010 4823 historiam
1046 4767 1384 4835 solitumque
1414 4782 1751 4822 sermonem.

416 4864 547 4917 Cum
589 4871 811 4915 natura.
858 4861 1073 4914 Etenim
1105 4860 1345 4914 naturali
1377 4873 1546 4913 succo
1577 4875 1606 4914 a
1643 4860 1805 4915 melle
1834 4877 1921 4916 se-

343 4956 531 5027 juncta
569 4972 632 5008 ne
669 4966 924 5023 separata
976 4963 1063 5008 est
1091 4952 1439 5016 anmritudo,
1503 4952 1666 5006 sicuti
1725 4961 1920 5007 natura

349 5050 585 5104 dulcedo
614 5049 761 5101 melli
790 5050 954 5100 inest.
978 5047 1132 5113 Quod
1172 5046 1215 5099 si
1252 5047 1376 5115 quis
1398 5054 1591 5099 cernat
1614 5046 1664 5097 in
1693 5044 1923 5100 somniis

347 5156 405 5195 se
435 5140 877 5199 melcomedere,
913 5138 1091 5191 dolori
1141 5146 1197 5192 ct
1251 5135 1606 5190 auraritudini
1655 5136 1923 5189 acerbita-

355 5236 505 5302 ti..uc
533 5235 759 5303 insuper
792 5234 885 5287 liet
909 5232 1108 5286 obvius
1133 5247 1147 5284 :
1176 5239 1234 5283 et
1260 5236 1473 5293 contra,
1503 5225 1548 5281 si
1584 5226 1708 5296 quis
1734 5225 1922 5280 absin-

354 5328 553 5379 thium.

422 5417 696 5472 Oratione.
728 5415 1046 5470 Secundum
1079 5411 1526 5483 imaginationem
1574 5407 1763 5463 rudem
1808 5423 1927 5461 om-

354 5509 520 5577 nique
562 5508 899 5579 experientia
931 5516 1235 5562 carentem.

424 5605 646 5672 fingat.
679 5604 880 5654 Doceat
910 5598 1054 5667 quod
1088 5596 1316 5666 prodite
1345 5609 1443 5649 sua
1474 5593 1783 5664 phantasia.

428 5694 509 5747 lix
546 5705 763 5747 natura.
796 5692 862 5747 Ut
893 5707 923 5745 c
952 5691 1110 5745 melle
1133 5690 1392 5744 dulcedo.

434 5784 775 5840 Nullatenus.
818 5782 1103 5840 Acerbitas
1131 5792 1188 5838 ct
1215 5779 1545 5835 amaritudo.

2025 4587 2222 4639 artem,
2244 4592 2406 4645 quam
2435 4575 2763 4629 rhetoricem
2791 4576 3271 4644 philosophantem
3301 4577 3605 4632 Philostra-

2024 4678 2112 4723 tus
2158 4668 2423 4721 Lemnius
2456 4668 2689 4722 vocatin
2746 4667 3133 4735 SOphistarum
3182 4669 3311 4721 vita.
3348 4668 3599 4739 Disputat

2024 4764 2187 4827 enim,
2220 4762 2418 4831 inquit,
2454 4763 2655 4830 priscus
2687 4762 2919 4829 scpliista
2954 4762 3032 4814 Itis
3062 4761 3124 4813 de
3154 4762 3302 4814 rebus
3333 4764 3388 4815 in
3417 4764 3603 4829 quibus

2024 4862 2357 4921 occupantur
2384 4854 2420 4906 ii
2442 4853 2531 4923 qui
2565 4851 2908 4921 philosophia:
2939 4852 3430 4920 studioindulgent,
3478 4870 3602 4910 cum

2026 4949 2193 5001 animi
2234 4946 2463 5014 ﬁducia,
2495 4945 2653 4998 sicuti
2683 4946 2904 5016 peritus.
2943 4943 3261 4999 Orntionum
3305 4963 3427 4999 vero
3465 4963 3605 5017 prae.

2028 5044 2134 5097 mia
2173 5041 2301 5109 facit
2332 5056 2349 5094 :
2381 5060 2399 5092 ι
2440 5040 2547 5094 Hoc
2571 5042 2701 5103 scio,
2733 5049 2783 5094 et
2811 5078 2826 5100 .
2877 5039 3012 5093 illud
3044 5043 3183 5103 novi,
3221 5042 3361 5095 istud
3396 5044 3603 5112 pridem

2027 5133 2385 5196 consideravi,
2414 5140 2486 5194 et,
2521 5130 2654 5186 nihl
2686 5132 2889 5185 homini
2917 5132 3105 5185 stabile
3135 5149 3197 5185 ac
3220 5142 3420 5188 certum
3451 5143 3547 5189 est.
3575 5153 3597 5187 ι

2028 5223 2179 5279 Talis
2210 5224 2568 5279 exordiorum
2620 5224 2835 5293 species
2886 5231 2944 5276 et
2977 5224 3275 5277 verborum
3321 5227 3605 5294 generosi-

2027 5324 2195 5371 tatem
2227 5332 2485 5372 resonare
2512 5316 2664 5380 facit,
2695 5324 2752 5372 et
2778 5316 3140 5382 intellectum,
3167 5315 3388 5386 vimque
3407 5318 3600 5383 animi,

2028 5424 2093 5463 ac
2150 5409 2448 5463 dilucidam
2510 5410 2587 5463 rei
2648 5409 3204 5477 comprehensionem
3236 5419 3293 5465 et
3327 5411 3605 5466 inventio.

2030 5515 2180 5556 nem.
2218 5501 2422 5556 Adhtec
2454 5501 2654 5555 similis
2679 5511 2764 5557 est
2792 5499 3029 5554 fatidica:
3066 5509 3121 5555 et
3146 5502 3199 5555 in
3229 5503 3605 5571 exprimendis

2029 5593 2270 5648 oraculis
2298 5596 2489 5662 peritae
2518 5595 2870 5649 divinationi.
2906 5594 3123 5649 Etenim
3158 5594 3385 5666 Pythius
3409 5595 3603 5666 Apollo

2031 5684 2305 5755 permulta
2335 5687 2409 5738 ita
2449 5702 2512 5739 ex
2525 5688 2733 5754 primit.

2037 5778 2340 5832 Mensuram
2380 5776 2554 5848 pelagi
2581 5788 2753 5847 tenco,
2786 5797 3031 5835 numeros
3058 5788 3107 5835 et
3134 5795 3332 5834 arente.
