4068 6204
408 298 516 361 63')

1615 301 2033 363 NICEI’HORI
2075 303 2469 367 GREGORAE

3553 310 3671 374 (.38‘

406 406 571 474 γενεῖ
594 406 846 469 ξύλινον
867 407 1025 462 διδοῖ
1048 410 1313 477 εὐρύοπα
1343 409 1515 474 Ζεύς.
1545 410 1825 478 Διελέγειτο
1855 413 1980 480 μέν·
2009 416 2053 470 Α
2084 428 2220 474 eam;
2250 408 2342 465 καὶ
2374 412 2602 479 ἐννοίας,
2622 412 2717 465 καὶ
2744 411 3051 483 δηλούντων
3081 416 3326 485 ὲναργώς
3355 418 3447 471 τὸν
3481 418 3658 485 ἐγκείο

405 517 487 551 ’τοι
527 502 557 569 ή
599 501 805 569 ἀρχαία
843 505 1131 573 σοφιστικὴ
1168 504 1296 575 περὶ
1330 505 1430 574 τῆς
1467 504 1713 576 ἀνδρίας,
1751 504 1881 574 περί
1916 521 1975 556 τε

404 589 776 662 δικαιοσύνης,
803 595 1000 663 ἡρώων
1028 612 1089 647 τε
1118 598 1245 666 πέρι
1275 599 1370 649 καὶ
1398 596 1558 663 θεῶν,
1586 597 1679 650 καὶ
1705 596 1814 666 ὅπη
1841 596 1975 649 ἀπε-

411 688 782 753 σχημάτισται
812 690 844 757 ἠ
881 688 991 740 ἰδέα
1018 689 1111 741 τοῦ
1146 689 1377 758 κόσμου.

484 777 884 845 Τελειοτὰτης.
922 778 1115 831 Εῖτουν
1178 779 1496 849 φιλοσοφίαν
1526 780 1605 847 ,ἐξ
1656 779 1812 842 ἔθους
1840 796 1977 850 χρη·

410 866 537 919 στοῦ
573 868 946 940 συλλεγείσης,
982 872 1068 924 οἶα
1100 868 1169 943 ἦν
1198 874 1427 943 ἀρχαία.

477 960 959 1017 Νεανισκεύεται.
997 965 1068 1017 Ἢ
1102 965 1177 1028 ὡς
1206 966 1436 1037 δοκιμὴν
1472 966 1752 1024 eratsimul

480 1049 861 1119 Ἐνδιδοῦιτα.
891 1053 1257 1124 Παρεξιοῦσα.

482 1139 597 1195 Τοῦ
631 1142 886 1199 οἴεσθαι.
920 1147 1108 1200 Οῖεται
1136 1148 1246 1218 γάρ
1279 1165 1363 1212 τις
1387 1149 1516 1219 περὶ
1539 1147 1736 1202 ἑαυτοῦ
1769 1147 1981 1217 μεγάλα

408 1232 546 1298 ’πρὸς
576 1233 820 1304 ἀρετήν’
855 1235 1045 1290 ἔπειτα
1078 1238 1211 1309 ὄναρ
1253 1239 1374 1292 ἰδὼν
1426 1240 1494 1292 τὰ
1554 1243 1664 1303 τοῖς
1713 1238 1983 1309 ὲμπαθέσι

410 1325 744 1395 φιλούμενα,
781 1329 980 1399 κέχηνε
1033 1331 1130 1382 καὶ
1178 1331 1342 1393 αὐτὸς
1399 1332 1496 1401 οὐχ
1543 1326 1704 1403 ἦττον
1735 1332 1981 1385 ἐκείνων.

413 1417 743 1487 ΙΙειρωμένη
784 1421 916 1487 γοῦν
959 1422 991 1490 ἡ
1031 1424 1305 1489 φαντασία
1335 1425 1428 1477 καὶ
1458 1425 1852 1493 δοκιμάζουσα,
1890 1424 1986 1475 καὶ

409 1511 819 1580 παραχωροῦσά
867 1530 919 1566 τι
973 1514 1139 1569 πλέον
1189 1518 1289 1586 τῆς
1340 1517 1602 1586 οἰήσεως,
1666 1515 1986 1583 ὑπολήψεως

415 1596 482 1670 ἧς
511 1602 626 1670 ἔχει
653 1620 735 1667 τις
765 1610 891 1675 περὶ
919 1608 1114 1660 ἑαυτοῦ
1132 1647 1146 1671 ,
1176 1608 1523 1661 ἀποδείκνυσι
1551 1607 1641 1658 τὸν
1671 1607 1982 1676 ἄνθρωπον,

314 1700 315 1703 “
412 1691 495 1744 ὅτι
539 1694 638 1746 οὐκ
682 1696 911 1761 ἀπαθῶς
952 1699 1223 1752 διάκειται
1267 1698 1398 1766 περὶ
1432 1699 1500 1750 τὸ.
1544 1698 1812 1766 θεάματα,
1852 1698 1988 1752 ἀλλά

414 1780 447 1851 ῆ
482 1784 717 1852 ἰσχυρῶς
749 1788 1234 1855 συγκατατίθεται,
1263 1788 1296 1857 ἢ
1330 1786 1563 1857 ίσχυρῶς
1594 1788 1988 1856 ἀποκρούεται.

411 1872 487 1936 ὡς
519 1874 744 1940 ἕκαστος
782 1879 941 1947 ἔτυχε
972 1879 1064 1936 τὸν
1097 1879 1359 1951 λογισμὸν
1389 1880 1634 1951 ἀσχολῶν
1671 1880 1989 1951 μεθημέραν

413 1982 480 2018 πε
489 1968 543 2036 pi
571 1968 637 2022 τά
672 1971 995 2042 πράγματα.

487 2060 752 2118 Οῖεσθαι.
779 2065 887 2133 Τῆς
922 2066 1268 2137 ὑπολήψεως.

486 2154 933 2220 Προσπάθειαν.
961 2159 1204 2230 Σχέσεις.

486 2244 617 2305 Ρλο.
649 2247 773 2303 154.
812 2249 1328 2322 ’Δποστυγοῦμενκ
1369 2254 1670 2325 Μισοῢμεν.

491 2344 615 2411 Οὐχ
647 2342 891 2410 ἣκιστα.
922 2345 991 2397 Ἣ
1028 2344 1103 2408 ὼς
1137 2345 1393 2417 ἰσχυρῶς.

494 2432 540 2485 Κ
545 2434 934 2490 αθεύὸουσιν.
981 2434 1041 2489 'H
1051 2439 1165 2504 μίν.

487 2525 976 2594 Μειλιχιώτατον.
1010 2528 1476 2604 Εὐφραντότερον.

504 2620 1114 2690 Ἐναπομόργνυσθαι.
1150 2623 1560 2694 Ἐναπομένειν.

502 2710 684 2777 ’Υπὲρ
718 2710 892 2777 ζωήν.
929 2713 1040 2780 Τὴν
1072 2717 1475 2787 καθημερινὴν.

495 2798 560 2853 El
602 2799 680 2870 δή
733 2817 823 2866 τις
851 2804 1048 2870 μέλοι.
1104 2804 1165 2857 Ei
1211 2804 1304 2858 οὖν
1341 2807 1586 2877 βούλοιτό
1639 2826 1760 2875 τις,
1805 2828 1990 2882 φησιν,

420 2894 713 2963 ἐγγράφως
743 2896 1105 2965 σημειοῦσθαι
1136 2900 1261 2962 τοὺς
1289 2901 1551 2972 ὀνείρους,
1577 2903 1780 2973 ὀφείλει
1817 2923 1996 2959 συντι-

421 2986 576 3039 θέναι
619 2988 841 3050 τούτους
872 2987 940 3039 δι’
963 2987 1245 3059 ὀνομάτων
1291 2994 1385 3046 καὶ
1430 2995 1730 3064 ῥημάτων
1770 2996 1871 3049 εἶτ’
1899 2994 1994 3051 οὖν

2083 519 2245 571 μενον
2276 503 2426 557 νοῦν·
2461 505 2509 556 εί
2538 503 2596 557 δὲ
2634 505 2730 574 μὴ,
2765 506 2959 574 νεκρὸν
2991 507 3057 559 ἂν
3088 507 3175 577 εἴη
3210 508 3304 561 καὶ
3338 509 3568 577 ἀνόητον
3595 513 3657 563 τὸ

2081 592 2427 662 σπούδασμα,
2452 593 2527 665 μὴ
2550 584 2855 665 δυνάμενον
2882 597 3113 665 ἀγαγεῖν
3142 598 3237 653 τὸν
3268 599 3657 668 διδασκόμενον

2079 684 2359 755 ἀκροατὴν
2394 688 2453 739 ὲν
2496 690 2562 757 τῇ
2608 688 2746 760 αὐτῇ
2788 690 3093 761 νοήσεικώ⁸
3137 690 3429 760 ὑπολήψει,
3465 694 3656 745 ὀποίαν

2082 774 2177 828 καὶ
2201 776 2364 839 αὑτὸς
2396 778 2525 848 ἔσχε
2557 780 2650 832 καὶ
2674 779 2789 850 ἔχει
2814 781 2843 833 ὀ
2872 783 3101 850 γράφων
3134 783 3230 835 καὶ
3259 782 3545 838 διδάσκων.

2156 868 2420 937 Ἀψυχα.
2461 871 2692 941 ’Δνὸητα
2733 870 2827 926 καὶ
2865 874 3058 944 νεκρά.

2166 961 2334 1017 Ἀλλ’
2354 964 2516 1019 ὅτου.
2544 966 2617 1019 Ἦ
2644 965 2719 1031 ὡς
2746 966 2907 1021 ἕνεκα
2928 968 3025 1021 τοῦ
3049 967 3321 1022 διδάσκειν
3343 967 3435 1022 τὸν
3457 969 3658 1037 ἀκροα-

2082 1051 2184 1124 τὴν
2219 1054 2348 1125 περὶ
2374 1054 2622 1125 ὀνείρων.

2167 1144 2273 1200 Ἐν
2296 1146 2520 1212 ταυτῷ.
2543 1149 2724 1217 Λέγω.

2154 1237 2356 1292 Ιιάθει.
2391 1239 2663 1293 Διαθέσει.

2154 1331 2557 1400 Κινουμένων.
2605 1333 2895 1406 Ἐμψύχων
2921 1376 2937 1400 ,
2988 1336 3237 1400 ζώντων,
3282 1337 3529 1405 φανερῶς
3566 1335 3661 1404 δη·

2085 1422 2319 1476 λούντων
2343 1425 2434 1477 τὸν
2460 1427 2780 1495 ἐγκείμενον
2806 1427 2953 1483 νοῦν.

2157 1516 2330 1586 Νικᾷ.
2368 1520 2456 1571 Ἐν
2490 1522 2744 1591 ὀνείροις.

2160 1612 2341 1678 Χωρεῖ
2369 1612 2589 1666 πάντα.
2621 1615 2806 1668 Πάντα
2837 1614 3035 1680 ταῦτα,
3071 1620 3256 1685 φησιν,
3288 1615 3525 1673 εὐκόλως
3560 1614 3661 1682 μὲν

2089 1703 2122 1770 ἡ
2162 1705 2439 1771 φαντασία
2477 1708 2648 1775 χωρεί
2685 1708 2781 1759 καὶ
2822 1707 3064 1761 διδάσκει
3096 1710 3187 1759 τὸν
3224 1706 3588 1761 καθεύδοντα’
3626 1717 3659 1771 η

2089 1795 2146 1846 δὲ
2198 1794 2340 1859 λέξις
2366 1797 2641 1862 δυσκόλως
2682 1800 2749 1853 ἂν
2784 1800 3111 1870 χωρήσειεν,
3146 1798 3285 1852 ὥστε
3328 1796 3533 1860 διδάξαι
3569 1797 3661 1847 τὸν

2091 1887 2385 1958 ἀκουστήν.

2160 1977 2294 2045 Πῶς
2326 1980 2381 2033 δ’
2405 1980 2505 2033 ἄν.
2531 1981 2598 2035 Ἥ
2635 1982 2708 2045 ὡς
2742 1982 2803 2035 οὑ
2843 1983 3061 2054 ῥᾳδίως.

2167 2072 2375 2140 Ὀναρ.
2414 2072 2750 2142 Ἐπὶρῤημα,
2782 2075 2815 2142 ἢ
2850 2077 2922 2138 ὡς
2949 2074 3070 2127 καθ’
3097 2073 3321 2135 ὑπνους.

2167 2163 2355 2230 Ὄναρ
2384 2163 2517 2232 ὁρᾷ.
2547 2165 2779 2234 Ὄνομα,
2813 2167 2845 2236 ἢ
2875 2165 2949 2228 ὼς
2979 2167 3209 2236 δνειρον.

2163 2254 2479 2321 Διανέστη.
2513 2256 2634 2311 Ἔτι
2663 2257 2963 2316 καθεύδων.

2167 2346 2233 2398 Οἱ
2256 2344 2374 2414 μὲν
2405 2340 2537 2400 οὖν.
2576 2345 2820 2411 Ἀλωέως
2851 2349 2946 2401 καὶ
2979 2348 3309 2418 Ἰφιμεδείας
3334 2347 3519 2411 παῖδες
3548 2348 3666 2413 ὲγέ-

2095 2454 2249 2491 νοντο
2294 2436 2407 2502 δύο,
2446 2432 2608 2501 Ὦτος
2664 2440 2762 2494 καὶ
2802 2440 3123 2511 Ἐφιάλτης,
3150 2440 3199 2493 οἳ
3228 2440 3293 2509 δὴ
3322 2439 3421 2510 τὴν
3451 2439 3667 2510 ἠλικίαν

2095 2528 2500 2601 ὑπερμεγέθεις
2552 2533 2649 2586 καὶ
2695 2531 2795 2603 τὴν
2832 2534 2927 2586 τοῦ
2970 2532 3220 2602 σώματος
3244 2534 3437 2602 ῥώμην
3466 2532 3667 2584 ἀνυπό-

2024 2644 2027 2649 ·
2097 2640 2286 2676 στατοι
2335 2624 2622 2693 γενόμενοι
2657 2624 2750 2677 καὶ
2795 2624 3225 2694 ἀνυπέρϐλητοι,
3261 2623 3506 2677 ἔπαυσαν
3538 2624 3669 2684 τοὺς

2098 2714 2509 2786 πλησιοχώρους
2539 2712 2843 2785 πολέμουςθ
2868 2717 2960 2769 καὶ
2993 2714 3080 2768 διὰ
3108 2713 3261 2768 τοῦτο
3288 2713 3670 2784 ὲμυθεύθησαν

2095 2807 2178 2860 ὃτι
2231 2806 2320 2861 τὸν
2358 2807 2530 2879 ’Δρεα
2557 2807 2783 2877 ἔδησανο
2818 2805 3149 2877 μυθεύονται
3171 2806 3218 2861 δ’
3248 2807 3332 2859 ὅτι
3386 2807 3481 2860 καὶ
3506 2806 3681 2858 πλέον.

2095 2902 2195 2969 τῆς
2225 2898 2574 2970 ἀνθρωπίνης
2603 2900 2977 2971 φρονήσαντες
3009 2899 3223 2967 φύσεως
3242 2941 3256 2964 ,
3289 2899 3669 2968 ἠϐουλήθησαν

2097 2987 2363 3057 ἀναϐῆναι
2403 2987 2541 3058 πρὸς
2580 2988 2843 3059 οὐρανῶν
2879 2990 2961 3043 διὸ
3003 2992 3106 3059 ὅρη
3145 2990 3326 3059 ὄρεσιν
3365 2989 3670 3055 ὲπετίθουν,

422 3076 624 3142 λέξεων
649 3077 890 3148 δριμέως
922 3078 1248 3151 ἁπτομένων
1270 3082 1370 3154 τῆς
1398 3084 1768 3156 ὑποκειμένης
1796 3088 2065 3157 ὑποοέ-ς,
2101 3080 2375 3151 Παρνασῷ
2404 3081 2504 3152 μὲν
2530 3081 2630 3152 τὴν
2663 3083 2901 3137 Ὄσσαν*
2934 3084 3109 3155 Ὄσσῃ
3144 3083 3201 3137 δὲ
3228 3084 3290 3137 τὸ
3320 3083 3542 3153 Πήλιον,
3574 3086 3675 3135 καὶ
3720 3126 3739 3135 -

495 3249 582 3314 Ει,

581 3345 793 3414 Jupiter
825 3362 890 3400 ea:
920 3346 1062 3417 ligno
1095 3348 1262 3402 muris
1300 3347 1572 3405 Tritonida
1603 3353 1787 3407 donat.

429 3437 744 3493 Disserebat
767 3437 1005 3508 quidem“
1047 3446 1210 3494 vetus
1259 3440 1640 3509 Sophistarnm
1692 3444 1886 3513 peritia
1931 3444 1998 3498 de

429 3529 728 3593 tortudine,
763 3527 831 3582 de
860 3528 1095 3598 iustitia,
1114 3528 1182 3583 de
1202 3529 1309 3585 diis
1333 3540 1384 3584 et
1407 3530 1688 3594 heroibus.
1714 3542 1769 3586 et
1800 3550 1994 3602 quem-

429 3622 725 3677 admodum
791 3621 1091 3693 composita
1126 3622 1467 3693 ﬁgurataque
1524 3634 1607 3679 est
1640 3626 1828 3680 mundi
1870 3643 1995 3697 spe~

428 3718 564 3770 cies.

499 3808 934 3864 Absolutissima’.
958 3808 1168 3878 Quippe
1207 3825 1329 3879 qua:
1364 3810 1710 3881 philosophia
1752 3813 1998 3883 quaedam

405 3885 500 3955 'sit
528 3916 594 3955 ex
622 3899 846 3970 Optimis
889 3901 1135 3956 moribus
1165 3901 1442 3971 decerpta,
1475 3904 1654 3973 qualis
1674 3915 1794 3960 erat
1824 3916 1998 3962 vetus.

503 3993 817 4047 Juveniliter
844 3993 1027 4050 audet.
1058 3994 1455 4049 Documentum
1487 4006 1729 4066 prmstat.

508 4087 661 4141 Ultra
681 4086 1001 4156 opinionem.
1046 4084 1264 4157 Cogitat
1287 4087 1435 4141 enim
1470 4088 1671 4158 aliquis
1719 4090 1788 4144 de
1821 4091 2006 4160 seipso

435 4193 652 4247 magna,
682 4184 946 4245 quantum
997 4175 1063 4228 ad
1123 4176 1378 4229 virtutem
1406 4190 1421 4228 :
1449 4176 1648 4230 deinde
1679 4176 2005 4232 dormienda

437 4269 629 4323 ridens
653 4282 717 4320 ea
756 4282 878 4335 qua:
907 4264 1001 4332 iis,
1045 4266 1140 4334 qui
1179 4265 1471 4323 all‘ectibus
1521 4267 1827 4337 indulgent,
1857 4280 2006 4338 grata

437 4361 802 4430 anuabiliaque
838 4369 986 4422 sunt,
1017 4359 1131 4428 ipse
1160 4358 1337 4413 inhiat
1379 4369 1436 4414 et
1462 4358 1708 4415 intentus
1742 4370 1847 4428 est,
1898 4377 2007 4416 non

2100 3251 2231 3307 tiam
2255 3252 2714 3322 eXprimentihus.
2743 3253 2841 3310 Sin
2864 3254 3069 3320 minus,
3114 3264 3391 3336 mortuum
3423 3255 3589 3310 fuerit
3618 3266 3679 3310 et

2098 3344 2402 3399 absurdum
2438 3345 2545 3401 huc
2577 3346 2845 3414 studium,
2872 3347 3077 3418 quippe
3129 3350 3275 3416 quod
3305 3350 3574 3417 impotens
3601 3350 3681 3403 sit

2099 3436 2165 3489 ad
2189 3436 2503 3492 auditorem
2537 3438 2918 3494 adducendum
2947 3456 3006 3495 se
3032 3442 3338 3511 disciplina:
3362 3440 3679 3497 tradentem

2103 3527 2156 3580 in
2196 3529 2367 3597 ipsam
2396 3529 2810 3599 intelligentiam
2843 3540 2898 3586 et
2932 3532 3510 3599 comprehensionem,
3541 3549 3681 3604 qua-

2101 3619 2207 3673 lem
2242 3620 2357 3688 ipsa
2390 3620 2583 3674 habuit
2613 3630 2671 3675 et
2704 3620 2871 3677 habet
2904 3622 2997 3691 qui
3026 3623 3219 3677 scribit
3250 3638 3314 3677 ac
3341 3621 3523 3678 docet.

2171 3710 2438 3765 Inanima.
2475 3711 2716 3779 Inducta,
2753 3728 2936 3769 crassa
2963 3727 3028 3767 ac
3060 3723 3295 3770 mortua.

2174 3824 2337 3893 Cujus
2369 3826 2570 3891 qratia.
2604 3825 2780 3881 Veluti
2806 3840 2968 3882 causa
2994 3825 3229 3882 docendi
3251 3825 3584 3890 auditorem.
3614 3836 3699 3883 ut.

2105 3920 2371 3991 intelligat
2402 3919 2708 3974 somnium.

2176 4034 2518 4089 Manentibus.
2568 4034 2862 4098 Animatis,
2941 4034 3256 4091 viventibus
3311 4050 3376 4091 ac
3435 4035 3697 4093 dilucide.

2107 4142 2327 4184 sensum
2355 4126 2664 4196 subjectum
2695 4126 3094 4196 aperientibus.

2190 4220 2384 4275 Vincit.
2409 4220 2554 4275 Inter
2580 4220 2988 4276 somniandum.

2179 4335 2426 4391 Omnium
2450 4348 2624 4402 capax
2644 4343 2745 4386 est.
2802 4331 3008 4388 Horum
3057 4334 3326 4400 omnium,
3379 4334 3577 4404 inquit,
3624 4334 3683 4388 in

439 4455 621 4510 minus
649 4424 810 4522 quam
837 4449 935 4504 illi.
987 4424 1176 4519 Itaque
1200 4449 1518 4520 imaginatio
1573 4424 1876 4520 periculum
1930 4453 2006 4507 fa—
2034 4447 2084 4507 Ι)
2112 4435 2364 4497 Nomm“
2391 4435 2673 4522 (πψτη-δέη
2704 4424 2958 4488 (θηωθίθν
2989 4436 3045 4479 ⁸⁸
3069 4441 3130 4481 ea
3159 4426 3540 4522 ἐστηιίθηιέηι
3583 4427 3685 4480 do'

382 4588 385 4591 λ
438 4548 612 4611 ciens,
635 4542 1000 4616 perpendens,
1057 4542 1366 4612 indulgens,
1418 4542 1999 4614 etquidpiamconcea

438 4640 576 4694 deus
606 4637 748 4691 ultra
778 4635 1093 4705 opinionem
1128 4642 1184 4689 et
1228 4634 1625 4705 conjecturam,
1668 4649 1832 4704 quam
1886 4636 2012 4702 quis

440 4733 509 4785 de
539 4730 720 4800 scipso
760 4727 951 4792 habet,
975 4726 1313 4782 demonstrat
1343 4726 1621 4781 hominem
1644 4726 1790 4780 haud
1812 4726 2008 4795 rigido,

440 4823 660 4892 stupido
685 4822 1024 4888 iuuuotoque
1069 4818 1254 4873 animo
1278 4818 1535 4874 allectum
1561 4833 1684 4874 esse
1711 4818 1857 4873 circa
1888 4833 2013 4888 spe-

440 4914 800 4971 ctra.Verum
837 4921 933 4967 aut
978 4912 1195 4967 fortiter
1234 4913 1429 4966 annuit
1475 4912 1872 4972 ctassentitur,
1918 4919 2014 4964 aut

440 5009 795 5062 vehementer
816 4992 1082 5068 extrudit,
1122 5003 1582 5073 utunusquisque
1625 5001 2011 5072 cogitationem

440 5106 722 5155 assecutus
743 5104 846 5162 est,
871 5109 931 5151 se
961 5094 1198 5149 interdiu
1228 5109 1490 5151 exercens
1528 5094 1581 5149 in
1612 5093 1726 5148 suis
1758 5094 2010 5163 negotiis.

511 5190 742 5244 Maxime
771 5189 950 5241 suavis
973 5195 1069 5244 est.
1092 5187 1347 5256 Majorem
1374 5188 1621 5242 laetitiam
1649 5185 1905 5240 aﬂ'ereus.

512 5282 568 5333 Si
599 5289 738 5333 certe
761 5277 1028 5349 quispiam
1067 5278 1231 5332 debet.
1264 5277 1406 5348 Ergo
1443 5278 1487 5332 si
1519 5276 1791 5346 quispiam
1825 5274 2015 5329 volue-

368 5410 377 5425 .
442 5373 537 5435 rit,
576 5372 773 5441 inquit,
792 5369 1083 5425 scribendo
1109 5370 1375 5424 adnotare
1398 5369 1633 5431 somnia,
1684 5382 1749 5421 ex
1778 5365 2015 5420 nomini-

443 5467 548 5520 l.us
585 5478 650 5519 ac
677 5464 861 5518 verbis
897 5477 961 5517 ea
992 5462 1155 5516 debet
1197 5475 1548 5530 componere.
1606 5459 1778 5528 Igitur
1828 5468 2014 5527 postea

440 5556 782 5613 dictionibus
807 5553 1107 5624 subjectam
1142 5552 1209 5607 ad
1242 5551 1591 5607 scribendum
1640 5549 1922 5604 materiam
1964 5556 2020 5602 et

445 5651 613 5704 animi
668 5648 1082 5717 conceptionem
1147 5644 1346 5700 acriter
1398 5643 1907 5713 perstringentihus,
1964 5652 2020 5696 ct

453 5740 654 5798 illustri
686 5756 748 5794 ac
777 5739 1015 5795 dilucido
1044 5736 1255 5793 dicendi
1310 5750 1507 5801 genere
1550 5738 1776 5800 pesitam
1805 5744 2020 5787 sentcn—

2113 4528 2200 4575 cet
2225 4537 2239 4572 :
2264 4534 2328 4573 ae
2346 4516 2674 4587 compositio
2695 4530 2912 4572 morose
2940 4517 3345 4588 progredietur,
3371 4527 3431 4572 ut
3447 4519 3687 4574 instruat

2113 4609 2440 4665 auditorem.

2185 4701 2298 4769 Quo
2326 4710 2502 4755 autem
2534 4710 2707 4770 pacto.
2736 4700 2901 4767 Quasi
2928 4700 3095 4763 dicat.
3117 4701 3262 4755 haud
3290 4700 3468 4756 facile.

2187 4797 2286 4850 Per
2317 4794 2547 4863 quietem
2571 4794 2731 4849 videt.
2759 4793 2971 4849 Nomen
2994 4794 3078 4847 vel
3105 4792 3401 4847 somnium.

2183 4888 2487 4944 Exeitatur.
2519 4886 2713 4942 Adhuc
2741 4900 2934 4940 somno
2960 4885 3232 4953 sepultus.

2184 5000 2407 5069 Ideoque
2432 4998 2660 5053 Aloidw.
2690 4998 2845 5054 Aloci
2873 5008 2927 5054 et
2954 4998 3270 5068 lphimediae
3291 4998 3389 5054 lilii
3421 4999 3532 5054 duo
3563 4999 3687 5053 fue-

2114 5103 2244 5146 runt
2271 5090 2407 5146 Otus
2440 5100 2494 5145 et
2517 5089 2822 5159 Ephialtes,
2868 5091 2960 5160 qui
2990 5100 3196 5144 statura
3229 5091 3581 5160 prmgrandcs
3628 5103 3686 5148 et

2116 5183 2390 5250 immensi,
2422 5193 2479 5236 et
2508 5193 2773 5253 quantum
2802 5182 2869 5237 ad
2894 5183 3143 5253 corporis
3194 5181 3365 5237 robur
3424 5182 3699 5237 intolera-.

2118 5274 2277 5337 biles,
2312 5284 2630 5344 arrogantes
2675 5283 2731 5328 et
2768 5273 3169 5343 insuperabilcs
3233 5273 3436 5338 etl‘ecti,
3491 5274 3689 5329 \‘icinis

2117 5366 2274 5421 bellis
2301 5366 2462 5420 tinem
2508 5365 2886 5435 imposuerunt
2921 5380 2935 5417 :
2968 5375 3024 5420 et
3067 5365 3136 5420 ob
3172 5364 3223 5419 id
3277 5380 3308 5419 a
3339 5369 3520 5434 poetis
3575 5366 3685 5419 ticti

2119 5468 2248 5513 sunt
2290 5458 2515 5512 Martem
2599 5457 2653 5511 in
2710 5456 2931 5512 vincula
2990 5456 3327 5526 conjecisse:
3373 5455 3688 5513 fabulantur

2121 5560 2378 5619 prwterea
2406 5546 2626 5602 eosdem
2663 5547 2800 5601 ultra
2830 5548 3118 5602 humanam
3156 5556 3407 5601 naturam
3439 5546 3689 5617 cegitan-

2123 5651 2203 5695 tes
2235 5639 2471 5693 voluisse
2494 5638 2547 5692 iu
2579 5639 2776 5692 caelum
2810 5639 3126 5703 ascendere,
3180 5638 3437 5708 quocirca
3474 5648 3690 5691 montes

2128 5730 2402 5785 montibus
2432 5730 2825 5795 imposuerunt,
2879 5730 3141 5783 l‘arnasso
3200 5728 3415 5794 quidem
3475 5726 3689 5787 Ossam,
