4068 6204
289 363 382 426 63Ἰ

1159 369 1481 432 SCIIOLIA
1523 371 1606 432 ΙΝ
1645 367 2032 430 SYNESIUM
2073 367 2170 426 DE
2213 367 2638 427 INSOMNIIS.

3411 369 3518 430 (-113

291 477 470 545 εφεξῆς
511 477 739 544 ὁμοίως·
777 477 902 532 ὅθεν
924 479 1029 532 ὑπὸ
1081 483 1178 536 τοῦ
1233 485 1364 547 Arb-9
1409 484 1844 556 κεραυνωθέντες
1875 487 1923 541 Δ
2029 479 2220 534 Οὐδὲν
2251 477 2360 549 τὰρ
2387 479 2594 544 οὕτως.
2638 477 2804 530 θύδὲν
2847 479 2955 546 γὰρ
3005 475 3194 546 ἕτερον
3239 477 3346 530 τῶν
3395 479 3518 528 ἐνυ-

290 587 576 623 απωλοντο.

355 663 416 713 Ol
457 663 574 730 μὲν
619 659 756 718 οὖν.
812 667 876 720 Οί
925 666 1018 720 τοῦ
1049 668 1296 734 Ἀλωέως
1333 672 1522 732 παῖδες
1549 667 1716 735 *Ωτος
1755 673 1849 724 καὶ

287 753 570 822 Ἐφιάλτης
603 759 753 826 παρὰ
785 757 880 811 τοῦ
916 761 1038 824 Διὸς
1070 761 1492 831 κεραυνοῦνται.

353 845 522 913 Ὄρη.
551 847 761 901 Ὄσσαν
793 851 887 904 καὶ
911 851 974 904 τὸ
1007 853 1432 922 Πήλιον.Ταῦτα
1461 855 1570 924 γὰρ
1597 856 1698 925 ὅρη
1722 853 1850 924 περὶ

284 937 598 992 Θετταλίαν.
643 939 891 1011 Ὅμηρος
938 943 994 996 δέ
1057 961 1190 1015 φησι
1239 945 1636 1015 ὲνύδυσσεία,

288 1048 524 1104 Ὄσσαν
550 1051 646 1104 ἐπ’
689 1053 972 1124 Ὀλύμπῳ
993 1057 1276 1127 μέμασαν
1305 1058 1504 1128 θέμεν,
1540 1059 1730 1124 αὐτὰρ
1757 1039 1874 1111 ἐπιδ

281 1193 510 1258 Πήλιον
551 1195 1012 1264 είνοσίφυλὶον,
1040 1196 1119 1249 ἵν’
1145 1199 1404 1266 οὐρανὸς
1443 1128 1848 1268 ὰμεαῗῗδῖΐέίη.

361 1307 620 1374 Ἰκάρου.
663 1310 722 1362 '0
754 1309 808 1363 δὲ
840 1311 1066 1380 Ἴκαρος
1091 1312 1381 1382 ἄνθρωπος
1411 1308 1481 1384 ἦν
1521 1313 1808 1384 καὶγαὺτός
1833 1331 1846 1344 ·

277 1398 556 1468 ἠϐουλήθη
585 1399 642 1451 δὲ
684 1399 786 1469 τὴν
809 1401 1184 1471 ἀστρονομίαν
1219 1383 1443 1472 μαθεῖν,
1461 1405 1555 1456 καὶ
1585 1383 1715 1466 τοὺς
1739 1405 1850 1458 τῶν

277 1492 530 1559 ἀστέρων
580 1491 852 1562 δρόμους’
908 1493 984 1564 μὴ
1028 1495 1330 1563 δυνάμενος
1387 1497 1447 1549 δὲ
1497 1497 1700 1568 ῥᾳδίως
1751 1499 1852 1559 τὰς

275 1581 390 1631 τῶν
429 1579 606 1648 λόγων
631 1582 938 1648 ἀποδείξεις
973 1587 1235 1651 συνιέναι,
1273 1589 1478 1640 ἀπεῖπε
1521 1589 1726 1658 μεταξὺ
1751 1589 1852 1654 τῆς

277 1673 578 1742 μαθήσεως
601 1689 616 1704 ·
653 1675 744 1730 διὰ
783 1677 944 1730 τοῦτο
972 1679 1254 1750 ἐμυθεύθη
1283 1682 1366 1733 ὅτι
1409 1683 1852 1752 προσεκόλλησεν

275 1766 464 1836 ἑαυτῷ
509 1768 710 1838 κήρινα
755 1771 954 1839 πτερὰ,
996 1771 1081 1824 ἴνα
1119 1773 1364 1843 πετασθῇ
1409 1775 1548 1843 πρὸς
1585 1775 1849 1844 οὐρανόνο

279 1859 596 1926 μεταξῦηὸὲ
635 1862 736 1930 τῆς
781 1863 1038 1932 πτήσεως
1083 1863 1180 1916 τοῦ
1229 1866 1388 1932 ἡλίου
1445 1867 1851 1936 προσϐαλόντος

273 1951 430 2020 αὐτῷ
481 1952 864 2023 σφοδρότερον,
891 1957 1174 2024 ὲτάκησαν
1208 1958 1306 2026 μὲν
1337 1959 1404 2011 τά
1453 1959 1652 2028 πτερὰ,
1691 1961 1854 2022 αὐτὸς

271 2044 340 2096 δὲ
365 2043 677 2099 ἐπεπτώκει
703 2049 762 2100 ἐν
793 2043 838 2117 ᾧ
872 2049 1032 2118 μέρει
1064 2052 1168 2118 τῆς
1202 2051 1482 2123 Θαλάσσης
1512 2053 1727 2122 ἔτυχεν,
1759 2053 1854 2120 ἀφ’

271 2131 348 2191 οὗ
373 2139 558 2192 καὶτὸ
595 2140 835 2208 πέλαγος
875 2143 1085 2214 ἐκλήθη
1129 2145 1364 2214 Ἰκάριον
1389 2161 1405 2177 ·
1454 2145 1855 2216 εὐτυχεστέραν

273 2225 378 2282 οὖν
429 2249 562 2302 φησι
612 2233 711 2305 τὴν
761 2234 998 2306 πτῆσινο
1043 2237 1140 2290 καὶ
1185 2236 1370 2292 πεσὼν
1426 2239 1623 2306 ἐπνίγη
1679 2239 1740 2290 ἐν
1787 2239 1856 2308 τῇ

275 2323 550 2396 θαλάσσῃ.

369 2415 726 2484 Ὀρωμένην.
763 2417 875 2490 Τὴν
903 2419 1034 2488 γῆν.

359 2510 736 2576 Σημαίνεται.
771 2511 1120 2581 Σημειοῦται.

355 2603 657 2656 Χαλεπόν.
683 2598 857 2656 Εῐναι.

361 2695 725 2764 Λεγόμενον.
761 2695 1124 2766 Μεθημέραν.

359 2787 620 2842 Γίνεται.
674 2787 760 2838 Ἐν
785 2787 998 2850 ὕπνοις.

357 2878 522 2934 Μετὰ
567 2879 678 2948 γὰρ
720 2882 958 2950 μικρόν.
991 2879 1062 2932 Ἢ
1113 2879 1190 2945 ὡς
1239 2884 1432 2952 ἐνιαχῆ
1474 2873 1582 2954 γάρ
1631 2887 1724 2937 ἐπὶ
1757 2885 1862 2952 γῆς

285 2968 629 3040 εὑρίσκεται.
660 2971 734 3023 Οὐ
763 2969 874 3040 γὰρ
910 2969 1206 3040 ἀπεδήμει,
1241 2969 1332 3025 ἴνα
1354 2969 1544 3043 φῶμεν
1577 2973 1659 3026 ὅτι
1695 2968 1864 3042 ἦλθεν

285 3065 380 3117 ἐπὶ
407 3063 532 3134 γῆς.

1881 1831 1928 1888 Β

1951 571 2122 624 πνίων
2169 571 2299 624 ἴδιον
2339 571 2414 633 ὡς
2465 572 2526 622 τὸ
2569 569 2766 638 κλέψαι
2793 570 2884 621 τὸν
2927 569 3134 640 μεταξὺ
3173 569 3386 638 χρόνον,
3421 570 3515 620 καὶ

1949 662 2194 731 ἁχρὸνως
2231 662 2402 725 δεῖξαι
2439 661 2508 714 τά
2551 663 2649 715 σὺν
2680 662 2857 731 χρόνῳ
2889 663 2980 714 καὶ
3015 659 3168 729 πόνῳ
3209 659 3516 728 τελούμενα

1947 757 2062 816 τοίς
2106 754 2490 822 ἐγρηγορόσιν,
2549 751 2660 806 οἷον
2725 756 3025 824 χρημάτων
3084 754 3302 822 κτῆσιν,
3351 753 3520 804 οἴκων

1949 843 2324 905 πολυτέλειαν,
2356 847 2550 912 σοφίας
2595 848 2937 914 περιουσίαν,
2969 836 3204 908 διάλεξιν
3239 845 3374 915 πρὸς
3415 847 3518 912 ἁγ-

1949 934 2163 1002 γέλους,
2187 937 2278 988 καὶ
2309 937 2410 988 ὃσα
2439 937 2690 992 τοιαῦτα.

2023 1025 2147 1094 Τὴν
2169 1028 2446 1096 βληχήν.
2476 1029 2589 1097 Τὴν
2617 1029 2726 1084 τῶν
2753 1030 3060 1102 προϐάτων.

2020 1117 2252 1184 φωνήν.
2295 1121 2428 1174 Ἕνα
2436 1121 2498 1191 ρθ
2507 1139 2620 1190 ρον.

2033 1211 2422 1267 Ὑποθέσεων.
2454 1215 2574 1268 Τῶν
2611 1217 2668 1268 ἐν
2705 1215 2916 1282 ὕπνοις.

2027 1303 2171 1369 Τοὺς
2204 1305 2446 1372 λόγους.
2480 1306 2554 1359 Τὸ
2583 1307 2970 1380 λογογραφεῖν.

2033 1397 2184 1464 Ἐγὼ
2225 1397 2336 1467 γὰρ
2373 1397 2554 1468 οἶμαι.
2590 1403 2701 1455 Καὶ
2740 1403 2846 1472 γὰρ
2901 1403 3004 1456 κάν
3037 1404 3150 1464 τοῖς
3201 1401 3392 1462 ὕπνοις
3435 1402 3524 1452 δο-

1953 1487 2146 1542 κοῦσιν
2175 1490 2408 1558 ὁρᾶσθαι
2449 1494 2544 1544 καὶ
2583 1493 2719 1546 ἄλλα
2764 1494 2880 1557 ζῶα
2911 1495 3174 1556 πολλάκις
3213 1493 3524 1561 ἀνθρώποις

1952 1579 2337 1650 διαλεγόμενα,
2373 1583 2472 1636 καὶ
2521 1585 2668 1652 φυτὰ
2713 1585 3087 1655 μεθιστάμενα
3136 1584 3524 1654 αὑθορμήτως.

1955 1672 2052 1724 καὶ
2105 1673 2384 1744 ἄνθρωποι
2437 1677 2596 1746 δίκην
2651 1679 2874 1746 πτηνῶν
2941 1679 3260 1746 ίπτάμενοι,
3311 1679 3405 1730 καὶ
3467 1675 3528 1725 τὸ

1959 1765 2145 1834 σκῆμα
2196 1769 2334 1836 πρὸς
2382 1769 2554 1838 ἄλογα
2599 1769 3034 1836 μεταϐάλλοντες
3084 1769 3218 1832 ζῶα,
3254 1770 3348 1821 καὶ
3391 1767 3528 1820 ἄλλα

1961 1857 2132 1928 μυρία
2165 1859 2414 1930 θεάματα
2439 1863 2742 1932 τερατώδη.
2763 1865 2930 1934 Φησὶν
2961 1859 3054 1916 οὖν
3089 1865 3171 1916 ὅτι
3201 1865 3296 1916 καὶ
3325 1861 3374 1914 οἱ
3401 1861 3526 1922 τοὺς

1957 1950 2158 2019 μύθους
2189 1952 2500 2016 πλάσαντες
2522 1955 2762 2024 ἀρχῆθεν
2787 1957 2852 2008 ἐκ
2883 1957 2993 2009 τῶν
3026 1955 3210 2009 ὓπνων
3238 1956 3396 2024 ἔσχον
3427 1954 3526 2015 τὰς

1953 2046 2235 2114 ἀφορμάς·
2274 2045 2363 2110 Ὦς
2394 2047 2503 2118 γὰρ
2540 2048 2708 2117 ἡτῶν
2744 2047 2926 2102 ὕπνων
2963 2049 3182 2112 ἐξουσία
3233 2047 3325 2098 καὶ
3373 2045 3528 2097 αὑτο-

1954 2137 2120 2205 νομία
2150 2138 2426 2192 δείκνυσιν
2457 2140 2784 2205 ἀλλοκότους
2817 2143 2967 2204 θέας,
3001 2141 3240 2210 ἔμφασιν
3275 2136 3527 2206 ἀμυδρὰν

1957 2228 2052 2281 καὶ
2093 2230 2279 2282 εἰκόνα
2337 2231 2435 2300 τῆς
2499 2233 2760 2302 ἀληθείας
2809 2233 3211 2302 αίνιτματώδη,
3259 2231 3354 2284 καί
3415 2224 3530 2280 οἷον

1957 2321 2134 2373 εἰπεῖν
2186 2325 2630 2394 προχαράγματα
2681 2325 2792 2378 τῶν
2839 2324 2990 2394 ὕπαρ
3037 2323 3340 2393 ἐσομένων·
3387 2321 3531 2374 οὕτω

1959 2413 2054 2464 καὶ
2075 2414 2124 2464 οἱ
2155 2413 2316 2482 μῦθοι
2351 2415 2469 2485 μετ’
2503 2417 2758 2482 ἐξουσίας
2777 2417 2922 2480 τινὸς
2951 2415 3282 2468 πλάττουσιν
3322 2414 3531 2484 ἀνθρω-

1959 2507 2090 2578 πίνῃ
2129 2511 2282 2580 φωνῇ
2313 2491 2676 2580 διαλεγόμενα
2713 2512 2856 2580 φυτὰ
2881 2513 2976 2564 καὶ
3005 2511 3186 2572 λίθους
3215 2510 3310 2562 καὶ
3357 2509 3529 2576 ἄλογα

1961 2599 2098 2663 ζῶα,
2141 2603 2234 2654 καὶ
2281 2602 2452 2670 μυρία
2493 2604 2744 2670 τοιαῦτα,
2786 2608 2844 2657 ὲν
2885 2600 2964 2666 οἷς
3013 2602 3392 2672 ὲμφωλεύουσι
3431 2603 3533 2670 μὲν

1961 2691 2326 2760 σκιαγραφίαι
2353 2693 2500 2758 τινὲς
2543 2696 2639 2748 καὶ
2673 2697 2962 2764 σπέρματα
2995 2694 3374 2764 παραινέσεων
3401 2693 3532 2760 ἀλη-

1963 2778 2108 2832 θῶν·
2163 2782 2354 2851 ἡδονῆς
2383 2783 2440 2836 δὲ
2478 2786 2772 2852 πρόσωπον
2815 2785 3178 2854 οἰκονομικῶς
3220 2782 3534 2838 δεικνύουσι

1961 2875 2082 2936 ταῖς
2115 2873 2316 2943 λίχνοις
2345 2877 2454 2927 τῶν
2491 2877 2702 2930 πολλῶν
2733 2879 2942 2940 ἀκοαῖς.

2038 2964 2139 3032 Οἷς
2170 2967 2270 3020 καὶ
2297 2969 2472 3034 ταώς.
2505 2971 2629 3032 Τοῖς
2664 2972 2877 3040 μύθοις.

2035 3059 2190 3126 Πρὸς
2217 3057 2334 3127 τὴν
2366 3063 2753 3132 αὐτονομίαν.
2801 3064 3105 3130 Ἐξουσίαν,
3137 3066 3446 3123 αὐθεντίαν.

285 3237 438 3294 Ossa:
469 3253 600 3292 vero
629 3237 862 3304 Peliam,
894 3253 958 3293 ac
1006 3238 1266 3308 deinceps
1303 3239 1582 3305 similiter,
1643 3241 1788 3296 unde
1823 3259 1852 3297 a

1961 3237 2187 3295 vuntur,
2252 3239 2310 3285 ut
2354 3247 2704 3287 nummorum
2761 3237 3186 3306 possessionem,
3239 3237 3532 3292 domorum

287 3329 424 3386 Jove
461 3329 688 3385 fulmine
709 3332 836 3385 tacti
874 3331 1186 3400 perierunt.

361 3423 606 3491 Ideoque.
637 3422 790 3477 Aloei
815 3423 908 3476 ﬁlii
937 3421 1073 3478 Otus
1109 3435 1165 3478 et
1197 3424 1481 3492 Ephialtes
1513 3439 1542 3479 a
1574 3425 1708 3481 Jove
1761 3427 1863 3481 ful-

229 3529 232 3532 '
289 3515 440 3568 mine
469 3519 594 3568 tacti
621 3517 866 3568 fuerunt.

361 3607 582 3662 Montes.
621 3607 706 3660 Isti
749 3608 1022 3677 siquidem
1059 3619 1271 3664 montes
1298 3621 1424 3666 sunt
1455 3613 1512 3666 in
1557 3611 1838 3668 Thessalia

297 3697 382 3750 Ait
411 3713 574 3764 porro
593 3696 864 3752 Homerus
894 3698 950 3751 in
971 3697 1234 3770 Odyssea,
1269 3699 1305 3753 Ι.
1343 3717 1384 3754 ιι
1421 3717 1434 3753 :

367 3788 438 3841 Hi
467 3797 594 3842 sunt
615 3792 794 3842 conati
823 3793 1090 3859 imponere
1125 3791 1270 3846 Pelio
1295 3791 1506 3856 Ossam,

359 3859 593 3924 Scilicet,
617 3870 774 3930 atque
791 3861 932 3916 Ossa:
952 3863 1260 3930 fraudatum
1281 3861 1540 3918 involvere
1559 3863 1860 3934 Olympum.

365 3971 545 4024 Icaro.
569 3971 758 4025 lcarus
781 3983 838 4026 et
869 3971 984 4040 ipse
1009 3971 1170 4026 homo
1197 3983 1314 4026 erat
1343 3989 1358 4028 :
1389 3987 1648 4028 cancrum
1689 3985 1866 4027 astro-

291 4065 536 4119 nomiam
567 4063 780 4118 discere
809 4062 1003 4124 voluit,
1051 4077 1118 4116 ac
1173 4063 1412 4117 siderum
1479 4079 1694 4118 cursus.
1755 4065 1864 4119 Sed

295 4173 418 4212 cum
461 4171 572 4210 non
613 4163 796 4225 posset
821 4153 982 4207 facile
1035 4154 1308 4208 rationum
1363 4155 1865 4211 demonstrationes

295 4251 620 4320 intelligere,
649 4249 942 4316 despondit
965 4249 1206 4301 animum
1232 4249 1536 4303 interimab
1564 4251 1662 4305 hac
1694 4251 1868 4304 scien-

295 4344 368 4396 tia
397 4361 411 4396 :
443 4357 548 4411 qua
576 4341 640 4396 de
670 4356 830 4396 causa
859 4340 1162 4393 fabulatum
1205 4351 1288 4394 cst
1335 4357 1460 4394 eum
1513 4341 1618 4395 sibi
1677 4357 1866 4396 cereas

293 4437 412 4488 alas
441 4435 866 4500 conglutinasse,
901 4443 958 4485 ut
991 4432 1043 4485 in
1083 4433 1281 4486 omium
1331 4433 1598 4498 evolaret,
1657 4435 1752 4488 sed
1813 4435 1866 4494 in

293 4529 418 4594 ipso
443 4529 622 4578 volatu
655 4529 766 4580 sole
792 4525 972 4580 eidem
995 4535 1319 4582 occurrente
1372 4545 1435 4579 ac
1487 4527 1865 4580 vehementius

295 4620 618 4682 insultante,
643 4619 946 4688 liquefacta:
967 4629 1098 4673 sunt
1123 4633 1336 4686 pennae,
1363 4622 1478 4688 ipse
1509 4635 1636 4673 vero
1663 4621 1866 4674 cecidit

297 4709 350 4762 in
381 4725 502 4762 eam
541 4720 750 4778 partem
783 4711 974 4772 maris,
1005 4725 1127 4777 quae
1153 4711 1204 4762 ei
1239 4721 1384 4764 sorte
1421 4711 1670 4779 contigit,
1699 4727 1728 4764 a
1757 4725 1868 4780 quo

295 4805 520 4872 pelagus
547 4803 778 4855 Icarium
825 4803 1160 4871 appellatum
1199 4813 1284 4856 est
1323 4801 1642 4860 (feliciorem
1685 4805 1870 4868 itaque

295 4901 430 4952 dicit
486 4897 826 4951 somniorum
879 4897 1164 4964 volatum),
1199 4911 1264 4948 ac
1321 4895 1575 4964 delapsus
1635 4897 1688 4948 in
1731 4896 1868 4950 mari

297 4993 596 5044 sutl‘ocatus
627 4997 730 5042 est.

363 5085 618 5136 Adnotat.
645 5079 888 5146 Quodam
917 5080 1071 5150 quasi
1109 5083 1266 5150 signo
1295 5091 1446 5134 nota.

371 5175 584 5229 Erudit.
619 5174 767 5227 Inter
793 5172 1197 5226 somniandum.

369 5263 514 5320 Nam
539 5265 700 5332 paulo
716 5271 852 5334 post.
881 5265 1096 5318 Alicubi
1128 5266 1274 5318 enim
1299 5279 1468 5333 super
1497 5275 1700 5318 terram
1719 5265 1869 5320 inve-

301 5359 444 5411 nitur
480 5377 492 5410 :
526 5373 706 5425 neque
725 5373 950 5425 peregre
981 5356 1191 5422 aberat,
1217 5367 1277 5410 ut
1329 5357 1582 5410 dicamus
1613 5373 1738 5411 cum
1778 5373 1872 5409 ve-

301 5452 440 5504 nisse
473 5451 524 5502 in
561 5452 788 5502 terrain.

369 5541 522 5596 Nihil
557 5545 718 5595 enim.
741 5541 886 5595 Nihil
913 5541 1116 5610 quippe
1139 5541 1286 5594 aliud
1321 5543 1726 5596 insomniorum
1783 5553 1870 5598 est

299 5639 582 5705 proprium
633 5649 696 5688 ac
730 5635 1024 5700 peculiare,
1055 5649 1219 5702 quam
1267 5645 1482 5704 tempus
1515 5639 1868 5707 interiectum

299 5729 576 5797 obtegere,
605 5737 662 5780 et
699 5725 834 5778 citra
857 5727 1118 5795 telnporis
1145 5741 1460 5780 mensuram
1487 5728 1869 5784 demonstrare

301 5837 360 5876 ea
395 5837 516 5892 qua:
547 5837 669 5874 cum
703 5829 944 5890 tempore
975 5830 1028 5874 ct
1057 5819 1242 5875 labore
1277 5821 1630 5891 vigilantibus
1687 5823 1866 5880 absol-

1959 3323 2148 3377 luxum
2179 3331 2237 3376 et
2269 3325 2746 3394 magniﬁcentiam,
2789 3330 3069 3398 sapientia:
3117 3331 3532 3394 abundantiam,

1962 3429 2085 3468 cum
2149 3415 2360 3486 angelis
2391 3419 2930 3486 sermocinationem,
2983 3431 3038 3476 et
3083 3421 3291 3492 reliqua
3344 3421 3535 3493 hujus-

1962 3505 2132 3560 modi.

2033 3600 2338 3660 Balantem.
2369 3606 2570 3662 Vocem
2600 3606 2809 3660 ovium.

2039 3693 2245 3750 Vocem.
2281 3699 2636 3754 Articulatam
2657 3711 2712 3754 et
2745 3699 3062 3768 perfectam.

2037 3787 2506 3857 Argumentorum.
2532 3791 2663 3858 Quae
2690 3793 2740 3845 in
2767 3795 2996 3850 somniis
3027 3809 3148 3849 sese
3174 3794 3435 3849 offerunt.

2037 3879 2336 3934 Sermones.
2371 3883 2564 3937 Libros
2597 3885 2930 3953 scriptitare.

2037 3971 2254 4041 Opinor.
2287 3975 2420 4028 Nam
2443 3985 2498 4029 ct
2533 3977 2584 4028 in
2623 3978 2850 4032 sotnniis
2877 3978 2978 4031 sibi
3007 3979 3263 4033 videntur
3287 3980 3387 4034 alia
3421 3981 3536 4034 ani-

1965 4064 2171 4116 mantia
2194 4063 2488 4117 identidem
2515 4081 2640 4120 cum
2662 4069 2973 4124 hominibus
3015 4069 3338 4138 disceptare,
3375 4071 3536 4124 arbo-

1969 4169 2056 4208 res
2079 4167 2272 4222 suopte
2301 4165 2499 4208 conatu
2553 4169 2605 4211 et
2644 4159 2877 4228 impulsu
2929 4164 3300 4226 transmutari,
3361 4171 3413 4217 et
3440 4164 3534 4216 ho-

1968 4243 2146 4298 mines
2169 4245 2343 4300 instar
2373 4247 2656 4304 volucrum
2689 4251 2892 4315 volare,
2920 4262 2974 4306 et
3003 4265 3268 4322 quantum
3301 4261 3366 4309 ad
3423 4257 3537 4310 for-

1971 4349 2112 4387 mam
2144 4335 2483 4407 figuramque
2513 4340 2566 4392 in
2609 4341 2815 4398 belluas
2851 4344 3082 4399 rationis
3115 4359 3368 4415 expertes
3409 4363 3536 4400 con-

1969 4427 2130 4488 verti,
2167 4435 2224 4478 et
2255 4427 2357 4480 alia
2395 4428 2604 4482 infinita
2641 4443 2946 4486 monstrosa
3003 4444 3237 4502 spectra.
3305 4434 3540 4488 Proinde

1897 4559 1940 4614 Ι)
1972 4527 2225 4571 asserunt
2256 4519 2288 4572 ii
2319 4521 2410 4588 qui
2445 4521 2656 4574 fabulas
2683 4535 3114 4591 composuerunt
3167 4525 3235 4578 ab
3285 4525 3442 4578 initio
3469 4539 3534 4577 ex

1969 4611 2104 4678 ipsis
2133 4615 2360 4666 somniis
2393 4613 2646 4667 habuisse
2681 4615 3046 4669 Occasionem.
3093 4615 3160 4670 Ut
3194 4618 3338 4670 enim
3389 4631 3538 4669 soui-

1969 4706 2186 4759 niorum
2215 4705 2431 4760 licentia
2477 4715 2532 4758 et
2555 4705 2785 4761 facultas
2808 4708 3144 4778 prodigiosos
3201 4719 3364 4778 atque
3397 4713 3539 4764 inso-

1969 4797 2145 4852 lentes
2175 4799 2413 4852 visioncs
2457 4799 2716 4863 ostendit,
2775 4800 3104 4854 imbecillam
3163 4804 3424 4868 speciem,
3481 4815 3539 4860 et

1969 4890 2260 4958 imaginem
2291 4893 2540 4946 veritatis
2591 4895 2950 4963 :enigmaticis
2985 4893 3344 4950 velaminibus
3381 4911 3539 4965 Oper-

1971 4991 2100 5044 tam,
2134 4992 2208 5044 et,
2239 4993 2296 5035 ut
2319 4985 2388 5038 ita
2423 4987 2636 5054 loquar,
2679 4989 2921 5056 priorum
2959 4989 3410 5044 lineamentorum
3445 4991 3540 5044 tle-

1970 5075 2306 5144 signationcs
2333 5095 2547 5142 eorum,
2585 5097 2706 5150 qua:
2731 5081 2872 5134 inter
2897 5083 3228 5150 vigilandum
3276 5097 3540 5140 eventum

1970 5179 2098 5224 sunt
2133 5189 2146 5223 :
2175 5171 2251 5226 sic
2279 5181 2334 5226 et
2363 5173 2562 5227 mbula:
2595 5190 2718 5228 cum
2755 5177 2975 5229 licentia
3017 5177 3248 5245 quadam
3279 5179 3540 5248 aliingunt

1969 5273 2024 5318 et
2051 5263 2540 5319 comminiscuntur
2576 5267 2809 5332 plantas,
2855 5267 3082 5335 lapides,
3129 5283 3340 5322 necnon
3383 5269 3542 5324 bruta

1971 5355 2268 5411 animantia
2307 5356 2544 5410 humana
2569 5371 2704 5411 voce
2736 5356 3030 5422 disserere,
3063 5359 3414 5426 etcomplura
3459 5368 3542 5412 ta—

1971 5448 2064 5510 lia,
2101 5451 2154 5502 in
2198 5450 2397 5520 quibus
2425 5451 2643 5504 latitant
2671 5450 3010 5503 adumbratae
3047 5449 3296 5517 quaedam
3335 5451 3544 5505 (inscri-

1972 5541 2210 5611 ptiones,
2239 5550 2296 5596 et
2327 5557 2580 5596 verarum
2631 5535 3072 5596 cohort‘ationum
3130 5541 3446 5602 seminaria,
3491 5553 3543 5597 ct

1971 5635 2265 5702 voluptatis
2291 5635 2494 5688 larvam
2525 5635 2578 5688 in
2632 5636 2708 5689 rei
2759 5635 3076 5690 domesticae
3131 5635 3545 5704 dispensatione

1973 5727 2144 5780 avida:
2177 5727 2472 5782 multorum
2504 5727 2770 5782 auditioni
2806 5729 3210 5782 demonstrant.

2043 5821 2352 5878 Libidinem.
2391 5820 2711 5888 Licentiam,
2761 5821 3073 5876 facultatem
3103 5829 3158 5876 ct
3183 5827 3534 5889 potestatem.
