4068 6204
334 254 347 277 ι
435 231 533 295 651

1612 236 2033 302 Nicnrnom
2071 204 2455 308 canemus

3582 249 3691 319 632

424 350 735 406 Academia!
766 357 1075 403 sectatores
1104 349 1366 416 enectos;
1397 350 1491 404 Sui
1525 350 1648 405 rudi
1679 349 1994 419 incultaque

2107 352 2267 418 λητὶς
2318 350 2637 420 γεγονότας,
2680 350 2816 405 ἀ).λά
2860 349 2987 425 ξένῃ
3030 351 3247 421 φύσεως
3296 355 3438 427 ἀνὴρ
3477 359 3688 421 ἐκεῖνος

426 442 599 496 solius
630 449 840 495 natura:
875 442 1074 496 virtute
1106 442 1191 495 vir
1223 442 1324 496 iste
1362 458 1517 508 usus,
1547 442 1856 514 prodigium
1894 458 2003 496 non

426 532 716 587 minimum
764 534 1045 603 sequentis
1094 533 1194 587 aevi
1243 535 1588 605 sapientibus
1638 551 1696 590 se
1728 534 2000 599 exhibuit,

426 641 589 693 quem
628 642 729 695 ego
767 641 1006 695 quoque,
1054 641 1180 679 cum
1227 626 1468 695 primum
1522 626 1590 682 de
1633 643 1699 681 eo
1730 628 2001 687 audirem.

427 719 572 773 inter
608 717 837 781 fabulas,
867 718 936 771 ab
967 718 1163 772 Atticis
1196 718 1362 771 alium
1402 718 1456 772 in
1491 719 1711 774 modum
1743 718 2001 774 eﬂ'orma-

427 822 528 875 tas,
560 811 811 879 interque
841 811 1095 879 figmenta
1133 810 1238 863 [ide
1267 826 1497 880 prorsus
1530 811 1752 879 indigna
1784 811 2004 878 rejicie-

425 902 573 966 bam,
603 901 706 954 huc
740 902 931 961 etiam,
980 901 1442 969 quemadmodum
1482 901 1635 971 plura
1664 901 2000 967 Graecorum,

423 993 829 1063 antiquioribus
860 992 1041 1063 gentis
1082 993 1245 1063 hujus
1278 993 1490 1048 lusibus
1527 992 1896 1070 accensendo.

491 1085 693 1139 Verum
732 1095 1022 1155 postquam
1066 1086 1197 1139 mibi
1237 1085 1659 1141 consuetudinis
1695 1096 1806 1140 tua:
1852 1087 2001 1156 peri-

420 1179 605 1257 culum
631 1178 808 1232 facere
840 1177 1019 1239 licuit.
1047 1178 1397 1247 nativamque
1433 1179 1635 1248 ingenii
1670 1181 1744 1233 tui
1771 1179 2005 1232 laeulta-

422 1284 530 1326 tem
587 1271 881 1343 experiri,
932 1271 1513 1341 expeditissimamque
1586 1272 1734 1325 illam
1804 1272 2003 1341 linguae

420 1365 943 1435 promptitudinem,
1001 1364 1246 1419 scicntia:
1291 1366 1505 1418 cultura
1564 1364 1710 1418 baud
1767 1365 2000 1419 multum

420 1457 758 1528 indigentem
789 1472 804 1508 :
850 1471 959 1509 non
1008 1455 1244 1524 amplius
1270 1453 1486 1518 cadent,
1518 1464 1577 1508 ut
1606 1456 1783 1524 prius,
1817 1454 2002 1522 pervi-

420 1547 573 1603 cacia
605 1547 895 1603 sententia:
928 1562 1060 1601 mea:
1093 1546 1453 1611 inba‘rebam,
1488 1562 1666 1617 neque
1697 1561 1811 1601 rem
1844 1555 2004 1600 nutu-

421 1653 495 1689 ηιξ
525 1635 663 1691 lines
691 1637 1050 1691 excedentem
1086 1636 1434 1699 arbitrabar;
1480 1637 1575 1690 sed
1612 1637 1850 1691 inbibito
1909 1651 2002 1690 na-

2108 444 2334 514 δυνάμει
2359 445 2705 516 χρησάμενος
2733 447 2898 515 τέρας
2940 446 3087 513 ἔδοξε
3120 450 3236 512 τοῖς
3277 450 3470 505 ἔπειτα
3501 458 3688 523 σοφοῖς

2107 536 2166 587 οὐ
2232 536 2446 605 μικρὸν,
2508 536 2633 607 ἐμοὶ
2690 537 2749 592 δὶ
2803 539 2897 592 καὶ
2940 539 3111 609 μῦθος
3156 541 3331 605 ἄλλως
3397 545 3689 609 ἀττικίζων

2109 627 2362 682 ἀκούοντι
2395 630 2755 699 κατεφαίνετο
2778 631 3045 703 πρότερον
3083 631 3177 688 καὶ
3199 633 3427 705 πλάσμα
3455 636 3689 700 πίστεως

2110 719 2331 788 ἀπάσης
2361 718 2678 789 ὑπερόριον,
2724 722 2813 774 ἀπ’
2841 722 3029 786 ἄλλοις
3061 724 3155 777 καὶ
3198 725 3361 778 τοῦτο
3392 729 3685 799 προτέροις

2106 803 2192 861 οἷα
2220 809 2391 863 πολλὰ
2420 813 2488 862 τα
2533 811 2808 883 Ἑλλήνων
2839 814 3224 882 ξυμῦἀλὶοντι.

2188 1081 2308 1150 ’Δφ’
2336 1075 2397 1134 05
2424 1081 2479 1134 δὲ
2508 1081 2611 1151 τῆς
2652 1080 2754 1150 σῆς
2802 1082 3020 1153 ὁμιλίας
3048 1085 3129 1148 είς
3163 1090 3360 1159 πεῖραν
3387 1091 3525 1144 ίέναι
3560 1093 3686 1158 ξυν-

2106 1173 2422 1227 επεπτὼκει
2475 1191 2609 1244 μοι,
2668 1175 2765 1228 καὶ
2828 1175 2929 1245 τὴν
2983 1177 3233 1249 αὐτοφυῆ
3301 1180 3537 1245 ξυνιέναι
3586 1187 3687 1254 τῆς

2103 1267 2347 1329 διανοίας
2386 1266 2749 1336 παρασκευὴν
2780 1269 2877 1320 καὶ
2910 1269 3009 1340 τὴν
3042 1272 3106 1323 ού
3157 1271 3305 1340 μάλα
3335 1274 3535 1346 πολλῆς
3562 1278 3686 1348 δεη-

2106 1361 2290 1413 θεῖσαν
2313 1360 2746 1430 ὲπιστημονικῆς
2778 1362 3053 1432 γεωργίας
3086 1364 3321 1435 ἀρίστην
3348 1368 3450 1437 τῆς
3505 1370 3685 1437 γλώτ.

2104 1470 2203 1521 της
2230 1449 2546 1522 περιϐολὴν,
2578 1452 2678 1507 οὐκ
2709 1453 2787 1506 ἔθ’
2813 1454 2890 1516 ὡς
2924 1454 3196 1525 πρότερον
3229 1458 3565 1523 ὲνστατικῶς
3588 1461 3683 1515 τοῦ

2105 1543 2374 1613 δόγματος
2398 1544 2647 1615 είχόμην,
2683 1545 2807 1599 οὐδὲ
2860 1547 2969 1599 τῶν
3004 1546 3221 1615 φύσεως
3267 1550 3431 1620 ὅρους
3460 1554 3688 1622 παριόνσ

2103 1652 2215 1687 των
2243 1634 2303 1687 ἓν
2335 1653 2388 1690 τι
2415 1636 2476 1689 τὸ
2502 1636 2740 1708 πρᾶγμα
2768 1636 3048 1707 ἐνόμιζον,
3073 1638 3213 1693 ἀλλά
3241 1639 3500 1711 πρύμναν
3526 1658 3689 1713 κρου-

420 1729 548 1798 vigii
582 1728 900 1799 cursu.jam
935 1728 1239 1797 pauxillum
1274 1730 1343 1785 de
1388 1730 1491 1783 bac
1535 1742 1717 1783 tuente
1761 1728 2002 1798 deponc-

2111 1730 2345 1793 σάμενος
2387 1725 2638 1797 ἀφῄρουν
2664 1725 2768 1796 ήδη
2794 1743 2844 1780 τι
2905 1728 3066 1782 τοῦτο
3097 1729 3192 1783 νοῦ
3245 1708 3682 1802 καὶ-παρέλυον,

419 1816 542 1871 bam
604 1816 1071 1886 relaxabamque,
1123 1818 1285 1873 simul
1334 1832 1465 1873 vero
1534 1819 1722 1881 etiam,
1793 1828 1853 1873 ut
1904 1835 2004 1889 par

417 1918 523 1975 est,
582 1909 754 1979 ipsam
814 1924 999 1963 rerum
1059 1919 1313 1964 naturam
1366 1910 1580 1965 ratione
1628 1912 2004 1981 pervestigare

418 2002 681 2068 conabar,
718 2004 964 2075 dixique,
1007 2021 1133 2060 cum
1176 2022 1339 2076 aqua,
1386 2023 1417 2061 c
1448 2006 1692 2062 nubibus
1738 2008 1805 2062 ad
1840 2017 2005 2064 terra:

419 2088 885 2153 buu.eclationem
916 2100 1195 2167 deﬂuens,
1237 2116 1304 2155 ex
1333 2101 1492 2171 aquis
1538 2102 1765 2156 marinis
1809 2118 1873 2157 ac
1903 2101 2003 2155 ﬂu-

417 2190 657 2244 viuiibus
695 2192 982 2256 consistat,
1033 2192 1283 2262 profecto
1331 2194 1498 2248 etiam
1551 2194 1778 2249 [luvium
1824 2195 2001 2250 solum

2107 1817 2222 1888 ἅμα
2252 1819 2308 1871 δὲ
2345 1819 2434 1872 καὶ
2483 1818 2626 1888 λόγῳ
2659 1820 2976 1890 βασανίζειν
3030 1824 3363 1895 ἐπεχείρουν
3415 1825 3517 1897 τὴν
3570 1826 3684 1880 τῶν

2106 1912 2275 1965 ὄντων
2300 1910 2486 1982 φύσιν,
2521 1913 2596 1977 ὡς
2626 1913 2773 1977 είκὺς
2806 1915 2904 1967 καὶ
2929 1914 3146 1985 ἔλεγον,
3175 1917 3252 1982 ὠς
3279 1917 3370 1988 ἄρ’
3405 1920 3595 1987 ἐπειδὴ
3625 1921 3688 1974 τὸ

2105 2004 2195 2055 διὰ
2223 2003 2403 2073 νεφῶν
2436 2005 2742 2076 καταρρέον
2782 2005 2927 2078 ὕδωρ
2956 2011 3015 2071 ις
3049 2010 3148 2081 τὴν
3184 2010 3410 2079 ἀρδείαν
3436 2013 3535 2083 τῆς
3583 2015 3686 2084 γῆς

2107 2097 2168 2150 ἔκ
2194 2114 2252 2151 τε
2284 2096 2589 2151 θαλαττίων
2620 2101 2713 2153 καὶ
2748 2102 3039 2169 ποταμίων
3067 2103 3277 2159 ὑδάτων
3316 2106 3470 2160 ἐστίν
3491 2122 3507 2139 ⁸
3539 2104 3689 2169 εἰκὸς

2105 2185 2278 2252 δήπου
2311 2187 2404 2239 καὶ
2432 2188 2677 2259 ποταμὸν
2701 2190 2822 2259 δίχα
2852 2191 3030 2259 νεφῶν
3057 2191 3244 2263 ἄρδειν
3269 2192 3533 2248 δύνασθαι
3561 2195 3685 2263 γῆν,

2108 2280 2361 2352 καθάπερ
2384 2282 2575 2335 Νεῖλον
2602 2283 2877 2354 ἀκούομεν
2900 2287 2964 2338 lx
2999 2287 3101 2355 γῆς
3133 2285 3415 2351 ύετίζοντα
3439 2287 3538 2339 καὶ
3561 2288 3686 2356 ὃλην

2105 2373 2204 2443 τήν
2235 2373 2514 2441 Αἴγυπτον
2543 2374 2798 2442 ἀρδοντα.
2834 2377 2893 2429 El
2922 2377 2979 2430 δὲ
3010 2376 3159 2430 τοῦθ’
3192 2377 3362 2443 οὕτω,
3402 2377 3590 2448 πολλῷ
3625 2395 3689 2447 γε

423 2467 585 2522 undis
628 2467 827 2538 pluviae
852 2469 1026 2524 vicem
1060 2469 1274 2535 subire,
1320 2484 1653 2542 onmemque
1699 2469 2000 2544 Egyptum

2107 2466 2279 2536 δήπου
2311 2465 2519 2535 μᾶλλον
2547 2466 2639 2520 ἐπ’
2672 2466 2965 2537 ἀνθρώπου
2997 2467 3197 2533 δέξαιτ’
3232 2470 3298 2523 ἄν
3330 2486 3385 2522 τι
3417 2469 3689 2533 τοιοῦτον,

419 2558 668 2628 irrigare.
699 2560 830 2626 Qua:
863 2575 989 2615 cum
1038 2559 1112 2614 ita
1142 2559 1274 2623 sint,
1319 2561 1494 2616 multo
1527 2561 1699 2631 magis
1731 2561 1838 2617 tale
1867 2561 2001 2632 quid

2107 2557 2159 2609 εί
2193 2574 2276 2621 τις
2324 2556 2729 2626 συλλογίσαιτο,
2760 2560 2861 2630 τὴν
2911 2563 3013 2631 τῆς
3064 2563 3261 2630 νοερᾶς
3308 2562 3490 2633 ψυχῆς
3525 2564 3692 2631 φύσιν

419 2653 486 2706 de
521 2652 746 2709 homine
773 2662 1020 2709 statuere
1050 2653 1258 2717 licebit,
1292 2656 1335 2710 si
1374 2655 1499 2726 quis
1530 2671 1716 2710 secum
1756 2666 2000 2725 reputet,

2107 2650 2415 2719 προειδέναι
2449 2652 2550 2722 μὲν
2603 2654 2698 2716 τὰς
2735 2655 3068 2724 ἐπιστήμας,
3094 2655 3185 2709 διὰ
3236 2654 3293 2709 δὲ
3327 2658 3429 2733 τὴν
3457 2655 3550 2708 τοῦ
3582 2654 3690 2708 σώ-

420 2747 660 2800 animam
684 2745 1009 2801 rationalem
1052 2761 1117 2802 ex
1156 2757 1352 2803 natura
1380 2749 1605 2818 quidem
1651 2764 1751 2804 sua
1798 2749 2002 2818 pra‘via

2109 2758 2277 2811 ματος
2307 2743 2692 2797 συνθο).οῦσθαι
2751 2745 3096 2814 ἑμϐρίθειαν,
3122 2746 3420 2800 κάντεῦθεν
3439 2748 3690 2817 ἀναμνή-

417 2841 668 2895 omnium
703 2840 1060 2895 scientiarum
1088 2840 1285 2895 notitia
1312 2840 1580 2899 imbutam
1609 2832 1755 2906 esse,
1775 2849 2002 2910 prapter

2108 2852 2222 2898 σεις
2267 2834 2515 2904 γίνεσθαι
2559 2837 2657 2902 τὰς
2703 2837 2942 2909 θύραθεν
2990 2840 3129 2910 αὐτῇ
3174 2840 3439 2911 μαθήσει.
3493 2839 3690 2909 ὥσπερ

417 2932 674 3003 corporis
701 2947 836 2988 vero
876 2932 1205 3002 gravitatem
1242 2932 1596 3003 perturbari,
1638 2933 1880 3003 hincque
1910 2948 2002 2988 ne-

2107 2926 2494 2996 ἑπιγενομένου
2535 2929 2844 2998 νοσήματος
2873 2929 3193 2999 φαρμάκου,
3226 2932 3289 2984 ού
3326 2931 3434 3001 μὴν
3461 2932 3521 2983 ὲν
3541 2930 3693 2984 ᾶπα-

417 3028 730 3080 cessitatem
778 3024 936 3086 oriri,
982 3032 1045 3079 ut
1092 3025 1441 3081 extrinsecus
1491 3039 1589 3095 per
1621 3024 1999 3096 disciplinam.

2107 3030 2213 3084 σιν,
2247 3016 2323 3081 ὦς
2355 3018 2408 3087 γ’
2431 3018 2635 3073 ἔοικεν.
2670 3020 2830 3084 Εἰκὸς
2862 3023 2972 3092 γὰρ
2995 3022 3088 3075 καὶ
3121 3022 3309 3093 ψυχῶν
3336 3024 3471 3092 πρὸς
3505 3022 3691 3093 ψυχὰς

418 3117 578 3186 quasi
603 3114 865 3187 applicita
899 3115 1079 3170 morbi
1117 3114 1355 3180 medela,
1392 3115 1820 3172 reminiscentia:
1855 3115 2002 3172 exci-

2107 3110 2273 3182 οῦσης
2299 3111 2564 3182 διαφορᾶς
2615 3116 2711 3167 καὶ
2753 3114 3050 3183 σωμάτων,
3101 3115 3240 3187 πρὸς
3283 3115 3530 3185 σώματα,
3567 3115 3693 3182 ξυν-

422 3214 632 3273 tentur,
676 3222 744 3263 eo
798 3214 979 3263 tamen
1019 3205 1239 3273 ordine,
1296 3215 1358 3261 ut
1393 3205 1509 3261 baac
1558 3207 1857 3262 necessitas
1891 3222 2002 3261 non

2108 3202 2339 3274 δραμεῖν
2384 3206 2478 3257 καὶ
2531 3206 2889 3276 συνεζεῦχθαι
2933 3208 3112 3277 δήπου
3150 3207 3256 3260 καὶ
3302 3207 3696 3277 γενναιοτέραν

419 3298 540 3368 pari
566 3297 730 3354 modo
757 3312 819 3353 se
863 3296 932 3353 ad
979 3311 1174 3353 omnes
1220 3296 1506 3351 extendat.
1552 3297 2002 3351 Consentaneum

2108 3294 2290 3367 ψυχὴν
2310 3296 2674 3366 εἰλικρινεπέ
2684 3315 2761 3370 ρῳ
2787 3302 2919 3352 ποτε
2950 3299 3193 3371 σώματι,
3220 3299 3516 3355 κάντεῦθεν
3538 3300 3658 3353 οῖκο
3673 3328 3695 3341 ο

418 3391 625 3462 quippe
672 3398 781 3456 est,
825 3405 949 3444 cum
1000 3390 1216 3443 animas
1259 3388 1407 3443 inter
1452 3403 1517 3443 ac
1567 3402 1795 3460 corpora
1841 3403 1998 3457 aeque

2109 3388 2203 3442 θεν
2231 3388 2376 3461 ἔχειν
2397 3390 2615 3454 ἀπόνως
2634 3392 2833 3463 χωρεῖν
2859 3395 2915 3455 ις
2945 3394 3045 3464 τὴν
3071 3393 3179 3446 τῶν
3201 3393 3377 3448 ὄντων
3399 3392 3691 3463 περίνοιαν

419 3499 679 3553 magnum
706 3484 1013 3555 reperietur
1042 3482 1361 3548 discrimen,
1396 3491 1456 3538 ut
1478 3481 1782 3537 nobiliores
1799 3482 2002 3536 animat

2111 3480 2236 3550 δίχα
2265 3479 2374 3533 τῶν
2400 3480 2640 3551 θύραθεν
2674 3483 3041 3555 μαθημάτων.

421 3596 552 3635 cum
576 3577 980 3635 sincerioribus
1030 3576 1359 3648 corporibus
1406 3584 1745 3630 concurrant
1793 3588 1857 3628 ae
1929 3581 2405 3645 coagmententur,
2460 3575 2653 3645 sicque
2694 3576 2765 3631 ab
2823 3577 3040 3647 origine
3096 3590 3195 3633 sua
3266 3577 3523 3635 facultate
3562 3594 3696 3650 gau-

419 2283 629 2351 absque
662 2282 908 2339 nubibus
938 2292 1142 2339 terram
1180 2288 1500 2341 humectare
1532 2301 1716 2356 posse,
1740 2289 2004 2357 quemad-

420 2375 644 2430 modum
671 2375 854 2430 Nilum
887 2377 1148 2432 audimus
1180 2377 1393 2433 baustis
1440 2394 1470 2433 e
1505 2386 1663 2434 terra:
1694 2380 2004 2437 visceribus

420 3676 607 3738 deant,
641 3674 793 3729 nullo
824 3673 1047 3745 negetio
1076 3672 1287 3742 absque
1317 3671 1564 3725 externis
1595 3667 1905 3740 disciplinis
1937 3668 1994 3722 in
2037 3670 2258 3740 plenam
2290 3686 2478 3726 rerum
2513 3672 2763 3728 omnium
2790 3673 3047 3729 notitiam
3071 3673 3428 3744 pervadendi.

492 3766 782 3836 Multiplici
814 3766 985 3836 igitur
1010 3780 1079 3822 ex
1116 3764 1298 3836 capite
1336 3762 1604 3818 maximas
1646 3762 1747 3817 tibi
1791 3761 1999 3831 gratias

2174 3765 2278 3817 Διὰ
2323 3763 2390 3835 δή
2426 3764 2608 3820 ταῦτα
2653 3765 2836 3820 πάντα
2883 3765 3241 3830 παντοδαπὰς
3280 3767 3570 3836 ὁμολογεῖν
3608 3778 3696 3820 σοι

418 3862 616 3923 debeo,
639 3860 788 3932 quod
812 3859 1073 3914 videlicet
1101 3872 1189 3913 me
1215 3858 1453 3929 primum
1482 3856 1745 3911 diuturna
1779 3854 2001 3910 dubita-

2107 3856 2204 3920 τὰς
2236 3858 2468 3927 χάριτας
2492 3857 2782 3928 ὀφειλέτης
2817 3858 2960 3928 είμὶ,
2997 3858 3079 3912 ὅτι
3109 3876 3169 3913 τε
3203 3859 3424 3930 μακρᾶς
3447 3858 3693 3929 ἀπορίας

419 3957 571 4010 tione
614 3954 871 4008 liberaris
896 3950 1164 4022 ιιι-ποιοῖο
1192 3964 1259 4004 ac
1302 3946 1598 4020 magniﬁco
1626 3946 1850 4020 ingenio
1881 3954 1998 4012 tuo,

420 4064 451 4102 e
506 4063 617 4118 quo
671 4044 1101 4117 prudentissima
1156 4042 1329 4099 veluti
1383 4042 1696 4098 scaturiunt
1741 4038 1998 4104 consilia,

419 4135 682 4206 quodque
729 4136 857 4190 dein
898 4134 1343 4189 benevolentiam
1390 4134 1540 4189 illam
1580 4132 1807 4188 minime
1850 4132 2002 4186 luca-

422 4241 554 4294 tam,
585 4242 751 4299 quam
786 4226 949 4282 nobis
984 4226 1245 4281 exhibere
1290 4224 1529 4296 coepisti,
1568 4223 1688 4295 pari
1736 4223 1899 4279 modo
1931 4222 1999 4278 de

421 4324 511 4378 die
543 4323 598 4377 in
629 4319 781 4376 diem
807 4318 1122 4385 continues,
1152 4318 1389 4374 maxime
1421 4325 1632 4383 autent,
1662 4318 1810 4388 quod
1869 4316 2001 4373 illu—

2103 3951 2248 4021 ἔχεις
2288 3940 2611 4016 ἀπαλλάξας
2645 3953 2748 4023 ἐμὲ
2780 3951 2985 4023 δηλαδὴ
3033 3955 3101 4024 τῇ
3133 3953 3362 4024 γενναίᾳ
3392 3953 3487 4007 καὶ
3516 3970 3696 4023 μεγα-

2103 4046 2297 4113 λοφυεῖ
2326 4044 2533 4114 διανοίᾳ
2560 4061 2678 4108 σου,
2709 4044 2769 4112 ἐξ
2797 4040 2865 4117 ἧς
2896 4047 3071 4099 εἰπεῖν
3099 4046 3167 4099 τά
3195 4046 3362 4099 κεδνά
3394 4045 3693 4116 βλαστάνει
3721 4068 3731 4075 ~

2113 4135 2458 4206 βουλεύματα
2483 4135 2583 4189 καὶ
2617 4136 2700 4191 ὅτι
2748 4137 2890 4191 πάνυ
2922 4153 3005 4191 τοι
3042 4138 3248 4208 σφόδρα
3282 4139 3520 4208 γνησίως
3572 4138 3695 4192 δια·

2108 4228 2221 4283 θεὶς
2275 4228 2500 4282 σεαυτὸν
2555 4228 2644 4298 ἐφ’
2676 4230 2847 4301 ἡμᾶς.
2883 4230 2944 4284 ού
2995 4229 3298 4295 διαλείπεις
3356 4231 3450 4285 τὸν
3505 4231 3696 4300 ὅμοιον

2108 4321 2312 4391 τρόπον
2342 4322 2399 4385 ἂς
2432 4321 2499 4375 τὰ
2526 4321 2718 4391 πρόσω
2747 4321 2826 4392 τῷ
2875 4322 3055 4394 χρόνῳ
3092 4322 3437 4392 προϐαίνειν,
3471 4323 3694 4384 πάντως

425 4416 557 4470 stris
587 4412 770 4485 lingua
807 4422 899 4467 tua
927 4411 1110 4481 largas
1139 4407 1280 4463 adeo
1308 4408 1362 4463 in
1396 4423 1483 4463 me
1524 4406 1720 4462 laudes
1743 4407 2002 4463 ctl'undat,

2117 4412 2175 4465 δὲ
2200 4412 2296 4466 καὶ
2321 4412 2432 4465 τῶν
2458 4412 2697 4466 ιπαίνων
2743 4412 2955 4476 ἕνεκεν.
3012 4410 3110 4476 οὓς
3143 4412 3437 4476 πλουσίους
3471 4412 3607 4483 ἡμῖν
3655 4414 3694 4484 ἠ

419 4508 633 4563 Censeo
661 4518 817 4570 vero,
846 4502 1015 4558 etiam
1055 4499 1356 4571 Phrygium
1385 4497 1545 4554 illum
1582 4498 1913 4569 sapientem,
1943 4509 2002 4555 et

421 4607 696 4671 quotquot
753 4595 894 4652 alios
942 4593 1120 4650 eidem
1179 4592 1390 4648 similes
1454 4598 1674 4663 tempus
1743 4591 1999 4662 protulit,

422 4702 648 4761 magnas
682 4687 751 4757 (si
802 4684 930 4756 quis
974 4685 1083 4741 illis
1125 4682 1355 4759 sensus)
1405 4692 1619 4738 naturae
1666 4692 1770 4738 tua:
1796 4682 2005 4751 gratias

421 4778 646 4841 debere,
671 4792 767 4847 per
795 4791 961 4846 quam
996 4776 1135 4829 mira
1166 4773 1235 4829 de
1266 4773 1400 4844 ipsis
1434 4773 1635 4827 tradita
1660 4774 1772 4840 jam
1818 4781 1999 4827 astru-

424 4879 618 4933 uutur,
646 4876 812 4937 atque
841 4866 1093 4923 confessa
1117 4875 1173 4922 et
1208 4875 1364 4922 extra
1390 4880 1552 4922 omne
1571 4865 1801 4919 dubium
1830 4865 2002 4919 collo-

425 4973 544 5018 cata
581 4961 914 5016 redduntur.

1044 5099 1105 5155 ll.
1131 5099 1370 5155 Zaridw.

1266 5211 1561 5278 (Νοιίεεεζει
1579 5212 1795 5265 Extraita
1823 5214 1910 5267 dea
1934 5229 2079 5281 tum,

636 5323 997 5382 Prorerbinm
1029 5321 1221 5379 dicens
1252 5362 1269 5392 ,

356 5492 371 5499 -
409 5484 419 5494 ε
496 5419 651 5489 Quod
688 5418 849 5474 amici
875 5417 1000 5472 loco
1023 5426 1238 5472 remoto
1270 5415 1519 5471 viventes
1568 5415 1681 5486 jam
1735 5429 1842 5469 non
1875 5423 2006 5470 sunt
2070 5464 2077 5471 .

424 5516 611 5583 amici,
634 5512 762 5569 inde
793 5527 823 5567 a
849 5510 1015 5580 longo
1041 5517 1290 5580 tempore
1319 5522 1483 5564 aures
1506 5522 1656 5564 meas
1683 5509 2008 5578 obstrepue-

422 5617 537 5674 ιιι.
566 5592 733 5662 ﬁdem
752 5612 810 5660 et
835 5611 1075 5658 mentem
1101 5616 1279 5658 meam
1306 5600 1648 5666 lacessendo,
1682 5600 1756 5655 itu
1781 5601 2005 5671 quidem

428 5710 492 5761 att
515 5712 795 5773 nunquam
830 5711 898 5754 ex
929 5696 1115 5751 animo
1154 5710 1220 5750 ac
1244 5693 1668 5766 cogitationibus
1715 5693 1879 5763 plane
1911 5708 2007 5749 ex-

2112 4500 2341 4572 λαμπρά
2372 4518 2466 4557 σου
2516 4501 2811 4573 χαρίζεται
2870 4502 3119 4571 γλῶσσα.
3168 4502 3310 4571 Ἐγὼ
3362 4502 3419 4556 δὲ
3450 4502 3545 4555 καὶ
3592 4501 3690 4555 τὸν

2106 4594 2342 4665 Φρύγιον
2393 4596 2605 4649 ικεῖνον
2658 4596 2823 4663 σοφὸν
2857 4594 3242 4665 ἀποφαίνομαι
3299 4594 3398 4648 καὶ
3449 4593 3504 4645 εῖ
3526 4608 3696 4655 τινας

2110 4686 2229 4740 κατ’
2262 4687 2470 4739 ικεῖνον
2506 4688 2536 4740 ό
2561 4687 2752 4757 χρόνος
2791 4688 3019 4758 ἑτέρους
3049 4688 3385 4760 προήνεγκε,
3444 4685 3695 4756 μεγάλας

2112 4778 2190 4850 (εῖ
2211 4796 2296 4842 τις
2329 4778 2605 4851 αἴσθησις)
2645 4779 2931 4850 ὁμολογεῖν
2962 4797 3056 4833 σου
3092 4782 3160 4853 τῇ
3188 4780 3349 4850 φύσει
3399 4780 3497 4843 τὰς
3528 4777 3691 4850 κάρι-

2108 4887 2230 4935 τας,
2284 4869 2352 4924 δι’
2380 4864 2447 4942 ἧς
2476 4872 2538 4924 τὸ
2569 4869 2753 4925 αὐτῶν
2814 4871 3215 4940 βεὸαιώσαντες
3268 4872 3456 4943 θαῦμα
3495 4871 3694 4941 ὁμολο·

2110 4959 2377 5030 γούμενον
2398 4964 2536 5031 ἡμῖν
2562 4960 2868 5030 παρέδοσαν
2897 4962 2999 5033 ήδη
3026 4964 3118 5017 καὶ
3145 4962 3542 5032 ἀναμφίσολον.

2638 5103 2713 5160 B’.
2753 5103 2837 5172 Τῷ
2886 5106 3135 5175 Ζαρίδῃ.

2109 5227 2229 5271 tom.
2255 5218 2363 5281 ΧΠ,
2390 5226 2534 5282 parte
2550 5233 2602 5280 ll,
2628 5234 2679 5283 p.
2712 5220 2821 5282 22.)

2341 5324 2403 5380 Ἥ
2434 5327 2534 5395 μὲν
2572 5328 2868 5399 παροιμία,

2186 5417 2362 5489 Τήλοῦ
2399 5420 2546 5488 φίλοι
2577 5420 2817 5480 ναίοντες
2848 5418 2947 5472 οὐκ
2983 5417 3124 5472 είσὶν
3157 5417 3303 5489 φίλοι
3327 5457 3344 5485 ,
3377 5422 3688 5489 φάσκουσα,

2112 5512 2232 5571 ταῖς
2258 5510 2418 5581 ἐμαῖς
2438 5511 2608 5567 πάλαι
2631 5510 2799 5564 πολὺν
2820 5509 2922 5581 ήδη
2948 5513 3141 5581 χρόνον
3159 5510 3476 5582 ήνῶχληκεν
3492 5514 3695 5579 ἀκοαῖς

2110 5605 2353 5667 πίστεως
2403 5603 2711 5659 ἀπαιτοῦσα
2756 5605 2995 5675 ἐχέγγυα
3018 5647 3032 5671 ,
3065 5606 3160 5658 καί
3186 5622 3309 5658 τινα
3349 5604 3525 5659 πειθὼ
3551 5624 3694 5677 προ-

2111 5694 2419 5768 ϐαλλομένη
2480 5696 2837 5767 εὐπρόσωπον
2890 5697 2947 5761 ἐς
3008 5697 3128 5749 τόδε
3190 5698 3493 5764 παρέμεινε
3552 5701 3692 5760 τοὺς
