4068 6204
379 305 485 370 659

1593 312 2008 376 NICEPHORI
2049 316 2436 376 GBEGOR/E

3499 316 3606 381 660

375 415 474 472 η’.
517 416 628 475 Τοῦ
660 421 847 476 αὐτοῦ
880 419 1438 503 τῷηπρωτονοζαρίῳ
1478 427 1939 495 Θεσσαλονίκης
1968 437 2016 495 Α
2043 429 2138 483 καὶ
2175 430 2240 483 σὺ
2274 429 2335 483 τὸ
2359 431 2477 485 δέον
2505 431 2718 501 ήνυκὼς
2751 430 2851 503 ἔσῃ
2872 445 2887 464 ·
2916 431 3213 502 ὁλόκληρον
3241 430 3348 500 γάρ
3375 430 3443 484 ἂν
3467 430 3611 485 οὕτω

917 495 998 558 τῷ
1026 495 1390 561 Σωτηριώτῃ.

466 600 556 668 Ἐξ
608 604 866 674 ἡμισείας
901 622 994 674 μοι
1043 609 1210 678 φαίνῃ
1243 609 1514 678 χρηστός·
1555 611 1636 662 ὅτι
1687 609 1786 678 μὲν
1832 609 1942 682 γὰρ

382 694 672 764 ἐπιθυμεῖς
701 698 1051 767 γραμμάτων
1076 700 1246 767 ἐμῶν,
1275 701 1514 765 παλαιᾶς
1553 703 1769 772 ἐκείνης
1801 720 1943 774 μεμ-

382 789 616 857 νημένος
662 787 989 860 διατριϐῆς,
1040 789 1230 862 ἀνδρὸς
1281 792 1562 854 ἐπιεικοῦς
1606 793 1786 857 δοκεῐς
1849 813 1943 866 μοι

382 881 615 948 πρᾶγμα
661 883 865 932 ποιεῖν·
911 880 989 950 τῷ
1034 881 1100 947 δ’,
1139 884 1257 948 ἐξὸν
1299 887 1486 954 τυχεῖν
1535 881 1612 940 ὢν
1655 889 1807 957 ἐρᾷς,
1867 887 1945 958 μὴ

380 975 595 1044 πρῶτος
621 973 782 1037 αὐτὸς
815 975 1126 1046 χρήσασθαι
1173 979 1286 1041 τοῖς
1334 978 1429 1031 ἐπὶ
1463 978 1639 1032 ταῦτα
1689 981 1945 1050 κινήσου-

381 1067 432 1119 σί
467 1084 557 1136 με,
589 1067 694 1122 κᾶν
721 1067 922 1138 βραδύς
955 1087 1040 1132 τις
1093 1064 1137 1123 ὦ
1169 1071 1262 1125 καὶ
1293 1071 1489 1143 νωθὴς,
1543 1073 1716 1145 ταύτῃ
1763 1091 1854 1144 μοι
1885 1073 1948 1128 τδ

381 1159 502 1214 δέον
566 1161 928 1228 παραλείπειν
982 1165 1180 1226 δοκεῖς.
1234 1165 1388 1218 Ἐπεὶ
1454 1167 1510 1219 δέ
1557 1167 1638 1220 δεῖ
1664 1184 1787 1221 τινα
1839 1167 1949 1220 τῶν

380 1251 686 1306 καλλίστων
735 1254 982 1324 ἡγεμόνα
1034 1256 1309 1324 γενέσθαι,
1342 1257 1408 1311 σὺ
1466 1259 1523 1311 δὲ
1566 1258 1730 1312 τοῦτο
1760 1259 1950 1313 λαϐεῖν

381 1344 480 1395 οὐκ
530 1344 800 1414 ήνέσχου,
855 1346 974 1412 ἐξόν
1031 1364 1112 1400 σοι
1157 1351 1269 1411 τοῖς
1326 1349 1587 1412 τοιούτοις
1635 1351 1948 1419 ἀμέμπτως

382 1435 754 1503 πλεονεκτεῖν,
787 1439 899 1504 ἐγώ
935 1455 1019 1492 σοι
1048 1439 1272 1510 γίνομαι
1297 1441 1504 1494 τούτων
1537 1442 1848 1512 ύφηγητής,
1882 1443 1951 1495 ἵν’

378 1526 548 1589 οὕτως
576 1530 706 1597 γοῦν
733 1529 886 1584 ἐποιό
901 1547 1010 1599 μοι,
1047 1531 1181 1602 πρὸς
1216 1533 1560 1603 παράδειγμα
1580 1533 1792 1602 βλέπων
1831 1533 1952 1588 τού-

383 1619 497 1688 μόν.
529 1621 591 1672 Εί
624 1620 722 1691 μὲν
744 1621 837 1676 οὖν
861 1623 1200 1690 τούντεῦθεν,
1220 1625 1279 1678 τὸ
1304 1626 1571 1696 ῥᾳθυμεῖν
1591 1627 1949 1696 ἀποθέμενος,

377 1711 470 1764 ἐπὶ
516 1713 577 1764 τὺ
615 1713 853 1784 γράφειν
890 1713 1064 1785 ἥξεις,
1100 1718 1262 1787 ἡμεῖς
1319 1718 1376 1770 τέ
1414 1735 1471 1770 σε
1519 1718 1946 1788 ἐπαινεσόμεθα,

2048 523 2140 573 τὸν
2171 521 2368 574 σαυτοῦ
2413 522 2615 593 τρόπον
2658 524 2792 591 ἡμῖν
2824 525 2921 576 καλ⁸
2953 524 3053 577 οὐκ
3103 522 3270 594 ἀτελῆ
3303 540 3389 592 γε,
3420 523 3612 594 ὥσπερ

2047 608 2164 673 νῦν,
2192 613 2602 681 παραστήσαις.
2641 612 2760 666 Κᾶν
2793 612 2929 683 πρὸς
2969 613 3028 665 σὲ
3065 613 3267 682 βλέπω,
3299 613 3400 664 οὐκ
3429 613 3613 683 ἀνήσω

2042 703 2154 764 τοῖς
2197 703 2333 764 ίσοις
2363 701 2692 770 ἀμείϐεσθαί
2716 719 2776 756 σε
2807 718 2822 734 ·
2889 703 3105 757 δίκαιον
3134 704 3244 774 γάρ
3281 721 3372 773 με,
3406 703 3500 758 τοῦ
3539 721 3618 772 γι-

2045 793 2311 863 γνομένου
2337 795 2538 857 παντὸς
2551 794 2890 865 τυγχάνοντα
2924 813 2996 849 πα
3007 797 3074 865 ρά
3100 795 3214 861 σοῦ,
3246 797 3339 850 καὶ
3363 796 3527 850 αύτὸν
3554 797 3616 850 τὸ

2044 886 2165 940 δέον
2193 886 2515 941 ἀντιδιδόναι
2539 903 2554 919 ·
2598 904 2618 939 ι
2659 888 2758 952 Δὸς
2798 888 2909 958 γάρ
2939 905 2992 941 τι
3032 889 3126 942 καὶ
3188 887 3318 942 λάϐε
3373 905 3449 954 τι,
3483 888 3617 958 φησί

2045 994 2131 1039 τις
2175 977 2286 1031 σῶν
2336 978 2585 1032 παλαιῶν
2609 993 2622 1005 ·
2655 979 2692 1033 ἀ
2712 979 2823 1050 γὰρ
2851 980 2971 1049 χεὶρ
2998 980 3100 1034 τάν
3123 981 3280 1051 χεῖρα
3306 982 3463 1045 νίζει.
3501 999 3520 1033 ι
3551 982 3615 1035 ΕΙ

2047 1069 2098 1122 δ’
2131 1071 2390 1138 ἐμμενεῖς
2416 1072 2482 1140 τῇ
2519 1074 2670 1141 σιγῇ,
2707 1071 2902 1141 μηκέτ’
2932 1071 3034 1141 ἐμὲ
3081 1072 3244 1125 δίωκε
3273 1073 3615 1139 σκαιότητος,

2047 1163 2081 1232 ἢ
2116 1163 2226 1216 τῶν
2252 1163 2422 1232 φίλων
2467 1164 2766 1234 ὑπεροψίας
2789 1182 2803 1196 ·
2864 1164 3060 1220 σαυτὸν
3088 1165 3145 1219 δὲ
3191 1166 3351 1220 αίτιῶ
3389 1164 3451 1218 τὸ
3501 1165 3619 1218 δέον

2048 1254 2421 1318 ἐκλελοιπότα,
2455 1250 2499 1323 ᾧ
2548 1257 2606 1326 μ’
2637 1257 2839 1330 ἐκίνεις
2885 1256 2954 1311 ἂν
2991 1258 3085 1311 ἐπὶ
3147 1257 3207 1310 τὸ
3251 1257 3484 1327 γράφειν
3509 1255 3619 1311 ἀεί.

2051 1349 2217 1417 Σιγὴν
2253 1348 2362 1419 γὰρ
2391 1348 2505 1412 ἄξω
2538 1348 2712 1416 κάγὼ,
2747 1349 2839 1402 τοῦ
2875 1350 3121 1412 κινοῦτος
3149 1350 3250 1402 ούκ
3278 1348 3622 1425 ὁντοςχέπεὶ

2052 1440 2147 1493 καὶ
2173 1439 2268 1493 νῦν
2290 1441 2389 1493 οὐκ
2415 1441 2481 1494 ἂν
2515 1440 2798 1511 ἐμνήσθην
2847 1441 2984 1511 πρὸς
3025 1441 3085 1494 σὲ
3111 1440 3485 1511 γραμμάτων,
3520 1440 3623 1493 οὐκ

2053 1535 2261 1598 εἰωθὼς
2292 1536 2557 1606 πρότερον
2589 1536 2749 1589 τοῦτο
2796 1539 2993 1602 ποιεῖν,
3013 1534 3064 1589 εί
3105 1536 3182 1606 μή
3222 1551 3290 1605 με
3321 1537 3350 1589 ὁ
3387 1532 3621 1604 χρηστὸς

2055 1625 2240 1679 οὑτοσὶ
2266 1627 2484 1691 νεανίας
2511 1644 2689 1683 κατε..
2704 1668 2716 1682 .
2733 1668 2746 1684 .

457 1829 654 1906 (Hanc
685 1832 1015 1910 epistolam
1047 1848 1186 1893 cum
1220 1835 1508 1912 sequenti
1546 1834 1743 1894 edidit
1765 1835 1820 1896 J.
1851 1838 1922 1894 A.
1954 1835 2226 1894 Cramer.
2258 1833 2320 1893 in
2348 1831 2652 1912 Anecdot.
2690 1832 2922 1912 Oxon,
2963 1839 3111 1894 tom.
3145 1832 3246 1905 IV,
3282 1846 3359 1892 ex
3397 1828 3536 1891 cod.

1239 1910 1432 1973 La'ud.
1466 1914 1572 1973 Gr.
1612 1912 1710 1989 10,
1741 1914 1966 1988 charL,
1997 1912 2185 1974 form.
2225 1910 2416 1973 in-4“.
2449 1927 2595 1974 saec.
2630 1910 2760 1990 xv.)
2798 1981 2808 2004 ,Ι
3517 1926 3524 1936 "

657 2037 753 2092 Μ’.
809 2035 897 2102 Τῷ
919 2038 1394 2108 φιλοσοφωτάτῳ
1421 2039 1666 2108 Ἰωσήφ.

457 2145 832 2219 Ἀριστοτέλης
868 2151 1244 2220 όΝικομάχου
1302 2151 1393 2204 καὶ
1451 2152 1567 2204 ὅσοι
1622 2150 1947 2219 αίρεσιῶται

381 2236 441 2286 τὸ
480 2238 580 2305 τῆς
611 2236 796 2305 φιλίας
829 2238 924 2308 οὐχ
954 2239 1158 2293 ἁπλοῦν
1205 2239 1574 2294 ἐκδεδώκασιν
1618 2240 1811 2309 ὄνομα,
1849 2240 1946 2294 ἀλ-

384 2326 451 2379 λά
492 2328 856 2398 πολλαπλοῦν,
899 2331 994 2383 καὶ
1027 2331 1269 2402 πολλαχῆ
1321 2331 1689 2402 διαφερόντως
1739 2332 1864 2402 ἔχον
1891 2335 1950 2385 ἐν

383 2419 495 2479 τοῖς
533 2418 865 2491 ἱδικωτέροις
895 2421 1258 2492 ἀπλούμενον.
1292 2422 1382 2494 Μὴ
1413 2423 1521 2494 γὰρ
1555 2425 1636 2477 ὅτι
1663 2423 1949 2493 πολιτικὴν

382 2509 567 2572 ἁπλῶς
604 2513 697 2565 καὶ
727 2513 1042 2585 φυλετικὴν,
1075 2514 1156 2568 ἔτι
1186 2515 1295 2584 μήν
1325 2517 1663 2588 συγγενικήν
1687 2517 1780 2570 καὶ
1803 2518 1950 2570 ἐται-

387 2600 564 2671 ρικήν,
602 2601 695 2656 καὶ
718 2603 839 2657 ὅσιαι
863 2605 963 2676 τήν
994 2607 1178 2676 σχέσιν
1206 2605 1401 2676 ὁμοίαν
1430 2610 1524 2660 καὶ
1551 2607 1948 2678 ἀντιστρέφον-

382 2711 482 2748 σαν
515 2696 751 2766 ἔχουσιν,
784 2698 918 2752 ἀλλά
953 2699 1048 2752 καὶ
1081 2701 1272 2754 ὁπόσοι
1300 2701 1549 2770 ἀνόμοιοί
1583 2719 1642 2754 τε
1677 2701 1772 2756 καὶ
1832 2703 1947 2758 άνιο

385 2805 490 2842 σοι·
535 2790 636 2843 ὅσα
683 2807 744 2859 γε
815 2793 937 2845 κατ’
968 2793 1127 2860 ἀξίαν
1170 2795 1266 2846 καλ⁸
1317 2793 1535 2864 χρόνον,
1593 2797 1685 2849 καὶ
1742 2795 1950 2849 τούτων

379 2878 426 2933 δ’
465 2882 661 2936 ειδέναι
705 2885 888 2952 φιλίας
934 2885 1160 2940 ἔπεισαν
1192 2889 1399 2951 αὐτοῖς.
1445 2889 1727 2952 Μειζόνων
1750 2887 1950 2961 δηλαδὴ

383 2973 519 3043 πρὸς
546 2973 822 3038 ἐλάττους·
871 2975 964 3028 καὶ⁴
993 2978 1327 3031 τούναντίον·
1360 2980 1455 3032 καὶ
1488 2979 1764 3050 θειοτέραν
1811 2981 1950 3051 πρὸς

381 3065 874 3136 ἀνθρωπικώτερον
905 3072 997 3120 καὶ
1023 3069 1359 3146 τούναντίον·
1397 3071 1651 3125 ἐντεῦθεν
1707 3073 1815 3144 γὰρ
1857 3074 1950 3125 καὶ

380 3157 447 3210 τὸ
472 3155 721 3226 θεοφιλὲς
757 3157 1064 3226 είσάγεται,
1111 3162 1204 3213 καὶ
1243 3161 1517 3230 φιλόθεον,
1569 3164 1666 3216 κα)⁵
1719 3164 1949 3232 φιλοπά-

381 3267 478 3316 τορ
507 3249 643 3318 ὁμοῦ
673 3251 764 3302 καὶ
804 3250 1142 3320 φιλότεκνον.
1195 3253 1259 3307 Εἰ
1289 3253 1347 3306 δὲ
1379 3255 1574 3322 ταῦτα,
1633 3258 1728 3310 καὶ
1763 3259 1948 3327 φιλίαν

1980 2045 2023 2101 Β
2049 2036 2222 2090 ταῦτα
2256 2036 2457 2106 πολλὴν
2503 2039 2617 2100 τοῖς
2655 2034 2954 2104 θεωμένοις
2978 2031 3322 2104 χαριζόμενα
3356 2032 3454 2103 τὴν
3478 2031 3625 2099 ώφέ·

2049 2127 2221 2188 λειαν,
2254 2126 2322 2178 τά
2351 2125 2396 2178 δ’
2423 2125 2670 2196 ἡμέτερα
2701 2123 3035 2190 τούναντίον,
3074 2126 3167 2176 καὶ
3215 2120 3390 2175 ταῦτα
3419 2120 3626 2189 πολλὴν

2052 2219 2420 2288 ἐπισυρόμενα
2446 2217 2545 2290 τήν
2573 2216 2905 2286 φαυλότητα,
2937 2216 3197 2286 χωλεύειν
3221 2215 3376 2269 οὐδὲν
3424 2214 3625 2269 κωλύει

2051 2313 2097 2365 τ·
2129 2310 2352 2380 ἀγαθόν,
2417 2311 2489 2364 Τὸ
2522 2311 2630 2380 γὰρ
2665 2310 2725 2375 ἐξ
2777 2308 2910 2378 ἐμοῦ
2969 2326 3050 2362 σοι
3084 2309 3344 2372 ἀνενδεές.
3378 2309 3454 2370 ῶς
3486 2299 3625 2375 ἐγῷ-

2053 2421 2176 2474 μαι,
2209 2404 2451 2474 ἔρχεται·
2500 2403 2561 2457 τὸ
2593 2403 2648 2456 δέ
2680 2403 2770 2458 σὺν
2796 2405 2856 2466 ἐς
2888 2404 3058 2474 ἡμᾶς,
3094 2402 3196 2456 οὐκ
3261 2402 3370 2472 ἔχω
3397 2402 3480 2454 ὅτι
3511 2399 3621 2470 φῶ.

2123 2517 2318 2570 Καίτοι
2345 2515 2658 2570 τούναντίον
2701 2516 2904 2586 μᾶλλον
2960 2515 3068 2569 ἔδει
3102 2513 3303 2584 πολλῷ.
3365 2513 3438 2566 Σὺ
3510 2512 3622 2583 γάρ

2003 2629 2008 2634 ·
2049 2608 2234 2662 εἰκόνα
2255 2607 2442 2680 φέρεις
2467 2609 2561 2663 τοῦ
2601 2609 2842 2678 μεγάλου
2907 2612 3135 2678 πατρὸς,
3174 2609 3232 2671 δς
3262 2606 3468 2677 μᾶλλόν
3503 2607 3623 2658 ἐστι

2052 2702 2455 2774 φιλάνθρωπος,
2484 2705 2517 2775 ἢ
2546 2703 2791 2772 φιλόθεον
2823 2704 2882 2758 τὸ
2911 2703 3274 2776 ἀνθρώπινον·
3306 2703 3500 2757 ἔπειτα
3526 2702 3622 2755 καὶ

2050 2797 2144 2850 τοῦ
2177 2797 2339 2866 χάριν
2360 2796 2522 2850 ἄλλου
2551 2796 2603 2848 τί
2625 2797 2851 2865 γίγνοιτ’
2881 2798 2948 2851 ἂν
2973 2795 3202 2864 ἀγαθοῦ,
3227 2795 3292 2860 νὴ
3321 2795 3415 2848 τὶν
3445 2794 3622 2862 φίλιον

2050 2891 2150 2958 οὐχ
2171 2889 2302 2954 ὁρῶ·
2348 2891 2398 2941 εί
2455 2888 2626 2958 δὲμὴ
2697 2889 2756 2941 σέ
2796 2887 3054 2941 τοσοῦτον
3111 2886 3438 2956 καταόἧναι,
3497 2885 3623 2938 ὅσον

2051 2982 2199 3054 ἡμᾶς
2230 2979 2530 3050 ἀναχθῆναι
2559 2979 2661 3032 δεῖ·
2693 2979 2794 3047 φεῦ
2820 2978 2921 3041 τῆς
2960 2977 3102 3048 ἐμῆς
3131 2977 3323 3048 τύχης·
3385 2972 3420 3029 ἆ
3445 2974 3619 3042 δειλή·

2049 3074 2101 3128 τί
2135 3073 2190 3144 μ’
2221 3075 2279 3135 ἐς
2317 3072 2572 3124 τοσοῦτον
2619 3071 2966 3143 ἀχορήγητον
3029 3070 3235 3141 ἔθηκας
3289 3069 3465 3122 ὁπόσα
3513 3065 3626 3120 τῶν

2052 3167 2159 3219 σῶν
2187 3165 2408 3231 ἀγαθῶν
2455 3165 2531 3226 ὡς
2589 3163 2881 3236 ὑπερόριον
2931 3161 3220 3232 γίγνεσθαι
3263 3162 3358 3215 καὶ
3410 3159 3626 3230 φυγάδα

2049 3257 2149 3325 τῆς
2178 3255 2286 3309 τῶν
2316 3256 2497 3310 καλῶν
2527 3255 2739 3326 ἀνδρῶν
2785 3255 3073 3318 κοινωνίας
3129 3255 3302 3326 χωρίς
3343 3269 3498 3316 τινος
3531 3251 3625 3320 δη-

382 3343 482 3395 ούκ
503 3343 568 3396 ἂν
597 3344 705 3396 τῶν
740 3345 1049 3398 ἀπεικότων
1099 3347 1186 3416 είη
1219 3349 1409 3400 καλεῖν
1447 3349 1547 3416 τὴν
1587 3350 1790 3420 μεταξὺ
1826 3353 1948 3420 σχέο
1978 3373 2021 3431 c
2059 3346 2284 3418 μοτικοῦ
2335 3346 2712 3418 ψηφίσματος·
2771 3349 2868 3401 καὶ
2937 3349 3066 3417 πρὶν
3133 3344 3494 3416 κληρονομεῖν
3527 3341 3625 3395 τοῦ

386 3452 470 3487 σιν
505 3435 662 3506 ἡμῶν
687 3453 744 3488 τε
775 3438 868 3490 καὶ
893 3438 1160 3506 μεγέθους
1185 3439 1277 3492 τοῦ
1309 3439 1424 3494 σοῦ·
1460 3441 1539 3510 τῷ
1600 3441 1701 3511 μὲν
1730 3443 1950 3496 ὑποκει-

389 3527 535 3598 μένῳ
569 3526 987 3600 ταυτιξομένην,
1043 3533 1110 3601 τῇ
1147 3532 1201 3584 δέ
1259 3534 1441 3602 σχέσει
1487 3534 1948 3605 διαφορουμένην.

394 3621 502 3673 Καὶ
532 3619 617 3673 ίνα
661 3622 800 3674 κατά
832 3623 1034 3676 σκοπὸν
1063 3624 1089 3674 ὁ
1121 3623 1275 3690 λόγος
1311 3623 1619 3693 πορεύοιτο,
1689 3624 1806 3678 ἔστι
1857 3642 1954 3694 με·

394 3712 526 3776 ταξὺ
555 3713 647 3765 τοῦ
679 3714 948 3784 Περσικοῦ
974 3715 1175 3768 κόλπου
1207 3716 1300 3769 καὶ
1344 3715 1486 3786 ὁρῶν
1515 3716 1622 3770 τῶν
1651 3716 1950 3786 μεγίστων,

393 3805 428 3860 ἀ
459 3805 792 3876 ίιαρασύρας
821 3809 912 3860 καὶ
940 3807 1222 3876 Δειράνδας
1258 3807 1485 3880 χωρίζει
1528 3808 1666 3877 πρὸς
1715 3808 1791 3861 ’ἑω
1854 3809 1954 3862 καὶ

391 3899 632 3970 ποταμὸν
650 3901 741 3954 τὸν
776 3901 962 3966 Ἰνδὸν,
1021 3900 1174 3970 χώρα
1211 3917 1294 3964 τις
1329 3902 1428 3971 οὐχ
1500 3899 1682 3970 ἁπλῆν
1714 3901 1956 3971 τοῦνομα

393 3994 708 4064 Καρμανία.
737 3992 812 4045 Τὸ
848 3993 946 4063 μὲν
977 3993 1086 4063 γάρ
1110 3995 1295 4056 αὐτοῖς
1319 3993 1497 4056 ἅδιον,
1527 3994 1588 4046 τὸ
1616 3993 1664 4046 δ’
1696 3993 1956 4062 οἰκουμέ-

387 4105 452 4158 νη
477 4089 572 4155 γῆ·
603 4087 854 4157 Μηδικὴν
887 4086 986 4156 μὲν
1016 4087 1162 4140 ἐῶσα
1186 4087 1320 4157 πρὸς
1352 4085 1574 4157 ἄρκτον·
1614 4086 1747 4154 πρὸς
1776 4085 1832 4138 δὲ
1857 4102 1955 4154 με·

389 4179 686 4250 σημϐρίαν,
735 4178 930 4241 Ἰνδούς
963 4196 1020 4232 τε
1084 4179 1177 4232 καὶ
1214 4177 1430 4247 πελάγη
1485 4179 1554 4232 τά
1583 4180 1690 4233 τῶν
1753 4178 1951 4232 Ἰνδῶν.

401 4269 489 4321 Ἐν
512 4268 685 4338 ταύτῃ
722 4267 879 4335 λόγος
917 4264 1076 4331 εἶναι,
1113 4269 1164 4320 οἳ
1205 4269 1392 4336 φιλίαν
1419 4268 1580 4320 ὁπότε
1617 4269 1752 4339 πρὶς
1787 4268 1954 4338 ἀλλή-

389 4365 513 4423 λους
538 4361 849 4430 ὁμολογοῖεν
877 4361 1094 4412 λύουσιν
1145 4360 1258 4412 ἔστι
1285 4361 1349 4424 ἃς
1376 4359 1484 4412 τῶν
1529 4361 1623 4411 ἐπὶ
1658 4361 1752 4413 τοῦ
1785 4378 1952 4431 προσ⁴

387 4456 540 4508 ώπου
573 4454 807 4524 φλεϐῶν·
860 4455 952 4508 καὶ
987 4453 1307 4507 τούντεῦθεν
1333 4453 1641 4524 καταρρέον
1697 4449 1838 4524 αἷμα
1877 4454 1956 4526 τῷ

393 4551 599 4618 πόματι
631 4547 1102 4618 ἀνακεραννύντες
1132 4545 1383 4617 ἀλλήλοις
1437 4547 1764 4615 προπίνουσι
1795 4562 1809 4576 ·
1868 4549 1955 4617 βεο

391 4641 549 4703 σαίας
577 4640 680 4710 ήδη
765 4641 858 4692 καὶ
917 4637 1204 4707 ἀσφαλοῦς
1259 4637 1443 4706 φιλίας
1503 4639 1765 4708 ἐνέχυρον
1809 4638 1956 4709 ἔχειν

390 4732 681 4801 ἡγούμενοι
740 4734 801 4784 τὸ
839 4729 1096 4799 γεύεσθαι
1125 4729 1218 4784 τοῦ
1255 4731 1504 4800 ἀλλήλων
1539 4730 1790 4799 αἵματος.

462 4825 619 4878 Τοῦτ’
661 4824 821 4886 αὐτὸς
893 4824 1081 4895 ὥσπερ
1136 4825 1398 4894 ἐχέγγυον
1457 4823 1756 4893 ἀκραιφνὲς
1814 4824 1960 4892 εἰλη-

391 4918 528 4987 φὼς,
557 4916 710 4984 τάμά
740 4932 841 4979 σοι,
867 4915 1111 4970 θειότατε
1131 4916 1406 4984 ἄνθρωπε,
1427 4917 1798 4986 παρεσχήκειν
1831 4914 1957 4986 ἐζη-

389 5011 579 5080 τηκότι
610 5009 940 5079 γράμματα,
983 5009 1274 5078 ἀσώματος
1299 5011 1399 5077 μὲν
1432 5011 1532 5063 οὐκ
1573 5011 1640 5064 ἀν
1689 5026 1772 5071 τις
1825 5009 1956 5071 ἴσως

389 5101 530 5174 αἷμα
560 5105 775 5172 φήσειε·
812 5103 989 5172 ψυχῆς
1024 5120 1084 5168 γε
1133 5102 1239 5173 μὴν
1269 5104 1456 5172 ἕτερον
1501 5104 1704 5172 τρόπον
1755 5101 1856 5154 οὐκ
1889 5103 1956 5154 ἂν

389 5197 671 5264 τοσοῦτον,
725 5191 905 5268 οἶμαι,
971 5199 1148 5266 φήσας
1207 5197 1465 5266 ἁμάρτοι·
1521 5196 1740 5258 ἐλπίδας
1791 5195 1948 5258 αὐτὸς

391 5289 613 5359 ἐμαυτῷ
645 5289 895 5352 δεδωκὼς
927 5288 1212 5360 ῥᾳστώνης
1247 5289 1451 5357 μεστὰς
1475 5287 1572 5340 καὶ
1590 5288 1822 5357 τρυφῆς,
1877 5287 1951 5350 ῶς

391 5383 674 5452 ἓψεταιτῇ
722 5381 882 5434 δώσει
936 5383 998 5432 τὸ
1055 5380 1272 5450 λῆμμα·
1311 5382 1460 5432 τουτὶ
1513 5380 1577 5450 δὴ
1634 5381 1780 5447 λέγω
1835 5382 1961 5442 τοὺς

392 5475 520 5537 σοὺς
553 5474 742 5542 λόγους
765 5473 860 5536 οὓς
893 5475 954 5524 οὐ
989 5472 1083 5524 σοῦ
1106 5489 1170 5540 γε
1201 5473 1360 5542 χάριν
1413 5474 1707 5540 ἐπόνησας,
1771 5469 1957 5539 ὥσπερ

389 5568 512 5621 ούδέ
559 5567 798 5620 θάλαττα
848 5565 1048 5628 ἑαυτῆς
1097 5564 1282 5618 εἵνεκα
1315 5564 1376 5616 τὸ
1430 5562 1572 5632 ὓδωρ
1607 5564 1794 5627 ἀπλοῖ,
1841 5563 1958 5615 ἀλλ’

389 5662 503 5714 ὅσοι
528 5659 850 5715 τούντεῦθεν
875 5657 1136 5712 διώκουσι
1173 5657 1380 5728 κέρδος·
1415 5659 1463 5710 εί
1499 5658 1556 5710 δὲ
1603 5658 1666 5710 σὺ
1705 5658 1773 5710 τά
1827 5673 1958 5709 σαυ-

394 5751 489 5805 τοῦ
525 5753 802 5824 ἀνέκφορα
830 5752 1016 5822 μένειν
1066 5751 1224 5823 ήμῶν
1262 5768 1323 5819 γε
1378 5751 1559 5803 εἵνεκα
1612 5751 1807 5816 ἀξιοῖς,
1861 5751 1958 5803 καὶ

2054 3440 2483 3509 κατατρέχοντος
2515 3440 2574 3503 ἐξ
2618 3439 2870 3510 ’Δττικῆς
2902 3438 3196 3510 ὀστράκου,
3228 3436 3404 3500 ἄλλως
3437 3449 3496 3487 τε
3530 3434 3627 3487 καὶ

2055 3533 2239 3584 πᾶσαν
2262 3531 2529 3601 ἁρμονίαν
2560 3532 2872 3602 ἐξαιρετέον
2921 3530 3108 3584 λοιπὸν
3131 3530 3194 3584 ἐκ
3225 3529 3450 3592 παντὸς,
3483 3526 3531 3579 εί
3559 3524 3630 3595 δὴ

2056 3625 2404 3695 πολυμιγέων
2433 3625 2627 3687 ἐνωσις
2658 3624 2797 3694 αὕτη
2836 3625 2932 3677 καὶ
2957 3623 3080 3692 δίχα
3117 3620 3455 3692 φρονεόντων
3482 3635 3628 3688 συμ-

2057 3721 2339 3788 φρόνησις.
2372 3718 2446 3770 Οὐ
2473 3718 2580 3789 γάρ
2612 3717 2680 3772 ἂν
2699 3716 2901 3783 ἄλλως,
2930 3711 3107 3786 οῐμαι,
3142 3714 3353 3782 γένοιτο
3385 3710 3630 3773 ἀνέσεως

2055 3810 2185 3862 ἀνευ
2211 3807 2308 3863 καὶ
2337 3809 2661 3871 ἐπιτάσεως.
2735 3807 2876 3860 Ἀλλ’
2899 3808 2949 3859 εί
2983 3805 3084 3876 μὲν
3151 3803 3326 3858 ταῦτα
3349 3803 3524 3871 λέγων
3556 3795 3619 3855 εὖ

2055 3901 2218 3971 λέγω,
2252 3901 2502 3966 πλούτιζε
2530 3903 2643 3965 τοῖς
2682 3902 2867 3968 σοφοῖς
2901 3916 2995 3952 σου
3045 3899 3225 3967 λόγοις
3256 3898 3426 3968 ημᾶς.
3453 3895 3624 3950 Τουτὶ

2057 3995 2166 4064 γὰρ
2204 3995 2336 4064 ήμῖν
2365 3996 2393 4048 ὁ
2443 3994 2665 4057 σκοπός·
2697 3994 2746 4045 εί
2778 3989 2966 4056 δὀῦν,
3005 3990 3304 4060 σύγγνωθι·
3353 3992 3466 4051 τοῖς
3514 3988 3627 4057 γὰρ

2057 4088 2323 4150 ἀκουσίως
2353 4088 2643 4139 πταίσασιν
2693 4085 2939 4138 ἑκούσιον
2970 4084 3202 4138 ἕπεσθαι
3231 4083 3329 4151 τὴν
3378 4079 3629 4150 συγγνώρ

2060 4198 2168 4249 μην
2192 4180 2419 4235 δίκαιον.
2468 4179 2555 4242 Ὠς
2590 4177 2698 4247 γὰρ
2730 4177 2789 4230 εὖ
2820 4179 3008 4247 ἔμοιγε
3034 4179 3265 4246 λέγοντι,
3319 4176 3504 4230 ἑκόντι
3535 4175 3628 4242 γί-

2057 4289 2248 4340 γνεται
2274 4272 2452 4336 τοῦτο,
2480 4269 2657 4334 οῦτως
2706 4271 2756 4323 εί
2791 4271 2978 4334 κακῶς
3010 4271 3218 4325 άκοντι·
3271 4269 3380 4323 τῶν
3403 4269 3511 4339 γὰρ
3535 4269 3630 4320 ιν-

2058 4365 2255 4419 αντίων
2290 4366 2419 4434 μιᾶς
2461 4362 2632 4432 οὔσης
2692 4365 2789 4432 τῆς
2851 4363 3187 4433 ἐπιστήμης,
3244 4361 3320 4424 ὡς
3371 4362 3420 4414 οί
3455 4360 3630 4413 πάλαι

2060 4455 2214 4524 σοφοὶ
2239 4452 2682 4518 δογματίζουσιν,
2716 4451 2909 4506 ἕπεται
2957 4451 3081 4504 τῶνε
3113 4450 3300 4504 καλῶν
3359 4449 3631 4503 ἑκουσίων

2059 4546 2425 4614 γιγνομένων,
2455 4545 2687 4598 ἀκούσια
2717 4545 3036 4614 νομίζεσθαι
3091 4543 3162 4597 τὰ
3222 4543 3387 4597 κακά·
3437 4540 3634 4611 ὥσπερ

2059 4641 2168 4711 γὰρ
2214 4637 2378 4701 καλὸς
2421 4641 2572 4692 ἄκων
2633 4640 2828 4704 οὐδεὶς,
2882 4640 3054 4700 οὓτως
3111 4635 3221 4690 οὐδ’
3256 4634 3398 4687 ἑκὼν
3457 4635 3630 4697 κακὸς

1993 4713 2035 4768 θ
2060 4733 2256 4796 οὐδείς.

2132 4826 2204 4878 Σὺ
2233 4825 2290 4876 δὲ
2323 4823 2474 4894 κρίνε
2501 4827 2660 4876 ταυτὶ
2694 4827 2788 4878 καὶ
2839 4825 3038 4893 διαίρει
3090 4825 3156 4895 τῇ
3182 4827 3249 4895 σῇ
3298 4824 3630 4894 μεγαλονοίᾳ

2065 4917 2394 4986 σοφώτερον,
2422 4917 2513 4968 καὶ
2548 4916 2625 4985 μὴ
2645 4915 2834 4984 λήγοις
2859 4914 3195 4985 σοφρονίζων
3218 4917 3313 4968 καὶ
3343 4914 3630 4985 ῥυθμίζων

2063 5011 2154 5063 καὶ
2185 5008 2423 5078 θύραθεν
2477 5008 2545 5061 τά
2595 5009 2861 5078 ἡμέτερα.
2913 5010 2985 5061 Σὺ
3018 5010 3127 5078 γάρ
3187 5027 3276 5078 μοι
3335 5010 3427 5062 καὶ
3464 5008 3632 5076 σοφὸς

2061 5102 2306 5172 ἀπλανὴς
2377 5103 2470 5156 καὶ
2517 5101 2710 5171 κριτὴς
2783 5102 3057 5172 ἀρῤεπὴς,
3113 5104 3209 5156 καὶ
3247 5103 3431 5164 Μίνως
3489 5099 3625 5166 ζῶν,

2062 5197 2158 5248 καὶ
2189 5195 2528 5265 χρησμῳδῶν
2560 5194 2856 5248 Ἀπόλλων.
2915 5195 3060 5246 Ἀλλ’
3093 5194 3139 5246 ὦ
3189 5195 3270 5256 τίς
3310 5194 3376 5247 ἂν
3429 5195 3626 5264 μεθείη

2065 5287 2205 5340 κατά
2237 5286 2384 5356 μῆνα
2416 5287 2638 5357 ἡμερῶν
2675 5288 2901 5339 ἐκείνων
2961 5287 3121 5339 ὁπότε
3167 5289 3340 5355 συχνὰ
3377 5287 3631 5355 ὁμιλοῦσι

2063 5381 2323 5432 παντοίαν
2377 5378 2698 5448 κομίζεσθαι
2751 5379 2849 5448 τὴν
2904 5378 3173 5447 ὠφέλειαν
3227 5379 3334 5431 ἀπὸ
3377 5378 3628 5447 γλώττης

2067 5474 2198 5541 ἡμῖν
2225 5471 2372 5541 ἐξείη
2409 5473 2508 5538 τῆς
2567 5470 2687 5540 σῆς,
2758 5473 2953 5524 ἀλιέων
3004 5470 3360 5540 μιμουμένοις
3403 5474 3627 5540 τρόπον,

2065 5563 2284 5616 ἐπειδὰν
2306 5563 2447 5616 κατὰ
2475 5562 2745 5632 θαλάττης
2773 5564 2968 5616 ἐκεῖνοι
2998 5567 3095 5635 τήν
3125 5565 3368 5632 σαγήνην
3423 5565 3623 5616 καθέν-

2064 5672 2154 5720 τες
2190 5655 2438 5723 ποικίλην
2465 5654 3004 5725 ἐκεῐθεν,ἀνιμῶνται
3035 5657 3130 5725 τὴν
3159 5656 3337 5724 ἄγραν
3372 5670 3386 5719 ;

2136 5749 2482 5818 Παρίσταται
2523 5748 2586 5818 δή
2639 5766 2729 5820 μοι
2765 5749 2856 5802 καὶ
2925 5749 3090 5802 αὐτὸν
3128 5750 3306 5802 ἐκεῖνο
3364 5747 3638 5813 ποιεῖν,δ
