4068 6204
349 242 456 305 665

1757 236 2169 310 EPISTOLJEi

3501 256 3608 324 666

346 357 443 408 καὶ
462 353 701 423 ὁπηνίκα
720 354 866 408 δοκεῖ
892 371 1002 409 τισι
1032 356 1175 411 κατά
1211 357 1430 414 παιδιάν
1445 375 1499 413 τι
1531 360 1728 425 ποιεῖν,
1759 360 1793 431 ἢ
1834 358 1935 427 p.6-
1964 376 2006 430 Α
2041 363 2173 423 ἴσως
2217 360 2513 432 ἀσχήμονι,
2578 361 2975 431 συγκαλύπτει,
3036 365 3134 419 καὶ
3191 364 3285 418 τὸν
3347 364 3607 421 Ὀδυσσέα

348 450 475 512 θους
497 447 694 516 λέγων,
711 447 744 519 ἢ
761 449 1003 517 γενέσεις
1020 447 1182 513 θεῶν,
1200 450 1233 520 ἦ
1248 449 1432 520 φιλίας
1450 451 1701 520 αὐτῶν,ἢ
1725 451 1926 519 ἔριδας,

350 541 386 610 ﬂ
406 556 560 603 τινας
584 540 796 611 ἔρωτας
814 540 1182 612 φαυλοτέρους
1226 541 1324 597 καὶ
1355 541 1715 613 ζηλοτύπους·
1738 546 1863 607 τοὺς
1882 544 1930 596 δ’

348 632 550 696 αὐτοὺς
578 634 671 686 καὶ
694 632 1011 696 ἐπιϐούλους
1042 632 1499 703 γνωριζομένους·
1530 632 1565 688 ἀ
1588 635 1684 687 καὶ
1706 635 1928 702 εὐπερι-

352 724 606 787 σκέπτως
624 724 769 794 ὁρῶν
797 741 879 788 τις
915 724 1227 795 μωμήσαιτ⁹
1259 723 1326 777 ἂν
1353 724 1611 786 ἐπιεικῶς
1634 722 1709 793 τῷ
1749 723 1925 794 ἀνδρί.

349 819 496 874 Νοῦν
520 822 629 891 γὰρ
647 823 674 873 ὁ
706 821 847 884 θεῖος
874 820 1029 884 οῦτος
1060 821 1344 889 ἄνθρωπος
1365 818 1767 891 προῖστησιτοῦ
1787 835 1926 872 παν-

349 914 443 976 τὸς
462 912 708 982 ἡγεμόνα
735 929 748 943 ·
775 912 943 982 μηδὲν
965 911 1204 982 φλαῦρον
1230 912 1429 977 είπεῖν,
1455 910 1922 981 μηδ’ἀλυσιτελὲς,

349 1007 396 1058 εί
425 1005 518 1058 καὶ
546 1006 640 1073 τῆς
668 1005 960 1074 ποιητικῆς
988 1005 1200 1057 ἐκείνου
1241 1003 1438 1073 μανίας
1459 1043 1475 1068 ,
1515 1004 1614 1073 οὐχ
1644 997 1745 1055 οἶοί
1770 1001 1819 1054 τ’
1874 1004 1924 1054 ἐο

354 1099 494 1167 σμέν
531 1097 735 1160 ἱκανῶς
772 1096 1121 1160 καθικέσθαι,
1154 1098 1181 1151 ὃ
1202 1114 1254 1148 τι
1287 1096 1353 1150 ἂν
1386 1096 1650 1166 βούλοιτο.
1681 1094 1795 1149 Νῦν
1825 1095 1922 1165 μὲν

349 1191 460 1261 γὰρ
490 1190 773 1258 θεολογίας
795 1190 1189 1261 περιδιδάσκει,
1229 1190 1325 1243 νῦν
1358 1190 1412 1242 δὲ
1448 1189 1790 1250 θεοσεϐείας·
1831 1186 1920 1240 ὁτὲ

349 1283 404 1335 δὲ
467 1284 679 1351 γένεσιν
709 1281 805 1336 τοῦ
845 1282 1044 1344 παντὸς
1092 1281 1370 1347 διέξεισιν,
1412 1279 1606 1333 ἄλλοτε
1644 1277 1921 1349 φυσικούς

347 1390 502 1436 τινας
528 1373 779 1426 ἐκδίδωσι
809 1373 1022 1441 λόγους·
1064 1373 1161 1428 καὶ
1203 1371 1487 1443 στοιχείων
1520 1372 1661 1443 πρὸς
1717 1370 1922 1439 ἄλληλα

347 1468 443 1519 νῦν
477 1465 575 1535 μὲν
604 1466 915 1531 κοινωνίαν,
942 1468 1038 1522 νῦν
1088 1466 1136 1521 δ’
1186 1467 1506 1521 ἐναντίωσιν
1535 1465 1838 1534 φιλοσοφεῖ,
1871 1464 1919 1515 εί

347 1555 444 1609 καὶ
467 1553 642 1607 ταῦτά
670 1572 734 1622 γε
765 1556 868 1627 δρᾷ
903 1558 959 1609 ἐν
986 1557 1341 1627 προσχήματι
1388 1554 1728 1625 φαυλοτέρῳ·
1762 1550 1920 1616 αὖθις

347 1645 405 1698 δὲ
435 1645 783 1700 καταϐαίνων
828 1647 1041 1701 ἐκεῖθεν
1092 1648 1169 1711 ὡς
1222 1648 1331 1701 ἀπό
1385 1664 1534 1709 τινος
1589 1645 1914 1715 περιωπῆς,

346 1737 700 1792 πολιτεύεται
757 1738 897 1808 μετὰ
960 1740 1070 1792 τῶν
1129 1740 1250 1793 ὅποι
1311 1741 1529 1809 δεήσει,
1581 1725 1677 1792 καὶ
1724 1737 1916 1807 τέχνας

346 1832 615 1894 παντοίας
659 1833 755 1886 καὶ
792 1833 1203 1905 ίπιτηδεύμοετα
1262 1832 1539 1903 μεθοδεύει
1570 1833 1663 1885 καὶ
1696 1830 1915 1883 διατάτο

345 1940 523 1991 τεται,
576 1925 655 1989 ὡς
703 1925 810 1997 χρὴ
837 1926 1085 1994 γίνεσθαι
1111 1925 1286 1981 ταῦτα
1336 1928 1431 1979 καὶ
1464 1925 1539 1987 ὡς
1587 1923 1914 1993 γινομένων,

346 2018 567 2087 ἄριστον
591 2017 668 2082 ὠς
702 2018 847 2082 είκδς
871 2018 1174 2087 ἀπαντήσει
1203 2018 1299 2070 καὶ
1323 2018 1495 2081 τέλος·
1536 2017 1598 2070 ού
1641 2015 1747 2086 μὴν
1782 2015 1917 2068 ἀλλά

345 2109 443 2162 καὶ
476 2108 643 2173 λαοὺς
690 2108 807 2180 μετ’
842 2110 1161 2178 ἐπιστήμης
1191 2110 1413 2179 κοσμεῖ,
1442 2108 1535 2161 καὶ
1570 2107 1920 2175 παιδαγωγεῖ

350 2200 612 2272 τρόπους·
658 2203 753 2256 καὶ
799 2201 1055 2273 ῥυθμίζει
1084 2202 1285 2271 ψυχας,
1329 2202 1393 2254 ού
1426 2200 1561 2271 πρὸς
1588 2201 1791 2263 ἑαυτάς
1820 2199 1917 2270 μό-

350 2310 488 2359 νον,
554 2293 694 2348 ἀλλά
756 2295 856 2347 καὶ
913 2293 1050 2365 πρὸς
1100 2294 1333 2364 ἀλλήλας
1394 2289 1454 2347 εὖ
1515 2292 1913 2363 ἁρμοζόμενος.

361 2387 608 2457 Ἐλέγχιι
643 2386 689 2441 δ’
718 2386 833 2441 ἔσθ’
871 2387 960 2441 ὅτε
1012 2387 1110 2439 καὶ
1156 2385 1401 2457 διασύρει
1437 2387 1733 2454 σκαιότητα
1773 2386 1916 2454 γνώ-

356 2497 490 2551 μης,
534 2481 630 2534 καὶ
659 2479 902 2552 ἀμαθίαν
941 2480 1037 2533 καὶ
1065 2478 1294 2548 ἄγνοιαν
1320 2495 1334 2510 ·
1367 2481 1461 2532 καὶ
1496 2480 1604 2533 πᾶν
1632 2477 1815 2532 ὁτιοῦν
1837 2479 1917 2542 είς

347 2569 545 2635 κακίας
578 2572 916 2642 ἀναφέρεται
941 2571 1146 2642 τρόπον
1171 2608 1188 2637 ,
1240 2570 1334 2625 καὶ
1361 2571 1462 2640 τῆς
1490 2571 1738 2640 χείρονος
1762 2571 1919 2641 μερί-

346 2662 435 2724 δος
458 2663 787 2732 γνωρίζεται
810 2678 825 2694 ο
856 2662 1052 2733 ἐχθρὸν
1087 2661 1186 2732 μὲν
1220 2663 1289 2733 τῇ
1322 2661 1465 2725 θεία,
1500 2661 1691 2732 ἐχθρὸν
1740 2662 1798 2715 δὲ
1846 2664 1914 2733 τῇ

347 2755 668 2827 ἀνθρωπίνῃ
716 2756 879 2823 φύσει
917 2755 1132 2811 τελοῦν.
1177 2755 1445 2820 Καθάπαξ
1485 2756 1527 2808 δ’
1568 2757 1763 2818 εἰπεῖν,
1805 2771 1919 2807 κοι-

351 2853 439 2904 νὸν
471 2851 667 2904 ἑαυτὸν
713 2849 1009 2921 καθίστησι
1043 2852 1157 2914 τοῖς
1202 2849 1513 2921 ἀνθρώποις
1544 2847 1917 2902 διδασκαλεῖον

349 2944 494 2998 θείου
528 2943 627 2997 καὶ
650 2942 996 3013 ἀνθρωπίνου
1032 2942 1384 3012 μαθήματος.

2036 452 2329 523 προῖστησι
2385 453 2684 523 κεφάλαιον
2735 453 2831 506 τοῦ
2868 453 3077 524 βιϐλίου
3104 470 3119 485 ·
3166 455 3316 519 ὅπως
3343 457 3481 526 μετὰ
3506 457 3607 527 τὴν

2034 545 2236 599 ἅλωσιν
2265 544 2362 600 τοῦ
2407 547 2587 613 Ἰλίου,
2619 547 2811 600 νόστου
2860 550 2957 602 σὺν
3007 549 3119 610 τοῖς
3150 548 3360 619 ἑτέροις
3385 547 3604 619 ἁψάμε-

2030 654 2142 702 νος,
2170 638 2391 703 πολλοῖς
2424 640 2571 709 μάλα
2621 639 2945 693 τούντεῦθεν
2971 642 3065 694 καὶ
3100 641 3359 711 μεγάλοις
3386 643 3602 705 κακοῖς,

2030 730 2126 783 καὶ
2199 730 2324 800 μηδ’
2366 731 2629 801 ἀριθμεῖν
2674 734 2880 796 ἱκανοῖς
2933 732 3087 785 οῦσιν
3121 734 3275 797 ῖσως,
3325 733 3425 803 οὐχ
3454 732 3605 794 ὅπως

2028 821 2125 876 καὶ
2159 823 2300 877 κατά
2349 823 2580 893 μέγεθος
2620 823 2881 889 καθάπαξ
2917 826 3167 889 σκοπεῖν,
3193 827 3222 879 ό
3255 826 3421 889 πολὺς
3455 828 3603 879 ἐκεῖ-

2027 932 2116 978 νος
2149 916 2248 978 τὰς
2302 916 2497 985 τέχνας
2528 917 2621 969 καὶ
2666 916 2737 970 τὰ
2772 916 3127 987 βουλεύματα
3156 920 3506 986 περιέπεσεν.
3538 921 3601 972 El

2025 1011 2134 1079 γὰρ
2173 1009 2334 1072 εὐθὺς
2355 1009 2497 1062 οὕτω
2529 1010 2765 1080 κατέστη
2799 1012 2892 1063 ἐπὶ
2928 1011 2987 1064 τὸ
3026 1013 3283 1081 πρᾶγμα,
3315 1010 3504 1075 ῦπτιος
3536 1012 3603 1066 ἃν

2025 1102 2170 1168 εδοξε
2202 1106 2302 1155 καὶ
2339 1104 2544 1172 ἀχρους
2587 1105 2701 1166 τοῖς
2733 1104 2976 1167 πολλοῖς,
3027 1105 3128 1157 οὐκ
3168 1104 3307 1174 ἔχων
3335 1104 3602 1173 οὐμενοῦν

2024 1193 2301 1257 τοσοῦτον,
2335 1192 2450 1246 οὒτ’
2479 1194 2537 1260 ἐξ
2573 1194 2817 1261 ἱστορίας
2845 1194 3056 1260 ἁπλῶς,
3083 1192 3197 1247 οὔτ’
3220 1197 3283 1246 ἐκ
3312 1195 3408 1263 τῆς
3434 1194 3601 1263 ἄλλης

2024 1287 2323 1355 ποιητικῆς
2353 1285 2609 1350 ἐξουσίας
2655 1286 2835 1339 ἐλθεῖν
2871 1286 2963 1339 ἐπὶ
3017 1286 3118 1356 τὴν
3172 1284 3454 1338 ὑπόθεσιν.
3487 1284 3603 1337 Νῦν

2022 1374 2066 1428 δ’
2098 1378 2180 1428 ὅτι
2225 1392 2332 1446 περ
2362 1376 2536 1439 οὕτως
2569 1376 2921 1447 ἐμεθόδευσε,
2963 1377 3058 1429 τὸν
3116 1376 3319 1429 σκοπὸν
3354 1377 3601 1447 ἐκατέρῳ

2026 1469 2180 1540 μέρει
2208 1469 2269 1521 τὸ
2313 1471 2590 1540 προσῆκον
2636 1469 2841 1539 ἔνειμε·
2875 1471 2941 1540 τῇ
2975 1487 3035 1522 τε
3081 1469 3189 1540 γὰρ
3238 1468 3457 1537 ποιήσει
3502 1468 3603 1539 τὴν

2028 1562 2239 1631 συνήθη
2277 1563 2585 1633 παρέσχετο
2623 1563 2811 1633 χλιδὴν
2840 1564 2938 1615 καὶ
2994 1562 3200 1630 ἁϐρῶς,
3242 1559 3384 1613 ὥστε
3437 1560 3605 1630 μηδα-

2027 1654 2145 1725 μῶς
2187 1656 2397 1710 ἐκεῖθεν
2448 1656 2793 1718 κολούεσθαι,
2819 1657 2916 1709 καὶ
2941 1654 3019 1723 τῷ
3055 1655 3344 1723 πράγματι
3375 1655 3420 1707 δ’
3455 1651 3603 1722 αὐτῷ

2022 1743 2083 1796 τὸ
2131 1744 2312 1813 πάντη
2347 1744 2459 1798 σῶν
2486 1742 2647 1809 εῖναι,
2691 1748 2787 1799 καὶ
2822 1744 3047 1816 μηδενός
3087 1762 3150 1813 γε
3178 1746 3459 1811 λελεῖφθαι
3493 1742 3603 1793 τῶν

2019 1836 2101 1895 είς
2164 1835 2326 1889 τοῦτο
2382 1837 2678 1905 φερόντων.
2738 1838 2859 1891 Κᾶν
2944 1839 3052 1908 γάρ
3120 1837 3382 1906 ἱστορίαις
3454 1834 3600 1902 μάλα

2021 1925 2249 1989 πολλαῖς
2313 1928 2409 1978 καὶ
2469 1926 2663 1996 μύθοις
2713 1927 2861 1991 ὅσοις
2910 1928 3284 1998 ποικίλληται,
3329 1926 3443 1979 ἀλλ’
3492 1924 3598 1976 οὐδ’

2020 2017 2194 2083 οὕτως
2234 2019 2532 2089 ἀφίσταται
2581 2020 2772 2091 πόρρω
2796 2022 2893 2091 τῆς
2923 2021 3253 2085 ὑποθέσεως,
3284 2018 3358 2081 ὡς
3397 2017 3471 2087 μὴ
3503 2015 3601 2087 τὴν

2019 2111 2282 2182 ταχίστην
2344 2112 2655 2177 ἐπανιέναι,
2702 2111 2799 2164 καὶ
2862 2113 2932 2166 τά
2980 2111 3125 2164 κατά
3175 2114 3267 2164 τὸν
3329 2109 3598 2163 Ὀδυσσέα

2022 2202 2169 2273 πάθη
2193 2202 2467 2268 διεξιέναι,
2506 2196 2584 2257 ὧν
2618 2202 2805 2256 εἵνεκα
2837 2203 3085 2271 πλαγίως
3130 2202 3219 2254 ἐπ’
3245 2203 3429 2254 ἐκεῖνα
3466 2200 3599 2269 ἐλή-

2020 2296 2177 2351 λυθε.
2212 2296 2323 2349 Καὶ
2356 2296 2429 2366 μή
2464 2313 2549 2360 τις
2606 2295 2843 2366 οἰηθείη,
2873 2295 2948 2359 ὡς
2972 2294 3198 2363 πλάσμα
3240 2293 3300 2346 τὸ
3335 2293 3600 2362 παράπαν

2022 2390 2225 2460 ἐστὶνὴ
2254 2392 2476 2458 ποίησις
2509 2389 2755 2460 Ὁμήρῳ,
2782 2388 2951 2457 ἄνδρα
2983 2388 3107 2443 τινὰ
3132 2386 3598 2457 προστησαμένῳ,

2019 2483 2078 2544 ὃς
2099 2482 2235 2553 μήτε
2260 2482 2501 2545 τοιοῦτος
2524 2482 2713 2550 γέγονε
2745 2481 2965 2535 πώποτε
2988 2482 3128 2551 μήτε
3146 2481 3460 2550 γενήσεται,
3489 2471 3601 2531 οἷον

2018 2566 2177 2637 οὗτός
2207 2588 2373 2642 φησι·
2406 2572 2648 2626 τοιοῦτόν
2675 2589 2728 2625 τι
2756 2574 2821 2626 ἐκ
2843 2572 3130 2643 ποιητικῆς
3152 2571 3335 2633 ἀδείας
3370 2570 3601 2640 ἐτόλμη-

2024 2682 2142 2730 σεν,
2168 2666 2277 2720 οὐδ’
2306 2664 2480 2728 οὕτως
2504 2663 2569 2718 ἂν
2605 2664 2912 2735 ἐλυμήνατο
2940 2664 3019 2734 τῷ
3054 2663 3265 2733 σκοπῷ,
3291 2662 3393 2726 ἕως
3418 2664 3487 2716 τὰ
3518 2662 3599 2715 εί-

2021 2758 2163 2812 κότα
2194 2756 2337 2810 κατά
2367 2755 2573 2826 πολλὴν
2603 2756 2924 2827 περιουσίαν
2955 2754 3128 2808 ἐδίδου
3155 2754 3235 2824 τῷ
3265 2754 3574 2823 πράγματι.

2094 2850 2276 2903 Ἰσασι
2307 2849 2507 2912 πάντες
2538 2848 2661 2902 καθ’
2699 2846 2756 2900 ἓν
2788 2850 2881 2903 καί
2915 2846 3014 2900 σὺν
3048 2845 3142 2900 δύο
3182 2846 3466 2907 πολλάκις,
3503 2844 3600 2897 καὶ

2020 2945 2185 2998 πλέον
2235 2944 2269 3014 ἢ
2316 2944 2415 2996 σὺν
2446 2942 2538 2995 δύο
2573 2940 2802 2995 τοιαῦτα
2848 2940 2999 3011 πάθη
3048 2939 3425 3011 συμϐαίνοντα
3473 2939 3591 2999 τοῖς
3677 2935 3681 2938 ’

421 3036 562 3091 Ἀλλ’
592 3036 647 3089 εῖ
668 3037 775 3107 πέρ
804 3052 908 3099 τις,
943 3038 969 3088 ὁ
990 3035 1163 3105 μέγας
1192 3026 1352 3097 οὗτος
1380 3035 1531 3105 ’ήρως
1561 3037 1626 3105 τῇ
1654 3034 1914 3105 ποιητικῇ
1948 3060 1990 3118 ο
2024 3035 2332 3107 ἀνθρώποις
2356 3053 2371 3067 ·
2403 3036 2498 3089 καὶ
2546 3035 2722 3097 οὐδεὶς
2757 3033 2879 3088 οὒτε
2924 3034 3019 3087 τοῦ
3074 3033 3311 3103 πάσχειν
3341 3030 3466 3085 οὒτε
3500 3030 3597 3084 τοῦ

352 3129 526 3201 μούσῃ
553 3128 923 3198 ἐξείργασται,
952 3127 1046 3180 καὶ
1078 3126 1194 3180 τόδε
1244 3126 1387 3196 μάλα
1427 3126 1776 3194 ἐξείργασται
1805 3125 1917 3179 ὦσι·
1970 3182 1973 3185 _

351 3240 457 3294 περ
488 3240 540 3275 τι
579 3220 811 3291 μάθημα
840 3217 982 3273 θεῖον
1025 3220 1140 3282 τοῖς
1182 3218 1492 3289 ἀνθρώποις
1542 3218 1799 3271 ἐνθεῖναι·
1834 3219 1920 3272 ἵνα

347 3315 593 3384 δηλονότι
635 3314 773 3383 πρδς
802 3313 873 3365 τά
905 3311 1297 3382 συμπίπτοντα
1338 3314 1490 3383 παρά
1522 3309 1625 3380 τῆς
1657 3310 1792 3381 ὕλης
1824 3312 1921 3365 καὶ

344 3407 454 3460 τῶν
482 3406 590 3473 ἔξω
630 3403 1003 3475 πραγμάτων,
1042 3404 1142 3458 ὅσα
1198 3402 1335 3475 τύχῃ
1383 3405 1495 3458 τινὶ
1546 3405 1641 3457 καὶ
1685 3405 1920 3476 πονηρίᾳ

348 3498 674 3571 ἀνθρώπων,
704 3498 798 3551 καλ⁸
828 3496 893 3571 δὴ
930 3499 1022 3552 καὶ
1048 3496 1275 3569 γνώμης
1315 3496 1615 3568 φαυλότητι
1659 3498 1758 3569 τῆς
1793 3514 1920 3567 σφε-

347 3594 535 3665 τέρας,
571 3592 665 3647 καῖ
690 3590 902 3664 ἀμαθίᾳ
935 3592 1088 3645 τουτὶ
1115 3591 1195 3644 δεῖ
1221 3594 1399 3645 ποιεῖν
1440 3591 1632 3654 κακῶς
1681 3591 1919 3661 μάλιστα

354 3688 660 3757 πάσχομεν,
711 3686 997 3756 φρονίμως
1052 3682 1199 3754 μάλα
1246 3685 1342 3737 καὶ
1381 3682 1779 3753 μεγαλοψύχως
1829 3687 1921 3737 καὶ

351 3780 621 3849 γενναίως
683 3776 1019 3846 ἀπαντῶμεν
1049 3793 1061 3806 ·
1098 3775 1217 3831 ἀλλ’
1275 3776 1543 3845 οὐμενοῦν
1594 3777 1916 3849 ἐκδιδῶμεν,

344 3872 466 3926 οὐδὲ
514 3868 1008 3940 καταπροδιδῶμεν
1037 3869 1096 3922 τὸ
1125 3869 1224 3938 τῆς
1260 3868 1475 3937 φύσεως
1505 3869 1747 3939 ἀξίωμα,
1780 3888 1920 3941 συμο

348 3962 821 4032 μεταϐαλλόμενοι
854 3964 968 4025 τοῖς
1000 3961 1310 4030 γινομένοις
1343 3961 1605 4015 ἑκάστοτε
1629 4002 1642 4026 ,
1673 3964 1771 4016 καὶ
1799 3962 1921 4016 τού-

344 4073 454 4108 των
482 4054 645 4107 πλέον
672 4057 784 4117 τοῖς
811 4052 1154 4122 ἀϐουλήτοις.
1179 4050 1300 4107 Είδε
1325 4055 1432 4124 γάρ
1468 4056 1530 4107 ἐκ
1561 4055 1661 4125 τῆς
1692 4057 1916 4127 πείρας,

344 4141 457 4199 οἷον
496 4145 736 4215 μάλιστα
802 4145 912 4199 τῶν
970 4143 1149 4199 ἄλλων
1198 4145 1387 4197 κακῶν
1440 4144 1552 4208 τοῖς
1611 4147 1919 4216 ἀνθρώποις

345 4234 670 4307 ἐπηρεάζει,
729 4237 823 4289 καὶ
875 4235 1013 4305 πρὸς
1062 4235 1225 4289 ἑαυτὸ
1272 4235 1366 4288 τὸν
1417 4236 1617 4305 τρόπον
1648 4238 1916 4307 ἐξίστησι,

349 4329 525 4397 συχνὰ
557 4327 859 4395 συμϐαῖνον
894 4329 955 4381 ἐκ
985 4326 1281 4380 πολυειδῶν
1309 4326 1420 4380 τῶν
1454 4327 1662 4396 αἰτίων,
1693 4330 1852 4382 ὁποία
1884 4331 1917 4399 ἡ

2025 3125 2166 3184 εῖναι
2218 3130 2386 3200 χωρὶς
2422 3130 2672 3196 γέγονεν,
2727 3127 2786 3192 ὃς
2824 3127 2975 3180 ταῦτ’
3021 3128 3232 3195 ἀγνοεῖ·
3292 3125 3465 3188 ἄλλως
3512 3141 3595 3188 τε,

2024 3222 2169 3275 τοῦτ’
2197 3223 2264 3276 ἂν
2289 3222 2319 3292 ἦ
2354 3221 2455 3291 τῆς
2484 3221 2778 3292 ποιητικῆς
2808 3220 3121 3290 ἐλευθερίας
3148 3216 3216 3289 ἦν
3246 3218 3383 3281 ὅλως
3422 3217 3595 3283 ἀξιον,
3652 3218 3655 3221 ’

2025 3313 2165 3368 ὥστε
2233 3311 2447 3367 τοιοῦτό
2492 3330 2546 3366 τι
2609 3314 2739 3383 περὶ
2799 3309 2963 3365 αὐτοῦ
3014 3311 3357 3381 λογίσασθαι,
3410 3310 3445 3381 ἢ
3499 3311 3599 3377 τῆς

2024 3406 2281 3475 ἀληθείας
2322 3406 2493 3475 αὐτῆς
2537 3407 2630 3461 καὶ
2673 3405 2769 3460 τοῦ
2816 3404 3152 3475 πράγματος
3175 3442 3191 3468 ,
3224 3402 3284 3455 ἐν
3322 3397 3366 3471 ᾧ
3395 3402 3599 3463 πάντες

2027 3499 2184 3566 ῖσμεν
2213 3497 2474 3551 Ὀδυσσέα
2506 3496 2630 3550 τινά
2678 3496 3068 3566 πολυμήχανον
3102 3495 3387 3563 ἄνθρωπον
3436 3510 3599 3562 γεγο-

2021 3591 2171 3657 νότα,
2209 3590 2441 3661 βασιλέα
2496 3587 2716 3659 Ἰθάκης
2765 3588 2862 3641 καὶ
2920 3585 3335 3655 Κεφαλλήνων,
3371 3584 3597 3655 προσέτι

2022 3688 2114 3743 καὶ
2153 3689 2368 3759 πατέρα
2404 3687 2664 3755 Σίσυφον,
2710 3686 2807 3739 καῖ
2864 3684 3093 3740 πάππον
3123 3682 3429 3735 Αὐτόλυκον
3454 3695 3467 3709 ·
3503 3677 3597 3742 οὓς

2022 3781 2117 3833 καὶ
2149 3780 2302 3843 δίκας
2348 3779 2520 3830 τίνειν
2592 3778 2651 3829 ἐν
2694 3775 2821 3847 ᾅδου
2877 3776 3011 3843 φασὶ
3064 3772 3351 3845 μοχθηρᾶς
3410 3771 3598 3824 εἵνεκα

2022 3872 2269 3941 γνώμης·
2302 3870 2398 3922 καὶ
2437 3869 2501 3940 δὴ
2549 3867 2647 3921 καὶ
2670 3869 2908 3936 γυναῖκα
2969 3867 3290 3938 Πηνελόπην
3315 3905 3330 3930 ,
3365 3866 3597 3936 ἀρίστην

2021 3966 2295 4035 γυναικῶν
2324 3965 2421 4018 καὶ
2458 3966 2717 4033 σώφρονα
2779 3964 2876 4015 καὶ
2925 3962 3196 4032 κοσμίαν·
3252 3960 3347 4012 καὶ
3381 3960 3595 4027 πατέρα

2020 4058 2225 4129 ταύτης
2256 4057 2513 4128 Ἰκάριον,
2563 4056 2659 4109 καὶ
2704 4056 2819 4109 υἱὸν
2853 4056 2908 4110 δὲ
2952 4055 3215 4125 μονογενῆ
3245 4053 3591 4125 Τηλέμαχον.

2019 4152 2084 4207 Εί
2114 4152 2207 4206 τὸν
2239 4148 2499 4203 Ὀδυσσέα
2543 4149 2770 4218 πλάσμα
2805 4147 3033 4218 δοίημεν
3069 4141 3209 4201 εἶναι
3240 4146 3319 4216 τῷ
3366 4148 3566 4214 ποιητῆ

2021 4240 2138 4303 πῶς
2175 4239 2351 4293 ταῦτα
2376 4238 2550 4306 τούτῳ
2580 4239 2960 4309 συμϐήσεται,
2990 4238 3088 4291 καὶ
3117 4237 3295 4307 πολλῷ
3324 4238 3380 4290 δὲ
3413 4237 3597 4290 πλειο-

2021 4349 2089 4385 να
2122 4330 2329 4384 τούτων
2366 4329 2611 4399 ὀνόματά
2656 4346 2716 4382 τε
2763 4330 2859 4383 καὶ
2920 4330 3267 4400 πράγματα;
3304 4330 3365 4381 El
3407 4328 3464 4381 δὲ
3503 4329 3597 4382 καὶ

348 4420 689 4489 πολύτροπος
727 4420 837 4472 τῶν
877 4421 1227 4489 πραγμάτων
1275 4420 1494 4492 κίνησις
1525 4421 1763 4491 δαψιλῶς
1800 4425 1918 4475 ὲπι-
1950 4415 1992 4468 Ι)
2025 4424 2250 4493 δοίημεν
2278 4422 2435 4485 ὅλως,
2467 4422 2561 4474 καὶ
2599 4421 2765 4491 λῆρος
2802 4424 2987 4475 ἐκεῖνα
3028 4422 3186 4476 πάντ’
3217 4422 3301 4489 εἴη
3343 4422 3593 4491 Ὁμήρῳ,

348 4515 597 4585 χορηγεῖ·
630 4513 725 4565 νῦν
762 4514 861 4581 μὲν
902 4512 1046 4567 οὕτω
1087 4514 1319 4584 πάσχειν
1348 4516 1520 4583 ἡμᾶς,
1542 4514 1636 4568 νῦν
1666 4516 1723 4569 δὲ
1753 4515 1919 4569 οῦτω·

350 4606 445 4659 καὶ
486 4601 567 4668 οἷς
596 4606 692 4658 καὶ
751 4596 811 4657 οῦ
865 4604 1039 4658 ταῦτα
1074 4605 1306 4674 γίνεται·
1338 4602 1383 4676 ᾧ
1428 4606 1491 4676 δὴ
1532 4608 1626 4661 καὶ
1671 4611 1924 4679 κρεῖττον

348 4698 445 4768 τῆς
477 4698 755 4768 ποιήσεως
788 4699 867 4751 ἔνι
905 4698 1095 4770 μέρος,
1127 4699 1202 4762 ὡς
1254 4699 1337 4763 είς
1390 4701 1572 4770 μάχην
1603 4703 1725 4756 τινὰ
1770 4702 1926 4772 μεγί-

348 4808 483 4861 στην
506 4792 733 4862 ἀνδρίας
799 4792 1223 4854 ἀντικαταστάς,
1255 4795 1354 4846 καὶ
1403 4795 1787 4863 περιγενέσθαι
1833 4813 1922 4864 φι-

346 4882 669 4951 λονεικήσας
717 4884 894 4937 δεινοῦ
956 4901 1103 4945 τινος
1170 4886 1264 4937 καὶ
1315 4885 1532 4955 ἀμάχου
1569 4890 1920 4955 πράγματος·

347 4976 496 5030 οὐδὲν
526 4977 635 5047 γὰρ
684 4975 861 5029 ἐδόκει
912 4978 1154 5029 τοιοῦτον
1202 4976 1279 5047 τῷ
1336 4980 1558 5049 ποιητῇ,
1592 4978 1705 5031 οἷον
1739 4979 1921 5049 ψυχὰς

348 5068 653 5137 ἀνθρώπιον
711 5069 930 5121 ὁπλίσαι
988 5070 1067 5131 εἰς
1125 5069 1420 5139 καρτερίαν
1447 5070 1554 5121 τῶν
1597 5071 1915 5140 συμφορῶν,

354 5157 440 5222 αἷς
471 5163 604 5230 ήμῖν
637 5162 899 5213 ἑκάστοτε
932 5162 1294 5228 περιπίπτειν
1332 5161 1643 5230 συμϐαίνει.

424 5252 582 5305 υῦτω
638 5254 694 5304 δέ
745 5254 882 5321 πρὸς
917 5252 1076 5304 τοῦτο
1127 5250 1305 5314 καλῶς
1365 5255 1917 5322 παρεσκευασμένος,

352 5344 446 5397 οὒκ
477 5346 542 5397 ἐκ
573 5344 669 5397 τοῦ
697 5344 1007 5414 προφανοῦς
1035 5345 1132 5413 τὴν
1164 5344 1418 5413 βούλησιν
1462 5344 1799 5413 ἀνομολογεῖ,
1844 5346 1920 5408 ὡς

354 5438 704 5506 προκηρύξαι
728 5440 785 5489 τὸ
815 5440 1047 5507 πρᾶγμα
1080 5439 1173 5490 καὶ
1198 5439 1320 5490 ὅτου
1349 5437 1508 5506 χάριν
1537 5437 1917 5504 διαγωνίζεται

352 5530 636 5595 προειπεῖν
661 5543 676 5557 ·
708 5528 846 5579 ἀλλά
886 5530 980 5579 καὶ
1023 5528 1119 5597 τῆς
1151 5527 1247 5579 τοῦ
1283 5528 1444 5594 λόγου
1476 5528 1654 5591 ἀξίας.
1689 5530 1780 5581 καὶ
1813 5530 1917 5598 μά-

351 5615 506 5670 λιστα
556 5619 657 5688 τῆς
709 5621 1002 5689 ποιητικῆς
1048 5621 1247 5690 ἀρετῆς
1297 5620 1557 5689 φροντίδα
1610 5620 1915 5690 τιθέμενος,

357 5708 490 5772 τέως
533 5712 630 5780 μὲν
680 5713 773 5766 τὸν
817 5716 1017 5765 σκοπὸν
1063 5711 1389 5781 προσωπείῳ
1440 5712 1569 5779 τινὶ,
1604 5712 1721 5765 οὐδὲ
1759 5712 1917 5766 τοῦτο

2027 4516 2121 4568 καὶ
2158 4515 2272 4576 τοῖς
2304 4512 2485 4573 ἀλλοις
2536 4511 2645 4564 τῶν
2680 4512 2945 4582 ποιητῶν,
2985 4511 3268 4574 αίδεστέος
3301 4513 3540 4582 μάλιστα
3569 4514 3597 4565 ό

2026 4607 2184 4676 ἀνὴρ,
2218 4608 2302 4659 ὅτι
2358 4604 2529 4675 μηδὲν
2578 4604 2717 4673 ἔχων
2770 4606 2947 4656 εἰπεῖν
3004 4621 3127 4657 τινα
3181 4603 3291 4655 τῶν
3340 4603 3598 4657 ἁπάντων

2025 4695 2269 4751 τοσαῦτα
2301 4695 2610 4750 πεπονθότα
2639 4696 2941 4767 πράγματα
2964 4735 2979 4759 ,
3023 4697 3174 4765 ὅμως
3207 4697 3373 4760 αὐτὸς
3415 4696 3597 4749 τετόλ-

2031 4806 2172 4859 μηκε
2203 4790 2536 4853 πλάσασθαι,
2579 4789 2647 4842 ἵν’
2689 4790 2752 4842 ἐκ
2781 4790 3236 4860 παραδείγματος
3274 4790 3598 4860 τηλικούτου

2025 4884 2253 4949 διδάξειε
2282 4884 2406 4944 τοὺς
2434 4882 2760 4953 ἀνθρώπους
2795 4882 2872 4953 μὴ
2902 4883 3288 4951 δυσχεραίνειν
3310 4885 3432 4945 ταῖς
3462 4900 3598 4953 συμ-

2026 4978 2239 5044 φοραῖς,
2282 4975 2419 5046 μηδὲ
2478 4978 2590 5038 τοῖς
2636 4975 2829 5035 δεινοῖς
2882 4974 3304 5041 ύποκλίνεσθαι,
3335 4974 3458 5028 ἀλλ’
3496 4977 3597 5028 ἀν-

2024 5071 2217 5138 δρείως
2248 5070 2558 5123 ἐνίστασθαι
2587 5069 2729 5123 κατά
2760 5068 2892 5135 γοῦν
2926 5069 3157 5138 δύναμιν
3205 5068 3581 5140 ἀνθρωπίνην,

2026 5158 2164 5229 πρὸς
2208 5162 2469 5228 τοιαύτην
2501 5160 2794 5229 βλέποντες
2828 5160 3054 5228 στήλην.
3092 5159 3229 5213 Οὔτε
3255 5163 3384 5236 γὰρ,
3419 5157 3597 5231 οἶμαι,

2026 5251 2219 5303 πενίαν
2256 5250 2468 5319 ὀδύρετ’
2501 5249 2567 5303 ἀν
2616 5266 2701 5312 τις
2760 5249 2952 5305 ἐνθάδε
3003 5252 3171 5321 ὁρῶν,
3226 5253 3321 5305 καὶ
3381 5252 3448 5305 τά
3501 5252 3598 5305 τοῦ

2022 5344 2207 5412 ἥρωος
2250 5342 2472 5394 σκοπῶν
2524 5344 2882 5412 ἀτυχήματα,
2930 5342 3054 5395 οὔτε
3111 5345 3437 5414 γύμνωσιν,
3485 5343 3599 5397 οὔτ’

2023 5434 2241 5502 ἐξορίαν
2265 5474 2280 5498 ,
2323 5435 2385 5486 οὐ
2418 5436 2677 5500 ναυάγιον
2702 5474 2717 5496 ,
2772 5436 3038 5504 οὐμενοῦν
3086 5436 3147 5488 οὐ
3200 5437 3502 5498 κινδύνους,
3534 5438 3596 5486 o5

2023 5528 2258 5597 πλάνην,
2297 5528 2396 5580 οῦκ
2448 5527 2744 5598 ἐπιϐουλὴν
2794 5528 2986 5597 φίλων,
3018 5530 3114 5598 οὐχ
3139 5529 3372 5598 ἑταίρων
3397 5530 3591 5581 51:062-

2025 5622 2146 5690 λὴν,
2176 5622 2235 5672 οὐ
2266 5620 2496 5675 θάνατον
2523 5620 2709 5687 αὐτὸν,
2738 5621 2771 5675 ᾖ
2803 5621 2955 5693 παρά
2983 5625 3082 5692 τῆς
3117 5622 3332 5690 φύσεως
3377 5623 3407 5692 ἢ
3446 5626 3598 5692 παρά

2020 5712 2118 5781 τῆς
2154 5711 2351 5777 ἔξωθεν
2380 5713 2586 5781 ἥκοντα
2633 5712 2752 5782 βίας
2777 5728 2790 5742 ·
2843 5714 2964 5766 ούδὲ
3005 5713 3164 5766 πάνθ’
3197 5714 3297 5766 ὅσα
3332 5716 3592 5785 συμπτὼρ
