4068 6204
286 271 392 343 669

1717 299 1841 362 EPI
1854 301 2139 365 STOLE.

3447 298 3552 362 670

285 393 470 448 αὐτῶν
526 397 756 470 πέτραις
815 417 914 459 συν
961 402 1073 468 τοῖς
1112 403 1262 467 λαοῖς
1326 406 1498 460 πᾶσι·
1541 407 1701 476 μόνος
1745 408 1802 460 δέ
1835 409 1864 460 ὀ
1891 429 1932 486 Α
1969 409 2064 470 οὖν
2109 412 2202 468 τὸν
2231 413 2474 486 λειμῶνα
2517 415 2627 469 τῶν
2685 415 2982 485 Σειρήνων,
3020 411 3207 468 καὶτὰ
3243 411 3377 482 μέλη
3406 411 3548 465 ἐκεί·

297 486 591 555 Ὀδυσσεὺς
621 493 910 566 ἀποκόψας
935 496 1037 567 τῆς
1071 497 1270 551 ἐαυτοῦ
1322 500 1452 562 ναὸς
1500 500 1569 552 τά
1613 501 1866 572 πρυμνή-

288 598 400 644 σια,
437 582 738 654 ἀπέδρασε·
775 587 998 653 κώπαις
1036 588 1094 644 δέ
1131 589 1412 656 πλέοντες,
1453 585 1620 658 ἦλθον
1659 593 1739 654 εἱς
1765 591 1864 660 τὴν

286 674 489 746 Δίανὴν
540 677 701 748 νῆσον
753 681 854 750 τῆς
915 682 1169 753 Κίρκης,
1203 682 1326 752 ἡτις
1372 681 1706 752 ἐθηριοποίει
1737 682 1862 744 τοὺς

285 767 631 840 ἀνθρώπους·
668 775 766 827 καὶ
807 773 902 828 δύο
932 773 1174 846 ἡμέραις
1207 776 1360 840 ὅλαις
1389 775 1486 829 ἐπὶ
1517 775 1621 844 γῆς
1650 773 1864 827 ἔκειντο

285 856 665 931 θεωροῦντες,
711 864 776 935 τῇ
837 865 1002 938 τρίτῃ
1055 865 1111 919 δὲ
1150 868 1338 938 ἡμέρᾳ
1387 865 1748 936 διαιρεθέντες
1784 865 1865 928 είς

289 951 435 1023 μέρη
463 952 580 1021 δύο,
618 954 856 1026 ἔστησαν
881 997 898 1024 ,
939 959 999 1010 ἐν
1037 959 1139 1029 μὲν
1170 958 1248 1029 τῷ
1288 961 1371 1012 ἐνὶ
1430 957 1739 1030 Εὐρύλοχος
1768 957 1865 1011 καὶ

287 1047 562 1101 εἰκοσιδύο
589 1049 800 1120 ἐταῖροι
823 1089 841 1116 ,
878 1053 938 1105 ἐν
985 1051 1042 1106 δὲ
1073 1053 1150 1122 τῷ
1185 1051 1358 1122 ἐτέρῳ
1401 1051 1715 1118 Ὀδυσσεὺς,
1763 1049 1863 1104 καὶ

286 1137 472 1208 ’έτεροι
504 1141 773 1195 εἰκοσιδύο
803 1142 1012 1213 ἑταῖροι
1034 1184 1048 1208 ,
1083 1142 1225 1196 ὥστε
1271 1143 1516 1197 ἀνελθεῖν
1562 1143 1692 1206 τοὺς
1744 1141 1862 1212 μετ’

291 1227 459 1281 αὑτοῦ
483 1231 574 1283 ἐπὶ
609 1232 709 1302 τὴν
740 1233 976 1303 Κίρκην·
1009 1234 1250 1288 ἀνελθὼν
1283 1233 1382 1287 σὺν
1409 1234 1662 1297 ἐκείνοις,
1715 1228 1862 1286 εἶδον

292 1319 490 1387 ἔξωθεν
525 1323 624 1392 τῆς
653 1324 824 1395 αὒλῆς
863 1327 964 1395 τῆς
1019 1327 1237 1397 Κίρκης
1285 1326 1484 1390 λύκους
1511 1326 1606 1380 καὶ
1641 1324 1862 1388 λέοντας

294 1411 534 1480 ἡμέρους
561 1411 848 1474 σαίνοντας
869 1415 1069 1480 αὐτοὺς
1098 1419 1219 1480 ταῖς
1251 1416 1462 1487 οὐραῖς·
1501 1415 1861 1469 εἰσελθόντων

289 1502 347 1555 δέ
371 1502 484 1555 τῶν
515 1504 706 1572 φίλων,
733 1506 899 1570 αὐτὸς
929 1505 1035 1573 ἔξω
1065 1509 1394 1579 ἀπελείφθη·
1434 1509 1726 1572 κάκείνους
1761 1508 1864 1578 μὶν

289 1594 321 1664 ἡ
378 1595 564 1667 Κίρκη
591 1596 811 1669 χοίρους
855 1601 1022 1666 ποιεῖ,
1053 1600 1220 1654 δοῦσα
1262 1601 1446 1664 αὐτοῖς
1488 1597 1631 1654 οἶνον
1663 1616 1864 1672 μεμιγ-

293 1686 456 1756 μένον
497 1689 684 1759 τυρῷ,
735 1690 985 1760 ἀλφίτοις
1035 1692 1130 1745 καὶ
1185 1692 1387 1762 μέλιτι.
1445 1692 1752 1763 Εὐρύλοχος
1804 1692 1862 1745 δὲ

288 1776 422 1849 ἦλθε
454 1781 594 1850 πρὸς
624 1782 720 1837 τὸν
771 1785 1032 1840 Ὀδυσσέα
1064 1786 1158 1840 καὶ
1185 1785 1314 1848 τους
1342 1785 1567 1849 λοιποὺς
1590 1827 1606 1850 ,
1645 1785 1863 1856 ἀφωνία
1899 1788 1942 1844 Β

296 1871 394 1940 μὲν
447 1874 834 1944 συνεχόμενος,
869 1875 930 1941 ἐξ
961 1875 1260 1947 ὀφθαλμῶν
1290 1875 1348 1930 δέ
1392 1877 1628 1930 ἀστακτὶ
1663 1879 1868 1948 καταρ-

294 1960 432 2029 ρέων
451 1963 520 2016 τά
547 1963 786 2036 δάκρυα,
820 1965 976 2034 μόλις
1001 1967 1058 2020 δέ
1086 1983 1216 2019 ποτε
1255 1966 1336 2028 εἱς
1363 1966 1558 2020 ἐαυτὸν
1599 1965 1865 2034 γεγονὼς,

291 2051 352 2104 τὸ
386 2053 495 2107 πᾶν
523 2055 844 2125 ἀφηγεῖται·
875 2058 972 2110 καὶ
999 2059 1025 2111 6
1068 2057 1362 2121 Ὀδυσσεὺς
1407 2058 1550 2111 αἱτεῖ
1578 2056 1744 2111 αὐτὸν
1767 2056 1869 2126 τήν

291 2147 408 2202 ὀδδν
437 2149 740 2213 ἀποδεῖξαι·
768 2149 843 2213 ὡς
897 2151 942 2204 δ’
993 2150 1096 2204 οὐκ
1117 2150 1388 2216 ἐπείθετο,
1423 2152 1583 2222 μόνος
1612 2150 1642 2203 6
1681 2150 1869 2204 Ὀδυσ-

293 2240 420 2302 σεὺς
450 2241 552 2311 τῆς
586 2241 814 2314 πορείας
840 2242 1177 2312 ἀπάρχεται.
1234 2245 1438 2314 Ἐρμῆς
1478 2243 1627 2313 αὐτῷ
1663 2259 1865 2297 συναν-

290 2332 487 2403 τήσας,
520 2334 591 2388 τὰ
615 2334 714 2402 τῆς
747 2331 962 2403 Κίρκης
999 2332 1176 2386 πάντα
1204 2333 1484 2400 κατέλεξε,
1523 2338 1619 2387 καὶ
1651 2333 1868 2386 δίδωσιν

290 2423 442 2494 αὐτῷ
482 2423 546 2476 τὸ
605 2425 757 2495 μῶλυ
799 2439 814 2454 ·
866 2425 1007 2494 ὅπερ
1072 2425 1196 2477 ἐστὶ
1247 2423 1444 2496 βοτάνη
1493 2425 1866 2479 ἁντιπαθοῦσα

293 2517 576 2586 μαγείαις·
605 2519 703 2571 καὶ
727 2516 870 2570 οὕτω
892 2516 1029 2585 πρὸς
1043 2518 1143 2588 τήν
1179 2519 1393 2586 Κίρκην
1419 2515 1587 2570 ἐλθὼν
1607 2516 1670 2570 οὐ
1709 2517 1868 2587 μόνον

291 2612 393 2664 οὐκ
421 2610 842 2682 ἐθηριοποιήθη,
898 2611 1036 2664 ἀλλὰ
1095 2613 1190 2664 καὶ
1231 2611 1292 2663 τὸ
1348 2609 1502 2681 ξίφος
1551 2609 1638 2663 ἐπ’
1692 2609 1868 2680 αὐτὴν

293 2703 554 2769 ἑλκύσας,
591 2701 777 2756 ἔπεισε
813 2702 1069 2766 καὶτοὺς
1127 2702 1317 2772 φίλους
1364 2701 1530 2754 αὐτοῦ
1585 2699 1746 2755 πάλιν
1803 2703 1868 2752 ἐκ

294 2797 494 2869 χοίρων
515 2795 840 2865 ἀνθρώπους
889 2794 1137 2865 ποιῆσαι.
1179 2792 1474 2850 Κατελθὼν
1511 2793 1568 2846 δὲ
1613 2795 1640 2846 ὀ
1681 2791 1871 2845 Ὀδυσ-

297 2890 464 2954 σεὺς,
522 2888 775 2957 ἀνήγαγε
818 2888 915 2940 καὶ
957 2888 1084 2950 τοὺς
1138 2886 1364 2956 ἐτέρους
1419 2875 1610 2954 φίλους
1671 2881 1868 2950 αὐτοῦ,

291 2983 418 3045 τοὺς
451 2982 590 3052 μετά
607 2980 917 3052 Εὐρύλοχον
938 2996 954 3012 ·
991 2980 1086 3034 καὶ
1115 2979 1306 3050 χρόνον
1336 2979 1435 3032 ἕνα
1455 2979 1585 3047 περὶ
1605 2977 1704 3046 τὴν
1733 2977 1872 3047 Κίρ·-

1970 525 2099 571 νων,
2147 507 2238 578 ὑφ’
2268 503 2343 563 ὧν
2375 509 2692 581 θελγόμενοι
2742 509 3086 577 ἀπέθνησκον
3134 509 3185 562 οἱ
3231 505 3546 572 ἀκούοντες,

1970 600 2159 654 λύουσι
2191 602 2284 658 τὸν
2324 603 2588 658 Ὀδυσσέα
2637 603 2732 658 τοῦ
2785 601 2960 656 ἱστοῦ·
3000 603 3190 656 ἔπειτα
3223 598 3547 668 παραπλεύ-

1973 710 2166 757 σαντες
2203 695 2302 758 τάς
2366 695 2660 762 Πλαγκτὰς
2703 695 2950 766 πέτρας,
3009 693 3076 757 ἃς
3130 691 3269 763 πρὸς
3311 689 3548 759 ἀὶλήλας

1973 787 2333 857 συνεκρότουν
2355 789 2446 842 καὶ
2473 789 2705 859 φοϐερὸν
2722 788 3023 842 ἀπετέλουν
3045 787 3139 838 τὸν
3186 783 3399 836 κτύπον
3429 774 3549 848 (αῦ-

1970 878 2136 932 ταιδέ
2153 881 2248 932 καὶ
2270 880 2507 934 Κυάνεαι
2531 880 2802 949 λέγονται.
2823 882 3034 932 κεῖνται
3058 879 3112 931 δέ
3150 872 3355 947 μεταξὺ
3391 871 3548 924 Κιλι-

1972 971 2099 1035 κίας
2149 973 2243 1026 καὶ
2277 972 2604 1042 Παμφυλίας
2639 972 2765 1026 καθ’
2795 971 3090 1042 Ὅμηρον),
3127 967 3224 1022 καί
3248 983 3399 1028 τινας
3433 965 3548 1018 ἐτέ-

1976 1080 2124 1132 ρους,
2166 1058 2331 1133 ἦλθον
2366 1063 2454 1118 διὰ
2473 1064 2802 1134 Χαρύϐδεως
2834 1065 2926 1117 καὶ
2958 1060 3185 1129 πλησίον
3220 1058 3423 1128 μᾶλλον
3448 1055 3548 1125 τῆς

1974 1154 2239 1226 Σκύλλης.
2270 1155 2744 1225 Ἀφαρπαγέντων
2771 1154 2830 1208 δέ
2875 1153 3029 1224 παρά
3064 1151 3163 1221 τῆς
3201 1149 3444 1216 Σκύλλης
3485 1148 3550 1198 ἐκ

1971 1248 2072 1318 τῆς
2091 1247 2224 1310 νεὼς
2239 1248 2451 1317 ἀνδρῶν
2471 1247 2550 1312 ἐξ,
2565 1249 2611 1300 οἱ
2633 1245 2834 1309 λοιποὶ,
2856 1243 3234 1312 συντονωτέρᾳ
3251 1243 3316 1311 τῇ
3339 1238 3551 1309 εἰρεσίᾳ

1972 1340 2338 1412 χρησάμενοι,
2368 1340 2568 1410 ἔφυγον
2594 1356 2609 1372 ·
2642 1337 2780 1410 πρὸς
2803 1338 2860 1390 δέ
2881 1337 3054 1391 νύκτα
3072 1337 3139 1406 τῇ
3185 1334 3368 1388 Ἠλίου
3400 1333 3550 1401 νήσσρ

1973 1431 2209 1503 ᾁδομένῃ
2249 1424 3073 1500 Θρινακρίᾳ“’προσπελάζουσι·
3129 1423 3224 1476 καὶ
3277 1423 3305 1474 6
3359 1419 3551 1470 Ὀδυσ-

1975 1523 2101 1584 σεὺς
2152 1519 2463 1591 παραπλεῖν
2515 1517 2686 1584 αὐτὴν
2743 1515 3067 1568 ἐκέλευσεν·
3099 1511 3149 1563 οἱ
3201 1507 3260 1563 δὲ
3313 1506 3389 1577 μὴ
3431 1521 3552 1557 πει-

1973 1614 2193 1676 σθέντες
2223 1611 2446 1684 ἐξῆλθον
2470 1625 2486 1642 ·
2517 1608 2614 1663 καὶ⁵
2637 1606 2831 1680 πρῶτα
2854 1605 2955 1679 μέν
2982 1601 3246 1675 θηρεύσει
3272 1599 3370 1653 καὶ
3393 1599 3552 1667 ἀγκι-

1973 1706 2164 1776 στρείᾳ
2187 1704 2402 1767 διέζων.

2052 1797 2147 1860 Ὠς
2185 1797 2241 1849 δέ
2272 1794 2438 1858 Νότος
2486 1793 2642 1848 ἔπνει
2675 1791 2811 1861 πρὸς
2857 1789 3001 1859 μῆνα
3043 1786 3187 1849 ὅλον,
3233 1778 3552 1838 ἀνελθόντος

1970 1892 2069 1946 τοῦ
2114 1889 2420 1951 Ὀδυσσέως
2452 1887 2538 1949 εἱς
2585 1886 2646 1940 τὸ
2697 1882 2979 1951 ἐνδότερον
3023 1879 3124 1946 τῆς
3165 1877 3332 1945 νὴσου
3393 1870 3552 1934 εὖξα-

1970 1988 2140 2048 σθαι,
2195 1981 2289 2036 καὶ
2334 1976 2884 2047 κατακοιμηθέντας,
2954 1972 3290 2040 σφάττουσιν
3338 1966 3386 2018 οί
3431 1959 3550 2033 μετ’

1969 2077 2278 2149 Εὐρυλόχου
2315 2075 2444 2144 βόας
2487 2073 2698 2136 Ἠλίου,
2731 2069 2829 2122 καὶ
2851 2065 3130 2119 ἐσθίουσιν
3175 2060 3269 2114 ἐπὶ
3304 2057 3364 2121 ἐξ
3397 2055 3552 2115 ὅλαις

1970 2146 2206 2241 ἡμέραις
2228 2181 2243 2197 ·
2275 2168 2342 2236 τῇ
2373 2162 2580 2233 ἐϐδόμῃ
2610 2161 2667 2214 δὲ
2699 2157 3050 2226 παυσομένου
3085 2151 3181 2207 τοῦ
3213 2149 3390 2203 δεινοῦ
3427 2146 3552 2199 ἀνέ-

1975 2238 2104 2330 μου,
2147 2255 2415 2327 ἐμϐάντες
2451 2253 2593 2307 ὥστε
2638 2250 2819 2314 πλεῖν,
2858 2246 3092 2316 Ζεφύρῳ
3126 2243 3348 2314 πρῶτον
3383 2238 3551 2308 μεγά-

1969 2353 2048 2422 λῳ
2085 2348 2483 2418 συνθραύονται
2507 2387 2522 2410 ,
2553 2339 2674 2398 εἶτα
2702 2341 3123 2426 κεραυνοῦνται·
3165 2337 3194 2389 6
3255 2331 3551 2392 Ὀδυσσεὺς

1969 2447 2025 2498 δέ
2055 2444 2214 2513 μόνος
2248 2441 2346 2512 τὴν
2373 2437 2584 2510 τροπὴν
2613 2437 2887 2505 κατέχων,
2925 2430 3175 2484 ὀλονυκτλ⁸
3194 2427 3270 2491 ὣς
3294 2426 3544 2513 ἐφέρετο.

1983 2512 2396 2594 Ἀνατέλλοντος
2431 2530 2487 2583 δέ
2527 2527 2619 2582 τοῦ
2657 2529 2810 2597 ἡλίου
2843 2525 3004 2593 Νότῳ
3032 2521 3334 2592 φερόμενος
3357 2557 3373 2582 ,
3415 2512 3550 2586 ἦλθε

1973 2629 2107 2700 περὶ
2138 2627 2236 2698 τὴν
2269 2623 2570 2696 Χάρυϐδιν,
2600 2620 2696 2674 καὶ
2736 2618 3078 2689 δραξάμενος
3119 2615 3230 2683 τῆς
3259 2611 3388 2682 περὶ
3423 2608 3550 2700 τοὺς

1969 2699 2168 2780 τόπους
2199 2717 2439 2776 ἐκείνους
2474 2711 2718 2779 ἑστώσης
2747 2707 2957 2777 συκῆς,
3008 2703 3368 2772 ἀπεκρέματο
3419 2699 3558 2768 περὶ

1972 2813 2164 2880 αὑτήν·
2197 2811 2264 2862 τά
2297 2809 2354 2862 δέ
2387 2807 2520 2870 ξύλα
2563 2802 2761 2857 κατέδυ
2792 2801 2929 2870 πρὸς
2960 2799 3052 2851 τὸν
3103 2795 3289 2866 βυθόν.
3335 2791 3465 2860 ’0ψέ
3490 2791 3571 2843 δὲ

1973 2901 2310 2957 ἀναδυόντων
2345 2896 2552 2960 αὐτῶν,
2614 2893 2808 2954 καθεὶς
2861 2890 3054 2943 ἐαυτὸν
3087 2888 3195 2940 ἀπὸ
3247 2885 3338 2948 τῆς
3373 2883 3569 2951 συκῆςι

1973 2996 2272 3050 ἐπελάϐετο
2303 2993 2411 3044 τῶν
2447 2989 2644 3054 ξύλων·
2680 2986 2776 3040 καὶ
2809 2985 2969 3037 ἐννέα
3003 2980 3102 3052 μὲν
3138 2978 3282 3032 οὕτω
3314 2973 3571 3046 ἡμέραις-

293 3093 400 3145 κην
443 3073 724 3146 διέτριψαν
754 3114 770 3142 ,
835 3071 1264 3140 συγκαθέζοντος
1320 3071 1417 3126 τοῦ
1462 3072 1766 3133 Ὀδυσσέως
1799 3071 1864 3141 τῇ
1897 3139 1940 3165 η
1975 3093 2221 3165 ἐνήχετο.
2253 3092 2319 3162 τῇ
2366 3087 2570 3161 δεκάτῃ
2598 3086 2655 3138 δὲ
2709 3083 2842 3154 περὶ
2905 3077 3170 3147 ὐγυγιαν
3205 3073 3375 3144 νῆσον
3415 3064 3571 3139 ἦλθε.

295 3168 500 3241 Κίρκῃ.

361 3260 522 3315 Μετά
558 3259 618 3315 δὲ
659 3260 722 3314 τὸ
780 3258 1001 3331 μέλλειν
1027 3257 1228 3320 αὐτοὺς
1276 3257 1456 3321 πλεῖν,
1489 3250 1642 3308 εἶπεν
1681 3253 1868 3317 αὐτοῖς

296 3358 376 3428 μὴ
410 3356 585 3421 ἄλλως
613 3351 754 3410 εἷναι
792 3354 978 3416 αὐτοῖς
1011 3352 1352 3424 εἱμαρμένον
1383 3349 1673 3414 ἀποπλεῖν,
1705 3349 1755 3402 εἱ
1793 3349 1870 3418 μὴ

293 3448 635 3504 κατέλθωσιν
679 3446 816 3518 πρὸς
875 3444 1010 3518 ᾅδην
1075 3447 1171 3498 καὶ
1204 3444 1520 3515 χρήσωνται
1586 3442 1872 3512 μαντείαις

295 3543 363 3594 ἐκ
398 3541 497 3611 τῆς
524 3539 810 3611 Τειρεσίου
855 3537 1060 3608 ψυχῆς·
1089 3540 1189 3590 καὶ
1241 3537 1308 3605 δὴ
1357 3536 1427 3589 δι’
1480 3534 1612 3604 ὅλης
1647 3533 1872 3603 ἡμέρας

301 3634 557 3696 πλέοντες
601 3630 874 3701 κατῆλθον
927 3630 1019 3684 διὰ
1048 3627 1144 3682 τοῦ
1186 3627 1480 3698 Ἐσπερίου
1522 3627 1622 3679 καὶ
1655 3626 1872 3693 Κιμμε-

313 3724 427 3793 ρίου
469 3719 756 3786 ώκεανοῦ,
810 3721 908 3808 »δμὶ
971 3722 1274 3788 πυγούσιον
1328 3717 1522 3788 βόθρον
1574 3714 1872 3786 ὀρύξαντες

302 3817 400 3871 καὶ
429 3815 736 3884 σφάξαντες
771 3805 928 3884 κριὸν
953 3814 1049 3866 καὶ
1069 3812 1222 3881 ὅρνιν
1244 3811 1494 3882 θήλειαν,
1525 3805 1753 3877 ἐξέχεαν
1792 3806 1874 3868 εἰς

296 3909 391 3962 τὸν
440 3907 636 3978 βόθρον
696 3907 758 3960 τὸ
801 3901 966 3976 αἷμα,
1029 3905 1129 3958 καὶ
1191 3903 1396 3957 ἔθυσαν
1458 3901 1594 3971 χοὴν
1644 3903 1758 3962 τοίς
1789 3914 1877 3950 νε-

295 4003 472 4072 κροῖς,
502 4003 596 4054 καὶ
635 3995 803 4070 ἦλθον
857 3998 1028 4069 ψυχαὶ
1078 3999 1224 4050 πιεῖν
1272 3991 1435 4066 αἷμα.
1479 3995 1540 4047 Ὀ
1582 3991 1876 4053 Ὀδυσσεὺς

295 4096 356 4148 δέ
385 4095 642 4165 κατέχων
672 4095 848 4163 ξίφος,
878 4094 982 4146 οὐκ
1016 4091 1104 4146 εία
1132 4091 1330 4154 πίνειν,
1361 4089 1493 4160 πρὶν
1524 4086 1677 4157 αὐτῷ
1708 4101 1877 4138 κατα-

298 4190 512 4257 λέξειαν
540 4189 687 4261 ἀπερ
722 4189 969 4259 βούλοιτο
995 4203 1010 4218 ·
1057 4187 1153 4240 καὶ
1182 4183 1374 4256 πρώτη
1408 4183 1508 4253 μὲν
1546 4180 1878 4250 Ἐλπήνορος

298 4283 434 4359 ἦλθε
477 4284 647 4355 ψυχὴ,
677 4284 734 4347 6;
785 4285 845 4336 ἐν
891 4284 960 4354 τῇ
1009 4283 1107 4349 τῆς
1145 4280 1359 4350 Κίρκης
1401 4277 1551 4348 οἱκίᾳ
1618 4275 1699 4328 ἐτι
1748 4272 1882 4328 ἀθα-

297 4398 431 4442 πτος
484 4379 682 4432 ἔκειτο·
740 4378 974 4445 δευτέρα
1008 4375 1403 4446 ήἈντίκλεια,
1465 4373 1498 4441 ἡ
1535 4370 1721 4441 μήτηρ
1783 4365 1878 4420 τοῦ

1972 3188 2070 3257 τῆς
2097 3178 2414 3254 Καλυψοῦς·
2453 3185 2549 3234 καὶ
2583 3179 2724 3233 ἐπτά
2769 3176 2996 3249 χρόνους
3021 3172 3210 3240 ἐκείνῃ
3249 3164 3508 3257 συνδιῆγε
3532 3177 3548 3192 ·

1971 3253 2049 3349 τώ
2083 3279 2139 3332 δέ
2162 3253 2334 3345 ὀγδόῳ
2370 3272 2623 3343 ἀπελύθη
2661 3270 2802 3340 μετὰ
2838 3266 3080 3336 σχεδίας,
3107 3264 3230 3322 Διὸς
3266 3253 3574 3349 ὀργιιτθὲν-⁴

1969 3347 2063 3436 τος
2087 3374 2154 3443 τῇ
2183 3369 2457 3438 Καλυψοῖ·
2487 3366 2586 3420 καὶ
2610 3366 2756 3418 οὓτω
2782 3361 2923 3431 μετά
2957 3358 3058 3428 τῆς
3109 3353 3321 3424 σχεδίας
3365 3347 3555 3443 Ὀδυσῗ

1974 3464 2102 3528 σεὺς
2129 3438 2422 3518 ,δεκαεπτά
2457 3460 2696 3530 ἡμέραις
2737 3454 2930 3508 ἔπλεεν
2953 3470 2967 3484 ·
3008 3443 3459 3511 ὀκτωκαιδεκάτῃ
3492 3438 3551 3490 δὲ

1971 3556 2072 3629 τὴν
2101 3553 2372 3609 Φαιακίαν
2399 3553 2522 3623 ἡτοι
2551 3551 2651 3620 τὴν
2683 3546 2990 3616 λεγομένην
3037 3543 3336 3610 Κέρκυραν
3373 3531 3517 3587 εἶδεν
3536 3546 3552 3562 ⁸

1975 3627 2195 3720 ἀνέμων
2235 3647 2292 3701 δέ
2343 3644 2658 3717 γενομένων
2689 3643 2828 3713 ὀργῇ
2868 3635 3202 3696 Ποσειδῶνος
3237 3629 3483 3696 κατεάγη

1977 3743 2165 3816 σχεδία
2193 3759 2208 3775 ·
2256 3741 2351 3795 δύο
2387 3740 2443 3793 δέ
2477 3739 2626 3801 ὅλαις
2662 3737 2899 3808 ἡμέραις
2955 3732 3202 3800 ἐνήχετο.
3235 3725 3410 3794 Τρίτῃ
3435 3721 3490 3772 δέ
3521 3719 3556 3789 ἡ

1976 3815 2256 3892 Λευκοθέα
2311 3833 2586 3903 ἐλεήσασα
2624 3828 2828 3889 αὐτὸν,
2893 3825 3096 3878 δέδωκε
3133 3820 3193 3873 τὸ
3239 3815 3551 3887 κρήδεμνον

1977 3929 2175 4000 αὐτῆς,
2204 3928 2325 3999 μεθ’
2356 3926 2416 3979 οῦ
2444 3923 2685 3994 ἐξῆλθεν
2716 3922 2800 3985 είς
2833 3920 2932 3988 τὴν
2973 3919 3080 3987 γῆν
3131 3914 3239 3968 τῶν
3273 3908 3554 3971 Φαιάκων,

1979 4025 2074 4077 καὶ
2119 4018 2451 4075 καταπεσὼν
2489 4019 2546 4068 ἐν
2601 4015 2724 4086 ὕλῃ,
2773 4011 3060 4066 ἐκάθευδε.

2049 4116 2160 4185 Τῆς
2207 4114 2265 4167 δέ
2308 4109 2586 4164 Ἀλκινόου
2620 4105 2890 4177 θυγατρὸς
2922 4101 3243 4163 Ναυσικάας
3275 4099 3418 4171 μετά
3451 4098 3584 4152 τῶντ

1983 4204 2386 4278 θεραπαινίδων
2419 4200 2612 4270 αὐτῆς,
2657 4197 2857 4250 πλῦναι
2890 4192 3089 4264 ἑαυτὴν
3122 4191 3219 4244 καὶ
3255 4187 3586 4259 τερφθῆναιτ.

1981 4303 2224 4364 παιδιαῖς
2257 4298 2354 4353 σὺν
2401 4297 2521 4356 ταῖς
2583 4290 2935 4364 θεραπαινίσι
2961 4327 2976 4353 ,
3023 4287 3120 4339 καὶ
3153 4279 3587 4353 σφαιριζουσῶνι

1984 4391 2121 4464 πρὸς
2152 4390 2414 4458 ἀλλήλας,
2457 4385 2588 4457 βοῆς
2620 4381 2946 4452 γενομένης,
2980 4375 3256 4446 ἐγείρεται
3301 4373 3328 4425 ὀ
3376 4371 3570 4464 Ὀδυσ-Δ

307 4473 612 4534 Ὀδυσσέως
640 4488 654 4504 ·
694 4468 814 4524 εἶτα
869 4467 1162 4539 Τειρεσίας
1191 4481 1204 4496 ·
1257 4465 1316 4530 ὅς
1373 4467 1551 4518 πάντα
1614 4462 1880 4534 μέλλοντα
1916 4494 1958 4550 D
1988 4462 2138 4551 σέὺς.
2164 4484 2258 4537 καὶ
2290 4480 2522 4535 ἱκετεύει
2565 4477 2760 4547 αὐτὴν.
2809 4472 2869 4526 τι]
2905 4472 2960 4524 δὲ
2995 4467 3204 4540 τροφάς
3234 4466 3329 4518 καὶ
3360 4463 3580 4554 εἵματα,

297 4567 462 4629 αὐτὸς
489 4564 911 4636 καταλήψεσθαι
945 4559 1302 4632 ἐμαντεύετο·
1333 4558 1475 4628 μετά
1502 4554 1677 4610 ταῦτα
1704 4556 1880 4608 πάντα

302 4657 470 4732 ἦλθον
501 4663 596 4712 καὶ
631 4659 687 4712 αἱ
726 4657 836 4710 τῶν
871 4657 1068 4726 ἡρώων
1096 4656 1380 4723 γυναῖκες·
1417 4651 1676 4719 λέγοντες
1699 4645 1881 4701 αὐτῶν

302 4758 331 4808 6
363 4754 596 4817 καθένας
653 4751 736 4816 τίς
782 4751 869 4823 είη
912 4750 1008 4803 καὶ
1042 4749 1142 4802 ὅσα
1185 4745 1500 4802 ἐπεπόνθει·
1558 4741 1678 4799 εἶτα
1713 4743 1882 4812 φοϐη-

301 4847 488 4908 θέντες
538 4847 613 4916 μή
660 4847 694 4915 ἡ
741 4843 936 4914 Ιόργὼ
999 4841 1189 4915 ἐξέλθῃ
1217 4881 1232 4906 ,
1284 4842 1556 4911 ἐμϐάντες
1611 4838 1772 4892 πάλιν
1802 4836 1882 4898 είς

297 4942 402 5010 τὴν
429 4940 612 4994 αὐτῶν
644 4940 777 4993 ναῦν
829 4939 904 5000 ὡς
959 4939 1098 5009 πρὸς
1137 4939 1236 5007 τὴν
1292 4937 1510 5006 Κίρκην
1545 4934 1706 5003 νῆσον
1743 4932 1882 5001 πρὸς

299 5036 476 5102 αὐγὰς
509 5036 808 5104 κειμένην,
858 5032 1236 5085 ἀπέπλευσαν·
1301 5033 1400 5084 καὶ
1459 5029 1731 5100 θάψαντες
1793 5028 1884 5080 τὸν

314 5129 648 5197 Ἐλπήνορα,
678 5125 1016 5180 ἀποτελέουσι
1047 5126 1204 5194 παρὰ
1223 5126 1320 5194 τῆς
1347 5125 1560 5194 Κίρκης
1592 5123 1660 5175 τὰ
1684 5121 1887 5192 χρειώ-

299 5221 368 5288 δη
432 5219 712 5281 λαϐόντες,
751 5222 845 5271 καὶ
893 5219 989 5271 τοῦ
1058 5217 1356 5281 Ὀδυσσέως
1419 5216 1691 5288 μαθόντος
1749 5215 1882 5284 παρ’

300 5313 500 5384 αὐτῆς,
535 5312 736 5364 ὡσανεὶ
782 5313 935 5380 παρὰ
963 5311 1056 5365 τοῦ
1108 5311 1414 5382 Τειρεσίου,
1463 5312 1560 5370 τάς
1592 5311 1878 5378 Σειρῆνας,

300 5409 403 5468 τὰς
454 5404 767 5474 Πλαγκτὰς,
817 5408 915 5475 τὴν
948 5406 1218 5471 Σκύλλαν,
1280 5405 1379 5473 τὴν
1427 5404 1724 5473 Χάρυϐδιν,
1787 5405 1885 5464 τάς

305 5500 436 5568 βόας
472 5497 660 5551 Ἥλίου
697 5500 795 5552 καὶ
832 5502 1008 5554 πάντα
1041 5501 1246 5563 ἁπλῶς.

381 5594 551 5663 Κηρῷ
586 5595 716 5661 γοῦν
767 5597 794 5647 ό
843 5594 1136 5656 Ὀδυσσεὺς
1194 5593 1481 5664 ἐμφράξας
1532 5593 1598 5646 τὰ
1628 5586 1744 5645 ὦτα
1778 5593 1888 5644 τῶν

311 5682 566 5753 ἑταίρων,
598 5685 872 5754 παρέπλει
910 5687 1110 5748 αὐτοὺς
1145 5687 1238 5740 ἐπὶ
1263 5689 1360 5738 τοῦ
1394 5685 1546 5739 ἱστοῦ
1604 5688 1886 5756 ἐκκρεμὴς

307 5774 410 5840 ὢν,
453 5783 545 5830 καί
596 5777 960 5845 ἀκατάληπτα
1003 5779 1140 5847 ἔχων
1173 5781 1240 5833 τά
1274 5774 1421 5832 ὦτα·
1474 5781 1885 5849 παρςλάςαντες

1983 4576 2187 4638 δοῦσα,
2218 4572 2433 4628 κελεύει
2489 4568 2680 4623 τοῦτον
2728 4566 2905 4620 ἐλθεῖν
2956 4562 3095 4632 πρὸς
3134 4559 3224 4612 τὸν
3271 4550 3419 4610 οἶκον
3466 4550 3575 4605 τοῦ,

1984 4669 2190 4738 ταύτης
2248 4666 2475 4735 πατρὸς,
2520 4663 2618 4715 καὶ
2675 4660 2776 4730 τὴν
2824 4655 2995 4725 αὐτῆς
3034 4653 3249 4724 μητέρα
3287 4644 3568 4702 ἱκετεῦσαι

1985 4761 2252 4832 Ἀρήτην,
2273 4758 2349 4822 ὡς
2376 4758 2443 4811 ἂν
2476 4755 2631 4825 τύχοι
2662 4747 2837 4820 οὗπερ
2861 4749 2927 4817 δὴ
2959 4747 3054 4799 καὶ
3081 4743 3348 4814 βούλοιτο·
3383 4740 3565 4792 ἐκεῖσε

1985 4853 2029 4908 δ’
2057 4829 2254 4916 ἐλθὼν,
2286 4848 2562 4920 ἐρωτᾶται
2612 4843 2766 4910 παρά
2801 4839 3078 4894 Ἀλκινόου
3127 4835 3222 4887 καὶ
3266 4833 3366 4900 τῆς
3397 4829 3570 4899 Ἀρής

1987 4964 2106 5014 της,
2141 4946 2236 4999 κοιλ⁸
2265 4943 2364 5012 τὴν
2395 4942 2574 4994 πᾶσαν
2606 4936 2673 5007 ἣν
2707 4937 2918 5004 ἔφημεν
2969 4931 3238 4998 διηγεῖται
3279 4923 3570 4978 ὑπόθεσιν.

1988 5038 2099 5090 Καὶ
2129 5038 2276 5106 δῶρα
2306 5034 2436 5105 παρ’
2471 5030 2654 5086 αὐτῶν
2687 5028 2850 5082 ἱκανὰ
2885 5023 3070 5079 λαϐὼν
3094 5024 3171 5084 εἱς
3199 5021 3299 5092 τὴν
3342 5017 3571 5087 Ἰθάκην

1987 5131 2290 5200 πέμπεται.

2069 5225 2312 5294 Ἐσπέρα
2345 5222 2443 5293 μέν
2475 5219 2672 5282 ἐπιϐάς
2699 5217 2799 5288 τῆς
2829 5215 2964 5278 νεὼς
2987 5216 3077 5267 ὲπί
3109 5213 3399 5276 Φαιακίας,
3429 5208 3568 5280 περὶ

1988 5318 2046 5371 δὲ
2079 5317 2360 5385 ἑωσφόρον
2418 5310 2722 5382 πεφθακὼς
2779 5310 2997 5373 ἐκεῖσε,
3040 5305 3140 5360 καὶ
3192 5303 3454 5358 εἰσελθὼν
3488 5303 3566 5364 ὡς

1990 5410 2163 5480 πένης
2207 5408 2340 5477 περὶ
2396 5407 2490 5458 τὸν
2533 5403 2779 5474 Εΰμαιον
2829 5404 2934 5454 τὸν
2977 5399 3270 5468 συϐώτην,
3305 5399 3400 5451 καὶ
3431 5397 3573 5464 πρὸς

1987 5505 2115 5567 τοὺς
2149 5504 2343 5560 ἄλλους
2367 5501 2568 5571 δηλαδὴ
2609 5498 2901 5567 ποιμένας,
2946 5494 3285 5566 παρεγένετο
3305 5492 3400 5544 καὶ
3429 5491 3574 5558 πρὶς

1989 5599 2115 5659 τοὺς
2160 5595 2481 5666 μνηστῆρας
2516 5593 2613 5662 τῆς
2649 5589 2820 5644 αὑτοῦ
2856 5589 3138 5657 γυναικός·
3184 5586 3282 5640 καὶ
3337 5583 3577 5634 πλεῖστα.

1995 5690 2124 5759 περὶ
2159 5688 2374 5742 πολλῶν
2425 5687 2558 5758 παρ’
2604 5685 2788 5740 αὐτῶν
2844 5681 3227 5750 παροινηθεὶς,
3284 5677 3576 5745 γνώριμον
3663 5707 3674 5716 ι

1994 5785 2140 5837 ποιεῖ
2176 5785 2368 5851 ἑαυλτόν
2413 5781 2487 5846 τῷ
2519 5780 2762 5849 φιλτάτῳ
2791 5779 2890 5849 υἱῲ
2926 5775 3088 5828 αὑτοῦ
3116 5771 3434 5844 -Τηὶείιάχῳ
3466 5770 3568 5823 καὶ
