4068 6204
317 311 426 373 673
1763 315 1912 376 NOT

1973 316 2097 380 [ῚΛ.
3473 319 3579 382 678

327 442 432 481 nec
465 425 640 480 divini
663 425 803 496 juris
847 441 989 492 esse,
1024 427 1118 482 sed
1157 437 1365 483 tantum
1402 444 1430 483 a
1473 428 1730 486 Patribus
1762 440 1819 485 et
1872 428 2302 501 imperatoribus
2341 442 2684 493 concessum,
2722 443 2826 485 nec
2861 437 3040 485 tamen
3072 429 3234 486 talem
3286 438 3342 486 et
3371 439 3574 490 tantam

322 529 437 566 rem
467 529 581 566 sua:
609 513 1034 582 prmeminentia:
1064 529 1209 580 esse,
1234 525 1492 584 quantam
1525 532 1660 586 papa
1689 533 1837 572 nunc
1865 519 2017 573 nullo
2070 520 2174 574 sibi
2203 519 2329 588 jure
2355 527 2602 587 usurpat.
2638 517 2838 572 Verum
2869 527 2972 577 est.
3004 518 3149 574 hunc
3211 518 3470 575 infamem
3519 531 3577 578 et

323 613 705 659 sescentorum
736 602 1063 672 ﬂagitiorum
1084 605 1314 658 maculis
1337 605 1682 659 notissimum
1721 606 2158 670 si-hismaticum,
2196 606 2312 661 sive
2345 606 2526 675 potius
2558 606 2896 666 hzereticum,
2954 608 3174 673 similia,
3218 607 3331 662 imo
3391 611 3575 681 pejora

318 691 525 759 scripta
551 690 788 758 posteris
817 691 1144 757 tradidisse;
1175 692 1270 746 sed
1310 693 1640 762 quibusnam
1678 693 2024 751 documentis
2045 694 2446 764 probabilibus.
2480 703 2572 749 aut
2598 697 2937 758 necessariis,
2953 697 3036 751 vel
3070 706 3128 750 ut
3151 700 3468 767 expressius
3491 699 3577 753 di-

317 795 467 842 cam,
493 779 788 835 amentatis
818 780 1034 836 hastis?
1058 781 1224 836 Levia
1280 793 1429 844 sunt,
1461 793 1516 838 et
1559 784 1739 849 nihili,
1772 794 1825 839 et
1856 801 1963 840 non
2001 801 2080 847 re,
2109 786 2204 840 sed
2233 787 2298 840 ad
2351 787 2583 854 gratiam
2619 787 3077 857 ncquissimorum
3106 789 3386 846 hominum
3416 807 3578 863 argu-

323 879 509 924 menta
529 878 802 935 contorta,
832 870 979 939 quod
1007 886 1073 924 ex
1097 872 1458 926 conclusione
1510 875 1694 942 operis
1720 873 1924 928 manife

1967 885 2013 928 to
2041 874 2337 944 colligitur.
2370 877 2680 942 Κεφάλαιον
2712 876 2822 930 τῶν
2852 878 3193 947 λεγομένων.
3234 880 3382 942 Ἕως
3413 881 3512 949 μὲν
3544 883 3573 934 ό

323 959 566 1020 πάππας
603 955 768 1017 σώζει
796 958 896 1026 τὴν
927 959 1107 1024 τάξιν,
1153 960 1251 1012 καὶ
1282 962 1420 1030 μετὰ
1450 961 1550 1030 τῆς
1577 962 1837 1032 ἀληθείας
1863 963 2088 1030 ἕστηκε,
2114 963 2209 1015 καὶ
2243 961 2342 1030 τῆς
2373 961 2596 1032 πρώτης
2655 964 2750 1016 καὶ
2781 965 2974 1032 κυρίας
3002 966 3172 1036 ἀρχῆς
3209 967 3308 1020 οὐκ
3339 968 3574 1036 ἀφίστα-

323 1063 440 1111 ται,
473 1049 567 1098 καὶ
604 1045 816 1115 κεφαλὴ
845 1046 943 1115 τῆς
973 1046 1327 1118 Ἐκκλησίας,
1360 1049 1455 1101 καὶ
1484 1049 1776 1119 ἀρχιερεὺς
1816 1049 2015 1120 ἄκρος,
2056 1050 2153 1104 καὶ
2189 1050 2430 1119 Πέτρου,
2463 1053 2557 1103 καὶ
2589 1052 2809 1106 πάντων
2844 1054 3162 1107 ἀποστόλων
3181 1055 3447 1125 διάδοχος,
3479 1058 3573 1110 κα)⁸

321 1135 404 1186 δεῖ
429 1139 637 1197 πάντας
668 1134 820 1204 αὑτῷ
848 1134 1159 1200 πείθεσθαι,
1189 1138 1285 1189 καὶ
1327 1137 1502 1200 οὐδὲν,
1553 1137 1580 1190 ὃ
1603 1137 1702 1207 τὴν
1747 1139 1913 1207 τιμὴν
1959 1139 2172 1192 ἐκείνου
2224 1143 2414 1210 χωρεῖ.
2468 1141 2528 1192 Εί
2552 1141 2610 1193 δὲ
2655 1143 2754 1208 τῆς
2786 1142 3046 1212 ἀληθείας
3082 1144 3475 1214 ἀποχωρήσας,
3506 1148 3568 1200 οὐ

323 1221 574 1290 βούλεται
611 1221 774 1274 πάλιν
804 1223 942 1292 πρὸς
972 1225 1188 1292 ἐκείνην
1218 1225 1524 1286 ἐπανιέναι,
1566 1226 1668 1294 τὴν
1688 1223 1796 1277 τῶν
1827 1242 1929 1278 κατ

1969 1225 2135 1279 δίκων
2166 1227 2436 1283 πείσεται.
2476 1227 2696 1282 Summa
2719 1230 2979 1283 dictorum
3009 1231 3118 1283 haec
3146 1241 3220 1284 est
3248 1247 3266 1285 :
3303 1232 3574 1297 Quamdiu

322 1317 530 1384 quidem
564 1331 702 1384 papa
743 1314 984 1367 οηίεηεηι
1010 1324 1208 1378 servm,
1236 1323 1283 1368 ει
1314 1332 1433 1369 cum
1467 1317 1686 1369 ueritate
1715 1325 1847 1386 stat,
1879 1335 1910 1371 a
1939 1320 2110 1388 primo
2139 1327 2190 1372 et
2245 1322 2460 1390 proprio
2509 1301 2805 1392 principatu
2848 1340 2952 1376 non
2997 1336 3309 1387 removetur.
3341 1338 3388 1382 et
3417 1338 3578 1400 caput

322 1406 421 1456 erit
457 1402 704 1456 Ecclesia:
726 1411 775 1455 et
801 1418 1036 1455 summus
1069 1403 1327 1471 pontifex,
1351 1413 1397 1455 et
1422 1402 1567 1457 Petri
1630 1404 2062 1476 reliquorumque
2083 1408 2443 1478 apostolorum
2471 1426 2754 1471 successor,
2791 1427 3072 1480 omnesque
3111 1415 3158 1465 ei
3179 1413 3386 1469 obedire
3400 1433 3562 1486 apor-

324 1499 394 1543 tet
422 1512 435 1545 :
462 1489 693 1559 nihilque
722 1498 797 1543 est
835 1489 974 1559 quod
1002 1489 1166 1559 ipsius
1191 1490 1375 1544 honori
1403 1491 1672 1546 detrahat.
1704 1490 1762 1546 Si
1791 1509 1910 1546 vero
1934 1511 1965 1547 a
2003 1511 2105 1563 qua
2133 1495 2295 1549 semel
2314 1500 2532 1550 veritate
2556 1499 2841 1561 recesserit,
2871 1501 2938 1552 ad
2962 1517 3077 1554 eam
3101 1503 3272 1555 redire
3328 1505 3576 1565 noluerit.

324 1580 701 1631 damnatorum
733 1578 898 1647 poenis
927 1578 1025 1630 erit
1051 1577 1324 1632 obnoxius.
1356 1578 1548 1646 Fulget
1569 1580 1906 1635 orichalcum
1937 1621 1953 1643 ,
1984 1583 2079 1637 sed
2114 1583 2324 1651 pallens
2346 1601 2540 1639 aurum
2568 1587 2765 1641 melius
2817 1598 2919 1641 est.
2970 1589 3221 1643 Nondum
3262 1591 3346 1646 vel
3379 1606 3408 1645 a
3431 1591 3576 1654 Nilo,

331 1666 415 1720 vel
447 1667 515 1720 ab
545 1666 657 1718 ullo
687 1665 797 1719 alio
843 1664 1156 1720 rationibus
1181 1667 1504 1734 conquisitis
1551 1667 1840 1736 probatum
1891 1678 1996 1734 est,
2050 1687 2151 1726 nec
2183 1672 2512 1741 probabitur
2553 1675 2606 1727 in
2636 1684 2916 1744 posterum
2949 1691 2980 1730 a
3044 1693 3344 1748 quoquam,
3377 1696 3570 1750 papam

323 1760 572 1813 ordinem
604 1774 716 1812 non
744 1773 1014 1820 servasse,
1038 1769 1093 1812 et
1126 1760 1418 1814 veritatem
1456 1761 1676 1815 missam
1709 1762 1924 1817 fecisse.
1955 1766 2206 1832 Quanam
2267 1783 2396 1838 ergo
2437 1771 2653 1824 ratione
2704 1785 2735 1824 a
2764 1771 2944 1838 primo
2998 1782 3056 1825 et
3117 1774 3341 1841 proprio
3371 1775 3579 1846 princi-

326 1856 456 1916 patu
488 1855 733 1901 remotus
759 1855 844 1901 est
870 1847 893 1898 ?
925 1845 1160 1916 ideoque
1187 1861 1289 1901 nec
1314 1858 1478 1917 caput
1508 1849 1790 1913 Ecclesise,
1813 1866 1913 1904 nec
1940 1865 2190 1905 summus
2219 1852 2485 1920 pontifex,
2528 1868 2628 1908 nec
2651 1868 2948 1908 successor
3020 1855 3184 1918 Petri,
3225 1871 3325 1911 nec
3357 1867 3578 1925 aposto-

328 1937 506 1989 lorum
557 1936 686 1990 est?
741 1935 1086 1990 constituant
1123 1935 1180 1989 in
1234 1937 1412 1991 oculis
1471 1938 1782 2002 hominum,
1846 1939 1992 2008 quod
2043 1938 2178 1992 illud
2229 1939 2448 1994 tandem
2491 1940 2585 2000 sit.
2641 1940 2786 2009 quod
2838 1941 3014 2010 ipsius
3062 1943 3255 1998 honori
3314 1945 3575 2000 detraxit.

329 2023 436 2078 Nec
467 2040 496 2078 a
544 2025 668 2079 Nilo
700 2024 930 2080 dissidet
961 2024 1168 2094 reliqua
1199 2025 1679 2084 schismaticorum
1713 2027 1934 2080 cohors.
1996 2026 2062 2080 Et
2090 2026 2158 2080 de
2191 2028 2274 2081 his
2302 2027 2438 2081 alias
2496 2026 2673 2082 fusius
2699 2048 2711 2084 :
2779 2031 2942 2084 modo
2970 2033 3106 2087 satis
3131 2033 3202 2087 sit
3224 2041 3574 2089 attrectasse.

401 2114 478 2168 De
500 2115 606 2168 hoc
635 2112 1244 2168 Nilo'l‘hessalonicensi
1304 2114 1686 2176 Bonaventura
1721 2115 2042 2176 Vulcanius,
2103 2116 2201 2183 Ep.
2261 2115 2326 2168 ad
2363 2117 2625 2171 lectorem
2677 2118 2892 2186 praefixa
2926 2119 3077 2174 dicto
3124 2123 3426 2190 apusculo:
3503 2124 3577 2178 De

329 2213 542 2258 auctore
575 2203 731 2271 hujus
757 2203 942 2272 scripti
962 2203 1171 2256 variant
1207 2202 1479 2257 doctorum
1505 2205 1805 2257 sententiae.
1839 2201 2078 2257 Varietas
2112 2205 2233 2256 hinc
2307 2213 2461 2265 nata,
2497 2205 2637 2275 quod
2658 2204 2780 2258 Nilo
2806 2206 2958 2260 multi
2991 2208 3203 2276 fuerunt
3226 2215 3576 2280 cognomines.

330 2296 532 2350 Subdit
569 2295 826 2350 Neander
853 2313 867 2349 :
902 2294 1061 2350 Nilus
1092 2297 1304 2366 quando
1334 2297 1544 2358 vixerit.
1570 2313 1675 2351 non
1700 2299 1831 2350 satis
1860 2304 2084 2350 constat.
2120 2296 2253 2350 Vixit
2271 2314 2402 2350 sane
2423 2307 2541 2368 post
2579 2297 2761 2352 Caroli
2785 2299 2972 2368 Magni
2998 2301 3157 2370 primi
3185 2301 3578 2358 Germanorum

350 2385 684 2456 imperatoris
710 2386 1244 2455 tempora;septimae
1290 2401 1522 2455 namque
1555 2387 1746 2457 synodi
1777 2385 2056 2453 aliquoties
2093 2386 2407 2438 mentionem
2434 2387 2561 2454 facit
2595 2389 2688 2454 lc).
2723 2387 2886 2442 Esto:
2910 2387 3248 2459 vixeritpost
3275 2389 3456 2446 Caroli
3507 2391 3581 2447 Μ.

333 2483 601 2542 tempora,
623 2485 749 2525 cum
779 2472 1024 2540 septimae
1052 2472 1246 2542 synodi
1272 2487 1471 2527 nomen
1495 2473 1745 2543 attingat.
1771 2473 1888 2526 Non
1911 2473 2046 2527 satis
2073 2483 2291 2528 constat
2317 2475 2558 2537 interim,
2583 2490 2694 2544 quo
2722 2484 2972 2544 tempore
2997 2478 3214 2531 vixerit.
3253 2477 3580 2546 Salmasius,

329 2560 399 2614 de
453 2558 732 2630 opusculis
786 2558 890 2614 Nili
919 2559 1426 2615 Thessalonicensis
1451 2560 1520 2615 ad
1541 2560 1806 2616 lectorem
1851 2560 2066 2624 scribit,
2099 2562 2205 2616 sibi
2237 2573 2512 2624 constare,
2545 2563 2690 2616 hunc
2716 2563 2900 2618 Nilum
2922 2580 3044 2620 esse
3103 2567 3571 2634 recentissimum;

331 2651 553 2705 Tltomxn
577 2651 724 2705 enim
757 2651 1047 2721 Aquinatis
1074 2651 1128 2706 in
1170 2652 1294 2706 aliis
1319 2653 1544 2722 scriptis
1570 2653 1708 2715 suis,
1741 2668 1865 2721 quae
1901 2649 2145 2706 nondum
2176 2649 2323 2703 edita
2372 2659 2525 2710 sunt,
2557 2651 2830 2711 meminit,
2857 2659 2915 2705 et
2958 2651 3198 2707 Thomas
3243 2655 3332 2708 ille
3381 2671 3581 2710 recen-

334 2740 577 2794 tissimus
597 2750 702 2795 est.
733 2740 952 2795 Poterat
971 2748 1153 2795 tamen
1183 2739 1419 2796 certiora
1438 2750 1684 2810 tempora
1704 2740 1979 2811 praefinire
2006 2739 2165 2804 ,dum
2192 2753 2222 2792 a
2249 2736 2461 2792 Thoma
2487 2737 2756 2806 Aquinate
2783 2738 2850 2792 ad
2908 2739 3056 2794 hunc
3078 2741 3258 2796 Nilum
3278 2759 3386 2798 non
3413 2745 3579 2800 breve

334 2835 600 2903 temporis
635 2835 872 2904 spatium
905 2834 1232 2890 intercedat.
1266 2835 1426 2890 nunc
1454 2849 1588 2906 ergo
1623 2834 1805 2890 Nilum
1838 2849 1940 2888 nos
1973 2835 2077 2888 sub
2107 2831 2318 2888 Joanne
2347 2829 2738 2886 Cantacuzeno
2770 2831 2974 2886 vixisse
3006 2832 3243 2903 ﬁgimus,
3289 2851 3395 2891 una
3449 2852 3577 2893 cum

331 2922 559 2986 Nicolao
590 2921 866 2982 Cabasila.
893 2921 960 2976 ad
993 2937 1156 2992 quem
1185 2923 1262 2976 uti
1296 2923 1437 2994 πρὸς
1456 2924 1546 2976 τὸν
1586 2921 1750 2976 αὑτοῦ
1774 2921 1930 2992 ἁνεψι

1973 2938 1997 2974 ν
2027 2920 2104 2992 (d)
2159 2918 2410 2988 ejusdem
2457 2917 2565 2973 Nili
2604 2926 2783 2972 exstat
2831 2919 3054 2989 epistola
3091 2921 3377 2992 theologica
3415 2923 3579 2993 cujus

337 3009 704 3080 principium:
756 3010 893 3079 Περὶ
926 3012 1137 3075 ἐννοίας
1173 3013 1281 3066 τῶν
1312 3012 1764 3082 συγγραμμάτων
1786 3027 1880 3065 σου
1920 3012 1943 3064 i1

1972 3057 1973 3063 η
2001 3009 2204 3067 Codice
2236 3011 2497 3066 Vaticano
2518 3009 2643 3071 632,
2679 3009 2954 3064 Demetrio
2983 3009 3346 3082 Chrysolorze,
3383 3014 3578 3069 Deme-

337 3099 443 3152 trio
505 3109 562 3152 et
602 3097 884 3153 Prochoro
913 3099 1174 3170 Cydoniis
1220 3099 1506 3164 fratribus,
1535 3115 1634 3170 pro
1673 3115 1784 3169 quo
1813 3099 2094 3154 Prochoro
2125 3107 2297 3154 exstat
2341 3099 2604 3154 Demetrii
2624 3097 2813 3153 Oratio
2839 3097 2905 3151 ad
2937 3099 3282 3154 Philotheuiu
3336 3102 3576 3169 patriar-

334 3189 514 3240 cham.
555 3187 796 3256 Princip.
835 3186 944 3240 Νῦν
977 3189 1133 3258 μόλις
1159 3189 1324 3257 ἔργον
1346 3188 1537 3258 ἀνδρὸς
1560 3187 1852 3251 ἀπεδείξω,
1883 3188 1940 3252 μί

1999 3187 2162 3256 μέχρι
2187 3185 2410 3239 πολλοῦ.
2437 3186 2504 3240 Et
2545 3184 2689 3254 quod
2729 3185 2902 3253 magis
2971 3203 3086 3242 rem
3128 3189 3346 3256 probat,
3381 3189 3580 3259 legitur

333 3277 498 3330 etiam
529 3276 691 3331 modo
711 3275 766 3329 in
794 3276 1148 3331 Bibliotheca
1200 3275 1472 3331 Vaticana:
1529 3275 1692 3330 codd.
1727 3275 1852 3340 675,
1897 3277 2003 3330 674
2032 3286 2088 3331 et
2114 3275 2276 3338 19.22,
2301 3273 2527 3329 Joannis
2561 3273 2930 3328 Cantacuzeni
2979 3277 3268 3353 responsio
3327 3277 3394 3331 ad
3431 3279 3579 3335 dicta

341 3369 636 3423 Prochori:
685 3369 820 3438 Περὶ
850 3369 1040 3432 οὐσίας
1075 3370 1171 3422 καὶ
1198 3368 1481 3440 ἐνεργείας
1507 3367 1664 3434 Θεοῦ,
1703 3369 1777 3423 De
1815 3385 1947 3423 esset

1975 3371 2043 3422 tia
2075 3378 2126 3422 et
2159 3371 2463 3439 operatione
2510 3368 2712 3422 divina.
2751 3367 2990 3436 Princip.
3019 3369 3326 3438 ’Περίιμὲν
3349 3367 3444 3424 οὖν
3470 3373 3581 3426 τῶν

336 3458 435 3526 τῆς
459 3457 741 3527 ινεργείας
769 3458 866 3511 τοῦ
891 3459 1028 3511 Θεοῦ
1056 3458 1218 3511 εἱδῶν
1248 3459 1392 3512 κατὰ
1420 3459 1521 3530 τὴν
1560 3461 1617 3512 ὲν
1644 3458 1957 3528 προοιμίοις
2007 3458 2368 3524 ἐπαγγελίαν.
2401 3457 2531 3511 ltcm
2563 3456 2811 3526 ejusdem
2849 3474 2863 3511 :
2897 3455 3293 3527 ’Δντιρῥητικὰ
3324 3461 3462 3528 πρὸς
3511 3463 3582 3517 τὰ.

341 3546 697 3616 προαγόμενα
730 3547 870 3616 ῥητὰ
896 3547 1006 3600 τῶν
1039 3547 1214 3614 ἁγίων
1257 3548 1362 3600 ὑπὸ
1394 3549 1674 3620 Προχόρου
1700 3546 1795 3600 τοῦ
1831 3547 1943 3598 Κυδ

1976 3548 2079 3616 iw}.
2116 3545 2469 3598 Antirrhetica
2498 3547 2568 3598 ad
2605 3545 2744 3597 dicta
2786 3541 3013 3597 Patrum
3057 3545 3228 3600 allata
3259 3565 3292 3600 a
3317 3546 3582 3604 Prochoro

340 3635 593 3704 Cydonia.
635 3635 1016 3706 Principium:
1051 3635 1232 3700 Ὀλως
1276 3637 1376 3706 μὲν
1411 3638 1513 3691 οὐκ
1559 3638 1687 3702 lbet,
1713 3631 1759 3690 ὦ
1827 3634 1946 3688 οὗτο

1977 3649 2006 3696 ς,
2055 3632 2504 3700 ἀπολογήσασθαί
2565 3649 2631 3700 με
2699 3626 2835 3702 πρὸς
2883 3633 2953 3686 τὰ
3006 3633 3297 3705 λεγόμενα.
3348 3639 3583 3695 Probant

342 3723 499 3775 etiam
560 3721 807 3776 eamdem
866 3731 1083 3778 aetatem
1135 3723 1254 3778 alia:
1309 3725 1795 3779 commentationes
1831 3722 2027 3776 eodem
2086 3731 2330 3790 tempore
2360 3721 2717 3779 concinnatae,
2754 3722 2831 3774 uti
2895 3719 3154 3778 Demetrii
3219 3723 3583 3795 Chrysolorae.

344 3809 494 3862 Κατὰ
519 3811 766 3863 Λατίνων
795 3809 954 3879 λόγος
1018 3812 1365 3877 συνοπτικὸς,
1402 3810 1494 3879 ἀφ’
1525 3807 1600 3864 ὦν
1633 3812 1854 3880 ἐποίησε
1874 3810 2068 3873 Νεῖλος
2095 3810 2528 3880 ἀρχιεπίσκοπος
2559 3805 2982 3877 Θεσσαλονίκης.
3039 3810 3377 3881 Principium
3407 3829 3422 3865 :
3458 3816 3585 3883 ’Δρ-

339 3897 466 3965 χαία
485 3897 616 3964 δόξα
645 3899 744 3967 τῆς
801 3898 1132 3967 Ἐκκλησίας
1178 3898 1254 3962 ὡς
1312 3900 1375 3951 ὲκ
1403 3897 1496 3951 τοῦ
1535 3897 1664 3951 Υίοῦ
1693 3898 1754 3950 τὸ
1793 3896 2038 3966 Πνεῦμα.
2065 3897 2198 3951 Item
2243 3895 2488 3961 ejusdem
2519 3895 2776 3962 Διάλογος
2805 3895 3150 3967 ἀναιρετικὸς
3177 3897 3270 3952 τοῦ
3302 3899 3484 3969 λόγου,
3519 3903 3581 3956 δν

337 3985 579 4056 ἔγραψεν
606 3985 922 4056 Δημήτριος
943 3989 972 4040 ὁ
1007 3986 1267 4056 Κυδώνης
1295 3987 1438 4040 κατὰ
1468 3987 1562 4040 τοῦ
1593 3988 1998 4057 Θεσσαλονίκης
2028 3989 2225 4057 κυρίου
2276 3986 2468 4039 Νείλου
2503 3985 2598 4038 τοῦ
2624 3985 2930 4041 Καὸασίλα.
2965 3986 3301 4058 Principium
3337 4007 3350 4044 :
3389 3992 3583 4060 Μιγας

341 4073 445 4140 μὲν
475 4077 502 4126 ό
528 4075 635 4126 τῶν
677 4075 970 4143 ὁμοφύλων
1002 4073 1126 4128 καθ’
1167 4074 1326 4145 ἡμῶν
1348 4075 1608 4145 πόλεμος,
1645 4084 1701 4128 et
1724 4079 1943 4129 tandem

1995 4091 2064 4128 ne
2091 4075 2246 4143 plura
2290 4074 2398 4128 huc
2425 4087 2700 4142 aggeram,
2738 4073 2997 4128 Demetrii
3027 4074 3260 4145 Cydonii
3293 4079 3431 4148 πρὸς
3452 4082 3578 4142 τοὺς

338 4162 433 4214 τοῦ
463 4162 748 4217 Καδασίλα
780 4163 1042 4232 ἐλέγχους
1069 4164 1210 4218 κατὰ
1236 4164 1346 4216 τῶν
1371 4166 1500 4232 περὶ
1527 4165 1624 4234 τῆς
1648 4163 2040 4232 ὲκπορεύσεως
2087 4161 2182 4215 τοῦ
2213 4162 2373 4230 ἁγίου
2431 4161 2754 4230 Πνεύματος
2794 4161 3108 4228 κεφαλαίων
3147 4164 3242 4217 τοῦ
3301 4167 3582 4237 μακαρίου

339 4253 534 4321 Θωμᾶ.
575 4251 912 4321 Principium
946 4269 960 4304 :
1006 4252 1069 4304 'H
1105 4253 1206 4322 μὲν
1253 4253 1398 4306 κατὰ
1447 4252 1700 4308 Λατίνων
1728 4251 2011 4321 προθυμία
2039 4251 2132 4304 τοῦ
2162 4251 2356 4321 ἀνδρὸς
2411 4249 2603 4302 τούτου
2650 4248 2866 4320 μεγάλη
2919 4250 3014 4302 καὶ
3061 4250 3373 4326 θαυμαστή.
3412 4255 3478 4309 Et
3513 4271 3583 4312 ne

342 4342 602 4408 patientia
635 4350 725 4395 tua
766 4343 978 4399 abutar.
1013 4341 1219 4396 videsis
1255 4357 1354 4411 per
1385 4349 1436 4396 te
1462 4342 1638 4411 ipsum
1669 4340 2114 4396 Cantacuzenum
2154 4341 2207 4394 in
2246 4338 2505 4405 Historia,
2541 4346 2596 4393 et
2628 4338 2971 4407 potissimum
3008 4338 3105 4393 lib.
3136 4356 3190 4404 ν,
3217 4357 3336 4411 cap.
3383 4344 3471 4397 l6.
3503 4345 3580 4399 lbi

343 4438 528 4483 narrat
562 4431 858 4499 imperator
891 4427 1310 4485 Cantacuzenus
1352 4446 1409 4484 se
1442 4431 1707 4486 molestiis
1751 4432 1958 4485 exsolvi
2010 4430 2345 4499 cupientem,
2375 4445 2438 4483 ac
2493 4444 2668 4498 genus
2707 4429 2926 4484 vivendi
2981 4431 3258 4499 placidum
3320 4432 3579 4487 minime-

341 4534 448 4585 que
479 4517 819 4586 uegotiosum
842 4518 1233 4588 suspirantem,
1267 4533 1390 4573 cum
1429 4520 1713 4574 statuisset
1765 4519 2028 4574 translato
2059 4518 2292 4588 imperio
2321 4518 2715 4571 monachorum
2767 4518 3019 4572 instituta
3057 4519 3278 4582 sectari,
3335 4521 3404 4574 ad
3435 4521 3579 4576 hanc

342 4605 706 4658 secessionem
737 4605 916 4660 socios
941 4605 1214 4659 addidisse
1240 4603 1524 4660 Nicolaum
1551 4604 1856 4661 Cabasilam
1919 4615 1977 4660 et
2027 4605 2364 4660 Demetrium
2389 4602 2688 4673 Cydonem,
2714 4607 2806 4673 qui
2835 4614 3064 4658 externa:
3123 4607 3398 4676 sapientia
3428 4609 3583 4676 [asti-

340 4699 484 4762 gtum
513 4693 823 4761 attigerant,
858 4701 909 4745 et
936 4691 1162 4745 moribus
1208 4691 1632 4764 philosophantes
1659 4695 1820 4748 vitam
1868 4694 2122 4755 celibem,
2157 4691 2624 4762 conjugaliumque
2685 4692 3140 4761 perturbationum
3173 4704 3435 4764 expertem
3465 4715 3582 4750 am-

341 4780 480 4850 plexi
509 4779 740 4847 fuerant.
774 4777 1029 4843 Quocirca
1061 4779 1590 4850 prtecipuumgratice
1638 4783 1904 4846 amicitiae,
1940 4792 1987 4834 et
2026 4781 2412 4850 familiaritatis
2465 4778 2636 4833 locum
2666 4781 2807 4850 apud
2864 4781 3235 4848 imperatorem
3259 4783 3582 4838 obtinebant.

344 4876 507 4929 Notat
531 4885 789 4943 praeterea
814 4872 1114 4927 Salmasius
1137 4873 1342 4928 ibidem
1372 4889 1478 4928 non
1512 4875 1866 4931 mediocriter
1895 4891 2084 4930 errare
2125 4875 2302 4929 virum
2324 4873 2762 4929 eruditissimum
2798 4875 2895 4948 (e),
2930 4878 3026 4945 qui
3065 4874 3250 4929 Nilum
3281 4875 3583 4932 Thessalo-

420 4989 489 5055 (τ)
523 4985 724 5040 Eadem
756 4983 920 5038 Flacii
970 4984 1132 5040 verba
1163 4995 1312 5050 sunt,
1345 4985 1554 5057 praefat.
1606 4987 1673 5040 ad
1706 4985 1810 5042 Nili
1841 4987 1911 5042 li-
2006 4996 2159 5042 .stam
2191 4985 2426 5057 esse‘ait
2450 5023 2465 5048 ,
2501 5000 2669 5055 quare
2693 4986 2764 5057 in
2807 4985 3008 5041 Codice
3032 4986 3125 5040 illo
3175 4985 3422 5040 Caesareo
3450 4987 3585 5042 Ora-

344 5054 567 5110 bctluui.
663 5124 671 5126 ξ
702 5125 710 5126 7
790 5123 813 5126 _
1347 5054 1359 5057 ⁷
2023 5059 2267 5112 tionibus
2305 5054 2568 5112 Caba~ilic
2653 5056 2757 5110 Nili
2785 5057 3026 5126 Epistula
3054 5058 3432 5126 subjuugalur.

414 5130 489 5192 (ά)
519 5127 574 5196 In
602 5124 738 5177 bibl.
777 5123 1019 5196 Cmsarea
1054 5135 1191 5179 teste
1218 5125 1483 5187 Nesselio.
1505 5142 1556 5196 p.
1582 5127 1706 5189 553,
1735 5136 1914 5181 exsmt
2093 5129 2164 5195 (e)
2222 5127 2420 5179 Bonav.
2491 5123 2810 5180 Vulcanium
2838 5123 2894 5179 Vin
2959 5129 3105 5194 praef.
3145 5123 3210 5180 ad
3239 5123 3342 5180 Nili
3375 5131 3576 5184 librum

341 5197 505 5251 etiam
528 5195 634 5250 Nili
671 5196 834 5262 huius
868 5195 1105 5264 Epistula
1137 5198 1200 5249 ad
1229 5200 1434 5250 sororis
1473 5195 1584 5250 sine
1623 5199 1790 5250 lilium
1822 5197 1916 5251 Ni-
2026 5196 2102 5249 De
2129 5198 2358 5264 primatu
2387 5211 2538 5264 papa:
2563 5197 2770 5249 editum
2809 5214 2837 5250 a
2863 5213 2920 5250 se
2952 5213 2981 5250 e
3011 5212 3111 5250 ms.
3144 5197 3285 5250 Bibl.
3313 5199 3581 5254 Vaticana:

343 5267 556 5336 colauiu
585 5265 914 5336 Cabasilam.
947 5265 1014 5319 de
1043 5263 1302 5320 Oratione
1351 5267 1470 5336 ejus
1525 5267 1911 5320 encomiastica
2022 5278 2078 5320 et
2116 5263 2308 5319 Latine
2333 5263 2604 5336 redditum
2629 5265 2798 5335 Lugd.
2843 5267 2958 5319 Bat.
2994 5267 3153 5333 1595,
3211 5271 3262 5332 8,
3293 5270 3435 5336 apud
3471 5269 3573 5322 [la-

347 5338 399 5388 in
425 5335 504 5406 S._
534 5349 826 5406 martyrem
883 5335 1252 5406 Demetrium:
1313 5334 1598 5405 Ἑπιστολὴ
1627 5338 1720 5388 τοῦ
1775 5340 1914 5404 πρὸς
2024 5337 2396 5406 phelcngium.
2429 5334 2729 5404 Subjunxit
2755 5351 2919 5405 porro
2953 5337 3250 5394 Vulcanius
3307 5334 3494 5393 Graece
3521 5350 3578 5393 et

349 5404 551 5473 μητρὸς
610 5404 754 5454 θείου
805 5405 957 5478 κνρῷ
1007 5405 1259 5478 μικολᾴῳ
1292 5407 1369 5475 τῷ
1402 5404 1914 5478 Ιίαϐασίλᾳηὰγιω-

2024 5404 2218 5478 Latine
2247 5407 2463 5478 initium
2492 5404 2907 5478 disceptationis
2930 5406 3102 5461 Graeci
3130 5418 3185 5461 et
3214 5413 3576 5478 quorumdam

345 5489 523 5546 τατου
553 5474 952 5546 μητροπολίτου
995 5474 1418 5546 Θεσσαλονίκης,
1480 5474 1904 5546 κυροίίΝείλου.

2014 5476 2391 5544 καλδηναρίων
2424 5476 2826 5544 (cardinalium)
2855 5487 3016 5545 atque
3052 5474 3304 5546 excerpta
3331 5479 3576 5546 quaedam

348 5541 877 5616 Principiuiirliiijus
913 5541 1164 5616 Epistula:
1195 5561 1300 5598 non
1321 5541 1404 5600 est
1434 5563 1462 5598 a
1498 5541 1713 5600 verbis:
1761 5546 1824 5598 Ἦ
1854 5545 1910 5597 δὲ
2017 5541 2194 5615 ε’]υειιζ
2226 5541 2604 5614 arguuiciitiex
2634 5548 2754 5600 aliis
2779 5541 2884 5601 Nili
2917 5541 3140 5616 scriptis
3163 5541 3486 5603 et'libe'ilum
3512 5550 3580 5602 de

347 5615 491 5686 αἰτία
525 5613 751 5686 δήλη-δίς
782 5615 849 5686 ἢν
870 5610 1112 5686 κα-ῖηῶδγε
1139 5616 1416 5686 τέτακται,
1452 5627 1507 5686 ut
1538 5619 1684 5686 legas
1735 5617 1790 5668 in
1823 5631 1916 5686 ape

2022 5610 2146 5686 igne
2191 5610 2525 5684 purgatorio,
2563 5617 2806 5686 ejusdem
2837 5627 2894 5670 ut
2914 5610 3174 5673 credibile
3200 5629 3299 5682 est,
3320 5618 3447 5683 Nili,
3470 5617 3579 5672 nisi

349 5683 574 5750 pendice
606 5683 673 5734 ad
707 5681 768 5736 ν.
793 5684 853 5736 C.
879 5683 1028 5737 Guil.
1058 5684 1246 5737 Cavci.
1276 5685 1408 5738 Hist.
1441 5681 1786 5748 litterariam,
1821 5681 1914 5737 sed
2025 5681 2206 5740 Marco
2247 5681 2482 5752 Ephesio
2505 5681 2657 5740 illum
2700 5690 2946 5742 tribuere
2995 5691 3168 5743 malis.
3203 5681 3394 5740 Latine
3426 5681 3583 5742 deni-

352 5757 510 5806 Verba
535 5753 624 5804 illa
654 5753 864 5807 librarii
915 5765 1081 5819 sunt,
1129 5757 1327 5822 quibus
1367 5758 1648 5819 ratioucml
1698 5755 1921 5809 mauife-
2029 5771 2135 5818 quc
2171 5756 2454 5817 subiunxit
2486 5758 2800 5814 Excerutae
2825 5759 3036 5814 svnodo
3068 5757 3399 5811 Florentius.
