4068 6204
587 262 700 331 675
1689 252 1928 316 NILUS
1966 251 2754 316 TIlESSALONICENSIS.
2863 215 2868 218 ’
3711 277 3806 342 επ

585 381 867 436 nicensem
899 372 1152 429 eumdem
1209 369 1338 426 facit
1366 383 1490 424 cum
1519 367 1744 426 Nicolao
1766 365 2004 437 quodam
2039 365 2322 422 Mcthones
2361 370 2642 441 episcopo,
2680 383 2736 429 et
2785 373 3126 432 hinominem
3159 377 3306 436 hunc
3343 380 3523 440 Nilum
3558 383 3716 446 fuisse
3734 393 3808 448 ili-

583 470 682 534 cit,
705 465 851 538 quod
880 478 1012 521 usus
1033 469 1182 518 esset
1201 459 1506 520 codicibus.
1543 458 1637 530 qui
1669 465 1937 512 tractatus
1962 455 2102 510 alios
2123 456 2390 525 quosdam
2414 458 2682 528 ejusdem,
2713 470 2809 514 aut
2833 477 2944 515 non
2972 463 3204 519 multum
3229 467 3494 525 absimilis
3517 487 3802 544 argumenti

581 557 963 619 continebant,
998 552 1199 623 quibus
1234 549 1510 605 interdum
1542 562 1740 601 nomen
1799 545 2075 598 Νικολάου
2136 544 2388 599 additum
2439 547 2726 600 Ka6aat).a
2778 548 2964 604 refert.
2993 551 3105 606 Nec
3155 553 3263 608 alio
3291 571 3606 626 argumento
3648 563 3808 622 Nilum

582 658 640 702 et
676 647 956 701 Nicolaum
994 642 1248 698 eumdem
1285 647 1460 708 putat.
1510 637 1678 691 Ponit
1714 645 2106 705 argumentum
2144 633 2441 721 ianabulas
2500 634 2820 700 Salinasius,
2847 648 2902 692 et
2931 654 3039 694 non
3078 641 3334 698 dissimili
3365 648 3610 717 exemplo
3644 661 3807 721 explo-

583 735 697 799 dit,
740 751 797 788 se
829 747 1048 803 quoque
1102 730 1158 784 in
1200 727 1390 783 codice
1442 725 1698 780 Palatinae
1778 721 2126 776 bibliotheca:
2161 720 2378 777 Nicolai
2425 721 2802 779 Mcthonensis
2851 727 3255 796 disputationes
3311 733 3521 802 aliquot
3570 720 3808 796 adversus

581 830 808 887 Latinos
829 867 842 891 ,
868 826 996 879 item
1032 822 1482 877 Dissertationem
1512 817 1696 872 Basilii
1722 813 2234 870 Thessalonicensis
2266 817 2674 884 tnetrOpolitani
2701 819 3007 885 invenisse,
3041 831 3096 875 et
3124 823 3230 879 hoc
3267 827 3462 881 eodem
3490 845 3640 883 usum
3667 851 3808 904 argu-

580 929 788 977 mento,
807 931 872 969 ex
901 915 1045 972 Nilo.
1074 911 1298 966 Nicolao
1343 918 1397 962 et
1435 906 1658 970 Basilio,
1693 920 1760 960 ex
1803 904 1888 958 his
1922 902 2100 957 tribus
2127 900 2434 973 Geryonem
2459 920 2630 958 unum
2655 917 2711 960 et
2738 907 3008 977 triplicem
3031 924 3219 965 creare
3249 914 3513 982 potuisse.
3539 915 3662 970 Nam
3684 900 3807 991 quod

577 1008 726 1062 idem
760 1014 1008 1059 astruere
1034 1017 1099 1055 ex
1127 1000 1247 1068 styli
1277 997 1538 1051 aﬂinitate
1567 1003 1818 1060 conatur,
1854 992 1906 1046 id
1932 991 2094 1062 quale
2135 991 2226 1056 sit,
2265 1005 2324 1044 se
2365 1006 2476 1044 non
2527 992 2782 1061 ignorare
2810 1011 2825 1058 ;
2861 996 2956 1063 qui
2997 995 3154 1065 plura
3187 1000 3393 1068 scriptu
3421 1004 3675 1072 ejusmodi
3720 1025 3803 1063 re-

577 1094 817 1150 centium
849 1091 1162 1147 Grzncorum
1189 1088 1408 1141 Patrum
1463 1096 1577 1138 tum
1626 1098 1788 1137 nianu
1835 1089 2082 1143 exarata,
2114 1086 2231 1133 tum
2267 1092 2465 1133 excusa
2503 1079 2658 1150 legit,
2705 1091 2764 1135 ut
2789 1092 3138 1152 argumento,
3180 1085 3253 1139 ita
3282 1089 3423 1158 slylo
3455 1093 3649 1147 similia
3678 1114 3690 1147 :
3722 1112 3809 1153 nec

581 1191 762 1236 tamen
802 1193 1043 1248 unquam
1071 1192 1139 1231 ex
1169 1191 1233 1230 eo
1263 1184 1543 1238 auctores,
1576 1172 1670 1242 qui
1699 1171 1904 1225 diversi
1928 1175 2106 1230 erant,
2129 1165 2550 1222 confundendos
2571 1183 2693 1224 esse
2727 1170 3010 1238 statuisse,
3041 1172 3137 1227 sed
3164 1173 3216 1228 id
3250 1177 3470 1232 tandem
3503 1182 3804 1252 conjecisse,

577 1269 772 1325 eadem
813 1267 937 1321 illos
956 1275 1115 1319 aetate
1147 1263 1371 1328 vixisse,
1406 1261 1502 1331 qui
1553 1261 1694 1331 stylo
1721 1257 1891 1312 iidem
1923 1269 2066 1327 pene
2101 1254 2455 1310 viderentur.

649 1360 1068 1416 Eruditissimus
1103 1357 1194 1410 hic
1219 1355 1321 1418 vir,
1355 1354 1516 1424 cujus
1540 1366 1739 1406 nomen
1758 1349 2020 1414 obticuit,
2043 1356 2099 1403 et
2122 1349 2470 1419 conjecturas
2503 1349 2572 1405 de
2595 1349 2720 1406 Nilo
2750 1360 2806 1407 et
2838 1352 3070 1410 Nicolao
3097 1355 3381 1427 redarguit
3415 1360 3714 1430 Salmasius,
3738 1377 3808 1421 est

579 1451 965 1504 Bonaventnra
993 1443 1306 1503 Vulcanius,
1342 1441 1500 1512 cujus
1522 1440 1667 1494 dicta
1720 1437 2327 1492 accuratioriexamine
2375 1439 2736 1508 supponenda
2763 1449 2912 1505 sunt,
2931 1449 2988 1496 et
3015 1443 3103 1497 hic
3125 1459 3234 1498 non
3269 1450 3536 1515 gravabor
3561 1467 3808 1520 apponere

575 1536 842 1593 nonnulla
869 1549 936 1588 ex
959 1532 1204 1603 ejusdem
1234 1528 1562 1584 Praefatione
1596 1527 1664 1580 ad
1689 1527 1977 1613 lectorem,
2002 1525 2224 1594 praeﬁxa
2257 1527 2514 1580 tractatui
2565 1526 2674 1582 Nili
2707 1528 2952 1598 episcopi
3006 1529 3526 1591 Thessalonicensis
3578 1537 3646 1593 De
3677 1558 3807 1613 papa:

577 1623 802 1679 Romani
833 1622 1102 1691 primatu:
1129 1616 1306 1671 Codex
1336 1631 1480 1670 meus
1510 1617 1565 1669 in
1599 1613 1771 1682 fronte
1800 1611 1920 1665 libri
1951 1626 2183 1681 expressi

2225 1629 2337 1683 pra:
2365 1630 2419 1666 se
2452 1617 2554 1682 fert
2610 1631 2800 1668 nomen
2832 1616 3032 1669 Νείλου
3070 1619 3521 1689 ἀρχιεπεσκόπου
3572 1611 3805 1681 Θεσσαλο-

573 1712 730 1780 νίκης
756 1725 772 1773 ;
801 1708 891 1762 sed
910 1723 1026 1760 cum
1056 1706 1110 1758 in
1134 1691 1312 1758 eodem
1333 1703 1506 1756 codice
1529 1702 1633 1755 sint
1653 1699 1751 1754 alii
1777 1715 1881 1752 non
1905 1697 2167 1754 absimiles
2199 1696 2264 1750 ab
2285 1698 2379 1750 hoc
2405 1706 2718 1767 argumento
2745 1698 3042 1766 Tractatus,
3072 1703 3126 1755 in
3150 1704 3215 1757 iis
3235 1707 3440 1775 reperio
3469 1710 3709 1764 interdum
3731 1727 3807 1765 no-

571 1815 690 1853 men
724 1795 991 1850 Νικολάου
1010 1794 1104 1860 τῆς
1139 1790 1402 1858 Μεθώνης
1432 1790 1757 1850 ἐπισκόπου,
1790 1787 2177 1853 ὺηιενάιιηιζεεὶα

2199 1785 2493 1837 nadditum
2521 1801 2709 1838 nomen
2727 1785 2821 1838 τοῦ
2855 1787 3161 1843 Καϐισιλα.
3202 1790 3319 1856 Quo
3351 1793 3413 1862 fit
3473 1805 3528 1849 ut
3563 1797 3680 1851 mihi
3695 1815 3805 1868 pene

570 1893 924 1966 persuadeam
954 1887 1270 1942 binominem
1299 1887 1440 1940 hunc
1468 1890 1706 1939 nostrum
1737 1880 1922 1936 Nilum
1955 1881 2138 1951 fuisse,
2173 1880 2268 1934 hoc
2292 1888 2388 1944 est,
2413 1878 2591 1932 Nilum
2627 1891 2674 1934 et
2701 1881 2984 1938 Nicolaum
3021 1887 3160 1940 hunc
3209 1905 3378 1942 unum
3419 1901 3572 1961 atque
3600 1895 3804 1949 eumdem

572 1992 841 2040 auctorem
874 1981 1052 2050 fuisse.
1085 1977 1267 2047 Neque
1297 1976 1391 2028 hoc
1415 1989 1496 2027 me
1519 1991 1551 2027 a
1574 1971 1837 2026 sententia
1863 1970 2159 2033 dimoverit,
2193 1968 2334 2038 quod
2370 1968 2455 2020 hic
2492 1968 2844 2025 Hemonensis
2876 1976 3174 2046 episcOpus,
3229 1978 3377 2032 alter
3408 1995 3528 2034 vero
3561 1979 3803 2038 Thessalo-

569 2071 797 2126 nicensis
842 2067 1262 2138 archiepiscopus
1286 2061 1468 2130 fuerit.
1503 2059 1764 2115 Usitatum
1790 2059 1928 2111 enim
1951 2059 2046 2110 hoc
2074 2064 2123 2110 et
2142 2055 2267 2110 olim
2303 2063 2352 2108 et
2392 2055 2570 2117 hodie.
2603 2066 2660 2110 ut
2715 2061 2945 2130 episcopi
2973 2063 3038 2115 ab
3085 2081 3190 2119 uno
3215 2067 3287 2119 ad
3319 2067 3486 2122 alium
3515 2070 3794 2140 digniorem,

569 2168 666 2215 aut
741 2158 976 2224 alioquin
1057 2151 1126 2206 ad
1179 2149 1690 2218 archiepiscOpatum
1748 2151 2178 2216 promoueantur.
2257 2143 2468 2196 Accedit
2542 2146 2642 2198 huc
2673 2185 2689 2206 ,
2744 2154 2884 2217 quod
2967 2165 3085 2218 qua:
3151 2154 3308 2206 hodie
3396 2165 3600 2210 εχειαηε
3677 2158 3794 2212 mw.

569 2248 648 2301 lai
731 2241 1090 2299 Methonensis
1187 2237 1610 2300 lucubrationes,
1684 2232 1766 2286 uel
1843 2233 1980 2303 typis
2067 2244 2314 2292 excusse,
2388 2229 2467 2283 uel
2559 2248 2725 2286 manu
2822 2249 3060 2292 exaratis
3147 2240 3313 2311 plane
3392 2260 3510 2296 cum
3589 2246 3706 2316 stle
3754 2260 3792 2303 et

563 2333 656 2404 [ilo
691 2331 946 2386 orationis
977 2329 1134 2398 hujus
1186 2323 1295 2381 Nili
1329 2322 1661 2376 conueniant.
1685 2319 1928 2374 Excusus
1980 2328 2154 2372 autem
2193 2325 2362 2372 exstt
2401 2317 2613 2372 Nicolai
2646 2319 3004 2378 Hemonensis
3059 2335 3326 2382 tractatus
3383 2331 3522 2385 inter
3564 2333 3794 2404 liturgicos

565 2433 870 2491 auctores,e
899 2420 1272 2490 manuscriptis
1304 2433 1424 2472 vero
1463 2417 1695 2486 ejusdem
1741 2413 2003 2484 aperibus,
2043 2425 2163 2482 qua:
2200 2411 2253 2464 in
2291 2411 2560 2465 nonnullis
2584 2411 2762 2468 Italia:
2815 2424 2862 2469 et
2908 2417 3188 2490 Hispanias
3261 2422 3581 2480 bibliothecis
3609 2435 3804 2488 exstant,

561 2515 669 2571 sini
693 2513 837 2570 illius
865 2513 1131 2565 orationes
1151 2505 1274 2567 VII,
1300 2506 1363 2560 de
1385 2507 1494 2560 vita
1531 2505 1585 2557 in
1617 2502 1850 2566 Christo,
1875 2518 2007 2572 quas
2031 2499 2297 2562 nonnulli.
2331 2502 2469 2570 quod
2495 2504 2705 2570 quidem
2742 2522 2840 2575 pro
2885 2523 2968 2561 me
3020 2511 3254 2563 maxime
3323 2513 3474 2581 facit,
3511 2513 3630 2570 Nilo
3665 2517 3804 2569 ascri-

565 2607 712 2671 bunt,
741 2617 904 2672 neque
927 2615 1041 2654 mea
1060 2596 1268 2668 quidem
1293 2593 1552 2650 sententia
1585 2591 1868 2662 falluntur.
1905 2589 2094 2643 Exstat
2118 2589 2278 2644 etiam
2304 2593 2449 2663 apud
2466 2609 2547 2647 me
2579 2595 2899 2665 praclarum
2945 2601 3178 2668 ejusdem
3221 2601 3269 2654 Ν
3279 2604 3444 2658 icolai
3492 2604 3806 2658 Hemonensis

561 2709 716 2765 opus,
742 2705 843 2762 quo
866 2686 1206 2757 Theologiam
1242 2683 1584 2738 Platonicam
1621 2678 1822 2744 Procli,
1840 2693 1958 2749 quis
1979 2687 2183 2732 constat
2202 2681 2640 2751 propositionibus
2666 2683 2762 2739 2H
2781 2726 2794 2750 ,
2833 2686 2884 2738 in
2918 2703 3148 2757 quarum
3175 2689 3466 2762 plerisque,
3493 2693 3582 2747 ille
3627 2691 3807 2745 dubiant

561 2780 930 2835 accuratiorne
973 2774 1334 2846 philosophus,
1363 2787 1432 2824 an
1462 2771 1640 2824 acrior
1659 2766 1855 2822 Christi
1885 2768 2068 2830 hostis,
2122 2768 2384 2838 principia
2433 2769 2700 2842 religionis
2744 2772 3060 2830 Christiana:
3111 2778 3485 2851 philosophicis
3551 2781 3807 2840 rationibu;

558 2879 606 2934 et
672 2863 1204 2921 demonstrationibus
1259 2869 1488 2918 evertere
1547 2865 1792 2922 conatur,
1849 2856 2149 2909 doctissime
2225 2859 2485 2928 con/utut.
2564 2861 2775 2918 Titulus
2855 2864 2974 2920 libri
3028 2869 3106 2921 sic
3160 2871 3355 2926 habet:
3406 2871 3661 2927 Νικολάου
3691 2875 3806 2927 ἑπε-

561 2956 1039 3024 σκόπουΜεθώ-δης
1115 2952 1414 3016 ἀνάπτυξις
1476 2953 1578 3021 τῆς
1648 2949 1968 3018 θεολογικῆς
2030 2951 2432 3038 οτοιχειῴσιως
2483 2955 2730 3025 Πρόκλου
2781 2958 2879 3011 τοῦ
2953 2961 3159 3014 Λυκίου
3211 2964 3560 3021 Πλατωνικοῦ
3621 2968 3808 3038 φιλοσό-

560 3066 687 3120 (pou,
741 3055 851 3100 etc.
888 3040 1100 3098 Nicolai
1123 3039 1366 3129 episcOpi
1397 3036 2093 3129 biethonensisconlutatio
2118 3037 2441 3129 theologicae
2477 3042 2884 3102 informationis
2904 3047 3086 3104 Procli
3122 3051 3271 3122 Lycii
3309 3054 3570 3111 Platonici
3602 3036 3810 3129 philoso-

560 3136 680 3208 phi,
746 3134 838 3197 Hi,
890 3132 1131 3202 inquam,
1163 3127 1356 3219 libri__a
1400 3126 1632 3181 Nicolao
1661 3123 1991 3219 Mailronensi
2021 3126 2460 3219 conscripti,Nili
2480 3131 2640 3201 hujus
2667 3136 2831 3188 nostri
2857 3137 3051 3208 slylum
3073 3151 3266 3195 tersum
3295 3161 3429 3198 sane
3459 3123 3809 3219 atque-elegan-

556 3234 660 3279 tem
706 3221 941 3293 proxime
972 3217 1227 3287 referunt.
1281 3215 1482 3269 Horam
1540 3223 1609 3310 te,
1639 3213 1859 3310 candide
1881 3213 2064 3278 lector,
2089 3216 2345 3310 monitum
2377 3216 2535 3310 uolui,
2573 3219 2796 3276 liberum
2823 3225 2918 3278 tibi
2942 3229 3006 3280 de
3033 3237 3142 3282 tota
3167 3246 3224 3283 re
3235 3231 3505 3302 judicium
3524 3213 3810 3310 relinquens.

630 3309 1044 3365 Eruditissimus
1103 3305 1193 3359 hic
1223 3305 1328 3396 vir,
1360 3304 1611 3396 quisquis
1639 3303 1729 3356 ille
1767 3303 1891 3396 fuit,
1949 3318 2074 3357 cum
2101 3302 2394 3396 Nicolaum
2421 3305 2728 3396 C‘abasilant
2773 3322 2828 3367 et
2853 3313 3036 3369 Nilum
3103 3333 3274 3373 unum
3336 3322 3484 3392 facit,
3544 3335 3594 3379 et
3627 3302 3811 3396 postre:

553 3412 706 3453 suum
731 3397 1045 3452 oblitterata
1072 3392 1341 3446 memoria
1393 3389 1682 3454 Cabasilae,
1713 3391 1915 3444 mirum
1965 3405 2074 3445 non
2122 3399 2229 3456 est,
2264 3393 2308 3447 si
2345 3392 2765 3452 Methonenseni
2808 3401 2864 3454 in
2893 3402 3078 3457 locum
3132 3406 3280 3461 illius
3319 3389 3640 3469 detruserit:
3685 3415 3811 3480 latel-

557 3491 843 3548 Nicolaum
875 3487 1187 3543 Cabasilain
1241 3493 1317 3573 et.
1346 3482 2052 3573 Mathonensem‘magnum
2083 3491 2168 3539 est
2201 3486 2470 3554 temporis
2519 3489 2896 3557 intervallum,
2936 3495 3324 3556 Methonensis
3365 3503 3630 3573 siquidem
3663 3507 3812 3560 multo

541 3579 812 3638 'Cabasila
840 3575 1141 3646 antiquior.
1163 3575 1221 3628 Si
1245 3572 1642 3634 Methonensis,
1668 3579 1732 3625 ut
1751 3569 2097 3640 Epitomator
2127 3573 2505 3630 Gesnerianns
2532 3577 2720 3644 tradit,
2741 3579 2972 3638 ﬂorebat
3002 3599 3148 3640 anno
3174 3586 3339 3655 1930,
3362 3569 3462 3646 Sub
3490 3591 3809 3655 Lascaribus,

539 3667 886 3740 .quiscripsit
913 3665 1174 3735 pleraque
1195 3671 1390 3754 contra
1415 3658 1749 3730 pontilicios,
1773 3674 1894 3728 quae
1925 3658 1979 3712 in
2017 3660 2374 3719 bibliothecis
2419 3670 2800 3740 manuscripts
2850 3672 3130 3744 leguntur,
3166 3679 3336 3736 sicuti
3370 3682 3534 3738 etiam
3590 3683 3809 3754 ejusdem

538 3757 732 3830 .oratio
753 3755 820 3810 ad
838 3768 934 3808 eos
961 3753 1052 3822 qui
1087 3750 1360 3812 haesitant,
1393 3753 1662 3842 aiuntque
1687 3757 2072 3842 coturnices-tuin
2098 3764 2292 3816 panem
2332 3761 2389 3807 et
2421 3755 2606 3809 vinum
2638 3773 2884 3815 nonesse
2920 3777 3122 3832 corpus
3154 3777 3210 3821 et
3240 3772 3569 3842 sanguinem
3614 3750 3806 3828 homini

550 3845 729 3901 nostri
751 3843 879 3899 Jesu
927 3839 1160 3903 ChriSti,
1199 3846 1254 3893 et
1294 3837 1496 3926 legitur
1534 3833 1700 3889 hodie
1729 3834 2157 3926 inBibliotheca
2187 3847 2514 3926 sanctorum
2552 3843 2778 3901 Patrum
2818 3847 3113 3921 Margarini
3144 3833 3380 3926 Bigneiv:
3433 3858 3669 3916 Cabasila
3697 3875 3806 3916 vero

537 3933 950 3990 dlorebatanno
981 3929 1138 3984 ιω.
1176 3926 1321 3981 later
1348 3923 1761 4020 Methonens-em
1787 3923 1976 4020 itaque
2012 3931 2179 3992 atque
2197 3925 2510 3986 Cabasilam
2549 3933 2871 3992 intermedii
2900 3949 3030 3994 sunt
3066 3923 3288 4007 anni,si
3351 3965 3474 4016 quae
3495 3956 3680 4005 statuit
3705 3949 3806 4020 epi-

543 4035 792 4082 tomator
823 4039 950 4078 vera
984 4029 1136 4086 sunt,
1167 4019 1262 4075 ει.
1297 4017 1362 4072 Et
1391 4027 1451 4073 ut
1482 4016 1746 4088 liquidius
1773 4032 1861 4071 res
1900 4018 2142 4072 diluceat

2219 4020 2462 4079 Joannes
2498 4025 2715 4082 Veccus
2767 4029 3000 4086 ﬂorebat
3045 4036 3149 4090 sub
3203 4037 3471 4098 Michaele
3528 4016 3802 4114 Palaeoliigo

546 4119 728 4188 primo
750 4130 896 4169 anno
928 4113 1090 4168 i57l.
1123 4111 1232 4166 Sed
1259 4111 1486 4173 Veccus,
1517 4111 1691 4165 multo
1727 4111 2009 4198 antiquior
2037 4111 2311 4178 Cabasila,
2341 4113 2558 4182 scribit,
2581 4124 2637 4169 et
2664 4117 2828 4188 plane
2861 4119 3118 4179 dissolvit
3151 4139 3482 4198 argumenta
3513 4111 3804 4187 Methoneuo

549 4206 626 4259 sis
654 4215 843 4258 contra
875 4200 1284 4271 processionem
1319 4198 1561 4267 Spiritus
1583 4198 1747 4250 etiam
1779 4212 1848 4250 ex
1878 4197 2040 4263 Filio,
2096 4208 2217 4267 post
2249 4207 2329 4254 tot
2359 4216 2556 4258 annos.
2586 4203 2730 4276 Ergo
2766 4207 3143 4268 Methoncnsis
3190 4197 3476 4284 Nicolaus,
3503 4227 3555 4274 et
3579 4219 3806 4274 Nicolaus

536 4291 820 4355 Cabasila,
857 4305 964 4344 nou
1017 4296 1247 4359 possunt
1277 4302 1398 4341 esse
1437 4303 1580 4342 unus
1626 4295 1680 4341 et
1715 4287 1858 4341 idem
1922 4299 2139 4344 auctor.
2190 4287 2364 4355 Adde,
2431 4291 2692 4348 Nicolaus
2748 4295 3023 4362 Cahasila,
3077 4301 3207 4358 licet
3260 4308 3588 4362 sententiam
3617 4307 3716 4362 Nili
3747 4305 3805 4361 de

543 4379 904 4452 processione
931 4377 1173 4447 Spiritus
1226 4375 1396 4429 sancti
1426 4373 1692 4466 adversus
1725 4373 1951 4430 Latinos
1997 4383 2222 4432 secutus
2269 4378 2341 4432 sit
2407 4393 2473 4433 ac
2528 4378 2751 4447 foverit,
2813 4386 2951 4441 nihil
3021 4398 3201 4445 tamen
3268 4393 3339 4449 de
3401 4410 3468 4452 eo
3513 4407 3806 4466 argumento

545 4469 814 4524 adversus
845 4465 1145 4522 Eeclesiam
1177 4461 1479 4518 Rom’anam
1549 4459 1617 4515 ad
1649 4461 1796 4517 hunc
1846 4462 1992 4517 diem
2024 4465 2091 4518 ab
2125 4478 2192 4518 eo
2219 4468 2485 4537 scriptum
2522 4476 2578 4524 et
2635 4473 3025 4529 concinnatum
3079 4477 3317 4536 inveniri
3351 4482 3408 4537 in
3439 4459 3768 4538 bibliothecis
3789 4519 3802 4544 ,

545 4564 692 4639 quod
743 4564 860 4634 ipse
914 4563 1107 4618 sciam.

608 4654 768 4708 Edita
797 4652 1008 4722 suntm
1031 4649 1136 4705 Nili
1164 4647 1561 4717 archiepiscopl
1581 4646 2093 4706 Thessalonicensis
2121 4653 2310 4710 Graece
2341 4666 2398 4712 et
2428 4655 2622 4714 Latine
2653 4660 2844 4717 Oratio
2870 4663 3284 4735 demonstrans,
3340 4688 3443 4726 non
3466 4673 3628 4727 aliam
3663 4669 3803 4724 dissi-

521 4743 616 4797 ξάἱὶ
644 4741 1006 4797 Ecclesiarum
1044 4738 1440 4826 Latinarum‘et
1472 4736 1906 4792 Cmcanicarum
1938 4755 2052 4793 esse
2103 4757 2343 4808 causam,
2368 4761 2528 4814 quam
2562 4749 2702 4818 quod
2731 4767 2874 4820 papa
2927 4753 3040 4822 ejus
3066 4796 3080 4820 ,
3108 4758 3246 4826 quod
3282 4768 3672 4813 εοηινουεηηιη
3714 4765 3799 4814 ρει,

522 4831 894 4900 ιεοςηὶιὶοηεηι
955 4844 1016 4881 ac
1031 4826 1296 4896 judicium
1319 4819 1389 4879 ad
1419 4827 1786 4879 mcumeuicam
1808 4828 2066 4896 synodum
2096 4830 2299 4901 deferre
2319 4832 2582 4889 detractat
2606 4854 2618 4889 :
2638 4819 2739 4890 sed,
2761 4819 2870 4910 ipse
2891 4819 3034 4896 solus
3061 4819 3434 4903 co'iitroversiat
3475 4850 3714 4918 magister
3750 4859 3803 4896 ac

522 4920 702 5009 iudex
746 4920 926 5009 sedere
965 4917 1111 5009 uelit,
1158 4914 1387 5009 reliquos
1408 4929 1526 4968 vero
1559 4913 1944 5009 discipulorum
1977 4917 2152 5009 instar
2200 4921 2337 4974 dicto
2365 4924 2637 4979 audientes
2659 4928 2873 4996 habere,
2906 4931 3042 4999 quod
3076 4936 3284 5004 quidem
3347 4939 3413 4992 ab
3464 4913 3798 5009 apostolorum

524 5002 589 5069 ,ζει
618 5005 840 5062 Patrum
867 5005 1060 5076 legibus
1088 5003 1476 5072 actionibusque
1493 5010 1568 5055 est
1587 5002 1841 5056 alienum.
1871 5003 2002 5058 Item
2049 5007 2292 5076 ejusdem
2323 5009 2642 5082 Deprimatu
2677 5032 2850 5088 papa,
2883 5002 3093 5089 quibus
3119 5036 3473 5082 accesserunt
3501 5002 3620 5082 ἐιη
3674 5037 3796 5079 ιιοη-

528 5099 689 5154 .nulla
715 5099 783 5153 de
801 5093 1478 5184 ciiiitrovcrsis_a_Grmcis,
1499 5107 1667 5184 opera
1696 5102 1753 5148 et
1770 5094 1955 5184 studio
1978 5095 2191 5153 Claudii
2215 5101 2488 5169 Salmasii,
2513 5108 2587 5179 (g)
2611 5119 2663 5163 et
2689 5108 3088 5170 Bonaventurae
3110 5117 3382 5184 Vulcanii,
3399 5135 3525 5176 cum
3544 5115 3798 5173 nonnullis

540 5187 708 5253 notis,
737 5185 991 5240 Hanoviae
1025 5182 1163 5257 typis
1179 5179 1555 5237 Wechelianis
1611 5187 1755 5250 apud
1771 5182 2066 5241 Claudium
2098 5187 2390 5255 Manlium,
2416 5200 2471 5246 et
2528 5195 2775 5252 lneredes
2815 5196 3044 5256 Joannis
3097 5202 3293 5258 Aubrit
3359 5179 3519 5273 i608,
3546 5206 3598 5258 in
3617 5203 3670 5260 8.
3697 5202 3796 5257 Hoc

1144 5321 1173 5342 Ι

611 5373 676 5448 (Ῑ)
739 5371 1111 5460 [ξτοᾱίςετιξηιι
1150 5367 1908 5460 etiamuG'rnce:.‘ljotidini,
1953 5373 2125 5460 "sine
2233 5376 2406 5458 altera
2434 5379 2700 5460 Ludovici
2721 5383 2970 5460 _Scrvini.
3001 5389 3107 5444 Sed
3146 5407 3248 5446 nec
3275 5407 3461 5447 senem
3487 5368 3791 5460 postca'hu-

519 5439 1144 5530 Διιξξῆίξωνίε.,ιιξῃειμὶιιι4Α
1164 5458 1286 5530 ειυιξι
1561 5443 1722 5530 Alias:
1748 5452 1915 5523 atque
1952 5444 2126 5525 Geor-
2226 5447 2316 5530 jus
2350 5467 2531 5530 opera:
2563 5439 2785 5530 puduit,
2812 5439 3113 5530 “ciuilia;
3135 5439 3248 5520 in];
3266 5439 3790 5530 bi'p'r'iiu'a'aifﬁape.

512 5511 843 5596 .giiCorcsii
878 5513 998 5567 Chii
1022 5523 1076 5596 et
1100 5511 1382 5596 Cabriclis
1407 5513 1920 5582 Philadelphiensis
1981 5516 2122 5569 scri-
2226 5511 2404 5588 Lugd:
2429 5511 2739 5596 Βωιξιϋιῖ),
2761 5511 2815 5591 λ,
2847 5511 3052 5584 excuso
3073 5511 3485 5587 Niiéﬁﬁie’ruui
3507 5511 3788 5596 subjua'xit,

529 5584 651 5661 {itis
687 5586 958 5661 adversus
1020 5584 1262 5661 Latinos.
1623 5652 1635 5661 .
1711 5657 1722 5661 _
2228 5584 2506 5661 quomque
2541 5594 2664 5648 Nilo
2694 5584 2953 5652 comitem
2990 5584 3788 5658 dederatﬂBarlaamuminena-

609 5659 680 5726 (9)
710 5657 1184 5743 Saluiasiu‘sutum
1210 5655 1298 5743 vix
1365 5652 2000 5743 quatuordccitiinaiinos
2025 5670 2123 5708 na-

1693 5657 2123 5743 :ltnnatntgsAnu:
2227 5652 2389 5714 cltum
2414 5652 2585 5733 ’Περὶ
2608 5667 2705 5734 τῆς
2741 5667 2831 5720 τοῦ
2867 5652 3299 5743 neniae—pia}.

514 5723 774 5782 atus—erat
800 5742 922 5784 cunt
973 5723 1156 5781 Nilum
1187 5723 1387 5785 cdere:
1409 5740 1543 5781 usus
1570 5724 1758 5779 codice
1784 5723 2034 5781 Palatino
2065 5735 2121 5780 et
