4068 6204
363 274 474 353 705

1590 287 1687 345 DE
1755 287 2101 348 PRIMATU
2147 288 2377 350 l’APJE‘.

3493 294 3595 357 706

360 396 565 463 ἢκουσε
601 408 707 463 γαρ
741 394 883 468 ,μετὰ
915 396 1023 449 τῶν
1055 397 1230 451 ἄλλων
1256 400 1350 453 καὶ
1376 401 1562 467 αὐτὸς,
1586 422 1604 454 ι
1646 404 1921 473 Κηρύξατε

2037 406 2184 458 enim
2219 422 2323 465 una
2357 420 2481 458 cum
2511 404 2635 458 aliis
2659 403 2820 459 etiam
2857 405 2969 476 ipse
3001 423 3015 463 :
3048 424 3065 458 ι
3100 398 3599 465 ΡιδωιίἰειωΕνοηι

358 487 416 536 το
449 485 782 552 Εὐαγγέλιον
815 487 960 559 πάσῃ
986 493 1050 561 τῇ
1080 493 1275 547 trtiost;
1314 512 1332 545 ι
1383 495 1443 549 Ὀ
1471 496 1525 548 δὲ
1559 497 1788 559 πάπποις
1814 500 1930 551 ὲπῖ-

362 593 564 639 σκοπδς
604 576 822 646 Ῥώμης
870 583 960 633 xal
989 582 1099 636 ἔστι
1132 585 1227 638 καὶ
1258 584 1607 656 ὀνομάζεται.
1640 591 1748 644 Kal
1772 591 1799 642 6
1827 592 1927 660 μὲν

362 669 565 736 Πέτρος
605 672 664 723 ὲν
718 669 1022 744 Ἀντιοχείᾳ
1073 676 1173 743 μὲν
1205 677 1300 731 τὸν
1338 679 1483 733 δεῖνα
1512 684 1832 751 χειροτονεῖ,
1869 687 1926 736 ὲν

372 757 748 833 Ἀλεξανδρεία
789 762 843 815 δὲ
875 765 1083 835 ἕτερον,
1126 768 1222 820 καὶ
1257 768 1414 821 ἄλλον
1439 771 1677 841 ἀλλαχοῦ
1703 789 1718 802 θ
1753 773 1831 843 τῷ
1868 774 1926 827 δὲ

369 851 587 921 Ῥώμης
613 854 711 905 οὐκ
742 857 952 924 ἐφεῖται
979 858 1149 912 ταῦτα
1176 864 1373 916 ποιεῖν.
1406 865 1512 916 Kal
1542 867 1569 916 6
1600 866 1697 934 μὲν
1721 867 1926 937 Πέτρος

367 944 585 1015 Ῥώμης
621 948 919 1001 ἐπίσκοπον
942 940 1275 1021 χειροτονεῖ·
1304 954 1331 1006 6
1356 954 1412 1007 δὲ
1444 955 1663 1027 Ῥώμης
1691 959 1926 1011 πάππαν

357 1036 547 1105 ἕτερον
602 1039 666 1092 οὐ
718 1041 1100 1109 προϐάλλεται.
1138 1046 1242 1097 Kal
1284 1048 1312 1098 6
1356 1047 1454 1113 μὲν
1489 1048 1694 1118 Πέτρος
1741 1049 1925 1115 ἁπλῶς

356 1127 610 1196 ἧκουσεν,
645 1132 767 1183 «ψὈ
798 1122 1000 1207 ’λύσεις
1034 1135 1065 1204 ἦ
1110 1136 1311 1205 δήσεις,
1360 1136 1516 1192 ἔσται
1551 1138 1842 1208 λελυμένον
1888 1141 1921 1212 ἢ

355 1219 638 1285 δεδεμένον
687 1222 743 1273 ὲν
772 1225 880 1297 τοῖς
919 1226 1166 1293 οὐρανοῖς
1189 1242 1201 1257 ·
1244 1248 1263 1280 ι
1300 1231 1436 1299 πρὸς
1487 1232 1538 1284 δὲ
1572 1234 1659 1284 τὸν
1705 1232 1920 1303 Ῥώμης

354 1312 520 1374 αὐτὸς
570 1312 897 1379 διαδιδάζων
944 1318 1043 1386 τὴν
1075 1320 1254 1388 χάριν.
1286 1322 1384 1391 οὐχ
1434 1324 1622 1385 ἁπλῶς
1674 1325 1921 1397 εἴρηκεν,

354 1403 513 1466 ἀλλὰ,
555 1422 575 1454 ε
617 1406 815 1474 Δήσεις
875 1406 910 1460 ἃ
963 1409 1046 1460 δεῖ
1090 1410 1330 1479 δεθῆναι,
1378 1420 1471 1467 καὶ
1532 1415 1715 1478 λύσεις
1759 1418 1923 1470 πάλιν

358 1497 495 1562 μετὰ
523 1495 617 1547 τοῦ
646 1497 876 1560 δέοντος.
923 1517 941 1550 ι
983 1502 1090 1555 Kal
1131 1502 1297 1569 ἃμὲν
1342 1501 1463 1558 εἶπε
1492 1508 1718 1577 Πέτρος,
1757 1511 1924 1563 Πνεῦ-

356 1582 524 1657 ματος
557 1589 713 1655 ἁγίου
746 1595 950 1659 φωναίο
1004 1594 1107 1648 ποῦ
1152 1598 1210 1649 δὲ
1268 1598 1437 1652 ταῦτα
1494 1603 1587 1653 καὶ
1617 1600 1691 1671 τῷ
1722 1604 1922 1675 πάππα

355 1682 545 1744 κοινάς
582 1680 696 1733 Οὐκ
738 1683 844 1751 ἄρα
871 1684 1058 1738 λοιπὸν
1090 1688 1234 1741 κατὰ
1277 1690 1452 1745 πάντα
1485 1693 1513 1744 6
1552 1692 1770 1764 Ῥώμης
1801 1696 1921 1747 ἐπί-

2029 496 2230 563 gclium
2260 495 2526 550 universa:
2554 505 2822 548 creatura:
2847 499 2886 549 ⁸.
2923 516 2939 547 ι
2976 498 3116 565 Papa
3146 501 3595 569 verorepiscopus

2031 586 2214 640 Roma:
2243 599 2346 650 est,
2380 597 2432 641 et
2460 598 2709 641 vocatur.
2740 587 2801 639 Et
2836 588 3030 641 Petrus
3063 589 3302 657 quidem,
3338 589 3502 642 alium
3540 591 3593 643 iu

2032 678 2336 748 Antiochia,
2372 679 2539 732 alium
2591 681 2645 731 in
2693 679 3022 733 Alexandria
3058 679 3382 745 ordinat.“
3424 681 3591 733 alium

2026 771 2179 825 alibi.
2214 771 2397 825 Romae
2434 786 2561 825 vero
2589 772 2847 840 episcopo
2878 770 2994 824 hate
3030 786 3142 825 non
3174 771 3588 839 permittuntur.

2026 861 2094 915 Et
2151 862 2346 916 Petrus
2403 863 2661 931 quidem,
2716 864 2902 917 Romae
2959 865 3273 933 epiSCOpum
3331 867 3588 926 orlinat;

2028 952 2212 1005 Romae
2244 968 2371 1006 vero
2406 968 2566 1022 papa,
2604 955 2769 1007 alium
2818 971 3009 1023 papam
3051 972 3160 1009 non
3198 965 3369 1010 creat.
3400 956 3590 1010 Petrus

2024 1044 2189 1096 etiam
2235 1043 2556 1111 simpliciter
2601 1045 2803 1100 audit:
2847 1064 2864 1096 ι
2902 1045 3177 1115 Quidquid
3225 1048 3453 1102 solveris
3495 1057 3591 1103 aut

2025 1128 2300 1200 ligaveris,
2349 1133 2456 1186 erit
2496 1134 2733 1187 solutum
2784 1147 2879 1191 aut
2928 1136 3150 1209 ligatum
3192 1139 3244 1192 iu
3298 1141 3451 1193 cmlis
3483 1142 3521 1213 τ.
3564 1160 3581 1191 ι

2025 1221 2083 1275 Itt
2114 1222 2418 1277 Romanum
2462 1235 2643 1280 autem
2679 1243 2869 1295 papam
2914 1228 3031 1297 ipse
3072 1230 3406 1285 transferens
3447 1232 3587 1286 hanc

2024 1315 2275 1384 gratiam,
2301 1331 2410 1370 non
2443 1317 2765 1386 simpliciter
2794 1321 2843 1373 id
2877 1316 3231 1390 absolutoque
3262 1322 3435 1376 dixit:
3466 1323 3587 1385 scd.

2032 1423 2050 1455 ι
2078 1404 2295 1472 Ligabis
2319 1410 2463 1475 quod
2495 1408 2647 1477 ligari
2675 1416 2913 1479 opertet,
2936 1420 2990 1464 ct
3016 1411 3196 1464 solves
3223 1423 3422 1466 contra.
3440 1416 3585 1482 quod
3608 1482 3621 1487 ι

2023 1495 2160 1549 solvi
2207 1511 2305 1565 par
2358 1508 2459 1551 est.
2508 1517 2526 1548 ι
2570 1499 2789 1567 Adhace,
2822 1517 2942 1569 quae
2989 1501 3180 1555 Petrus
3226 1503 3384 1564 dixit,
3426 1519 3588 1559 voces

2023 1596 2151 1641 sunt
2179 1588 2417 1656 Spiritus
2446 1592 2644 1644 sancti.
2676 1592 2908 1647 Ubinam
2942 1610 3072 1647 vero
3100 1594 3213 1649 haec
3240 1596 3403 1649 etiam
3436 1611 3588 1665 papa:

2023 1687 2153 1733 sunt
2175 1682 2521 1734 communia?
2557 1682 2847 1752 Reliquum
2873 1695 2978 1748 est,
3015 1696 3074 1739 ut
3105 1701 3215 1739 non
3248 1687 3300 1739 in
3328 1689 3586 1742 omnibus

356 1786 558 1833 σκοπος
590 1773 684 1825 τοῦ
712 1775 917 1844 Πέτρου
958 1777 1230 1847 διάδοχος,
1262 1780 1395 1834 ἀλλὰ
1424 1784 1546 1835 κατ’
1585 1787 1769 1838 ἐκεῖνα
1820 1788 1917 1856 μό-

2026 1767 2211 1821 Routrc
2256 1770 2544 1839 episcopus
2594 1773 2739 1843 Petri
2787 1774 2856 1827 sit
2905 1789 3211 1834 successor.
3241 1776 3334 1829 sed
3382 1775 3435 1829 in
3474 1776 3582 1829 illis

354 1881 467 1925 vov.
504 1864 663 1917 -καθὰ
717 1869 809 1920 καὶ
862 1868 971 1921 τῶν
1022 1870 1114 1922 ὑπ’
1171 1874 1380 1927 ἐκείνου
1436 1878 1920 1946 χειροτονηθέντων

354 1957 586 2018 ἕκαστος
606 1971 621 1986 ·
659 1956 797 2010 ὥστε
824 1958 1071 2028 δηλονότι
1102 1962 1322 2032 δεσμεῖν
1354 1982 1412 2017 τε
1441 1968 1535 2020 καὶ
1574 1968 1745 2031 λύειν,
1777 1968 1917 2024 ὥστε

357 2047 661 2116 βαπτίζειν,
692 2051 832 2105 ὥστε
860 2051 1169 2121 διδάσκειν,
1206 2054 1344 2109 ὥστε
1398 2059 1747 2129 ἐπιστρέφειν
1795 2065 1917 2126 τοὺς

355 2142 421 2194 ὲκ
464 2141 565 2205 τῆς
606 2142 867 2212 ἀληθείας
902 2148 1341 2216 παρασυρὲντας,
1378 2152 1471 2202 καὶ
1520 2153 1687 2206 tina
1724 2156 1917 2218 ποιεῖν,

354 2230 435 2297 οἷς
480 2238 509 2288 6
558 2237 819 2307 ίεράρχης
863 2240 1348 2309 χαρακτηρίζεται.
1377 2240 1505 2296 ὐτ-ι’
1558 2244 1613 2298 δὲ
1660 2247 1921 2301 ἀδύνατον

358 2328 449 2379 τὸν
467 2327 699 2381 πάππαν
720 2330 826 2382 τῶν
853 2330 1030 2401 ὀρθῶν
1058 2333 1313 2385 ἐκπεσεῖν
1342 2337 1645 2413 δογμάτων,
1674 2339 1830 2392 τοῦτο
1856 2341 1919 2410 δὴ

359 2421 454 2472 καὶ
505 2421 646 2489 ὑπὲρ
697 2420 794 2490 τὴν
835 2419 928 2473 τοῦ
971 2422 1176 2492 Πέτρου
1227 2424 1500 2496 διαδοχήν.
1547 2428 1788 2490 Ἐκεῖνος
1823 2434 1921 2498 μὲν

357 2510 466 2580 γὰρ
512 2514 607 2564 καὶ
650 2512 1044 2582 προσέκρουσε,
1081 2515 1261 2568 καίτοι
1313 2534 1373 2585 γε
1406 2518 1610 2588 σφόδρα
1654 2520 1919 2573 διατεινὸ-

360 2619 519 2672 μενος
551 2603 626 2673 μὴ
664 2604 823 2657 τοῦτο
852 2605 1064 2662 παθεῖνᾴ
1097 2608 1318 2677 Ἐρωτῶ
1343 2610 1399 2667 δὲ
1436 2613 1528 2664 καὶ
1567 2611 1729 2665 τοῦτο
1756 2630 1770 2643 ·
1815 2613 1920 2665 Δύ-

353 2712 513 2749 ναται
583 2698 611 2749 6
669 2696 900 2758 πάππας
950 2698 1199 2765 ψεύδους,
1253 2700 1706 2770 φιλοχρηματίας,
1759 2706 1922 2773 κενῆς

353 2786 533 2854 δόξης,
572 2789 666 2839 καὶ
699 2789 805 2841 τῶν
839 2788 1017 2842 ἄλλων
1047 2792 1430 2860 ἀπειρημένων
1458 2794 1634 2863 ἥττων
1662 2796 1918 2865 ὀφθῆναι,

354 2879 390 2947 ἢ
418 2881 513 2933 καὶ
545 2880 753 2934 τούτων
791 2882 1063 2953 ἀνώτερος
1090 2902 1104 2949 ;
1132 2886 1192 2936 Εἰ
1222 2870 1321 2954 μὲν
1350 2884 1411 2955 δὴ
1439 2889 1707 2940 κάκείνων
1737 2885 1920 2958 κρείτ-

356 2985 485 3032 των,
532 2964 878 3023 εἰπάτωσαν
933 2974 982 3024 εξ
1016 2972 1071 3024 δὲ
1128 2972 1289 3026 τοῦτο
1340 2974 1493 3026 οὐδὲν
1554 2974 1735 3043 λέγειν
1782 2974 1918 3039 ἔστι,

360 3059 677 3134 (σφάλλεται
722 3063 829 3131 γὰρ
877 3063 1126 3125 κάκεῖνος
1175 3064 1343 3117 πολλά
1388 3066 1516 3135 περὶ
1546 3066 1643 3137 τὴν
1680 3068 1919 3137 συνείδη-

358 3167 468 3216 σιν,
498 3152 781 3215 ἄνθρωπος
815 3150 936 3221 ὣν),
966 3152 1143 3223 δῆλον,
1186 3154 1261 3216 ὡς
1292 3158 1420 3225 περὶ
1470 3156 1639 3209 ταῦτα
1671 3157 1922 3227 ἁμαρτά-

355 3262 484 3310 νων,
517 3243 791 3314 ἐνδέχεται
825 3245 920 3299 xal
956 3248 1086 3315 περὶ
1131 3245 1229 3315 τὴν
1262 3247 1448 3299 πίστιν
1498 3248 1754 3315 ναυάγιον
1789 3250 1922 3302 ὕπο-

357 3337 569 3408 στῆναι.
599 3335 769 3389 Τοῦτο
794 3343 886 3393 καὶ
917 3341 944 3392 6
971 3339 1239 3409 μακάριος
1276 3340 1409 3407 φησὶ
1439 3340 1643 3402 Παῦλος
1670 3341 1920 3411 Τιμοθέῳ

356 3432 622 3500 γράφωνο
657 3450 676 3482 ι
721 3432 897 3501 Ἐχων
944 3431 1130 3483 πίστιν
1189 3432 1281 3482 καὶ⁵
1327 3429 1537 3501 ἀγαθὴν
1590 3433 1916 3500 συνείδησιν,

351 3524 421 3593 ἦν
449 3540 591 3587 τινες
619 3524 994 3591 ἀπωσάμενοι,
1017 3523 1107 3575 καὶ
1138 3527 1267 3591 περὶ
1299 3523 1481 3577 πίστιν
1503 3524 1865 3593 ἐναυάγησαν,
1893 3542 1912 3576 ι

359 3613 526 3685 ὐρᾷς
554 3612 628 3675 ὡς
663 3613 753 3665 τὴν
787 3614 914 3680 περὶ
950 3612 1254 3683 συνείδησιν
1286 3612 1390 3682 οὐχ’
1420 3613 1735 3681 ὑγιαίνοντα
1772 3615 1918 3667 ἐνδέο

355 3721 505 3774 χεται
537 3704 633 3757 καὶ
666 3704 794 3771 περὶ
825 3703 924 3772 τὴν
956 3704 1139 3756 πίστιν
1167 3704 1495 3773 ἀσθενῆσαι;
1534 3705 1595 3757 El
1630 3705 1685 3757 δὲ
1712 3707 1739 3758 6
1769 3706 1920 3758 πάπ-

358 3814 458 3861 πις
486 3799 547 3851 οὺ
582 3797 760 3864 πάντη
792 3795 861 3847 τὰ
896 3795 1158 3865 περιιτην
1198 3795 1503 3865 συνείδησιν
1536 3795 1713 3866 ὑγιὴς,
1747 3796 1823 3865 τῷ
1861 3799 1919 3849 δὲ

350 3891 580 3961 τοιούτῳ
624 3891 733 3947 καὶ,
759 3890 1059 3959 ἀσθενῆσαι
1092 3891 1219 3958 περὶ
1264 3888 1362 3958 τὴν
1389 3889 1575 3942 πίστιν
1608 3890 1915 3959 ἐνδέχεταιο

347 3982 544 4052 ψεῦδος
576 3982 783 4047 λοιπὸν,
812 3982 886 4043 ὡς
923 3982 1187 4034 ἀδύνατον
1219 3979 1311 4043 τὸν
1339 3981 1570 4034 πάππαν
1597 3981 1706 4033 τῶν
1743 3981 1920 4051 ὀρθῶν

335 4077 605 4134 ,ἐκπεσεῖν
632 4073 939 4141 δογμάτων.
969 4073 1108 4124 Αὐτὸ
1150 4072 1206 4125 δὲ
1237 4072 1297 4125 τὸ
1321 4071 1449 4142 περὶ
1476 4072 1574 4141 τὴν
1613 4075 1918 4144 συνείδησιν

349 4167 685 4235 ἁμαρτάνειν
719 4166 818 4218 οὐκ
857 4165 994 4230 εἶδος
1019 4167 1201 4230 ἁθεῖας
1233 4169 1349 4221 ἐστί
1363 4184 1378 4232 ;
1417 4186 1434 4218 ι
1476 4169 1607 4222 Θεὸν
1647 4174 1772 4242 γὰρ,
1820 4176 1919 4241 φη-

351 4263 437 4312 σὶν
462 4260 492 4310 6
523 4258 752 4324 Παῦλος,
784 4262 896 4322 τοῖς
943 4259 1043 4329 μὲν
1094 4259 1275 4328 λόγοις
1320 4261 1698 4329 ὁμολογοῦσιν,
1736 4266 1842 4325 τοῖς
1872 4262 1917 4315 δ’

348 4353 535 4424 ἔργοις
589 4352 901 4423 ἀρνοῦνται.
934 4370 955 4403 ι
992 4350 1121 4415 Πῶς
1153 4352 1243 4405 οῦν
1294 4352 1475 4422 ἔργοις
1511 4353 1610 4422 μὲν
1642 4352 1914 4422 ἐνδέχεται

2030 1868 2238 1913 tantum
2264 1876 2384 1930 qua)
2412 1863 2672 1925 diximus,
2698 1874 2754 1918 ut
2779 1875 2835 1920 et
2863 1868 3240 1936 unusquisque
3268 1884 3459 1921 eorum
3489 1867 3584 1936 qui

2027 1952 2096 2007 ab
2132 1954 2252 2022 ipso
2292 1966 2420 2009 sunt
2446 1956 2680 2009 ordinati
2718 1974 2731 2009 :
2767 1966 2824 2011 ut
2850 1959 3026 2012 solvat
3057 1972 3113 2013 et
3143 1960 3290 2030 liget,
3326 1969 3383 2014 ιιι
3411 1960 3588 2028 bapti-

2028 2055 2132 2107 zet,
2162 2055 2223 2098 ut
2251 2045 2464 2108 dureat,
2492 2056 2551 2098 ut
2583 2063 2611 2100 a
2645 2049 2874 2102 veritate
2903 2050 3121 2103 avulsus
3159 2050 3213 2103 in
3245 2051 3385 2105 viam
3417 2053 3586 2106 redu-

2028 2146 2135 2197 cat,
2169 2136 2386 2215 aliaque
2423 2138 2816 2203 munia-obeat,
2848 2141 3048 2207 quibus
3075 2142 3363 2211 cpiscopus
3393 2154 3477 2197 est
3507 2143 3589 2196 itt-

2028 2225 2281 2292 signitus.
2306 2225 2459 2291 Quod
2489 2238 2618 2280 vero
2641 2228 2979 2297 impossibile
3001 2231 3071 2283 sit
3094 2247 3286 2299 papam
3310 2249 3338 2286 a
3364 2234 3590 2288 rectitu-

2027 2315 2156 2369 dine
2205 2317 2518 2385 dogmatum
2568 2317 2862 2384 aberrare,
2909 2320 2961 2373 id
3015 2321 3187 2390 ipsius
3233 2323 3395 2377 etiatn
3438 2324 3589 2378 Petri

2026 2409 2429 2461 successionem
2473 2410 2711 2463 excedit.
2749 2412 2842 2465 llle
2882 2413 3027 2466 enim
3064 2413 3227 2467 etiam
3275 2416 3497 2485 impegit
3534 2426 3592 2471 et

1948 2514 1953 2525 '
2027 2500 2214 2569 lapsus
2252 2511 2356 2564 est,
2391 2503 2740 2568 quantumvis
2770 2505 3124 2559 vehementer
3153 2520 3493 2564 asseveraret
3531 2526 3591 2564 se

2028 2595 2132 2645 hoc
2174 2607 2282 2644 non
2332 2594 2721 2646 admissurum.
2756 2596 2823 2648 At
2869 2610 2968 2665 ego
3011 2597 3114 2652 hoc
3158 2614 3375 2668 quoque
3418 2601 3592 2655 inter—

2028 2697 2158 2752 rogo
2187 2701 2201 2736 :
2226 2685 2307 2736 An
2335 2694 2389 2737 et
2419 2699 2553 2753 papa
2584 2676 2774 2753 possit,
2808 2689 3117 2754 mendacio,
3148 2692 3412 2756 avaritia),
3441 2694 3588 2749 inani

2027 2776 2235 2843 gloriae,
2284 2775 2513 2844 aliisque
2558 2777 2723 2832 rebus
2771 2778 2955 2833 vetitis
3002 2795 3121 2834 esse
3166 2783 3459 2849 obnoxius,
3519 2800 3587 2841 au

2028 2881 2157 2920 vero
2201 2870 2269 2921 ab
2302 2867 2385 2921 his
2417 2871 2575 2939 plane
2608 2870 2677 2923 sit
2710 2872 3000 2926 immunis?
3029 2872 3085 2926 Si
3116 2872 3185 2927 ab
3217 2874 3304 2928 his
3336 2876 3593 2933 immunis

2027 2964 2129 3021 est,
2163 2958 2235 3011 ita
2265 2969 2323 3009 ut
2352 2958 2464 3012 haec
2494 2959 2545 3011 in
2571 2959 2962 3028 ipsumcadere
2995 2978 3102 3017 non
3142 2966 3375 3035 possint,
3404 2967 3591 3022 dicant

2027 3064 2181 3103 sane.
2214 3050 2285 3103 At
2317 3050 2361 3104 si
2395 3051 2498 3103 hoc
2531 3066 2724 3105 vanum
2756 3058 2839 3107 est
2866 3053 3015 3107 dictu
3049 3067 3220 3121 (errat
3247 3060 3392 3111 enim
3421 3060 3617 3113 etiam-

2023 3139 2117 3192 ille
2150 3139 2205 3192 in
2241 3140 2447 3201 multis,
2478 3142 2708 3196 testante
2738 3151 2838 3195 sua
2878 3143 3050 3211 ipsius
3079 3148 3438 3214 conscientia,
3463 3164 3587 3203 cum

2022 3234 2093 3286 sit
2133 3233 2343 3301 homo).
2386 3233 2734 3287 manifestum
2784 3235 3031 3302 profecto
3061 3248 3145 3291 est
3176 3241 3342 3307 quod,
3376 3257 3500 3296 cum
3530 3243 3589 3298 in

2022 3323 2109 3378 bis
2159 3332 2365 3393 peccet,
2397 3325 2561 3379 etiam
2606 3326 2751 3379 circa
2803 3328 2962 3380 Iidem
3014 3328 3352 3398 naufragium
3410 3332 3588 3391 facere

2023 3416 2210 3485 possit.
2239 3417 2394 3482 Quod
2441 3418 2617 3486 ipsum
2661 3417 2856 3473 beatus
2894 3418 3094 3473 Paulus
3132 3430 3365 3475 testatur
3395 3422 3588 3480 Timo-

2023 3505 2151 3559 theo
2177 3507 2427 3562 scribens
2454 3522 2468 3558 :
2503 3524 2523 3557 ι
2558 3504 2776 3561 llabens
2809 3508 2966 3562 fidem
2994 3517 3049 3561 et
3076 3509 3275 3563 bonam
3303 3515 3591 3568 conscien-

2021 3582 2184 3664 tiam;
2217 3614 2380 3669 quam
2420 3598 2642 3668 quidam
2690 3600 3042 3669 repellentes,
3084 3601 3227 3679 circa
3259 3603 3419 3657 fidem
3454 3621 3590 3661 nau-

2023 3689 2253 3759 fragium
2291 3690 2541 3745 fecerunt
2568 3690 2608 3743 ⁸.
2652 3690 2964 3753 ιΥἱιίεεηε,
3012 3706 3137 3745 eum
3183 3695 3274 3762 qui
3324 3710 3454 3749 siina
3499 3697 3588 3750 itt-

2022 3789 2281 3851 tegraque
2329 3782 2664 3835 conscientia
2707 3797 2812 3835 non
2860 3783 2953 3847 sit,
3000 3785 3165 3837 etiam
3225 3784 3368 3840 circa
3421 3780 3584 3842 fidem

2021 3872 2161 3925 male
2211 3871 2462 3927 affectum
2510 3887 2630 3926 esse
2678 3874 2879 3941 posse?
2921 3873 2977 3927 Si
3015 3889 3143 3929 vero
3183 3891 3321 3945 papa
3369 3893 3478 3932 non
3527 3880 3584 3935 in

2020 3963 2338 4017 universum
2373 3976 2556 4017 sanam
2599 3964 2760 4019 habet
2793 3966 3210 4030 conscientiam,
3244 3984 3416 4039 eaque
3463 3971 3581 4039 ipsa

2020 4051 2232 4131 ratione
2258 4044 2421 4108 etiam
2453 4055 2594 4108 circa
2622 4054 2782 4107 fidem
2811 4056 2950 4109 male
2976 4056 3204 4112 affectus
3227 4074 3347 4117 esse
3379 4070 3581 4129 potest,

2017 4146 2258 4200 alienum
2290 4153 2440 4200 certe
2472 4161 2500 4197 a
2537 4146 2765 4199 veritate
2799 4156 2903 4211 est,
2938 4163 3133 4218 papam
3176 4164 3206 4204 a
3252 4152 3585 4208 rectitudine

2019 4238 2332 4307 dogmatum
2384 4238 2532 4290 nulla
2593 4238 2805 4293 ratione
2856 4240 3113 4296 aberrare
3169 4257 3347 4311 posse.
3398 4243 3583 4315 Ipsum

2018 4344 2150 4383 vero
2201 4328 2359 4393 illud,
2398 4328 2546 4383 circa
2600 4332 2992 4386 conscientiam
3054 4349 3306 4403 peccare,
3348 4353 3416 4391 an
3471 4354 3583 4394 non

325 4421 443 4496 ,τδν
465 4421 697 4496 πάππαν
720 4441 1004 4513 ἀρνεῖσθαι
1026 4443 1178 4505 Θεὸν,
1202 4421 1380 4508 λόγοις
1404 4444 1458 4496 δὲ
1487 4444 1736 4511 οὐδαμῶς
1760 4421 1790 4508 ;ί
1806 4446 1914 4497 Kal

2022 4424 2232 4491 species
2252 4432 2336 4476 est
2360 4421 2657 4491 impietatis
2678 4422 3115 4493 defectionisque
3140 4441 3168 4479 a
3194 4427 3342 4481 Deo?
3367 4447 3386 4479 ι
3412 4428 3581 4482 Deum

360 4531 615 4603 Ὀνώριος
666 4532 725 4587 δὲ
791 4532 1013 4602 Ῥώμης
1070 4535 1368 4595 ἐπίσκοπος
1437 4535 1545 4587 τῶν
1619 4536 1794 4604 ὀρθῶν
1853 4553 1912 4588 τε

349 4623 510 4693 ἐξέϐη
557 4625 869 4693 δογμάτων,
897 4625 1021 4676 καὶ*
1042 4625 1192 4691 παρὰ
1216 4625 1311 4690 τῆς
1343 4625 1504 4693 ἁγίας
1542 4628 1632 4677 καὶ
1662 4625 1915 4693 οίκουμε-

346 4715 504 4783 νικῆς
529 4716 697 4785 ἕκτης
730 4716 948 4768 συνόδου
985 4717 1458 4785 ἀποκεκήρυκται.
1488 4717 1612 4767 ’Ότι
1646 4716 1698 4769 δὲ
1741 4715 1914 4769 ταῦτα
1964 4734 1971 4743 “

346 4809 543 4877 ἀληθῆ,
573 4807 846 4874 ἀνάγνωθι
874 4808 1080 4876 ταύτην
1108 4808 1208 4877 τὴν
1252 4808 1580 4877 μαρτυρίαν·

2019 4512 2187 4578 enim,
2253 4512 2436 4582 inquit
2478 4512 2700 4577 Paulus,
2739 4516 2921 4570 verbis
2960 4516 3183 4584 quidem
3234 4518 3581 4586 profitentur,

2019 4603 2281 4673 operibus
2310 4614 2491 4658 autem
2522 4605 2796 4672 abnegant
2820 4607 2863 4657 °.
2896 4623 2914 4656 ›
2946 4606 3229 4671 Quomodo
3258 4607 3438 4675 itaque
3465 4608 3584 4663 fieri

2018 4704 2201 4762 potest
2243 4704 2304 4749 ut
2347 4710 2486 4765 papa
2537 4696 2795 4765 operibus
2841 4698 3062 4766 quidem
3112 4698 3282 4751 Deum
3330 4699 3581 4769 abneget,

2022 4787 2205 4842 verbis
2238 4796 2420 4843 autem
2460 4788 2848 4858 nequaquam?
2882 4788 3043 4855 Atqui
3085 4787 3359 4844 Honorius
3398 4790 3586 4845 Romae

346 4893 640 4971 cpiscopus
693 4918 723 4956 a
770 4903 1104 4959 rectitudine
1173 4904 1503 4974 dogmatum
1583 4907 1897 4971 aberravit;
1938 4918 1991 4964 et
2030 4879 2249 4979 quidem
2309 4925 2337 4963 a
2392 4882 2578 4965 sancta
2638 4920 2692 4964 ct
2753 4907 3041 4963 universali
3101 4908 3309 4977 synodo
3370 4910 3585 4979 publice

348 4997 638 5052 damnatus
685 5008 790 5052 est.
827 4997 984 5064 Quod
1032 5008 1214 5052 autem
1267 4998 1380 5052 haec
1429 4999 1502 5052 ita
1548 5014 1605 5053 se
1638 5000 1894 5066 habeant,
1935 5002 2053 5072 lege
2085 5003 2191 5057 hoc
2223 5002 2635 5058 teStimouium:

359 5113 492 5167 Ἀπὸ
516 5111 625 5182 τῆς
652 5111 728 5176 ις’
758 5111 1029 5178 πράξεως
1044 5112 1175 5182 ,τῶν
1205 5112 1554 5178 Upon“):th
1584 5113 1695 5181 τῆς
1724 5114 1919 5167 οἰκου-

723 5182 976 5251 μενικῆς
1019 5181 1200 5248 ἕκτης
1244 5182 1532 5236 συνόδου.

425 5295 493 5347 Ἢ
532 5294 666 5362 ἁγία
719 5294 934 5356 σύνοδος
985 5289 1146 5345 εἷπε·
1193 5310 1212 5343 t
1259 5293 1396 5355 Τοὺς
1444 5292 1698 5358 καθάπαξ
1753 5309 1920 5345 κατα-

2017 5117 2102 5168 Ea:
2130 5114 2330 5167 decimo
2359 5127 2507 5168 sexto
2547 5115 2751 5168 decreto
2782 5114 3030 5167 Actorum
3068 5122 3228 5168 sexta:
3256 5114 3586 5175 acupteiticm

2709 5188 2916 5256 synodi.

2088 5291 2287 5347 Sancta
2342 5294 2582 5364 synodus
2615 5293 2796 5351 dixit:
2847 5315 2863 5347 ι
2894 5295 3041 5361 Quos
3084 5294 3250 5349 semel
3300 5295 3584 5351 damnatos

2016 5383 2436 5447 declaravimus,
2473 5394 2769 5452 nostroque
2812 5386 3030 5440 decreto
3070 5402 3100 5440 e
3140 5385 3316 5439 sacris
3346 5383 3588 5439 volumi-

350 5386 567 5456 κρίτους
601 5385 1044 5453 ἀποδειχθέντας,
1085 5384 1179 5435 καὶ
1216 5383 1357 5436 κατὰ
1406 5383 1682 5450 ἀπόφασιν
1730 5383 1923 5452 ἡμετέ-

353 5496 451 5546 ραν
481 5478 581 5547 ηδη
615 5466 982 5544 ἐκθ).τ,θέντας
1019 5480 1080 5530 ὲκ
1129 5478 1236 5530 τῶν
1273 5477 1435 5545 ἱερῶν
1467 5476 1771 5553 διπτύχων,
1801 5476 1921 5528 δέον

2022 5475 2179 5529 uibus
2204 5475 2495 5537 erasimus,
2527 5490 2624 5529 eos
2656 5476 2952 5531 statuimus
2989 5486 3245 5546 oportere
3281 5476 3446 5530 etiam
3486 5487 3583 5541 per
3666 5507 3678 5523 ,

352 5573 656 5642 καθέστηκε
702 5572 797 5626 καὶ
828 5575 907 5635 είς
942 5573 1041 5633 τὶς
1076 5569 1365 5637 ὲκὸοήσεις
1401 5568 1625 5631 τούτους
1657 5567 1919 5635 ὀνομαστὶ

2022 5567 2475 5635 proclamationes
2526 5568 2779 5639 publicas
2835 5568 3156 5625 nominatim
3216 5564 3585 5624 anathemati-

419 5718 440 5748 ⁸
476 5701 795 5776 Ματαίνι,
827 5710 915 5768 15.
996 5710 1014 5741 ⁷
1043 5708 1234 5765 Matth.
1262 5722 1418 5771 XVIII,
1449 5707 1534 5761 18.
1610 5706 1672 5761 ⁸1
1705 5705 1847 5760 Tim.
1883 5706 1921 5774 l,

2029 5746 2040 5758 .
2122 5707 2143 5737 ⁹
2182 5704 2290 5761 Tit.
2323 5722 2360 5774 ι,
2410 5707 2495 5760 16.
