4064 6206
387 241 506 319 ’145
1582 219 1590 239 ’
1683 220 1964 316 ΠΕΡΙ]Τέ

2069 255 2114 314 0
2163 255 2352 316 NILI.
3533 249 3638 310 746

387 369 444 422 δὲ
473 369 632 420 τουτο
667 369 763 420 καὶ
791 366 868 435 τῷ
901 367 1058 436 πὰπᾳ
1093 367 1270 420 κοινόν
1299 383 1312 430 ;
1351 368 1464 420 Οὐκ
1491 365 1598 436 ἄρα
1627 369 1766 421 κατὰ
1791 367 1964 420 πάντα

2070 365 2196 434 quis
2221 363 2422 420 habere
2453 364 2558 418 hoc
2585 361 2732 420 dicat
2759 369 2814 416 et
2843 360 3077 430 papam?
3113 359 3228 414 Non
3259 371 3342 416 est
3393 360 3554 431 igitur
3583 365 3637 418 in
3685 434 3694 445 ‘

385 461 416 512 ὀ
464 459 688 528 Ῥώμης
733 455 826 510 τοῦ
865 457 1072 526 Πέτρου
1114 455 1381 528 διάδοχος,
1419 457 1556 510 ἀλλὰ
1605 457 1725 510 κατ’
1778 458 1964 512 ἐκεῖνα

2069 455 2507 525 omnibuspapa
2545 467 2835 510 successor
2887 453 3054 517 Petri,
3107 452 3204 508 sed
3241 451 3294 506 in
3327 453 3396 506 iis
3429 463 3636 508 tantum

393 550 585 618 μόνον,
615 549 740 604 καθ’
771 547 806 602 ἃ
841 548 933 602 καὶ⁸
961 547 1069 602 τῶν
1107 549 1198 602 ὑπ’
1223 549 1440 604 ἐκείνου
1474 549 1964 620 χειροτονηθέντων

389 642 646 706 ἕκαστος.

962 777 1397 834 ΑΝΤΙΡΡΗΣῙΣ.

461 892 643 948 Πολλὰ
669 895 1028 963 συμπλέκεις,
1061 896 1230 947 πολλὰ
1265 893 1598 964 συμφύρεις,
1637 895 1732 947 καὶ
1763 893 1965 955 πολλὰς

389 987 750 1058 ἐπισωρεύων
803 987 1090 1058 διαφορὰς,
1130 987 1252 1041 καθ’
1305 986 1364 1039 ἓν
1415 985 1580 1055 μόνον
1633 986 1814 1053 λέγεις
1869 985 1966 1038 καὶ

389 1079 551 1134 τοῦτο
588 1079 838 1148 μερικδν,
873 1081 1158 1132 κοινωνεῖν
1188 1078 1278 1130 τὸν
1313 1078 1521 1150 Πέτρον
1553 1078 1648 1132 καὶ
1673 1077 1797 1140 τοὺς
1849 1077 1965 1130 δια-

389 1173 598 1242 δόχους.
635 1166 772 1225 Εἶτα
821 1170 884 1223 τὸ
941 1170 1299 1240 καιριώτατον
1351 1171 1448 1240 τῆς
1507 1168 1816 1234 ὑποθέσεως
1872 1170 1966 1222 καὶ

393 1263 734 1336 κυριώτατον
790 1263 1140 1332 παραλιπὼν,
1199 1263 1518 1333 συγχύσεως
1582 1265 1678 1316 καὶ
1736 1263 1965 1328 ἀταξίας

393 1353 638 1426 ἐμφαίνῃ
687 1353 1030 1416 διδάσκαλος.
1081 1354 1341 1424 Διάδοχον
1374 1354 1556 1423 λέγεις
1603 1353 1700 1407 τοῦ
1751 1355 1962 1426 Πέτρου

392 1447 486 1502 τὸν
533 1449 725 1503 πάπαν
775 1447 912 1502 καθὸ
959 1447 1284 1514 ἐπίσκοπος,
1314 1447 1389 1512 ὡς
1442 1449 1538 1500 καὶ
1587 1447 1820 1510 ἕκαστος
1854 1447 1964 1500 τῶν

395 1539 488 1594 ὑπ’
517 1541 725 1594 ἐκείνου
759 1541 1252 1612 χειροτονηθέντων
1297 1540 1613 1594 ἐπισκόπων
1639 1556 1653 1572 ο
1685 1540 1964 1606 ἀπόδειξιν

2067 548 2124 602 iu
2151 548 2352 616 quibus
2379 562 2668 604 successor
2695 547 2860 604 etiam
2887 555 2972 606 cst
2993 546 3223 617 quilibet
3253 547 3638 616 episcoporum

2067 656 2100 694 a
2126 641 2288 698 Petro
2319 641 2722 698 ordinatorum.

2611 777 3075 835 CONFUTATIO.

2141 893 2308 952 Multa
2341 895 2648 958 connectis,
2675 895 2843 948 multa
2867 891 3179 958 confundis,
3198 901 3252 946 ct
3267 890 3452 946 multis
3485 890 3642 946 dilic-

2069 988 2264 1044 rentiis
2315 989 2526 1057 positus
2577 1001 2745 1040 unum
2781 993 2992 1038 tantum
3051 999 3174 1038 esse
3227 983 3308 1038 ais
3347 997 3640 1064 coluntune

2066 1077 2231 1133 Petro
2265 1087 2322 1134 ct
2372 1076 2808 1140 successoribus,
2861 1075 3022 1144 idque
3071 1074 3384 1143 privatum;
3421 1083 3476 1128 et
3505 1089 3639 1142 pra:-

2071 1173 2198 1228 teris
2229 1171 2372 1242 quod
2395 1169 2690 1225 maximum
2725 1181 2778 1224 et
2803 1167 3312 1236 praestantissimum
3338 1175 3422 1220 est
3457 1167 3508 1222 in
3538 1167 3640 1222 hac

2069 1265 2320 1328 materia,
2354 1263 2528 1332 iisque
2583 1260 2922 1316 confusionis
2954 1269 3010 1314 et
3063 1259 3490 1314 inordinatiouis
3523 1275 3636 1312 ma-

2068 1357 2259 1428 gister.
2289 1355 2678 1408 Successorem
2711 1351 2957 1406 Petriais
2981 1350 3634 1420 papam,utepiscopum,

2069 1457 2129 1502 ut
2161 1445 2394 1516 quilibet
2415 1445 2802 1516 episcoporum
2855 1460 2885 1498 a
2937 1445 3098 1498 Petro
3143 1443 3548 1509 ordinaturum,
3583 1455 3640 1498 et

2069 1541 2233 1610 hujus
2285 1549 2388 1594 tuae
2437 1538 2729 1610 positionis
2787 1537 2998 1590 nullum
3047 1536 3212 1591 aﬂ‘ers
3263 1536 3640 1592 testimonium

391 1633 448 1686 δὲ
491 1634 696 1702 ταύτης
731 1650 828 1684 σου
876 1635 976 1703 τῆς
1027 1633 1229 1697 θέσεως
1281 1633 1540 1702 οὐδεμίαν
1589 1631 1778 1710 φέρεις
1805 1646 1818 1660 ⁸
1851 1631 1964 1686 ἀλλ’

2069 1647 2178 1704 quo
2211 1633 2506 1702 probetur';
2541 1633 2636 1686 sed
2667 1631 2910 1702 magistri
2932 1630 3260 1684 auctoritate
3295 1632 3638 1700 pronuntias,

391 1726 578 1789 ἔοικας
618 1728 696 1796 τῷ
739 1725 1137 1790 διδασκαλικῶς
1187 1717 1761 1798 άποφαινομένῳᾶαὶ
1805 1743 1962 1796 νομο-

391 1818 662 1874 θετοῦντι.
697 1817 1088 1888 Ἀντιτάξομεν
1114 1815 1206 1872 οὖν
1239 1820 1400 1890 ἡμεῖς
1427 1819 1550 1889 οὐχὶ
1579 1819 1650 1871 τὰ
1694 1816 1961 1889 ἡμέτερα,

392 1912 529 1967 ἀλλὰ
575 1911 646 1965 τὰ
676 1911 776 1982 τῆς
824 1912 989 1996 ἁγίας
1039 1913 1311 1982 τετάρτης
1357 1913 1601 1978 συνόδου,
1642 1913 1701 1977 ἐξ
1726 1909 1800 1970 ὧν
1835 1914 1965 1967 ἐπέ-

393 2005 582 2060 στελλε
637 2005 774 2076 πρὸς
820 2005 912 2058 τὸν
961 2004 1152 2058 πάπαν
1179 2019 1193 2034 ⁸
1235 2023 1253 2056 t
1296 2003 1361 2058 Τί
1392 2004 1498 2078 γὰρ
1531 2007 1770 2070 πίστεως
1827 2007 1966 2078 πρὸς

393 2095 734 2167 εὐφροσύνην
765 2095 1060 2164 ἀνώτερον,
1090 2097 1157 2164 ἣν
1190 2094 1356 2158 αὐτὸς
1382 2093 1572 2166 ὥσπερ
1608 2096 1820 2166 χρυσῆν
1853 2113 1967 2150 σει..

395 2192 498 2262 ρᾶν
525 2189 604 2261 τῷ
636 2191 1024 2261 προστάγματι
1055 2188 1149 2242 τοῦ
1181 2189 1414 2258 θεμένου
1465 2190 1852 2260 καταγομένην
1883 2192 1968 2254 εἰς

388 2284 544 2354 ἡμᾶς
585 2281 937 2352 διεφύλαξας,
979 2281 1114 2334 πᾶσι
1171 2281 1271 2350 τῆς
1291 2280 1394 2334 ’τοῦ
1437 2281 1714 2352 μακαρίου
1756 2283 1966 2352 Πέτρου

393 2377 578 2446 φωνῆς
603 2375 877 2446 ἑρμηνεὺς
909 2373 1349 2443 καθιστάμενοςς
1385 2372 1556 2428 Ὅθεν
1585 2375 1682 2428 καὶ
1709 2375 1869 2445 ἡμεῖς
1894 2374 1969 2437 ὡς

391 2467 624 2538 ἀρχηγῷ
655 2485 738 2520 σοι
766 2466 862 2521 τοῦ
899 2466 1066 2520 καλοῦ
1108 2467 1250 2538 πρὸς
1284 2465 1558 2536 ὠφέλειαν
1602 2468 1966 2539 χρησάμενοι,

387 2562 508 2616 τοῖς
536 2560 634 2629 τῆς
670 2559 997 2628 Ἐκκλησίας
1049 2558 1264 2621 τέκνοις
1309 2558 1402 2612 τὸν
1449 2558 1654 2631 κλῆρον
1707 2561 1806 2630 τῆς
1835 2561 1968 2632 ἀλη-

391 2652 548 2715 θείας
593 2651 894 2720 ἐδείξαμεν.
954 2671 974 2703 ι
1038 2652 1125 2704 Ἐν
1189 2652 1406 2714 τούτοις
1463 2654 1494 2721 ὴ
1561 2650 1692 2720 ἁγία
1749 2651 1968 2718 σύνοδος

390 2745 547 2799 καλεῖ
591 2743 682 2798 τὸν
729 2746 918 2798 πάπαν
959 2745 1059 2814 τῆς
1090 2743 1298 2814 χρυσῆς
1346 2745 1540 2814 σειρᾶς
1573 2743 1814 2808 πίστεως
1866 2745 1968 2812 φύ-

389 2837 556 2902 λακα,
583 2837 678 2890 καὶ
711 2837 958 2907 ἑρμηνέα
985 2838 1085 2906 τῆς
1115 2835 1300 2906 φωνῆς
1339 2836 1434 2889 τοῦ
1467 2837 1700 2908 Πέτρου,
1735 2839 1832 2892 καὶ
1865 2839 1966 2910 τὴν

391 2931 579 2984 πίστιν
605 2932 661 2982 ὲν
693 2929 770 2998 τῷ
807 2930 968 2999 πάπᾳ
997 2929 1200 2998 κλῆρον
1239 2923 1380 2982 εἶναι
1413 2931 1512 2996 τῆς
1543 2929 1822 3000 ἀληθείας.
1855 2931 1968 2984 Καὶ

2067 1733 2124 1780 et
2154 1723 2354 1779 statuis
2407 1737 2559 1778 more
2613 1723 2965 1788 legislatoris.
2995 1721 3347 1791 Opponemus
3384 1739 3512 1792 ergo
3545 1739 3646 1778 nos

2069 1817 2166 1874 tibi
2222 1832 2332 1871 non
2385 1825 2568 1872 nostra
2595 1857 2610 1884 ,
2644 1814 2739 1871 sed
2773 1830 2937 1872 voces
2985 1825 3188 1870 sanctae
3216 1816 3409 1886 synodi
3433 1827 3643 1886 quarm

2066 1925 2134 1964 ex
2163 1909 2394 1978 epistola
2419 1909 2539 1980 ejus
2563 1909 2630 1963 ad
2655 1923 2850 1978 papam
2885 1927 2899 1963 :
2939 1927 2956 1960 ι
2999 1909 3141 1974 Quid
3180 1909 3324 1964 enim
3355 1909 3422 1964 ad
3458 1909 3644 1966 fercu-

2069 2003 2192 2056 dam
2223 2003 2468 2058 ltetitiam
2507 2003 2611 2057 [ide
2633 2003 2947 2066 sublimius,
2971 2017 3133 2073 quam
3161 2013 3213 2056 tu
3247 2005 3394 2058 velut
3419 2021 3645 2060 auream

2070 2105 2344 2159 catenam,
2395 2105 2671 2164 praecepto
2721 2096 3052 2164 legislatoris
3095 2097 3387 2151 deductam
3421 2098 3487 2152 ad
3543 2116 3646 2156 nos

2069 2189 2322 2255 servasti,
2355 2190 2612 2244 omnibus
2640 2189 2784 2243 beati
2839 2189 2984 2244 Petri
3016 2189 3166 2244 vocis
3193 2192 3526 2250 constitutus
3559 2195 3648 2250 iu-

2069 2284 2282 2349 terprés
2298 2271 2326 2334 ?’
2355 2281 2704 2350 Quapropter
2732 2290 2786 2335 et
2819 2297 2922 2336 nos
2958 2283 3094 2338 tanti
3141 2283 3267 2338 boni
3311 2295 3364 2338 te
3405 2285 3545 2341 duce
3591 2299 3648 2344 et

2071 2383 2299 2428 auctore
2333 2372 2417 2428 usi
2452 2373 2518 2428 ad
2549 2373 2866 2436 utilitatem,
2917 2373 3174 2430 Ecclesia:
3203 2377 3328 2432 [iliis
3355 2378 3649 2436 haeredita-

2071 2470 2182 2520 tem
2217 2466 2466 2522 veritatis
2493 2466 2854 2522 ostendimus.
2893 2486 2913 2520 ι
2967 2467 3025 2522 in
3059 2468 3144 2524 bis
3180 2479 3367 2525 sancta
3403 2473 3646 2542 synodus

2073 2567 2231 2613 vocat
2267 2573 2464 2628 papam
2499 2573 2682 2614 aureae
2728 2559 2852 2615 fidei
2884 2568 3090 2616 catenae
3137 2570 3562 2628 asscrvatomu,
3591 2575 3650 2621 et

2071 2651 2218 2706 Petri
2269 2651 2426 2706 vocis
2471 2652 2864 2720 interpretem;
2915 2661 2972 2707 et
3029 2653 3190 2708 ﬁdem
3265 2657 3344 2708 ait
3393 2671 3514 2712 esse
3591 2659 3644 2712 in

2071 2757 2209 2811 papa
2245 2741 2493 2797 veritatis
2540 2741 2938 2798 haereditatem.
2977 2744 3044 2798 Et
3094 2744 3256 2808 infra,
3309 2747 3398 2799 ubi
3463 2763 3644 2803 sermo

2069 2843 2155 2888 est
2187 2833 2254 2888 de
2287 2833 2538 2890 Patribus
2589 2835 2824 2905 synodi:
2871 2854 2890 2887 ι
2925 2836 3132 2902 Quibus
3161 2846 3242 2900 tu,
3285 2837 3488 2907 inquit,
3533 2841 3644 2894 dux

2069 2942 2218 2992 eras,
2255 2935 2314 2980 ut
2345 2937 2509 2997 caput
2558 2928 2840 2993 membris,
2889 2928 2942 2982 in
2978 2927 3046 2982 iis
3074 2929 3166 2998 qui
3195 2939 3314 2986 tuas
3342 2945 3508 2985 voces
3553 2947 3648 3002 ge-

391 3026 692 3094 κατωτέρω
743 3024 874 3094 περὶ
941 3027 1042 3094 τῆς
1095 3025 1426 3104 ὀμηγύρεως
1487 3027 1596 3080 τῶν
1647 3026 1964 3082 ἐπισκόπων

2075 3013 2270 3074 rebant
2301 3019 2740 3076 benevolentiam
2795 3020 3112 3090 praeferens.
3141 3041 3164 3074 ι
3210 3022 3268 3078 ln
3319 3025 3406 3079 his
3459 3037 3647 3082 sancta

389 3114 490 3182 τῆς
523 3114 687 3180 ἁγίας
734 3112 913 3166 αὐτῶν
965 3113 1185 3166 συνόδου
1235 3114 1544 3183 γράφουσιν
1589 3113 1640 3168 oi.
1687 3116 1964 3186 Πατέρες·

393 3223 418 3256 ‹
457 3197 558 3258 Ὧν
609 3205 674 3258 σὺ
729 3206 830 3275 μὲν
872 3205 950 3270 ὡς
991 3204 1204 3275 κεφαλὴ
1270 3206 1451 3275 μελῶν
1493 3207 1848 3277 ήγεμόνευες,
1909 3211 1968 3261 ἐν

389 3297 504 3357 τοῖς
533 3295 633 3366 τὴν
669 3295 765 3366 σὴν
795 3295 950 3360 τάξιν
975 3295 1237 3365 ἐπέχουσι
1269 3295 1368 3365 τὴν
1415 3294 1633 3350 εὔνοιαν
1660 3297 1964 3352 ἐπιδεικνύ-

391 3403 556 3455 μενος
581 3403 596 3418 ·
633 3405 654 3438 ι
701 3388 788 3440 Ἐν
823 3387 1033 3450 τούτοις
1063 3386 1260 3464 ἠριγία
1303 3387 1524 3451 σύνοδος
1573 3388 1832 3458 ὁμολογεῖ
1873 3389 1966 3442 τὸν

389 3484 582 3532 πὰπαν
643 3479 906 3549 κεφαλὴν,
957 3481 1086 3543 τους
1145 3481 1341 3544 ἄλλους
1396 3483 1736 3546 ἐπισκόπους
1803 3481 1962 3554 μέλη.

390 3576 582 3646 Παρῆν
617 3575 674 3628 δὲ
699 3575 755 3627 ὲν
777 3574 962 3645 ἐκείνῃ
994 3575 1060 3644 τῇ
1089 3575 1296 3644 συνόδῳ
1325 3576 1422 3630 καὶ
1463 3575 1778 3640 Ἀνατόλιος
1807 3576 1961 3628 Κωνο

390 3663 916 3729 σταντινουπόλεως,
985 3665 1082 3716 καὶ
1139 3663 1394 3734 Μάξιμος
1464 3663 1820 3736 Ἀντιοχείας,
1871 3665 1965 3719 καὶ

397 3756 760 3820 Ἶουϐενάλιος
802 3755 1212 3826 Ἱεροσολύμων.
1259 3757 1370 3812 Καὶ
1397 3758 1700 3826 κατωτέρω
1725 3771 1743 3790 ο
1781 3776 1800 3810 ι
1855 3758 1964 3810 Καὶ

389 3848 530 3918 πρὸς
573 3849 785 3912 τούτοις
831 3847 1037 3901 ἅπασιν
1089 3847 1172 3900 ἐτι
1225 3848 1322 3900 καὶ
1362 3847 1686 3912 κατ’,αὐτοῦ
1719 3847 1814 3900 τοῦ
1861 3847 1964 3918 τῆς

387 3939 634 4010 ἀμπέλου
677 3941 779 4010 τὴν
833 3939 1082 4010 φυλακὴν
1132 3940 1287 4010 παρὰ
1333 3938 1428 3994 τοῦ
1471 3940 1726 4012 Σωτῆρος
1778 3941 1966 3993 ὲπιτευ

2071 3112 2316 3184 syn'odus
2365 3112 2569 3170 fatetur
2605 3129 2800 3184 papam
2861 3121 3050 3183 caput,
3084 3126 3314 3171 ett-toros
3353 3118 3646 3188 episcopos

2073 3203 2338 3259 membra.
2377 3203 2618 3259 Aderant
2670 3215 2850 3260 autem
2887 3205 2941 3259 in
2981 3205 3072 3260 illa
3118 3207 3328 3277 synodo
3357 3208 3646 3264 Anatolius

2067 3293 2732 3363 Constantiuopolitanus,
2801 3293 3072 3350 Maximus
3118 3297 3521 3363 Antioeltenus,
3585 3309 3642 3354 et

2066 3385 2350 3440 Iuvenalis
2379 3385 2928 3457 Hierosolymitanus.
2965 3387 3030 3442 Et
3056 3387 3196 3442 infra
3231 3405 3246 3442 :
3277 3407 3298 3439 ‹
3333 3389 3400 3443 Ει
3426 3391 3494 3444 ad
3527 3391 3644 3446 inec

2071 3476 2272 3532 omnia
2293 3476 2522 3546 insuper
2548 3485 2604 3533 et
2633 3487 2825 3532 contra
2853 3480 3056 3548 ipsum,
3079 3479 3166 3533 cui
3203 3479 3374 3534 virete
3395 3482 3646 3538 custodia

2071 3586 2103 3626 ο
2147 3569 2428 3626 Salvatore
2485 3571 2780 3626 commissa
2837 3581 2940 3638 est,
2971 3571 3220 3626 extendit
3259 3570 3522 3628 insaniam
3546 3615 3562 3641 ,
3593 3575 3648 3630 id

2069 3673 2155 3720 est
2191 3674 2384 3721 contra
2437 3673 2582 3719 tuam
2631 3665 3034 3736 (apostolicam)
3075 3665 3416 3720 sanctitatem
3452 3685 3464 3720 ς
3507 3686 3527 3719 ο
3585 3678 3650 3722 ιιι

2069 3756 2298 3812 Latinus
2325 3758 2596 3826 interpres
2626 3756 2778 3826 legit.
2813 3757 2870 3810 In
2901 3757 2984 3812 his
3033 3765 3216 3812 sancta
3250 3759 3492 3828 synodus
3543 3761 3644 3816 Ec-

2067 3850 2292 3904 clesiam
2323 3851 2639 3919 evangelice
2669 3850 2884 3904 vineam
2915 3859 3115 3914 vocat,
3157 3849 3440 3904 custodem
3471 3852 3648 3906 vineae

2066 3955 2286 4010 papam,
2316 3951 2372 3996 et
2391 3941 2770 4010 przefecturam
2813 3943 2956 3997 hanc
2987 3956 3111 3998 esse
3144 3942 3324 4012 inquit
3355 3943 3429 3996 illi
3462 3943 3644 3997 datam

385 4033 708 4103 τραμμένου
755 4031 856 4102 τὴν
917 4031 1123 4100 μανίαν
1171 4029 1434 4095 ἐξέτεινε,
1465 4029 1701 4100 λέγομεν
1745 4028 1812 4100 δὴ
1864 4029 1964 4100 τῆς

2069 4047 2098 4088 a
2123 4033 2368 4088 Christo.
2401 4033 2470 4088 Et
2517 4035 2657 4090 infra
2696 4051 2712 4089 :
2751 4055 2770 4088 ε
2802 4037 2966 4092 Plane
3001 4037 3240 4092 scientes
3285 4037 3642 4106 apostolicum

389 4127 492 4194 σῆς
533 4125 836 4194 ὁσιότητος.
879 4143 900 4176 ι
934 4125 1025 4178 Ἐν
1066 4123 1279 4186 τούτοις
1305 4125 1338 4193 ἡ
1371 4121 1504 4190 ἁγία
1541 4121 1758 4184 σύνοδος
1787 4122 1964 4190 ἄμπε-

2069 4127 2124 4180 in
2147 4127 2303 4182 vobis
2331 4128 2554 4198 quidem
2587 4127 2799 4183 radium
2828 4145 2980 4184 suam
3015 4129 3202 4184 sedem
3236 4129 3642 4201 habere;sa2pe

387 4218 480 4272 λον
513 4219 886 4286 εὐαγγελικῶς
933 4217 1033 4286 τὴν
1073 4215 1430 4285 Ἐκκλησίαν,
1461 4212 1852 4284 ἀμπελουργὸν
1881 4213 1964 4266 λέ-

2069 4235 2199 4276 vero
2223 4219 2293 4274 ad
2339 4219 3010 4290 Constantinopolitanam
3067 4236 3292 4292 quoque
3337 4222 3652 4290 Ecclesium~

385 4326 476 4378 γει
498 4309 590 4362 τὸν
615 4309 826 4373 πάπαν,
868 4309 1016 4374 παρὰ
1045 4305 1138 4358 τοῦ
1163 4304 1422 4375 Σωτῆρος
1460 4300 1701 4370 Χριστοῦ
1729 4301 1962 4354 λαϐόντα

2073 4325 2228 4366 more
2249 4321 2433 4366 vestro
2494 4326 2685 4366 curam
2743 4321 3000 4382 gerentes
3035 4311 3185 4366 illum
3231 4315 3520 4382 sparsisse,
3577 4330 3645 4370 eo

387 4402 490 4474 τὴν
522 4398 964 4471 ἀμπελουργίαν.
998 4397 1108 4450 Καὶ
1141 4395 1438 4464 κατωτέρω
1463 4409 1478 4424 ·
1517 4413 1536 4446 ι
1575 4393 1964 4463 Πεπεισμένοι,

2071 4399 2220 4470 quod
2281 4395 2685 4458 cousﬁeveritis
2751 4401 3025 4458 bonorum
3106 4413 3415 4457 vestrorum
3477 4407 3647 4473 parti-

389 4495 464 4556 ὡς
496 4493 594 4564 τῆς
637 4489 1007 4556 ἀποστολικῆς
1039 4485 1172 4544 παρ’
1200 4486 1328 4556 ὑμῖν
1371 4485 1680 4556 κρατούσης
1726 4485 1964 4551 ἀκτῖνος,

2069 4491 2343 4562 cipatione
2399 4493 2556 4547 vobis
2612 4495 2939 4561 coniunctos
2996 4493 3214 4548 abunde
3269 4493 3467 4548 ditare.
3506 4513 3525 4546 ι
3581 4496 3646 4547 Ει

389 4588 488 4641 καὶ
543 4587 636 4640 ἐπὶ
702 4585 802 4654 τὴν
862 4584 922 4636 ἐν
991 4578 1574 4635 Κωνσταντινουπὸλει
1637 4575 1964 4646 Ἐκκλησίαν

2069 4583 2250 4638 intra:
2309 4603 2328 4636 ι
2373 4583 2777 4653 Agnoscentes,
2830 4598 2993 4638 omne
3037 4585 3314 4654 egregium
3383 4593 3642 4640 natorum

389 4677 637 4750 συνήθως
667 4675 958 4748 κηδόμενοι
991 4673 1252 4736 πολλάκις
1300 4671 1508 4741 ταύτην
1533 4667 1853 4739 ήπλῶσατε,
1878 4669 1964 4722 διὰ

2069 4675 2269 4731 factum
2323 4690 2608 4730 recurrere
2645 4675 2712 4731 ad
2756 4677 3012 4746 proprios
3055 4686 3332 4744 parentes.
3363 4675 3644 4746 Rogamus

383 4773 447 4825 τὸ
477 4771 724 4841 ἄφθονον
746 4769 1016 4838 ὑπάρχειν
1047 4769 1181 4837 ἡμῖν
1207 4765 1308 4833 τὴν
1346 4764 1456 4818 τῶν
1489 4763 1710 4818 οἰκείων
1740 4761 1964 4830 ἀγαθῶν

2069 4767 2254 4840 igitur,
2295 4768 2518 4824 decreto
2551 4777 2646 4822 tuo
2699 4773 2948 4822 nostrum
3001 4768 3210 4822 honora
3247 4767 3538 4840 judicium,
3590 4779 3647 4823 et

386 4867 524 4936 πρὸς
573 4865 702 4928 τοὺς
731 4863 990 4933 γνησίους
1042 4859 1360 4931 μετάδοσιν.
1397 4877 1416 4910 ι
1453 4857 1564 4911 Καὶ
1627 4857 1960 4924 κατωτέρω·

2069 4861 2209 4917 sicut
2245 4875 2342 4916 nos
2391 4859 2557 4930 capiti
2590 4875 2919 4914 consensum
2957 4859 3294 4930 praebuimus
3323 4861 3378 4916 in
3413 4875 3472 4914 re
3503 4877 3643 4932 pra:-

390 4979 410 5012 ι
445 4959 684 5023 Εἰδότες,
721 4957 800 5020 ὡς
881 4958 1000 5009 πᾶν.
1039 4955 1192 5024 παρὰ
1239 4951 1350 5006 τῶν
1399 4951 1611 5005 τέκνων
1675 4951 1964 5020 γινόμενον

2069 4955 2234 5022 clara,
2269 4956 2343 5010 ita
2395 4963 2451 5010 et
2494 4964 2683 5010 vertex
2716 4953 3015 5024 adimpleat
3044 4953 3171 5008 ﬁliis
3201 4953 3346 5023 quod
3379 4953 3641 5010 decorum

385 5053 722 5123 κατόρθωμα
769 5053 848 5115 εἰς
895 5051 1023 5114 τοὺς
1069 5049 1504 5117 οἰκειουμένους
1532 5047 1784 5117 Πατέρας
1829 5045 1964 5099 ἀνα·
2065 5057 2170 5102 cst.
2211 5065 2231 5099 ι
2797 5065 2832 5084 -

381 5147 606 5217 τρέχει·
675 5145 1107 5216 παρακαλοῦμεν
1159 5144 1361 5209 τοίνυν,
1410 5141 1642 5212 τίμησον
1696 5143 1790 5194 καὶ
1831 5143 1954 5205 ταῖς
1993 5143 2114 5205 σαῖς
2161 5143 2366 5214 ψήφοις
2413 5142 2510 5213 τὴν
2587 5142 2808 5214 κρίσιν·
2841 5145 2940 5196 καὶ
2972 5141 3165 5212 ὥσπερ
3217 5143 3376 5212 ἡμεῖς
3445 5145 3512 5216 τῇ
3554 5161 3644 5198 κε-

383 5241 528 5310 φαλῇ
560 5237 660 5309 τὴν
700 5241 756 5292 ἐν
788 5239 902 5300 τοῖς
967 5237 1154 5300 καλοῖς
1193 5235 1512 5307 συμφωνίαν
1577 5233 2025 5306 είσενηνόχαμεν,
2066 5233 2210 5289 οὕτω
2253 5237 2347 5290 καὶ
2398 5239 2431 5307 ἠ
2492 5235 2702 5308 κορυφὴ
2754 5239 2864 5300 τοῖς
2915 5237 3104 5291 παισὶν
3148 5237 3541 5310 ἀναπληρώσει
3577 5239 3646 5293 τὸ

383 5353 616 5408 πρεπον.
660 5353 680 5387 ι

465 5431 555 5484 Ἐν
587 5428 795 5492 τούτοις
821 5429 856 5499 ἡ
884 5427 1017 5497 ἁγία
1063 5421 1282 5489 σύνοδος
1312 5423 1569 5496 ὁμολογεῖ
1600 5423 1700 5495 τὴν
1731 5423 1967 5477 ἀποστο-

377 5523 538 5595 λικὴν
569 5524 762 5578 ἀκτῖνα
793 5525 852 5577 έν
878 5521 956 5592 τῷ
987 5519 1148 5590 πτίττοι⁸
1183 5517 1592 5589 καθιδρυμένην
1641 5515 1962 5582 άπλωθῆναι

379 5617 645 5681 πολλάκις
704 5617 799 5669 καὶ
856 5615 934 5679 είς
983 5610 1608 5667 Κωνσταντινούπολινο
1661 5609 1756 5662 καὶ
1815 5609 1895 5661 ὅτι
1935 5610 1962 5659 ὁ

381 5713 572 5776 atina;
603 5713 722 5764 εστὶ
753 5709 966 5780 κεφαλὴ
1001 5709 1098 5776 τῆς
1141 5705 1476 5775 Ἐκκλησίας
1511 5703 1758 5774 remitti.
1793 5703 1850 5768 ἐξ
1893 5696 1960 5772 ἧς

595 5815 866 5876 Ρηιιυι.
905 5808 1023 5872 Gtt.
1061 5808 1332 5871 CXLIX.

2141 5422 2200 5476 in
2229 5422 2314 5477 his
2365 5430 2552 5477 sancta
2605 5424 2847 5492 synodus
2897 5421 3125 5486 fatetur,
3167 5421 3526 5490 apostolicum
3557 5437 3642 5474 ra-

2069 5515 2222 5570 dium
2255 5529 2376 5570 esse
2417 5516 2472 5569 in
2515 5531 2650 5585 papa
2683 5515 3010 5570 collocatum
3057 5521 3114 5570 el.
3155 5513 3283 5569 inde
3312 5530 3454 5583 s:epe
3491 5513 3640 5567 Con-

2070 5605 2481 5674 stantinopolim
2531 5619 2651 5660 sese
2703 5601 2938 5670 fudisse,
3001 5613 3057 5659 et
3112 5617 3306 5675 papam
3359 5618 3480 5657 esse
3537 5603 3642 5656 tale

2069 5709 2232 5770 caput
2261 5698 2536 5770 Ecclesiae,
2573 5709 2630 5756 ut
2651 5714 2716 5755 ex
2747 5713 2815 5754 eo
2839 5699 3079 5771 pendeat
3101 5697 3288 5752 honor
3317 5705 3373 5752 et
3422 5695 3640 5767 privile-

3171 5795 3246 5856 24
