  <div class='ocr_page' id='page_1' title='image "/cluster/home/n/w/nwhite01/storage/ocr_20150623/149/hvd.32044073498818/388.png"; bbox 0 0 4064 6206; ppageno 0'>
   <div class='ocr_carea' id='block_1_1' title="bbox 373 269 1342 330">
    <p class='ocr_par' dir='ltr' id='par_1_1' title="bbox 373 269 1342 330">
     <span class='ocr_line' id='line_1_1' title="bbox 373 269 1342 330; baseline -0.002 0"><span class='ocrx_word' id='word_1_1' title='bbox 373 269 486 330; x_wconf 63' lang='lat'><strong>’34)</strong></span> <span class='ocrx_word' id='word_1_2' title='bbox 1321 297 1342 328; x_wconf 83' lang='lat'>\</span> 
     </span>
    </p>
   </div>
   <div class='ocr_carea' id='block_1_2' title="bbox 1659 261 2332 324">
    <p class='ocr_par' dir='ltr' id='par_1_2' title="bbox 1659 261 2332 324">
     <span class='ocr_line' id='line_1_2' title="bbox 1659 261 2332 324; baseline 0.003 -2"><span class='ocrx_word' id='word_1_3' title='bbox 1659 261 2108 322; x_wconf 71' lang='lat' dir='ltr'><strong>REFUTATIO</strong></span> <span class='ocrx_word' id='word_1_4' title='bbox 2147 262 2332 324; x_wconf 77' lang='lat' dir='ltr'><strong>Nl-L‘l.</strong></span> 
     </span>
    </p>
   </div>
   <div class='ocr_carea' id='block_1_3' title="bbox 3511 263 3616 325">
    <p class='ocr_par' dir='ltr' id='par_1_3' title="bbox 3511 263 3616 325">
     <span class='ocr_line' id='line_1_3' title="bbox 3511 263 3616 325; baseline -0.019 0"><span class='ocrx_word' id='word_1_5' title='bbox 3511 263 3616 325; x_wconf 84' lang='lat'><strong>7.0</strong></span> 
     </span>
    </p>
   </div>
   <div class='ocr_carea' id='block_1_4' title="bbox 363 373 1947 460">
    <p class='ocr_par' dir='ltr' id='par_1_4' title="bbox 363 373 1946 447">
     <span class='ocr_line' id='line_1_4' title="bbox 363 373 1946 447; baseline -0.004 -14"><span class='ocrx_word' id='word_1_6' title='bbox 363 378 506 433; x_wconf 78' lang='grc' dir='ltr'>Αὐτὸ</span> <span class='ocrx_word' id='word_1_7' title='bbox 561 377 616 428; x_wconf 81' lang='grc' dir='ltr'>δὲ</span> <span class='ocrx_word' id='word_1_8' title='bbox 672 375 730 430; x_wconf 72' lang='grc' dir='ltr'>τὺ</span> <span class='ocrx_word' id='word_1_9' title='bbox 783 375 910 447; x_wconf 64' lang='grc' dir='ltr'>περὶ</span> <span class='ocrx_word' id='word_1_10' title='bbox 963 374 1060 446; x_wconf 77' lang='grc' dir='ltr'>τὴν</span> <span class='ocrx_word' id='word_1_11' title='bbox 1111 373 1422 443; x_wconf 73' lang='grc' dir='ltr'><strong>συνείδησιν</strong></span> <span class='ocrx_word' id='word_1_12' title='bbox 1473 373 1812 442; x_wconf 73' lang='grc' dir='ltr'><strong>ἁμαρτάνειν</strong></span> <span class='ocrx_word' id='word_1_13' title='bbox 1845 374 1946 426; x_wconf 81' lang='grc' dir='ltr'><strong>οὐκ</strong></span> 
     </span>
    </p>
   </div>
   <div class='ocr_carea' id='block_1_5' title="bbox 2052 373 3674 460">
    <p class='ocr_par' dir='ltr' id='par_1_5' title="bbox 2052 376 3674 460">
     <span class='ocr_line' id='line_1_5' title="bbox 2052 376 3674 460; baseline 0.002 -32"><span class='ocrx_word' id='word_1_14' title='bbox 2052 376 2282 445; x_wconf 81' lang='lat' dir='ltr'><strong>gationis</strong></span> <span class='ocrx_word' id='word_1_15' title='bbox 2316 377 2452 432; x_wconf 80' lang='lat' dir='ltr'><strong>Dei?</strong></span> <span class='ocrx_word' id='word_1_16' title='bbox 2483 376 2644 431; x_wconf 75' lang='lat' dir='ltr'><strong>Deum</strong></span> <span class='ocrx_word' id='word_1_17' title='bbox 2677 379 2838 442; x_wconf 82' lang='lat' dir='ltr'><strong>enim,</strong></span> <span class='ocrx_word' id='word_1_18' title='bbox 2881 377 3060 447; x_wconf 91' lang='lat' dir='ltr'><strong>inquit</strong></span> <span class='ocrx_word' id='word_1_19' title='bbox 3092 376 3294 432; x_wconf 81' lang='lat' dir='ltr'><strong>Paulus</strong></span> <span class='ocrx_word' id='word_1_20' title='bbox 3323 414 3338 439; x_wconf 86' lang='lat'><strong>,</strong></span> <span class='ocrx_word' id='word_1_21' title='bbox 3361 377 3617 446; x_wconf 77' lang='lat' dir='ltr'><strong>conﬁtcn-</strong></span> <span class='ocrx_word' id='word_1_22' title='bbox 3663 449 3674 460; x_wconf 43' lang='lat'><strong><em>&#39;</em></strong></span> 
     </span>
    </p>
   </div>
   <div class='ocr_carea' id='block_1_6' title="bbox 361 457 1947 538">
    <p class='ocr_par' dir='ltr' id='par_1_6' title="bbox 361 457 1947 538">
     <span class='ocr_line' id='line_1_6' title="bbox 361 457 1947 538; baseline 0.001 -16"><span class='ocrx_word' id='word_1_23' title='bbox 361 468 505 532; x_wconf 71' lang='grc' dir='ltr'>εῖὶος</span> <span class='ocrx_word' id='word_1_24' title='bbox 526 469 714 532; x_wconf 75' lang='grc' dir='ltr'>ἀθεῖας</span> <span class='ocrx_word' id='word_1_25' title='bbox 760 470 915 536; x_wconf 58' lang='lat' dir='ltr'><strong>tut;</strong></span> <span class='ocrx_word' id='word_1_26' title='bbox 953 470 1104 524; x_wconf 81' lang='grc' dir='ltr'><strong>Θεὸν</strong></span> <span class='ocrx_word' id='word_1_27' title='bbox 1132 469 1264 538; x_wconf 73' lang='grc' dir='ltr'>γὰρ,</span> <span class='ocrx_word' id='word_1_28' title='bbox 1298 470 1462 538; x_wconf 75' lang='grc' dir='ltr'>φησὶν</span> <span class='ocrx_word' id='word_1_29' title='bbox 1493 457 1540 522; x_wconf 57' lang='grc' dir='ltr'>δ’</span> <span class='ocrx_word' id='word_1_30' title='bbox 1555 468 1790 534; x_wconf 84' lang='grc' dir='ltr'>Παῦλος,</span> <span class='ocrx_word' id='word_1_31' title='bbox 1821 469 1947 536; x_wconf 83' lang='grc' dir='ltr'>τοῖς</span> 
     </span>
    </p>
   </div>
   <div class='ocr_carea' id='block_1_7' title="bbox 357 561 1946 634">
    <p class='ocr_par' dir='ltr' id='par_1_7' title="bbox 357 561 1946 634">
     <span class='ocr_line' id='line_1_7' title="bbox 357 561 1946 634; baseline -0.001 -17"><span class='ocrx_word' id='word_1_32' title='bbox 357 563 477 634; x_wconf 80' lang='grc' dir='ltr'><em>μὲν</em></span> <span class='ocrx_word' id='word_1_33' title='bbox 506 562 711 632; x_wconf 68' lang='grc' dir='ltr'>λόγοις</span> <span class='ocrx_word' id='word_1_34' title='bbox 762 563 1150 630; x_wconf 69' lang='grc' dir='ltr'>ὁμολογοῦσι,</span> <span class='ocrx_word' id='word_1_35' title='bbox 1181 562 1308 629; x_wconf 82' lang='grc' dir='ltr'>τοῖς</span> <span class='ocrx_word' id='word_1_36' title='bbox 1355 561 1422 616; x_wconf 77' lang='grc' dir='ltr'>δὲ</span> <span class='ocrx_word' id='word_1_37' title='bbox 1461 561 1662 630; x_wconf 71' lang='grc' dir='ltr'>ἔργοις</span> <span class='ocrx_word' id='word_1_38' title='bbox 1692 562 1946 630; x_wconf 76' lang='grc' dir='ltr'>ἀργοῦν-</span> 
     </span>
    </p>
   </div>
   <div class='ocr_carea' id='block_1_8' title="bbox 365 652 1947 724">
    <p class='ocr_par' dir='ltr' id='par_1_8' title="bbox 365 652 1947 724">
     <span class='ocr_line' id='line_1_8' title="bbox 365 652 1947 724; baseline -0.001 -15"><span class='ocrx_word' id='word_1_39' title='bbox 365 671 462 709; x_wconf 75' lang='lat' dir='ltr'><strong>tat</strong></span> <span class='ocrx_word' id='word_1_40' title='bbox 484 671 500 686; x_wconf 77' lang='grc' dir='ltr'><strong>ο</strong></span> <span class='ocrx_word' id='word_1_41' title='bbox 539 654 656 716; x_wconf 82' lang='grc' dir='ltr'>πῶς</span> <span class='ocrx_word' id='word_1_42' title='bbox 684 652 868 722; x_wconf 72' lang='grc' dir='ltr'>ἔργοις</span> <span class='ocrx_word' id='word_1_43' title='bbox 897 653 996 722; x_wconf 82' lang='grc' dir='ltr'>μὲν</span> <span class='ocrx_word' id='word_1_44' title='bbox 1023 654 1116 706; x_wconf 83' lang='grc' dir='ltr'><strong>τὸν</strong></span> <span class='ocrx_word' id='word_1_45' title='bbox 1146 654 1334 708; x_wconf 82' lang='grc' dir='ltr'>πάπαν</span> <span class='ocrx_word' id='word_1_46' title='bbox 1361 654 1639 724; x_wconf 83' lang='grc' dir='ltr'>ἐνδέχεται</span> <span class='ocrx_word' id='word_1_47' title='bbox 1665 653 1947 724; x_wconf 73' lang='grc' dir='ltr'><strong>ἀρνεῖσθαι</strong></span> 
     </span>
    </p>
   </div>
   <div class='ocr_carea' id='block_1_9' title="bbox 363 745 1262 816">
    <p class='ocr_par' dir='ltr' id='par_1_9' title="bbox 363 745 1262 816">
     <span class='ocr_line' id='line_1_9' title="bbox 363 745 1262 816; baseline -0.002 -15"><span class='ocrx_word' id='word_1_48' title='bbox 363 749 458 802; x_wconf 82' lang='grc' dir='ltr'><strong>τὸν</strong></span> <span class='ocrx_word' id='word_1_49' title='bbox 488 745 646 812; x_wconf 78' lang='grc' dir='ltr'>Θεὸν,</span> <span class='ocrx_word' id='word_1_50' title='bbox 677 745 858 812; x_wconf 78' lang='grc' dir='ltr'>λόγοις</span> <span class='ocrx_word' id='word_1_51' title='bbox 881 745 938 798; x_wconf 85' lang='grc' dir='ltr'>δὲ</span> <span class='ocrx_word' id='word_1_52' title='bbox 969 745 1262 816; x_wconf 75' lang='grc' dir='ltr'>οὐδαμῶςς</span> 
     </span>
    </p>
   </div>
   <div class='ocr_carea' id='block_1_10' title="bbox 938 857 1376 913">
    <p class='ocr_par' dir='ltr' id='par_1_10' title="bbox 938 857 1376 913">
     <span class='ocr_line' id='line_1_10' title="bbox 938 857 1376 913; baseline 0 -1"><span class='ocrx_word' id='word_1_53' title='bbox 938 857 1376 913; x_wconf 78' lang='grc' dir='ltr'><strong>ΑΝἹΊΡΡΗΣΙΣ.</strong></span> 
     </span>
    </p>
   </div>
   <div class='ocr_carea' id='block_1_11' title="bbox 453 975 1948 1046">
    <p class='ocr_par' dir='ltr' id='par_1_11' title="bbox 453 975 1948 1046">
     <span class='ocr_line' id='line_1_11' title="bbox 453 975 1948 1046; baseline 0 -18"><span class='ocrx_word' id='word_1_54' title='bbox 453 975 550 1028; x_wconf 81' lang='grc' dir='ltr'>Ἐκ</span> <span class='ocrx_word' id='word_1_55' title='bbox 588 975 1012 1044; x_wconf 79' lang='grc' dir='ltr'>πεπλανημένης</span> <span class='ocrx_word' id='word_1_56' title='bbox 1064 975 1246 1044; x_wconf 76' lang='grc' dir='ltr'>ἀρχῆς</span> <span class='ocrx_word' id='word_1_57' title='bbox 1291 975 1617 1046; x_wconf 79' lang='grc' dir='ltr'>ἀρξάμενος,</span> <span class='ocrx_word' id='word_1_58' title='bbox 1669 975 1772 1045; x_wconf 73' lang='grc' dir='ltr'><strong>ὀδῷ</strong></span> <span class='ocrx_word' id='word_1_59' title='bbox 1816 993 1948 1046; x_wconf 83' lang='grc' dir='ltr'>προ-</span> 
     </span>
    </p>
   </div>
   <div class='ocr_carea' id='block_1_12' title="bbox 363 1065 1950 1139">
    <p class='ocr_par' dir='ltr' id='par_1_12' title="bbox 363 1065 1950 1139">
     <span class='ocr_line' id='line_1_12' title="bbox 363 1065 1950 1139; baseline -0.001 -18"><span class='ocrx_word' id='word_1_60' title='bbox 363 1069 573 1121; x_wconf 76' lang='grc' dir='ltr'>ϐαίνων</span> <span class='ocrx_word' id='word_1_61' title='bbox 615 1069 975 1139; x_wconf 78' lang='grc' dir='ltr'>παρεκτρέπῃ</span> <span class='ocrx_word' id='word_1_62' title='bbox 1011 1067 1214 1136; x_wconf 78' lang='grc' dir='ltr'>μᾶλλον</span> <span class='ocrx_word' id='word_1_63' title='bbox 1259 1069 1358 1138; x_wconf 80' lang='grc' dir='ltr'>τῆς</span> <span class='ocrx_word' id='word_1_64' title='bbox 1385 1068 1672 1139; x_wconf 76' lang='grc' dir='ltr'><strong>ἀληθείας.</strong></span> <span class='ocrx_word' id='word_1_65' title='bbox 1703 1068 1794 1121; x_wconf 84' lang='grc' dir='ltr'>Ἐν</span> <span class='ocrx_word' id='word_1_66' title='bbox 1824 1065 1950 1122; x_wconf 67' lang='grc' dir='ltr'>τού·</span> 
     </span>
    </p>
   </div>
   <div class='ocr_carea' id='block_1_13' title="bbox 368 1159 1362 1233">
    <p class='ocr_par' dir='ltr' id='par_1_13' title="bbox 368 1159 1362 1233">
     <span class='ocr_line' id='line_1_13' title="bbox 368 1159 1362 1233; baseline 0.003 -20"><span class='ocrx_word' id='word_1_67' title='bbox 368 1179 482 1223; x_wconf 82' lang='grc' dir='ltr'>τοις</span> <span class='ocrx_word' id='word_1_68' title='bbox 509 1179 602 1214; x_wconf 87' lang='grc' dir='ltr'><strong>σου</strong></span> <span class='ocrx_word' id='word_1_69' title='bbox 633 1163 745 1224; x_wconf 85' lang='grc' dir='ltr'>τοῖς</span> <span class='ocrx_word' id='word_1_70' title='bbox 773 1159 956 1228; x_wconf 78' lang='grc' dir='ltr'>λόγοις</span> <span class='ocrx_word' id='word_1_71' title='bbox 985 1163 1110 1230; x_wconf 88' lang='grc' dir='ltr'>τρία</span> <span class='ocrx_word' id='word_1_72' title='bbox 1145 1161 1362 1233; x_wconf 72' lang='grc' dir='ltr'>σοφίζῃ.</span> 
     </span>
    </p>
   </div>
   <div class='ocr_carea' id='block_1_14' title="bbox 443 1249 1949 1327">
    <p class='ocr_par' dir='ltr' id='par_1_14' title="bbox 443 1249 1949 1327">
     <span class='ocr_line' id='line_1_14' title="bbox 443 1249 1949 1327; baseline 0.003 -20"><span class='ocrx_word' id='word_1_73' title='bbox 443 1249 666 1323; x_wconf 81' lang='grc' dir='ltr'>Πρῶτον</span> <span class='ocrx_word' id='word_1_74' title='bbox 688 1271 700 1286; x_wconf 87' lang='grc'><strong>·</strong></span> <span class='ocrx_word' id='word_1_75' title='bbox 735 1255 1028 1308; x_wconf 82' lang='grc' dir='ltr'>Πέπτωκεν</span> <span class='ocrx_word' id='word_1_76' title='bbox 1057 1254 1084 1305; x_wconf 70' lang='grc' dir='ltr'><strong><em>ὁ</em></strong></span> <span class='ocrx_word' id='word_1_77' title='bbox 1109 1254 1336 1324; x_wconf 78' lang='grc' dir='ltr'>Πέτρος,</span> <span class='ocrx_word' id='word_1_78' title='bbox 1369 1256 1476 1327; x_wconf 81' lang='grc' dir='ltr'>ἄρα</span> <span class='ocrx_word' id='word_1_79' title='bbox 1502 1256 1724 1312; x_wconf 85' lang='grc' dir='ltr'>δύναται</span> <span class='ocrx_word' id='word_1_80' title='bbox 1759 1259 1949 1311; x_wconf 82' lang='grc' dir='ltr'>πεσεῖν</span> 
     </span>
    </p>
   </div>
   <div class='ocr_carea' id='block_1_15' title="bbox 369 1345 784 1408">
    <p class='ocr_par' dir='ltr' id='par_1_15' title="bbox 369 1345 784 1408">
     <span class='ocr_line' id='line_1_15' title="bbox 369 1345 784 1408; baseline 0 -10"><span class='ocrx_word' id='word_1_81' title='bbox 369 1349 466 1398; x_wconf 60' lang='grc' dir='ltr'>καὶ</span> <span class='ocrx_word' id='word_1_82' title='bbox 505 1347 535 1398; x_wconf 83' lang='grc' dir='ltr'>ὀ</span> <span class='ocrx_word' id='word_1_83' title='bbox 575 1345 784 1408; x_wconf 81' lang='grc' dir='ltr'>πάπας.</span> 
     </span>
    </p>
   </div>
   <div class='ocr_carea' id='block_1_16' title="bbox 445 1427 1949 1509">
    <p class='ocr_par' dir='ltr' id='par_1_16' title="bbox 445 1427 1949 1509">
     <span class='ocr_line' id='line_1_16' title="bbox 445 1427 1949 1509; baseline 0.003 -21"><span class='ocrx_word' id='word_1_84' title='bbox 445 1437 746 1504; x_wconf 60' lang='grc' dir='ltr'>Δεύτερον</span> <span class='ocrx_word' id='word_1_85' title='bbox 816 1436 878 1488; x_wconf 90' lang='lat'><strong>&#39;0</strong></span> <span class='ocrx_word' id='word_1_86' title='bbox 939 1436 1238 1506; x_wconf 79' lang='grc' dir='ltr'>δυνάμενος</span> <span class='ocrx_word' id='word_1_87' title='bbox 1304 1433 1434 1506; x_wconf 75' lang='grc' dir='ltr'>περὶ</span> <span class='ocrx_word' id='word_1_88' title='bbox 1485 1436 1582 1507; x_wconf 76' lang='grc' dir='ltr'><strong>τὴν</strong></span> <span class='ocrx_word' id='word_1_89' title='bbox 1644 1427 1949 1509; x_wconf 75' lang='grc' dir='ltr'><strong>συνείδησιν</strong></span> 
     </span>
    </p>
   </div>
   <div class='ocr_carea' id='block_1_17' title="bbox 371 1527 1948 1599">
    <p class='ocr_par' dir='ltr' id='par_1_17' title="bbox 371 1527 1948 1599">
     <span class='ocr_line' id='line_1_17' title="bbox 371 1527 1948 1599; baseline 0.001 -18"><span class='ocrx_word' id='word_1_90' title='bbox 371 1528 710 1596; x_wconf 56' lang='grc' dir='ltr'>σφάλλεσθαι</span> <span class='ocrx_word' id='word_1_91' title='bbox 737 1527 962 1581; x_wconf 85' lang='grc' dir='ltr'>δύναται</span> <span class='ocrx_word' id='word_1_92' title='bbox 988 1530 1082 1581; x_wconf 78' lang='grc' dir='ltr'><strong>καὶ</strong></span> <span class='ocrx_word' id='word_1_93' title='bbox 1121 1530 1250 1598; x_wconf 75' lang='grc' dir='ltr'>περὶ</span> <span class='ocrx_word' id='word_1_94' title='bbox 1277 1528 1375 1598; x_wconf 81' lang='grc' dir='ltr'><strong>τὴν</strong></span> <span class='ocrx_word' id='word_1_95' title='bbox 1409 1529 1588 1582; x_wconf 83' lang='grc' dir='ltr'>πίστιν</span> <span class='ocrx_word' id='word_1_96' title='bbox 1616 1530 1948 1599; x_wconf 75' lang='grc' dir='ltr'>ναυαγῆσαι,</span> 
     </span>
    </p>
   </div>
   <div class='ocr_carea' id='block_1_18' title="bbox 371 1621 1950 1693">
    <p class='ocr_par' dir='ltr' id='par_1_18' title="bbox 371 1621 1950 1693">
     <span class='ocr_line' id='line_1_18' title="bbox 371 1621 1950 1693; baseline 0.001 -18"><span class='ocrx_word' id='word_1_97' title='bbox 371 1623 513 1675; x_wconf 78' lang='grc' dir='ltr'>κατὰ</span> <span class='ocrx_word' id='word_1_98' title='bbox 567 1621 658 1675; x_wconf 78' lang='grc' dir='ltr'><strong>τὸν</strong></span> <span class='ocrx_word' id='word_1_99' title='bbox 712 1622 983 1690; x_wconf 77' lang='grc' dir='ltr'>μακάριον</span> <span class='ocrx_word' id='word_1_100' title='bbox 1048 1622 1278 1674; x_wconf 79' lang='grc' dir='ltr'>Παῦλον.</span> <span class='ocrx_word' id='word_1_101' title='bbox 1325 1621 1488 1675; x_wconf 76' lang='grc' dir='ltr'>Ἀλλὰ</span> <span class='ocrx_word' id='word_1_102' title='bbox 1536 1623 1641 1693; x_wconf 81' lang='grc' dir='ltr'><strong>μὴν</strong></span> <span class='ocrx_word' id='word_1_103' title='bbox 1688 1627 1716 1677; x_wconf 87' lang='grc' dir='ltr'><strong>ὀ</strong></span> <span class='ocrx_word' id='word_1_104' title='bbox 1759 1625 1950 1688; x_wconf 85' lang='grc' dir='ltr'>πὰπας</span> 
     </span>
    </p>
   </div>
   <div class='ocr_carea' id='block_1_19' title="bbox 2051 469 3619 541">
    <p class='ocr_par' dir='ltr' id='par_1_19' title="bbox 2051 469 3619 541">
     <span class='ocr_line' id='line_1_19' title="bbox 2051 469 3619 541; baseline 0.001 -19"><span class='ocrx_word' id='word_1_105' title='bbox 2051 477 2141 522; x_wconf 77' lang='lat' dir='ltr'><strong>tur</strong></span> <span class='ocrx_word' id='word_1_106' title='bbox 2169 485 2224 524; x_wconf 82' lang='lat' dir='ltr'><strong>se</strong></span> <span class='ocrx_word' id='word_1_107' title='bbox 2251 485 2417 532; x_wconf 80' lang='lat' dir='ltr'><strong>nosse,</strong></span> <span class='ocrx_word' id='word_1_108' title='bbox 2445 471 2594 540; x_wconf 72' lang='lat' dir='ltr'><strong>factis</strong></span> <span class='ocrx_word' id='word_1_109' title='bbox 2621 478 2796 524; x_wconf 77' lang='lat' dir='ltr'><strong>autent</strong></span> <span class='ocrx_word' id='word_1_110' title='bbox 2835 481 3025 541; x_wconf 79' lang='lat' dir='ltr'><strong>negant</strong></span> <span class='ocrx_word' id='word_1_111' title='bbox 3050 471 3088 522; x_wconf 72' lang='grc'><strong>⁸.</strong></span> <span class='ocrx_word' id='word_1_112' title='bbox 3131 469 3416 534; x_wconf 84' lang='lat' dir='ltr'><strong>Quomodo</strong></span> <span class='ocrx_word' id='word_1_113' title='bbox 3453 469 3619 540; x_wconf 77' lang='lat' dir='ltr'><strong>igitur</strong></span> 
     </span>
    </p>
   </div>
   <div class='ocr_carea' id='block_1_20' title="bbox 2049 560 3625 638">
    <p class='ocr_par' dir='ltr' id='par_1_20' title="bbox 2049 560 3625 638">
     <span class='ocr_line' id='line_1_20' title="bbox 2049 560 3625 638; baseline 0.003 -26"><span class='ocrx_word' id='word_1_114' title='bbox 2049 575 2186 628; x_wconf 84' lang='lat' dir='ltr'><strong>papa</strong></span> <span class='ocrx_word' id='word_1_115' title='bbox 2239 560 2397 616; x_wconf 81' lang='lat' dir='ltr'><strong>factis</strong></span> <span class='ocrx_word' id='word_1_116' title='bbox 2447 563 2670 638; x_wconf 82' lang='lat' dir='ltr'><strong>quidem</strong></span> <span class='ocrx_word' id='word_1_117' title='bbox 2720 572 2896 632; x_wconf 88' lang='lat' dir='ltr'><strong>potest</strong></span> <span class='ocrx_word' id='word_1_118' title='bbox 2952 578 3150 634; x_wconf 81' lang='lat' dir='ltr'><strong>negare</strong></span> <span class='ocrx_word' id='word_1_119' title='bbox 3183 561 3379 627; x_wconf 86' lang='lat' dir='ltr'><strong>Deum,</strong></span> <span class='ocrx_word' id='word_1_120' title='bbox 3437 563 3625 618; x_wconf 77' lang='lat' dir='ltr'><strong>verbis</strong></span> 
     </span>
    </p>
   </div>
   <div class='ocr_carea' id='block_1_21' title="bbox 2049 652 2524 708">
    <p class='ocr_par' dir='ltr' id='par_1_21' title="bbox 2049 652 2524 708">
     <span class='ocr_line' id='line_1_21' title="bbox 2049 652 2524 708; baseline 0.004 -4"><span class='ocrx_word' id='word_1_121' title='bbox 2049 659 2230 706; x_wconf 88' lang='lat' dir='ltr'><strong>autem</strong></span> <span class='ocrx_word' id='word_1_122' title='bbox 2259 652 2524 708; x_wconf 85' lang='lat' dir='ltr'><strong>minime?</strong></span> 
     </span>
    </p>
   </div>
   <div class='ocr_carea' id='block_1_22' title="bbox 2609 857 3074 916">
    <p class='ocr_par' dir='ltr' id='par_1_22' title="bbox 2609 857 3074 916">
     <span class='ocr_line' id='line_1_22' title="bbox 2609 857 3074 916; baseline 0 -2"><span class='ocrx_word' id='word_1_123' title='bbox 2609 857 3074 916; x_wconf 69' lang='lat' dir='ltr'><strong>CONFUTATIO.</strong></span> 
     </span>
    </p>
   </div>
   <div class='ocr_carea' id='block_1_23' title="bbox 2125 971 3624 1045">
    <p class='ocr_par' dir='ltr' id='par_1_23' title="bbox 2125 971 3624 1045">
     <span class='ocr_line' id='line_1_23' title="bbox 2125 971 3624 1045; baseline 0.003 -19"><span class='ocrx_word' id='word_1_124' title='bbox 2125 971 2166 1026; x_wconf 84' lang='lat' dir='ltr'>E</span> <span class='ocrx_word' id='word_1_125' title='bbox 2202 973 2375 1027; x_wconf 85' lang='lat' dir='ltr'><strong>fallaci</strong></span> <span class='ocrx_word' id='word_1_126' title='bbox 2405 989 2562 1028; x_wconf 86' lang='lat' dir='ltr'><strong>orsus</strong></span> <span class='ocrx_word' id='word_1_127' title='bbox 2597 976 2867 1045; x_wconf 88' lang='lat' dir='ltr'><strong>principio</strong></span> <span class='ocrx_word' id='word_1_128' title='bbox 2889 1017 2904 1042; x_wconf 88' lang='lat'><strong>,</strong></span> <span class='ocrx_word' id='word_1_129' title='bbox 2951 975 3080 1030; x_wconf 90' lang='lat' dir='ltr'><strong>dum</strong></span> <span class='ocrx_word' id='word_1_130' title='bbox 3113 975 3624 1045; x_wconf 70' lang='lat' dir='ltr'><strong>progrederis.plus</strong></span> 
     </span>
    </p>
   </div>
   <div class='ocr_carea' id='block_1_24' title="bbox 2053 1067 3625 1140">
    <p class='ocr_par' dir='ltr' id='par_1_24' title="bbox 2053 1067 3625 1140">
     <span class='ocr_line' id='line_1_24' title="bbox 2053 1067 3625 1140; baseline 0.003 -20"><span class='ocrx_word' id='word_1_131' title='bbox 2053 1067 2298 1136; x_wconf 78' lang='lat' dir='ltr'><strong>plusque</strong></span> <span class='ocrx_word' id='word_1_132' title='bbox 2339 1083 2367 1120; x_wconf 89' lang='lat' dir='ltr'><strong>a</strong></span> <span class='ocrx_word' id='word_1_133' title='bbox 2422 1069 2652 1123; x_wconf 74' lang='lat' dir='ltr'><strong>veritate</strong></span> <span class='ocrx_word' id='word_1_134' title='bbox 2713 1069 2945 1124; x_wconf 86' lang='lat' dir='ltr'><strong>recedis.</strong></span> <span class='ocrx_word' id='word_1_135' title='bbox 2979 1069 3104 1124; x_wconf 85' lang='lat' dir='ltr'><strong>Tria</strong></span> <span class='ocrx_word' id='word_1_136' title='bbox 3157 1069 3244 1124; x_wconf 89' lang='lat' dir='ltr'><strong>hic</strong></span> <span class='ocrx_word' id='word_1_137' title='bbox 3283 1070 3625 1140; x_wconf 85' lang='lat' dir='ltr'><strong>sophismata</strong></span> 
     </span>
    </p>
   </div>
   <div class='ocr_carea' id='block_1_25' title="bbox 2053 1155 2336 1222">
    <p class='ocr_par' dir='ltr' id='par_1_25' title="bbox 2053 1155 2336 1222">
     <span class='ocr_line' id='line_1_25' title="bbox 2053 1155 2336 1222; baseline 0 -16"><span class='ocrx_word' id='word_1_138' title='bbox 2053 1155 2336 1222; x_wconf 82' lang='lat' dir='ltr'><strong>proponis.</strong></span> 
     </span>
    </p>
   </div>
   <div class='ocr_carea' id='block_1_26' title="bbox 2124 1246 3627 1324">
    <p class='ocr_par' dir='ltr' id='par_1_26' title="bbox 2124 1246 3627 1324">
     <span class='ocr_line' id='line_1_26' title="bbox 2124 1246 3627 1324; baseline 0.005 -24"><span class='ocrx_word' id='word_1_139' title='bbox 2124 1246 2404 1300; x_wconf 82' lang='lat' dir='ltr'><strong>Primum:</strong></span> <span class='ocrx_word' id='word_1_140' title='bbox 2449 1247 2664 1318; x_wconf 83' lang='lat' dir='ltr'><strong>Lapsus</strong></span> <span class='ocrx_word' id='word_1_141' title='bbox 2693 1259 2780 1305; x_wconf 92' lang='lat' dir='ltr'><strong>est</strong></span> <span class='ocrx_word' id='word_1_142' title='bbox 2817 1250 3032 1318; x_wconf 91' lang='lat' dir='ltr'><strong>Petrus,</strong></span> <span class='ocrx_word' id='word_1_143' title='bbox 3062 1269 3190 1323; x_wconf 80' lang='lat' dir='ltr'><strong>ergo</strong></span> <span class='ocrx_word' id='word_1_144' title='bbox 3217 1255 3326 1309; x_wconf 84' lang='lat' dir='ltr'><strong>labi</strong></span> <span class='ocrx_word' id='word_1_145' title='bbox 3363 1262 3539 1324; x_wconf 84' lang='lat' dir='ltr'><strong>potest</strong></span> <span class='ocrx_word' id='word_1_146' title='bbox 3571 1268 3627 1310; x_wconf 85' lang='lat' dir='ltr'><strong>et</strong></span> 
     </span>
    </p>
   </div>
   <div class='ocr_carea' id='block_1_27' title="bbox 2051 1355 2212 1408">
    <p class='ocr_par' dir='ltr' id='par_1_27' title="bbox 2051 1355 2212 1408">
     <span class='ocr_line' id='line_1_27' title="bbox 2051 1355 2212 1408; baseline 0.006 -17"><span class='ocrx_word' id='word_1_147' title='bbox 2051 1355 2212 1408; x_wconf 85' lang='lat' dir='ltr'><strong>papa.</strong></span> 
     </span>
    </p>
   </div>
   <div class='ocr_carea' id='block_1_28' title="bbox 2121 1417 3626 1507">
    <p class='ocr_par' dir='ltr' id='par_1_28' title="bbox 2121 1417 3626 1507">
     <span class='ocr_line' id='line_1_28' title="bbox 2121 1417 3626 1507; baseline 0.006 -23"><span class='ocrx_word' id='word_1_148' title='bbox 2121 1429 2434 1485; x_wconf 87' lang='lat' dir='ltr'><strong>Secundum</strong></span> <span class='ocrx_word' id='word_1_149' title='bbox 2467 1450 2479 1485; x_wconf 92' lang='lat'>:</span> <span class='ocrx_word' id='word_1_150' title='bbox 2512 1431 2614 1500; x_wconf 87' lang='lat' dir='ltr'><strong>Qui</strong></span> <span class='ocrx_word' id='word_1_151' title='bbox 2643 1417 2820 1502; x_wconf 64' lang='lat' dir='ltr'><strong>potest</strong></span> <span class='ocrx_word' id='word_1_152' title='bbox 2871 1435 3224 1490; x_wconf 69' lang='lat' dir='ltr'><strong>conscientiae</strong></span> <span class='ocrx_word' id='word_1_153' title='bbox 3288 1437 3438 1506; x_wconf 87' lang='lat' dir='ltr'><strong>lapsu</strong></span> <span class='ocrx_word' id='word_1_154' title='bbox 3495 1453 3626 1507; x_wconf 88' lang='lat' dir='ltr'><strong>pec-</strong></span> 
     </span>
    </p>
   </div>
   <div class='ocr_carea' id='block_1_29' title="bbox 2052 1523 3630 1596">
    <p class='ocr_par' dir='ltr' id='par_1_29' title="bbox 2052 1523 3630 1596">
     <span class='ocr_line' id='line_1_29' title="bbox 2052 1523 3630 1596; baseline 0.004 -19"><span class='ocrx_word' id='word_1_155' title='bbox 2052 1537 2197 1586; x_wconf 89' lang='lat' dir='ltr'><strong>care,</strong></span> <span class='ocrx_word' id='word_1_156' title='bbox 2225 1533 2403 1591; x_wconf 78' lang='lat' dir='ltr'><strong>potest</strong></span> <span class='ocrx_word' id='word_1_157' title='bbox 2431 1523 2592 1577; x_wconf 91' lang='lat' dir='ltr'><strong>etiam</strong></span> <span class='ocrx_word' id='word_1_158' title='bbox 2620 1525 2964 1596; x_wconf 80' lang='lat' dir='ltr'><strong>naufragium</strong></span> <span class='ocrx_word' id='word_1_159' title='bbox 3001 1527 3124 1581; x_wconf 87' lang='lat' dir='ltr'><strong>fidei</strong></span> <span class='ocrx_word' id='word_1_160' title='bbox 3151 1529 3328 1583; x_wconf 88' lang='lat' dir='ltr'><strong>facere</strong></span> <span class='ocrx_word' id='word_1_161' title='bbox 3348 1570 3362 1592; x_wconf 90' lang='lat'><strong>,</strong></span> <span class='ocrx_word' id='word_1_162' title='bbox 3429 1545 3630 1583; x_wconf 86' lang='lat' dir='ltr'><strong>secun-</strong></span> 
     </span>
    </p>
   </div>
   <div class='ocr_carea' id='block_1_30' title="bbox 2050 1612 3624 1685">
    <p class='ocr_par' dir='ltr' id='par_1_30' title="bbox 2050 1612 3624 1685">
     <span class='ocr_line' id='line_1_30' title="bbox 2050 1612 3624 1685; baseline 0.005 -19"><span class='ocrx_word' id='word_1_163' title='bbox 2050 1612 2180 1668; x_wconf 86' lang='lat' dir='ltr'><strong>dum</strong></span> <span class='ocrx_word' id='word_1_164' title='bbox 2209 1613 2360 1666; x_wconf 88' lang='lat' dir='ltr'><strong>Pauli</strong></span> <span class='ocrx_word' id='word_1_165' title='bbox 2387 1613 2612 1668; x_wconf 87' lang='lat' dir='ltr'><strong>dictum.</strong></span> <span class='ocrx_word' id='word_1_166' title='bbox 2648 1613 2754 1670; x_wconf 87' lang='lat' dir='ltr'><strong>Sed</strong></span> <span class='ocrx_word' id='word_1_167' title='bbox 2789 1631 2924 1685; x_wconf 87' lang='lat' dir='ltr'><strong>papa</strong></span> <span class='ocrx_word' id='word_1_168' title='bbox 2948 1658 2960 1678; x_wconf 92' lang='lat'><strong>,</strong></span> <span class='ocrx_word' id='word_1_169' title='bbox 3004 1633 3126 1671; x_wconf 91' lang='lat' dir='ltr'><strong>cum</strong></span> <span class='ocrx_word' id='word_1_170' title='bbox 3185 1619 3349 1673; x_wconf 71' lang='lat' dir='ltr'><strong>horno</strong></span> <span class='ocrx_word' id='word_1_171' title='bbox 3387 1620 3478 1684; x_wconf 91' lang='lat' dir='ltr'><strong>sit,</strong></span> <span class='ocrx_word' id='word_1_172' title='bbox 3513 1637 3624 1675; x_wconf 88' lang='lat' dir='ltr'><strong>non</strong></span> 
     </span>
    </p>
   </div>
   <div class='ocr_carea' id='block_1_31' title="bbox 369 1707 1947 1806">
    <p class='ocr_par' dir='ltr' id='par_1_31' title="bbox 369 1707 1946 1790">
     <span class='ocr_line' id='line_1_31' title="bbox 369 1707 1946 1790; baseline 0.003 -23"><span class='ocrx_word' id='word_1_173' title='bbox 369 1717 659 1784; x_wconf 83' lang='grc' dir='ltr'>ἄνθρωπος</span> <span class='ocrx_word' id='word_1_174' title='bbox 693 1713 766 1766; x_wconf 81' lang='grc' dir='ltr'>ὣν</span> <span class='ocrx_word' id='word_1_175' title='bbox 798 1715 858 1766; x_wconf 75' lang='grc' dir='ltr'><strong>οὐ</strong></span> <span class='ocrx_word' id='word_1_176' title='bbox 894 1715 1070 1782; x_wconf 70' lang='grc' dir='ltr'>πάντη</span> <span class='ocrx_word' id='word_1_177' title='bbox 1117 1707 1246 1784; x_wconf 55' lang='grc' dir='ltr'>περὶ</span> <span class='ocrx_word' id='word_1_178' title='bbox 1291 1715 1389 1786; x_wconf 81' lang='grc' dir='ltr'>τὴν</span> <span class='ocrx_word' id='word_1_179' title='bbox 1423 1717 1732 1786; x_wconf 81' lang='grc' dir='ltr'>συνείδησιν</span> <span class='ocrx_word' id='word_1_180' title='bbox 1763 1718 1946 1790; x_wconf 82' lang='grc' dir='ltr'>ὑγιὴς,</span> 
     </span>
    </p>
   </div>
   <div class='ocr_carea' id='block_1_32' title="bbox 2052 1707 3622 1806">
    <p class='ocr_par' dir='ltr' id='par_1_32' title="bbox 2052 1707 3622 1782">
     <span class='ocr_line' id='line_1_32' title="bbox 2052 1707 3622 1782; baseline 0.006 -23"><span class='ocrx_word' id='word_1_181' title='bbox 2052 1716 2136 1760; x_wconf 88' lang='lat' dir='ltr'><strong>est</strong></span> <span class='ocrx_word' id='word_1_182' title='bbox 2163 1721 2192 1759; x_wconf 91' lang='lat' dir='ltr'><strong>a</strong></span> <span class='ocrx_word' id='word_1_183' title='bbox 2223 1707 2575 1762; x_wconf 82' lang='lat' dir='ltr'><strong>conscientiae</strong></span> <span class='ocrx_word' id='word_1_184' title='bbox 2599 1709 2721 1762; x_wconf 91' lang='lat' dir='ltr'><strong>labe</strong></span> <span class='ocrx_word' id='word_1_185' title='bbox 2749 1711 3034 1777; x_wconf 89' lang='lat' dir='ltr'><strong>immunis,</strong></span> <span class='ocrx_word' id='word_1_186' title='bbox 3071 1727 3202 1782; x_wconf 80' lang='lat' dir='ltr'><strong>ergo</strong></span> <span class='ocrx_word' id='word_1_187' title='bbox 3231 1715 3430 1782; x_wconf 85' lang='lat' dir='ltr'><strong>poterit</strong></span> <span class='ocrx_word' id='word_1_188' title='bbox 3457 1715 3622 1768; x_wconf 89' lang='lat' dir='ltr'><strong>etiam</strong></span> 
     </span>
    </p>
   </div>
   <div class='ocr_carea' id='block_1_33' title="bbox 371 1807 1712 1878">
    <p class='ocr_par' dir='ltr' id='par_1_33' title="bbox 371 1807 1712 1878">
     <span class='ocr_line' id='line_1_33' title="bbox 371 1807 1712 1878; baseline 0.004 -21"><span class='ocrx_word' id='word_1_189' title='bbox 371 1807 480 1876; x_wconf 81' lang='grc' dir='ltr'>ἄρα</span> <span class='ocrx_word' id='word_1_190' title='bbox 513 1808 738 1859; x_wconf 80' lang='grc' dir='ltr'>δύναται</span> <span class='ocrx_word' id='word_1_191' title='bbox 774 1807 868 1858; x_wconf 80' lang='grc' dir='ltr'>καὶ</span> <span class='ocrx_word' id='word_1_192' title='bbox 897 1808 1026 1876; x_wconf 81' lang='grc' dir='ltr'>περὶ</span> <span class='ocrx_word' id='word_1_193' title='bbox 1049 1807 1147 1876; x_wconf 77' lang='grc' dir='ltr'>τὴν</span> <span class='ocrx_word' id='word_1_194' title='bbox 1183 1807 1366 1860; x_wconf 82' lang='grc' dir='ltr'>πίστιν</span> <span class='ocrx_word' id='word_1_195' title='bbox 1397 1808 1712 1878; x_wconf 72' lang='grc' dir='ltr'>ἀσθενῆσαι.</span> 
     </span>
    </p>
   </div>
   <div class='ocr_carea' id='block_1_34' title="bbox 444 1899 1949 1972">
    <p class='ocr_par' dir='ltr' id='par_1_34' title="bbox 444 1899 1949 1972">
     <span class='ocr_line' id='line_1_34' title="bbox 444 1899 1949 1972; baseline 0.004 -20"><span class='ocrx_word' id='word_1_196' title='bbox 444 1901 647 1969; x_wconf 85' lang='grc' dir='ltr'>Τρίτον</span> <span class='ocrx_word' id='word_1_197' title='bbox 673 1917 688 1928; x_wconf 91' lang='grc'><strong>·</strong></span> <span class='ocrx_word' id='word_1_198' title='bbox 725 1901 799 1952; x_wconf 81' lang='grc' dir='ltr'><strong>Τὸ</strong></span> <span class='ocrx_word' id='word_1_199' title='bbox 831 1902 958 1970; x_wconf 72' lang='grc' dir='ltr'>περὶ</span> <span class='ocrx_word' id='word_1_200' title='bbox 989 1901 1086 1970; x_wconf 78' lang='grc' dir='ltr'>τὴν</span> <span class='ocrx_word' id='word_1_201' title='bbox 1141 1901 1451 1972; x_wconf 80' lang='grc' dir='ltr'>συνείδησιν</span> <span class='ocrx_word' id='word_1_202' title='bbox 1485 1903 1822 1971; x_wconf 80' lang='grc' dir='ltr'>ἁμαρτάνειν</span> <span class='ocrx_word' id='word_1_203' title='bbox 1872 1899 1949 1958; x_wconf 77' lang='grc' dir='ltr'>εἴ·</span> 
     </span>
    </p>
   </div>
   <div class='ocr_carea' id='block_1_35' title="bbox 367 1993 1946 2067">
    <p class='ocr_par' dir='ltr' id='par_1_35' title="bbox 367 1993 1946 2067">
     <span class='ocr_line' id='line_1_35' title="bbox 367 1993 1946 2067; baseline 0.006 -23"><span class='ocrx_word' id='word_1_204' title='bbox 367 1994 462 2056; x_wconf 62' lang='grc' dir='ltr'><strong>δσς</strong></span> <span class='ocrx_word' id='word_1_205' title='bbox 495 1994 687 2056; x_wconf 75' lang='grc' dir='ltr'>ἀθεῖας</span> <span class='ocrx_word' id='word_1_206' title='bbox 717 1993 856 2057; x_wconf 64' lang='grc' dir='ltr'>ἐστὶ,</span> <span class='ocrx_word' id='word_1_207' title='bbox 895 1995 1034 2046; x_wconf 73' lang='grc' dir='ltr'>κατὰ</span> <span class='ocrx_word' id='word_1_208' title='bbox 1069 1995 1280 2047; x_wconf 82' lang='grc' dir='ltr'>Παῦλον</span> <span class='ocrx_word' id='word_1_209' title='bbox 1303 2011 1316 2025; x_wconf 91' lang='grc'><strong>·</strong></span> <span class='ocrx_word' id='word_1_210' title='bbox 1357 1995 1494 2048; x_wconf 79' lang='grc' dir='ltr'>ἀλλὰ</span> <span class='ocrx_word' id='word_1_211' title='bbox 1534 1997 1642 2065; x_wconf 81' lang='grc' dir='ltr'>μὴν</span> <span class='ocrx_word' id='word_1_212' title='bbox 1674 1997 1946 2067; x_wconf 82' lang='grc' dir='ltr'>ἐνδέχεται</span> 
     </span>
    </p>
   </div>
   <div class='ocr_carea' id='block_1_36' title="bbox 369 2087 1946 2160">
    <p class='ocr_par' dir='ltr' id='par_1_36' title="bbox 369 2087 1946 2160">
     <span class='ocr_line' id='line_1_36' title="bbox 369 2087 1946 2160; baseline 0.004 -23"><span class='ocrx_word' id='word_1_213' title='bbox 369 2087 466 2138; x_wconf 71' lang='grc' dir='ltr'>τὸν</span> <span class='ocrx_word' id='word_1_214' title='bbox 524 2087 712 2139; x_wconf 80' lang='grc' dir='ltr'>πὰπαν</span> <span class='ocrx_word' id='word_1_215' title='bbox 764 2088 908 2140; x_wconf 81' lang='grc' dir='ltr'><strong>κατά</strong></span> <span class='ocrx_word' id='word_1_216' title='bbox 961 2087 1062 2156; x_wconf 85' lang='grc' dir='ltr'><strong>τὴν</strong></span> <span class='ocrx_word' id='word_1_217' title='bbox 1115 2087 1424 2158; x_wconf 78' lang='grc' dir='ltr'>συνείδησιν</span> <span class='ocrx_word' id='word_1_218' title='bbox 1488 2091 1787 2159; x_wconf 83' lang='grc' dir='ltr'>ἁμαρτεῖν,</span> <span class='ocrx_word' id='word_1_219' title='bbox 1839 2091 1946 2160; x_wconf 80' lang='grc' dir='ltr'>ἄρα</span> 
     </span>
    </p>
   </div>
   <div class='ocr_carea' id='block_1_37' title="bbox 363 2177 1945 2252">
    <p class='ocr_par' dir='ltr' id='par_1_37' title="bbox 363 2177 1945 2252">
     <span class='ocr_line' id='line_1_37' title="bbox 363 2177 1945 2252; baseline 0.003 -22"><span class='ocrx_word' id='word_1_220' title='bbox 363 2177 560 2247; x_wconf 69' lang='grc' dir='ltr'>ἔργοις</span> <span class='ocrx_word' id='word_1_221' title='bbox 601 2178 789 2231; x_wconf 75' lang='grc' dir='ltr'>ἁθεῖαν</span> <span class='ocrx_word' id='word_1_222' title='bbox 835 2180 1032 2232; x_wconf 78' lang='grc' dir='ltr'>νοσεῖν.</span> <span class='ocrx_word' id='word_1_223' title='bbox 1060 2179 1122 2232; x_wconf 78' lang='lat' dir='ltr'><strong>Et</strong></span> <span class='ocrx_word' id='word_1_224' title='bbox 1169 2179 1224 2232; x_wconf 80' lang='grc' dir='ltr'>δὲ</span> <span class='ocrx_word' id='word_1_225' title='bbox 1270 2180 1455 2248; x_wconf 79' lang='grc' dir='ltr'><strong>ἔργοις</strong></span> <span class='ocrx_word' id='word_1_226' title='bbox 1502 2180 1729 2234; x_wconf 85' lang='grc' dir='ltr'>δύναται</span> <span class='ocrx_word' id='word_1_227' title='bbox 1763 2185 1945 2252; x_wconf 79' lang='grc' dir='ltr'>ἁρνεῖ·</span> 
     </span>
    </p>
   </div>
   <div class='ocr_carea' id='block_1_38' title="bbox 375 2269 1943 2340">
    <p class='ocr_par' dir='ltr' id='par_1_38' title="bbox 375 2269 1943 2340">
     <span class='ocr_line' id='line_1_38' title="bbox 375 2269 1943 2340; baseline 0.003 -17"><span class='ocrx_word' id='word_1_228' title='bbox 375 2269 502 2323; x_wconf 88' lang='grc' dir='ltr'>σθαι</span> <span class='ocrx_word' id='word_1_229' title='bbox 551 2270 646 2322; x_wconf 73' lang='grc' dir='ltr'><strong>τὸν</strong></span> <span class='ocrx_word' id='word_1_230' title='bbox 675 2269 826 2335; x_wconf 76' lang='grc' dir='ltr'>Θεὸν,</span> <span class='ocrx_word' id='word_1_231' title='bbox 853 2269 1081 2324; x_wconf 84' lang='grc' dir='ltr'>δύναται</span> <span class='ocrx_word' id='word_1_232' title='bbox 1124 2273 1219 2324; x_wconf 73' lang='grc' dir='ltr'><strong>καὶ</strong></span> <span class='ocrx_word' id='word_1_233' title='bbox 1247 2271 1426 2338; x_wconf 85' lang='grc' dir='ltr'><strong>λόγοις</strong></span> <span class='ocrx_word' id='word_1_234' title='bbox 1447 2287 1461 2302; x_wconf 89' lang='grc'><strong>·</strong></span> <span class='ocrx_word' id='word_1_235' title='bbox 1493 2271 1692 2340; x_wconf 80' lang='grc' dir='ltr'>ψεῦδος</span> <span class='ocrx_word' id='word_1_236' title='bbox 1735 2272 1943 2340; x_wconf 80' lang='grc' dir='ltr'>λοιπὸν,</span> 
     </span>
    </p>
   </div>
   <div class='ocr_carea' id='block_1_39' title="bbox 365 2362 1947 2436">
    <p class='ocr_par' dir='ltr' id='par_1_39' title="bbox 365 2362 1947 2436">
     <span class='ocr_line' id='line_1_39' title="bbox 365 2362 1947 2436; baseline 0.003 -21"><span class='ocrx_word' id='word_1_237' title='bbox 365 2364 448 2426; x_wconf 81' lang='grc' dir='ltr'><strong>ὡς</strong></span> <span class='ocrx_word' id='word_1_238' title='bbox 475 2362 740 2418; x_wconf 81' lang='grc' dir='ltr'>ἀδύνατον</span> <span class='ocrx_word' id='word_1_239' title='bbox 761 2364 852 2418; x_wconf 72' lang='grc' dir='ltr'>τὸν</span> <span class='ocrx_word' id='word_1_240' title='bbox 882 2363 1074 2422; x_wconf 81' lang='grc' dir='ltr'>πάπαν</span> <span class='ocrx_word' id='word_1_241' title='bbox 1101 2363 1212 2416; x_wconf 81' lang='grc' dir='ltr'>τῶν</span> <span class='ocrx_word' id='word_1_242' title='bbox 1244 2363 1422 2434; x_wconf 80' lang='grc' dir='ltr'>ὀρθῶν</span> <span class='ocrx_word' id='word_1_243' title='bbox 1454 2365 1712 2418; x_wconf 75' lang='grc' dir='ltr'>ἐκπεσεῖν</span> <span class='ocrx_word' id='word_1_244' title='bbox 1744 2365 1947 2436; x_wconf 76' lang='grc' dir='ltr'>δογμάο</span> 
     </span>
    </p>
   </div>
   <div class='ocr_carea' id='block_1_40' title="bbox 369 2443 882 2510">
    <p class='ocr_par' dir='ltr' id='par_1_40' title="bbox 369 2443 882 2510">
     <span class='ocr_line' id='line_1_40' title="bbox 369 2443 882 2510; baseline 0.008 -2"><span class='ocrx_word' id='word_1_245' title='bbox 369 2471 508 2510; x_wconf 78' lang='grc' dir='ltr'>των.</span> <span class='ocrx_word' id='word_1_246' title='bbox 857 2443 882 2472; x_wconf 66' lang='lat'><strong>‘</strong></span> 
     </span>
    </p>
   </div>
   <div class='ocr_carea' id='block_1_41' title="bbox 459 2548 1946 2622">
    <p class='ocr_par' dir='ltr' id='par_1_41' title="bbox 459 2548 1946 2622">
     <span class='ocr_line' id='line_1_41' title="bbox 459 2548 1946 2622; baseline 0.005 -22"><span class='ocrx_word' id='word_1_247' title='bbox 459 2549 704 2620; x_wconf 81' lang='grc' dir='ltr'>Ἀπαντᾷ</span> <span class='ocrx_word' id='word_1_248' title='bbox 744 2548 882 2620; x_wconf 76' lang='grc' dir='ltr'>πρὸς</span> <span class='ocrx_word' id='word_1_249' title='bbox 915 2548 1096 2605; x_wconf 86' lang='grc' dir='ltr'>ταῦτὰ</span> <span class='ocrx_word' id='word_1_250' title='bbox 1136 2565 1232 2602; x_wconf 79' lang='grc' dir='ltr'><strong>σου</strong></span> <span class='ocrx_word' id='word_1_251' title='bbox 1265 2548 1334 2603; x_wconf 79' lang='grc' dir='ltr'>τὰ</span> <span class='ocrx_word' id='word_1_252' title='bbox 1387 2551 1704 2620; x_wconf 78' lang='grc' dir='ltr'>σοφίσματα</span> <span class='ocrx_word' id='word_1_253' title='bbox 1749 2553 1946 2622; x_wconf 78' lang='grc' dir='ltr'>ἡὰγία</span> 
     </span>
    </p>
   </div>
   <div class='ocr_carea' id='block_1_42' title="bbox 370 2641 1946 2712">
    <p class='ocr_par' dir='ltr' id='par_1_42' title="bbox 370 2641 1946 2712">
     <span class='ocr_line' id='line_1_42' title="bbox 370 2641 1946 2712; baseline 0.003 -20"><span class='ocrx_word' id='word_1_254' title='bbox 370 2643 610 2712; x_wconf 72' lang='grc' dir='ltr'>τετάρτη</span> <span class='ocrx_word' id='word_1_255' title='bbox 641 2641 856 2705; x_wconf 78' lang='grc' dir='ltr'>σύνοδος</span> <span class='ocrx_word' id='word_1_256' title='bbox 883 2643 940 2694; x_wconf 81' lang='grc' dir='ltr'>ὲν</span> <span class='ocrx_word' id='word_1_257' title='bbox 965 2644 1032 2712; x_wconf 77' lang='grc' dir='ltr'>τῇ</span> <span class='ocrx_word' id='word_1_258' title='bbox 1066 2641 1203 2710; x_wconf 84' lang='grc' dir='ltr'>πρὸς</span> <span class='ocrx_word' id='word_1_259' title='bbox 1247 2642 1453 2695; x_wconf 85' lang='grc' dir='ltr'>Λέοντα</span> <span class='ocrx_word' id='word_1_260' title='bbox 1481 2643 1576 2696; x_wconf 81' lang='grc' dir='ltr'><strong>τὸν</strong></span> <span class='ocrx_word' id='word_1_261' title='bbox 1604 2644 1794 2696; x_wconf 84' lang='grc' dir='ltr'>πάπαν</span> <span class='ocrx_word' id='word_1_262' title='bbox 1827 2647 1946 2696; x_wconf 83' lang='grc' dir='ltr'>ἐπι-</span> 
     </span>
    </p>
   </div>
   <div class='ocr_carea' id='block_1_43' title="bbox 373 2730 1946 2806">
    <p class='ocr_par' dir='ltr' id='par_1_43' title="bbox 373 2730 1946 2806">
     <span class='ocr_line' id='line_1_43' title="bbox 373 2730 1946 2806; baseline 0.003 -20"><span class='ocrx_word' id='word_1_263' title='bbox 373 2734 578 2804; x_wconf 79' lang='grc' dir='ltr'>στολῇ·</span> <span class='ocrx_word' id='word_1_264' title='bbox 615 2734 751 2804; x_wconf 83' lang='grc' dir='ltr'>πρὸς</span> <span class='ocrx_word' id='word_1_265' title='bbox 793 2735 890 2803; x_wconf 79' lang='grc' dir='ltr'>μὲν</span> <span class='ocrx_word' id='word_1_266' title='bbox 917 2733 976 2786; x_wconf 74' lang='grc' dir='ltr'><strong>τὸ</strong></span> <span class='ocrx_word' id='word_1_267' title='bbox 1015 2734 1232 2804; x_wconf 86' lang='grc' dir='ltr'>πρῶτον</span> <span class='ocrx_word' id='word_1_268' title='bbox 1263 2735 1322 2786; x_wconf 75' lang='grc' dir='ltr'>ἐν</span> <span class='ocrx_word' id='word_1_269' title='bbox 1359 2730 1443 2798; x_wconf 74' lang='grc' dir='ltr'><strong>οἷς</strong></span> <span class='ocrx_word' id='word_1_270' title='bbox 1471 2735 1646 2806; x_wconf 81' lang='grc' dir='ltr'>λέγει,</span> <span class='ocrx_word' id='word_1_271' title='bbox 1667 2737 1756 2790; x_wconf 77' lang='grc' dir='ltr'><strong>ὅτι</strong></span> <span class='ocrx_word' id='word_1_272' title='bbox 1791 2737 1946 2791; x_wconf 83' lang='grc' dir='ltr'>Λέων</span> 
     </span>
    </p>
   </div>
   <div class='ocr_carea' id='block_1_44' title="bbox 372 2825 1947 2902">
    <p class='ocr_par' dir='ltr' id='par_1_44' title="bbox 372 2825 1947 2902">
     <span class='ocr_line' id='line_1_44' title="bbox 372 2825 1947 2902; baseline 0.006 -26"><span class='ocrx_word' id='word_1_273' title='bbox 372 2826 474 2896; x_wconf 77' lang='grc' dir='ltr'>τὴν</span> <span class='ocrx_word' id='word_1_274' title='bbox 536 2826 722 2878; x_wconf 83' lang='grc' dir='ltr'>πίστιν</span> <span class='ocrx_word' id='word_1_275' title='bbox 793 2825 984 2896; x_wconf 82' lang='grc' dir='ltr'>ὥσπερ</span> <span class='ocrx_word' id='word_1_276' title='bbox 1040 2829 1250 2897; x_wconf 84' lang='grc' dir='ltr'>χρυσῆν</span> <span class='ocrx_word' id='word_1_277' title='bbox 1305 2829 1496 2900; x_wconf 74' lang='grc' dir='ltr'>σειρὰν</span> <span class='ocrx_word' id='word_1_278' title='bbox 1565 2835 1947 2902; x_wconf 79' lang='grc' dir='ltr'>καταγομένην</span> 
     </span>
    </p>
   </div>
   <div class='ocr_carea' id='block_1_45' title="bbox 367 2917 1948 2995">
    <p class='ocr_par' dir='ltr' id='par_1_45' title="bbox 367 2917 1948 2995">
     <span class='ocr_line' id='line_1_45' title="bbox 367 2917 1948 2995; baseline 0.005 -25"><span class='ocrx_word' id='word_1_279' title='bbox 367 2917 684 2984; x_wconf 77' lang='grc' dir='ltr'>διεφύλαξε,</span> <span class='ocrx_word' id='word_1_280' title='bbox 732 2917 898 2971; x_wconf 76' lang='grc' dir='ltr'>πᾶσιν</span> <span class='ocrx_word' id='word_1_281' title='bbox 945 2919 1218 2990; x_wconf 79' lang='grc' dir='ltr'>ἑρμηνεὺς</span> <span class='ocrx_word' id='word_1_282' title='bbox 1273 2921 1562 2990; x_wconf 81' lang='grc' dir='ltr'>γενόμενος</span> <span class='ocrx_word' id='word_1_283' title='bbox 1616 2923 1714 2993; x_wconf 83' lang='grc' dir='ltr'>τῆς</span> <span class='ocrx_word' id='word_1_284' title='bbox 1763 2927 1948 2995; x_wconf 81' lang='grc' dir='ltr'><strong>φωνῆς</strong></span> 
     </span>
    </p>
   </div>
   <div class='ocr_carea' id='block_1_46' title="bbox 374 3009 1945 3085">
    <p class='ocr_par' dir='ltr' id='par_1_46' title="bbox 374 3009 1945 3085">
     <span class='ocr_line' id='line_1_46' title="bbox 374 3009 1945 3085; baseline 0.004 -24"><span class='ocrx_word' id='word_1_285' title='bbox 374 3009 470 3062; x_wconf 79' lang='grc' dir='ltr'><strong>τοῦ</strong></span> <span class='ocrx_word' id='word_1_286' title='bbox 503 3011 778 3080; x_wconf 78' lang='grc' dir='ltr'>μακαρίου</span> <span class='ocrx_word' id='word_1_287' title='bbox 811 3009 1018 3078; x_wconf 81' lang='grc' dir='ltr'>Πέτρου</span> <span class='ocrx_word' id='word_1_288' title='bbox 1042 3051 1058 3076; x_wconf 91' lang='grc'><strong>,</strong></span> <span class='ocrx_word' id='word_1_289' title='bbox 1085 3011 1179 3063; x_wconf 74' lang='grc' dir='ltr'><strong>καὶ</strong></span> <span class='ocrx_word' id='word_1_290' title='bbox 1222 3010 1305 3064; x_wconf 84' lang='grc' dir='ltr'>ὅτι</span> <span class='ocrx_word' id='word_1_291' title='bbox 1340 3011 1532 3066; x_wconf 89' lang='grc' dir='ltr'>τοῦτον</span> <span class='ocrx_word' id='word_1_292' title='bbox 1562 3013 1660 3085; x_wconf 76' lang='grc' dir='ltr'>τῆς</span> <span class='ocrx_word' id='word_1_293' title='bbox 1707 3016 1945 3079; x_wconf 83' lang='grc' dir='ltr'>πίστεως</span> 
     </span>
    </p>
   </div>
   <div class='ocr_carea' id='block_1_47' title="bbox 2053 1785 2759 1869">
    <p class='ocr_par' dir='ltr' id='par_1_47' title="bbox 2053 1785 2759 1869">
     <span class='ocr_line' id='line_1_47' title="bbox 2053 1785 2759 1869; baseline 0.006 -19"><span class='ocrx_word' id='word_1_294' title='bbox 2053 1793 2231 1851; x_wconf 76' lang='lat' dir='ltr'><strong>facere</strong></span> <span class='ocrx_word' id='word_1_295' title='bbox 2265 1797 2604 1869; x_wconf 79' lang='lat' dir='ltr'><strong>naufragium</strong></span> <span class='ocrx_word' id='word_1_296' title='bbox 2635 1785 2759 1854; x_wconf 86' lang='lat' dir='ltr'><strong>fidei</strong></span> 
     </span>
    </p>
   </div>
   <div class='ocr_carea' id='block_1_48' title="bbox 2125 1888 3626 1966">
    <p class='ocr_par' dir='ltr' id='par_1_48' title="bbox 2125 1888 3626 1966">
     <span class='ocr_line' id='line_1_48' title="bbox 2125 1888 3626 1966; baseline 0.005 -24"><span class='ocrx_word' id='word_1_297' title='bbox 2125 1888 2394 1954; x_wconf 88' lang='lat' dir='ltr'><strong>Tertium,</strong></span> <span class='ocrx_word' id='word_1_298' title='bbox 2429 1891 2784 1946; x_wconf 72' lang='lat' dir='ltr'><strong>conscientia:</strong></span> <span class='ocrx_word' id='word_1_299' title='bbox 2815 1893 2968 1962; x_wconf 89' lang='lat' dir='ltr'><strong>lapsu</strong></span> <span class='ocrx_word' id='word_1_300' title='bbox 3015 1909 3265 1963; x_wconf 83' lang='lat' dir='ltr'><strong>peccare,</strong></span> <span class='ocrx_word' id='word_1_301' title='bbox 3298 1913 3468 1966; x_wconf 78' lang='lat' dir='ltr'><strong>genus</strong></span> <span class='ocrx_word' id='word_1_302' title='bbox 3503 1897 3626 1951; x_wconf 60' lang='lat' dir='ltr'><strong>inii.</strong></span> 
     </span>
    </p>
   </div>
   <div class='ocr_carea' id='block_1_49' title="bbox 2054 1983 3624 2060">
    <p class='ocr_par' dir='ltr' id='par_1_49' title="bbox 2054 1983 3624 2060">
     <span class='ocr_line' id='line_1_49' title="bbox 2054 1983 3624 2060; baseline 0.005 -22"><span class='ocrx_word' id='word_1_303' title='bbox 2054 1983 2296 2040; x_wconf 88' lang='lat' dir='ltr'><strong>delitatis</strong></span> <span class='ocrx_word' id='word_1_304' title='bbox 2317 1986 2570 2056; x_wconf 85' lang='lat' dir='ltr'><strong>estjuxta</strong></span> <span class='ocrx_word' id='word_1_305' title='bbox 2595 1987 2820 2041; x_wconf 85' lang='lat' dir='ltr'><strong>Paulum</strong></span> <span class='ocrx_word' id='word_1_306' title='bbox 2847 2005 2860 2052; x_wconf 92' lang='lat'><strong>;</strong></span> <span class='ocrx_word' id='word_1_307' title='bbox 2883 1997 2936 2041; x_wconf 89' lang='lat' dir='ltr'><strong>at</strong></span> <span class='ocrx_word' id='word_1_308' title='bbox 2959 2005 3092 2058; x_wconf 78' lang='lat' dir='ltr'><strong>papa</strong></span> <span class='ocrx_word' id='word_1_309' title='bbox 3123 1998 3301 2060; x_wconf 90' lang='lat' dir='ltr'><strong>potest</strong></span> <span class='ocrx_word' id='word_1_310' title='bbox 3331 1992 3624 2046; x_wconf 81' lang='lat' dir='ltr'><strong>conscien-</strong></span> 
     </span>
    </p>
   </div>
   <div class='ocr_carea' id='block_1_50' title="bbox 2057 2075 3625 2150">
    <p class='ocr_par' dir='ltr' id='par_1_50' title="bbox 2057 2075 3625 2150">
     <span class='ocr_line' id='line_1_50' title="bbox 2057 2075 3625 2150; baseline 0.006 -22"><span class='ocrx_word' id='word_1_311' title='bbox 2057 2075 2145 2128; x_wconf 73' lang='lat' dir='ltr'><strong>tia:</strong></span> <span class='ocrx_word' id='word_1_312' title='bbox 2174 2076 2330 2144; x_wconf 89' lang='lat' dir='ltr'><strong>lapsu</strong></span> <span class='ocrx_word' id='word_1_313' title='bbox 2372 2093 2624 2147; x_wconf 86' lang='lat' dir='ltr'><strong>peccare,</strong></span> <span class='ocrx_word' id='word_1_314' title='bbox 2650 2095 2782 2150; x_wconf 82' lang='lat' dir='ltr'><strong>ergo</strong></span> <span class='ocrx_word' id='word_1_315' title='bbox 2823 2089 2878 2134; x_wconf 88' lang='lat' dir='ltr'><strong>et</strong></span> <span class='ocrx_word' id='word_1_316' title='bbox 2913 2081 3164 2136; x_wconf 84' lang='lat' dir='ltr'><strong>laborare</strong></span> <span class='ocrx_word' id='word_1_317' title='bbox 3197 2083 3302 2137; x_wconf 88' lang='lat' dir='ltr'><strong>hoc</strong></span> <span class='ocrx_word' id='word_1_318' title='bbox 3327 2083 3625 2138; x_wconf 83' lang='lat' dir='ltr'><strong>inﬁdelita-</strong></span> 
     </span>
    </p>
   </div>
   <div class='ocr_carea' id='block_1_51' title="bbox 2052 2165 3636 2246">
    <p class='ocr_par' dir='ltr' id='par_1_51' title="bbox 2052 2165 3636 2246">
     <span class='ocr_line' id='line_1_51' title="bbox 2052 2165 3636 2246; baseline 0.007 -26"><span class='ocrx_word' id='word_1_319' title='bbox 2052 2165 2123 2220; x_wconf 86' lang='lat' dir='ltr'><strong>tis</strong></span> <span class='ocrx_word' id='word_1_320' title='bbox 2153 2183 2375 2236; x_wconf 79' lang='lat' dir='ltr'><strong>genere,</strong></span> <span class='ocrx_word' id='word_1_321' title='bbox 2415 2169 2672 2223; x_wconf 85' lang='lat' dir='ltr'><strong>nimirum</strong></span> <span class='ocrx_word' id='word_1_322' title='bbox 2711 2186 2808 2238; x_wconf 87' lang='lat' dir='ltr'><strong>per</strong></span> <span class='ocrx_word' id='word_1_323' title='bbox 2855 2187 3022 2240; x_wconf 73' lang='lat' dir='ltr'><strong>prava</strong></span> <span class='ocrx_word' id='word_1_324' title='bbox 3062 2189 3250 2242; x_wconf 81' lang='lat' dir='ltr'><strong>opera.</strong></span> <span class='ocrx_word' id='word_1_325' title='bbox 3307 2175 3411 2229; x_wconf 89' lang='lat' dir='ltr'><strong>Sed</strong></span> <span class='ocrx_word' id='word_1_326' title='bbox 3442 2177 3486 2229; x_wconf 89' lang='lat' dir='ltr'><strong>si</strong></span> <span class='ocrx_word' id='word_1_327' title='bbox 3523 2193 3636 2246; x_wconf 86' lang='lat' dir='ltr'><strong>po-.</strong></span> 
     </span>
    </p>
   </div>
   <div class='ocr_carea' id='block_1_52' title="bbox 2053 2245 3622 2336">
    <p class='ocr_par' dir='ltr' id='par_1_52' title="bbox 2053 2245 3622 2336">
     <span class='ocr_line' id='line_1_52' title="bbox 2053 2245 3622 2336; baseline 0.004 -22"><span class='ocrx_word' id='word_1_328' title='bbox 2053 2267 2163 2314; x_wconf 86' lang='lat' dir='ltr'><strong>test</strong></span> <span class='ocrx_word' id='word_1_329' title='bbox 2209 2260 2474 2329; x_wconf 86' lang='lat' dir='ltr'><strong>operibus</strong></span> <span class='ocrx_word' id='word_1_330' title='bbox 2531 2278 2732 2332; x_wconf 74' lang='lat' dir='ltr'><strong>negare</strong></span> <span class='ocrx_word' id='word_1_331' title='bbox 2797 2263 2991 2331; x_wconf 88' lang='lat' dir='ltr'><strong>Deum,</strong></span> <span class='ocrx_word' id='word_1_332' title='bbox 3049 2245 3341 2336; x_wconf 46' lang='lat' dir='ltr'><strong>poterit‘et</strong></span> <span class='ocrx_word' id='word_1_333' title='bbox 3395 2245 3622 2324; x_wconf 84' lang='lat' dir='ltr'><strong>verbis:</strong></span> 
     </span>
    </p>
   </div>
   <div class='ocr_carea' id='block_1_53' title="bbox 2051 2354 3621 2432">
    <p class='ocr_par' dir='ltr' id='par_1_53' title="bbox 2051 2354 3621 2432">
     <span class='ocr_line' id='line_1_53' title="bbox 2051 2354 3621 2432; baseline 0.006 -24"><span class='ocrx_word' id='word_1_334' title='bbox 2051 2354 2252 2410; x_wconf 86' lang='lat' dir='ltr'><strong>falsum</strong></span> <span class='ocrx_word' id='word_1_335' title='bbox 2283 2355 2451 2428; x_wconf 81' lang='lat' dir='ltr'><strong>igitur</strong></span> <span class='ocrx_word' id='word_1_336' title='bbox 2477 2370 2580 2426; x_wconf 75' lang='grc' dir='ltr'>εει,</span> <span class='ocrx_word' id='word_1_337' title='bbox 2614 2359 2729 2415; x_wconf 85' lang='lat' dir='ltr'><strong>fieri</strong></span> <span class='ocrx_word' id='word_1_338' title='bbox 2758 2377 2868 2416; x_wconf 83' lang='lat' dir='ltr'><strong>non</strong></span> <span class='ocrx_word' id='word_1_339' title='bbox 2902 2377 3064 2432; x_wconf 80' lang='lat' dir='ltr'><strong>posse</strong></span> <span class='ocrx_word' id='word_1_340' title='bbox 3115 2371 3174 2416; x_wconf 92' lang='lat' dir='ltr'><strong>ut</strong></span> <span class='ocrx_word' id='word_1_341' title='bbox 3210 2378 3348 2432; x_wconf 83' lang='lat' dir='ltr'><strong>papa</strong></span> <span class='ocrx_word' id='word_1_342' title='bbox 3377 2371 3532 2419; x_wconf 88' lang='lat' dir='ltr'><strong>erret</strong></span> <span class='ocrx_word' id='word_1_343' title='bbox 3565 2365 3621 2418; x_wconf 86' lang='lat' dir='ltr'><strong>in</strong></span> 
     </span>
    </p>
   </div>
   <div class='ocr_carea' id='block_1_54' title="bbox 2053 2445 2178 2534">
    <p class='ocr_par' dir='ltr' id='par_1_54' title="bbox 2053 2445 2178 2534">
     <span class='ocr_line' id='line_1_54' title="bbox 2053 2445 2178 2534; baseline 0 -32"><span class='ocrx_word' id='word_1_344' title='bbox 2053 2445 2178 2534; x_wconf 60' lang='lat' dir='ltr'><strong>gae.</strong></span> 
     </span>
    </p>
   </div>
   <div class='ocr_carea' id='block_1_55' title="bbox 2123 2542 3618 2619">
    <p class='ocr_par' dir='ltr' id='par_1_55' title="bbox 2123 2542 3618 2619">
     <span class='ocr_line' id='line_1_55' title="bbox 2123 2542 3618 2619; baseline 0.006 -24"><span class='ocrx_word' id='word_1_345' title='bbox 2123 2542 2204 2596; x_wconf 83' lang='lat' dir='ltr'><strong>Ad</strong></span> <span class='ocrx_word' id='word_1_346' title='bbox 2247 2543 2365 2598; x_wconf 59' lang='lat' dir='ltr'><strong>haec</strong></span> <span class='ocrx_word' id='word_1_347' title='bbox 2389 2545 2683 2613; x_wconf 80' lang='lat' dir='ltr'><strong>respondet</strong></span> <span class='ocrx_word' id='word_1_348' title='bbox 2739 2555 2924 2602; x_wconf 86' lang='lat' dir='ltr'><strong>sancta</strong></span> <span class='ocrx_word' id='word_1_349' title='bbox 2991 2547 3235 2619; x_wconf 71' lang='lat' dir='ltr'><strong>synodus</strong></span> <span class='ocrx_word' id='word_1_350' title='bbox 3295 2558 3492 2619; x_wconf 86' lang='lat' dir='ltr'><strong>quarta</strong></span> <span class='ocrx_word' id='word_1_351' title='bbox 3559 2549 3618 2604; x_wconf 87' lang='lat' dir='ltr'><strong>in</strong></span> 
     </span>
    </p>
   </div>
   <div class='ocr_carea' id='block_1_56' title="bbox 2051 2634 3620 2707">
    <p class='ocr_par' dir='ltr' id='par_1_56' title="bbox 2051 2634 3620 2707">
     <span class='ocr_line' id='line_1_56' title="bbox 2051 2634 3620 2707; baseline 0.004 -18"><span class='ocrx_word' id='word_1_352' title='bbox 2051 2635 2286 2704; x_wconf 87' lang='lat' dir='ltr'><strong>epistola</strong></span> <span class='ocrx_word' id='word_1_353' title='bbox 2315 2634 2382 2687; x_wconf 85' lang='lat' dir='ltr'><strong>ad</strong></span> <span class='ocrx_word' id='word_1_354' title='bbox 2415 2635 2652 2690; x_wconf 83' lang='lat' dir='ltr'><strong>Leonem</strong></span> <span class='ocrx_word' id='word_1_355' title='bbox 2687 2651 2905 2706; x_wconf 82' lang='lat' dir='ltr'><strong>papam.</strong></span> <span class='ocrx_word' id='word_1_356' title='bbox 2936 2639 3016 2692; x_wconf 76' lang='lat' dir='ltr'><strong>Ad</strong></span> <span class='ocrx_word' id='word_1_357' title='bbox 3052 2640 3311 2707; x_wconf 84' lang='lat' dir='ltr'><strong>primum,</strong></span> <span class='ocrx_word' id='word_1_358' title='bbox 3339 2643 3466 2693; x_wconf 88' lang='lat' dir='ltr'><strong>dum</strong></span> <span class='ocrx_word' id='word_1_359' title='bbox 3497 2640 3576 2694; x_wconf 85' lang='lat' dir='ltr'><strong>ait</strong></span> <span class='ocrx_word' id='word_1_360' title='bbox 3605 2661 3620 2695; x_wconf 92' lang='lat'><strong>:</strong></span> 
     </span>
    </p>
   </div>
   <div class='ocr_carea' id='block_1_57' title="bbox 2053 2725 3620 2792">
    <p class='ocr_par' dir='ltr' id='par_1_57' title="bbox 2053 2725 3620 2792">
     <span class='ocr_line' id='line_1_57' title="bbox 2053 2725 3620 2792; baseline 0.003 -12"><span class='ocrx_word' id='word_1_361' title='bbox 2053 2725 2208 2792; x_wconf 85' lang='lat' dir='ltr'><strong>Quod</strong></span> <span class='ocrx_word' id='word_1_362' title='bbox 2237 2727 2350 2782; x_wconf 89' lang='lat' dir='ltr'><strong>Leo</strong></span> <span class='ocrx_word' id='word_1_363' title='bbox 2382 2727 2541 2782; x_wconf 82' lang='lat' dir='ltr'><strong>fidem</strong></span> <span class='ocrx_word' id='word_1_364' title='bbox 2578 2729 2868 2784; x_wconf 87' lang='lat' dir='ltr'><strong>deductam</strong></span> <span class='ocrx_word' id='word_1_365' title='bbox 2899 2731 3068 2784; x_wconf 81' lang='lat' dir='ltr'><strong>veluti</strong></span> <span class='ocrx_word' id='word_1_366' title='bbox 3109 2745 3329 2785; x_wconf 83' lang='lat' dir='ltr'><strong>auream</strong></span> <span class='ocrx_word' id='word_1_367' title='bbox 3369 2743 3620 2786; x_wconf 83' lang='lat' dir='ltr'><strong>catenam</strong></span> 
     </span>
    </p>
   </div>
   <div class='ocr_carea' id='block_1_58' title="bbox 2047 2819 3621 2892">
    <p class='ocr_par' dir='ltr' id='par_1_58' title="bbox 2047 2819 3621 2892">
     <span class='ocr_line' id='line_1_58' title="bbox 2047 2819 3621 2892; baseline 0.004 -20"><span class='ocrx_word' id='word_1_368' title='bbox 2047 2819 2314 2885; x_wconf 76' lang='lat' dir='ltr'><strong>servavit,</strong></span> <span class='ocrx_word' id='word_1_369' title='bbox 2346 2821 2680 2876; x_wconf 90' lang='lat' dir='ltr'><strong>constitutus</strong></span> <span class='ocrx_word' id='word_1_370' title='bbox 2705 2821 2962 2877; x_wconf 88' lang='lat' dir='ltr'><strong>omnibus</strong></span> <span class='ocrx_word' id='word_1_371' title='bbox 2989 2821 3264 2892; x_wconf 87' lang='lat' dir='ltr'><strong>interpres</strong></span> <span class='ocrx_word' id='word_1_372' title='bbox 3295 2825 3446 2878; x_wconf 86' lang='lat' dir='ltr'><strong>vocis</strong></span> <span class='ocrx_word' id='word_1_373' title='bbox 3477 2825 3621 2879; x_wconf 79' lang='lat' dir='ltr'><strong>beati</strong></span> 
     </span>
    </p>
   </div>
   <div class='ocr_carea' id='block_1_59' title="bbox 2049 2906 3624 2989">
    <p class='ocr_par' dir='ltr' id='par_1_59' title="bbox 2049 2906 3624 2989">
     <span class='ocr_line' id='line_1_59' title="bbox 2049 2906 3624 2989; baseline 0.005 -23"><span class='ocrx_word' id='word_1_374' title='bbox 2049 2906 2240 2978; x_wconf 75' lang='lat' dir='ltr'><strong>Petri;</strong></span> <span class='ocrx_word' id='word_1_375' title='bbox 2289 2912 2546 2982; x_wconf 84' lang='lat' dir='ltr'><strong>quodque</strong></span> <span class='ocrx_word' id='word_1_376' title='bbox 2593 2914 2734 2968; x_wconf 88' lang='lat' dir='ltr'><strong>hanc</strong></span> <span class='ocrx_word' id='word_1_377' title='bbox 2780 2915 2903 2970; x_wconf 84' lang='lat' dir='ltr'><strong>fidei</strong></span> <span class='ocrx_word' id='word_1_378' title='bbox 2951 2915 3321 2971; x_wconf 71' lang='lat' dir='ltr'><strong>hrcreditatem</strong></span> <span class='ocrx_word' id='word_1_379' title='bbox 3381 2919 3624 2989; x_wconf 78' lang='lat' dir='ltr'><strong>synodus</strong></span> 
     </span>
    </p>
   </div>
   <div class='ocr_carea' id='block_1_60' title="bbox 2055 3004 3623 3072">
    <p class='ocr_par' dir='ltr' id='par_1_60' title="bbox 2055 3004 3623 3072">
     <span class='ocr_line' id='line_1_60' title="bbox 2055 3004 3623 3072; baseline 0.007 -17"><span class='ocrx_word' id='word_1_380' title='bbox 2055 3004 2286 3057; x_wconf 88' lang='lat' dir='ltr'><strong>ostendit</strong></span> <span class='ocrx_word' id='word_1_381' title='bbox 2331 3004 2590 3061; x_wconf 81' lang='lat' dir='ltr'><strong>Ecclesiae</strong></span> <span class='ocrx_word' id='word_1_382' title='bbox 2635 3006 2780 3072; x_wconf 84' lang='lat' dir='ltr'><strong>ﬁliis,</strong></span> <span class='ocrx_word' id='word_1_383' title='bbox 2819 3022 2915 3062; x_wconf 84' lang='lat' dir='ltr'><strong>usa</strong></span> <span class='ocrx_word' id='word_1_384' title='bbox 2961 3008 3091 3062; x_wconf 91' lang='lat' dir='ltr'><strong>boni</strong></span> <span class='ocrx_word' id='word_1_385' title='bbox 3128 3009 3265 3063; x_wconf 90' lang='lat' dir='ltr'><strong>duce</strong></span> <span class='ocrx_word' id='word_1_386' title='bbox 3303 3019 3358 3064; x_wconf 85' lang='lat' dir='ltr'><strong>et</strong></span> <span class='ocrx_word' id='word_1_387' title='bbox 3395 3019 3623 3067; x_wconf 80' lang='lat' dir='ltr'><strong>auctore</strong></span> 
     </span>
    </p>
   </div>
   <div class='ocr_carea' id='block_1_61' title="bbox 375 3091 1947 3176">
    <p class='ocr_par' dir='ltr' id='par_1_61' title="bbox 375 3103 1947 3176">
     <span class='ocr_line' id='line_1_61' title="bbox 375 3103 1947 3176; baseline 0.004 -22"><span class='ocrx_word' id='word_1_388' title='bbox 375 3103 468 3156; x_wconf 60' lang='grc' dir='ltr'>τὶν</span> <span class='ocrx_word' id='word_1_389' title='bbox 503 3105 704 3174; x_wconf 79' lang='grc' dir='ltr'>κλῆρον</span> <span class='ocrx_word' id='word_1_390' title='bbox 741 3103 939 3170; x_wconf 75' lang='grc' dir='ltr'>ἔδειξεν</span> <span class='ocrx_word' id='word_1_391' title='bbox 968 3105 1002 3171; x_wconf 77' lang='grc' dir='ltr'><strong>ὴ</strong></span> <span class='ocrx_word' id='word_1_392' title='bbox 1048 3104 1264 3166; x_wconf 75' lang='grc' dir='ltr'>σύνοδος</span> <span class='ocrx_word' id='word_1_393' title='bbox 1298 3107 1410 3166; x_wconf 86' lang='grc' dir='ltr'>τοῖς</span> <span class='ocrx_word' id='word_1_394' title='bbox 1451 3106 1661 3167; x_wconf 78' lang='grc' dir='ltr'>τέκνοις</span> <span class='ocrx_word' id='word_1_395' title='bbox 1701 3107 1800 3176; x_wconf 82' lang='grc' dir='ltr'>τῆς</span> <span class='ocrx_word' id='word_1_396' title='bbox 1829 3107 1947 3161; x_wconf 86' lang='grc' dir='ltr'>Ἐκ-</span> 
     </span>
    </p>
   </div>
   <div class='ocr_carea' id='block_1_62' title="bbox 2052 3091 3619 3176">
    <p class='ocr_par' dir='ltr' id='par_1_62' title="bbox 2055 3091 3619 3162">
     <span class='ocr_line' id='line_1_62' title="bbox 2055 3091 3619 3162; baseline 0.008 -19"><span class='ocrx_word' id='word_1_397' title='bbox 2055 3105 2217 3161; x_wconf 86' lang='lat' dir='ltr'><strong>papa.</strong></span> <span class='ocrx_word' id='word_1_398' title='bbox 2255 3091 2464 3160; x_wconf 79' lang='lat' dir='ltr'><strong>Lapsus</strong></span> <span class='ocrx_word' id='word_1_399' title='bbox 2513 3095 2736 3162; x_wconf 84' lang='lat' dir='ltr'><strong>quidem</strong></span> <span class='ocrx_word' id='word_1_400' title='bbox 2787 3105 2871 3150; x_wconf 91' lang='lat' dir='ltr'><strong>est</strong></span> <span class='ocrx_word' id='word_1_401' title='bbox 2902 3097 3117 3161; x_wconf 78' lang='lat' dir='ltr'><strong>Petrus,</strong></span> <span class='ocrx_word' id='word_1_402' title='bbox 3153 3098 3407 3154; x_wconf 75' lang='lat' dir='ltr'><strong>Christus</strong></span> <span class='ocrx_word' id='word_1_403' title='bbox 3439 3111 3619 3157; x_wconf 75' lang='lat' dir='ltr'><strong>tamen</strong></span> 
     </span>
    </p>
   </div>
   <div class='ocr_carea' id='block_1_63' title="bbox 377 3193 1950 3271">
    <p class='ocr_par' dir='ltr' id='par_1_63' title="bbox 377 3193 1950 3271">
     <span class='ocr_line' id='line_1_63' title="bbox 377 3193 1950 3271; baseline 0.003 -25"><span class='ocrx_word' id='word_1_404' title='bbox 377 3195 609 3266; x_wconf 62' lang='grc' dir='ltr'>κλησίας</span> <span class='ocrx_word' id='word_1_405' title='bbox 656 3195 886 3266; x_wconf 80' lang='grc' dir='ltr'>ἀρχηγῷ</span> <span class='ocrx_word' id='word_1_406' title='bbox 920 3194 1016 3248; x_wconf 89' lang='grc' dir='ltr'><strong>τοῦ</strong></span> <span class='ocrx_word' id='word_1_407' title='bbox 1063 3193 1232 3248; x_wconf 82' lang='grc' dir='ltr'>καλοῦ</span> <span class='ocrx_word' id='word_1_408' title='bbox 1281 3198 1613 3267; x_wconf 81' lang='grc' dir='ltr'>χρησαμένη</span> <span class='ocrx_word' id='word_1_409' title='bbox 1643 3197 1720 3267; x_wconf 84' lang='grc' dir='ltr'>τῷ</span> <span class='ocrx_word' id='word_1_410' title='bbox 1761 3199 1950 3271; x_wconf 79' lang='grc' dir='ltr'><strong>πάπᾳ·</strong></span> 
     </span>
    </p>
   </div>
   <div class='ocr_carea' id='block_1_64' title="bbox 373 3287 1949 3360">
    <p class='ocr_par' dir='ltr' id='par_1_64' title="bbox 373 3287 1949 3360">
     <span class='ocr_line' id='line_1_64' title="bbox 373 3287 1949 3360; baseline 0.001 -19"><span class='ocrx_word' id='word_1_411' title='bbox 373 3289 668 3341; x_wconf 74' lang='grc' dir='ltr'>πέπτωκεν</span> <span class='ocrx_word' id='word_1_412' title='bbox 713 3291 744 3340; x_wconf 82' lang='grc' dir='ltr'>ὁ</span> <span class='ocrx_word' id='word_1_413' title='bbox 791 3289 1018 3356; x_wconf 77' lang='grc' dir='ltr'>Πέτρος,</span> <span class='ocrx_word' id='word_1_414' title='bbox 1049 3287 1189 3338; x_wconf 87' lang='grc' dir='ltr'>ἀλλὰ</span> <span class='ocrx_word' id='word_1_415' title='bbox 1239 3288 1376 3356; x_wconf 75' lang='grc' dir='ltr'>πρὸς</span> <span class='ocrx_word' id='word_1_416' title='bbox 1426 3288 1587 3341; x_wconf 77' lang='grc' dir='ltr'>αὐτὸν</span> <span class='ocrx_word' id='word_1_417' title='bbox 1615 3290 1642 3340; x_wconf 86' lang='grc' dir='ltr'><strong><em>ὁ</em></strong></span> <span class='ocrx_word' id='word_1_418' title='bbox 1676 3290 1911 3360; x_wconf 82' lang='grc' dir='ltr'>Χριστός</span> <span class='ocrx_word' id='word_1_419' title='bbox 1935 3307 1949 3321; x_wconf 92' lang='grc'><strong>·</strong></span> 
     </span>
    </p>
   </div>
   <div class='ocr_carea' id='block_1_65' title="bbox 377 3378 1952 3448">
    <p class='ocr_par' dir='ltr' id='par_1_65' title="bbox 377 3378 1952 3448">
     <span class='ocr_line' id='line_1_65' title="bbox 377 3378 1952 3448; baseline 0.001 -15"><span class='ocrx_word' id='word_1_420' title='bbox 377 3381 485 3433; x_wconf 72' lang='grc' dir='ltr'><strong>Καὶ</strong></span> <span class='ocrx_word' id='word_1_421' title='bbox 521 3380 602 3433; x_wconf 80' lang='grc' dir='ltr'>σύ</span> <span class='ocrx_word' id='word_1_422' title='bbox 645 3393 792 3432; x_wconf 79' lang='grc' dir='ltr'>ποτε</span> <span class='ocrx_word' id='word_1_423' title='bbox 832 3379 1208 3447; x_wconf 67' lang='grc' dir='ltr'>ἐπιστρέψας</span> <span class='ocrx_word' id='word_1_424' title='bbox 1263 3378 1556 3448; x_wconf 72' lang='grc' dir='ltr'>στήριξον</span> <span class='ocrx_word' id='word_1_425' title='bbox 1589 3379 1731 3446; x_wconf 85' lang='grc' dir='ltr'>τοὺς</span> <span class='ocrx_word' id='word_1_426' title='bbox 1779 3381 1952 3435; x_wconf 72' lang='grc' dir='ltr'>ἁδελ-</span> 
     </span>
    </p>
   </div>
   <div class='ocr_carea' id='block_1_66' title="bbox 371 3470 1952 3542">
    <p class='ocr_par' dir='ltr' id='par_1_66' title="bbox 371 3470 1952 3542">
     <span class='ocr_line' id='line_1_66' title="bbox 371 3470 1952 3542; baseline 0.001 -18"><span class='ocrx_word' id='word_1_427' title='bbox 371 3473 534 3540; x_wconf 63' lang='grc' dir='ltr'>φούς</span> <span class='ocrx_word' id='word_1_428' title='bbox 560 3487 698 3525; x_wconf 89' lang='grc' dir='ltr'>σου.</span> <span class='ocrx_word' id='word_1_429' title='bbox 741 3471 912 3541; x_wconf 76' lang='grc' dir='ltr'>Εἴπερ</span> <span class='ocrx_word' id='word_1_430' title='bbox 938 3471 971 3539; x_wconf 78' lang='grc' dir='ltr'>ἠ</span> <span class='ocrx_word' id='word_1_431' title='bbox 1002 3471 1132 3538; x_wconf 76' lang='grc' dir='ltr'>ἁγία</span> <span class='ocrx_word' id='word_1_432' title='bbox 1173 3470 1390 3533; x_wconf 80' lang='grc' dir='ltr'>σύνοδος</span> <span class='ocrx_word' id='word_1_433' title='bbox 1423 3473 1486 3523; x_wconf 79' lang='grc' dir='ltr'><strong>ἐκ</strong></span> <span class='ocrx_word' id='word_1_434' title='bbox 1519 3473 1615 3540; x_wconf 80' lang='grc' dir='ltr'><strong>τῆς</strong></span> <span class='ocrx_word' id='word_1_435' title='bbox 1653 3473 1838 3542; x_wconf 77' lang='grc' dir='ltr'>φωνῆς</span> <span class='ocrx_word' id='word_1_436' title='bbox 1859 3473 1952 3526; x_wconf 87' lang='grc' dir='ltr'><strong>τοῦ</strong></span> 
     </span>
    </p>
   </div>
   <div class='ocr_carea' id='block_1_67' title="bbox 381 3563 1949 3636">
    <p class='ocr_par' dir='ltr' id='par_1_67' title="bbox 381 3563 1949 3636">
     <span class='ocr_line' id='line_1_67' title="bbox 381 3563 1949 3636; baseline 0.001 -21"><span class='ocrx_word' id='word_1_437' title='bbox 381 3565 538 3617; x_wconf 71' lang='grc' dir='ltr'>πάπα</span> <span class='ocrx_word' id='word_1_438' title='bbox 565 3565 733 3628; x_wconf 76' lang='grc' dir='ltr'>ἔδειξε</span> <span class='ocrx_word' id='word_1_439' title='bbox 763 3564 864 3634; x_wconf 83' lang='grc' dir='ltr'>τὴν</span> <span class='ocrx_word' id='word_1_440' title='bbox 887 3565 1068 3616; x_wconf 81' lang='grc' dir='ltr'>πίστιν</span> <span class='ocrx_word' id='word_1_441' title='bbox 1100 3565 1216 3626; x_wconf 86' lang='grc' dir='ltr'>τοῖς</span> <span class='ocrx_word' id='word_1_442' title='bbox 1242 3563 1450 3626; x_wconf 83' lang='grc' dir='ltr'>τέκνοις</span> <span class='ocrx_word' id='word_1_443' title='bbox 1478 3565 1574 3634; x_wconf 81' lang='grc' dir='ltr'>τῆς</span> <span class='ocrx_word' id='word_1_444' title='bbox 1599 3565 1949 3636; x_wconf 83' lang='grc' dir='ltr'>Ἐκκλησίας,</span> 
     </span>
    </p>
   </div>
   <div class='ocr_carea' id='block_1_68' title="bbox 377 3657 1952 3729">
    <p class='ocr_par' dir='ltr' id='par_1_68' title="bbox 377 3657 1952 3729">
     <span class='ocr_line' id='line_1_68' title="bbox 377 3657 1952 3729; baseline 0 -19"><span class='ocrx_word' id='word_1_445' title='bbox 377 3661 528 3711; x_wconf 78' lang='grc' dir='ltr'>ἔστιν</span> <span class='ocrx_word' id='word_1_446' title='bbox 559 3657 668 3725; x_wconf 76' lang='grc' dir='ltr'>ἄρα</span> <span class='ocrx_word' id='word_1_447' title='bbox 697 3662 724 3711; x_wconf 78' lang='grc' dir='ltr'>ὁ</span> <span class='ocrx_word' id='word_1_448' title='bbox 759 3657 970 3722; x_wconf 78' lang='grc' dir='ltr'>πάπας,</span> <span class='ocrx_word' id='word_1_449' title='bbox 1023 3658 1163 3711; x_wconf 81' lang='grc' dir='ltr'>κατᾶ</span> <span class='ocrx_word' id='word_1_450' title='bbox 1192 3657 1291 3728; x_wconf 84' lang='grc' dir='ltr'>τὴν</span> <span class='ocrx_word' id='word_1_451' title='bbox 1323 3657 1484 3724; x_wconf 84' lang='grc' dir='ltr'>ἁγίαν</span> <span class='ocrx_word' id='word_1_452' title='bbox 1512 3658 1752 3722; x_wconf 85' lang='grc' dir='ltr'>σύνοδον,</span> <span class='ocrx_word' id='word_1_453' title='bbox 1781 3661 1952 3729; x_wconf 76' lang='grc' dir='ltr'>ἑρμη-</span> 
     </span>
    </p>
   </div>
   <div class='ocr_carea' id='block_1_69' title="bbox 377 3748 1954 3820">
    <p class='ocr_par' dir='ltr' id='par_1_69' title="bbox 377 3748 1954 3820">
     <span class='ocr_line' id='line_1_69' title="bbox 377 3748 1954 3820; baseline 0.002 -18"><span class='ocrx_word' id='word_1_454' title='bbox 377 3751 502 3814; x_wconf 76' lang='grc' dir='ltr'>νεὺς</span> <span class='ocrx_word' id='word_1_455' title='bbox 531 3751 629 3814; x_wconf 80' lang='grc' dir='ltr'>τῆς</span> <span class='ocrx_word' id='word_1_456' title='bbox 665 3749 851 3820; x_wconf 75' lang='grc' dir='ltr'>φωνῆς</span> <span class='ocrx_word' id='word_1_457' title='bbox 901 3748 997 3802; x_wconf 75' lang='grc' dir='ltr'><strong>τοῦ</strong></span> <span class='ocrx_word' id='word_1_458' title='bbox 1035 3750 1310 3816; x_wconf 81' lang='grc' dir='ltr'>μακαρίου</span> <span class='ocrx_word' id='word_1_459' title='bbox 1350 3751 1560 3820; x_wconf 81' lang='grc' dir='ltr'>Πέτρου</span> <span class='ocrx_word' id='word_1_460' title='bbox 1606 3752 1954 3820; x_wconf 76' lang='grc' dir='ltr'>στηρίζοντος</span> 
     </span>
    </p>
   </div>
   <div class='ocr_carea' id='block_1_70' title="bbox 375 3829 1954 3912">
    <p class='ocr_par' dir='ltr' id='par_1_70' title="bbox 375 3829 1954 3912">
     <span class='ocr_line' id='line_1_70' title="bbox 375 3829 1954 3912; baseline 0.003 -19"><span class='ocrx_word' id='word_1_461' title='bbox 375 3843 502 3905; x_wconf 68' lang='grc' dir='ltr'>τοὺς</span> <span class='ocrx_word' id='word_1_462' title='bbox 541 3843 807 3910; x_wconf 52' lang='lat' dir='ltr'><strong>sanans;</strong></span> <span class='ocrx_word' id='word_1_463' title='bbox 839 3843 934 3895; x_wconf 74' lang='grc' dir='ltr'><strong>καὶ</strong></span> <span class='ocrx_word' id='word_1_464' title='bbox 973 3841 1041 3894; x_wconf 76' lang='grc' dir='ltr'>τὰ</span> <span class='ocrx_word' id='word_1_465' title='bbox 1092 3841 1259 3893; x_wconf 84' lang='grc' dir='ltr'>τέκνα</span> <span class='ocrx_word' id='word_1_466' title='bbox 1289 3842 1390 3908; x_wconf 84' lang='grc' dir='ltr'>τῆς</span> <span class='ocrx_word' id='word_1_467' title='bbox 1413 3842 1767 3912; x_wconf 81' lang='grc' dir='ltr'>Ἐκκλησίας.</span> <span class='ocrx_word' id='word_1_468' title='bbox 1807 3829 1954 3897; x_wconf 53' lang='grc' dir='ltr'><strong>Είὸὲ</strong></span> 
     </span>
    </p>
   </div>
   <div class='ocr_carea' id='block_1_71' title="bbox 373 3929 1956 4009">
    <p class='ocr_par' dir='ltr' id='par_1_71' title="bbox 373 3929 1956 4009">
     <span class='ocr_line' id='line_1_71' title="bbox 373 3929 1956 4009; baseline 0.002 -24"><span class='ocrx_word' id='word_1_469' title='bbox 373 3934 558 4001; x_wconf 79' lang='grc' dir='ltr'>τοῦτο,</span> <span class='ocrx_word' id='word_1_470' title='bbox 591 3937 618 3987; x_wconf 83' lang='grc' dir='ltr'>ὁ</span> <span class='ocrx_word' id='word_1_471' title='bbox 667 3935 851 3997; x_wconf 84' lang='grc' dir='ltr'>πάπας</span> <span class='ocrx_word' id='word_1_472' title='bbox 893 3929 928 4009; x_wconf 85' lang='grc' dir='ltr'>ᾖ</span> <span class='ocrx_word' id='word_1_473' title='bbox 961 3934 1147 3995; x_wconf 80' lang='grc' dir='ltr'>πάττας</span> <span class='ocrx_word' id='word_1_474' title='bbox 1181 3933 1456 4002; x_wconf 81' lang='grc' dir='ltr'>ἑρμηνεύς</span> <span class='ocrx_word' id='word_1_475' title='bbox 1502 3937 1620 3987; x_wconf 83' lang='grc' dir='ltr'>ἐστι</span> <span class='ocrx_word' id='word_1_476' title='bbox 1657 3937 1753 3988; x_wconf 74' lang='grc' dir='ltr'>καὶ</span> <span class='ocrx_word' id='word_1_477' title='bbox 1779 3936 1956 3990; x_wconf 82' lang='grc' dir='ltr'>διάδο-</span> 
     </span>
    </p>
   </div>
   <div class='ocr_carea' id='block_1_72' title="bbox 377 4023 1952 4095">
    <p class='ocr_par' dir='ltr' id='par_1_72' title="bbox 377 4023 1952 4095">
     <span class='ocr_line' id='line_1_72' title="bbox 377 4023 1952 4095; baseline 0 -17"><span class='ocrx_word' id='word_1_478' title='bbox 377 4043 472 4095; x_wconf 74' lang='grc' dir='ltr'>χος</span> <span class='ocrx_word' id='word_1_479' title='bbox 501 4024 596 4077; x_wconf 84' lang='grc' dir='ltr'><strong>τοῦ</strong></span> <span class='ocrx_word' id='word_1_480' title='bbox 629 4025 858 4094; x_wconf 83' lang='grc' dir='ltr'>Πέτρου,</span> <span class='ocrx_word' id='word_1_481' title='bbox 885 4026 950 4078; x_wconf 79' lang='grc' dir='ltr'>οὐ</span> <span class='ocrx_word' id='word_1_482' title='bbox 993 4023 1128 4078; x_wconf 77' lang='grc' dir='ltr'>καθὸ</span> <span class='ocrx_word' id='word_1_483' title='bbox 1165 4027 1372 4086; x_wconf 78' lang='grc' dir='ltr'>ἐκεῖνος</span> <span class='ocrx_word' id='word_1_484' title='bbox 1408 4024 1738 4095; x_wconf 84' lang='grc' dir='ltr'>ἀνθρωπίνῳ</span> <span class='ocrx_word' id='word_1_485' title='bbox 1789 4027 1952 4079; x_wconf 62' lang='grc' dir='ltr'>ἀσθει-</span> 
     </span>
    </p>
   </div>
   <div class='ocr_carea' id='block_1_73' title="bbox 373 4115 1951 4188">
    <p class='ocr_par' dir='ltr' id='par_1_73' title="bbox 373 4115 1951 4188">
     <span class='ocr_line' id='line_1_73' title="bbox 373 4115 1951 4188; baseline 0.003 -23"><span class='ocrx_word' id='word_1_486' title='bbox 373 4117 498 4188; x_wconf 68' lang='grc' dir='ltr'>νείᾳ.</span> <span class='ocrx_word' id='word_1_487' title='bbox 553 4118 866 4180; x_wconf 84' lang='grc' dir='ltr'>πέπτωκεν,</span> <span class='ocrx_word' id='word_1_488' title='bbox 894 4115 1032 4168; x_wconf 74' lang='grc' dir='ltr'>ἀλλὰ</span> <span class='ocrx_word' id='word_1_489' title='bbox 1061 4115 1200 4168; x_wconf 80' lang='grc' dir='ltr'>καθὸ</span> <span class='ocrx_word' id='word_1_490' title='bbox 1229 4117 1357 4178; x_wconf 74' lang='grc' dir='ltr'>τοὺς</span> <span class='ocrx_word' id='word_1_491' title='bbox 1407 4115 1672 4186; x_wconf 70' lang='grc' dir='ltr'>ἀδελφοὺς</span> <span class='ocrx_word' id='word_1_492' title='bbox 1709 4117 1951 4188; x_wconf 71' lang='grc' dir='ltr'>στηρίξει</span> 
     </span>
    </p>
   </div>
   <div class='ocr_carea' id='block_1_74' title="bbox 373 4204 1950 4275">
    <p class='ocr_par' dir='ltr' id='par_1_74' title="bbox 373 4204 1950 4275">
     <span class='ocr_line' id='line_1_74' title="bbox 373 4204 1950 4275; baseline 0.003 -19"><span class='ocrx_word' id='word_1_493' title='bbox 373 4209 442 4275; x_wconf 82' lang='grc' dir='ltr'>τῇ</span> <span class='ocrx_word' id='word_1_494' title='bbox 495 4206 756 4274; x_wconf 73' lang='grc' dir='ltr'>ὁμολογίᾳ</span> <span class='ocrx_word' id='word_1_495' title='bbox 804 4206 903 4274; x_wconf 85' lang='grc' dir='ltr'>τῆς</span> <span class='ocrx_word' id='word_1_496' title='bbox 951 4204 1120 4275; x_wconf 79' lang='grc' dir='ltr'>ὀρθῆς</span> <span class='ocrx_word' id='word_1_497' title='bbox 1177 4205 1436 4268; x_wconf 80' lang='grc' dir='ltr'>πίστεως.</span> <span class='ocrx_word' id='word_1_498' title='bbox 1469 4206 1626 4259; x_wconf 82' lang='grc' dir='ltr'>Κατὰ</span> <span class='ocrx_word' id='word_1_499' title='bbox 1680 4207 1737 4259; x_wconf 82' lang='grc' dir='ltr'>δὲ</span> <span class='ocrx_word' id='word_1_500' title='bbox 1793 4208 1950 4260; x_wconf 83' lang='grc' dir='ltr'>τοῦτο</span> 
     </span>
    </p>
   </div>
   <div class='ocr_carea' id='block_1_75' title="bbox 375 4297 1950 4368">
    <p class='ocr_par' dir='ltr' id='par_1_75' title="bbox 375 4297 1950 4368">
     <span class='ocr_line' id='line_1_75' title="bbox 375 4297 1950 4368; baseline 0.003 -18"><span class='ocrx_word' id='word_1_501' title='bbox 375 4297 642 4350; x_wconf 77' lang='grc' dir='ltr'>ἀδύνατον</span> <span class='ocrx_word' id='word_1_502' title='bbox 695 4299 880 4350; x_wconf 80' lang='grc' dir='ltr'>πεσεῖν</span> <span class='ocrx_word' id='word_1_503' title='bbox 926 4315 1058 4352; x_wconf 84' lang='grc' dir='ltr'>ποτε</span> <span class='ocrx_word' id='word_1_504' title='bbox 1085 4297 1176 4350; x_wconf 76' lang='grc' dir='ltr'><strong>τὸν</strong></span> <span class='ocrx_word' id='word_1_505' title='bbox 1221 4298 1452 4368; x_wconf 84' lang='grc' dir='ltr'>Πέτρον,</span> <span class='ocrx_word' id='word_1_506' title='bbox 1484 4301 1642 4367; x_wconf 77' lang='grc' dir='ltr'>εἴπερ</span> <span class='ocrx_word' id='word_1_507' title='bbox 1687 4299 1950 4354; x_wconf 83' lang='grc' dir='ltr'>ἀδύνατον</span> 
     </span>
    </p>
   </div>
   <div class='ocr_carea' id='block_1_76' title="bbox 367 4389 1947 4460">
    <p class='ocr_par' dir='ltr' id='par_1_76' title="bbox 367 4389 1947 4460">
     <span class='ocr_line' id='line_1_76' title="bbox 367 4389 1947 4460; baseline -0.001 -17"><span class='ocrx_word' id='word_1_508' title='bbox 367 4389 684 4457; x_wconf 69' lang='grc' dir='ltr'>ψεύσασθαι</span> <span class='ocrx_word' id='word_1_509' title='bbox 711 4389 812 4460; x_wconf 82' lang='grc' dir='ltr'>τὴν</span> <span class='ocrx_word' id='word_1_510' title='bbox 842 4389 1126 4458; x_wconf 75' lang='grc' dir='ltr'>ἀλήθειαν.</span> <span class='ocrx_word' id='word_1_511' title='bbox 1160 4389 1326 4442; x_wconf 83' lang='grc' dir='ltr'>Ὥστε</span> <span class='ocrx_word' id='word_1_512' title='bbox 1351 4390 1541 4452; x_wconf 84' lang='grc' dir='ltr'>διττῶς</span> <span class='ocrx_word' id='word_1_513' title='bbox 1572 4391 1947 4458; x_wconf 78' lang='grc' dir='ltr'>θεωρουμένου</span> 
     </span>
    </p>
   </div>
   <div class='ocr_carea' id='block_1_77' title="bbox 376 4477 1949 4554">
    <p class='ocr_par' dir='ltr' id='par_1_77' title="bbox 376 4477 1949 4554">
     <span class='ocr_line' id='line_1_77' title="bbox 376 4477 1949 4554; baseline 0.001 -18"><span class='ocrx_word' id='word_1_514' title='bbox 376 4477 474 4536; x_wconf 77' lang='grc' dir='ltr'><strong>τοῦ</strong></span> <span class='ocrx_word' id='word_1_515' title='bbox 531 4487 769 4554; x_wconf 77' lang='grc' dir='ltr'>Πέτρου,</span> <span class='ocrx_word' id='word_1_516' title='bbox 824 4485 920 4536; x_wconf 74' lang='grc' dir='ltr'><strong>καὶ</strong></span> <span class='ocrx_word' id='word_1_517' title='bbox 971 4483 1049 4545; x_wconf 85' lang='grc' dir='ltr'>ὼς</span> <span class='ocrx_word' id='word_1_518' title='bbox 1102 4483 1264 4553; x_wconf 76' lang='grc' dir='ltr'>ψιλοῦ</span> <span class='ocrx_word' id='word_1_519' title='bbox 1331 4483 1660 4554; x_wconf 83' lang='grc' dir='ltr'>ἀνθρώπου,</span> <span class='ocrx_word' id='word_1_520' title='bbox 1715 4488 1809 4538; x_wconf 75' lang='grc' dir='ltr'><strong>καὶ</strong></span> <span class='ocrx_word' id='word_1_521' title='bbox 1871 4485 1949 4548; x_wconf 85' lang='grc' dir='ltr'><strong>ὡς</strong></span> 
     </span>
    </p>
   </div>
   <div class='ocr_carea' id='block_1_78' title="bbox 377 4573 1948 4645">
    <p class='ocr_par' dir='ltr' id='par_1_78' title="bbox 377 4573 1948 4645">
     <span class='ocr_line' id='line_1_78' title="bbox 377 4573 1948 4645; baseline 0.001 -19"><span class='ocrx_word' id='word_1_522' title='bbox 377 4577 768 4645; x_wconf 75' lang='grc' dir='ltr'>προστάγματι</span> <span class='ocrx_word' id='word_1_523' title='bbox 807 4573 904 4627; x_wconf 73' lang='grc' dir='ltr'><strong>τοῦ</strong></span> <span class='ocrx_word' id='word_1_524' title='bbox 933 4575 1170 4644; x_wconf 85' lang='grc' dir='ltr'>Χριστοῦ</span> <span class='ocrx_word' id='word_1_525' title='bbox 1199 4577 1328 4637; x_wconf 80' lang='grc' dir='ltr'>τοὺς</span> <span class='ocrx_word' id='word_1_526' title='bbox 1373 4575 1636 4643; x_wconf 76' lang='grc' dir='ltr'>ἀδελφοὺς</span> <span class='ocrx_word' id='word_1_527' title='bbox 1669 4577 1948 4645; x_wconf 79' lang='grc' dir='ltr'>στηρίζον·</span> 
     </span>
    </p>
   </div>
   <div class='ocr_carea' id='block_1_79' title="bbox 377 4667 1943 4738">
    <p class='ocr_par' dir='ltr' id='par_1_79' title="bbox 377 4667 1943 4738">
     <span class='ocr_line' id='line_1_79' title="bbox 377 4667 1943 4738; baseline 0.003 -21"><span class='ocrx_word' id='word_1_528' title='bbox 377 4677 488 4728; x_wconf 85' lang='grc' dir='ltr'>τος,</span> <span class='ocrx_word' id='word_1_529' title='bbox 526 4669 620 4720; x_wconf 75' lang='grc' dir='ltr'><strong>καὶ</strong></span> <span class='ocrx_word' id='word_1_530' title='bbox 653 4667 748 4720; x_wconf 85' lang='grc' dir='ltr'><strong>τοῦ</strong></span> <span class='ocrx_word' id='word_1_531' title='bbox 789 4669 954 4720; x_wconf 62' lang='grc' dir='ltr'>πάντα</span> <span class='ocrx_word' id='word_1_532' title='bbox 997 4667 1384 4737; x_wconf 78' lang='grc' dir='ltr'>διαδεχομένου</span> <span class='ocrx_word' id='word_1_533' title='bbox 1411 4669 1504 4720; x_wconf 62' lang='grc' dir='ltr'>τω</span> <span class='ocrx_word' id='word_1_534' title='bbox 1539 4668 1770 4738; x_wconf 82' lang='grc' dir='ltr'>Πέτρον,</span> <span class='ocrx_word' id='word_1_535' title='bbox 1801 4669 1943 4722; x_wconf 76' lang='grc' dir='ltr'>κατὰ</span> 
     </span>
    </p>
   </div>
   <div class='ocr_carea' id='block_1_80' title="bbox 371 4759 1941 4832">
    <p class='ocr_par' dir='ltr' id='par_1_80' title="bbox 371 4759 1941 4832">
     <span class='ocr_line' id='line_1_80' title="bbox 371 4759 1941 4832; baseline 0.001 -22"><span class='ocrx_word' id='word_1_536' title='bbox 371 4761 474 4828; x_wconf 73' lang='grc' dir='ltr'>τὴν</span> <span class='ocrx_word' id='word_1_537' title='bbox 519 4759 680 4828; x_wconf 80' lang='grc' dir='ltr'>ἁγίαν</span> <span class='ocrx_word' id='word_1_538' title='bbox 711 4759 950 4825; x_wconf 82' lang='grc' dir='ltr'>σύνοδον,</span> <span class='ocrx_word' id='word_1_539' title='bbox 1003 4759 1080 4827; x_wconf 83' lang='grc' dir='ltr'>τῷ</span> <span class='ocrx_word' id='word_1_540' title='bbox 1112 4775 1174 4825; x_wconf 87' lang='grc' dir='ltr'><strong>γε</strong></span> <span class='ocrx_word' id='word_1_541' title='bbox 1214 4759 1454 4829; x_wconf 79' lang='grc' dir='ltr'>δευτέρῳ</span> <span class='ocrx_word' id='word_1_542' title='bbox 1513 4760 1686 4825; x_wconf 82' lang='grc' dir='ltr'>τούτῳ</span> <span class='ocrx_word' id='word_1_543' title='bbox 1732 4761 1941 4832; x_wconf 85' lang='grc' dir='ltr'>τρόπῳ,</span> 
     </span>
    </p>
   </div>
   <div class='ocr_carea' id='block_1_81' title="bbox 2055 3184 3621 3261">
    <p class='ocr_par' dir='ltr' id='par_1_81' title="bbox 2055 3184 3621 3261">
     <span class='ocr_line' id='line_1_81' title="bbox 2055 3184 3621 3261; baseline 0.01 -23"><span class='ocrx_word' id='word_1_544' title='bbox 2055 3185 2122 3238; x_wconf 85' lang='lat' dir='ltr'><strong>ad</strong></span> <span class='ocrx_word' id='word_1_545' title='bbox 2155 3188 2360 3255; x_wconf 88' lang='lat' dir='ltr'><strong>ipsum,</strong></span> <span class='ocrx_word' id='word_1_546' title='bbox 2399 3184 2468 3239; x_wconf 82' lang='lat' dir='ltr'><strong>Et</strong></span> <span class='ocrx_word' id='word_1_547' title='bbox 2502 3195 2580 3251; x_wconf 87' lang='lat' dir='ltr'><strong>tu,</strong></span> <span class='ocrx_word' id='word_1_548' title='bbox 2620 3191 2816 3258; x_wconf 87' lang='lat' dir='ltr'><strong>inquit,</strong></span> <span class='ocrx_word' id='word_1_549' title='bbox 2866 3191 3156 3261; x_wconf 79' lang='lat' dir='ltr'><strong>aliquando</strong></span> <span class='ocrx_word' id='word_1_550' title='bbox 3185 3211 3464 3251; x_wconf 76' lang='lat' dir='ltr'><strong>conversus</strong></span> <span class='ocrx_word' id='word_1_551' title='bbox 3492 3215 3621 3252; x_wconf 84' lang='lat' dir='ltr'><strong>con-</strong></span> 
     </span>
    </p>
   </div>
   <div class='ocr_carea' id='block_1_82' title="bbox 2055 3279 3621 3355">
    <p class='ocr_par' dir='ltr' id='par_1_82' title="bbox 2055 3279 3621 3355">
     <span class='ocr_line' id='line_1_82' title="bbox 2055 3279 3621 3355; baseline 0.011 -26"><span class='ocrx_word' id='word_1_552' title='bbox 2055 3279 2210 3346; x_wconf 85' lang='lat' dir='ltr'><strong>ﬁrma</strong></span> <span class='ocrx_word' id='word_1_553' title='bbox 2260 3279 2452 3348; x_wconf 81' lang='lat' dir='ltr'><strong>fratres</strong></span> <span class='ocrx_word' id='word_1_554' title='bbox 2507 3291 2620 3334; x_wconf 79' lang='lat' dir='ltr'><strong>tuas</strong></span> <span class='ocrx_word' id='word_1_555' title='bbox 2651 3281 2691 3334; x_wconf 82' lang='lat'><strong>&quot;.</strong></span> <span class='ocrx_word' id='word_1_556' title='bbox 2737 3280 2801 3336; x_wconf 80' lang='lat' dir='ltr'><strong>Si</strong></span> <span class='ocrx_word' id='word_1_557' title='bbox 2861 3293 3048 3337; x_wconf 82' lang='lat' dir='ltr'><strong>sancta</strong></span> <span class='ocrx_word' id='word_1_558' title='bbox 3097 3285 3337 3355; x_wconf 84' lang='lat' dir='ltr'><strong>synodus</strong></span> <span class='ocrx_word' id='word_1_559' title='bbox 3379 3303 3444 3342; x_wconf 76' lang='lat' dir='ltr'><strong>ex</strong></span> <span class='ocrx_word' id='word_1_560' title='bbox 3487 3306 3621 3346; x_wconf 83' lang='lat' dir='ltr'><strong>voce</strong></span> 
     </span>
    </p>
   </div>
   <div class='ocr_carea' id='block_1_83' title="bbox 2055 3373 3623 3452">
    <p class='ocr_par' dir='ltr' id='par_1_83' title="bbox 2055 3373 3623 3452">
     <span class='ocr_line' id='line_1_83' title="bbox 2055 3373 3623 3452; baseline 0.01 -30"><span class='ocrx_word' id='word_1_561' title='bbox 2055 3385 2207 3441; x_wconf 80' lang='lat' dir='ltr'><strong>papae</strong></span> <span class='ocrx_word' id='word_1_562' title='bbox 2240 3374 2486 3428; x_wconf 86' lang='lat' dir='ltr'><strong>ostendit</strong></span> <span class='ocrx_word' id='word_1_563' title='bbox 2521 3373 2680 3429; x_wconf 86' lang='lat' dir='ltr'><strong>fidem</strong></span> <span class='ocrx_word' id='word_1_564' title='bbox 2726 3375 2986 3431; x_wconf 69' lang='lat' dir='ltr'><strong>EccleSiaa</strong></span> <span class='ocrx_word' id='word_1_565' title='bbox 3023 3377 3169 3440; x_wconf 83' lang='lat' dir='ltr'><strong>filiis,</strong></span> <span class='ocrx_word' id='word_1_566' title='bbox 3207 3396 3342 3449; x_wconf 85' lang='lat' dir='ltr'><strong>papa</strong></span> <span class='ocrx_word' id='word_1_567' title='bbox 3373 3398 3471 3452; x_wconf 89' lang='lat' dir='ltr'><strong>per</strong></span> <span class='ocrx_word' id='word_1_568' title='bbox 3497 3399 3623 3438; x_wconf 84' lang='lat' dir='ltr'><strong>sau-</strong></span> 
     </span>
    </p>
   </div>
   <div class='ocr_carea' id='block_1_84' title="bbox 2055 3457 3620 3535">
    <p class='ocr_par' dir='ltr' id='par_1_84' title="bbox 2055 3457 3620 3535">
     <span class='ocr_line' id='line_1_84' title="bbox 2055 3457 3620 3535; baseline 0.008 -19"><span class='ocrx_word' id='word_1_569' title='bbox 2055 3471 2196 3516; x_wconf 91' lang='lat' dir='ltr'><strong>ctam</strong></span> <span class='ocrx_word' id='word_1_570' title='bbox 2230 3457 2496 3535; x_wconf 73' lang='lat' dir='ltr'><strong>synodum</strong></span> <span class='ocrx_word' id='word_1_571' title='bbox 2535 3477 2620 3520; x_wconf 84' lang='lat' dir='ltr'><strong>est</strong></span> <span class='ocrx_word' id='word_1_572' title='bbox 2657 3465 2930 3535; x_wconf 88' lang='lat' dir='ltr'><strong>interpres</strong></span> <span class='ocrx_word' id='word_1_573' title='bbox 2960 3469 3108 3522; x_wconf 75' lang='lat' dir='ltr'><strong>vocis</strong></span> <span class='ocrx_word' id='word_1_574' title='bbox 3137 3472 3277 3524; x_wconf 85' lang='lat' dir='ltr'><strong>beati</strong></span> <span class='ocrx_word' id='word_1_575' title='bbox 3309 3469 3453 3526; x_wconf 82' lang='lat' dir='ltr'><strong>Petri</strong></span> <span class='ocrx_word' id='word_1_576' title='bbox 3485 3491 3620 3528; x_wconf 84' lang='lat' dir='ltr'><strong>con-</strong></span> 
     </span>
    </p>
   </div>
   <div class='ocr_carea' id='block_1_85' title="bbox 2025 3554 3621 3632">
    <p class='ocr_par' dir='ltr' id='par_1_85' title="bbox 2025 3554 3621 3632">
     <span class='ocr_line' id='line_1_85' title="bbox 2025 3554 3621 3632; baseline 0.007 -25"><span class='ocrx_word' id='word_1_577' title='bbox 2025 3554 2324 3610; x_wconf 65' lang='lat' dir='ltr'><strong>ﬁrmantis</strong></span> <span class='ocrx_word' id='word_1_578' title='bbox 2369 3557 2564 3611; x_wconf 88' lang='lat' dir='ltr'><strong>fratres</strong></span> <span class='ocrx_word' id='word_1_579' title='bbox 2609 3565 2664 3611; x_wconf 86' lang='lat' dir='ltr'><strong>et</strong></span> <span class='ocrx_word' id='word_1_580' title='bbox 2713 3557 2852 3613; x_wconf 80' lang='lat' dir='ltr'><strong>filios</strong></span> <span class='ocrx_word' id='word_1_581' title='bbox 2901 3558 3176 3613; x_wconf 61' lang='lat' dir='ltr'><strong>Ecclesia}.</strong></span> <span class='ocrx_word' id='word_1_582' title='bbox 3215 3559 3352 3630; x_wconf 77' lang='lat' dir='ltr'><strong>Ergo</strong></span> <span class='ocrx_word' id='word_1_583' title='bbox 3387 3577 3521 3632; x_wconf 83' lang='lat' dir='ltr'><strong>papa</strong></span> <span class='ocrx_word' id='word_1_584' title='bbox 3563 3575 3621 3618; x_wconf 89' lang='lat' dir='ltr'><strong>ut</strong></span> 
     </span>
    </p>
   </div>
   <div class='ocr_carea' id='block_1_86' title="bbox 2055 3647 3622 3718">
    <p class='ocr_par' dir='ltr' id='par_1_86' title="bbox 2055 3647 3622 3718">
     <span class='ocr_line' id='line_1_86' title="bbox 2055 3647 3622 3718; baseline 0.005 -18"><span class='ocrx_word' id='word_1_585' title='bbox 2055 3663 2194 3718; x_wconf 84' lang='lat' dir='ltr'><strong>papa</strong></span> <span class='ocrx_word' id='word_1_586' title='bbox 2233 3649 2505 3718; x_wconf 77' lang='lat' dir='ltr'><strong>interpres</strong></span> <span class='ocrx_word' id='word_1_587' title='bbox 2541 3659 2623 3704; x_wconf 76' lang='lat' dir='ltr'><strong>est</strong></span> <span class='ocrx_word' id='word_1_588' title='bbox 2659 3651 2716 3704; x_wconf 86' lang='lat' dir='ltr'><strong>e’t</strong></span> <span class='ocrx_word' id='word_1_589' title='bbox 2759 3665 3046 3706; x_wconf 88' lang='lat' dir='ltr'><strong>successor</strong></span> <span class='ocrx_word' id='word_1_590' title='bbox 3079 3649 3246 3717; x_wconf 86' lang='lat' dir='ltr'><strong>Petri,</strong></span> <span class='ocrx_word' id='word_1_591' title='bbox 3287 3647 3394 3706; x_wconf 72' lang='lat' dir='ltr'><strong>uoti</strong></span> <span class='ocrx_word' id='word_1_592' title='bbox 3429 3663 3488 3706; x_wconf 90' lang='lat' dir='ltr'><strong>ut</strong></span> <span class='ocrx_word' id='word_1_593' title='bbox 3520 3654 3622 3708; x_wconf 88' lang='lat' dir='ltr'><strong>bu-</strong></span> 
     </span>
    </p>
   </div>
   <div class='ocr_carea' id='block_1_87' title="bbox 2057 3741 3618 3814">
    <p class='ocr_par' dir='ltr' id='par_1_87' title="bbox 2057 3741 3618 3814">
     <span class='ocr_line' id='line_1_87' title="bbox 2057 3741 3618 3814; baseline 0.005 -23"><span class='ocrx_word' id='word_1_594' title='bbox 2057 3755 2218 3792; x_wconf 86' lang='lat' dir='ltr'><strong>mana</strong></span> <span class='ocrx_word' id='word_1_595' title='bbox 2240 3741 2342 3812; x_wconf 64' lang='lat' dir='ltr'><strong>ille</strong></span> <span class='ocrx_word' id='word_1_596' title='bbox 2373 3741 2669 3810; x_wconf 81' lang='lat' dir='ltr'><strong>fragilitate</strong></span> <span class='ocrx_word' id='word_1_597' title='bbox 2698 3741 2884 3811; x_wconf 87' lang='lat' dir='ltr'><strong>lapsus</strong></span> <span class='ocrx_word' id='word_1_598' title='bbox 2912 3751 3016 3804; x_wconf 76' lang='lat' dir='ltr'><strong>est,</strong></span> <span class='ocrx_word' id='word_1_599' title='bbox 3049 3742 3144 3795; x_wconf 89' lang='lat' dir='ltr'><strong>sed</strong></span> <span class='ocrx_word' id='word_1_600' title='bbox 3176 3757 3238 3795; x_wconf 87' lang='lat' dir='ltr'><strong>ea</strong></span> <span class='ocrx_word' id='word_1_601' title='bbox 3269 3743 3480 3798; x_wconf 78' lang='lat' dir='ltr'><strong>ratione</strong></span> <span class='ocrx_word' id='word_1_602' title='bbox 3513 3759 3618 3814; x_wconf 83' lang='lat' dir='ltr'><strong>qua</strong></span> 
     </span>
    </p>
   </div>
   <div class='ocr_carea' id='block_1_88' title="bbox 2056 3831 3617 3903">
    <p class='ocr_par' dir='ltr' id='par_1_88' title="bbox 2056 3831 3617 3903">
     <span class='ocr_line' id='line_1_88' title="bbox 2056 3831 3617 3903; baseline 0.007 -19"><span class='ocrx_word' id='word_1_603' title='bbox 2056 3831 2253 3887; x_wconf 88' lang='lat' dir='ltr'><strong>fratres</strong></span> <span class='ocrx_word' id='word_1_604' title='bbox 2305 3835 2592 3888; x_wconf 82' lang='lat' dir='ltr'><strong>confirmat</strong></span> <span class='ocrx_word' id='word_1_605' title='bbox 2637 3849 2734 3903; x_wconf 86' lang='lat' dir='ltr'><strong>per</strong></span> <span class='ocrx_word' id='word_1_606' title='bbox 2789 3835 3188 3890; x_wconf 85' lang='lat' dir='ltr'><strong>confessionem</strong></span> <span class='ocrx_word' id='word_1_607' title='bbox 3251 3847 3416 3892; x_wconf 69' lang='lat' dir='ltr'><strong>recta:</strong></span> <span class='ocrx_word' id='word_1_608' title='bbox 3471 3841 3617 3895; x_wconf 84' lang='lat' dir='ltr'><strong>fidei.</strong></span> 
     </span>
    </p>
   </div>
   <div class='ocr_carea' id='block_1_89' title="bbox 2057 3926 3617 4000">
    <p class='ocr_par' dir='ltr' id='par_1_89' title="bbox 2057 3926 3617 4000">
     <span class='ocr_line' id='line_1_89' title="bbox 2057 3926 3617 4000; baseline 0.004 -21"><span class='ocrx_word' id='word_1_609' title='bbox 2057 3926 2164 3979; x_wconf 90' lang='lat' dir='ltr'><strong>Sed</strong></span> <span class='ocrx_word' id='word_1_610' title='bbox 2193 3927 2298 3980; x_wconf 89' lang='lat' dir='ltr'><strong>hoc</strong></span> <span class='ocrx_word' id='word_1_611' title='bbox 2326 3941 2486 3981; x_wconf 88' lang='lat' dir='ltr'><strong>sensu</strong></span> <span class='ocrx_word' id='word_1_612' title='bbox 2517 3943 2622 3981; x_wconf 90' lang='lat' dir='ltr'><strong>non</strong></span> <span class='ocrx_word' id='word_1_613' title='bbox 2653 3937 2872 3997; x_wconf 87' lang='lat' dir='ltr'><strong>poterat</strong></span> <span class='ocrx_word' id='word_1_614' title='bbox 2895 3944 3082 3983; x_wconf 87' lang='lat' dir='ltr'><strong>errare</strong></span> <span class='ocrx_word' id='word_1_615' title='bbox 3115 3931 3330 3996; x_wconf 79' lang='lat' dir='ltr'><strong>Petrus,</strong></span> <span class='ocrx_word' id='word_1_616' title='bbox 3357 3932 3617 4000; x_wconf 83' lang='lat' dir='ltr'><strong>quoniam</strong></span> 
     </span>
    </p>
   </div>
   <div class='ocr_carea' id='block_1_90' title="bbox 2056 4017 3620 4092">
    <p class='ocr_par' dir='ltr' id='par_1_90' title="bbox 2056 4017 3620 4092">
     <span class='ocr_line' id='line_1_90' title="bbox 2056 4017 3620 4092; baseline 0.005 -22"><span class='ocrx_word' id='word_1_617' title='bbox 2056 4017 2394 4086; x_wconf 86' lang='lat' dir='ltr'><strong>impossibile</strong></span> <span class='ocrx_word' id='word_1_618' title='bbox 2421 4027 2504 4071; x_wconf 84' lang='lat' dir='ltr'><strong>est</strong></span> <span class='ocrx_word' id='word_1_619' title='bbox 2535 4019 2828 4074; x_wconf 78' lang='lat' dir='ltr'><strong>Veritatem</strong></span> <span class='ocrx_word' id='word_1_620' title='bbox 2860 4021 3104 4074; x_wconf 87' lang='lat' dir='ltr'><strong>mentiri.</strong></span> <span class='ocrx_word' id='word_1_621' title='bbox 3139 4021 3323 4092; x_wconf 81' lang='lat' dir='ltr'><strong>Itaque</strong></span> <span class='ocrx_word' id='word_1_622' title='bbox 3359 4039 3480 4077; x_wconf 83' lang='lat' dir='ltr'><strong>cum</strong></span> <span class='ocrx_word' id='word_1_623' title='bbox 3516 4025 3620 4079; x_wconf 91' lang='lat' dir='ltr'><strong>du-</strong></span> 
     </span>
    </p>
   </div>
   <div class='ocr_carea' id='block_1_91' title="bbox 2055 4097 3618 4182">
    <p class='ocr_par' dir='ltr' id='par_1_91' title="bbox 2055 4097 3618 4182">
     <span class='ocr_line' id='line_1_91' title="bbox 2055 4097 3618 4182; baseline 0.005 -20"><span class='ocrx_word' id='word_1_624' title='bbox 2055 4109 2270 4180; x_wconf 88' lang='lat' dir='ltr'><strong>pliciter</strong></span> <span class='ocrx_word' id='word_1_625' title='bbox 2319 4110 2513 4166; x_wconf 85' lang='lat' dir='ltr'><strong>Petrus</strong></span> <span class='ocrx_word' id='word_1_626' title='bbox 2553 4112 2953 4178; x_wconf 85' lang='lat' dir='ltr'><strong>consideretur,</strong></span> <span class='ocrx_word' id='word_1_627' title='bbox 3002 4123 3060 4167; x_wconf 94' lang='lat' dir='ltr'><strong>ut</strong></span> <span class='ocrx_word' id='word_1_628' title='bbox 3097 4130 3264 4182; x_wconf 90' lang='lat' dir='ltr'><strong>purus</strong></span> <span class='ocrx_word' id='word_1_629' title='bbox 3307 4097 3618 4178; x_wconf 38' lang='lat' dir='ltr'><strong>homofut-</strong></span> 
     </span>
    </p>
   </div>
   <div class='ocr_carea' id='block_1_92' title="bbox 2053 4203 3618 4281">
    <p class='ocr_par' dir='ltr' id='par_1_92' title="bbox 2053 4203 3618 4281">
     <span class='ocr_line' id='line_1_92' title="bbox 2053 4203 3618 4281; baseline 0.006 -25"><span class='ocrx_word' id='word_1_630' title='bbox 2053 4217 2160 4271; x_wconf 88' lang='lat' dir='ltr'><strong>que</strong></span> <span class='ocrx_word' id='word_1_631' title='bbox 2207 4203 2460 4258; x_wconf 85' lang='lat' dir='ltr'><strong>mandato</strong></span> <span class='ocrx_word' id='word_1_632' title='bbox 2497 4203 2702 4258; x_wconf 84' lang='lat' dir='ltr'><strong>Christi</strong></span> <span class='ocrx_word' id='word_1_633' title='bbox 2741 4205 2940 4260; x_wconf 88' lang='lat' dir='ltr'><strong>fratres</strong></span> <span class='ocrx_word' id='word_1_634' title='bbox 2984 4207 3342 4274; x_wconf 71' lang='lat' dir='ltr'><strong>confirmans,</strong></span> <span class='ocrx_word' id='word_1_635' title='bbox 3390 4220 3443 4264; x_wconf 92' lang='lat' dir='ltr'><strong>ct</strong></span> <span class='ocrx_word' id='word_1_636' title='bbox 3481 4227 3618 4281; x_wconf 85' lang='lat' dir='ltr'><strong>papa</strong></span> 
     </span>
    </p>
   </div>
   <div class='ocr_carea' id='block_1_93' title="bbox 2053 4295 3620 4372">
    <p class='ocr_par' dir='ltr' id='par_1_93' title="bbox 2053 4295 3620 4372">
     <span class='ocr_line' id='line_1_93' title="bbox 2053 4295 3620 4372; baseline 0.004 -22"><span class='ocrx_word' id='word_1_637' title='bbox 2053 4295 2313 4350; x_wconf 79' lang='lat' dir='ltr'><strong>siicccdat</strong></span> <span class='ocrx_word' id='word_1_638' title='bbox 2355 4297 2518 4350; x_wconf 86' lang='lat' dir='ltr'><strong>Petro</strong></span> <span class='ocrx_word' id='word_1_639' title='bbox 2559 4298 2710 4368; x_wconf 75' lang='lat' dir='ltr'><strong>juxta</strong></span> <span class='ocrx_word' id='word_1_640' title='bbox 2756 4311 2998 4353; x_wconf 87' lang='lat' dir='ltr'><strong>sanctam</strong></span> <span class='ocrx_word' id='word_1_641' title='bbox 3050 4300 3342 4372; x_wconf 75' lang='lat' dir='ltr'><strong>synodum,</strong></span> <span class='ocrx_word' id='word_1_642' title='bbox 3384 4303 3488 4357; x_wconf 87' lang='lat' dir='ltr'><strong>hoc</strong></span> <span class='ocrx_word' id='word_1_643' title='bbox 3534 4320 3620 4357; x_wconf 60' lang='lat' dir='ltr'><strong>sco</strong></span> 
     </span>
    </p>
   </div>
   <div class='ocr_carea' id='block_1_94' title="bbox 2056 4387 3620 4464">
    <p class='ocr_par' dir='ltr' id='par_1_94' title="bbox 2056 4387 3620 4464">
     <span class='ocr_line' id='line_1_94' title="bbox 2056 4387 3620 4464; baseline 0.005 -24"><span class='ocrx_word' id='word_1_644' title='bbox 2056 4387 2238 4442; x_wconf 90' lang='lat' dir='ltr'><strong>eundo</strong></span> <span class='ocrx_word' id='word_1_645' title='bbox 2272 4389 2457 4455; x_wconf 89' lang='lat' dir='ltr'><strong>modo,</strong></span> <span class='ocrx_word' id='word_1_646' title='bbox 2489 4399 2638 4442; x_wconf 88' lang='lat' dir='ltr'><strong>tuum</strong></span> <span class='ocrx_word' id='word_1_647' title='bbox 2670 4393 2948 4460; x_wconf 64' lang='lat' dir='ltr'><strong>supinisma</strong></span> <span class='ocrx_word' id='word_1_648' title='bbox 2978 4391 3213 4446; x_wconf 92' lang='lat' dir='ltr'><strong>dilutum</strong></span> <span class='ocrx_word' id='word_1_649' title='bbox 3248 4403 3330 4446; x_wconf 89' lang='lat' dir='ltr'><strong>cst</strong></span> <span class='ocrx_word' id='word_1_650' title='bbox 3362 4410 3374 4446; x_wconf 88' lang='lat'><strong><em>:</em></strong></span> <span class='ocrx_word' id='word_1_651' title='bbox 3410 4393 3620 4464; x_wconf 81' lang='lat' dir='ltr'><strong>Lapsus</strong></span> 
     </span>
    </p>
   </div>
   <div class='ocr_carea' id='block_1_95' title="bbox 2056 4479 3618 4556">
    <p class='ocr_par' dir='ltr' id='par_1_95' title="bbox 2056 4479 3618 4556">
     <span class='ocr_line' id='line_1_95' title="bbox 2056 4479 3618 4556; baseline 0.004 -22"><span class='ocrx_word' id='word_1_652' title='bbox 2056 4487 2143 4534; x_wconf 88' lang='lat' dir='ltr'><strong>est</strong></span> <span class='ocrx_word' id='word_1_653' title='bbox 2179 4479 2394 4543; x_wconf 83' lang='lat' dir='ltr'><strong>Petrus,</strong></span> <span class='ocrx_word' id='word_1_654' title='bbox 2436 4495 2566 4550; x_wconf 79' lang='lat' dir='ltr'><strong>ergo</strong></span> <span class='ocrx_word' id='word_1_655' title='bbox 2597 4489 2653 4534; x_wconf 93' lang='lat' dir='ltr'><strong>et</strong></span> <span class='ocrx_word' id='word_1_656' title='bbox 2687 4497 2842 4550; x_wconf 85' lang='lat' dir='ltr'><strong>papa.</strong></span> <span class='ocrx_word' id='word_1_657' title='bbox 2890 4483 3043 4538; x_wconf 89' lang='lat' dir='ltr'><strong>Sicut</strong></span> <span class='ocrx_word' id='word_1_658' title='bbox 3086 4487 3232 4539; x_wconf 86' lang='lat' dir='ltr'><strong>enim</strong></span> <span class='ocrx_word' id='word_1_659' title='bbox 3280 4487 3618 4556; x_wconf 85' lang='lat' dir='ltr'><strong>impossibile</strong></span> 
     </span>
    </p>
   </div>
   <div class='ocr_carea' id='block_1_96' title="bbox 2055 4573 3617 4644">
    <p class='ocr_par' dir='ltr' id='par_1_96' title="bbox 2055 4573 3617 4644">
     <span class='ocr_line' id='line_1_96' title="bbox 2055 4573 3617 4644; baseline 0.003 -17"><span class='ocrx_word' id='word_1_660' title='bbox 2055 4581 2162 4637; x_wconf 87' lang='lat' dir='ltr'><strong>est,</strong></span> <span class='ocrx_word' id='word_1_661' title='bbox 2197 4583 2318 4644; x_wconf 86' lang='lat' dir='ltr'><strong>post</strong></span> <span class='ocrx_word' id='word_1_662' title='bbox 2347 4573 2662 4626; x_wconf 88' lang='lat' dir='ltr'><strong>mandatum</strong></span> <span class='ocrx_word' id='word_1_663' title='bbox 2697 4583 2752 4628; x_wconf 91' lang='lat' dir='ltr'><strong>et</strong></span> <span class='ocrx_word' id='word_1_664' title='bbox 2778 4589 2968 4643; x_wconf 85' lang='lat' dir='ltr'><strong>preces</strong></span> <span class='ocrx_word' id='word_1_665' title='bbox 3006 4576 3236 4644; x_wconf 87' lang='lat' dir='ltr'><strong>Christi,</strong></span> <span class='ocrx_word' id='word_1_666' title='bbox 3277 4587 3336 4631; x_wconf 91' lang='lat' dir='ltr'><strong>ut</strong></span> <span class='ocrx_word' id='word_1_667' title='bbox 3374 4594 3482 4631; x_wconf 89' lang='lat' dir='ltr'><strong>non</strong></span> <span class='ocrx_word' id='word_1_668' title='bbox 3524 4581 3617 4632; x_wconf 82' lang='lat' dir='ltr'><strong>de-</strong></span> 
     </span>
    </p>
   </div>
   <div class='ocr_carea' id='block_1_97' title="bbox 2057 4664 3618 4741">
    <p class='ocr_par' dir='ltr' id='par_1_97' title="bbox 2057 4664 3618 4741">
     <span class='ocr_line' id='line_1_97' title="bbox 2057 4664 3618 4741; baseline 0.004 -23"><span class='ocrx_word' id='word_1_669' title='bbox 2057 4666 2202 4718; x_wconf 70' lang='lat' dir='ltr'><strong>finiat</strong></span> <span class='ocrx_word' id='word_1_670' title='bbox 2245 4665 2380 4718; x_wconf 85' lang='lat' dir='ltr'><strong>fides</strong></span> <span class='ocrx_word' id='word_1_671' title='bbox 2421 4666 2557 4736; x_wconf 81' lang='lat' dir='ltr'><strong>ejus,</strong></span> <span class='ocrx_word' id='word_1_672' title='bbox 2599 4665 2705 4718; x_wconf 84' lang='lat' dir='ltr'><strong>labi</strong></span> <span class='ocrx_word' id='word_1_673' title='bbox 2759 4664 3002 4734; x_wconf 88' lang='lat' dir='ltr'><strong>Petrum,</strong></span> <span class='ocrx_word' id='word_1_674' title='bbox 3043 4667 3112 4721; x_wconf 87' lang='lat' dir='ltr'><strong>ita</strong></span> <span class='ocrx_word' id='word_1_675' title='bbox 3153 4671 3316 4724; x_wconf 88' lang='lat' dir='ltr'><strong>etiam</strong></span> <span class='ocrx_word' id='word_1_676' title='bbox 3364 4672 3618 4741; x_wconf 67' lang='lat' dir='ltr'><strong>impossu-</strong></span> 
     </span>
    </p>
   </div>
   <div class='ocr_carea' id='block_1_98' title="bbox 2051 4759 2672 4831">
    <p class='ocr_par' dir='ltr' id='par_1_98' title="bbox 2051 4759 2672 4831">
     <span class='ocr_line' id='line_1_98' title="bbox 2051 4759 2672 4831; baseline -0.003 -16"><span class='ocrx_word' id='word_1_677' title='bbox 2051 4761 2160 4816; x_wconf 90' lang='lat' dir='ltr'><strong>bile</strong></span> <span class='ocrx_word' id='word_1_678' title='bbox 2193 4769 2278 4815; x_wconf 87' lang='lat' dir='ltr'><strong>est</strong></span> <span class='ocrx_word' id='word_1_679' title='bbox 2311 4759 2420 4814; x_wconf 83' lang='lat' dir='ltr'><strong>labi</strong></span> <span class='ocrx_word' id='word_1_680' title='bbox 2455 4775 2672 4831; x_wconf 84' lang='lat' dir='ltr'><strong>papam.</strong></span> 
     </span>
    </p>
   </div>
   <div class='ocr_carea' id='block_1_99' title="bbox 377 4849 3618 4932">
    <p class='ocr_par' dir='ltr' id='par_1_99' title="bbox 377 4849 3618 4932">
     <span class='ocr_line' id='line_1_99' title="bbox 377 4849 3618 4932; baseline 0.004 -30"><span class='ocrx_word' id='word_1_681' title='bbox 377 4849 794 4904; x_wconf 82' lang='grc' dir='ltr'>ἀπεσκέδασταί</span> <span class='ocrx_word' id='word_1_682' title='bbox 823 4867 916 4904; x_wconf 89' lang='grc' dir='ltr'><strong>σου</strong></span> <span class='ocrx_word' id='word_1_683' title='bbox 945 4851 1006 4903; x_wconf 78' lang='grc' dir='ltr'><strong>τὸ</strong></span> <span class='ocrx_word' id='word_1_684' title='bbox 1033 4853 1292 4919; x_wconf 76' lang='grc' dir='ltr'>σόφισμα·</span> <span class='ocrx_word' id='word_1_685' title='bbox 1330 4853 1592 4905; x_wconf 84' lang='grc' dir='ltr'>Πέπτωκε</span> <span class='ocrx_word' id='word_1_686' title='bbox 1617 4853 1841 4920; x_wconf 75' lang='grc' dir='ltr'>Πέτρος,</span> <span class='ocrx_word' id='word_1_687' title='bbox 1863 4859 1971 4927; x_wconf 76' lang='grc' dir='ltr'>ἄρα</span> <span class='ocrx_word' id='word_1_688' title='bbox 1998 4858 2092 4911; x_wconf 70' lang='grc' dir='ltr'><strong>καὶ</strong></span> <span class='ocrx_word' id='word_1_689' title='bbox 2115 4858 2140 4908; x_wconf 87' lang='grc' dir='ltr'>ὁ</span> <span class='ocrx_word' id='word_1_690' title='bbox 2163 4859 2373 4917; x_wconf 83' lang='grc' dir='ltr'>πὰπας·</span> <span class='ocrx_word' id='word_1_691' title='bbox 2396 4853 2584 4926; x_wconf 83' lang='grc' dir='ltr'>ὥσπερ</span> <span class='ocrx_word' id='word_1_692' title='bbox 2613 4857 2718 4925; x_wconf 74' lang='grc' dir='ltr'>γὰρ</span> <span class='ocrx_word' id='word_1_693' title='bbox 2737 4857 3019 4919; x_wconf 84' lang='grc' dir='ltr'>ἀδύνατον,</span> <span class='ocrx_word' id='word_1_694' title='bbox 3039 4859 3171 4924; x_wconf 78' lang='grc' dir='ltr'>μετᾶ</span> <span class='ocrx_word' id='word_1_695' title='bbox 3195 4859 3253 4910; x_wconf 61' lang='grc' dir='ltr'>τὸ</span> <span class='ocrx_word' id='word_1_696' title='bbox 3284 4861 3618 4932; x_wconf 71' lang='grc' dir='ltr'>πρόσταγμα</span> 
     </span>
    </p>
   </div>
   <div class='ocr_carea' id='block_1_100' title="bbox 373 4945 3618 5024">
    <p class='ocr_par' dir='ltr' id='par_1_100' title="bbox 373 4945 3618 5024">
     <span class='ocr_line' id='line_1_100' title="bbox 373 4945 3618 5024; baseline 0.004 -26"><span class='ocrx_word' id='word_1_697' title='bbox 373 4947 472 4998; x_wconf 73' lang='grc' dir='ltr'><strong>ττιῦ</strong></span> <span class='ocrx_word' id='word_1_698' title='bbox 521 4947 758 5017; x_wconf 80' lang='grc' dir='ltr'>Χριστοῦ</span> <span class='ocrx_word' id='word_1_699' title='bbox 808 4948 900 4998; x_wconf 77' lang='grc' dir='ltr'><strong>καὶ</strong></span> <span class='ocrx_word' id='word_1_700' title='bbox 945 4947 1044 5014; x_wconf 79' lang='grc' dir='ltr'><strong>τὴν</strong></span> <span class='ocrx_word' id='word_1_701' title='bbox 1108 4945 1294 5014; x_wconf 74' lang='grc' dir='ltr'>δέησιν</span> <span class='ocrx_word' id='word_1_702' title='bbox 1325 4945 1422 4997; x_wconf 88' lang='grc' dir='ltr'><strong>τοῦ</strong></span> <span class='ocrx_word' id='word_1_703' title='bbox 1483 4947 1691 5016; x_wconf 78' lang='grc' dir='ltr'>μήποτε</span> <span class='ocrx_word' id='word_1_704' title='bbox 1741 4950 1989 5018; x_wconf 65' lang='grc' dir='ltr'>ἐκλεῖψαι</span> <span class='ocrx_word' id='word_1_705' title='bbox 2058 4951 2155 5020; x_wconf 81' lang='grc' dir='ltr'>τὴν</span> <span class='ocrx_word' id='word_1_706' title='bbox 2211 4950 2418 5018; x_wconf 74' lang='grc' dir='ltr'>Πέτρου</span> <span class='ocrx_word' id='word_1_707' title='bbox 2486 4952 2700 5014; x_wconf 81' lang='grc' dir='ltr'>πίστιν,</span> <span class='ocrx_word' id='word_1_708' title='bbox 2761 4951 2947 5002; x_wconf 85' lang='grc' dir='ltr'>πεσεῖν</span> <span class='ocrx_word' id='word_1_709' title='bbox 2999 4953 3089 5002; x_wconf 73' lang='grc' dir='ltr'><strong>τὸν</strong></span> <span class='ocrx_word' id='word_1_710' title='bbox 3147 4955 3382 5024; x_wconf 80' lang='grc' dir='ltr'>Πέτρον,</span> <span class='ocrx_word' id='word_1_711' title='bbox 3442 4955 3618 5021; x_wconf 69' lang='grc' dir='ltr'>οὕτως</span> 
     </span>
    </p>
   </div>
   <div class='ocr_carea' id='block_1_101' title="bbox 374 5041 1348 5095">
    <p class='ocr_par' dir='ltr' id='par_1_101' title="bbox 374 5041 1348 5095">
     <span class='ocr_line' id='line_1_101' title="bbox 374 5041 1348 5095; baseline 0.001 -1"><span class='ocrx_word' id='word_1_712' title='bbox 374 5045 637 5095; x_wconf 79' lang='grc' dir='ltr'>ἀδύνατον</span> <span class='ocrx_word' id='word_1_713' title='bbox 666 5043 854 5094; x_wconf 82' lang='grc' dir='ltr'>πεσεῖν</span> <span class='ocrx_word' id='word_1_714' title='bbox 882 5042 974 5093; x_wconf 70' lang='grc' dir='ltr'><strong>καὶ</strong></span> <span class='ocrx_word' id='word_1_715' title='bbox 1011 5041 1100 5094; x_wconf 73' lang='grc' dir='ltr'><strong>τὸν</strong></span> <span class='ocrx_word' id='word_1_716' title='bbox 1135 5041 1348 5095; x_wconf 77' lang='grc' dir='ltr'>πὰπαν.</span> 
     </span>
    </p>
   </div>
   <div class='ocr_carea' id='block_1_102' title="bbox 447 5131 1943 5204">
    <p class='ocr_par' dir='ltr' id='par_1_102' title="bbox 447 5131 1943 5204">
     <span class='ocr_line' id='line_1_102' title="bbox 447 5131 1943 5204; baseline 0.002 -18"><span class='ocrx_word' id='word_1_717' title='bbox 447 5135 520 5186; x_wconf 82' lang='grc' dir='ltr'>Τὸ</span> <span class='ocrx_word' id='word_1_718' title='bbox 554 5133 808 5202; x_wconf 84' lang='grc' dir='ltr'>δεύτερον</span> <span class='ocrx_word' id='word_1_719' title='bbox 835 5132 1076 5200; x_wconf 70' lang='grc' dir='ltr'>σόφισμα</span> <span class='ocrx_word' id='word_1_720' title='bbox 1105 5131 1284 5202; x_wconf 79' lang='grc' dir='ltr'>πάσης</span> <span class='ocrx_word' id='word_1_721' title='bbox 1308 5132 1536 5195; x_wconf 76' lang='grc' dir='ltr'>ἀτοπίας</span> <span class='ocrx_word' id='word_1_722' title='bbox 1567 5134 1746 5202; x_wconf 77' lang='grc' dir='ltr'>γέμει.</span> <span class='ocrx_word' id='word_1_723' title='bbox 1779 5137 1943 5204; x_wconf 79' lang='grc' dir='ltr'>Λέγει</span> 
     </span>
    </p>
   </div>
   <div class='ocr_carea' id='block_1_103' title="bbox 371 5217 1945 5297">
    <p class='ocr_par' dir='ltr' id='par_1_103' title="bbox 371 5217 1945 5297">
     <span class='ocr_line' id='line_1_103' title="bbox 371 5217 1945 5297; baseline 0.003 -19"><span class='ocrx_word' id='word_1_724' title='bbox 371 5225 626 5294; x_wconf 72' lang='grc' dir='ltr'>Τιμοθέῳ</span> <span class='ocrx_word' id='word_1_725' title='bbox 653 5227 681 5276; x_wconf 85' lang='grc' dir='ltr'><strong>ὁ</strong></span> <span class='ocrx_word' id='word_1_726' title='bbox 714 5217 986 5294; x_wconf 74' lang='grc' dir='ltr'>μακάριος</span> <span class='ocrx_word' id='word_1_727' title='bbox 1018 5224 1250 5286; x_wconf 84' lang='grc' dir='ltr'>Παῦλος,</span> <span class='ocrx_word' id='word_1_728' title='bbox 1283 5227 1365 5277; x_wconf 81' lang='grc' dir='ltr'><strong>ὄτι</strong></span> <span class='ocrx_word' id='word_1_729' title='bbox 1398 5227 1754 5297; x_wconf 75' lang='grc' dir='ltr'>ἀπωσάμενοι</span> <span class='ocrx_word' id='word_1_730' title='bbox 1801 5248 1945 5293; x_wconf 88' lang='grc' dir='ltr'>τινες</span> 
     </span>
    </p>
   </div>
   <div class='ocr_carea' id='block_1_104' title="bbox 365 5315 1940 5392">
    <p class='ocr_par' dir='ltr' id='par_1_104' title="bbox 365 5315 1940 5392">
     <span class='ocr_line' id='line_1_104' title="bbox 365 5315 1940 5392; baseline 0.005 -25"><span class='ocrx_word' id='word_1_731' title='bbox 365 5315 470 5385; x_wconf 78' lang='grc' dir='ltr'>τὴν</span> <span class='ocrx_word' id='word_1_732' title='bbox 495 5315 708 5384; x_wconf 79' lang='grc' dir='ltr'>ἀγαθὴν</span> <span class='ocrx_word' id='word_1_733' title='bbox 743 5315 1046 5383; x_wconf 78' lang='grc' dir='ltr'>συνείδησιν</span> <span class='ocrx_word' id='word_1_734' title='bbox 1071 5317 1426 5387; x_wconf 76' lang='grc' dir='ltr'>ἐναυάγησαν</span> <span class='ocrx_word' id='word_1_735' title='bbox 1457 5321 1585 5388; x_wconf 79' lang='grc' dir='ltr'>περὶ</span> <span class='ocrx_word' id='word_1_736' title='bbox 1616 5321 1715 5392; x_wconf 79' lang='grc' dir='ltr'><strong>τὴν</strong></span> <span class='ocrx_word' id='word_1_737' title='bbox 1743 5323 1940 5376; x_wconf 85' lang='grc' dir='ltr'>πίστιν·</span> 
     </span>
    </p>
   </div>
   <div class='ocr_carea' id='block_1_105' title="bbox 367 5406 1944 5484">
    <p class='ocr_par' dir='ltr' id='par_1_105' title="bbox 367 5406 1944 5484">
     <span class='ocr_line' id='line_1_105' title="bbox 367 5406 1944 5484; baseline 0.004 -24"><span class='ocrx_word' id='word_1_738' title='bbox 367 5409 482 5477; x_wconf 76' lang='grc' dir='ltr'>ἄρα</span> <span class='ocrx_word' id='word_1_739' title='bbox 513 5406 608 5459; x_wconf 80' lang='grc' dir='ltr'>καὶ</span> <span class='ocrx_word' id='word_1_740' title='bbox 628 5409 657 5459; x_wconf 83' lang='grc' dir='ltr'>ὁ</span> <span class='ocrx_word' id='word_1_741' title='bbox 681 5407 870 5466; x_wconf 79' lang='grc' dir='ltr'>πάπας</span> <span class='ocrx_word' id='word_1_742' title='bbox 905 5407 1203 5474; x_wconf 68' lang='grc' dir='ltr'>δυνάμενος</span> <span class='ocrx_word' id='word_1_743' title='bbox 1230 5410 1555 5462; x_wconf 79' lang='grc' dir='ltr'>ἀπώσασθαι</span> <span class='ocrx_word' id='word_1_744' title='bbox 1581 5412 1678 5481; x_wconf 79' lang='grc' dir='ltr'>τὴν</span> <span class='ocrx_word' id='word_1_745' title='bbox 1703 5416 1944 5484; x_wconf 85' lang='grc' dir='ltr'>συνείδη-</span> 
     </span>
    </p>
   </div>
   <div class='ocr_carea' id='block_1_106' title="bbox 369 5500 1940 5573">
    <p class='ocr_par' dir='ltr' id='par_1_106' title="bbox 369 5500 1940 5573">
     <span class='ocr_line' id='line_1_106' title="bbox 369 5500 1940 5573; baseline 0.004 -22"><span class='ocrx_word' id='word_1_746' title='bbox 369 5517 480 5565; x_wconf 77' lang='grc' dir='ltr'>σιν,</span> <span class='ocrx_word' id='word_1_747' title='bbox 521 5501 745 5553; x_wconf 74' lang='grc' dir='ltr'>δύναται</span> <span class='ocrx_word' id='word_1_748' title='bbox 773 5500 1077 5568; x_wconf 82' lang='grc' dir='ltr'>ναυαγῆσαι</span> <span class='ocrx_word' id='word_1_749' title='bbox 1117 5503 1212 5552; x_wconf 74' lang='grc' dir='ltr'><strong>καὶ</strong></span> <span class='ocrx_word' id='word_1_750' title='bbox 1259 5503 1386 5572; x_wconf 76' lang='grc' dir='ltr'>περὶ</span> <span class='ocrx_word' id='word_1_751' title='bbox 1436 5501 1537 5573; x_wconf 78' lang='grc' dir='ltr'><strong>τὴν</strong></span> <span class='ocrx_word' id='word_1_752' title='bbox 1600 5506 1801 5559; x_wconf 79' lang='grc' dir='ltr'>πίστιν.</span> <span class='ocrx_word' id='word_1_753' title='bbox 1867 5509 1940 5560; x_wconf 80' lang='grc' dir='ltr'><strong>Οὐ</strong></span> 
     </span>
    </p>
   </div>
   <div class='ocr_carea' id='block_1_107' title="bbox 367 5581 1942 5664">
    <p class='ocr_par' dir='ltr' id='par_1_107' title="bbox 367 5581 1942 5664">
     <span class='ocr_line' id='line_1_107' title="bbox 367 5581 1942 5664; baseline 0.007 -26"><span class='ocrx_word' id='word_1_754' title='bbox 367 5589 628 5658; x_wconf 79' lang='grc' dir='ltr'>συνορᾷς,</span> <span class='ocrx_word' id='word_1_755' title='bbox 657 5581 702 5638; x_wconf 83' lang='grc' dir='ltr'>ὧ</span> <span class='ocrx_word' id='word_1_756' title='bbox 731 5588 1022 5657; x_wconf 84' lang='grc' dir='ltr'>θαυμάσιε,</span> <span class='ocrx_word' id='word_1_757' title='bbox 1054 5590 1136 5641; x_wconf 81' lang='grc' dir='ltr'>ὅτι</span> <span class='ocrx_word' id='word_1_758' title='bbox 1199 5591 1341 5643; x_wconf 80' lang='grc' dir='ltr'>κατὰ</span> <span class='ocrx_word' id='word_1_759' title='bbox 1384 5593 1491 5644; x_wconf 80' lang='grc' dir='ltr'><strong>τῶν</strong></span> <span class='ocrx_word' id='word_1_760' title='bbox 1533 5595 1942 5664; x_wconf 69' lang='grc' dir='ltr'>ἑτεροδιδασκα-</span> 
     </span>
    </p>
   </div>
   <div class='ocr_carea' id='block_1_108' title="bbox 443 5699 1338 5770">
    <p class='ocr_par' dir='ltr' id='par_1_108' title="bbox 443 5699 1338 5770">
     <span class='ocr_line' id='line_1_108' title="bbox 443 5699 1338 5770; baseline 0.01 -19"><span class='ocrx_word' id='word_1_761' title='bbox 443 5699 464 5730; x_wconf 77' lang='grc'>⁶</span> <span class='ocrx_word' id='word_1_762' title='bbox 503 5699 612 5754; x_wconf 85' lang='lat' dir='ltr'><strong>Tit.</strong></span> <span class='ocrx_word' id='word_1_763' title='bbox 644 5715 660 5754; x_wconf 84' lang='grc' dir='ltr'><strong>ι</strong></span> <span class='ocrx_word' id='word_1_764' title='bbox 697 5699 780 5754; x_wconf 69' lang='lat' dir='ltr'><strong>If).</strong></span> <span class='ocrx_word' id='word_1_765' title='bbox 858 5705 878 5736; x_wconf 82' lang='grc'><strong><em>³</em></strong></span> <span class='ocrx_word' id='word_1_766' title='bbox 915 5702 1047 5756; x_wconf 82' lang='lat' dir='ltr'><strong>Luc.</strong></span> <span class='ocrx_word' id='word_1_767' title='bbox 1075 5719 1206 5770; x_wconf 76' lang='lat' dir='ltr'><strong>xxii,</strong></span> <span class='ocrx_word' id='word_1_768' title='bbox 1235 5707 1338 5760; x_wconf 70' lang='lat'><strong>5&#39;2.’</strong></span> 
     </span>
    </p>
   </div>
   <div class='ocr_carea' id='block_1_109' title="bbox 2121 5133 3612 5204">
    <p class='ocr_par' dir='ltr' id='par_1_109' title="bbox 2121 5133 3612 5204">
     <span class='ocr_line' id='line_1_109' title="bbox 2121 5133 3612 5204; baseline 0.007 -15"><span class='ocrx_word' id='word_1_769' title='bbox 2121 5133 2438 5189; x_wconf 84' lang='lat' dir='ltr'><strong>Secundum</strong></span> <span class='ocrx_word' id='word_1_770' title='bbox 2480 5133 2757 5203; x_wconf 84' lang='lat' dir='ltr'><strong>sophisma</strong></span> <span class='ocrx_word' id='word_1_771' title='bbox 2793 5141 2994 5204; x_wconf 76' lang='lat' dir='ltr'><strong>quanta</strong></span> <span class='ocrx_word' id='word_1_772' title='bbox 3035 5135 3369 5195; x_wconf 80' lang='lat' dir='ltr'><strong>abSurditate</strong></span> <span class='ocrx_word' id='word_1_773' title='bbox 3407 5148 3612 5200; x_wconf 83' lang='lat' dir='ltr'><strong>scatet!</strong></span> 
     </span>
    </p>
   </div>
   <div class='ocr_carea' id='block_1_110' title="bbox 2053 5227 3616 5300">
    <p class='ocr_par' dir='ltr' id='par_1_110' title="bbox 2053 5227 3616 5300">
     <span class='ocr_line' id='line_1_110' title="bbox 2053 5227 3616 5300; baseline 0.007 -19"><span class='ocrx_word' id='word_1_774' title='bbox 2053 5227 2256 5281; x_wconf 82' lang='lat' dir='ltr'><strong>Scribit</strong></span> <span class='ocrx_word' id='word_1_775' title='bbox 2303 5227 2507 5280; x_wconf 83' lang='lat' dir='ltr'><strong>Paulus</strong></span> <span class='ocrx_word' id='word_1_776' title='bbox 2556 5227 2867 5291; x_wconf 83' lang='lat' dir='ltr'><strong>Timotheo,</strong></span> <span class='ocrx_word' id='word_1_777' title='bbox 2913 5229 3144 5291; x_wconf 79' lang='lat' dir='ltr'><strong>inultos,</strong></span> <span class='ocrx_word' id='word_1_778' title='bbox 3202 5233 3414 5300; x_wconf 88' lang='lat' dir='ltr'><strong>repulsa</strong></span> <span class='ocrx_word' id='word_1_779' title='bbox 3475 5237 3616 5292; x_wconf 85' lang='lat' dir='ltr'><strong>bona</strong></span> 
     </span>
    </p>
   </div>
   <div class='ocr_carea' id='block_1_111' title="bbox 2052 5317 3613 5398">
    <p class='ocr_par' dir='ltr' id='par_1_111' title="bbox 2052 5317 3613 5398">
     <span class='ocr_line' id='line_1_111' title="bbox 2052 5317 3613 5398; baseline 0.006 -26"><span class='ocrx_word' id='word_1_780' title='bbox 2052 5318 2414 5379; x_wconf 84' lang='lat' dir='ltr'><strong>conscientia,</strong></span> <span class='ocrx_word' id='word_1_781' title='bbox 2445 5317 2797 5386; x_wconf 78' lang='lat' dir='ltr'><strong>naufragatos</strong></span> <span class='ocrx_word' id='word_1_782' title='bbox 2821 5335 2938 5374; x_wconf 80' lang='lat' dir='ltr'><strong>esse</strong></span> <span class='ocrx_word' id='word_1_783' title='bbox 2969 5320 3019 5371; x_wconf 91' lang='lat' dir='ltr'><strong>iu</strong></span> <span class='ocrx_word' id='word_1_784' title='bbox 3055 5321 3175 5376; x_wconf 77' lang='lat' dir='ltr'><strong>fide.</strong></span> <span class='ocrx_word' id='word_1_785' title='bbox 3209 5324 3348 5396; x_wconf 73' lang='lat' dir='ltr'><strong>Ergo</strong></span> <span class='ocrx_word' id='word_1_786' title='bbox 3376 5337 3426 5381; x_wconf 89' lang='lat' dir='ltr'><strong>et</strong></span> <span class='ocrx_word' id='word_1_787' title='bbox 3455 5345 3613 5398; x_wconf 81' lang='lat' dir='ltr'><strong>papa,</strong></span> 
     </span>
    </p>
   </div>
   <div class='ocr_carea' id='block_1_112' title="bbox 2051 5411 3618 5490">
    <p class='ocr_par' dir='ltr' id='par_1_112' title="bbox 2051 5411 3618 5490">
     <span class='ocr_line' id='line_1_112' title="bbox 2051 5411 3618 5490; baseline 0.008 -26"><span class='ocrx_word' id='word_1_788' title='bbox 2051 5427 2174 5464; x_wconf 89' lang='lat' dir='ltr'><strong>cum</strong></span> <span class='ocrx_word' id='word_1_789' title='bbox 2218 5412 2390 5480; x_wconf 84' lang='lat' dir='ltr'><strong>possit</strong></span> <span class='ocrx_word' id='word_1_790' title='bbox 2440 5411 2706 5479; x_wconf 81' lang='lat' dir='ltr'><strong>repellere</strong></span> <span class='ocrx_word' id='word_1_791' title='bbox 2749 5411 2944 5466; x_wconf 85' lang='lat' dir='ltr'><strong>bonam</strong></span> <span class='ocrx_word' id='word_1_792' title='bbox 2996 5416 3406 5477; x_wconf 74' lang='lat' dir='ltr'><strong>conscientiam.</strong></span> <span class='ocrx_word' id='word_1_793' title='bbox 3439 5433 3618 5490; x_wconf 70' lang='lat' dir='ltr'><strong>potest</strong></span> 
     </span>
    </p>
   </div>
   <div class='ocr_carea' id='block_1_113' title="bbox 2051 5485 3618 5579">
    <p class='ocr_par' dir='ltr' id='par_1_113' title="bbox 2051 5485 3618 5579">
     <span class='ocr_line' id='line_1_113' title="bbox 2051 5485 3618 5579; baseline 0.007 -24"><span class='ocrx_word' id='word_1_794' title='bbox 2051 5485 2106 5555; x_wconf 77' lang='lat' dir='ltr'><strong>et</strong></span> <span class='ocrx_word' id='word_1_795' title='bbox 2141 5503 2192 5556; x_wconf 92' lang='lat' dir='ltr'><strong>in</strong></span> <span class='ocrx_word' id='word_1_796' title='bbox 2225 5503 2328 5557; x_wconf 83' lang='lat' dir='ltr'><strong>tide</strong></span> <span class='ocrx_word' id='word_1_797' title='bbox 2359 5505 2702 5574; x_wconf 83' lang='lat' dir='ltr'><strong>naufragium</strong></span> <span class='ocrx_word' id='word_1_798' title='bbox 2738 5503 2937 5559; x_wconf 86' lang='lat' dir='ltr'><strong>facere.</strong></span> <span class='ocrx_word' id='word_1_799' title='bbox 2977 5506 3176 5562; x_wconf 75' lang='lat' dir='ltr'><strong>Nonne</strong></span> <span class='ocrx_word' id='word_1_800' title='bbox 3201 5510 3352 5563; x_wconf 73' lang='lat' dir='ltr'><strong>vides</strong></span> <span class='ocrx_word' id='word_1_801' title='bbox 3387 5511 3618 5579; x_wconf 83' lang='lat' dir='ltr'><strong>Aposto-</strong></span> 
     </span>
    </p>
   </div>
   <div class='ocr_carea' id='block_1_114' title="bbox 2053 5597 3616 5670">
    <p class='ocr_par' dir='ltr' id='par_1_114' title="bbox 2053 5597 3616 5670">
     <span class='ocr_line' id='line_1_114' title="bbox 2053 5597 3616 5670; baseline 0.008 -22"><span class='ocrx_word' id='word_1_802' title='bbox 2053 5597 2162 5648; x_wconf 86' lang='lat' dir='ltr'><strong>lum</strong></span> <span class='ocrx_word' id='word_1_803' title='bbox 2208 5597 2274 5650; x_wconf 88' lang='lat' dir='ltr'><strong>de</strong></span> <span class='ocrx_word' id='word_1_804' title='bbox 2328 5599 2392 5650; x_wconf 81' lang='lat' dir='ltr'><strong>iis</strong></span> <span class='ocrx_word' id='word_1_805' title='bbox 2443 5598 2588 5666; x_wconf 82' lang='lat' dir='ltr'><strong>loqui</strong></span> <span class='ocrx_word' id='word_1_806' title='bbox 2634 5599 2728 5666; x_wconf 85' lang='lat' dir='ltr'><strong>qui</strong></span> <span class='ocrx_word' id='word_1_807' title='bbox 2777 5599 2966 5654; x_wconf 78' lang='lat' dir='ltr'><strong>volunt</strong></span> <span class='ocrx_word' id='word_1_808' title='bbox 3008 5602 3348 5670; x_wconf 72' lang='lat' dir='ltr'><strong>peregrinam</strong></span> <span class='ocrx_word' id='word_1_809' title='bbox 3400 5603 3616 5660; x_wconf 82' lang='lat' dir='ltr'><strong>tradere</strong></span> 
     </span>
    </p>
   </div>
  </div>
