4064 6206
348 367 450 434 ’161

1629 377 2078 440 ΗΕΕΠΤᾹΤΙΟ
2141 381 2325 444 NILI.

3491 373 3596 444 762

344 489 442 555 τῆς
475 485 732 557 θεότητος
757 487 848 540 καὶ
881 487 978 558 τῆς
1003 485 1544 562 ἀνθρωπότητο;’μία
1573 491 1608 562 ἢ
1640 492 1734 546 δύο
1757 491 1910 563 ἐνέρ-

2035 494 2381 565 ntelligendae
2405 493 2518 550 sint
2545 492 2918 564 operationes,
2949 491 3018 548 ad
3045 507 3148 548 nos
3181 493 3281 548 ista
3315 491 3594 560 pertinere

344 595 492 644 γειαι
515 577 792 645 ὀφείλουσι
813 579 1066 648 λέγεσθαι
1089 581 1396 664 ᾐνοεῖσθαι,
1414 583 1588 638 ταῦτα
1610 584 1748 654 πρὸς
1771 586 1918 655 ἡμᾶς

345 671 572 741 ἀνήκειν
597 672 698 724 οὐκ
723 671 1052 739 ὀφείλουσιν,
1075 673 1210 728 am
1233 675 1724 746 καταλιμπάνομεν
1745 677 1919 731 ταῦτα

346 764 461 825 τοῖς
487 765 898 834 γραμματικοῖς
921 777 938 794 ο
969 763 1130 835 ἡμεῖς
1170 767 1282 837 γὰρ
1316 765 1380 820 οὐ
1413 767 1548 837 μίαν
1570 769 1856 840 ἐνέργειαν
1881 768 1918 842 ἢ

345 855 442 910 δύο
473 857 564 909 τὸν
593 853 799 936 Κύριον
828 857 986 926 ἡμῶν
1027 857 1238 928 Ἰησοῦν
1258 857 1518 929 Χριστὸν,
1539 860 1636 915 καὶ
1662 861 1724 916 τὸ
1749 861 1920 915 αὐτοῦ

346 949 508 1017 ἅγιον
533 947 760 1018 Πνεῦμα
793 947 884 1002 διὰ
909 951 1020 1005 τῶν
1045 952 1219 1019 ἁγίων
1247 953 1482 1023 Γραφῶν
1505 953 1916 1024 παρελάϐομεν,

347 1039 486 1094 ἀλλὰ
515 1040 874 1110 πολυτρόπως
907 1042 1160 1113 ἔγνωμεν
1187 1044 1350 1098 αὐτὸν
1381 1043 1738 1115 ἐνεργοῦντα.
1767 1049 1920 1102 Διαι-

351 1131 532 1200 ρέσεις
561 1133 671 1201 γὰρ
705 1135 1002 1204 ἐνεργειῶν
1027 1136 1186 1189 εἰσιν.
1234 1138 1298 1189 Ei
1329 1137 1388 1190 δέ
1436 1137 1735 1205 διαιρέσεις
1765 1139 1918 1209 ἐνερ-

349 1223 518 1292 γειῶν
538 1223 730 1278 πολλαί
755 1225 886 1290 εισι,
917 1227 1012 1280 καὶ
1041 1227 1245 1289 ταύτας
1275 1229 1456 1291 πάσας
1480 1229 1510 1282 ὀ
1539 1229 1672 1292 Θεὸς
1697 1232 1755 1283 ἐν
1784 1232 1920 1285 πᾶσι

348 1318 466 1377 τοῖς
517 1316 707 1386 μέλεσι
747 1317 842 1370 τοῦ
889 1319 1330 1390 πεπληρωμένου
1377 1321 1634 1392 σώματος
1683 1325 1917 1394 ἐνεργεῖ,

348 1410 502 1477 πόσῳ
534 1409 736 1480 μᾶλλον
763 1413 822 1463 ἐν
857 1415 922 1482 τῇ
953 1413 1162 1483 κεφαλῇ
1192 1414 1352 1484 ἡμῶν
1374 1416 1596 1485 Χριστῷ
1619 1418 1696 1486 τῷ
1726 1417 1922 1487 Κυρίῳ

348 1500 526 1554 ταῦτα
557 1502 814 1558 δύνανται
851 1505 1206 1574 πληρέστατα
1231 1507 1578 1578 ἁρμοσθῆναι
1596 1525 1618 1576 ;
1649 1509 1709 1562 El
1731 1510 1840 1579 γὰρ
1863 1511 1922 1561 ἐν

349 1589 552 1654 ἄλλοις,
608 1592 890 1644 τουτέστιν
933 1593 990 1644 ἐν
1047 1596 1162 1658 τοῖς
1205 1593 1400 1663 μέλεσι
1451 1598 1566 1659 τοῖς
1623 1595 1798 1659 ἰδίοις,
1857 1596 1922 1649 τὸ

351 1680 578 1748 Πνεῦμα
621 1683 718 1736 τοῦ
773 1683 1016 1754 Χριστοῦ
1073 1685 1434 1757 πολυτρόπως
1492 1691 1724 1758 ἐνεργεῖ,
1767 1689 1922 1758 πόσῳ

353 1775 557 1842 μᾶλλον
577 1774 646 1828 δι’
679 1777 878 1830 ἑαυτοῦ
915 1777 1008 1830 τοῦ
1045 1779 1270 1848 μεσίτου
1307 1779 1445 1834 Θεοῦ
1485 1782 1582 1835 καὶ
1615 1779 1920 1848 ἀνθρώπων

349 1865 704 1933 πληρέστατα
757 1869 846 1920 καὶ
885 1868 1227 1935 τελειότατα,
1271 1869 1368 1922 καί¹
1422 1870 1778 1940 πολυτρόπως
1829 1870 1924 1922 καὶ

349 1959 650 2028 ἀφράστως
679 1959 800 2014 δέον
829 1961 975 2031 ἡμᾶς
1009 1963 1292 2032 ὁμολογεῖν
1324 1965 1390 2034 τῇ
1423 1963 1682 2033 κοινωνίᾳ
1729 1962 1926 2015 ἑκατέ-

353 2067 458 2118 ρας
517 2052 732 2118 φύσεως
789 2051 954 2107 αὐτοῦ
1017 2055 1301 2126 ἐνεργεῖν;
1339 2073 1359 2108 ι
1416 2057 1528 2111 Καὶ
1587 2056 1926 2124 κατωτέρω·

357 2160 376 2190 ‹
431 2141 728 2213 ’Λπλότητι
759 2147 856 2198 καὶ
888 2146 1120 2218 ἀληθεία
1169 2147 1564 2219 ὁμολογοῦντες
1595 2149 1686 2201 τὸν
1717 2147 1926 2219 Κύριον

349 2233 512 2301 ἡμῶν
545 2235 754 2304 Ἰησοῦν
777 2238 1038 2307 Χριστὸν,
1069 2240 1160 2293 τὸν
1188 2240 1286 2294 ἕνα
1319 2243 1414 2294 καὶ
1443 2243 1536 2295 τὸν
1566 2243 1730 2294 αὑτὸν
1769 2244 1924 2312 ἐνερ-

351 2327 558 2394 γοῦντα
605 2331 662 2381 ἐν
721 2334 786 2401 τῇ
835 2333 954 2403 θείᾳ
1009 2335 1105 2388 κοιλ⁸
1157 2335 1478 2408 ἀνθρωπίνῃ
1535 2335 1718 2404 φύσει.
1761 2337 1926 2408 Ὁρᾷς

349 2423 482 2473 ὅτον
540 2425 602 2476 τὸ
647 2423 954 2496 διὰφορον;
995 2428 1060 2478 Oi
1087 2428 1466 2496 Μονοθελῆται
1499 2429 1598 2498 τὴν
1632 2428 1923 2496 ἀνθρωπό-

350 2529 492 2580 τητα
523 2514 582 2566 ἐν
609 2513 686 2585 τῷ
714 2515 936 2584 Χριστῷ
967 2517 1284 2586 πάσχουσαν
1318 2517 1502 2585 μόνον,
1554 2519 1676 2586 οὐχὶ
1720 2517 1776 2570 δέ
1829 2517 1924 2570 καὶ

351 2605 688 2673 ἐνεργοῦσαν
721 2608 1100 2676 ἐδογμάτιζον.
1142 2607 1402 2680 Ὀνώριος
1433 2610 1487 2662 δὲ
1520 2609 1634 2663 ἄνω
1654 2612 1748 2662 καὶ
1773 2611 1926 2662 κάτω

351 2697 412 2747 ἑν
439 2694 514 2764 τῷ
546 2696 766 2766 Χριστῷ
793 2698 1124 2767 ἐνεργοῦσαν
1151 2699 1425 2767 ὁμολογεῖ.
1455 2697 1521 2751 οι
1550 2698 1924 2766 Μονοοελῆται

357 2787 488 2854 μίαν
511 2789 588 2857 τῷ
609 2789 738 2840 εῖδει
765 2790 1088 2861 Οεανδρικὴν
1113 2791 1296 2858 ἔλεγον
1321 2793 1630 2860 ἐνέργειαν.
1663 2789 1922 2859 Ὀνώριος

351 2880 412 2933 δὲ
441 2883 570 2951 περὶ
603 2883 840 2952 ἀριθμοῦ
881 2885 1174 2954 ἐνεργειῶν
1205 2887 1305 2954 τὴν
1334 2885 1752 2953 ἀμφισϐήτησιν
1781 2880 1922 2936 εἶναι

355 2975 708 3038 ὑποτοπάσας
737 2977 898 3028 ἐατέα
945 2978 1081 3046 φησὶ
1125 2977 1296 3036 ταῦτα
1343 2979 1454 3038 τοῖς
1483 2979 1922 3046 γραμματικοῖς,

355 3067 557 3129 οἵτινες
589 3069 722 3137 περὶ
751 3069 1006 3138 ἀριθμῶν
1045 3071 1242 3124 ἐνικῶν
1279 3071 1373 3124 καὶ
1419 3071 1806 3140 πληθυντικῶν
1835 3087 1924 3124 τε·

2017 601 2128 640 non
2154 585 2380 652 debent,
2422 585 2518 641 sed
2552 584 2923 656 grammaticis
2953 599 3016 638 ea
3057 583 3444 652 relinquimus.
3483 581 3596 636 Nos

2018 678 2164 732 enim
2195 692 2304 732 non
2333 693 2496 732 unam
2531 677 2936 746 Operationem,
2981 675 3069 730 vel
3123 675 3256 730 duas
3303 674 3594 728 Dominum

2019 778 2268 824 nostrum
2303 768 2488 824 Jesum
2515 767 2802 824 Christum
2819 777 2874 824 et
2895 777 3144 823 sanctum
3170 768 3290 836 ejus
3322 765 3602 836 Spiritum-

2019 877 2120 934 per
2140 871 2354 918 sanctas
2377 862 2694 930 Seripturas
2725 859 3058 930 accepimus,
3102 859 3198 914 sed
3243 857 3596 913 ntultil‘ormi-

2021 965 2104 1011 ter
2157 955 2310 1010 illum
2365 955 2620 1009 novimus
2683 962 2997 1022 operatum.
3063 949 3367 1006 Divisiones
3441 951 3594 1006 enim

2019 1047 2398 1114 operationnm
2453 1057 2606 1100 sunt.
2683 1043 2836 1112 Quod
2901 1044 2946 1098 si
3014 1042 3316 1098 divisiones
3373 1057 3586 1112 apera-

2023 1137 2228 1192 tionum
2269 1136 2454 1192 multa:
2514 1145 2668 1201 sunt,
2718 1143 2774 1190 et
2817 1135 2916 1188 has
2945 1149 3136 1189 onmes
3183 1133 3324 1189 Deus
3365 1133 3420 1188 in
3475 1149 3594 1190 om-

2019 1227 2184 1281 nibus
2233 1226 2498 1283 membris
2547 1227 2690 1294 pleni
2745 1225 2996 1296 corporis
3047 1234 3328 1294 operatur,
3389 1237 3598 1292 quanto

2021 1317 2193 1388 magis
2224 1318 2394 1387 capiti
2437 1327 2625 1372 nostra
2657 1317 2878 1372 Christo
2916 1315 3148 1370 Domino
3194 1317 3308 1371 haec
3365 1325 3600 1384 possunt

2021 1409 2335 1480 plenissime
2364 1409 2611 1478 adoptari
2634 1410 2656 1462 ?
2681 1410 2738 1463 Si
2761 1410 2906 1464 enim
2940 1409 2994 1462 in
3025 1408 3166 1472 aliis,
3202 1407 3252 1462 id
3273 1417 3358 1462 est
3392 1408 3446 1462 in
3479 1407 3600 1462 suis

2022 1497 2308 1564 membris,
2343 1498 2550 1553 Christi
2579 1498 2819 1567 Spiritus
2865 1497 3278 1552 nntltit‘ormiter
3313 1506 3600 1564 operatur,

2021 1597 2228 1659 quanto
2271 1592 2440 1660 magis
2474 1603 2571 1658 per
2617 1590 2972 1659 semetipsum
3027 1589 3384 1643 mediatorem
3422 1587 3516 1642 Dei
3543 1598 3600 1642 et

2021 1680 2307 1736 hominum
2339 1681 2660 1750 plenissime
2679 1675 2752 1736 ‘ae
2791 1681 3212 1750 perfectissime.
3249 1679 3602 1734 multiformi-

2025 1781 2108 1827 ter
2149 1780 2206 1826 et
2252 1771 2604 1828 inet'l‘abiliter
2637 1773 2890 1847 confiteri
2945 1787 3041 1826 nos
3082 1781 3300 1842 oportet
3351 1787 3600 1825 commu-

1953 1839 1996 1895 Β
2030 1863 2194 1918 nione
2219 1864 2506 1932 utriusque
2531 1873 2740 1918 naturae
2777 1879 2888 1918 suae
2913 1863 3238 1932 operatum?
3269 1883 3286 1916 ι
3321 1863 3385 1918 Ει
3415 1863 3554 1917 infra
3580 1878 3597 1916 :

2035 1956 2418 2026 (Simpliciter
2470 1969 2536 2009 ac
2593 1955 2864 2010 veraciter
2915 1953 3245 2010 confitentes
3305 1953 3598 2010 Domitan

2029 2057 2276 2102 uestrum
2307 2045 2490 2102 Jesinn
2531 2046 2814 2102 Christum
2853 2061 3022 2102 unum
3047 2055 3104 2100 et
3151 2045 3410 2100 eumdem
3468 2059 3603 2114 0pc-

2031 2151 2239 2196 rantem
2271 2143 2321 2194 in
2345 2141 2530 2195 divina
2553 2151 2606 2195 et
2627 2141 2864 2196 humana
2889 2131 3110 2200 natura.
3137 2141 3303 2196 Vides
3333 2151 3600 2209 quantum

2029 2231 2282 2286 ditl‘erat?
2307 2231 2678 2288 illonothelitm
2719 2233 3112 2287 asseverabant
3160 2232 3369 2287 Christi
3400 2233 3598 2287 huma-

2029 2325 2254 2378 nitatem
2309 2325 2466 2394 pati,
2521 2325 2708 2380 solum
2749 2340 2856 2380 non
2907 2339 3106 2395 agere;
3165 2324 3442 2380 llonorius
3483 2339 3604 2393 pas-

2027 2417 2131 2471 sim
2165 2418 2366 2471 fatetur
2396 2425 2716 2486 operantem
2761 2416 3182 2471 humanitatem.
3231 2415 3604 2472 Monothelita:

2030 2525 2190 2562 unam
2215 2511 2494 2580 ponebant
2547 2509 2730 2578 specie
2769 2509 3174 2580 operationem,
3205 2525 3368 2578 quam
3411 2509 3601 2564 thean-

2027 2601 2232 2656 dricam
2269 2601 2574 2669 vocabant;
2633 2603 2942 2665 Honorius,
2997 2601 3429 2656 controversiam
3477 2615 3600 2654 esse

2026 2695 2340 2762 suspicatus
2395 2695 2462 2749 de
2495 2710 2728 2748 numero
2775 2693 3186 2763 Operationum,
3237 2691 3597 2761 relinquenda

2025 2789 2142 2842 haec
2165 2787 2243 2841 ait
2272 2802 2392 2842 esse
2411 2785 2784 2856 grammaticis
2805 2825 2818 2844 .
2851 2784 2946 2852 qui
2977 2785 3044 2838 de
3091 2784 3359 2852 singulari
3389 2793 3446 2838 et
3476 2785 3594 2852 plu-

2026 2879 2124 2934 rali
2165 2893 2396 2934 llillllCI‘O
2427 2878 2732 2946 disputant.
2764 2887 2820 2931 et
2867 2893 2932 2930 ex
2966 2876 3236 2930 diametro
3266 2886 3456 2930 contra
3487 2875 3600 2930 Mo-

2025 2971 2346 3037 nothelitas,
2389 2971 2589 3024 Christi
2621 2970 3016 3022 humanitatem
3047 2984 3154 3022 non
3183 2967 3345 3022 modo
3397 2982 3600 3036 opera-

2029 3063 2174 3116 tione
2200 3078 2308 3116 non
2335 3077 2587 3122 vacuam,
2621 3061 2718 3115 sed
2759 3061 3169 3114 multiformiter
3193 3071 3246 3115 et
3279 3059 3602 3129 plenissime

355 3158 704 3226 χνολογοῦσιν
723 3175 740 3193 ·
767 3157 888 3214 εἶτα
923 3165 987 3214 ἐκ
1017 3161 1312 3232 διαμέτρου
1341 3167 1452 3225 τοῖς
1496 3163 1920 3231 Μονοϐελήταις,

2027 3151 2347 3224 Operantem
2375 3157 2470 3209 ait.
2513 3155 2566 3209 Si
2593 3155 2740 3208 enim
2775 3155 2830 3208 in
2877 3154 3136 3208 membris
3177 3152 3601 3222 operatnrmnl-

355 3249 456 3320 τὴν
486 3239 882 3322 ἀνθρωπότητα
907 3253 1000 3306 τοῦ
1030 3257 1270 3326 Χριστοῦ
1323 3257 1420 3326 οὐχ
1447 3257 1594 3318 ὅπως
1628 3255 1923 3324 ἀνενέργη-

355 3359 468 3408 τον,
493 3345 626 3398 ἀλλὰ
651 3346 888 3416 πολυτρό
901 3365 1008 3412 πως
1037 3351 1127 3400 καὶ
1178 3348 1535 3419 πληρέστατά
1564 3364 1732 3416 φησιν
1763 3348 1920 3414 ἐνηρ-

355 3433 612 3498 γηκέναι.
645 3435 706 3488 Εἰ
739 3437 848 3508 γὰρ
881 3437 942 3490 τὸ
973 3439 1194 3507 Πνεῦμα
1221 3439 1281 3492 τὸ
1313 3441 1470 3508 ἅγιον
1501 3441 1557 3492 ἐν
1585 3439 1698 3500 τοῖς
1734 3435 1922 3507 μέλεσι

2029 3249 2323 3303 tiformiter
2359 3247 2600 3314 Spiritus
2625 3257 2868 3304 sanctus.
2897 3254 3103 3312 quanto
3125 3245 3293 3315 magis
3317 3243 3601 3298 fatendum

2025 3351 2107 3396 est
2151 3341 2429 3394 Christum
2469 3346 2634 3404 caput
2670 3346 2914 3390 nostrum
2963 3337 3351 3390 connnunione
3397 3334 3602 3388 utrius-

2025 3450 2131 3506 que
2157 3443 2366 3486 natura:
2397 3421 2714 3503 plenissime
2737 3437 2792 3482 et
2817 3427 3216 3500 perfectissime
3246 3439 3594 3496 operatuma

355 3528 712 3599 πολυτρόπως
746 3536 976 3605 ἐνεργεῖ,
1010 3538 1164 3608 πόσῳ
1213 3539 1414 3607 μᾶλλον
1446 3539 1684 3610 Χριστὸν
1749 3535 1846 3606 τὴν
1877 3532 2120 3602 κεφαλὴν
2183 3528 2345 3601 ἡμῶν
2419 3528 2786 3598 ὁμολογητέον
2828 3529 2894 3596 τῇ
2927 3525 3184 3594 κοινωνῖᾳ
3210 3525 3477 3596 ἑκατέρας
3503 3525 3604 3593 φύε

357 3647 494 3691 eam;
521 3627 880 3699 πληρέστατα
915 3633 1008 3686 καὶ
1031 3633 1356 3688 τελειότατα
1388 3635 1633 3706 ἐνεργεῖν
1657 3649 1706 3700 ;ι

439 3721 673 3790 Ἀδελφέι
728 3722 936 3788 τούτοις
985 3726 1077 3778 καὶ
1117 3727 1174 3780 ἐν
1219 3727 1295 3798 τῷ
1342 3729 1484 3782 τέλει
1518 3731 1614 3798 τῆς
1645 3727 1922 3796 προτέρας

355 3813 670 3882 ἐπιστολῆς,
696 3815 788 3867 καὶ
815 3816 872 3866 ἐν
900 3817 994 3887 ὅλῃ
1022 3820 1084 3888 τῇ
1112 3820 1342 3888 δευτέρᾳ
1371 3819 1491 3888 ἥτις
1523 3819 1823 3888 ἐμφέρεται
1855 3819 1921 3887 τῇ

359 3910 430 3972 ιγ’
468 3904 690 3974 πράξει,
747 3906 1060 3974 παλιλλογεῖ
1124 3909 1402 3977 Ὁνώριος,
1461 3910 1534 3980 μὴ
1605 3911 1716 3963 δεῖν
1744 3911 1924 3978 λέγειν

361 3996 491 4060 μίαν
515 3997 548 4065 ἢ
594 3997 686 4050 δύο
715 3998 993 4068 ἐνεργείας
1025 3999 1370 4070 βουλόμενος,
1404 4003 1521 4054 ἀλλ’
1557 4001 1660 4054 ἕνα
1689 4001 1926 4070 Χριστδν

359 4089 418 4138 ὲν
449 4087 736 4158 ἑκατέραις
767 4094 886 4152 ταῖς
919 4091 1144 4158 φύσεσιν
1185 4091 1538 4160 ἐνεργούσαις
1571 4095 1665 4146 καὶ
1695 4111 1927 4162 πρακτι-

359 4181 505 4241 κλῖς.
543 4179 633 4244 Ἐξ
663 4174 736 4233 ὧν
764 4181 1131 4252 προδηλότατα
1187 4183 1510 4255 ἐπιφέρεται
1545 4185 1645 4256 τὴν
1677 4185 1806 4253 μίαν
1840 4185 1930 4237 καὶ

361 4277 456 4338 τὰς
487 4275 580 4327 δύο
615 4277 895 4345 ἐνεργείας
923 4279 1226 4349 ὁμωνύμως
1257 4279 1598 4350 ἐξειλῆφοαι,
1627 4281 1720 4332 καὶ
1756 4279 1931 4342 ἄλλως

365 4366 464 4435 μὲν
485 4367 638 4436 παρὰ
663 4369 774 4422 τῶν
809 4371 1143 4426 ἀνατολικῶν
1167 4371 1464 4438 δυσσεϐῶς,
1496 4372 1668 4436 ἄλλως
1695 4371 1751 4425 δὲ
1783 4373 1931 4442 παρᾶ

367 4457 636 4529 Ὀνωρῖου
688 4462 950 4530 εὐσεϐῶς,
1003 4465 1097 4516 καὶ
1127 4463 1330 4534 ταύτην
1357 4465 1454 4534 τὴν
1499 4464 1821 4534 ὁμωνυμίαν
1849 4465 1930 4517 al-

3583 3609 3596 3636 Ι

2099 3719 2195 3774 llis
2223 3715 2530 3772 consimilia
2571 3725 2625 3770 et
2657 3715 2710 3768 in
2749 3715 2854 3768 line
2894 3711 3094 3782 prioris
3119 3712 3386 3781 epistolm,
3411 3721 3466 3767 et
3504 3727 3601 3782 per

2032 3821 2198 3867 totam
2233 3809 2526 3864 secundam
2549 3809 2838 3876 epistolam
2865 3847 2878 3870 ,
2911 3823 3034 3876 qum
3067 3807 3300 3860 habetur
3326 3815 3432 3860 act.
3471 3821 3593 3867 xm,

2029 3903 2308 3959 llonorius
2375 3904 2613 3969 repetit;
2665 3916 2770 3952 non
2823 3915 2945 3953 esse
3001 3898 3295 3951 dicendum
3344 3913 3606 3951 asserens

2032 4009 2196 4048 unam
2242 3999 2336 4045 aut
2385 3989 2521 4044 duas
2539 3988 2934 4057 ‘operationes,
2984 3986 3078 4040 sed
3117 4001 3286 4039 unum
3321 3984 3606 4039 Christum

2029 4087 2085 4141 in
2113 4093 2346 4152 utraque
2399 4089 2596 4134 natura
2641 4077 2921 4148 operativa
2951 4088 3008 4132 et
3038 4077 3214 4131 activa
3245 4094 3258 4140 ;
3301 4091 3366 4130 ex
3401 4075 3608 4144 quibus

2030 4173 2479 4230 manifestissime
2507 4171 2762 4232 infertur,
2797 4183 2960 4222 unam
3003 4175 3058 4222 et
3087 4153 3226 4221 duas
3258 4166 3610 4235 operationes

2029 4268 2200 4322 fuisse
2251 4263 2537 4334 aequivoce
2569 4269 2838 4330 sumptas,
2877 4261 3039 4316 aliter
3077 4259 3300 4328 quidem
3341 4269 3398 4314 et
3445 4259 3611 4326 impie

1991 4361 1996 4372 '
2030 4361 2100 4415 ab
2129 4357 2528 4418 Orientalibus,
2578 4355 2740 4409 aliter
2765 4369 2898 4409 vero
2931 4362 2983 4407 et
3033 4353 3122 4422 pic
3157 4353 3224 4406 ab
3256 4351 3523 4416 Hor-torio,
3555 4359 3610 4403 et

2031 4453 2175 4508 hanc
2209 4451 2702 4521 :equivocationem
2749 4447 3026 4502 exstitisse
3059 4446 3434 4500 Orientalibus
3481 4459 3612 4497 eau-

365 4551 486 4604 τίαν
515 4554 770 4622 γενέσθαι
819 4559 928 4619 τοῖς
957 4557 1292 4618 ἀνατολικοῖς
1323 4555 1415 4609 τοῦ
1473 4555 1926 4625 συγκαταριθμῆ-

2037 4559 2150 4602 sam
2183 4541 2589 4596 aunumerandi
2639 4539 2942 4594 Honorium
2993 4539 3139 4591 inter
3181 4537 3468 4591 haereticos
3500 4535 3614 4589 Mo-

365 4663 455 4697 σαι
491 4647 750 4713 Ὀνώριον
801 4651 911 4710 τοῖς
941 4649 1236 4719 αἰρετικοῖς
1275 4650 1705 4720 Μονοοελήταις,
1757 4651 1928 4719 ἄνδρα

366 4735 574 4788 πολλῶν
604 4736 751 4801 ἄξιον
775 4739 1031 4798 ἐπαίνων,
1056 4739 1148 4792 καὶ
1179 4739 1279 4806 τῆς
1309 4741 1668 4812 μονοοελήτου
1697 4741 1936 4809 βλασφη-

367 4827 496 4894 μίας
527 4827 975 4898 ἁλλοτριὼτατον.
1003 4831 1066 4882 Ol
1092 4831 1189 4900 μὲν
1215 4831 1326 4900 γὰρ
1356 4833 1412 4885 ἒν
1434 4832 1570 4895 ὅλως
1603 4833 1816 4902 θέλημα
1843 4833 1934 4886 ἐπὶ

367 4921 602 4987 Χριστοῦ
628 4923 686 4974 τὸ
710 4921 906 4984 Οεῐκδν,
931 4924 956 4976 ό
983 4923 1120 5000 δὲέν
1143 4923 1353 4994 θέλημα
1384 4926 1483 4995 τῆς
1515 4926 1934 4997 ἀνθρωπῦτητος

365 5011 518 5080 ἔλεγε
571 5013 667 5065 τοῦ
705 5015 975 5084 Χριστοῦ·
1025 5017 1220 5069 ἐκεῖνοι
1271 5019 1633 5088 ἀνενέργητον
1694 5023 1794 5088 τὴν
1840 5019 1934 5072 τοῦ

368 5105 606 5173 Χριστοῦ
663 5107 847 5173 ἔλεγον
877 5107 1276 5178 ἁνῦρωπὸτητα
1297 5150 1311 5172 ,
1345 5114 1371 5164 ὁ
1401 5112 1456 5164 δὲ
1505 5113 1936 5180 ποικιλοτρόπως

369 5195 730 5264 ἐνεργητικὴν
763 5199 1154 5266 ἐδογμάτιζεν·
1217 5201 1416 5254 ἐκεῖνοι
1467 5201 1525 5254 ἓν
1585 5203 1796 5271 θέλημα
1844 5205 1938 5256 καὶ

370 5285 500 5354 μίαν
529 5285 836 5355 ἐνέργειαν,
868 5288 895 5339 ό
929 5289 984 5340 δὲ
1012 5289 1107 5342 ἕνα
1135 5291 1228 5344 τὶν
1257 5292 1585 5360 ἐνεργοῦντα
1599 5291 1666 5347 τὰ
1701 5291 1807 5346 ἴδια
1836 5296 1938 5362 τῆς

369 5377 742 5448 θεότητος,καὶ
771 5379 838 5433 τὰ
869 5381 974 5435 ἴδια
1001 5383 1101 5451 τῆς
1135 5383 1570 5453 ἁνθρωπὸτητος.
1591 5385 1820 5437 Ἐκεῖνοι
1846 5383 1938 5438 δύο

369 5471 650 5540 θελήματα
677 5476 770 5524 καὶ
799 5473 890 5526 δύο
917 5477 1194 5543 ἐνεργείας
1242 5475 1475 5530 ἀκοῦσαι
1507 5477 1740 5540 esse)“;
1790 5478 1938 5548 ἠνεί-

370 5578 559 5632 κοντοο
603 5567 630 5616 ὁ
657 5563 713 5615 δὲ
744 5563 868 5617 οὔτε
916 5565 1004 5618 διὰ
1049 5567 1172 5622 τοὺς
1205 5567 1603 5638 Νεστοριανοὺς
1647 5569 1938 5640 ἐδοκίμαζε

373 5655 526 5724 μίαν,
559 5653 680 5708 οὔτε
709 5655 824 5720 δύο,
857 5657 945 5710 διὰ
975 5657 1102 5718 τοὺς
1143 5657 1528 5728 Εὑτυχιανοὺς,
1557 5659 1670 5711 ἀλλ’
1704 5659 1800 5713 ἕνα
1846 5659 1940 5714 τὸν

371 5745 698 5814 ἐνεργοῦντα
763 5748 984 5810 τελείως
1019 5747 1084 5800 τὰ
1135 5747 1246 5800 τῶν
1307 5747 1523 5816 φύσεων
1579 5747 1938 5816 ἴδια·ἦντινα

371 5839 665 5904 ὁςικλὶοείὲχν
691 5841 996 5905 ὀρυιδοξίλς
1031 5841 1232 5906 πλήρη,
1259 5841 1414 5906 εἴπερ
1461 5841 1508 5892 οἱ
1543 5841 1658 5893 τίτί
1693 5839 1937 5894 ἀνατολι-

2037 4639 2364 4700 nothelitas,
2391 4651 2513 4689 eum
2541 4635 2589 4688 is
2623 4633 2786 4686 fuerit
2831 4633 2999 4685 multa
3033 4631 3231 4699 dignus
3261 4629 3422 4684 laude
3468 4639 3522 4682 ct
3579 4643 3610 4682 τι

2037 4729 2374 4800 blasphemia
2402 4725 2883 4780 Monothelitarum
2933 4723 3323 4777 alienissimus.
3347 4721 3428 4775 llli
3460 4721 3616 4775 enim

2037 4840 2144 4879 una
2177 4837 2406 4892 prorsus
2447 4821 2504 4874 in
2555 4819 2776 4874 Christo
2811 4816 3172 4880 voluntatem,
3221 4829 3417 4883 nempe
3469 4812 3610 4866 divi-

2037 4933 2184 4981 nam,
2221 4915 2308 4968 hic
2335 4929 2464 4968 vero
2497 4927 2660 4965 unam
2707 4907 3065 4962 humanitatis
3105 4905 3306 4960 Christi
3355 4906 3611 4959 volunta-
3671 4977 3676 4980 .

2039 5019 2147 5062 tem
2206 5008 2423 5070 aiebat;
2473 5006 2550 5060 illi
2609 5003 3004 5056 humanitatem
3056 4997 3258 5053 Christi
3289 4997 3610 5067 operatione

2037 5115 2290 5164 vacuam,
2353 5099 2444 5152 hic
2509 5096 2919 5150 multiformiter
2951 5102 3270 5160 eperantem
3305 5090 3612 5144 asserebat.

2039 5192 2306 5246 llliunam
2361 5190 2696 5244 voluntatem
2748 5187 3230 5257 et,_0pei'.xtionetn
3273 5199 3466 5248 unam;
3523 5182 3614 5235 hic

2041 5299 2211 5338 unum
2255 5295 2567 5350 operantem
2628 5280 2850 5349 propria
2911 5277 3216 5332 divinitatis
3274 5287 3330 5330 et
3391 5273 3620 5344 propria

2041 5373 2419 5430 humanitatis.
2479 5372 2560 5426 llli
2621 5373 2758 5425 duas
2788 5371 3102 5426 voluntates
3139 5381 3194 5425 et
3234 5369 3373 5425 duas
3409 5385 3611 5438 opera-

2043 5469 2219 5522 tiones
2264 5466 2458 5521 audire
2502 5465 2655 5519 nullo
2703 5465 2864 5520 modo
2908 5464 3297 5532 patiebantur;
3333 5464 3422 5518 hic
3485 5477 3626 5516 vero-

2046 5574 2147 5635 nee
2179 5573 2340 5611 unam
2371 5563 2596 5626 propter
2617 5553 3018 5624 Eutychianos,
3051 5570 3153 5608 nec
3181 5553 3318 5608 duas
3340 5551 3618 5620 approba-

2047 5657 2136 5710 bat
2163 5663 2383 5725 propter
2411 5653 2790 5718 Nestorianos,
2822 5651 2914 5708 sed
2949 5667 3118 5706 unum
3152 5659 3468 5720 operantem
3489 5663 3614 5718 per-

2044 5749 2186 5802 fecte
2217 5761 2338 5816 fllltl‘.
2371 5757 2500 5801 sunt
2551 5753 2874 5807 naturarum
2915 5743 3154 5814 propria.
3190 5743 3360 5807 Quam
3419 5742 3616 5796 ortho-

2047 5839 2220 5895 dexiae
2280 5839 2494 5906 plenam
2556 5835 2998 5903 confessionem,
3068 5835 3112 5891 si
3173 5843 3303 5890 tunc
3358 5833 3618 5892 temporis
