4064 6206
430 328 539 394 761

1581 326 1951 389 ΜΑΤΤΙΙᾸΞΙ
1984 322 2520 389 CARYOPIIYLLI

3574 320 3698 386 768

427 444 635 500 servari
655 459 813 514 posse
845 453 1047 500 rectam
1070 443 1252 511 ﬁdem,
1273 444 1414 500 sicut
1442 444 1843 502 confessionem
1867 441 2009 501 dicis

2120 443 2219 515 τὴν
2238 441 2525 496 εὐσέϐειαν
2555 439 2844 505 σώζεσθαι,
2875 442 2923 495 εί
2959 441 3059 511 μὲν
3088 440 3268 509 λέγεις
3290 440 3367 504 ώς
3391 440 3699 512 ὁμολογίαν

426 550 725 589 consonam
754 535 902 590 Petri
929 535 1223 601 cathedrze,
1259 545 1411 602 esto;
1447 538 1493 590 si
1523 551 1653 591 vero
1682 547 1743 592 ut
1770 536 2004 592 haeredi—

430 636 595 681 tatcm
626 627 841 682 aAPetro
870 626 1160 683 deductam
1194 628 1419 694 clamat,
1444 638 1507 684 ut
1533 644 1699 698 supra
1735 630 2003 696 diximus,

429 729 621 790 quarta
692 718 954 791 synodus,
1004 734 1223 789 papam,
1282 730 1604 776 conservata
1651 736 1821 776 aurea
1876 721 2001 780 ﬁdei

432 823 652 879 catena,
701 829 824 883 quae.
872 828 902 866 a
951 812 1234 869 Salvatore
1284 812 1597 878 deducitur,
1640 814 2002 871 constitutum

431 921 557 959 esse
589 903 847 959 omnibus
870 904 1022 959 vocis
1044 903 1189 960 beati
1214 904 1364 959 Petri
1395 904 1789 973 interpretem;
1837 922 2000 976 quam

417 1004 569 1050 “etse
602 995 879 1063 inquiunt,
938 1009 1068 1050 usos
1119 1003 1345 1049 auctore
1396 1005 1453 1051 et
1493 995 1633 1051 duce
1661 1011 1821 1067 papa,
1878 1006 2001 1052 tan-

427 1100 590 1155 quam
626 1086 873 1143 veritatis
908 1086 1285 1142 haereditatem
1320 1088 1633 1144 ostendiSse
1668 1100 1723 1143 et
1746 1091 2002 1146 docuisse

428 1178 687 1234 Ecclesia:
737 1179 894 1234 ﬁlios.
936 1180 1003 1235 Et
1032 1182 1249 1236 actione
1295 1196 1333 1234 ιι
1366 1181 1432 1235 ad
1490 1182 1653 1236 ﬁnem
1696 1183 2005 1238 clamarunt

427 1271 667 1339 episcopi
694 1290 709 1324 :
750 1272 977 1327 «Petrus
998 1286 1096 1342 per
1122 1266 1358 1326 Leonem
1380 1271 1724 1327 liteclocutns
1745 1282 1847 1336 est,
1878 1287 2000 1327 cum

429 1362 652 1417 recitata
694 1362 806 1418 illis
843 1362 1041 1418 fuisset
1063 1363 1295 1433 epistola
1331 1378 1503 1433 papae.
1546 1363 1612 1418 Et
1658 1374 1808 1419 sexta
1839 1380 2005 1437 syno-

429 1453 533 1506 dus
568 1453 621 1507 in
674 1452 1104 1524 Prosphonetico
1135 1454 1204 1509 ad
1227 1455 1651 1511 Constantinum
1706 1456 2005 1526 imperato-

435 1557 574 1607 rem,
613 1543 837 1609 Charta,
868 1545 1070 1616 inquit,
1106 1545 1393 1602 videbatur
1423 1555 1479 1600 et
1508 1555 1895 1614 atramentum,
1948 1556 2005 1604 et

431 1650 531 1704 per
560 1636 901 1705 Agathonem
934 1637 1261 1706 loquebatur
1296 1635 1514 1692 Petrus.
1555 1655 1574 1687 ι
1624 1639 1680 1693 Si
1713 1654 1847 1708 ergo
1900 1641 2002 1695 Pe-

432 1728 813 1797 trnsloquitur
839 1744 939 1798 per
971 1745 1193 1799 papam,
1231 1728 1505 1801 theologia
1533 1730 1678 1786 Petri
1706 1730 1759 1784 in
1791 1733 2004 1788 caeteris

2108 539 2213 605 τῆς
2242 535 2479 598 πίστεως
2524 533 2819 606 σύμφωνον
2845 533 2927 605 τῷ
2956 534 3167 603 Πέτρου
3194 533 3393 604 θρόνῳ,
3418 534 3595 587 ἔστων
3631 535 3697 586 εἰ

2106 627 2162 681 δὲ
2191 627 2267 687 ώς
2316 626 2687 697 κληρονομίαν
2715 626 2866 697 ποιρά
2898 626 2994 680 τοῦ
3032 626 3240 697 Πέτρου
3274 624 3697 694 καταγομένην,

2108 720 2229 792 βοᾷ,
2255 720 2330 785 ώς
2373 720 2485 774 ἀνω
2515 721 2861 790 προείρηται,
2894 721 2927 791 ή
2966 719 3205 790 τετάρτη
3252 718 3499 782 σύνοδος,
3532 718 3615 771 ὅτι
3659 718 3698 771 ὁ

2109 813 2296 875 siina;
2314 811 2415 882 τὴν
2443 811 2656 881 χρυσῆν
2676 812 2775 881 τῆς
2800 809 3038 873 πίστεως
3062 809 3250 879 σειρὰν
3277 808 3426 876 παρὰ
3454 808 3552 862 τοῦ
3572 808 3698 861 Σω-

2104 903 2270 972 τῆρος
2295 904 2678 973 καταγομένην
2704 900 2969 971 φυλάξας,
2989 901 3125 954 πᾶσι
3155 900 3379 969 γέγονεν
3407 898 3697 969 ἑρμηνεὺς

2105 997 2207 1067 τῆς
2259 1000 2447 1067 φωνῆς
2474 997 2570 1050 τοῦ
2623 996 2902 1067 μακαρίου
2950 995 3194 1063 Πέτρου·
3238 994 3309 1064 ἢν
3341 1009 3476 1062 φασι
3498 990 3696 1062 φωνὴν

2107 1093 2200 1144 καὶ
2232 1091 2407 1156 αὐτοὶ,
2433 1089 2662 1160 ἀρχηγῷ
2694 1089 2775 1161 τῷ
2803 1089 2963 1159 πάπᾳ
2980 1089 3340 1156 χρησάμενοι,
3366 1087 3445 1148 ὡς
3469 1084 3687 1155 κλῆρον

2104 1183 2204 1249 τῆς
2231 1182 2492 1253 ἀληθείας
2541 1183 2771 1249 εδειξαν,
2823 1182 2924 1237 καὶ
2979 1180 3229 1245 ἐδίδαξαν
3255 1180 3325 1232 τὰ
3356 1177 3526 1231 τέκνα
3581 1177 3689 1249 τῆς

2118 1275 2468 1344 Ἐκκλησίας.
2494 1276 2605 1329 Καὶ
2638 1276 2695 1328 ιν
2722 1277 2786 1346 τῇ
2811 1274 3045 1344 δευτέρᾳ
3080 1272 3279 1342 πράξει
3312 1271 3449 1344 πρὸς
3480 1270 3561 1344 τῷ
3590 1274 3688 1325 τὲ-

2105 1364 2187 1420 λει
2221 1366 2457 1435 ιϐόησαν
2491 1367 2542 1418 οί
2595 1366 2889 1419 ἐπίσκοποι
2928 1362 3067 1434 μετά
3103 1363 3205 1435 τὴν
3242 1365 3553 1432 ἀνάγνωσιν
3583 1365 3689 1433 τῆς

2107 1459 2395 1528 ἐπιστολῆς
2419 1459 2513 1512 τοῦ
2543 1458 2701 1512 πάπα
2727 1460 2956 1522 Λέοντος
2976 1474 2992 1489 ο
3032 1476 3051 1509 ι
3087 1457 3290 1526 Πέτρος
3318 1457 3406 1510 διά
3450 1456 3686 1511 Λέοντος

2103 1548 2283 1604 ταῦτα
2332 1548 2694 1621 ἐξεφώνησεν.
2733 1568 2752 1602 ι
2818 1549 2928 1604 Καὶ
2969 1549 3003 1619 ή
3031 1548 3168 1616 ἕκτη
3237 1545 3450 1608 σύνοδος
3494 1545 3555 1597 ὲν
3608 1542 3690 1611 τῷ

2106 1642 2554 1712 προσφωνητικῷ,
2596 1641 2736 1712 πρὸς
2797 1641 2889 1694 τὸν
2946 1640 3169 1711 βασιλέα
3236 1638 3685 1700 Κωνσταντῖνον,

2114 1749 2134 1783 ι
2173 1731 2419 1801 Χάρτης,
2452 1732 2609 1802 φησὶ,
2650 1735 2745 1786 καὶ
2771 1731 2939 1802 μέλαν
2970 1731 3246 1799 ἐφαίνετο,
3288 1730 3380 1783 καὶ
3420 1728 3488 1781 δι’
3518 1726 3688 1794 Ἀγά-

428 1816 703 1885 episcopis
731 1818 1029 1880 confessio,
1061 1818 1115 1873 in
1149 1834 1475 1876 successore
1515 1820 1665 1876 Petri
1692 1832 1776 1877 est
1835 1824 2007 1879 hatre-

2120 1821 2277 1887 Dtuvo;
2305 1825 2334 1874 ὁ
2362 1824 2566 1893 Πέτρος
2606 1824 2927 1892 ἐφθέγγετο.
2975 1841 2994 1874 ι
3034 1823 3094 1876 El
3124 1821 3255 1891 γοῦν
3286 1820 3377 1874 διὰ
3407 1818 3503 1872 τοῦ
3528 1818 3689 1873 πάπα

437 1907 586 1963 ditas
609 1908 755 1972 ﬁdei,
793 1918 848 1965 et
896 1910 1025 1979 quia
1087 1909 1240 1982 juxta
1272 1921 1493 1967 sanctos
1526 1912 1714 1967 Patres
1773 1913 2010 1982 promis-

431 2013 601 2053 snma
634 2001 855 2057 Christo
907 2002 1111 2058 factum
1170 2014 1253 2058 est
1281 2001 1470 2069 Petro,
1526 2012 1587 2057 ut
1645 2003 2009 2069 ostendimus,

433 2092 586 2147 solus
639 2094 785 2149 Petri
819 2110 1107 2150 successor
1147 2096 1312 2151 habet
1340 2095 1728 2165 promissionis
1758 2095 1810 2149 vi
1858 2095 2008 2149 iner-

431 2196 645 2241 rantem
678 2188 837 2241 ﬁdem
864 2205 880 2253 ;
908 2190 1090 2243 σωιυτὶ
1122 2188 1389 2259 episcopi,
1418 2188 1548 2243 licet
1604 2188 1844 2242 habeant
1874 2202 2009 2267 con-

430 2278 746 2343 fessionem,
813 2297 924 2337 non
978 2282 1208 2352 proinde
1251 2282 1455 2338 habent
1520 2280 2005 2353 inerrantisﬁdei

433 2373 880 2439 promissionem.

2109 1914 2407 1984 φθέγγεται
2434 1916 2464 1968 ὁ
2514 1916 2741 1985 Πέτρος,
2775 1916 2821 1986 ιγ
2841 1915 3091 1983 θεολογία
3123 1913 3218 1967 τοῦ
3240 1912 3449 1982 Πέτρου
3480 1912 3542 1963 ἐν
3571 1911 3692 1973 τοῖς

2109 2003 2318 2069 λοιποῖς
2349 2008 2668 2071 ἐπισκόποις
2718 2008 2981 2079 ὁμολογία
3017 2007 3185 2071 ἐστὶν,
3223 2008 3283 2059 ὲν
3325 2004 3402 2074 τῷ
3457 2001 3692 2071 διαδόχῳ

2108 2098 2204 2152 τοῦ
2255 2099 2463 2166 Πέτρου
2504 2099 2837 2171 κληρονομία
2868 2098 2971 2168 τῆς
2997 2100 3232 2160 πίστεως
3252 2112 3267 2127 ’
3303 2094 3403 2166 τὴν
3427 2093 3485 2147 δὲ
3513 2094 3691 2161 ἐπαγ-

2108 2189 2297 2257 γελίαν
2347 2190 2377 2242 ὁ
2405 2173 2640 2261 Χριστὸς
2688 2192 2981 2262 ἐποιήσατο
3015 2178 3156 2244 κατά
3185 2188 3311 2251 τοὺς
3351 2187 3539 2254 ἁγίους
3573 2185 3687 2238 Πα-

2105 2282 2290 2353 τέρας.
2316 2282 2391 2345 ώς
2424 2283 2715 2350 δέδεικται,
2746 2283 2821 2355 τῷ
2842 2284 3032 2354 Πέτρῳ
3054 2286 3092 2315 θ’
3109 2281 3269 2351 μόνος
3293 2280 3446 2350 ἀραό
3476 2279 3682 2346 Πέτρου

2107 2374 2349 2443 διάδοχος
2378 2374 2492 2445 ἔχει
2528 2376 2590 2430 τὸ
2621 2376 2863 2439 ἀπλανὲς
2887 2376 2988 2446 τῆς
3019 2375 3257 2437 πίστεως
3307 2375 3372 2427 ἐκ
3395 2372 3493 2439 τῆς
3521 2371 3693 2451 ἐποιη-

436 2464 650 2530 γελίας·
682 2468 731 2520 oi
760 2468 935 2522 λοιποὶ
963 2468 1019 2522 δὲ
1055 2470 1368 2537 ἐπίσκοποι,
1395 2470 1500 2523 κᾶν
1558 2467 1797 2539 τύχωσιν
1866 2468 2079 2538 ἔχοντες
2114 2467 2213 2537 τὴν
2259 2470 2439 2540 ἀληθῆ
2469 2471 2783 2541 ὁμολογίαν,
2810 2470 2959 2540 ὅμως
2991 2469 3215 2524 αὐτόθεν
3245 2469 3345 2522 οὐκ
3377 2466 3563 2536 ἔχουσι
3592 2457 3692 2517 του

435 2562 693 2623 ἀπλανῶς
724 2568 821 2635 τὴν
849 2563 1209 2637 ἐπαγγελίαν.

503 2661 682 2728 Quare
704 2678 773 2719 ex
800 2678 927 2718 vera
948 2665 1288 2722 confessione
1320 2667 1701 2739 episcoporum
1730 2666 1870 2723 Sunii
1910 2680 2018 2721 non

436 2762 617 2825 potest
647 2756 942 2826 ccrtitudo,
974 2757 1224 2823 ﬁrmitas,
1258 2770 1313 2815 et
1337 2760 1644 2816 inlallibilis
1678 2760 1803 2815 ﬁdei
1844 2759 2015 2815 recti-

437 2847 593 2911 tudo,
621 2846 727 2903 nisi
765 2864 831 2905 cx
869 2865 937 2905 eo
975 2866 1108 2917 uno,
1144 2851 1198 2906 in
1222 2867 1332 2923 quo
1357 2851 1583 2910 Petrum
1611 2852 1759 2924 loqui
1795 2860 2004 2908 testan-

440 2947 532 2991 tur
569 2939 786 3008 synodi.
818 2939 892 2993 lta
926 2940 1185 3013 Cyrillus,
1224 2958 1411 2998 veram
1466 2943 1674 2998 habens
1701 2943 2013 3012 docensqne

440 3032 866 3096 confessionem,
928 3049 1034 3087 non
1066 3042 1150 3089 est
1184 3049 1351 3090 ausus
1405 3036 1682 3091 abstinere
1711 3050 1741 3090 a
1766 3049 2013 3090 commu-

2192 2660 2357 2714 Ὅθεν
2389 2658 2450 2710 ἐκ
2485 2656 2584 2727 τῆς
2608 2656 2842 2726 ἀληθοῦς
2876 2656 2987 2710 τῶν
3036 2652 3354 2710 ἐπισκόπων
3402 2645 3696 2719 ὁμολογίας

2114 2754 2217 2808 οὐκ
2244 2753 2359 2806 ἔστι
2386 2751 2570 2804 λαϐεῖν
2607 2750 2667 2803 τὸ
2721 2751 2938 2821 βὲὖαιον
2961 2790 2977 2817 ,
3029 2755 3124 2802 καὶ
3172 2742 3560 2814 ἀναμφίὸολον,
3592 2742 3695 2793 καὶ

2109 2846 2494 2916 ἀναμάρτητον
2527 2844 2624 2914 τῆς
2656 2844 2917 2909 πίστεως,
2976 2842 3025 2894 εί
3063 2840 3139 2912 μὴ
3189 2841 3323 2909 παρ’
3346 2836 3552 2891 ἐκείνου
3591 2834 3696 2904 μοι

2112 2954 2228 3001 νου,
2266 2939 2326 2991 ὲν
2357 2932 2400 3006 ᾧ
2451 2954 2616 3006 φασιν
2648 2936 2706 2989 αἱ
2750 2935 2957 2988 σύνοδοι
2981 2930 3315 3003 φθέγγεσθαι
3338 2929 3432 2983 τὸν
3459 2928 3690 2996 Πέτρον.

2115 3029 2275 3084 Οὕτω
2308 3029 2577 3098 Κύριλλος
2606 3028 2706 3100 τὴν
2737 3028 2913 3101 ἀληθῆ
2953 3028 3092 3098 ἔχων
3130 3025 3226 3080 καὶ
3262 3023 3531 3077 διδάσκων
3558 3020 3693 3089 ὁμο-

442 3123 608 3178 nione
630 3124 868 3178 Nestorii
920 3125 1025 3180 nisi
1055 3127 1206 3198 prius
1232 3127 1529 3184 leestino
1566 3143 1713 3198 papa:
1760 3129 2015 3202 scripsis-

2120 3122 2326 3193 λογίαν,
2353 3122 2453 3174 ούκ
2477 3121 2776 3191 ἐτόλμησεν
2796 3118 3109 3191 ἀπορρῆξαι
3140 3118 3332 3172 ἑαυτὸν
3361 3114 3460 3185 τῆς
3474 3112 3696 3222 ‘Nao'to-

441 3223 567 3268 set:
604 3233 622 3265 ι
649 3214 761 3270 Nec
790 3217 941 3285 prius
990 3233 1021 3272 a
1051 3220 1435 3275 communione
1459 3220 1699 3276 Nestorii
1773 3220 2018 3294 scjnngi-

443 3308 646 3375 gimur,
670 3325 831 3376 quam
862 3310 976 3365 inec
1005 3320 1111 3386 tua;
1142 3314 1334 3383 pietati
1356 3324 1492 3369 uota
1516 3315 1838 3374 faciamus»
1870 3315 2022 3377 Unde

447 3401 591 3469 hoc,
638 3402 742 3456 nisi
768 3405 917 3473 .quia
971 3405 1213 3477 Cyrillus
1254 3409 1375 3479 plus
1403 3409 1609 3464 ﬁdebat
1641 3407 2019 3464 infallibilitati

452 3488 579 3544 ﬁdei
610 3490 757 3548 sedis
793 3492 960 3562 Petri,
988 3512 1152 3566 quam
1186 3488 1758 3557 demonstrationibus
1811 3500 2017 3569 quibus

446 3582 759 3642 Nestorium
792 3589 1041 3646 arctabat
1062 3591 1088 3645 7
1122 3610 1144 3643 ι
1771 3596 1778 3607 ’

522 3850 598 3906 Ita
678 3863 865 3910 sancta
934 3857 1178 3930 synodus
1258 3868 1478 3929 quarta,
1565 3875 1694 3919 cum
1754 3861 2030 3919 deﬁnitio-

451 3958 577 3998 nem
646 3943 770 4000 ﬁdei
824 3948 1152 4018 scripsisset,
1206 3952 1333 4022 quia
1378 3954 1558 4011 minus
1621 3955 1827 4025 integra
1877 3957 2032 4012 vide-

454 4034 638 4100 batur,
709 4049 777 4092 ex
833 4039 1016 4094 verbis
1087 4042 1331 4111 epistolae
1416 4043 1615 4101 Leonis
1660 4061 1830 4116 paprc.
1863 4061 2025 4117 quam

453 4126 797 4183 ortbodoxim
880 4129 1192 4186 columnam
1273 4135 1591 4203 appellavit,
1670 4153 1857 4193 veram
1944 4154 2030 4193 re-

455 4227 560 4271 ct-te
591 4217 716 4273 ﬁdei
748 4223 1032 4276 contexuit
1071 4223 1471 4281 deﬁnitionem.
1503 4227 1572 4282 Et
1621 4237 1787 4284 sextre
1831 4229 2025 4301 synodi

459 4308 648 4363 Patres
677 4304 918 4365 fatentur
954 4325 1014 4366 se
1039 4314 1357 4370 exlectione
1385 4317 1632 4386 epistolae
1660 4333 1812 4389 papa:
1852 4318 2024 4375 inere-

457 4399 563 4454 sim
586 4398 919 4466 confutasse,
941 4415 997 4458 et
1027 4404 1117 4459 ubi
1138 4405 1298 4461 ﬁdem
1331 4407 1642 4473 ﬁrmarunt,
1674 4410 1760 4466 his
1785 4410 1854 4466 ad
1890 4411 2029 4483 Agao

2128 3216 2243 3286 ρίου
2263 3215 2569 3279 κοινωνίας,
2607 3214 2756 3284 είμὴ
2798 3213 3064 3284 πρότερον
3095 3209 3404 3279 Κελεστίνῳ
3432 3204 3509 3276 τῷ
3538 3204 3697 3273 πάπᾳ

2125 3308 2368 3380 γράψας,
2403 3328 2420 3361 ι
2447 3310 2520 3361 υύ
2552 3309 2836 3379 πρότερον,
2870 3306 3037 3380 φησι,
3069 3304 3167 3375 τῆς
3214 3288 3351 3372 πρὸς
3400 3298 3702 3367 Νεστόριον

2125 3402 2413 3462 κοινωνίας
2439 3399 2777 3469 ὲκόάλλομεν
2808 3397 3054 3460 ἑαυτοὺς,
3082 3394 3211 3466 πρὶν
3242 3392 3307 3445 ἂν
3328 3390 3502 3446 ταῦτα
3530 3389 3594 3456 τῇ
3629 3388 3704 3457 σῇ

2126 3489 2409 3560 θεοσεϐείᾳ
2465 3488 2976 3560 ἀνακοινωσώμεθα.
3016 3506 3036 3542 ι
3094 3486 3265 3541 Πόθεν
3308 3483 3501 3544 τοῦτο,
3534 3481 3584 3534 εἰ
3621 3478 3703 3548 μὴ

2126 3579 2208 3636 ὃτι
2244 3578 2449 3650 μᾶλλον
2481 3579 2705 3651 ὲθάρῤει
2761 3577 3028 3649 Κύριλλος
3072 3578 3148 3647 τῷ
3198 3574 3435 3634 ἀπλανεῖ
3460 3571 3560 3643 τῆς
3605 3570 3703 3621 πί-

2128 3690 2299 3737 στεως
2344 3672 2438 3727 τοῦ
2490 3672 2706 3744 Ῥώμης
2737 3671 2950 3745 θρόνου,
2997 3671 3030 3741 ἢ
3060 3669 3182 3732 ταῖς
3203 3664 3581 3735 ἀποδείξεσιν,
3609 3655 3702 3725 αἷς

2126 3765 2218 3819 τὸν
2248 3764 2543 3837 Νεπόριον
2567 3760 2957 3834 ἐστενοχώρεις
3732 3810 3739 3815 .

2199 3855 2385 3919 Οὕτως
2415 3859 2449 3926 ἡ
2482 3855 2616 3924 ἁγία
2649 3855 2883 3922 τετάρτη
2908 3851 3123 3913 σύνοδος
3154 3851 3278 3919 ὅρον
3303 3845 3576 3914 ὲκθεμένη
3602 3840 3703 3911 τῆς

2129 3949 2391 4016 πίστεως,
2423 3947 2611 4018 ἐπειδὴ
2652 3946 2856 4009 ἀτελῶς
2886 3945 3031 4014 ἔχειν
3058 3942 3255 4008 ἐδόκει,
3291 3941 3354 3992 ὲκ
3377 3936 3484 3990 τῶν
3508 3932 3703 4004 φωνῶν

2129 4045 2228 4115 τῆς
2250 4041 2540 4114 ἐπιστολῆς
2561 4040 2654 4093 τοῦ
2682 4039 2840 4092 πάπα.
2874 4037 3122 4101 Λέοντος,
3165 4033 3233 4104 ἢν
3258 4030 3571 4103 ὀρθοδοξίας
3589 4042 3707 4079 κοι-

2128 4139 2227 4210 νὴν
2258 4139 2461 4208 στήλην
2489 4140 2524 4207 ὴ
2584 4134 2798 4196 σύνοδος
2843 4132 3188 4202 ἐπωνόμασε,
3241 4128 3333 4183 τὸν
3390 4124 3573 4193 ἀληθῆ
3603 4121 3706 4190 τῆς

2128 4232 2295 4304 ὀρθῆς
2320 4232 2551 4294 πίστεως
2582 4230 2843 4299 ὲξύφανεν
2865 4228 3008 4297 ὅρον.
3038 4226 3144 4278 Καὶ
3174 4225 3224 4277 oi
3246 4223 3343 4292 τῆς
3374 4220 3542 4287 ἕκτης
3578 4234 3708 4270 ow-

2129 4325 2250 4378 ὁδον
2279 4326 2345 4378 ὲκ
2381 4322 2482 4394 τῆς
2504 4323 2867 4390 ἀναγνώσεως
2897 4318 3004 4373 τῶν
3031 4316 3379 4388 γραμμάτων
3407 4312 3503 4367 τοῦ
3547 4310 3710 4364 πάπα

2129 4413 2453 4485 ὁμολογοῦσι
2507 4411 2609 4484 τὴν
2657 4410 2873 4479 αἵρεσιν
2906 4406 3198 4469 ἐκδιῶξαι,
3247 4401 3341 4455 καὶ
3377 4401 3476 4472 τὴν
3522 4402 3711 4452 πίστιν

462 4490 685 4546 tltonem
717 4508 907 4563 papam
936 4502 1166 4551 utuntur
1204 4499 1464 4556 vocibus:
1497 4519 1515 4553 ι
1545 4500 1876 4557 Orthodone
1895 4519 2017 4559 vero

2133 4504 2487 4577 στηρίξαντες
2518 4502 2655 4573 πρὸς
2704 4497 2989 4579 Ἀγάθωνά
3018 4513 3149 4565 φασι
3176 4495 3269 4548 τὸν
3291 4492 3500 4545 πάπαν·
3539 4506 3559 4540 ι
3595 4488 3712 4556 Τὴν

462 4580 587 4637 ﬁdei
610 4583 1158 4656 splendorem,quam
1184 4588 1467 4644 vobiscum
1496 4590 1735 4647 dilucide
1766 4593 2029 4662 praedica-

463 4676 664 4739 vimus,
698 4684 759 4731 ut
787 4677 986 4732 iterum
1036 4693 1134 4746 per
1162 4678 1502 4736 honorabilia
1537 4692 1719 4741 vestra
1764 4682 2033 4754 rescripta

463 4762 795 4832 obsignetis,
833 4774 1117 4833 paternam
1176 4778 1414 4823 vestram
1468 4771 1819 4827 sanctitatem
1871 4788 2031 4844 roga-

466 4871 609 4911 mus.
644 4874 664 4908 ι
698 4855 809 4911 Cur
835 4857 985 4911 enim
1014 4859 1328 4915 conﬁrmari
1373 4871 1565 4932 petunt
1620 4878 1741 4934 quae
1783 4864 2037 4935 probavit

465 4951 800 5004 meumenica
859 4950 1137 5022 synodus?
1157 4950 1345 5022 Neque
1376 4956 1517 5008 enim
1545 4943 1735 5026 rogant
1758 4965 1816 5010 ut
1843 4972 2034 5027 papam

465 5040 857 5095 assentientem
920 5041 1177 5108 habeant,
1205 5045 1301 5100 sed
1351 5045 1733 5116 obsignantem
1766 5056 1823 5102 et
1860 5057 2031 5103 ratam

467 5132 743 5187 volentem
806 5132 931 5188 ﬁdei
965 5138 1385 5205 expositionem.
1420 5136 1890 5202 Quemadmodum
1915 5150 1972 5197 et
2004 5157 2034 5196 a

467 5223 637 5293 Xysto
682 5240 819 5294 papa
848 5225 1017 5282 fuisse
1046 5227 1423 5282 conﬁrmatam
1489 5229 1708 5285 tertiam
1768 5231 2036 5298 synodum

470 5316 668 5372 asserit
703 5317 941 5389 Cyrillus
1001 5319 1231 5389 epistola
1262 5319 1329 5374 ad
1386 5320 1646 5376 Acacium
1708 5322 2036 5379 Melitenen-

470 5424 610 5466 56m.

541 5503 686 5558 [line
723 5512 1169 5574 argumentorum
1202 5513 1417 5561 tuorum
1463 5506 1643 5579 laquei
1674 5519 2037 5567 evanescunt.

472 5594 529 5651 Si
570 5597 715 5651 enim
742 5613 876 5667 papa
909 5596 1112 5652 erravit
1140 5598 1195 5651 in
1228 5596 1356 5663 ﬁde,
1380 5599 1512 5656 falsa
1567 5612 1651 5658 est
1675 5602 1880 5659 Christi
1911 5619 2042 5675 pro-

474 5687 682 5753 missio,
710 5688 1089 5758 incertumque
1110 5704 1231 5742 cum
1260 5691 1326 5745 de
1358 5692 1461 5746 li-lc
1488 5692 1695 5762 aliquid
1722 5705 2044 5750 controver-

477 5792 598 5832 sum
625 5787 726 5846 est,
755 5794 875 5848 qua:
906 5781 1063 5838 cuius
1095 5782 1333 5853 episcopi
1359 5798 1484 5836 vera
1519 5784 1585 5838 sit
1638 5796 1688 5841 ct
1739 5787 2039 5845 unhodoxa

2131 4598 2188 4653 δὲ
2219 4596 2319 4667 τῆς
2350 4594 2630 4667 ὁρθοδόξου
2655 4594 2892 4655 πίστεως
2930 4589 3297 4660 φωταύγειαν,
3324 4584 3392 4657 ἢν
3419 4581 3711 4654 τηλαυγῶς

2136 4690 2234 4743 σὺν
2264 4689 2393 4757 ὑμῖν
2416 4688 2790 4758 ἐκηρύξαμεν,
2840 4680 2996 4746 αὖθις
3025 4682 3114 4736 διὰ
3140 4682 3339 4749 τιμίων
3370 4678 3527 4749 ὑμῶν
3556 4680 3713 4732 ἀντι·

2135 4781 2363 4850 γράφων
2396 4779 2790 4849 ὲπισφραγίσαι
2827 4779 2925 4848 τὴν
2974 4776 3128 4844 ὑμῶν
3157 4771 3569 4842 ἐκλιπαροῦμεν
3598 4788 3711 4822 πα-
3752 4828 3768 4842 ν

2136 4870 2330 4944 τρικὴν
2360 4869 2648 4939 ἀγιότητα.
2688 4886 2707 4921 ι
2759 4868 2915 4923 Διατί
2946 4868 3056 4936 γὰρ
3085 4867 3153 4920 τά
3180 4864 3409 4933 δόξαντα
3436 4865 3502 4933 τῇ
3528 4864 3720 4915 οἱκουο

2140 4964 2333 5033 μενικῇ
2392 4963 2595 5032 συνόδῳ
2624 4959 2847 5029 ζητοῦσι
2880 4958 3247 5029 βεϐαιωθῆναι
3275 4971 3294 5021 ;
3328 4955 3402 5009 Οὐ
3432 4954 3544 5023 γάρ
3570 4953 3718 5021 σύμ-

2135 5054 2315 5123 ψηφον
2368 5054 2547 5120 σφίσιν
2598 5053 2780 5113 αὐτοῖς
2825 5050 3080 5117 γενέσθαι
3103 5049 3198 5101 τὸν
3233 5048 3423 5101 πάπαν
3467 5044 3714 5109 δέονται,

2136 5145 2251 5199 ἀλλ’
2281 5145 2719 5214 ὲπισφραγιστὴν
2772 5145 2869 5197 καὶ
2907 5142 3074 5213 κῦρος
3106 5142 3423 5211 παρέχοντα
3458 5139 3524 5208 τῇ
3549 5136 3718 5207 ὀρθο-

2137 5238 2318 5311 δοξῖᾳ·
2348 5239 2426 5301 ὡς
2459 5237 2553 5291 καὶ
2605 5238 2733 5308 περὶ
2764 5237 2972 5290 Ξύστου
3022 5234 3115 5288 τοῦ
3151 5234 3309 5288 πάπα
3342 5232 3477 5302 φησὶ
3503 5229 3718 5300 Κύριλ-

2137 5325 2226 5388 λος
2262 5328 2320 5379 ἐν
2348 5327 2415 5397 τῇ
2462 5326 2598 5396 πρὸς
2647 5327 2903 5379 Ἀκάκιον
2941 5323 3032 5379 τὸν
3063 5324 3381 5394 Μελιτηνῆς
3423 5322 3720 5391 ἐπιστολῇ,

2141 5419 2222 5471 ὅτι
2254 5417 2550 5471 ὲὸεὸαίωσε
2580 5418 2647 5470 τὰ
2669 5418 2766 5487 τῆς
2794 5418 2990 5487 τρίτης
3019 5417 3263 5470 συνόδου.

2224 5512 2320 5564 Ἐκ
2356 5512 2561 5564 τούτων
2600 5512 2655 5564 at!
2689 5511 2859 5580 ἄρκυς
2890 5510 2998 5563 τῶν
3033 5510 3141 5563 σῶν
3178 5510 3354 5578 λόγων
3374 5511 3715 5563 διαλύονται.

2145 5602 2207 5655 ΕΞ
2242 5603 2346 5672 γὰρ
2374 5603 2579 5671 ἐσφάλη
2601 5604 2627 5654 ὁ
2656 5603 2842 5665 πάπας
2872 5602 3001 5672 περὶ
3029 5602 3125 5673 τὴν
3152 5602 3353 5666 πίστιν,
3379 5600 3578 5670 ψευδὴς
3603 5601 3719 5669 ἄρα

2144 5694 2177 5762 ἡ
2204 5694 2507 5762 ὲπαγγ;λέα
2552 5695 2646 5747 τοῦ
2680 5694 2917 5765 Χριστοῦ
2941 5712 2953 5726 ·
2988 5696 3084 5748 καὶ
3135 5695 3352 5765 ἄδηλον,
3396 5694 3717 5762 ζητήματος

2147 5783 2298 5846 ὄντος
2340 5786 2463 5854 περὶ
2508 5786 2602 5855 τὴν
2648 5786 2847 5848 πίστιν,
2887 5786 2966 5849 si;
3006 5786 3143 5849 τῖνος
3170 5785 3470 5840 inauditae
3503 5780 3719 5854 ἀληθὴς
