4064 6206
405 261 520 330 785

961 385 1397 448 ΑΝΤΙΡΡΖΞΣῙΣ.

475 470 548 526 Εὖ
583 487 646 540 γε
681 473 780 543 τῆς
813 475 1092 546 ἀγχινοίας
1123 482 1134 534 !
1191 479 1250 534 Ὀ
1275 483 1458 538 κανὼν
1509 487 1608 556 τῆς
1669 496 1718 542 α’
1756 494 1974 546 συνόδου

400 566 694 637 τεσσάρων
725 567 1002 640 μέμνηται
1035 572 1244 643 θρόνων
1271 617 1286 642 ,
1324 579 1384 630 ὲν
1441 573 1522 641 οἷς
1580 581 1816 648 μάλιστα
1857 583 1977 654 βούε

403 657 560 712 λεται
585 665 814 730 κρατεῖν
847 665 914 716 τὰ
946 664 1156 720 παλαιὰ
1197 667 1293 738 ἔθη
1321 683 1337 700 ³
1371 671 1436 724 σὺ
1471 670 1528 724 at
1581 675 1676 726 καὶ
1724 675 1979 743 πέμπτον

403 749 646 816 εἰσάγεις
691 752 884 823 θρόνον
911 756 1006 808 τὸν
1047 759 1713 826 Κωνσταντινουπόλεως·
1754 769 1846 818 καὶ
1872 767 1980 819 ἀπὸ

400 839 502 909 τῆς
538 841 764 912 πρώτης
797 846 1020 901 συνόδου
1060 851 1236 922 πηδᾷς
1286 853 1377 904 ἐπὶ
1426 853 1526 922 τὴν
1558 855 1850 926 τετάρτην·
1885 859 1980 910 καὶ

404 936 516 996 τοῖς
541 935 790 1005 ἀρχαίοις
839 939 948 992 τῶν
983 941 1358 996 ἀποστολικῶν
1401 945 1607 1015 θρόνων
1651 947 1797 1003 ἔθεσι
1853 968 1978 1002 συνο

405 1027 665 1096 αριθμεῖς
693 1031 787 1082 καὶ
811 1029 879 1082 τὰ
903 1032 998 1085 τοῦ
1023 1035 1683 1108 Κωνσταντινουπόλεως,
1714 1043 1981 1115 παράγων

402 1119 604 1170 κανόνα
634 1119 808 1184 νόθον,
842 1122 1127 1191 ἀδόκιμον,
1163 1127 1392 1200 ἄκυρον.

475 1207 606 1264 Εἶτα
646 1214 872 1269 καὶτοῦ
904 1219 1152 1288 γινησίου
1201 1203 1430 1284 κανόνος
1473 1223 1574 1294 τὴν
1621 1224 1798 1295 ἀρχὴν
1847 1229 1981 1280 ἁπε-

405 1303 636 1372 κάψατεν
669 1303 744 1369 ὡς
781 1308 844 1360 ἐκ
883 1309 982 1378 τῆς
1008 1309 1082 1374 ις’
1115 1311 1379 1383 πράξεως
1424 1315 1523 1384 τῆς
1563 1317 1610 1369 δ’
1637 1319 1856 1371 συνόδου
1889 1319 1982 1388 δῆ-

406 1395 516 1450 ὶον.
559 1398 962 1466 ’Δναγνωσθεὶς
1008 1403 1115 1474 γὰρ
1149 1406 1268 1458 ἐκεῖ
1301 1407 1452 1476 παρὰ
1480 1407 1590 1460 τῶν
1628 1407 1917 1479 Ῥωμαίων
1955 1413 1984 1463 ὁ

406 1489 605 1556 κανὼν,
643 1491 821 1558 οὕτως
850 1495 986 1565 ἔχει·
1021 1513 1040 1548 ι
1089 1497 1153 1553 Ἦ
1205 1499 1510 1569 Ἐκκλησία
1578 1500 1798 1571 Ῥώμης
1847 1503 1984 1556 πάν-

402 1600 524 1634 τοτε
553 1584 678 1654 ἔσχε
704 1589 772 1640 τὰ
801 1591 1068 1655 πρωτεῖα.
1097 1591 1252 1664 Ἔχει
1294 1594 1586 1664 τοιγαροῦν
1615 1598 1712 1648 καὶ
1757 1597 1788 1666 ἡ
1817 1597 1982 1664 Αἴγυ-

405 1693 560 1742 πτος,
595 1677 738 1732 ὥστε
798 1681 890 1733 τὸν
945 1683 1244 1738 ἐπίσκοπον
1295 1684 1704 1756 Ἀλεξανδρείας
1759 1689 1980 1742 πάντων

403 1767 550 1836 ἔλειν
583 1771 840 1836 ἐξουσίαν
867 1815 881 1838 ,
938 1774 1127 1844 ἐπειδὴ
1173 1776 1268 1829 καὶ
1325 1777 1404 1847 τῷ
1442 1755 1662 1848 Ῥώμης
1695 1779 1980 1849 ἓπισκόπῳ
2016 1755 2056 1808 Β

405 1857 564 1940 τοῦτο
597 1861 824 1930 σύνηθές
861 1864 1002 1930 ἐστι,
1037 1883 1056 1916 ι
1100 1867 1196 1918 καὶ
1231 1869 1299 1921 τά
1328 1867 1894 1940 ὲξῇς.’Δναγνωσθεὶς
1923 1871 1980 1924 δὲ

403 1947 698 2023 κα“ι”παρὰ
751 1955 860 2008 τῶν
905 1956 1246 2011 ἀνατολικῶν
1292 1957 1466 2023 οὕτως
1513 1959 1664 2030 ἔχει·
1705 1979 1724 2013 ι
1767 1962 1848 2015 Τὰ
1886 1963 1981 2032 ἀρ-

403 2047 528 2113 χαῖα
557 2046 654 2114 ἔθη
688 2049 984 2116 κρατείτω,
1032 2050 1100 2104 τὰ
1149 2053 1208 2104 ὲν
1255 2053 1521 2124 Αἰγύπτῳ
1551 2054 1642 2107 καὶ
1674 2055 1849 2126 Λιϐύῃ
1885 2053 1983 2108 καὶ

404 2139 790 2202 Πενταπόλει,
844 2141 984 2196 ὥστε
1050 2142 1143 2198 τδν
1208 2144 1625 2214 Ἀλεξανδρείας
1677 2147 1980 2200 ἐπίσκοπον

405 2230 626 2284 πάντων
657 2232 864 2286 τούτων
921 2233 1068 2304 ἔχειν
1127 2233 1407 2302 ἐξουσίαν,
1457 2236 1782 2307 ἐπειδὴηκαὶ
1810 2237 1889 2306 τῷ
1924 2239 1980 2292 ἐν

413 2317 606 2396 Ῥώμῃ
634 2325 920 2396 ἔπισκόπῳ
948 2327 1106 2381 τοῦτο
1153 2327 1390 2398 σύνηθές
1422 2329 1597 2385 ἐστιν.
1629 2347 1648 2381 ι
1687 2327 1847 2382 Οὕτω
1883 2331 1981 2399 μὲν

401 2409 498 2466 οὖν
529 2415 934 2480 κολοϐωθέντος
981 2415 1076 2471 τοῦ
1111 2417 1348 2488 ἀληθοῦς
1383 2416 1610 2483 κανόνος
1641 2420 1819 2473 ἐκεῖνο
1851 2419 1981 2473 θαυ-

407 2509 660 2574 ραστδν,
717 2510 798 2562 ὅτι
857 2511 1118 2578 ἀπυκοπὴ
1169 2511 1366 2579 γέγονε
1394 2511 1490 2564 τοῦ
1543 2512 1822 2581 πρωτείου
1879 2513 1980 2582 τῆς

417 2595 644 2669 Ῥώμης
670 2640 684 2662 ,
718 2599 816 2655 καὶ
851 2603 1136 2672 προσθήκη
1179 2601 1276 2654 τοῦ
1322 2601 1976 2665 Κωνσταντινουπόλεως.

407 2691 520 2744 Καὶ
569 2695 832 2758 τοιούτοις
869 2695 1334 2766 πανουργεύμασι
1367 2697 1645 2768 χρώμενοι
1687 2699 1980 2768 πολεμεῖτε

403 2779 484 2850 τῷ
510 2780 733 2851 πάππα,
776 2784 868 2836 καὶ
902 2784 998 2856 τὴν
1029 2784 1456 2856 θαυμαζομένην
1487 2785 1642 2856 ὑμῶν
1665 2785 1981 2857 δρθοδοξίαν

409 2877 722 2942 στηρίζετε.
757 2939 760 2942 ,

478 2966 674 3032 Λέ-,ιεις
699 2955 919 3031 ὲκείνας
943 2967 1040 3023 τοῦ
1078 2970 1306 3034 κανόνος
1337 2971 1434 3036 τὰς
1457 2971 1664 3041 φωνὰς,
1698 2991 1716 3025 ι
1760 2947 1981 3046 ’ἐπειδὴ

1715 285 2161 350 ΒΕίῗυΤΛΤΙΟ
2219 296 2399 360 NlU.

3555 305 3660 366 736

2645 410 3108 467 CONFUTATIO.

2155 499 2445 572 Egregium
2477 517 2610 557 sane
2639 502 2882 558 hominis
2914 503 3192 572 ingenium
3219 507 3232 558 ι
3260 505 3446 560 Canon
3473 509 3660 576 primae

2082 593 2272 662 synodi
2311 603 2548 662 quatuor
2595 592 2754 649 sedes
2787 603 3074 656 memorat,
3101 595 3154 648 in
3206 597 3408 664 quibus
3435 598 3658 666 potissi-

2083 697 2230 738 mum
2263 685 2380 738 vult
2418 685 2674 755 antiquos
2703 686 2906 741 durare
2927 701 3107 742 mores
3133 705 3146 752 ;
3175 697 3231 741 tu
3261 703 3392 742 vero
3414 690 3659 757 qninta-n

2082 773 2239 828 addis
2326 775 2509 831 sedem
2565 775 3257 848 Constantinopolitanam;
3299 791 3355 834 et
3407 798 3438 836 e
3489 783 3659 851 prima

2083 865 2292 936 synodo
2325 868 2490 923 saltas
2526 869 2578 923 in
2624 881 2914 940 quartam;
2958 881 3014 926 et
3063 873 3307 941 antiquis
3337 875 3662 943 apostolica-

2084 972 2206 1010 rum
2259 957 2472 1014 sedium
2509 962 2756 1016 moribus
2792 978 3128 1020 annumeras
3161 979 3282 1034 qua:
3335 975 3463 1019 sunt
3519 967 3662 1020 Con-

2083 1047 2596 1118 stantinopolitani;
2633 1050 2959 1122 profersque
2991 1069 3256 1109 canouem
3293 1053 3659 1125 illegitimum,
3709 1085 3720 1128 ί

2085 1137 2477 1210 improbatum,
2505 1143 2681 1197 nullas
2705 1143 2850 1198 vires
2879 1145 3191 1201 habentem.

2155 1231 2361 1287 Deinde
2387 1243 2442 1287 et
2472 1235 2714 1302 germani
2745 1237 2972 1291 canonis
2999 1238 3327 1308 principium
3351 1241 3658 1302 recidistis.

2085 1329 2144 1374 ut
2176 1331 2394 1378 constat
2435 1339 2500 1378 ex
2539 1340 2624 1380 xv:
2679 1335 2786 1381 act.
2841 1337 3048 1396 quarta:
3081 1331 3298 1400 synodi.
3334 1331 3388 1386 Si
3431 1333 3654 1400 quidem

2085 1413 2348 1468 recitatus
2379 1413 2454 1468 ibi
2475 1431 2650 1470 canon
2683 1431 2713 1471 a
2745 1418 3002 1474 Romanis
3029 1421 3110 1476 sic
3143 1421 3338 1475 habet:
3370 1441 3386 1472 ι
3415 1423 3658 1477 Ecclesia

2086 1503 2332 1560 Romana
2357 1519 2577 1575 semper
2608 1507 2801 1564 habuit
2833 1510 3128 1580 primatum
3163 1527 3175 1566 :
3211 1511 3376 1566 habet
3413 1513 3577 1582 igitur
3607 1523 3662 1566 et

2085 1596 2375 1667 Egyptus,
2407 1609 2466 1653 ut
2498 1601 2792 1672 episcopus
2827 1603 3232 1680 Alexandrinus
3281 1603 3658 1673 AE'gyptiorum

2086 1691 2334 1744 omnium
2371 1691 2570 1748 habeat
2603 1703 2954 1764 potestatem,
2991 1695 3438 1765 quandoquidem
3465 1705 3522 1750 ct
3549 1697 3660 1750 Ro~

2085 1797 2246 1836 mano
2279 1782 2536 1854 episcopo
2595 1785 2698 1839 hoc
2749 1785 2802 1839 iu
2865 1801 3014 1841 more
3046 1787 3284 1856 positum
3339 1797 3441 1850 est,
3486 1795 3594 1841 ctc.
3635 1806 3653 1838 ι

2083 1873 2243 1930 Juxta
2297 1875 2608 1932 Orientales
2659 1888 2842 1932 autem
2873 1877 2945 1932 ita
2995 1893 3054 1933 se
3089 1878 3288 1932 habet:
3327 1896 3345 1928 ‹
3409 1879 3661 1947 Antiqua:

2084 1965 2512 2021 consuetudines
2541 1977 2854 2032 serventur,
2893 1981 3014 2037 qua:
3039 1967 3096 2021 in
3133 1967 3390 2040 JEgypto,
3420 1967 3584 2040 Libya
3605 1977 3660 2022 et

2083 2053 2392 2124 Pentapoli,
2427 2063 2488 2109 ut
2530 2047 2934 2111 Alexandrinus
2989 2056 3282 2126 episcOpus
3315 2057 3508 2110 horum
3543 2071 3661 2110 om-

2083 2145 2235 2198 nium
2289 2146 2488 2202 habeat
2543 2149 2898 2211 potestatem,
2949 2145 3397 2218 quandoquidem
3441 2146 3546 2201 hoc
3605 2157 3662 2201 ct

2083 2237 2334 2291 Romano
2367 2238 2626 2307 episcopo
2679 2236 2734 2290 in
2769 2251 2920 2292 more
2951 2237 3190 2306 positum
3227 2246 3331 2292 est.
3372 2256 3392 2290 ι
3419 2235 3498 2292 Ita
3531 2253 3660 2292 vero

2083 2343 2294 2384 canone
2319 2327 2650 2384 detruncato
2675 2328 2810 2384 illud
2865 2329 3128 2384 admirari
3181 2329 3336 2393 licet,
3393 2329 3662 2398 primatus

2085 2421 2316 2476 Romani
2370 2422 2569 2476 factam
2623 2436 2748 2477 esse
2783 2421 3206 2488 mutilationem,
3237 2431 3294 2477 et
3316 2422 3664 2476 additamen-

2033 2583 2040 2586 _
2083 2519 2198 2566 tum
2233 2512 2302 2566 de
2324 2511 2954 2582 Constantinopolitano.
2987 2513 3058 2567 Et
3097 2513 3416 2584 hujusmodi
3451 2513 3660 2565 fraudi-

2084 2604 2189 2658 bus
2221 2607 2550 2676 Oppugnatis
2579 2619 2773 2675 papam
2804 2645 2816 2668 ,
2855 2614 2911 2659 et
2941 2605 3196 2662 eximiam
3225 2615 3464 2659 vestram
3494 2606 3662 2660 stabi-

2081 2693 2196 2749 litis
2223 2695 2632 2750 orthodoxiam.

2155 2973 2300 3028 Dicis
2349 2987 2510 3029 voces
2551 2973 2691 3036 illas,
2755 2991 2772 3023 ι
2799 2971 3254 3040 Quandoquidem
3297 2971 3400 3027 hoc
3443 2981 3500 3026 et
3553 2973 3664 3026 lto—

408 3060 500 3110 )ταὶ
525 3055 601 3126 τῷ
631 3059 688 3108 ὲν
725 3058 916 3132 Ῥώμῃ
957 3060 1246 3132 ἐπισκόπῳ
1280 3060 1440 3115 τοῦτο
1491 3061 1722 3134 σύνηθές
1770 3065 1908 3128 ἐστι,
1953 3083 1970 3115 ι

2090 3083 2250 3121 mano
2295 3067 2556 3135 episcopo
2613 3065 2664 3120 in
2699 3079 2850 3119 more
2901 3063 3140 3133 positum
3185 3071 3289 3127 est,
3333 3081 3351 3114 ι
3406 3063 3510 3117 hoc
3553 3064 3658 3118 sibi

407 3150 566 3204 τῦτο
599 3149 898 3222 ’σημαίνειν
927 3170 938 3183 ·
984 3154 1211 3224 Ἐπειδὴ
1247 3155 1326 3225 τῷ
1371 3155 1576 3226 πάππα
1619 3157 1831 3210 δέδοται
1867 3157 1980 3210 τῶν

410 3242 680 3312 ἐσπερίων
711 3247 955 3314 κρατεῖν·
995 3245 1133 3316 ὅπερ
1162 3247 1261 3316 οὐχ
1291 3245 1618 3316 ἑρμηνεύειν
1645 3247 1822 3311 ἐστὶν,
1845 3247 1981 3304 ἀλλὰ

413 3335 696 3400 βιάζεσθαι
729 3339 826 3400 τὰς
864 3336 1063 3404 λέξεις·
1117 3339 1193 3392 ὲῶ
1242 3341 1351 3410 γὰρ
1390 3338 1612 3408 λέγειν,
1649 3341 1731 3394 ὅτι
1773 3343 1835 3408 ἐκ
1872 3341 1982 3394 τῶν

409 3429 500 3479 τἿῦ
527 3430 750 3494 κανόνος
802 3433 1066 3502 ῥημάτων
1120 3433 1244 3504 ούχὶ
1297 3431 1391 3486 νῦν
1445 3434 1716 3504 πρῶτονό
1749 3433 1982 3495 πάπποις

411 3521 571 3574 ἔῗιαϐε
617 3524 678 3574 τὸ
716 3527 941 3593 κρατεῖν
986 3525 1098 3579 τῶν
1152 3525 1447 3597 ἑσπερίων,
1501 3525 1616 3578 ἀλλ’
1663 3527 1739 3590 ὡς
1786 3544 1984 3596 κεκτη-

415 3614 578 3680 μένος
632 3615 940 3682 εἰσάγεται·
987 3618 1047 3670 οὐ
1115 3617 1222 3688 γὰρ
1273 3618 1424 3686 λέγει
1455 3658 1470 3680 .
1509 3618 1710 3684 Καθὼς
1755 3621 1816 3672 ὲν
1867 3622 1986 3684 τοῖς

413 3706 690 3775 ἑσπερίοις
746 3709 864 3763 ἐστὶ
909 3708 1159 3777 σύνηθες,
1202 3709 1315 3762 ἀλλ’
1378 3709 1603 3778 Ἐπειδὴ
1669 3710 1826 3764 τοῦτό
1871 3713 1988 3766 ἐστι

417 3798 672 3866 σύνηθες.
706 3801 968 3870 Δεικτικὴ
1001 3797 1136 3853 οὖσα
1167 3801 1488 3872 ἀντωνυμία
1519 3803 1552 3870 ἠ
1597 3801 1760 3866 λέξις,
1789 3805 1998 3868 τοῦτο,

415 3889 464 3937 εἰ
527 3886 626 3956 μὲν
685 3889 922 3959 πρᾶγμα
963 3890 1230 3951 δείκνυσι.
1269 3891 1368 3959 τὴν
1425 3890 1633 3943 ἐκείνου
1689 3891 1990 3960 παρουσίαν

415 3979 676 4048 ἐμφαίνει
707 4021 722 4044 ,
759 3981 834 4044 ὠς
868 3981 1034 4050 ἡνίκα
1087 3982 1327 4049 λέγεται,
1368 3981 1543 4036 Τοῦτό
1608 3983 1708 4052 μού
1753 3987 1872 4036 ἐστι
1931 3985 1990 4037 τὸ

415 4075 602 4140 κῶμα·
629 4073 722 4125 τοῦ
749 4073 1080 4143 πράγματος
1107 4075 1164 4126 δὲ
1203 4073 1278 4144 μὴ
1315 4073 1606 4142 παρόντος,
1647 4073 1860 4143 ἀνάγκη
1892 4073 1990 4143 τὴν

417 4163 652 4232 δύναμιν
692 4165 791 4234 τῆς
825 4164 1050 4232 δείξεως
1086 4165 1354 4234 φέρεσθαι
1403 4164 1436 4234 ἢ
1479 4165 1619 4235 πρὸς
1666 4165 1726 4217 τδ
1763 4163 1992 4232 ἔγγιστα

423 4257 856 4324 προηγούμενον,
885 4257 916 4326 ἢ
945 4259 1004 4310 τὸ
1031 4258 1316 4328 προσεχὼς
1355 4257 1761 4328 μεθεπόμενον·
1791 4254 1900 4310 οἷον
1936 4261 1993 4310 ὲν

419 4345 496 4414 τῷ
533 4345 736 4416 πρώτῳ
765 4346 953 4400 κανόνι
979 4345 1079 4415 τῆς
1112 4347 1283 4416 αὐτῆς
1314 4347 1538 4417 πρώτης
1575 4347 1798 4400 συνόδου
1829 4350 1994 4416 φασὶν

2083 3159 2226 3214 velle
2258 3176 2272 3212 :
2305 3157 2760 3228 Quandoquidem
2803 3157 3048 3211 Romano
3073 3157 3332 3224 episcopo
3353 3155 3541 3209 datum
3577 3165 3662 3210 est

2086 3263 2146 3306 ιιι
2171 3249 2616 3304 Occidentalibus
2667 3248 2870 3317 praesit.
2927 3247 3034 3301 Sed
3093 3247 3196 3302 hoc
3267 3249 3660 3316 (praeterquam

2085 3343 2231 3412 quod
2267 3340 2654 3409 verba'synodi
2697 3355 2804 3393 non
2849 3337 3199 3406 signiﬁcant,
3239 3339 3355 3394 dari
3399 3355 3466 3395 eo
3531 3351 3664 3396 tem-

2069 3449 2220 3509 pore
2253 3449 2404 3506 papa:
2435 3441 2759 3502 potestatem
2793 3431 2848 3485 iu
2893 3428 3305 3497 Occidentales,
3337 3433 3430 3487 sed
3475 3419 3536 3489 ιιί
3564 3449 3666 3489 an-

2091 3526 2295 3594 tiquam
2357 3525 2691 3593 suppoount)
2751 3538 2860 3575 non
2927 3521 3276 3590 interpretari
3309 3533 3414 3588 est,
3473 3539 3664 3578 verum

2089 3613 2292 3668 inferre
2338 3615 2446 3668 vim
2501 3613 2763 3676 vocibus;
2809 3627 2918 3664 non
2948 3611 3093 3664 enim
3131 3610 3282 3672 dicit,
3315 3609 3490 3665 Sicuti
3547 3629 3666 3668 mus

2093 3715 2177 3761 est
2203 3707 2255 3760 in
2283 3703 2748 3770 Occidentalibus,
2805 3703 2922 3769 sed,
2955 3701 3406 3771 Quandoquidem
3457 3705 3558 3758 hoc
3583 3715 3669 3760 est

2093 3801 2148 3854 in
2185 3815 2358 3854 more.
2393 3798 2498 3852 Hoc
2553 3812 2854 3868 pronomen
2889 3809 3013 3850 cum
3057 3795 3540 3848 demonstrativum
3575 3799 3665 3855 sit.

2095 3892 2140 3946 si
2174 3907 2287 3947 rem
2311 3891 2580 3954 ostendat,
2615 3899 2940 3960 praesentem
2994 3887 3302 3958 signiﬁcat;
3341 3897 3402 3942 ut
3427 3901 3550 3942 cum
3582 3887 3670 3942 di-

2095 3978 2272 4032 cimus
2303 3993 2316 4030 :
2357 3977 2470 4032 Hoc
2495 3987 2580 4033 est
2608 3991 2811 4046 corpus
2842 3989 3058 4029 meum:
3095 3975 3140 4030 si
3169 3989 3256 4029 res
3287 3991 3394 4030 non
3430 3991 3672 4045 przesens
3751 4013 3770 4022 -

2097 4067 2188 4132 sit,
2221 4083 2446 4123 necesse
2489 4077 2576 4123 est
2607 4077 2668 4122 ut
2697 4069 2780 4122 vis
2811 4067 3302 4152 demonstrationis
3353 4068 3562 4122 feratur
3587 4069 3670 4122 vel

2099 4159 2152 4214 in
2175 4159 2418 4230 proxime
2442 4159 2797 4224 antecedens,
2819 4159 2902 4213 vel
2937 4159 2990 4212 in
3022 4159 3266 4228 proxime
3297 4158 3670 4228 subsequens:

2099 4261 2160 4306 ut
2188 4267 2310 4305 cum
2329 4251 2383 4305 in
2405 4251 2580 4322 pfimo
2596 4267 2808 4307 canone
2827 4252 3018 4321 prima:
3043 4250 3236 4322 synodi
3261 4251 3418 4306 aiunt
3447 4253 3671 4306 Patres:

2105 4363 2122 4397 ι
2169 4345 2325 4400 Sit-ut
2364 4353 2543 4399 autem
2581 4345 2928 4400 manifestum
2955 4355 3041 4399 est
3083 4344 3290 4398 dictum
3327 4345 3430 4399 hoc
3455 4359 3578 4398 esse
3607 4346 3676 4399 de

419 4441 468 4490 οἱ
509 4441 767 4510 ΙΙατέρες·
804 4459 822 4490 ι
863 4439 1076 4508 Ὠσπερ
1115 4441 1171 4492 δὲ
1227 4439 1384 4492 τοῦτο
1425 4439 1716 4512 πρόδηλον,
1749 4441 1831 4493 ὅτι
1863 4442 1988 4510 περὶ

2098 4440 2166 4494 iis
2201 4439 2291 4508 qui
2329 4433 2454 4492 rcm'
2479 4439 2621 4492 hanc
2655 4439 2722 4493 de
2783 4439 3052 4494 industria
3093 4439 3399 4500 faciunt,ct
3448 4437 3678 4491 virilita-

419 4529 529 4580 τῶν
571 4531 1009 4600 ἐπιτηδευόντων
1061 4532 1120 4584 τι
1185 4533 1460 4600 πρᾶγμα,
1514 4535 1608 4584 καὶ
1661 4530 1994 4602 τολμώντων

421 4622 644 4684 Laut-oi»;
683 4622 970 4692 ἐκτέμνειν
1005 4619 1242 4690 εἴρηται·
1291 4639 1307 4670 ι
1337 4621 1587 4692 όρᾷςτὴν
1621 4621 1992 4690 ἀντωνυμίαν,

423 4709 641 4778 τοῦτο,
704 4709 984 4782 δεικτικὴν
1041 4707 1210 4763 οὖσαν
1262 4710 1358 4763 τοῦ
1400 4710 1686 4781 προσεχῶς
1743 4713 1995 4780 interpo-

422 4803 606 4870 μῖνου.
642 4803 750 4854 Καὶ
787 4803 846 4855 ὲν
874 4801 952 4872 τῷ
984 4799 1025 4854 ε’
1057 4801 1272 4868 κανόνι,
1329 4821 1346 4853 ι
1389 4803 1790 4868 Ἐξεταζέσθω,
1820 4804 1956 4872 φασὶ
1978 4841 1992 4864 ,

423 4899 499 4964 μὴ
525 4895 892 4968 μικροψυχίᾳ,
924 4896 956 4966 ἢ
991 4895 1320 4966 φιλονεικίᾳ,
1367 4895 1400 4965 ἦ
1441 4913 1547 4948 τινι
1576 4897 1800 4966 τοιαύτῃ
1833 4897 1998 4969 ἀηδίᾳ

421 4988 515 5040 τοῦ
547 4989 854 5042 ἐπισκόπου
906 4988 1334 5056 ἀποσυνάγωγοι
1370 4987 1722 5058 γεγένηνται.
1753 4989 1872 5042 Ἵνα
1902 4987 1997 5043 οὖν

419 5081 580 5132 τ.5το
615 5081 714 5150 τὴν
763 5079 1087 5149 πρέπουσαν
1149 5079 1403 5142 ἐξέτασιν
1455 5079 1753 5151 λαμϐάνῃ,
1817 5082 1998 5146 καλῶς

421 5178 566 5241 ἐχειν
597 5175 774 5241 ἔδοξεν
796 5190 809 5205 ⁸
841 5195 861 5227 ι
895 5177 990 5229 καὶ
1020 5176 1086 5228 τὰ
1112 5176 1262 5245 ἑξῆς.
1297 5175 1566 5228 Ἐνταῦοα
1595 5178 1626 5245 ὴ
1657 5177 1994 5248 ἀντωνυμία,

425 5271 601 5322 unita
631 5307 648 5332 ,
701 5268 959 5338 σημαίνει
1010 5268 1071 5320 τὸ
1126 5267 1358 5336 ἔγγιστα
1419 5271 1870 5338 προηγούμενον·
1903 5271 1998 5321 καὶ

423 5366 480 5414 ἐν
513 5362 586 5432 τῷ
618 5361 670 5432 η’
703 5363 892 5415 κανόνι
925 5349 1055 5434 πέρί
1091 5361 1202 5414 τῶν
1233 5359 1526 5430 Καθαρῶν,
1560 5381 1576 5411 ι
1621 5361 1731 5432 Πρὸ
1779 5361 1998 5414 πάντων

423 5459 478 5507 δὲ
512 5496 526 5518 ,
589 5457 764 5526 φασὶ,
808 5455 967 5508 τοῦτο
1024 5453 1362 5526 ὁμολογῆσαι
1425 5454 1630 5516 αὐτοὺς
1697 5452 1996 5521 ἐγγράφως

431 5547 723 5615 προσήκει,
773 5546 858 5602 ὅτι
895 5545 1261 5616 συνθήσονται
1299 5547 1393 5600 καὶ
1422 5545 1853 5612 ἀκολουθήσουσι
1889 5547 2001 5607 τοῖς

425 5641 660 5707 δ-ιείμασι
715 5641 813 5711 τῆς
876 5639 1174 5710 καθολικῆς
1233 5638 1560 5707 Ἐκκλησίας
1587 5653 1601 5666 ·
1640 5655 1657 5688 ι
1697 5637 1934 5690 ἐνταῦθα
1967 5637 2000 5706 ἡ

425 5733 590 5800 αξη,
621 5733 797 5786 τοῦτο
831 5776 841 5790 .
881 5733 1214 5802 ἀδιπῖέρεται
1254 5732 1388 5798 πρὶς
1441 5731 1500 5783 τδ
1547 5731 1766 5792 iii-’7‘";
1801 5729 2002 5780 έτδιε·

2097 4541 2207 4586 tem
2261 4531 2362 4584 sibi
2404 4531 2756 4594 abscindunt,
2795 4549 2812 4580 ι
2855 4541 3005 4586 certe
3034 4545 3336 4600 pronomen
3391 4531 3528 4582 lianc
3583 4529 3678 4582 de-

2096 4631 2365 4675 monstrat
2425 4622 2570 4692 quod
2631 4623 2880 4690 proxime
2927 4623 3196 4690 sequitur.
3251 4621 3318 4675 Et
3377 4635 3590 4676 canone
3623 4623 3677 4686 5,

2103 4731 2120 4763 ι
2163 4713 2514 4783 Exquiralur,
2551 4715 2826 4782 inquiunt,
2885 4728 2954 4767 ne
3005 4713 3402 4782 indignatione,
3431 4723 3528 4768 aut
3549 4729 3680 4768 con-

2107 4807 2379 4870 tentione,
2413 4816 2509 4859 aut
2558 4805 2750 4874 quavis
2805 4805 2910 4860 alia
2962 4807 3206 4875 episcopi
3239 4804 3548 4860 oﬂ'ensione
3583 4821 3678 4860 eit-

2100 4898 2484 4952 communicati
2517 4897 2643 4954 sint.
2669 4895 2737 4951 Ut
2766 4897 2933 4964 igitur
2953 4895 3058 4950 hoc
3081 4896 3244 4966 digna
3271 4894 3678 4948 examinatione

2100 5001 2398 5060 quaeratur,
2427 4990 2604 5043 visum
2636 4999 2720 5044 est
2750 4989 2804 5043 in
2837 5005 2950 5044 rem
2981 5005 3140 5054 esse;
3181 5008 3200 5042 ι
3239 5003 3542 5058 pronomen
3583 4991 3679 5042 hoc

2101 5079 2392 5150 significat,
2420 5081 2562 5148 quod
2591 5080 2834 5148 proxime
2861 5079 3158 5134 antecedit.
3193 5077 3262 5132 Et
3305 5093 3520 5134 canone
3551 5079 3586 5132 8
3612 5077 3678 5131 de

2101 5171 2374 5235 Catharis,
2413 5187 2432 5221 ι
2471 5171 2610 5224 Ante
2662 5171 2844 5224 onntia
2873 5213 2887 5236 ,
2931 5169 3222 5240 inquiunt,
3255 5169 3360 5224 hoc
3393 5185 3488 5224 eos
3523 5169 3678 5222 fateri

2102 5271 2315 5332 oportet
2365 5262 2592 5333 scripto,
2643 5277 2701 5318 se
2753 5263 3040 5332 suscipere
3091 5273 3148 5316 et
3201 5261 3356 5332 sequi
3398 5261 3680 5316 catholicae

2105 5357 2360 5412 Ecclesia:
2409 5357 2686 5428 dogmata,
2738 5375 2756 5406 ι
2815 5371 3118 5426 pronomen
3175 5357 3270 5408 hoc
3327 5356 3566 5410 refertur
3611 5353 3680 5405 ad

2105 5449 2420 5505 immediate
2469 5452 2830 5520 subsequens.
2881 5447 3171 5514 Quomodo
3207 5448 3408 5517 igitur,
3459 5443 3680 5513 quando

2107 5555 2295 5599 sextus
2350 5561 2526 5599 canon
2560 5543 2684 5598 ait:
2737 5562 2756 5595 ι
2799 5542 2874 5598 Ut
2933 5540 3342 5598 Alexandrinus
3387 5537 3684 5606 episcopus

2109 5639 2304 5691 horum
2347 5637 2592 5690 omnium
2617 5636 2820 5690 habent
2841 5643 3205 5704 potestatem:
3239 5627 3685 5700 quandoquidem

2108 5743 2162 5785 ct
2198 5732 2442 5784 lintnano
2489 5731 2748 5784 coiscnno
2781 5728 2880 5780 hor
2923 5727 2974 5780 in
3029 5739 3176 5776 more
3227 5719 3470 5774 positum
3506 5725 3620 5794 est,
3661 5733 3678 5766 ι
