  <div class='ocr_page' id='page_1' title='image "/cluster/home/n/w/nwhite01/storage/ocr_20150623/149/hvd.32044073498818/426.png"; bbox 0 0 4064 6206; ppageno 0'>
   <div class='ocr_carea' id='block_1_1' title="bbox 434 283 544 345">
    <p class='ocr_par' dir='ltr' id='par_1_1' title="bbox 434 283 544 345">
     <span class='ocr_line' id='line_1_1' title="bbox 434 283 544 345; baseline 0 -1"><span class='ocrx_word' id='word_1_1' title='bbox 434 283 544 345; x_wconf 73' lang='lat' dir='ltr'><strong>Silo</strong></span> 
     </span>
    </p>
   </div>
   <div class='ocr_carea' id='block_1_2' title="bbox 1743 269 2430 362">
    <p class='ocr_par' dir='ltr' id='par_1_2' title="bbox 1743 269 2430 362">
     <span class='ocr_line' id='line_1_2' title="bbox 1743 269 2430 362; baseline 0.016 -11"><span class='ocrx_word' id='word_1_2' title='bbox 1743 269 2184 356; x_wconf 61' lang='lat' dir='ltr'><strong>llEFlfTATtO</strong></span> <span class='ocrx_word' id='word_1_3' title='bbox 2245 297 2430 362; x_wconf 75' lang='lat' dir='ltr'><strong>NIIJ.</strong></span> 
     </span>
    </p>
   </div>
   <div class='ocr_carea' id='block_1_3' title="bbox 3577 295 3684 374">
    <p class='ocr_par' dir='ltr' id='par_1_3' title="bbox 3577 295 3684 374">
     <span class='ocr_line' id='line_1_3' title="bbox 3577 295 3684 374; baseline 0 -1"><span class='ocrx_word' id='word_1_4' title='bbox 3577 295 3684 374; x_wconf 68' lang='lat'><strong>803</strong></span> 
     </span>
    </p>
   </div>
   <div class='ocr_carea' id='block_1_4' title="bbox 433 401 2011 496">
    <p class='ocr_par' dir='ltr' id='par_1_4' title="bbox 433 401 2010 479">
     <span class='ocr_line' id='line_1_4' title="bbox 433 401 2010 479; baseline 0.006 -25"><span class='ocrx_word' id='word_1_5' title='bbox 433 401 632 469; x_wconf 75' lang='grc' dir='ltr'>καὶτῷ</span> <span class='ocrx_word' id='word_1_6' title='bbox 682 401 1332 467; x_wconf 80' lang='grc' dir='ltr'>Κωνσταντινουπόλεως.</span> <span class='ocrx_word' id='word_1_7' title='bbox 1406 405 1812 476; x_wconf 74' lang='grc' dir='ltr'>Παραπλησίως</span> <span class='ocrx_word' id='word_1_8' title='bbox 1855 411 2010 479; x_wconf 81' lang='grc' dir='ltr'>ἐλεγ-</span> 
     </span>
    </p>
   </div>
   <div class='ocr_carea' id='block_1_5' title="bbox 2117 401 3684 496">
    <p class='ocr_par' dir='ltr' id='par_1_5' title="bbox 2117 415 3684 496">
     <span class='ocr_line' id='line_1_5' title="bbox 2117 415 3684 496; baseline 0.011 -29"><span class='ocrx_word' id='word_1_9' title='bbox 2117 415 2239 468; x_wconf 90' lang='lat' dir='ltr'><strong>dem</strong></span> <span class='ocrx_word' id='word_1_10' title='bbox 2303 416 2466 470; x_wconf 91' lang='lat' dir='ltr'><strong>modo</strong></span> <span class='ocrx_word' id='word_1_11' title='bbox 2525 415 2913 486; x_wconf 85' lang='lat' dir='ltr'><strong>reprobabitur</strong></span> <span class='ocrx_word' id='word_1_12' title='bbox 2983 428 3038 474; x_wconf 91' lang='lat' dir='ltr'><strong>et</strong></span> <span class='ocrx_word' id='word_1_13' title='bbox 3104 434 3280 476; x_wconf 90' lang='lat' dir='ltr'><strong>canon</strong></span> <span class='ocrx_word' id='word_1_14' title='bbox 3337 423 3684 496; x_wconf 66' lang='lat' dir='ltr'><strong>quinisextze,</strong></span> 
     </span>
    </p>
   </div>
   <div class='ocr_carea' id='block_1_6' title="bbox 431 487 2013 568">
    <p class='ocr_par' dir='ltr' id='par_1_6' title="bbox 431 487 2013 568">
     <span class='ocr_line' id='line_1_6' title="bbox 431 487 2013 568; baseline 0.008 -26"><span class='ocrx_word' id='word_1_15' title='bbox 431 491 693 558; x_wconf 76' lang='grc' dir='ltr'>χθήσεται</span> <span class='ocrx_word' id='word_1_16' title='bbox 727 492 824 542; x_wconf 79' lang='grc' dir='ltr'><strong>καὶ</strong></span> <span class='ocrx_word' id='word_1_17' title='bbox 856 496 882 544; x_wconf 86' lang='grc' dir='ltr'>ὁ</span> <span class='ocrx_word' id='word_1_18' title='bbox 905 492 1000 560; x_wconf 81' lang='grc' dir='ltr'>τῆς</span> <span class='ocrx_word' id='word_1_19' title='bbox 1026 493 1355 564; x_wconf 81' lang='grc' dir='ltr'>πενθέκτης,</span> <span class='ocrx_word' id='word_1_20' title='bbox 1381 493 1508 548; x_wconf 76' lang='grc' dir='ltr'>ἔνθα</span> <span class='ocrx_word' id='word_1_21' title='bbox 1539 497 1671 567; x_wconf 77' lang='grc' dir='ltr'>περὶ</span> <span class='ocrx_word' id='word_1_22' title='bbox 1723 499 1822 568; x_wconf 83' lang='grc' dir='ltr'><strong>τῆς</strong></span> <span class='ocrx_word' id='word_1_23' title='bbox 1857 487 2013 554; x_wconf 76' lang='grc' dir='ltr'>συνό-</span> 
     </span>
    </p>
   </div>
   <div class='ocr_carea' id='block_1_7' title="bbox 430 579 1249 652">
    <p class='ocr_par' dir='ltr' id='par_1_7' title="bbox 430 579 1249 652">
     <span class='ocr_line' id='line_1_7' title="bbox 430 579 1249 652; baseline 0.007 -20"><span class='ocrx_word' id='word_1_24' title='bbox 430 579 521 632; x_wconf 89' lang='grc' dir='ltr'><strong>δου</strong></span> <span class='ocrx_word' id='word_1_25' title='bbox 552 581 772 652; x_wconf 73' lang='grc' dir='ltr'>ικείνης</span> <span class='ocrx_word' id='word_1_26' title='bbox 820 580 976 635; x_wconf 75' lang='grc' dir='ltr'>ἔσται</span> <span class='ocrx_word' id='word_1_27' title='bbox 1009 584 1036 635; x_wconf 84' lang='grc' dir='ltr'>ὁ</span> <span class='ocrx_word' id='word_1_28' title='bbox 1072 582 1249 650; x_wconf 86' lang='grc' dir='ltr'>λόγος.</span> 
     </span>
    </p>
   </div>
   <div class='ocr_carea' id='block_1_8' title="bbox 1085 717 1358 774">
    <p class='ocr_par' dir='ltr' id='par_1_8' title="bbox 1085 717 1358 774">
     <span class='ocr_line' id='line_1_8' title="bbox 1085 717 1358 774; baseline 0.015 -4"><span class='ocrx_word' id='word_1_29' title='bbox 1085 717 1358 774; x_wconf 85' lang='grc' dir='ltr'><strong>ΝΕΙΛΟΣ.</strong></span> 
     </span>
    </p>
   </div>
   <div class='ocr_carea' id='block_1_9' title="bbox 504 853 2015 927">
    <p class='ocr_par' dir='ltr' id='par_1_9' title="bbox 504 853 2015 927">
     <span class='ocr_line' id='line_1_9' title="bbox 504 853 2015 927; baseline 0.006 -19"><span class='ocrx_word' id='word_1_30' title='bbox 504 856 630 908; x_wconf 75' lang='grc' dir='ltr'>Ὀτι</span> <span class='ocrx_word' id='word_1_31' title='bbox 664 853 720 907; x_wconf 84' lang='grc' dir='ltr'><strong>δὲ</strong></span> <span class='ocrx_word' id='word_1_32' title='bbox 748 854 958 918; x_wconf 79' lang='grc' dir='ltr'><strong>πάντας</strong></span> <span class='ocrx_word' id='word_1_33' title='bbox 1021 855 1354 926; x_wconf 75' lang='grc' dir='ltr'><strong>ἀνακρίνων,</strong></span> <span class='ocrx_word' id='word_1_34' title='bbox 1429 859 1592 924; x_wconf 76' lang='grc' dir='ltr'>αὐτὸς</span> <span class='ocrx_word' id='word_1_35' title='bbox 1651 859 1762 914; x_wconf 70' lang='grc' dir='ltr'>ὑπ”</span> <span class='ocrx_word' id='word_1_36' title='bbox 1803 863 2015 927; x_wconf 75' lang='grc' dir='ltr'>οὐδενὸς</span> 
     </span>
    </p>
   </div>
   <div class='ocr_carea' id='block_1_10' title="bbox 432 948 2016 1018">
    <p class='ocr_par' dir='ltr' id='par_1_10' title="bbox 432 948 2016 1018">
     <span class='ocr_line' id='line_1_10' title="bbox 432 948 2016 1018; baseline 0.006 -18"><span class='ocrx_word' id='word_1_37' title='bbox 432 948 993 1018; x_wconf 80' lang='grc' dir='ltr'>ἀνακρίνεται,τοῦτο</span> <span class='ocrx_word' id='word_1_38' title='bbox 1028 949 1122 1001; x_wconf 74' lang='grc' dir='ltr'>καὶ</span> <span class='ocrx_word' id='word_1_39' title='bbox 1145 948 1360 1018; x_wconf 74' lang='grc' dir='ltr'>ψεῦδος,</span> <span class='ocrx_word' id='word_1_40' title='bbox 1395 953 1488 1004; x_wconf 77' lang='grc' dir='ltr'>καὶ</span> <span class='ocrx_word' id='word_1_41' title='bbox 1549 955 1660 1015; x_wconf 90' lang='grc' dir='ltr'>τοῖς</span> <span class='ocrx_word' id='word_1_42' title='bbox 1720 955 1830 1008; x_wconf 81' lang='grc' dir='ltr'><strong>τῶν</strong></span> <span class='ocrx_word' id='word_1_43' title='bbox 1879 959 2016 1008; x_wconf 83' lang='grc' dir='ltr'>ἀπο-</span> 
     </span>
    </p>
   </div>
   <div class='ocr_carea' id='block_1_11' title="bbox 433 1035 2015 1114">
    <p class='ocr_par' dir='ltr' id='par_1_11' title="bbox 433 1035 2015 1114">
     <span class='ocr_line' id='line_1_11' title="bbox 433 1035 2015 1114; baseline 0.006 -22"><span class='ocrx_word' id='word_1_44' title='bbox 433 1041 635 1093; x_wconf 78' lang='grc' dir='ltr'>στόλων</span> <span class='ocrx_word' id='word_1_45' title='bbox 668 1041 848 1092; x_wconf 75' lang='grc' dir='ltr'>ἔθεσιν</span> <span class='ocrx_word' id='word_1_46' title='bbox 876 1042 936 1093; x_wconf 80' lang='grc' dir='ltr'><strong>οὐ</strong></span> <span class='ocrx_word' id='word_1_47' title='bbox 971 1042 1278 1110; x_wconf 75' lang='grc' dir='ltr'>συμϐαίνει.</span> <span class='ocrx_word' id='word_1_48' title='bbox 1311 1045 1372 1096; x_wconf 83' lang='lat' dir='ltr'><strong>El</strong></span> <span class='ocrx_word' id='word_1_49' title='bbox 1404 1046 1514 1114; x_wconf 69' lang='grc' dir='ltr'><strong>γὰρ</strong></span> <span class='ocrx_word' id='word_1_50' title='bbox 1545 1047 1760 1112; x_wconf 74' lang='grc' dir='ltr'>Παῦλος</span> <span class='ocrx_word' id='word_1_51' title='bbox 1786 1035 2015 1111; x_wconf 61' lang='grc' dir='ltr'><strong>τοῖςᾶλ-</strong></span> 
     </span>
    </p>
   </div>
   <div class='ocr_carea' id='block_1_12' title="bbox 431 1133 2013 1210">
    <p class='ocr_par' dir='ltr' id='par_1_12' title="bbox 431 1133 2013 1210">
     <span class='ocr_line' id='line_1_12' title="bbox 431 1133 2013 1210; baseline 0.006 -26"><span class='ocrx_word' id='word_1_52' title='bbox 431 1133 544 1194; x_wconf 84' lang='grc' dir='ltr'>λοις</span> <span class='ocrx_word' id='word_1_53' title='bbox 573 1135 849 1186; x_wconf 73' lang='grc' dir='ltr'><strong>κοινοῦται</strong></span> <span class='ocrx_word' id='word_1_54' title='bbox 883 1133 942 1184; x_wconf 74' lang='grc' dir='ltr'>τὸ</span> <span class='ocrx_word' id='word_1_55' title='bbox 972 1135 1324 1202; x_wconf 79' lang='grc' dir='ltr'>Εὑαγγὲλιον,</span> <span class='ocrx_word' id='word_1_56' title='bbox 1354 1139 1555 1204; x_wconf 74' lang='grc' dir='ltr'>μήπως</span> <span class='ocrx_word' id='word_1_57' title='bbox 1575 1140 1652 1200; x_wconf 74' lang='grc' dir='ltr'><strong>εἰς</strong></span> <span class='ocrx_word' id='word_1_58' title='bbox 1679 1141 1837 1192; x_wconf 81' lang='grc' dir='ltr'>κενὸν</span> <span class='ocrx_word' id='word_1_59' title='bbox 1887 1143 2013 1210; x_wconf 77' lang='grc' dir='ltr'>τρέ-</span> 
     </span>
    </p>
   </div>
   <div class='ocr_carea' id='block_1_13' title="bbox 2117 509 3192 582">
    <p class='ocr_par' dir='ltr' id='par_1_13' title="bbox 2117 509 3192 582">
     <span class='ocr_line' id='line_1_13' title="bbox 2117 509 3192 582; baseline 0.004 -19"><span class='ocrx_word' id='word_1_60' title='bbox 2117 511 2338 580; x_wconf 81' lang='lat' dir='ltr'><strong>quando</strong></span> <span class='ocrx_word' id='word_1_61' title='bbox 2371 510 2439 566; x_wconf 89' lang='lat' dir='ltr'><strong>de</strong></span> <span class='ocrx_word' id='word_1_62' title='bbox 2475 509 2568 578; x_wconf 81' lang='lat' dir='ltr'><strong>illa</strong></span> <span class='ocrx_word' id='word_1_63' title='bbox 2603 511 2812 582; x_wconf 69' lang='lat' dir='ltr'><strong>synodo</strong></span> <span class='ocrx_word' id='word_1_64' title='bbox 2850 511 2957 566; x_wconf 81' lang='lat' dir='ltr'><strong>erit</strong></span> <span class='ocrx_word' id='word_1_65' title='bbox 2988 527 3192 567; x_wconf 84' lang='lat' dir='ltr'><strong>sermo.</strong></span> 
     </span>
    </p>
   </div>
   <div class='ocr_carea' id='block_1_14' title="bbox 2610 735 3204 806">
    <p class='ocr_par' dir='ltr' id='par_1_14' title="bbox 2610 735 3204 806">
     <span class='ocr_line' id='line_1_14' title="bbox 2610 735 3204 806; baseline 0.005 -19"><span class='ocrx_word' id='word_1_66' title='bbox 2610 735 2814 790; x_wconf 84' lang='lat' dir='ltr'><strong>NlLUS</strong></span> <span class='ocrx_word' id='word_1_67' title='bbox 2851 735 3003 806; x_wconf 87' lang='lat' dir='ltr'><strong>(Cap.</strong></span> <span class='ocrx_word' id='word_1_68' title='bbox 3036 735 3204 804; x_wconf 80' lang='lat' dir='ltr'><strong>Xlll).</strong></span> 
     </span>
    </p>
   </div>
   <div class='ocr_carea' id='block_1_15' title="bbox 2187 872 3683 945">
    <p class='ocr_par' dir='ltr' id='par_1_15' title="bbox 2187 872 3683 945">
     <span class='ocr_line' id='line_1_15' title="bbox 2187 872 3683 945; baseline 0 -15"><span class='ocrx_word' id='word_1_69' title='bbox 2187 875 2341 941; x_wconf 82' lang='lat' dir='ltr'><strong>Quod</strong></span> <span class='ocrx_word' id='word_1_70' title='bbox 2385 889 2514 928; x_wconf 80' lang='lat' dir='ltr'><strong>vero</strong></span> <span class='ocrx_word' id='word_1_71' title='bbox 2581 889 2771 927; x_wconf 87' lang='lat' dir='ltr'><strong>omnes</strong></span> <span class='ocrx_word' id='word_1_72' title='bbox 2835 873 2950 941; x_wconf 85' lang='lat' dir='ltr'><strong>ipse</strong></span> <span class='ocrx_word' id='word_1_73' title='bbox 2986 872 3239 942; x_wconf 82' lang='lat' dir='ltr'><strong>judicans</strong></span> <span class='ocrx_word' id='word_1_74' title='bbox 3273 890 3300 926; x_wconf 89' lang='lat' dir='ltr'><strong>a</strong></span> <span class='ocrx_word' id='word_1_75' title='bbox 3335 875 3556 930; x_wconf 90' lang='lat' dir='ltr'><strong>nemine</strong></span> <span class='ocrx_word' id='word_1_76' title='bbox 3595 879 3683 945; x_wconf 90' lang='lat' dir='ltr'><strong>ju-</strong></span> 
     </span>
    </p>
   </div>
   <div class='ocr_carea' id='block_1_16' title="bbox 2117 962 3680 1034">
    <p class='ocr_par' dir='ltr' id='par_1_16' title="bbox 2117 962 3680 1034">
     <span class='ocr_line' id='line_1_16' title="bbox 2117 962 3680 1034; baseline -0.001 -14"><span class='ocrx_word' id='word_1_77' title='bbox 2117 967 2354 1026; x_wconf 86' lang='lat' dir='ltr'><strong>dicetur,</strong></span> <span class='ocrx_word' id='word_1_78' title='bbox 2409 965 2513 1017; x_wconf 90' lang='lat' dir='ltr'><strong>hoc</strong></span> <span class='ocrx_word' id='word_1_79' title='bbox 2569 973 2621 1016; x_wconf 86' lang='lat' dir='ltr'><strong>et</strong></span> <span class='ocrx_word' id='word_1_80' title='bbox 2642 962 2836 1016; x_wconf 84' lang='lat' dir='ltr'><strong>falsum</strong></span> <span class='ocrx_word' id='word_1_81' title='bbox 2877 971 2948 1015; x_wconf 91' lang='lat' dir='ltr'><strong>.et</strong></span> <span class='ocrx_word' id='word_1_82' title='bbox 2999 963 3248 1016; x_wconf 90' lang='lat' dir='ltr'><strong>moribus</strong></span> <span class='ocrx_word' id='word_1_83' title='bbox 3309 967 3680 1034; x_wconf 87' lang='lat' dir='ltr'><strong>apostolorum</strong></span> 
     </span>
    </p>
   </div>
   <div class='ocr_carea' id='block_1_17' title="bbox 2118 1053 3684 1116">
    <p class='ocr_par' dir='ltr' id='par_1_17' title="bbox 2118 1053 3684 1116">
     <span class='ocr_line' id='line_1_17' title="bbox 2118 1053 3684 1116; baseline -0.001 -4"><span class='ocrx_word' id='word_1_84' title='bbox 2118 1057 2456 1116; x_wconf 84' lang='lat' dir='ltr'><strong>contrarium</strong></span> <span class='ocrx_word' id='word_1_85' title='bbox 2493 1066 2595 1111; x_wconf 90' lang='lat' dir='ltr'><strong>est.</strong></span> <span class='ocrx_word' id='word_1_86' title='bbox 2648 1055 2784 1108; x_wconf 82' lang='lat' dir='ltr'><strong>Nam</strong></span> <span class='ocrx_word' id='word_1_87' title='bbox 2825 1054 2870 1109; x_wconf 91' lang='lat' dir='ltr'><strong>si</strong></span> <span class='ocrx_word' id='word_1_88' title='bbox 2913 1053 3116 1109; x_wconf 84' lang='lat' dir='ltr'><strong>Paulus</strong></span> <span class='ocrx_word' id='word_1_89' title='bbox 3157 1057 3368 1110; x_wconf 85' lang='lat' dir='ltr'><strong>confert</strong></span> <span class='ocrx_word' id='word_1_90' title='bbox 3404 1074 3525 1110; x_wconf 81' lang='lat' dir='ltr'><strong>cum</strong></span> <span class='ocrx_word' id='word_1_91' title='bbox 3561 1060 3684 1111; x_wconf 81' lang='lat' dir='ltr'><strong>aliis</strong></span> 
     </span>
    </p>
   </div>
   <div class='ocr_carea' id='block_1_18' title="bbox 2117 1145 3686 1220">
    <p class='ocr_par' dir='ltr' id='par_1_18' title="bbox 2117 1145 3686 1220">
     <span class='ocr_line' id='line_1_18' title="bbox 2117 1145 3686 1220; baseline -0.001 -14"><span class='ocrx_word' id='word_1_92' title='bbox 2117 1151 2496 1220; x_wconf 78' lang='lat' dir='ltr'><strong>Evangelium,</strong></span> <span class='ocrx_word' id='word_1_93' title='bbox 2529 1164 2595 1202; x_wconf 90' lang='lat' dir='ltr'><strong>ne</strong></span> <span class='ocrx_word' id='word_1_94' title='bbox 2631 1147 2772 1202; x_wconf 90' lang='lat' dir='ltr'><strong>forte</strong></span> <span class='ocrx_word' id='word_1_95' title='bbox 2809 1145 2861 1200; x_wconf 93' lang='lat' dir='ltr'><strong>in</strong></span> <span class='ocrx_word' id='word_1_96' title='bbox 2896 1163 3128 1201; x_wconf 87' lang='lat' dir='ltr'><strong>vacuum</strong></span> <span class='ocrx_word' id='word_1_97' title='bbox 3165 1157 3412 1202; x_wconf 89' lang='lat' dir='ltr'><strong>curreret</strong></span> <span class='ocrx_word' id='word_1_98' title='bbox 3458 1158 3548 1202; x_wconf 88' lang='lat' dir='ltr'><strong>aut</strong></span> <span class='ocrx_word' id='word_1_99' title='bbox 3591 1168 3686 1204; x_wconf 90' lang='lat' dir='ltr'><strong>cu-</strong></span> 
     </span>
    </p>
   </div>
   <div class='ocr_carea' id='block_1_19' title="bbox 396 1227 2014 1302">
    <p class='ocr_par' dir='ltr' id='par_1_19' title="bbox 396 1227 2014 1302">
     <span class='ocr_line' id='line_1_19' title="bbox 396 1227 2014 1302; baseline 0.005 -24"><span class='ocrx_word' id='word_1_100' title='bbox 396 1295 400 1300; x_wconf 83' lang='lat'><strong><em>_</em></strong></span> <span class='ocrx_word' id='word_1_101' title='bbox 430 1227 555 1297; x_wconf 78' lang='grc' dir='ltr'><strong>χῃῆ</strong></span> <span class='ocrx_word' id='word_1_102' title='bbox 583 1227 805 1296; x_wconf 73' lang='grc' dir='ltr'>ἔδραμε,</span> <span class='ocrx_word' id='word_1_103' title='bbox 835 1227 926 1280; x_wconf 79' lang='grc' dir='ltr'><strong>καὶ</strong></span> <span class='ocrx_word' id='word_1_104' title='bbox 956 1227 1119 1279; x_wconf 81' lang='grc' dir='ltr'>πάλιν</span> <span class='ocrx_word' id='word_1_105' title='bbox 1155 1228 1357 1298; x_wconf 75' lang='grc' dir='ltr'>Πέτρος</span> <span class='ocrx_word' id='word_1_106' title='bbox 1378 1230 1743 1298; x_wconf 73' lang='grc' dir='ltr'>ἐπιτιμῶντος</span> <span class='ocrx_word' id='word_1_107' title='bbox 1767 1235 2014 1302; x_wconf 81' lang='grc' dir='ltr'><strong>ἀνέχεται</strong></span> 
     </span>
    </p>
   </div>
   <div class='ocr_carea' id='block_1_20' title="bbox 389 1311 2014 1402">
    <p class='ocr_par' dir='ltr' id='par_1_20' title="bbox 389 1311 2014 1402">
     <span class='ocr_line' id='line_1_20' title="bbox 389 1311 2014 1402; baseline 0.004 -32"><span class='ocrx_word' id='word_1_108' title='bbox 389 1311 648 1402; x_wconf 49' lang='lat' dir='ltr'><strong>illud)!»</strong></span> <span class='ocrx_word' id='word_1_109' title='bbox 679 1329 694 1345; x_wconf 85' lang='lat'>&#39;</span> <span class='ocrx_word' id='word_1_110' title='bbox 727 1318 842 1380; x_wconf 87' lang='grc' dir='ltr'><strong>πῶς</strong></span> <span class='ocrx_word' id='word_1_111' title='bbox 893 1312 1050 1396; x_wconf 65' lang='grc' dir='ltr'>οὗτος</span> <span class='ocrx_word' id='word_1_112' title='bbox 1098 1319 1354 1390; x_wconf 84' lang='grc' dir='ltr'>καθάπερ</span> <span class='ocrx_word' id='word_1_113' title='bbox 1408 1320 1676 1391; x_wconf 81' lang='grc' dir='ltr'>τύραννος</span> <span class='ocrx_word' id='word_1_114' title='bbox 1724 1324 2014 1378; x_wconf 81' lang='grc' dir='ltr'>ἀνεύθυνον</span> 
     </span>
    </p>
   </div>
   <div class='ocr_carea' id='block_1_21' title="bbox 387 1405 2014 1482">
    <p class='ocr_par' dir='ltr' id='par_1_21' title="bbox 387 1405 2014 1482">
     <span class='ocr_line' id='line_1_21' title="bbox 387 1405 2014 1482; baseline 0.006 -21"><span class='ocrx_word' id='word_1_115' title='bbox 431 1408 544 1473; x_wconf 76' lang='grc' dir='ltr'>ἕξει</span> <span class='ocrx_word' id='word_1_116' title='bbox 578 1409 672 1462; x_wconf 82' lang='grc' dir='ltr'><strong>τὸν</strong></span> <span class='ocrx_word' id='word_1_117' title='bbox 704 1408 821 1478; x_wconf 84' lang='grc' dir='ltr'>βίον</span> <span class='ocrx_word' id='word_1_118' title='bbox 853 1427 866 1475; x_wconf 91' lang='grc'><strong>;</strong></span> <span class='ocrx_word' id='word_1_119' title='bbox 911 1410 1036 1464; x_wconf 81' lang='grc' dir='ltr'>Ὅτι</span> <span class='ocrx_word' id='word_1_120' title='bbox 1065 1412 1120 1464; x_wconf 79' lang='grc' dir='ltr'><strong>δὲ</strong></span> <span class='ocrx_word' id='word_1_121' title='bbox 1151 1412 1247 1466; x_wconf 80' lang='grc' dir='ltr'><strong>καὶ</strong></span> <span class='ocrx_word' id='word_1_122' title='bbox 1283 1414 1482 1482; x_wconf 77' lang='grc' dir='ltr'>ψεῦδος</span> <span class='ocrx_word' id='word_1_123' title='bbox 1513 1415 1572 1468; x_wconf 77' lang='grc' dir='ltr'><strong>τὸ</strong></span> <span class='ocrx_word' id='word_1_124' title='bbox 1605 1416 1869 1482; x_wconf 84' lang='grc' dir='ltr'>τοιοῦτον,</span> <span class='ocrx_word' id='word_1_125' title='bbox 1922 1435 2014 1470; x_wconf 85' lang='grc' dir='ltr'><strong>σα-</strong></span> 
     </span>
    </p>
   </div>
   <div class='ocr_carea' id='block_1_22' title="bbox 2118 1240 3683 1310">
    <p class='ocr_par' dir='ltr' id='par_1_22' title="bbox 2118 1240 3683 1310">
     <span class='ocr_line' id='line_1_22' title="bbox 2118 1240 3683 1310; baseline -0.004 -8"><span class='ocrx_word' id='word_1_126' title='bbox 2118 1246 2407 1307; x_wconf 76' lang='lat' dir='ltr'><strong>curriSset,</strong></span> <span class='ocrx_word' id='word_1_127' title='bbox 2458 1252 2511 1296; x_wconf 87' lang='lat' dir='ltr'><strong>et</strong></span> <span class='ocrx_word' id='word_1_128' title='bbox 2559 1255 2725 1295; x_wconf 89' lang='lat' dir='ltr'><strong>rurus</strong></span> <span class='ocrx_word' id='word_1_129' title='bbox 2771 1242 2967 1295; x_wconf 90' lang='lat' dir='ltr'><strong>Petrus</strong></span> <span class='ocrx_word' id='word_1_130' title='bbox 3019 1256 3046 1294; x_wconf 89' lang='lat' dir='ltr'><strong>a</strong></span> <span class='ocrx_word' id='word_1_131' title='bbox 3099 1240 3264 1293; x_wconf 89' lang='lat' dir='ltr'><strong>l&#39;aulo</strong></span> <span class='ocrx_word' id='word_1_132' title='bbox 3309 1241 3582 1310; x_wconf 81' lang='lat' dir='ltr'><strong>increpari</strong></span> <span class='ocrx_word' id='word_1_133' title='bbox 3625 1259 3683 1295; x_wconf 87' lang='lat' dir='ltr'><strong>se</strong></span> 
     </span>
    </p>
   </div>
   <div class='ocr_carea' id='block_1_23' title="bbox 2115 1333 3678 1416">
    <p class='ocr_par' dir='ltr' id='par_1_23' title="bbox 2115 1333 3678 1416">
     <span class='ocr_line' id='line_1_23' title="bbox 2115 1333 3678 1416; baseline -0.003 -24"><span class='ocrx_word' id='word_1_134' title='bbox 2115 1340 2345 1410; x_wconf 85' lang='lat' dir='ltr'><strong>patitur,</strong></span> <span class='ocrx_word' id='word_1_135' title='bbox 2382 1337 2658 1406; x_wconf 83' lang='lat' dir='ltr'><strong>quomodo</strong></span> <span class='ocrx_word' id='word_1_136' title='bbox 2697 1333 2800 1388; x_wconf 85' lang='lat' dir='ltr'><strong>iste</strong></span> <span class='ocrx_word' id='word_1_137' title='bbox 2843 1333 2998 1402; x_wconf 89' lang='lat' dir='ltr'><strong>quasi</strong></span> <span class='ocrx_word' id='word_1_138' title='bbox 3042 1344 3302 1403; x_wconf 74' lang='lat' dir='ltr'><strong>tyrannus</strong></span> <span class='ocrx_word' id='word_1_139' title='bbox 3341 1333 3502 1416; x_wconf 67' lang='lat' dir='ltr'><strong>vitam</strong></span> <span class='ocrx_word' id='word_1_140' title='bbox 3547 1337 3678 1388; x_wconf 87' lang='lat' dir='ltr'><strong>nulli</strong></span> 
     </span>
    </p>
   </div>
   <div class='ocr_carea' id='block_1_24' title="bbox 2113 1423 3682 1502">
    <p class='ocr_par' dir='ltr' id='par_1_24' title="bbox 2113 1423 3682 1502">
     <span class='ocr_line' id='line_1_24' title="bbox 2113 1423 3682 1502; baseline -0.004 -20"><span class='ocrx_word' id='word_1_141' title='bbox 2113 1431 2283 1502; x_wconf 87' lang='lat' dir='ltr'><strong>judici</strong></span> <span class='ocrx_word' id='word_1_142' title='bbox 2351 1427 2641 1481; x_wconf 76' lang='lat' dir='ltr'><strong>obnoxiam</strong></span> <span class='ocrx_word' id='word_1_143' title='bbox 2697 1423 2987 1478; x_wconf 87' lang='lat' dir='ltr'><strong>traducet?</strong></span> <span class='ocrx_word' id='word_1_144' title='bbox 3041 1423 3194 1502; x_wconf 86' lang='lat' dir='ltr'><strong>Quod</strong></span> <span class='ocrx_word' id='word_1_145' title='bbox 3251 1433 3430 1478; x_wconf 89' lang='lat' dir='ltr'><strong>autem</strong></span> <span class='ocrx_word' id='word_1_146' title='bbox 3486 1426 3682 1478; x_wconf 85' lang='lat' dir='ltr'><strong>falsum</strong></span> 
     </span>
    </p>
   </div>
   <div class='ocr_carea' id='block_1_25' title="bbox 389 1481 2010 1594">
    <p class='ocr_par' dir='ltr' id='par_1_25' title="bbox 389 1481 2010 1594">
     <span class='ocr_line' id='line_1_25' title="bbox 389 1481 2010 1594; baseline 0.006 -41"><span class='ocrx_word' id='word_1_147' title='bbox 389 1481 551 1594; x_wconf 54' lang='grc' dir='ltr'><strong>’φές</strong></span> <span class='ocrx_word' id='word_1_148' title='bbox 585 1501 723 1572; x_wconf 77' lang='grc' dir='ltr'>Περὶ</span> <span class='ocrx_word' id='word_1_149' title='bbox 756 1501 860 1570; x_wconf 85' lang='grc' dir='ltr'>μὲν</span> <span class='ocrx_word' id='word_1_150' title='bbox 901 1503 1008 1556; x_wconf 85' lang='grc' dir='ltr'>τῶν</span> <span class='ocrx_word' id='word_1_151' title='bbox 1065 1481 1358 1575; x_wconf 82' lang='grc' dir='ltr'>δογμάτων</span> <span class='ocrx_word' id='word_1_152' title='bbox 1424 1507 1685 1580; x_wconf 87' lang='grc' dir='ltr'>ὐνώριος</span> <span class='ocrx_word' id='word_1_153' title='bbox 1727 1511 2010 1582; x_wconf 82' lang='grc' dir='ltr'>τοίςπαρ’</span> 
     </span>
    </p>
   </div>
   <div class='ocr_carea' id='block_1_26' title="bbox 431 1595 2014 1674">
    <p class='ocr_par' dir='ltr' id='par_1_26' title="bbox 431 1595 2014 1674">
     <span class='ocr_line' id='line_1_26' title="bbox 431 1595 2014 1674; baseline 0.009 -30"><span class='ocrx_word' id='word_1_154' title='bbox 431 1595 562 1662; x_wconf 79' lang='grc' dir='ltr'>ἡμῖν</span> <span class='ocrx_word' id='word_1_155' title='bbox 582 1596 872 1665; x_wconf 82' lang='grc' dir='ltr'>μαρτυρεῖ,</span> <span class='ocrx_word' id='word_1_156' title='bbox 908 1595 966 1658; x_wconf 79' lang='grc' dir='ltr'>ὃς</span> <span class='ocrx_word' id='word_1_157' title='bbox 988 1597 1200 1666; x_wconf 78' lang='grc' dir='ltr'>κριθεὶς</span> <span class='ocrx_word' id='word_1_158' title='bbox 1237 1601 1386 1668; x_wconf 84' lang='grc' dir='ltr'>παρὰ</span> <span class='ocrx_word' id='word_1_159' title='bbox 1431 1603 1532 1670; x_wconf 76' lang='grc' dir='ltr'>τῆς</span> <span class='ocrx_word' id='word_1_160' title='bbox 1564 1609 1652 1668; x_wconf 32' lang='grc' dir='ltr'>ς’,κ</span> <span class='ocrx_word' id='word_1_161' title='bbox 1673 1605 1894 1656; x_wconf 81' lang='grc' dir='ltr'><strong>συνόδου</strong></span> <span class='ocrx_word' id='word_1_162' title='bbox 1938 1606 2014 1674; x_wconf 83' lang='grc' dir='ltr'>τῷ</span> 
     </span>
    </p>
   </div>
   <div class='ocr_carea' id='block_1_27' title="bbox 431 1681 2011 1762">
    <p class='ocr_par' dir='ltr' id='par_1_27' title="bbox 431 1681 2011 1762">
     <span class='ocr_line' id='line_1_27' title="bbox 431 1681 2011 1762; baseline 0.009 -30"><span class='ocrx_word' id='word_1_163' title='bbox 431 1681 739 1752; x_wconf 85' lang='grc' dir='ltr'>ἁναθὲματι</span> <span class='ocrx_word' id='word_1_164' title='bbox 766 1685 1041 1755; x_wconf 81' lang='grc' dir='ltr'>παρεδόθη</span> <span class='ocrx_word' id='word_1_165' title='bbox 1081 1702 1094 1717; x_wconf 89' lang='grc'><strong>·</strong></span> <span class='ocrx_word' id='word_1_166' title='bbox 1127 1689 1256 1755; x_wconf 75' lang='grc' dir='ltr'>περὶ</span> <span class='ocrx_word' id='word_1_167' title='bbox 1286 1689 1343 1742; x_wconf 83' lang='grc' dir='ltr'><strong>δὲ</strong></span> <span class='ocrx_word' id='word_1_168' title='bbox 1401 1691 1500 1758; x_wconf 79' lang='grc' dir='ltr'>τῆς</span> <span class='ocrx_word' id='word_1_169' title='bbox 1537 1692 1704 1762; x_wconf 80' lang='grc' dir='ltr'><strong>ἄλλης</strong></span> <span class='ocrx_word' id='word_1_170' title='bbox 1736 1691 2011 1756; x_wconf 80' lang='grc' dir='ltr'>πολιτείας</span> 
     </span>
    </p>
   </div>
   <div class='ocr_carea' id='block_1_28' title="bbox 431 1775 2010 1849">
    <p class='ocr_par' dir='ltr' id='par_1_28' title="bbox 431 1775 2010 1849">
     <span class='ocr_line' id='line_1_28' title="bbox 431 1775 2010 1849; baseline 0.006 -21"><span class='ocrx_word' id='word_1_171' title='bbox 431 1776 528 1828; x_wconf 81' lang='grc' dir='ltr'><strong>καὶ</strong></span> <span class='ocrx_word' id='word_1_172' title='bbox 557 1779 694 1830; x_wconf 80' lang='grc' dir='ltr'>πᾶσι</span> <span class='ocrx_word' id='word_1_173' title='bbox 723 1777 826 1847; x_wconf 79' lang='grc' dir='ltr'>μὲν</span> <span class='ocrx_word' id='word_1_174' title='bbox 856 1779 1065 1849; x_wconf 88' lang='grc' dir='ltr'>νόμοις,</span> <span class='ocrx_word' id='word_1_175' title='bbox 1100 1775 1181 1843; x_wconf 71' lang='grc' dir='ltr'>οἷς</span> <span class='ocrx_word' id='word_1_176' title='bbox 1227 1783 1460 1846; x_wconf 78' lang='grc' dir='ltr'>ἕκαστος</span> <span class='ocrx_word' id='word_1_177' title='bbox 1516 1786 1625 1836; x_wconf 82' lang='grc' dir='ltr'>τῶν</span> <span class='ocrx_word' id='word_1_178' title='bbox 1690 1787 2010 1839; x_wconf 78' lang='grc' dir='ltr'>ἐπισκόπων</span> 
     </span>
    </p>
   </div>
   <div class='ocr_carea' id='block_1_29' title="bbox 433 1867 2006 1941">
    <p class='ocr_par' dir='ltr' id='par_1_29' title="bbox 433 1867 2006 1941">
     <span class='ocr_line' id='line_1_29' title="bbox 433 1867 2006 1941; baseline 0.007 -22"><span class='ocrx_word' id='word_1_179' title='bbox 433 1867 743 1934; x_wconf 83' lang='grc' dir='ltr'>ὑπόκειται,</span> <span class='ocrx_word' id='word_1_180' title='bbox 771 1869 1021 1940; x_wconf 74' lang='grc' dir='ltr'>ἐνέχεται</span> <span class='ocrx_word' id='word_1_181' title='bbox 1047 1873 1140 1925; x_wconf 75' lang='grc' dir='ltr'>καὶ</span> <span class='ocrx_word' id='word_1_182' title='bbox 1163 1874 1324 1938; x_wconf 77' lang='grc' dir='ltr'>αὐτὸς</span> <span class='ocrx_word' id='word_1_183' title='bbox 1349 1877 1428 1938; x_wconf 79' lang='lat' dir='ltr'><strong>el;</strong></span> <span class='ocrx_word' id='word_1_184' title='bbox 1456 1876 1790 1941; x_wconf 74' lang='grc' dir='ltr'><strong>ἐπισκόπους</strong></span> <span class='ocrx_word' id='word_1_185' title='bbox 1815 1879 2006 1930; x_wconf 83' lang='grc' dir='ltr'>τελῶν·</span> 
     </span>
    </p>
   </div>
   <div class='ocr_carea' id='block_1_30' title="bbox 433 1957 2012 2035">
    <p class='ocr_par' dir='ltr' id='par_1_30' title="bbox 433 1957 2012 2035">
     <span class='ocr_line' id='line_1_30' title="bbox 433 1957 2012 2035; baseline 0.006 -26"><span class='ocrx_word' id='word_1_186' title='bbox 433 1957 702 2011; x_wconf 62' lang='grc' dir='ltr'>πολλοῐδὲ</span> <span class='ocrx_word' id='word_1_187' title='bbox 733 1959 783 2012; x_wconf 76' lang='grc' dir='ltr'><strong>οἱ</strong></span> <span class='ocrx_word' id='word_1_188' title='bbox 809 1961 1039 2013; x_wconf 84' lang='grc' dir='ltr'>τοιοῦτοι</span> <span class='ocrx_word' id='word_1_189' title='bbox 1060 1961 1170 2016; x_wconf 81' lang='grc' dir='ltr'>τῶν</span> <span class='ocrx_word' id='word_1_190' title='bbox 1207 1962 1411 2033; x_wconf 83' lang='grc' dir='ltr'>νόμων,</span> <span class='ocrx_word' id='word_1_191' title='bbox 1439 1965 1490 2017; x_wconf 82' lang='lat' dir='ltr'><strong>oi</strong></span> <span class='ocrx_word' id='word_1_192' title='bbox 1538 1966 1636 2034; x_wconf 81' lang='grc' dir='ltr'>μὲν</span> <span class='ocrx_word' id='word_1_193' title='bbox 1697 1967 1850 2035; x_wconf 86' lang='grc' dir='ltr'>παρὰ</span> <span class='ocrx_word' id='word_1_194' title='bbox 1904 1967 2012 2020; x_wconf 87' lang='grc' dir='ltr'><strong>τῶν</strong></span> 
     </span>
    </p>
   </div>
   <div class='ocr_carea' id='block_1_31' title="bbox 431 2049 2012 2130">
    <p class='ocr_par' dir='ltr' id='par_1_31' title="bbox 431 2049 2012 2130">
     <span class='ocr_line' id='line_1_31' title="bbox 431 2049 2012 2130; baseline 0.005 -26"><span class='ocrx_word' id='word_1_195' title='bbox 431 2049 771 2118; x_wconf 73' lang='grc' dir='ltr'><strong>ἀποστόλων,</strong></span> <span class='ocrx_word' id='word_1_196' title='bbox 801 2051 852 2104; x_wconf 78' lang='grc' dir='ltr'><strong>οι</strong></span> <span class='ocrx_word' id='word_1_197' title='bbox 875 2050 932 2104; x_wconf 83' lang='grc' dir='ltr'><strong>δὲ</strong></span> <span class='ocrx_word' id='word_1_198' title='bbox 968 2052 1118 2122; x_wconf 84' lang='grc' dir='ltr'><strong>παρὰ</strong></span> <span class='ocrx_word' id='word_1_199' title='bbox 1140 2053 1248 2106; x_wconf 85' lang='grc' dir='ltr'>τῶν</span> <span class='ocrx_word' id='word_1_200' title='bbox 1273 2056 1666 2126; x_wconf 83' lang='grc' dir='ltr'>οίκουμενικῶν</span> <span class='ocrx_word' id='word_1_201' title='bbox 1690 2059 2012 2130; x_wconf 71' lang='grc' dir='ltr'>ἐκτεθειμέ-</span> 
     </span>
    </p>
   </div>
   <div class='ocr_carea' id='block_1_32' title="bbox 435 2143 2012 2220">
    <p class='ocr_par' dir='ltr' id='par_1_32' title="bbox 435 2143 2012 2220">
     <span class='ocr_line' id='line_1_32' title="bbox 435 2143 2012 2220; baseline 0.007 -26"><span class='ocrx_word' id='word_1_202' title='bbox 435 2159 516 2194; x_wconf 87' lang='grc' dir='ltr'>νοι</span> <span class='ocrx_word' id='word_1_203' title='bbox 541 2143 776 2198; x_wconf 81' lang='grc' dir='ltr'><strong>συνόδων</strong></span> <span class='ocrx_word' id='word_1_204' title='bbox 809 2158 822 2173; x_wconf 84' lang='grc'><em>’</em></span> <span class='ocrx_word' id='word_1_205' title='bbox 853 2146 949 2197; x_wconf 70' lang='grc' dir='ltr'><strong>καὶ</strong></span> <span class='ocrx_word' id='word_1_206' title='bbox 982 2145 1087 2217; x_wconf 77' lang='grc' dir='ltr'>ἰδίᾳ</span> <span class='ocrx_word' id='word_1_207' title='bbox 1111 2145 1168 2199; x_wconf 80' lang='grc' dir='ltr'><strong>δὲ</strong></span> <span class='ocrx_word' id='word_1_208' title='bbox 1195 2146 1446 2216; x_wconf 78' lang='grc' dir='ltr'>φαίνεται</span> <span class='ocrx_word' id='word_1_209' title='bbox 1478 2149 1630 2220; x_wconf 78' lang='grc' dir='ltr'>παρὰ</span> <span class='ocrx_word' id='word_1_210' title='bbox 1674 2149 1784 2203; x_wconf 84' lang='grc' dir='ltr'><strong>τῶν</strong></span> <span class='ocrx_word' id='word_1_211' title='bbox 1832 2169 2012 2220; x_wconf 84' lang='grc' dir='ltr'>μακα-</span> 
     </span>
    </p>
   </div>
   <div class='ocr_carea' id='block_1_33' title="bbox 438 2231 2013 2313">
    <p class='ocr_par' dir='ltr' id='par_1_33' title="bbox 438 2231 2013 2313">
     <span class='ocr_line' id='line_1_33' title="bbox 438 2231 2013 2313; baseline 0.008 -29"><span class='ocrx_word' id='word_1_212' title='bbox 438 2231 572 2301; x_wconf 78' lang='grc' dir='ltr'>ρίων</span> <span class='ocrx_word' id='word_1_213' title='bbox 593 2233 850 2305; x_wconf 77' lang='grc' dir='ltr'>Πατέρων</span> <span class='ocrx_word' id='word_1_214' title='bbox 877 2235 1304 2306; x_wconf 77' lang='grc' dir='ltr'>ἐπιτιμώμενος.</span> <span class='ocrx_word' id='word_1_215' title='bbox 1347 2238 1651 2306; x_wconf 75' lang='grc' dir='ltr'>Ἀνάγνωθι</span> <span class='ocrx_word' id='word_1_216' title='bbox 1679 2243 1876 2295; x_wconf 81' lang='grc' dir='ltr'>κανόνα</span> <span class='ocrx_word' id='word_1_217' title='bbox 1911 2243 2013 2313; x_wconf 81' lang='grc' dir='ltr'>τῆς</span> 
     </span>
    </p>
   </div>
   <div class='ocr_carea' id='block_1_34' title="bbox 437 2325 2012 2402">
    <p class='ocr_par' dir='ltr' id='par_1_34' title="bbox 437 2325 2012 2402">
     <span class='ocr_line' id='line_1_34' title="bbox 437 2325 2012 2402; baseline 0.005 -24"><span class='ocrx_word' id='word_1_218' title='bbox 437 2333 492 2388; x_wconf 83' lang='grc' dir='ltr'>ς’</span> <span class='ocrx_word' id='word_1_219' title='bbox 515 2325 734 2379; x_wconf 78' lang='grc' dir='ltr'>συνόδου</span> <span class='ocrx_word' id='word_1_220' title='bbox 771 2333 835 2397; x_wconf 84' lang='grc' dir='ltr'>ιγ’</span> <span class='ocrx_word' id='word_1_221' title='bbox 873 2328 1116 2396; x_wconf 74' lang='grc' dir='ltr'>περὶτοῦ</span> <span class='ocrx_word' id='word_1_222' title='bbox 1151 2330 1332 2400; x_wconf 78' lang='grc' dir='ltr'>γάμου</span> <span class='ocrx_word' id='word_1_223' title='bbox 1394 2333 1502 2386; x_wconf 81' lang='grc' dir='ltr'>τῶν</span> <span class='ocrx_word' id='word_1_224' title='bbox 1547 2333 1878 2402; x_wconf 78' lang='grc' dir='ltr'><strong>ἱερωμένων,</strong></span> <span class='ocrx_word' id='word_1_225' title='bbox 1917 2335 2012 2388; x_wconf 80' lang='grc' dir='ltr'><strong>καὶ</strong></span> 
     </span>
    </p>
   </div>
   <div class='ocr_carea' id='block_1_35' title="bbox 433 2417 1229 2490">
    <p class='ocr_par' dir='ltr' id='par_1_35' title="bbox 433 2417 1229 2490">
     <span class='ocr_line' id='line_1_35' title="bbox 433 2417 1229 2490; baseline 0.008 -20"><span class='ocrx_word' id='word_1_226' title='bbox 433 2417 526 2470; x_wconf 72' lang='grc' dir='ltr'>τὸν</span> <span class='ocrx_word' id='word_1_227' title='bbox 562 2425 634 2471; x_wconf 76' lang='grc' dir='ltr'>νε⁹</span> <span class='ocrx_word' id='word_1_228' title='bbox 661 2421 788 2490; x_wconf 72' lang='grc' dir='ltr'>περὶ</span> <span class='ocrx_word' id='word_1_229' title='bbox 814 2421 906 2476; x_wconf 84' lang='grc' dir='ltr'>τοῦ</span> <span class='ocrx_word' id='word_1_230' title='bbox 937 2419 1229 2477; x_wconf 72' lang='grc' dir='ltr'><strong>Σαϐὃάτου.</strong></span> 
     </span>
    </p>
   </div>
   <div class='ocr_carea' id='block_1_36' title="bbox 1001 2557 1436 2615">
    <p class='ocr_par' dir='ltr' id='par_1_36' title="bbox 1001 2557 1436 2615">
     <span class='ocr_line' id='line_1_36' title="bbox 1001 2557 1436 2615; baseline 0.009 -4"><span class='ocrx_word' id='word_1_231' title='bbox 1001 2557 1436 2615; x_wconf 81' lang='grc' dir='ltr'><strong>ΑΝΤΙΡΡΗΣΙΣ.</strong></span> 
     </span>
    </p>
   </div>
   <div class='ocr_carea' id='block_1_37' title="bbox 511 2695 2010 2774">
    <p class='ocr_par' dir='ltr' id='par_1_37' title="bbox 511 2695 2010 2774">
     <span class='ocr_line' id='line_1_37' title="bbox 511 2695 2010 2774; baseline 0.006 -26"><span class='ocrx_word' id='word_1_232' title='bbox 511 2695 790 2764; x_wconf 80' lang='grc' dir='ltr'>Σύμφωνα</span> <span class='ocrx_word' id='word_1_233' title='bbox 849 2695 1022 2748; x_wconf 82' lang='grc' dir='ltr'>ταῦτα</span> <span class='ocrx_word' id='word_1_234' title='bbox 1075 2697 1398 2762; x_wconf 77' lang='grc' dir='ltr'><strong>ἐπιπλέκεις</strong></span> <span class='ocrx_word' id='word_1_235' title='bbox 1447 2701 1570 2762; x_wconf 81' lang='grc' dir='ltr'>ταῖς</span> <span class='ocrx_word' id='word_1_236' title='bbox 1624 2703 1743 2765; x_wconf 83' lang='grc' dir='ltr'>σαῖς</span> <span class='ocrx_word' id='word_1_237' title='bbox 1793 2705 2010 2774; x_wconf 79' lang='grc' dir='ltr'>ἀρχαῖς,</span> 
     </span>
    </p>
   </div>
   <div class='ocr_carea' id='block_1_38' title="bbox 437 2791 2010 2868">
    <p class='ocr_par' dir='ltr' id='par_1_38' title="bbox 437 2791 2010 2868">
     <span class='ocr_line' id='line_1_38' title="bbox 437 2791 2010 2868; baseline 0.004 -25"><span class='ocrx_word' id='word_1_238' title='bbox 437 2791 553 2844; x_wconf 76' lang='grc' dir='ltr'>ἀλλ’</span> <span class='ocrx_word' id='word_1_239' title='bbox 580 2791 883 2858; x_wconf 50' lang='grc' dir='ltr'>ἀσύμςεωνα</span> <span class='ocrx_word' id='word_1_240' title='bbox 923 2794 990 2862; x_wconf 76' lang='grc' dir='ltr'>τῇ</span> <span class='ocrx_word' id='word_1_241' title='bbox 1041 2792 1295 2860; x_wconf 61' lang='grc' dir='ltr'>ἀληθείᾳ,</span> <span class='ocrx_word' id='word_1_242' title='bbox 1327 2793 1422 2845; x_wconf 75' lang='grc' dir='ltr'><strong>καὶ</strong></span> <span class='ocrx_word' id='word_1_243' title='bbox 1451 2795 1562 2858; x_wconf 84' lang='grc' dir='ltr'>τοῖς</span> <span class='ocrx_word' id='word_1_244' title='bbox 1599 2795 1699 2865; x_wconf 74' lang='grc' dir='ltr'><strong>ήδη</strong></span> <span class='ocrx_word' id='word_1_245' title='bbox 1734 2815 2010 2868; x_wconf 84' lang='grc' dir='ltr'>προκομι-</span> 
     </span>
    </p>
   </div>
   <div class='ocr_carea' id='block_1_39' title="bbox 440 2882 2013 2958">
    <p class='ocr_par' dir='ltr' id='par_1_39' title="bbox 440 2882 2013 2958">
     <span class='ocr_line' id='line_1_39' title="bbox 440 2882 2013 2958; baseline 0.006 -24"><span class='ocrx_word' id='word_1_246' title='bbox 440 2883 648 2935; x_wconf 86' lang='grc' dir='ltr'>σθεῖσιν</span> <span class='ocrx_word' id='word_1_247' title='bbox 694 2882 962 2952; x_wconf 71' lang='grc' dir='ltr'>ἐλέγχοις.</span> <span class='ocrx_word' id='word_1_248' title='bbox 1013 2883 1076 2936; x_wconf 85' lang='lat' dir='ltr'><strong>El</strong></span> <span class='ocrx_word' id='word_1_249' title='bbox 1111 2887 1226 2954; x_wconf 67' lang='grc' dir='ltr'><strong>γὰρ</strong></span> <span class='ocrx_word' id='word_1_250' title='bbox 1289 2886 1430 2938; x_wconf 81' lang='grc' dir='ltr'>κατὰ</span> <span class='ocrx_word' id='word_1_251' title='bbox 1467 2887 1527 2939; x_wconf 83' lang='grc' dir='ltr'><strong>σὲ</strong></span> <span class='ocrx_word' id='word_1_252' title='bbox 1559 2889 1617 2939; x_wconf 79' lang='grc' dir='ltr'>τὸ</span> <span class='ocrx_word' id='word_1_253' title='bbox 1666 2893 1933 2958; x_wconf 85' lang='grc' dir='ltr'><strong>πρωτεῖον</strong></span> <span class='ocrx_word' id='word_1_254' title='bbox 1986 2893 2013 2942; x_wconf 90' lang='grc' dir='ltr'>ὁ</span> 
     </span>
    </p>
   </div>
   <div class='ocr_carea' id='block_1_40' title="bbox 439 2977 2010 3054">
    <p class='ocr_par' dir='ltr' id='par_1_40' title="bbox 439 2977 2010 3054">
     <span class='ocr_line' id='line_1_40' title="bbox 439 2977 2010 3054; baseline 0.004 -26"><span class='ocrx_word' id='word_1_255' title='bbox 439 2981 624 3038; x_wconf 62' lang='lat' dir='ltr'><strong>nam;</strong></span> <span class='ocrx_word' id='word_1_256' title='bbox 657 2977 770 3044; x_wconf 69' lang='grc' dir='ltr'>ἔχει</span> <span class='ocrx_word' id='word_1_257' title='bbox 799 2977 958 3044; x_wconf 57' lang='grc' dir='ltr'>παρὰ.</span> <span class='ocrx_word' id='word_1_258' title='bbox 1003 2978 1112 3029; x_wconf 82' lang='grc' dir='ltr'><strong>τῶν</strong></span> <span class='ocrx_word' id='word_1_259' title='bbox 1165 2979 1449 3051; x_wconf 71' lang='grc' dir='ltr'><strong>[Ιαπέρων.</strong></span> <span class='ocrx_word' id='word_1_260' title='bbox 1486 2981 1582 3033; x_wconf 79' lang='grc' dir='ltr'><strong>καὶ</strong></span> <span class='ocrx_word' id='word_1_261' title='bbox 1619 2981 1734 3034; x_wconf 79' lang='grc' dir='ltr'>ἐστι</span> <span class='ocrx_word' id='word_1_262' title='bbox 1763 2983 2010 3054; x_wconf 83' lang='grc' dir='ltr'>διάδοχος</span> 
     </span>
    </p>
   </div>
   <div class='ocr_carea' id='block_1_41' title="bbox 2117 1497 3687 1594">
    <p class='ocr_par' dir='ltr' id='par_1_41' title="bbox 2117 1497 3687 1594">
     <span class='ocr_line' id='line_1_41' title="bbox 2117 1497 3687 1594; baseline -0.006 -16"><span class='ocrx_word' id='word_1_263' title='bbox 2117 1497 2334 1594; x_wconf 78' lang='lat' dir='ltr'><strong>quoque</strong></span> <span class='ocrx_word' id='word_1_264' title='bbox 2364 1519 2454 1584; x_wconf 83' lang='lat' dir='ltr'><strong>sit,</strong></span> <span class='ocrx_word' id='word_1_265' title='bbox 2489 1507 2616 1574; x_wconf 87' lang='lat' dir='ltr'><strong>inde</strong></span> <span class='ocrx_word' id='word_1_266' title='bbox 2653 1527 2820 1587; x_wconf 83' lang='lat' dir='ltr'><strong>patet.</strong></span> <span class='ocrx_word' id='word_1_267' title='bbox 2863 1517 2997 1570; x_wconf 86' lang='lat' dir='ltr'><strong>Nam</strong></span> <span class='ocrx_word' id='word_1_268' title='bbox 3032 1517 3096 1570; x_wconf 90' lang='lat' dir='ltr'><strong>de</strong></span> <span class='ocrx_word' id='word_1_269' title='bbox 3127 1497 3471 1588; x_wconf 72' lang='lat' dir='ltr'><strong>dogmatibus</strong></span> <span class='ocrx_word' id='word_1_270' title='bbox 3502 1515 3687 1571; x_wconf 80' lang='lat' dir='ltr'><strong>Iluuo-</strong></span> 
     </span>
    </p>
   </div>
   <div class='ocr_carea' id='block_1_42' title="bbox 2119 1609 3687 1686">
    <p class='ocr_par' dir='ltr' id='par_1_42' title="bbox 2119 1609 3687 1686">
     <span class='ocr_line' id='line_1_42' title="bbox 2119 1609 3687 1686; baseline -0.005 -16"><span class='ocrx_word' id='word_1_271' title='bbox 2119 1618 2233 1671; x_wconf 83' lang='lat' dir='ltr'><strong>rius</strong></span> <span class='ocrx_word' id='word_1_272' title='bbox 2263 1624 2347 1670; x_wconf 88' lang='lat' dir='ltr'><strong>est</strong></span> <span class='ocrx_word' id='word_1_273' title='bbox 2373 1613 2546 1678; x_wconf 87' lang='lat' dir='ltr'><strong>testis,</strong></span> <span class='ocrx_word' id='word_1_274' title='bbox 2573 1613 2664 1682; x_wconf 89' lang='lat' dir='ltr'><strong>qui</strong></span> <span class='ocrx_word' id='word_1_275' title='bbox 2697 1611 2969 1686; x_wconf 74' lang='lat' dir='ltr'><strong>judicatus</strong></span> <span class='ocrx_word' id='word_1_276' title='bbox 2999 1625 3027 1664; x_wconf 90' lang='lat' dir='ltr'><strong>a</strong></span> <span class='ocrx_word' id='word_1_277' title='bbox 3061 1609 3212 1664; x_wconf 73' lang='lat' dir='ltr'><strong>sexta</strong></span> <span class='ocrx_word' id='word_1_278' title='bbox 3239 1609 3445 1680; x_wconf 72' lang='lat' dir='ltr'><strong>synodo</strong></span> <span class='ocrx_word' id='word_1_279' title='bbox 3472 1618 3528 1666; x_wconf 87' lang='lat' dir='ltr'><strong>et</strong></span> <span class='ocrx_word' id='word_1_280' title='bbox 3556 1624 3687 1662; x_wconf 87' lang='lat' dir='ltr'><strong>aua-</strong></span> 
     </span>
    </p>
   </div>
   <div class='ocr_carea' id='block_1_43' title="bbox 2120 1699 3681 1764">
    <p class='ocr_par' dir='ltr' id='par_1_43' title="bbox 2120 1699 3681 1764">
     <span class='ocr_line' id='line_1_43' title="bbox 2120 1699 3681 1764; baseline -0.01 0"><span class='ocrx_word' id='word_1_281' title='bbox 2120 1709 2360 1764; x_wconf 92' lang='lat' dir='ltr'><strong>themate</strong></span> <span class='ocrx_word' id='word_1_282' title='bbox 2387 1703 2782 1758; x_wconf 74' lang='lat' dir='ltr'><strong>cnndcmnatus</strong></span> <span class='ocrx_word' id='word_1_283' title='bbox 2812 1709 2916 1756; x_wconf 86' lang='lat' dir='ltr'><strong>est.</strong></span> <span class='ocrx_word' id='word_1_284' title='bbox 2970 1699 3040 1753; x_wconf 86' lang='lat' dir='ltr'><strong>De</strong></span> <span class='ocrx_word' id='word_1_285' title='bbox 3074 1699 3324 1754; x_wconf 87' lang='lat' dir='ltr'><strong>moribus</strong></span> <span class='ocrx_word' id='word_1_286' title='bbox 3352 1711 3532 1752; x_wconf 85' lang='lat' dir='ltr'><strong>autem</strong></span> <span class='ocrx_word' id='word_1_287' title='bbox 3564 1713 3681 1752; x_wconf 86' lang='lat' dir='ltr'><strong>cer-</strong></span> 
     </span>
    </p>
   </div>
   <div class='ocr_carea' id='block_1_44' title="bbox 2121 1790 3687 1861">
    <p class='ocr_par' dir='ltr' id='par_1_44' title="bbox 2121 1790 3687 1861">
     <span class='ocr_line' id='line_1_44' title="bbox 2121 1790 3687 1861; baseline -0.006 -9"><span class='ocrx_word' id='word_1_288' title='bbox 2121 1809 2232 1852; x_wconf 88' lang='lat' dir='ltr'><strong>tmn</strong></span> <span class='ocrx_word' id='word_1_289' title='bbox 2255 1810 2337 1852; x_wconf 88' lang='lat' dir='ltr'><strong>est</strong></span> <span class='ocrx_word' id='word_1_290' title='bbox 2367 1798 2518 1850; x_wconf 91' lang='lat' dir='ltr'><strong>illum</strong></span> <span class='ocrx_word' id='word_1_291' title='bbox 2553 1805 2607 1848; x_wconf 89' lang='lat' dir='ltr'><strong>et</strong></span> <span class='ocrx_word' id='word_1_292' title='bbox 2632 1797 2844 1848; x_wconf 90' lang='lat' dir='ltr'><strong>cunctis</strong></span> <span class='ocrx_word' id='word_1_293' title='bbox 2865 1791 3086 1861; x_wconf 87' lang='lat' dir='ltr'><strong>quidem</strong></span> <span class='ocrx_word' id='word_1_294' title='bbox 3113 1793 3284 1846; x_wconf 88' lang='lat' dir='ltr'><strong>teucri</strong></span> <span class='ocrx_word' id='word_1_295' title='bbox 3311 1790 3544 1860; x_wconf 79' lang='lat' dir='ltr'><strong>legibus,</strong></span> <span class='ocrx_word' id='word_1_296' title='bbox 3566 1791 3687 1858; x_wconf 88' lang='lat' dir='ltr'><strong>qui-</strong></span> 
     </span>
    </p>
   </div>
   <div class='ocr_carea' id='block_1_45' title="bbox 2115 1884 3685 1957">
    <p class='ocr_par' dir='ltr' id='par_1_45' title="bbox 2115 1884 3685 1957">
     <span class='ocr_line' id='line_1_45' title="bbox 2115 1884 3685 1957; baseline -0.006 -11"><span class='ocrx_word' id='word_1_297' title='bbox 2115 1893 2215 1946; x_wconf 85' lang='lat' dir='ltr'><strong>bus</strong></span> <span class='ocrx_word' id='word_1_298' title='bbox 2267 1899 2320 1944; x_wconf 87' lang='lat' dir='ltr'><strong>et</strong></span> <span class='ocrx_word' id='word_1_299' title='bbox 2371 1887 2602 1957; x_wconf 82' lang='lat' dir='ltr'><strong>quilibet</strong></span> <span class='ocrx_word' id='word_1_300' title='bbox 2650 1888 2975 1956; x_wconf 88' lang='lat' dir='ltr'><strong>episcopus,</strong></span> <span class='ocrx_word' id='word_1_301' title='bbox 3029 1899 3154 1938; x_wconf 88' lang='lat' dir='ltr'><strong>cum</strong></span> <span class='ocrx_word' id='word_1_302' title='bbox 3206 1884 3350 1936; x_wconf 89' lang='lat' dir='ltr'><strong>inter</strong></span> <span class='ocrx_word' id='word_1_303' title='bbox 3396 1884 3685 1951; x_wconf 83' lang='lat' dir='ltr'><strong>episcopos</strong></span> 
     </span>
    </p>
   </div>
   <div class='ocr_carea' id='block_1_46' title="bbox 2113 1973 3681 2052">
    <p class='ocr_par' dir='ltr' id='par_1_46' title="bbox 2113 1973 3681 2052">
     <span class='ocr_line' id='line_1_46' title="bbox 2113 1973 3681 2052; baseline -0.006 -16"><span class='ocrx_word' id='word_1_304' title='bbox 2113 1989 2478 2052; x_wconf 82' lang='lat' dir='ltr'><strong>numeretur:</strong></span> <span class='ocrx_word' id='word_1_305' title='bbox 2519 1987 2648 2032; x_wconf 89' lang='lat' dir='ltr'><strong>sunt</strong></span> <span class='ocrx_word' id='word_1_306' title='bbox 2695 1992 2863 2046; x_wconf 91' lang='lat' dir='ltr'><strong>porro</strong></span> <span class='ocrx_word' id='word_1_307' title='bbox 2915 1976 3064 2044; x_wconf 77' lang='lat' dir='ltr'><strong>leges</strong></span> <span class='ocrx_word' id='word_1_308' title='bbox 3109 1973 3422 2043; x_wconf 83' lang='lat' dir='ltr'><strong>hujusmodi</strong></span> <span class='ocrx_word' id='word_1_309' title='bbox 3475 1974 3681 2036; x_wconf 67' lang='lat' dir='ltr'><strong>&quot;mitte,</strong></span> 
     </span>
    </p>
   </div>
   <div class='ocr_carea' id='block_1_47' title="bbox 2113 2065 3685 2146">
    <p class='ocr_par' dir='ltr' id='par_1_47' title="bbox 2113 2065 3685 2146">
     <span class='ocr_line' id='line_1_47' title="bbox 2113 2065 3685 2146; baseline -0.009 -17"><span class='ocrx_word' id='word_1_310' title='bbox 2113 2075 2314 2146; x_wconf 79' lang='lat' dir='ltr'><strong>partim</strong></span> <span class='ocrx_word' id='word_1_311' title='bbox 2344 2073 2411 2127; x_wconf 88' lang='lat' dir='ltr'><strong>ab</strong></span> <span class='ocrx_word' id='word_1_312' title='bbox 2443 2069 2726 2141; x_wconf 80' lang='lat' dir='ltr'><strong>apostolis,</strong></span> <span class='ocrx_word' id='word_1_313' title='bbox 2759 2069 2954 2138; x_wconf 79' lang='lat' dir='ltr'><strong>partim</strong></span> <span class='ocrx_word' id='word_1_314' title='bbox 2989 2084 3016 2122; x_wconf 77' lang='grc' dir='ltr'><strong>ο</strong></span> <span class='ocrx_word' id='word_1_315' title='bbox 3051 2067 3302 2132; x_wconf 71' lang='lat' dir='ltr'><strong>conciliis</strong></span> <span class='ocrx_word' id='word_1_316' title='bbox 3329 2065 3685 2136; x_wconf 75' lang='lat' dir='ltr'><strong>generalibus</strong></span> 
     </span>
    </p>
   </div>
   <div class='ocr_carea' id='block_1_48' title="bbox 2113 2155 3685 2232">
    <p class='ocr_par' dir='ltr' id='par_1_48' title="bbox 2113 2155 3685 2232">
     <span class='ocr_line' id='line_1_48' title="bbox 2113 2155 3685 2232; baseline -0.01 -10"><span class='ocrx_word' id='word_1_317' title='bbox 2113 2167 2311 2230; x_wconf 69' lang='lat' dir='ltr'><strong>editae;</strong></span> <span class='ocrx_word' id='word_1_318' title='bbox 2345 2163 2631 2232; x_wconf 82' lang='lat' dir='ltr'><strong>speciatim</strong></span> <span class='ocrx_word' id='word_1_319' title='bbox 2680 2175 2810 2214; x_wconf 84' lang='lat' dir='ltr'><strong>vero</strong></span> <span class='ocrx_word' id='word_1_320' title='bbox 2857 2159 3071 2214; x_wconf 86' lang='lat' dir='ltr'><strong>videtur</strong></span> <span class='ocrx_word' id='word_1_321' title='bbox 3113 2174 3142 2211; x_wconf 92' lang='lat' dir='ltr'><strong>a</strong></span> <span class='ocrx_word' id='word_1_322' title='bbox 3187 2159 3391 2212; x_wconf 80' lang='lat' dir='ltr'><strong>sanctis</strong></span> <span class='ocrx_word' id='word_1_323' title='bbox 3431 2155 3685 2210; x_wconf 64' lang='lat' dir='ltr'><strong>Patribus</strong></span> 
     </span>
    </p>
   </div>
   <div class='ocr_carea' id='block_1_49' title="bbox 2115 2248 3686 2327">
    <p class='ocr_par' dir='ltr' id='par_1_49' title="bbox 2115 2248 3686 2327">
     <span class='ocr_line' id='line_1_49' title="bbox 2115 2248 3686 2327; baseline -0.009 -15"><span class='ocrx_word' id='word_1_324' title='bbox 2115 2255 2466 2327; x_wconf 81' lang='lat' dir='ltr'><strong>reprehendi.</strong></span> <span class='ocrx_word' id='word_1_325' title='bbox 2501 2255 2640 2322; x_wconf 80' lang='lat' dir='ltr'><strong>Lege</strong></span> <span class='ocrx_word' id='word_1_326' title='bbox 2676 2267 2941 2306; x_wconf 88' lang='lat' dir='ltr'><strong>canonem</strong></span> <span class='ocrx_word' id='word_1_327' title='bbox 2968 2251 3294 2322; x_wconf 3' lang='lat' dir='ltr'><strong>qpuiuisextm</strong></span> <span class='ocrx_word' id='word_1_328' title='bbox 3329 2251 3416 2314; x_wconf 72' lang='lat'><strong>13,</strong></span> <span class='ocrx_word' id='word_1_329' title='bbox 3446 2248 3513 2302; x_wconf 88' lang='lat' dir='ltr'><strong>de</strong></span> <span class='ocrx_word' id='word_1_330' title='bbox 3558 2263 3686 2301; x_wconf 88' lang='lat' dir='ltr'><strong>con-</strong></span> 
     </span>
    </p>
   </div>
   <div class='ocr_carea' id='block_1_50' title="bbox 2109 2341 3270 2422">
    <p class='ocr_par' dir='ltr' id='par_1_50' title="bbox 2109 2341 3270 2422">
     <span class='ocr_line' id='line_1_50' title="bbox 2109 2341 3270 2422; baseline -0.007 -18"><span class='ocrx_word' id='word_1_331' title='bbox 2109 2349 2260 2422; x_wconf 79' lang='lat' dir='ltr'><strong>jugio</strong></span> <span class='ocrx_word' id='word_1_332' title='bbox 2291 2347 2665 2410; x_wconf 80' lang='lat' dir='ltr'><strong>sacerdotum,</strong></span> <span class='ocrx_word' id='word_1_333' title='bbox 2698 2355 2753 2399; x_wconf 87' lang='lat' dir='ltr'><strong>et</strong></span> <span class='ocrx_word' id='word_1_334' title='bbox 2789 2345 2875 2407; x_wconf 76' lang='lat'><strong>55,</strong></span> <span class='ocrx_word' id='word_1_335' title='bbox 2910 2343 2977 2396; x_wconf 91' lang='lat' dir='ltr'><strong>de</strong></span> <span class='ocrx_word' id='word_1_336' title='bbox 3009 2341 3270 2396; x_wconf 88' lang='lat' dir='ltr'><strong>Sabbalo.</strong></span> 
     </span>
    </p>
   </div>
   <div class='ocr_carea' id='block_1_51' title="bbox 2669 2521 3130 2618">
    <p class='ocr_par' dir='ltr' id='par_1_51' title="bbox 2669 2521 3130 2618">
     <span class='ocr_line' id='line_1_51' title="bbox 2669 2521 3130 2618; baseline -0.009 -2"><span class='ocrx_word' id='word_1_337' title='bbox 2669 2521 3130 2618; x_wconf 66' lang='lat' dir='ltr'><strong>coxrumrto.</strong></span> 
     </span>
    </p>
   </div>
   <div class='ocr_carea' id='block_1_52' title="bbox 2187 2688 3683 2770">
    <p class='ocr_par' dir='ltr' id='par_1_52' title="bbox 2187 2688 3683 2770">
     <span class='ocr_line' id='line_1_52' title="bbox 2187 2688 3683 2770; baseline -0.011 -14"><span class='ocrx_word' id='word_1_338' title='bbox 2187 2701 2268 2756; x_wconf 90' lang='lat' dir='ltr'><strong>Tu</strong></span> <span class='ocrx_word' id='word_1_339' title='bbox 2309 2697 2532 2770; x_wconf 86' lang='lat' dir='ltr'><strong>quidem</strong></span> <span class='ocrx_word' id='word_1_340' title='bbox 2583 2691 2954 2748; x_wconf 80' lang='lat' dir='ltr'><strong>fundamentis</strong></span> <span class='ocrx_word' id='word_1_341' title='bbox 3010 2689 3122 2743; x_wconf 87' lang='lat' dir='ltr'><strong>tuis</strong></span> <span class='ocrx_word' id='word_1_342' title='bbox 3174 2688 3556 2742; x_wconf 81' lang='lat' dir='ltr'><strong>convenientia</strong></span> <span class='ocrx_word' id='word_1_343' title='bbox 3607 2688 3683 2742; x_wconf 78' lang='lat' dir='ltr'><strong>ld-</strong></span> 
     </span>
    </p>
   </div>
   <div class='ocr_carea' id='block_1_53' title="bbox 2114 2777 3682 2862">
    <p class='ocr_par' dir='ltr' id='par_1_53' title="bbox 2114 2777 3682 2862">
     <span class='ocr_line' id='line_1_53' title="bbox 2114 2777 3682 2862; baseline -0.01 -16"><span class='ocrx_word' id='word_1_344' title='bbox 2114 2792 2324 2862; x_wconf 87' lang='lat' dir='ltr'><strong>queris,</strong></span> <span class='ocrx_word' id='word_1_345' title='bbox 2365 2789 2460 2842; x_wconf 88' lang='lat' dir='ltr'><strong>sed</strong></span> <span class='ocrx_word' id='word_1_346' title='bbox 2510 2803 2539 2840; x_wconf 92' lang='lat' dir='ltr'><strong>a</strong></span> <span class='ocrx_word' id='word_1_347' title='bbox 2577 2785 2806 2838; x_wconf 74' lang='lat' dir='ltr'><strong>veritate</strong></span> <span class='ocrx_word' id='word_1_348' title='bbox 2855 2782 3028 2836; x_wconf 87' lang='lat' dir='ltr'><strong>aliena</strong></span> <span class='ocrx_word' id='word_1_349' title='bbox 3103 2791 3154 2842; x_wconf 84' lang='lat' dir='ltr'><strong>et</strong></span> <span class='ocrx_word' id='word_1_350' title='bbox 3197 2777 3306 2848; x_wconf 88' lang='lat' dir='ltr'><strong>jam</strong></span> <span class='ocrx_word' id='word_1_351' title='bbox 3354 2781 3576 2844; x_wconf 69' lang='lat' dir='ltr'><strong>rejects.</strong></span> <span class='ocrx_word' id='word_1_352' title='bbox 3627 2777 3682 2830; x_wconf 81' lang='lat' dir='ltr'><strong>Si</strong></span> 
     </span>
    </p>
   </div>
   <div class='ocr_carea' id='block_1_54' title="bbox 2114 2867 3680 2949">
    <p class='ocr_par' dir='ltr' id='par_1_54' title="bbox 2114 2867 3680 2949">
     <span class='ocr_line' id='line_1_54' title="bbox 2114 2867 3680 2949; baseline -0.011 -13"><span class='ocrx_word' id='word_1_353' title='bbox 2114 2883 2261 2936; x_wconf 84' lang='lat' dir='ltr'><strong>enim</strong></span> <span class='ocrx_word' id='word_1_354' title='bbox 2309 2893 2445 2949; x_wconf 84' lang='lat' dir='ltr'><strong>papa</strong></span> <span class='ocrx_word' id='word_1_355' title='bbox 2480 2891 2575 2946; x_wconf 88' lang='lat' dir='ltr'><strong>per</strong></span> <span class='ocrx_word' id='word_1_356' title='bbox 2611 2883 2662 2928; x_wconf 88' lang='lat' dir='ltr'><strong>te</strong></span> <span class='ocrx_word' id='word_1_357' title='bbox 2701 2874 2994 2942; x_wconf 76' lang='lat' dir='ltr'><strong>primatum</strong></span> <span class='ocrx_word' id='word_1_358' title='bbox 3041 2869 3204 2922; x_wconf 83' lang='lat' dir='ltr'><strong>habet</strong></span> <span class='ocrx_word' id='word_1_359' title='bbox 3243 2867 3460 2940; x_wconf 80' lang='lat' dir='ltr'><strong>Patrum</strong></span> <span class='ocrx_word' id='word_1_360' title='bbox 3511 2867 3680 2920; x_wconf 85' lang='lat' dir='ltr'><strong>bene-</strong></span> 
     </span>
    </p>
   </div>
   <div class='ocr_carea' id='block_1_55' title="bbox 2117 2959 3686 3038">
    <p class='ocr_par' dir='ltr' id='par_1_55' title="bbox 2117 2959 3686 3038">
     <span class='ocr_line' id='line_1_55' title="bbox 2117 2959 3686 3038; baseline -0.01 -10"><span class='ocrx_word' id='word_1_361' title='bbox 2117 2975 2264 3038; x_wconf 84' lang='lat' dir='ltr'><strong>ficio,</strong></span> <span class='ocrx_word' id='word_1_362' title='bbox 2302 2983 2355 3026; x_wconf 90' lang='lat' dir='ltr'><strong>et</strong></span> <span class='ocrx_word' id='word_1_363' title='bbox 2400 2984 2686 3026; x_wconf 85' lang='lat' dir='ltr'><strong>successor</strong></span> <span class='ocrx_word' id='word_1_364' title='bbox 2717 2975 2800 3021; x_wconf 87' lang='lat' dir='ltr'><strong>est</strong></span> <span class='ocrx_word' id='word_1_365' title='bbox 2833 2964 3000 3026; x_wconf 82' lang='lat' dir='ltr'><strong>Petri,</strong></span> <span class='ocrx_word' id='word_1_366' title='bbox 3037 2977 3144 3016; x_wconf 92' lang='lat' dir='ltr'><strong>non</strong></span> <span class='ocrx_word' id='word_1_367' title='bbox 3195 2976 3354 3016; x_wconf 84' lang='lat' dir='ltr'><strong>secus</strong></span> <span class='ocrx_word' id='word_1_368' title='bbox 3394 2975 3458 3014; x_wconf 89' lang='lat' dir='ltr'><strong>ac</strong></span> <span class='ocrx_word' id='word_1_369' title='bbox 3501 2959 3686 3027; x_wconf 77' lang='lat' dir='ltr'><strong>quivis</strong></span> 
     </span>
    </p>
   </div>
   <div class='ocr_carea' id='block_1_56' title="bbox 437 3053 2011 3145">
    <p class='ocr_par' dir='ltr' id='par_1_56' title="bbox 437 3053 2011 3139">
     <span class='ocr_line' id='line_1_56' title="bbox 437 3053 2011 3139; baseline 0.004 -18"><span class='ocrx_word' id='word_1_370' title='bbox 437 3065 532 3121; x_wconf 80' lang='grc' dir='ltr'>τοῦ</span> <span class='ocrx_word' id='word_1_371' title='bbox 595 3069 800 3139; x_wconf 74' lang='grc' dir='ltr'>Πέτρου</span> <span class='ocrx_word' id='word_1_372' title='bbox 844 3069 919 3130; x_wconf 85' lang='grc' dir='ltr'>ὼς</span> <span class='ocrx_word' id='word_1_373' title='bbox 972 3069 1080 3120; x_wconf 86' lang='grc' dir='ltr'>τῶν</span> <span class='ocrx_word' id='word_1_374' title='bbox 1129 3071 1444 3122; x_wconf 69' lang='grc' dir='ltr'>ἐπισκόπων</span> <span class='ocrx_word' id='word_1_375' title='bbox 1492 3073 1721 3136; x_wconf 74' lang='grc' dir='ltr'>ἕκαστος</span> <span class='ocrx_word' id='word_1_376' title='bbox 1777 3074 1882 3126; x_wconf 83' lang='grc' dir='ltr'>τῶν</span> <span class='ocrx_word' id='word_1_377' title='bbox 1921 3053 2011 3126; x_wconf 74' lang='grc' dir='ltr'><strong>ὕπ’</strong></span> 
     </span>
    </p>
   </div>
   <div class='ocr_carea' id='block_1_57' title="bbox 2117 3053 3686 3145">
    <p class='ocr_par' dir='ltr' id='par_1_57' title="bbox 2117 3053 3686 3132">
     <span class='ocr_line' id='line_1_57' title="bbox 2117 3053 3686 3132; baseline -0.011 -13"><span class='ocrx_word' id='word_1_378' title='bbox 2117 3065 2254 3120; x_wconf 88' lang='lat' dir='ltr'><strong>alius</strong></span> <span class='ocrx_word' id='word_1_379' title='bbox 2293 3063 2584 3132; x_wconf 87' lang='lat' dir='ltr'><strong>episcopus</strong></span> <span class='ocrx_word' id='word_1_380' title='bbox 2617 3075 2682 3114; x_wconf 85' lang='lat' dir='ltr'><strong>ex</strong></span> <span class='ocrx_word' id='word_1_381' title='bbox 2723 3059 2789 3112; x_wconf 85' lang='lat' dir='ltr'><strong>iis</strong></span> <span class='ocrx_word' id='word_1_382' title='bbox 2824 3073 2962 3126; x_wconf 87' lang='lat' dir='ltr'><strong>quos</strong></span> <span class='ocrx_word' id='word_1_383' title='bbox 2999 3055 3196 3108; x_wconf 83' lang='lat' dir='ltr'><strong>Petrus</strong></span> <span class='ocrx_word' id='word_1_384' title='bbox 3234 3053 3596 3112; x_wconf 73' lang='lat' dir='ltr'><strong>consecravit,</strong></span> <span class='ocrx_word' id='word_1_385' title='bbox 3631 3059 3686 3102; x_wconf 80' lang='lat' dir='ltr'><strong>ct</strong></span> 
     </span>
    </p>
   </div>
   <div class='ocr_carea' id='block_1_58' title="bbox 438 3161 2008 3233">
    <p class='ocr_par' dir='ltr' id='par_1_58' title="bbox 438 3161 2008 3233">
     <span class='ocr_line' id='line_1_58' title="bbox 438 3161 2008 3233; baseline 0.004 -21"><span class='ocrx_word' id='word_1_386' title='bbox 438 3161 650 3214; x_wconf 68' lang='grc' dir='ltr'>ἐκείνου</span> <span class='ocrx_word' id='word_1_387' title='bbox 701 3161 1215 3231; x_wconf 78' lang='grc' dir='ltr'>χειροτονηθέντων,</span> <span class='ocrx_word' id='word_1_388' title='bbox 1266 3163 1362 3216; x_wconf 76' lang='grc' dir='ltr'><strong>καὶ</strong></span> <span class='ocrx_word' id='word_1_389' title='bbox 1405 3163 1634 3217; x_wconf 69' lang='grc' dir='ltr'>δύναται</span> <span class='ocrx_word' id='word_1_390' title='bbox 1675 3167 1783 3217; x_wconf 81' lang='grc' dir='ltr'>τῶν</span> <span class='ocrx_word' id='word_1_391' title='bbox 1830 3165 2008 3233; x_wconf 83' lang='grc' dir='ltr'>ὀρθῶν</span> 
     </span>
    </p>
   </div>
   <div class='ocr_carea' id='block_1_59' title="bbox 437 3256 2007 3332">
    <p class='ocr_par' dir='ltr' id='par_1_59' title="bbox 437 3256 2007 3332">
     <span class='ocr_line' id='line_1_59' title="bbox 437 3256 2007 3332; baseline 0.001 -23"><span class='ocrx_word' id='word_1_392' title='bbox 437 3257 692 3309; x_wconf 70' lang='grc' dir='ltr'>ἐκπεσεῖν</span> <span class='ocrx_word' id='word_1_393' title='bbox 743 3256 1052 3324; x_wconf 78' lang='grc' dir='ltr'><strong>δογμάτων,</strong></span> <span class='ocrx_word' id='word_1_394' title='bbox 1085 3258 1179 3308; x_wconf 76' lang='grc' dir='ltr'>καὶ</span> <span class='ocrx_word' id='word_1_395' title='bbox 1223 3257 1440 3326; x_wconf 84' lang='grc' dir='ltr'>πρῶτός</span> <span class='ocrx_word' id='word_1_396' title='bbox 1493 3258 1608 3310; x_wconf 84' lang='grc' dir='ltr'>ἐστι</span> <span class='ocrx_word' id='word_1_397' title='bbox 1639 3259 1790 3322; x_wconf 76' lang='grc' dir='ltr'>τάξει</span> <span class='ocrx_word' id='word_1_398' title='bbox 1847 3259 2007 3332; x_wconf 84' lang='grc' dir='ltr'>μόνῃ,</span> 
     </span>
    </p>
   </div>
   <div class='ocr_carea' id='block_1_60' title="bbox 439 3337 2011 3418">
    <p class='ocr_par' dir='ltr' id='par_1_60' title="bbox 439 3337 2011 3418">
     <span class='ocr_line' id='line_1_60' title="bbox 439 3337 2011 3418; baseline 0.001 -17"><span class='ocrx_word' id='word_1_399' title='bbox 439 3351 532 3402; x_wconf 73' lang='grc' dir='ltr'><strong>καὶ</strong></span> <span class='ocrx_word' id='word_1_400' title='bbox 559 3348 875 3418; x_wconf 82' lang='grc' dir='ltr'><strong>ὡρισμένην</strong></span> <span class='ocrx_word' id='word_1_401' title='bbox 919 3347 1032 3416; x_wconf 77' lang='grc' dir='ltr'>ἔχει</span> <span class='ocrx_word' id='word_1_402' title='bbox 1059 3349 1378 3418; x_wconf 71' lang='grc' dir='ltr'>παροικίαν,</span> <span class='ocrx_word' id='word_1_403' title='bbox 1418 3337 1638 3416; x_wconf 74' lang='grc' dir='ltr'>εὔλογον</span> <span class='ocrx_word' id='word_1_404' title='bbox 1671 3349 1888 3410; x_wconf 76' lang='grc' dir='ltr'>πάντως</span> <span class='ocrx_word' id='word_1_405' title='bbox 1915 3350 2011 3402; x_wconf 79' lang='grc' dir='ltr'><strong>καὶ</strong></span> 
     </span>
    </p>
   </div>
   <div class='ocr_carea' id='block_1_61' title="bbox 439 3439 2000 3510">
    <p class='ocr_par' dir='ltr' id='par_1_61' title="bbox 439 3439 2000 3510">
     <span class='ocr_line' id='line_1_61' title="bbox 439 3439 2000 3510; baseline -0.002 -16"><span class='ocrx_word' id='word_1_406' title='bbox 439 3443 602 3494; x_wconf 70' lang='grc' dir='ltr'>αὑτὸν</span> <span class='ocrx_word' id='word_1_407' title='bbox 639 3440 1030 3509; x_wconf 79' lang='grc' dir='ltr'>ἁνακρίνεσοαι</span> <span class='ocrx_word' id='word_1_408' title='bbox 1063 3442 1203 3494; x_wconf 76' lang='grc' dir='ltr'>κατὰ</span> <span class='ocrx_word' id='word_1_409' title='bbox 1241 3442 1368 3503; x_wconf 83' lang='grc' dir='ltr'>τοὺς</span> <span class='ocrx_word' id='word_1_410' title='bbox 1393 3440 1610 3506; x_wconf 79' lang='grc' dir='ltr'>ἄλλους,</span> <span class='ocrx_word' id='word_1_411' title='bbox 1646 3440 1814 3510; x_wconf 79' lang='grc' dir='ltr'><strong>μηδὲν</strong></span> <span class='ocrx_word' id='word_1_412' title='bbox 1858 3439 2000 3502; x_wconf 78' lang='grc' dir='ltr'>ἐξαί-</span> 
     </span>
    </p>
   </div>
   <div class='ocr_carea' id='block_1_62' title="bbox 439 3538 846 3608">
    <p class='ocr_par' dir='ltr' id='par_1_62' title="bbox 439 3538 846 3608">
     <span class='ocr_line' id='line_1_62' title="bbox 439 3538 846 3608; baseline -0.002 -18"><span class='ocrx_word' id='word_1_413' title='bbox 439 3556 594 3608; x_wconf 83' lang='grc' dir='ltr'>ρετον</span> <span class='ocrx_word' id='word_1_414' title='bbox 630 3538 846 3608; x_wconf 82' lang='grc' dir='ltr'>ἔχοντα.</span> 
     </span>
    </p>
   </div>
   <div class='ocr_carea' id='block_1_63' title="bbox 317 3619 2010 3701">
    <p class='ocr_par' dir='ltr' id='par_1_63' title="bbox 317 3619 2010 3701">
     <span class='ocr_line' id='line_1_63' title="bbox 317 3619 2010 3701; baseline -0.005 -14"><span class='ocrx_word' id='word_1_415' title='bbox 317 3619 336 3638; x_wconf 69' lang='grc'><strong>’</strong></span> <span class='ocrx_word' id='word_1_416' title='bbox 387 3648 420 3662; x_wconf 76' lang='lat'><strong>-&#39;</strong></span> <span class='ocrx_word' id='word_1_417' title='bbox 505 3633 574 3686; x_wconf 75' lang='lat' dir='ltr'><strong>Ei</strong></span> <span class='ocrx_word' id='word_1_418' title='bbox 623 3633 677 3685; x_wconf 85' lang='grc' dir='ltr'><strong>δὲ</strong></span> <span class='ocrx_word' id='word_1_419' title='bbox 723 3634 822 3685; x_wconf 85' lang='grc' dir='ltr'><strong>ὅσα</strong></span> <span class='ocrx_word' id='word_1_420' title='bbox 873 3630 1111 3701; x_wconf 75' lang='grc' dir='ltr'>εἴρηται,</span> <span class='ocrx_word' id='word_1_421' title='bbox 1167 3627 1330 3700; x_wconf 80' lang='grc' dir='ltr'>λῆρος</span> <span class='ocrx_word' id='word_1_422' title='bbox 1400 3627 1494 3682; x_wconf 82' lang='grc' dir='ltr'><strong>καὶ</strong></span> <span class='ocrx_word' id='word_1_423' title='bbox 1545 3626 1868 3697; x_wconf 69' lang='grc' dir='ltr'><strong>ψευδολογία</strong></span> <span class='ocrx_word' id='word_1_424' title='bbox 1917 3627 2010 3680; x_wconf 74' lang='grc' dir='ltr'><strong>καὶ</strong></span> 
     </span>
    </p>
   </div>
   <div class='ocr_carea' id='block_1_64' title="bbox 437 3714 2010 3798">
    <p class='ocr_par' dir='ltr' id='par_1_64' title="bbox 437 3714 2010 3798">
     <span class='ocr_line' id='line_1_64' title="bbox 437 3714 2010 3798; baseline -0.007 -18"><span class='ocrx_word' id='word_1_425' title='bbox 437 3725 823 3798; x_wconf 74' lang='grc' dir='ltr'>νεωτερισμὸς,</span> <span class='ocrx_word' id='word_1_426' title='bbox 863 3723 1087 3794; x_wconf 77' lang='grc' dir='ltr'>εὔδηλον</span> <span class='ocrx_word' id='word_1_427' title='bbox 1139 3725 1232 3774; x_wconf 76' lang='grc' dir='ltr'><strong>καὶ</strong></span> <span class='ocrx_word' id='word_1_428' title='bbox 1277 3721 1314 3774; x_wconf 75' lang='grc' dir='ltr'><strong>ἃ.</strong></span> <span class='ocrx_word' id='word_1_429' title='bbox 1366 3720 1461 3773; x_wconf 75' lang='grc' dir='ltr'>νῦν</span> <span class='ocrx_word' id='word_1_430' title='bbox 1513 3720 1819 3790; x_wconf 76' lang='grc' dir='ltr'>ὲπιφέρεις,</span> <span class='ocrx_word' id='word_1_431' title='bbox 1868 3714 2010 3770; x_wconf 78' lang='grc' dir='ltr'>εἶναι</span> 
     </span>
    </p>
   </div>
   <div class='ocr_carea' id='block_1_65' title="bbox 438 3809 2010 3888">
    <p class='ocr_par' dir='ltr' id='par_1_65' title="bbox 438 3809 2010 3888">
     <span class='ocr_line' id='line_1_65' title="bbox 438 3809 2010 3888; baseline -0.007 -16"><span class='ocrx_word' id='word_1_432' title='bbox 438 3817 704 3888; x_wconf 71' lang='grc' dir='ltr'>κομπώδη</span> <span class='ocrx_word' id='word_1_433' title='bbox 753 3817 1148 3886; x_wconf 80' lang='grc' dir='ltr'>τερετίσματα.</span> <span class='ocrx_word' id='word_1_434' title='bbox 1184 3813 1393 3875; x_wconf 79' lang='grc' dir='ltr'>Παῦλος</span> <span class='ocrx_word' id='word_1_435' title='bbox 1427 3809 1702 3864; x_wconf 78' lang='grc' dir='ltr'><strong>κοινοῦται</strong></span> <span class='ocrx_word' id='word_1_436' title='bbox 1733 3810 1792 3862; x_wconf 78' lang='grc' dir='ltr'><strong>τὸ</strong></span> <span class='ocrx_word' id='word_1_437' title='bbox 1827 3809 2010 3876; x_wconf 81' lang='grc' dir='ltr'>Εὐαγ-</span> 
     </span>
    </p>
   </div>
   <div class='ocr_carea' id='block_1_66' title="bbox 436 3903 2013 3980">
    <p class='ocr_par' dir='ltr' id='par_1_66' title="bbox 436 3903 2013 3980">
     <span class='ocr_line' id='line_1_66' title="bbox 436 3903 2013 3980; baseline -0.007 -16"><span class='ocrx_word' id='word_1_438' title='bbox 436 3913 640 3980; x_wconf 79' lang='grc' dir='ltr'>γέλιον,</span> <span class='ocrx_word' id='word_1_439' title='bbox 673 3913 877 3979; x_wconf 80' lang='grc' dir='ltr'><strong>Πέτρος</strong></span> <span class='ocrx_word' id='word_1_440' title='bbox 908 3909 1160 3977; x_wconf 72' lang='grc' dir='ltr'>ἀνέχεται</span> <span class='ocrx_word' id='word_1_441' title='bbox 1211 3907 1362 3974; x_wconf 75' lang='grc' dir='ltr'>παρὰ</span> <span class='ocrx_word' id='word_1_442' title='bbox 1409 3904 1622 3956; x_wconf 81' lang='grc' dir='ltr'>Παύλου</span> <span class='ocrx_word' id='word_1_443' title='bbox 1675 3903 2013 3972; x_wconf 80' lang='grc' dir='ltr'>ἐπιτιμώμε-</span> 
     </span>
    </p>
   </div>
   <div class='ocr_carea' id='block_1_67' title="bbox 437 3996 2010 4074">
    <p class='ocr_par' dir='ltr' id='par_1_67' title="bbox 437 3996 2010 4074">
     <span class='ocr_line' id='line_1_67' title="bbox 437 3996 2010 4074; baseline -0.011 -13"><span class='ocrx_word' id='word_1_444' title='bbox 437 4024 548 4072; x_wconf 86' lang='grc' dir='ltr'>νος,</span> <span class='ocrx_word' id='word_1_445' title='bbox 575 4007 682 4074; x_wconf 76' lang='grc' dir='ltr'>ἄρα</span> <span class='ocrx_word' id='word_1_446' title='bbox 713 4003 794 4057; x_wconf 85' lang='grc' dir='ltr'><strong>δεῖ</strong></span> <span class='ocrx_word' id='word_1_447' title='bbox 836 4001 1121 4072; x_wconf 81' lang='grc' dir='ltr'>κρίνεσθαι</span> <span class='ocrx_word' id='word_1_448' title='bbox 1152 3999 1245 4050; x_wconf 81' lang='grc' dir='ltr'><strong>καὶ</strong></span> <span class='ocrx_word' id='word_1_449' title='bbox 1277 3999 1366 4049; x_wconf 69' lang='grc' dir='ltr'><strong>τὸν</strong></span> <span class='ocrx_word' id='word_1_450' title='bbox 1397 3999 1653 4050; x_wconf 80' lang='grc' dir='ltr'>πάππαν.</span> <span class='ocrx_word' id='word_1_451' title='bbox 1677 3996 1750 4048; x_wconf 85' lang='grc' dir='ltr'><strong>Οὐ</strong></span> <span class='ocrx_word' id='word_1_452' title='bbox 1781 3997 2010 4064; x_wconf 73' lang='grc' dir='ltr'>συνορᾷς</span> 
     </span>
    </p>
   </div>
   <div class='ocr_carea' id='block_1_68' title="bbox 437 4088 2013 4164">
    <p class='ocr_par' dir='ltr' id='par_1_68' title="bbox 437 4088 2013 4164">
     <span class='ocr_line' id='line_1_68' title="bbox 437 4088 2013 4164; baseline -0.01 -10"><span class='ocrx_word' id='word_1_453' title='bbox 437 4101 532 4154; x_wconf 81' lang='grc' dir='ltr'>τοῦ</span> <span class='ocrx_word' id='word_1_454' title='bbox 580 4095 944 4164; x_wconf 86' lang='grc' dir='ltr'>συλλογισμοῦ</span> <span class='ocrx_word' id='word_1_455' title='bbox 989 4095 1049 4145; x_wconf 80' lang='grc' dir='ltr'><strong>τὸ</strong></span> <span class='ocrx_word' id='word_1_456' title='bbox 1082 4093 1473 4162; x_wconf 60' lang='grc' dir='ltr'>ἀπρόσρορονς</span> <span class='ocrx_word' id='word_1_457' title='bbox 1510 4089 1672 4142; x_wconf 85' lang='grc' dir='ltr'>Ἀλλο</span> <span class='ocrx_word' id='word_1_458' title='bbox 1702 4089 1764 4142; x_wconf 79' lang='grc' dir='ltr'><strong>τὸ</strong></span> <span class='ocrx_word' id='word_1_459' title='bbox 1800 4088 2013 4141; x_wconf 80' lang='grc' dir='ltr'>κοινοῦ-</span> 
     </span>
    </p>
   </div>
   <div class='ocr_carea' id='block_1_69' title="bbox 441 4181 2008 4254">
    <p class='ocr_par' dir='ltr' id='par_1_69' title="bbox 441 4181 2008 4254">
     <span class='ocr_line' id='line_1_69' title="bbox 441 4181 2008 4254; baseline -0.01 -8"><span class='ocrx_word' id='word_1_460' title='bbox 441 4194 566 4246; x_wconf 85' lang='grc' dir='ltr'>σθαι</span> <span class='ocrx_word' id='word_1_461' title='bbox 615 4191 711 4243; x_wconf 74' lang='grc' dir='ltr'><strong>καὶ</strong></span> <span class='ocrx_word' id='word_1_462' title='bbox 761 4189 820 4241; x_wconf 81' lang='grc' dir='ltr'><strong>τὸ</strong></span> <span class='ocrx_word' id='word_1_463' title='bbox 863 4187 1251 4254; x_wconf 72' lang='grc' dir='ltr'>ἐπιτιμᾶσθαι,</span> <span class='ocrx_word' id='word_1_464' title='bbox 1283 4185 1380 4235; x_wconf 69' lang='grc' dir='ltr'>καὶ</span> <span class='ocrx_word' id='word_1_465' title='bbox 1429 4182 1555 4236; x_wconf 80' lang='grc' dir='ltr'>ἄλλο</span> <span class='ocrx_word' id='word_1_466' title='bbox 1584 4181 1644 4233; x_wconf 72' lang='grc' dir='ltr'><strong>τὸ</strong></span> <span class='ocrx_word' id='word_1_467' title='bbox 1685 4181 1968 4250; x_wconf 81' lang='grc' dir='ltr'>κρίνεσθαι</span> <span class='ocrx_word' id='word_1_468' title='bbox 1995 4195 2008 4210; x_wconf 87' lang='grc'><strong>·</strong></span> 
     </span>
    </p>
   </div>
   <div class='ocr_carea' id='block_1_70' title="bbox 441 4272 2012 4350">
    <p class='ocr_par' dir='ltr' id='par_1_70' title="bbox 441 4272 2012 4350">
     <span class='ocr_line' id='line_1_70' title="bbox 441 4272 2012 4350; baseline -0.009 -12"><span class='ocrx_word' id='word_1_469' title='bbox 441 4289 626 4338; x_wconf 78' lang='grc' dir='ltr'>ἐκεῖνα</span> <span class='ocrx_word' id='word_1_470' title='bbox 699 4283 922 4350; x_wconf 78' lang='grc' dir='ltr'><strong>ἀγάπης</strong></span> <span class='ocrx_word' id='word_1_471' title='bbox 998 4281 1092 4332; x_wconf 78' lang='grc' dir='ltr'><strong>καὶ</strong></span> <span class='ocrx_word' id='word_1_472' title='bbox 1166 4277 1372 4346; x_wconf 77' lang='grc' dir='ltr'>φιλίας,</span> <span class='ocrx_word' id='word_1_473' title='bbox 1428 4275 1585 4328; x_wconf 85' lang='grc' dir='ltr'>τοῦτο</span> <span class='ocrx_word' id='word_1_474' title='bbox 1645 4272 2012 4339; x_wconf 75' lang='grc' dir='ltr'>ἐξουσία;.Εἱ</span> 
     </span>
    </p>
   </div>
   <div class='ocr_carea' id='block_1_71' title="bbox 439 4367 2012 4444">
    <p class='ocr_par' dir='ltr' id='par_1_71' title="bbox 439 4367 2012 4444">
     <span class='ocr_line' id='line_1_71' title="bbox 439 4367 2012 4444; baseline -0.009 -12"><span class='ocrx_word' id='word_1_475' title='bbox 439 4379 495 4432; x_wconf 79' lang='grc' dir='ltr'><strong>δέ</strong></span> <span class='ocrx_word' id='word_1_476' title='bbox 547 4395 631 4431; x_wconf 84' lang='grc' dir='ltr'>σοι</span> <span class='ocrx_word' id='word_1_477' title='bbox 685 4379 746 4430; x_wconf 87' lang='grc' dir='ltr'><strong>τὸ</strong></span> <span class='ocrx_word' id='word_1_478' title='bbox 803 4373 1164 4444; x_wconf 73' lang='grc' dir='ltr'>ἐπιτιμᾶσθαι</span> <span class='ocrx_word' id='word_1_479' title='bbox 1218 4373 1308 4424; x_wconf 74' lang='grc' dir='ltr'><strong>τὸν</strong></span> <span class='ocrx_word' id='word_1_480' title='bbox 1371 4371 1576 4440; x_wconf 81' lang='grc' dir='ltr'>Πέτρον</span> <span class='ocrx_word' id='word_1_481' title='bbox 1621 4369 1770 4421; x_wconf 81' lang='grc' dir='ltr'>δοκεῖ</span> <span class='ocrx_word' id='word_1_482' title='bbox 1821 4367 2012 4420; x_wconf 77' lang='grc' dir='ltr'>ὑποϐι-</span> 
     </span>
    </p>
   </div>
   <div class='ocr_carea' id='block_1_72' title="bbox 2115 3143 3684 3230">
    <p class='ocr_par' dir='ltr' id='par_1_72' title="bbox 2115 3143 3684 3230">
     <span class='ocr_line' id='line_1_72' title="bbox 2115 3143 3684 3230; baseline -0.015 -17"><span class='ocrx_word' id='word_1_483' title='bbox 2115 3167 2294 3230; x_wconf 87' lang='lat' dir='ltr'><strong>potest</strong></span> <span class='ocrx_word' id='word_1_484' title='bbox 2326 3169 2514 3210; x_wconf 89' lang='lat' dir='ltr'><strong>errare</strong></span> <span class='ocrx_word' id='word_1_485' title='bbox 2540 3153 2594 3206; x_wconf 91' lang='lat' dir='ltr'><strong>in</strong></span> <span class='ocrx_word' id='word_1_486' title='bbox 2628 3151 2752 3214; x_wconf 86' lang='lat' dir='ltr'><strong>fide,</strong></span> <span class='ocrx_word' id='word_1_487' title='bbox 2779 3159 2834 3203; x_wconf 91' lang='lat' dir='ltr'><strong>et</strong></span> <span class='ocrx_word' id='word_1_488' title='bbox 2865 3149 3077 3217; x_wconf 85' lang='lat' dir='ltr'><strong>primus</strong></span> <span class='ocrx_word' id='word_1_489' title='bbox 3111 3155 3192 3198; x_wconf 89' lang='lat' dir='ltr'><strong>est</strong></span> <span class='ocrx_word' id='word_1_490' title='bbox 3222 3143 3416 3197; x_wconf 89' lang='lat' dir='ltr'><strong>ordine</strong></span> <span class='ocrx_word' id='word_1_491' title='bbox 3449 3149 3684 3204; x_wconf 84' lang='lat' dir='ltr'><strong>tantum,</strong></span> 
     </span>
    </p>
   </div>
   <div class='ocr_carea' id='block_1_73' title="bbox 2111 3234 3686 3306">
    <p class='ocr_par' dir='ltr' id='par_1_73' title="bbox 2111 3234 3686 3306">
     <span class='ocr_line' id='line_1_73' title="bbox 2111 3234 3686 3306; baseline -0.015 0"><span class='ocrx_word' id='word_1_492' title='bbox 2111 3259 2168 3306; x_wconf 87' lang='lat' dir='ltr'><strong>et</strong></span> <span class='ocrx_word' id='word_1_493' title='bbox 2209 3235 2494 3303; x_wconf 75' lang='lat' dir='ltr'><strong>definitam</strong></span> <span class='ocrx_word' id='word_1_494' title='bbox 2539 3241 2704 3298; x_wconf 82' lang='lat' dir='ltr'><strong>habet</strong></span> <span class='ocrx_word' id='word_1_495' title='bbox 2740 3239 3020 3296; x_wconf 67' lang='lat' dir='ltr'><strong>dioecesim</strong></span> <span class='ocrx_word' id='word_1_496' title='bbox 3055 3253 3068 3288; x_wconf 91' lang='lat'><strong>:</strong></span> <span class='ocrx_word' id='word_1_497' title='bbox 3106 3246 3254 3290; x_wconf 85' lang='lat' dir='ltr'><strong>certe</strong></span> <span class='ocrx_word' id='word_1_498' title='bbox 3303 3234 3499 3287; x_wconf 82' lang='lat' dir='ltr'><strong>rationi</strong></span> <span class='ocrx_word' id='word_1_499' title='bbox 3551 3241 3686 3286; x_wconf 41' lang='lat' dir='ltr'><strong>con;</strong></span> 
     </span>
    </p>
   </div>
   <div class='ocr_carea' id='block_1_74' title="bbox 2115 3323 3686 3404">
    <p class='ocr_par' dir='ltr' id='par_1_74' title="bbox 2115 3323 3686 3404">
     <span class='ocr_line' id='line_1_74' title="bbox 2115 3323 3686 3404; baseline -0.014 -8"><span class='ocrx_word' id='word_1_500' title='bbox 2115 3357 2312 3397; x_wconf 89' lang='lat' dir='ltr'><strong>sonum</strong></span> <span class='ocrx_word' id='word_1_501' title='bbox 2345 3347 2428 3392; x_wconf 92' lang='lat' dir='ltr'><strong>est</strong></span> <span class='ocrx_word' id='word_1_502' title='bbox 2463 3347 2520 3390; x_wconf 92' lang='lat' dir='ltr'><strong>ut</strong></span> <span class='ocrx_word' id='word_1_503' title='bbox 2555 3335 2834 3404; x_wconf 78' lang='lat' dir='ltr'><strong>judicetur</strong></span> <span class='ocrx_word' id='word_1_504' title='bbox 2874 3339 2930 3385; x_wconf 87' lang='lat' dir='ltr'><strong>et</strong></span> <span class='ocrx_word' id='word_1_505' title='bbox 2974 3331 3090 3399; x_wconf 87' lang='lat' dir='ltr'><strong>ipse</strong></span> <span class='ocrx_word' id='word_1_506' title='bbox 3129 3329 3270 3384; x_wconf 80' lang='lat' dir='ltr'><strong>sicut</strong></span> <span class='ocrx_word' id='word_1_507' title='bbox 3301 3327 3412 3390; x_wconf 85' lang='lat' dir='ltr'><strong>alii,</strong></span> <span class='ocrx_word' id='word_1_508' title='bbox 3446 3334 3504 3378; x_wconf 88' lang='lat' dir='ltr'><strong>et</strong></span> <span class='ocrx_word' id='word_1_509' title='bbox 3533 3323 3686 3377; x_wconf 79' lang='lat' dir='ltr'><strong>nullo</strong></span> 
     </span>
    </p>
   </div>
   <div class='ocr_carea' id='block_1_75' title="bbox 2113 3433 2850 3506">
    <p class='ocr_par' dir='ltr' id='par_1_75' title="bbox 2113 3433 2850 3506">
     <span class='ocr_line' id='line_1_75' title="bbox 2113 3433 2850 3506; baseline -0.02 -14"><span class='ocrx_word' id='word_1_510' title='bbox 2113 3437 2184 3492; x_wconf 90' lang='lat' dir='ltr'><strong>sit</strong></span> <span class='ocrx_word' id='word_1_511' title='bbox 2223 3433 2508 3506; x_wconf 80' lang='lat' dir='ltr'><strong>privilegio</strong></span> <span class='ocrx_word' id='word_1_512' title='bbox 2545 3434 2850 3496; x_wconf 72' lang='lat' dir='ltr'><strong>exetnptus.</strong></span> 
     </span>
    </p>
   </div>
   <div class='ocr_carea' id='block_1_76' title="bbox 2181 3597 3684 3678">
    <p class='ocr_par' dir='ltr' id='par_1_76' title="bbox 2181 3597 3684 3678">
     <span class='ocr_line' id='line_1_76' title="bbox 2181 3597 3684 3678; baseline -0.018 -3"><span class='ocrx_word' id='word_1_513' title='bbox 2181 3622 2250 3675; x_wconf 78' lang='lat' dir='ltr'><strong>At</strong></span> <span class='ocrx_word' id='word_1_514' title='bbox 2298 3619 2342 3674; x_wconf 88' lang='lat' dir='ltr'><strong>si</strong></span> <span class='ocrx_word' id='word_1_515' title='bbox 2382 3633 2443 3670; x_wconf 89' lang='lat' dir='ltr'><strong>ea</strong></span> <span class='ocrx_word' id='word_1_516' title='bbox 2487 3613 2668 3669; x_wconf 87' lang='lat' dir='ltr'><strong>omnia</strong></span> <span class='ocrx_word' id='word_1_517' title='bbox 2715 3607 3000 3678; x_wconf 80' lang='lat' dir='ltr'><strong>nugatoria</strong></span> <span class='ocrx_word' id='word_1_518' title='bbox 3051 3611 3200 3667; x_wconf 88' lang='lat' dir='ltr'><strong>sunt,</strong></span> <span class='ocrx_word' id='word_1_519' title='bbox 3232 3615 3294 3654; x_wconf 90' lang='lat' dir='ltr'><strong>ac</strong></span> <span class='ocrx_word' id='word_1_520' title='bbox 3338 3597 3591 3654; x_wconf 79' lang='lat' dir='ltr'><strong>falsitatis</strong></span> <span class='ocrx_word' id='word_1_521' title='bbox 3627 3606 3684 3650; x_wconf 85' lang='lat' dir='ltr'><strong>et</strong></span> 
     </span>
    </p>
   </div>
   <div class='ocr_carea' id='block_1_77' title="bbox 2114 3689 3686 3778">
    <p class='ocr_par' dir='ltr' id='par_1_77' title="bbox 2114 3689 3686 3778">
     <span class='ocr_line' id='line_1_77' title="bbox 2114 3689 3686 3778; baseline -0.018 -10"><span class='ocrx_word' id='word_1_522' title='bbox 2114 3712 2374 3768; x_wconf 78' lang='lat' dir='ltr'><strong>novitatis</strong></span> <span class='ocrx_word' id='word_1_523' title='bbox 2417 3709 2600 3778; x_wconf 88' lang='lat' dir='ltr'><strong>plena,</strong></span> <span class='ocrx_word' id='word_1_524' title='bbox 2633 3712 2782 3758; x_wconf 86' lang='lat' dir='ltr'><strong>certe</strong></span> <span class='ocrx_word' id='word_1_525' title='bbox 2813 3713 2867 3755; x_wconf 90' lang='lat' dir='ltr'><strong>ct</strong></span> <span class='ocrx_word' id='word_1_526' title='bbox 2903 3713 3024 3768; x_wconf 67' lang='lat' dir='ltr'><strong>quae</strong></span> <span class='ocrx_word' id='word_1_527' title='bbox 3070 3695 3241 3750; x_wconf 79' lang='lat' dir='ltr'><strong>infers</strong></span> <span class='ocrx_word' id='word_1_528' title='bbox 3288 3694 3476 3746; x_wconf 80' lang='lat' dir='ltr'><strong>inanes</strong></span> <span class='ocrx_word' id='word_1_529' title='bbox 3507 3689 3686 3742; x_wconf 91' lang='lat' dir='ltr'><strong>canti-</strong></span> 
     </span>
    </p>
   </div>
   <div class='ocr_carea' id='block_1_78' title="bbox 2115 3781 3690 3862">
    <p class='ocr_par' dir='ltr' id='par_1_78' title="bbox 2115 3781 3690 3862">
     <span class='ocr_line' id='line_1_78' title="bbox 2115 3781 3690 3862; baseline -0.018 -1"><span class='ocrx_word' id='word_1_530' title='bbox 2115 3807 2252 3862; x_wconf 66' lang='lat' dir='ltr'><strong>lena:</strong></span> <span class='ocrx_word' id='word_1_531' title='bbox 2282 3811 2428 3857; x_wconf 82' lang='lat' dir='ltr'><strong>sunt.</strong></span> <span class='ocrx_word' id='word_1_532' title='bbox 2461 3799 2690 3854; x_wconf 87' lang='lat' dir='ltr'><strong>Confert</strong></span> <span class='ocrx_word' id='word_1_533' title='bbox 2723 3791 3075 3861; x_wconf 80' lang='lat' dir='ltr'><strong>Evangelium</strong></span> <span class='ocrx_word' id='word_1_534' title='bbox 3117 3785 3338 3848; x_wconf 85' lang='lat' dir='ltr'><strong>Paulus,</strong></span> <span class='ocrx_word' id='word_1_535' title='bbox 3373 3783 3568 3836; x_wconf 79' lang='lat' dir='ltr'><strong>Petrus</strong></span> <span class='ocrx_word' id='word_1_536' title='bbox 3605 3781 3690 3833; x_wconf 89' lang='lat' dir='ltr'><strong>in-</strong></span> 
     </span>
    </p>
   </div>
   <div class='ocr_carea' id='block_1_79' title="bbox 2114 3872 3689 3968">
    <p class='ocr_par' dir='ltr' id='par_1_79' title="bbox 2114 3872 3689 3968">
     <span class='ocr_line' id='line_1_79' title="bbox 2114 3872 3689 3968; baseline -0.02 -14"><span class='ocrx_word' id='word_1_537' title='bbox 2114 3897 2326 3968; x_wconf 87' lang='lat' dir='ltr'><strong>crepari</strong></span> <span class='ocrx_word' id='word_1_538' title='bbox 2365 3911 2425 3950; x_wconf 91' lang='lat' dir='ltr'><strong>se</strong></span> <span class='ocrx_word' id='word_1_539' title='bbox 2477 3893 2704 3962; x_wconf 87' lang='lat' dir='ltr'><strong>patitur,</strong></span> <span class='ocrx_word' id='word_1_540' title='bbox 2750 3903 2882 3956; x_wconf 82' lang='lat' dir='ltr'><strong>ergo</strong></span> <span class='ocrx_word' id='word_1_541' title='bbox 2921 3884 3084 3938; x_wconf 87' lang='lat' dir='ltr'><strong>etiam</strong></span> <span class='ocrx_word' id='word_1_542' title='bbox 3129 3894 3266 3949; x_wconf 87' lang='lat' dir='ltr'><strong>papa</strong></span> <span class='ocrx_word' id='word_1_543' title='bbox 3307 3874 3518 3948; x_wconf 81' lang='lat' dir='ltr'><strong>judicio</strong></span> <span class='ocrx_word' id='word_1_544' title='bbox 3559 3872 3689 3926; x_wconf 87' lang='lat' dir='ltr'><strong>sub-</strong></span> 
     </span>
    </p>
   </div>
   <div class='ocr_carea' id='block_1_80' title="bbox 2115 3967 3684 4048">
    <p class='ocr_par' dir='ltr' id='par_1_80' title="bbox 2115 3967 3684 4048">
     <span class='ocr_line' id='line_1_80' title="bbox 2115 3967 3684 4048; baseline -0.019 -2"><span class='ocrx_word' id='word_1_545' title='bbox 2115 3967 2328 4048; x_wconf 89' lang='lat' dir='ltr'><strong>dendus</strong></span> <span class='ocrx_word' id='word_1_546' title='bbox 2402 3997 2505 4042; x_wconf 88' lang='lat' dir='ltr'><strong>est.</strong></span> <span class='ocrx_word' id='word_1_547' title='bbox 2581 3987 2778 4036; x_wconf 84' lang='lat' dir='ltr'><strong>Annon</strong></span> <span class='ocrx_word' id='word_1_548' title='bbox 2849 3973 3244 4030; x_wconf 80' lang='lat' dir='ltr'><strong>animadvertis</strong></span> <span class='ocrx_word' id='word_1_549' title='bbox 3321 3967 3684 4023; x_wconf 83' lang='lat' dir='ltr'><strong>insulsitatem</strong></span> 
     </span>
    </p>
   </div>
   <div class='ocr_carea' id='block_1_81' title="bbox 2115 4057 3690 4156">
    <p class='ocr_par' dir='ltr' id='par_1_81' title="bbox 2115 4057 3690 4156">
     <span class='ocr_line' id='line_1_81' title="bbox 2115 4057 3690 4156; baseline -0.022 -16"><span class='ocrx_word' id='word_1_550' title='bbox 2115 4079 2454 4156; x_wconf 73' lang='lat' dir='ltr'><strong>syllogismi?</strong></span> <span class='ocrx_word' id='word_1_551' title='bbox 2503 4073 2664 4131; x_wconf 81' lang='lat' dir='ltr'><strong>Aliud</strong></span> <span class='ocrx_word' id='word_1_552' title='bbox 2719 4079 2804 4126; x_wconf 85' lang='lat' dir='ltr'><strong>est</strong></span> <span class='ocrx_word' id='word_1_553' title='bbox 2855 4067 3110 4122; x_wconf 84' lang='lat' dir='ltr'><strong>conferre</strong></span> <span class='ocrx_word' id='word_1_554' title='bbox 3162 4072 3215 4118; x_wconf 88' lang='lat' dir='ltr'><strong>et</strong></span> <span class='ocrx_word' id='word_1_555' title='bbox 3267 4057 3576 4127; x_wconf 83' lang='lat' dir='ltr'><strong>increpari,</strong></span> <span class='ocrx_word' id='word_1_556' title='bbox 3631 4065 3690 4108; x_wconf 87' lang='lat' dir='ltr'><strong>et</strong></span> 
     </span>
    </p>
   </div>
   <div class='ocr_carea' id='block_1_82' title="bbox 2116 4151 3684 4246">
    <p class='ocr_par' dir='ltr' id='par_1_82' title="bbox 2116 4151 3684 4246">
     <span class='ocr_line' id='line_1_82' title="bbox 2116 4151 3684 4246; baseline -0.022 -14"><span class='ocrx_word' id='word_1_557' title='bbox 2116 4151 2264 4234; x_wconf 81' lang='lat' dir='ltr'><strong>aliud</strong></span> <span class='ocrx_word' id='word_1_558' title='bbox 2317 4170 2548 4246; x_wconf 68' lang='lat' dir='ltr'><strong>iudicari</strong></span> <span class='ocrx_word' id='word_1_559' title='bbox 2600 4186 2612 4222; x_wconf 93' lang='lat'>:</span> <span class='ocrx_word' id='word_1_560' title='bbox 2655 4165 2746 4219; x_wconf 83' lang='lat' dir='ltr'><strong>illa</strong></span> <span class='ocrx_word' id='word_1_561' title='bbox 2795 4160 3078 4215; x_wconf 81' lang='lat' dir='ltr'><strong>cbaritatis</strong></span> <span class='ocrx_word' id='word_1_562' title='bbox 3126 4165 3183 4211; x_wconf 85' lang='lat' dir='ltr'><strong>et</strong></span> <span class='ocrx_word' id='word_1_563' title='bbox 3224 4151 3484 4208; x_wconf 71' lang='lat' dir='ltr'><strong>amicitia:</strong></span> <span class='ocrx_word' id='word_1_564' title='bbox 3536 4160 3684 4210; x_wconf 89' lang='lat' dir='ltr'><strong>sunt,</strong></span> 
     </span>
    </p>
   </div>
   <div class='ocr_carea' id='block_1_83' title="bbox 2116 4241 3688 4338">
    <p class='ocr_par' dir='ltr' id='par_1_83' title="bbox 2116 4241 3688 4338">
     <span class='ocr_line' id='line_1_83' title="bbox 2116 4241 3688 4338; baseline -0.021 -14"><span class='ocrx_word' id='word_1_565' title='bbox 2116 4271 2221 4324; x_wconf 86' lang='lat' dir='ltr'><strong>hoc</strong></span> <span class='ocrx_word' id='word_1_566' title='bbox 2265 4241 2576 4338; x_wconf 80' lang='lat' dir='ltr'><strong>potestatis.</strong></span> <span class='ocrx_word' id='word_1_567' title='bbox 2607 4255 2762 4323; x_wconf 80' lang='lat' dir='ltr'><strong>Quod</strong></span> <span class='ocrx_word' id='word_1_568' title='bbox 2801 4255 2844 4309; x_wconf 89' lang='lat' dir='ltr'><strong>si</strong></span> <span class='ocrx_word' id='word_1_569' title='bbox 2879 4249 3156 4321; x_wconf 87' lang='lat' dir='ltr'><strong>increpari</strong></span> <span class='ocrx_word' id='word_1_570' title='bbox 3189 4248 3436 4307; x_wconf 89' lang='lat' dir='ltr'><strong>Petrum,</strong></span> <span class='ocrx_word' id='word_1_571' title='bbox 3469 4241 3688 4295; x_wconf 87' lang='lat' dir='ltr'><strong>videtur</strong></span> 
     </span>
    </p>
   </div>
   <div class='ocr_carea' id='block_1_84' title="bbox 2117 4333 3688 4428">
    <p class='ocr_par' dir='ltr' id='par_1_84' title="bbox 2117 4333 3688 4428">
     <span class='ocr_line' id='line_1_84' title="bbox 2117 4333 3688 4428; baseline -0.022 -12"><span class='ocrx_word' id='word_1_572' title='bbox 2117 4361 2216 4416; x_wconf 84' lang='lat' dir='ltr'><strong>tibi</strong></span> <span class='ocrx_word' id='word_1_573' title='bbox 2267 4356 2606 4428; x_wconf 88' lang='lat' dir='ltr'><strong>principatus</strong></span> <span class='ocrx_word' id='word_1_574' title='bbox 2651 4348 2984 4410; x_wconf 86' lang='lat' dir='ltr'><strong>imminutio,</strong></span> <span class='ocrx_word' id='word_1_575' title='bbox 3021 4341 3146 4396; x_wconf 89' lang='lat' dir='ltr'><strong>audi</strong></span> <span class='ocrx_word' id='word_1_576' title='bbox 3191 4337 3452 4394; x_wconf 82' lang='lat' dir='ltr'><strong>eximium</strong></span> <span class='ocrx_word' id='word_1_577' title='bbox 3495 4333 3688 4386; x_wconf 87' lang='lat' dir='ltr'><strong>docto-</strong></span> 
     </span>
    </p>
   </div>
   <div class='ocr_carea' id='block_1_85' title="bbox 441 4421 2011 4542">
    <p class='ocr_par' dir='ltr' id='par_1_85' title="bbox 441 4421 2006 4542">
     <span class='ocr_line' id='line_1_85' title="bbox 441 4421 2006 4542; baseline -0.01 -17"><span class='ocrx_word' id='word_1_578' title='bbox 441 4473 651 4542; x_wconf 73' lang='grc' dir='ltr'>δασμὸν</span> <span class='ocrx_word' id='word_1_579' title='bbox 688 4469 905 4538; x_wconf 79' lang='grc' dir='ltr'>δηλοῦν,</span> <span class='ocrx_word' id='word_1_580' title='bbox 933 4421 1097 4521; x_wconf 58' lang='grc' dir='ltr'><strong>ἄΓκούε</strong></span> <span class='ocrx_word' id='word_1_581' title='bbox 1129 4466 1225 4518; x_wconf 84' lang='grc' dir='ltr'><strong>τοῦ</strong></span> <span class='ocrx_word' id='word_1_582' title='bbox 1263 4421 1504 4531; x_wconf 75' lang='grc' dir='ltr'>μεγάλου</span> <span class='ocrx_word' id='word_1_583' title='bbox 1543 4463 1754 4531; x_wconf 61' lang='grc' dir='ltr'>Πατρός</span> <span class='ocrx_word' id='word_1_584' title='bbox 1791 4461 2006 4540; x_wconf 31' lang='grc' dir='ltr'>,Γρηγι-</span> 
     </span>
    </p>
   </div>
   <div class='ocr_carea' id='block_1_86' title="bbox 2117 4421 3682 4542">
    <p class='ocr_par' dir='ltr' id='par_1_86' title="bbox 2119 4421 3682 4542">
     <span class='ocr_line' id='line_1_86' title="bbox 2119 4421 3682 4517; baseline -0.022 -11"><span class='ocrx_word' id='word_1_585' title='bbox 2119 4469 2230 4506; x_wconf 80' lang='lat' dir='ltr'><strong>rem</strong></span> <span class='ocrx_word' id='word_1_586' title='bbox 2253 4449 2578 4517; x_wconf 70' lang='lat' dir='ltr'><strong>Gregorium</strong></span> <span class='ocrx_word' id='word_1_587' title='bbox 2605 4443 2854 4512; x_wconf 84' lang='lat' dir='ltr'><strong>Magnum</strong></span> <span class='ocrx_word' id='word_1_588' title='bbox 2877 4436 3108 4492; x_wconf 85' lang='lat' dir='ltr'><strong>homilia</strong></span> <span class='ocrx_word' id='word_1_589' title='bbox 3130 4434 3184 4486; x_wconf 91' lang='lat' dir='ltr'><strong>in</strong></span> <span class='ocrx_word' id='word_1_590' title='bbox 3205 4427 3553 4484; x_wconf 80' lang='lat' dir='ltr'><strong>Ezechielcm</strong></span> <span class='ocrx_word' id='word_1_591' title='bbox 3587 4421 3682 4474; x_wconf 88' lang='lat' dir='ltr'><strong>l8:</strong></span> 
     </span>
     <span class='ocr_line' id='line_1_87' title="bbox 2426 4519 3649 4542; baseline -0.02 10"><span class='ocrx_word' id='word_1_592' title='bbox 2426 4541 2433 4542; x_wconf 41' lang='grc' dir='ltr'><strong>κ</strong></span> <span class='ocrx_word' id='word_1_593' title='bbox 2563 4537 2573 4542; x_wconf 87' lang='grc'><strong>-</strong></span> <span class='ocrx_word' id='word_1_594' title='bbox 2800 4536 2810 4542; x_wconf 92' lang='grc'>.</span> <span class='ocrx_word' id='word_1_595' title='bbox 2861 4535 2864 4538; x_wconf 35' lang='grc' dir='ltr'><strong>ί</strong></span> <span class='ocrx_word' id='word_1_596' title='bbox 2997 4531 3006 4540; x_wconf 93' lang='grc'>.</span> <span class='ocrx_word' id='word_1_597' title='bbox 3123 4526 3188 4542; x_wconf 59' lang='grc' dir='ltr'>,ρ</span> <span class='ocrx_word' id='word_1_598' title='bbox 3353 4519 3413 4542; x_wconf 81' lang='lat'><strong>__,</strong></span> <span class='ocrx_word' id='word_1_599' title='bbox 3452 4531 3649 4542; x_wconf 52' lang='lat' dir='ltr'><strong>“MM</strong></span> 
     </span>
    </p>
   </div>
   <div class='ocr_carea' id='block_1_87' title="bbox 442 4557 2009 4637">
    <p class='ocr_par' dir='ltr' id='par_1_87' title="bbox 442 4557 2009 4637">
     <span class='ocr_line' id='line_1_88' title="bbox 442 4557 2009 4637; baseline -0.01 -16"><span class='ocrx_word' id='word_1_600' title='bbox 442 4570 557 4637; x_wconf 85' lang='grc' dir='ltr'>ρίου</span> <span class='ocrx_word' id='word_1_601' title='bbox 587 4567 682 4619; x_wconf 83' lang='grc' dir='ltr'>τοῦ</span> <span class='ocrx_word' id='word_1_602' title='bbox 703 4564 930 4630; x_wconf 75' lang='grc' dir='ltr'>ἐπίκλην</span> <span class='ocrx_word' id='word_1_603' title='bbox 957 4563 1220 4630; x_wconf 81' lang='grc' dir='ltr'>Διαλόγου</span> <span class='ocrx_word' id='word_1_604' title='bbox 1249 4563 1305 4612; x_wconf 76' lang='grc' dir='ltr'><strong>ἐν</strong></span> <span class='ocrx_word' id='word_1_605' title='bbox 1323 4563 1389 4630; x_wconf 81' lang='grc' dir='ltr'>τῇ</span> <span class='ocrx_word' id='word_1_606' title='bbox 1418 4566 1486 4630; x_wconf 83' lang='grc' dir='ltr'><strong>ιη’</strong></span> <span class='ocrx_word' id='word_1_607' title='bbox 1509 4561 1588 4622; x_wconf 82' lang='grc' dir='ltr'>εὶς</span> <span class='ocrx_word' id='word_1_608' title='bbox 1619 4559 1716 4630; x_wconf 54' lang='grc' dir='ltr'>τοι,</span> <span class='ocrx_word' id='word_1_609' title='bbox 1743 4557 2009 4625; x_wconf 76' lang='grc' dir='ltr'>Ἰεζεκιὴλ</span> 
     </span>
    </p>
   </div>
   <div class='ocr_carea' id='block_1_88' title="bbox 440 4651 2010 4732">
    <p class='ocr_par' dir='ltr' id='par_1_88' title="bbox 440 4651 2010 4732">
     <span class='ocr_line' id='line_1_89' title="bbox 440 4651 2010 4732; baseline -0.009 -17"><span class='ocrx_word' id='word_1_610' title='bbox 440 4663 626 4732; x_wconf 76' lang='grc' dir='ltr'>ὁμιλίᾳ</span> <span class='ocrx_word' id='word_1_611' title='bbox 653 4677 667 4692; x_wconf 81' lang='grc'><em>’</em></span> <span class='ocrx_word' id='word_1_612' title='bbox 708 4679 724 4710; x_wconf 81' lang='grc' dir='ltr'><strong>ι</strong></span> <span class='ocrx_word' id='word_1_613' title='bbox 771 4659 830 4712; x_wconf 86' lang='lat'><strong>&#39;0</strong></span> <span class='ocrx_word' id='word_1_614' title='bbox 861 4659 1089 4727; x_wconf 74' lang='grc' dir='ltr'>Πέτρος,</span> <span class='ocrx_word' id='word_1_615' title='bbox 1122 4658 1276 4726; x_wconf 71' lang='grc' dir='ltr'>φησὶ,</span> <span class='ocrx_word' id='word_1_616' title='bbox 1305 4657 1500 4729; x_wconf 75' lang='grc' dir='ltr'>γέγονε</span> <span class='ocrx_word' id='word_1_617' title='bbox 1536 4653 1628 4706; x_wconf 80' lang='grc' dir='ltr'><strong>καὶ</strong></span> <span class='ocrx_word' id='word_1_618' title='bbox 1655 4652 1732 4720; x_wconf 80' lang='grc' dir='ltr'>τῷ</span> <span class='ocrx_word' id='word_1_619' title='bbox 1765 4651 2010 4704; x_wconf 67' lang='grc' dir='ltr'>ἐλάττονι</span> 
     </span>
    </p>
   </div>
   <div class='ocr_carea' id='block_1_89' title="bbox 441 4743 2013 4822">
    <p class='ocr_par' dir='ltr' id='par_1_89' title="bbox 441 4743 2013 4822">
     <span class='ocr_line' id='line_1_90' title="bbox 441 4743 2013 4822; baseline -0.01 -16"><span class='ocrx_word' id='word_1_620' title='bbox 441 4753 656 4822; x_wconf 72' lang='grc' dir='ltr'>ἀδελφῷ</span> <span class='ocrx_word' id='word_1_621' title='bbox 713 4749 1056 4818; x_wconf 77' lang='grc' dir='ltr'>συναινέτης,</span> <span class='ocrx_word' id='word_1_622' title='bbox 1092 4747 1183 4800; x_wconf 76' lang='grc' dir='ltr'>καὶ</span> <span class='ocrx_word' id='word_1_623' title='bbox 1230 4745 1306 4814; x_wconf 81' lang='grc' dir='ltr'>τῷ</span> <span class='ocrx_word' id='word_1_624' title='bbox 1360 4743 1735 4812; x_wconf 80' lang='grc' dir='ltr'>ὑποδεεστέρῳ</span> <span class='ocrx_word' id='word_1_625' title='bbox 1780 4755 2013 4806; x_wconf 56' lang='grc' dir='ltr'><strong>κατξχκο-</strong></span> 
     </span>
    </p>
   </div>
   <div class='ocr_carea' id='block_1_90' title="bbox 440 4834 2012 4915">
    <p class='ocr_par' dir='ltr' id='par_1_90' title="bbox 440 4834 2012 4915">
     <span class='ocr_line' id='line_1_91' title="bbox 440 4834 2012 4915; baseline -0.01 -16"><span class='ocrx_word' id='word_1_626' title='bbox 440 4847 704 4914; x_wconf 76' lang='grc' dir='ltr'>λουθησεν</span> <span class='ocrx_word' id='word_1_627' title='bbox 738 4847 793 4896; x_wconf 78' lang='grc' dir='ltr'><strong>ἐν</strong></span> <span class='ocrx_word' id='word_1_628' title='bbox 823 4847 888 4915; x_wconf 79' lang='grc' dir='ltr'>τῇ</span> <span class='ocrx_word' id='word_1_629' title='bbox 920 4843 1058 4911; x_wconf 67' lang='grc' dir='ltr'>αὐτῇ</span> <span class='ocrx_word' id='word_1_630' title='bbox 1092 4837 1367 4902; x_wconf 69' lang='grc' dir='ltr'>ὑποθέσει,</span> <span class='ocrx_word' id='word_1_631' title='bbox 1401 4837 1490 4889; x_wconf 81' lang='grc' dir='ltr'><strong>ἴνα</strong></span> <span class='ocrx_word' id='word_1_632' title='bbox 1537 4835 1637 4906; x_wconf 81' lang='grc' dir='ltr'><strong>κάν</strong></span> <span class='ocrx_word' id='word_1_633' title='bbox 1684 4836 1856 4899; x_wconf 77' lang='grc' dir='ltr'>τούτῳ</span> <span class='ocrx_word' id='word_1_634' title='bbox 1892 4834 2012 4902; x_wconf 82' lang='grc' dir='ltr'>μεί-</span> 
     </span>
    </p>
   </div>
   <div class='ocr_carea' id='block_1_91' title="bbox 441 4925 2010 5008">
    <p class='ocr_par' dir='ltr' id='par_1_91' title="bbox 441 4925 2010 5008">
     <span class='ocr_line' id='line_1_92' title="bbox 441 4925 2010 5008; baseline -0.011 -14"><span class='ocrx_word' id='word_1_635' title='bbox 441 4944 549 5004; x_wconf 77' lang='grc' dir='ltr'>ζων</span> <span class='ocrx_word' id='word_1_636' title='bbox 599 4941 842 5008; x_wconf 81' lang='grc' dir='ltr'>γένηται,</span> <span class='ocrx_word' id='word_1_637' title='bbox 877 4925 1416 5004; x_wconf 47' lang='grc' dir='ltr'>ὤσπερ-κορυφαῖος</span> <span class='ocrx_word' id='word_1_638' title='bbox 1445 4930 1518 4982; x_wconf 80' lang='grc' dir='ltr'><strong>ὢν</strong></span> <span class='ocrx_word' id='word_1_639' title='bbox 1554 4933 1618 4996; x_wconf 76' lang='grc' dir='ltr'>τῇ</span> <span class='ocrx_word' id='word_1_640' title='bbox 1673 4928 2010 4996; x_wconf 73' lang='grc' dir='ltr'>ἁποστολικῇ</span> 
     </span>
    </p>
   </div>
   <div class='ocr_carea' id='block_1_92' title="bbox 444 5023 1902 5102">
    <p class='ocr_par' dir='ltr' id='par_1_92' title="bbox 444 5023 1902 5102">
     <span class='ocr_line' id='line_1_93' title="bbox 444 5023 1902 5102; baseline 0.01 -23"><span class='ocrx_word' id='word_1_641' title='bbox 444 5033 591 5102; x_wconf 72' lang='grc' dir='ltr'>ἀξίᾳ,</span> <span class='ocrx_word' id='word_1_642' title='bbox 623 5031 764 5084; x_wconf 68' lang='grc' dir='ltr'>οὕτω</span> <span class='ocrx_word' id='word_1_643' title='bbox 796 5031 890 5082; x_wconf 73' lang='grc' dir='ltr'><strong>καὶ</strong></span> <span class='ocrx_word' id='word_1_644' title='bbox 923 5031 988 5098; x_wconf 85' lang='grc' dir='ltr'>τῇ</span> <span class='ocrx_word' id='word_1_645' title='bbox 1025 5023 1500 5095; x_wconf 71' lang='grc' dir='ltr'>ταπεινοφροσύνῃ</span> <span class='ocrx_word' id='word_1_646' title='bbox 1536 5023 1844 5090; x_wconf 75' lang='grc' dir='ltr'>γενόμενος·</span> <span class='ocrx_word' id='word_1_647' title='bbox 1882 5039 1902 5072; x_wconf 77' lang='grc'>³</span> 
     </span>
    </p>
   </div>
   <div class='ocr_carea' id='block_1_93' title="bbox 514 5109 2012 5190">
    <p class='ocr_par' dir='ltr' id='par_1_93' title="bbox 514 5109 2012 5190">
     <span class='ocr_line' id='line_1_94' title="bbox 514 5109 2012 5190; baseline -0.011 -12"><span class='ocrx_word' id='word_1_648' title='bbox 514 5127 576 5178; x_wconf 87' lang='grc' dir='ltr'><strong>Εἰ</strong></span> <span class='ocrx_word' id='word_1_649' title='bbox 618 5125 672 5176; x_wconf 84' lang='grc' dir='ltr'><strong>δὲ</strong></span> <span class='ocrx_word' id='word_1_650' title='bbox 705 5125 836 5186; x_wconf 78' lang='grc' dir='ltr'>ὅλως</span> <span class='ocrx_word' id='word_1_651' title='bbox 877 5122 954 5190; x_wconf 83' lang='grc' dir='ltr'><strong>μὴ</strong></span> <span class='ocrx_word' id='word_1_652' title='bbox 1003 5118 1285 5189; x_wconf 81' lang='grc' dir='ltr'>κρίνεσθαι</span> <span class='ocrx_word' id='word_1_653' title='bbox 1346 5109 1470 5184; x_wconf 74' lang='grc' dir='ltr'>μὲν,</span> <span class='ocrx_word' id='word_1_654' title='bbox 1499 5114 1616 5168; x_wconf 80' lang='grc' dir='ltr'>ἀλλ’</span> <span class='ocrx_word' id='word_1_655' title='bbox 1651 5111 2012 5180; x_wconf 79' lang='grc' dir='ltr'>ἐπιτιμᾶσθαι</span> 
     </span>
    </p>
   </div>
   <div class='ocr_carea' id='block_1_94' title="bbox 443 5205 2010 5290">
    <p class='ocr_par' dir='ltr' id='par_1_94' title="bbox 443 5205 2010 5290">
     <span class='ocr_line' id='line_1_95' title="bbox 443 5205 2010 5290; baseline -0.012 -17"><span class='ocrx_word' id='word_1_656' title='bbox 443 5221 621 5290; x_wconf 83' lang='grc' dir='ltr'>βούλει</span> <span class='ocrx_word' id='word_1_657' title='bbox 650 5219 740 5270; x_wconf 81' lang='grc' dir='ltr'><strong>τὸν</strong></span> <span class='ocrx_word' id='word_1_658' title='bbox 775 5218 961 5268; x_wconf 66' lang='grc' dir='ltr'>πᾶπαν</span> <span class='ocrx_word' id='word_1_659' title='bbox 993 5214 1094 5265; x_wconf 70' lang='grc' dir='ltr'>ὑπο</span> <span class='ocrx_word' id='word_1_660' title='bbox 1120 5213 1230 5262; x_wconf 83' lang='grc' dir='ltr'><strong>τῶν</strong></span> <span class='ocrx_word' id='word_1_661' title='bbox 1263 5209 1754 5278; x_wconf 74' lang='grc' dir='ltr'>συμπατριαρχῶν,</span> <span class='ocrx_word' id='word_1_662' title='bbox 1821 5205 2010 5274; x_wconf 80' lang='grc' dir='ltr'>ὥσπερ</span> 
     </span>
    </p>
   </div>
   <div class='ocr_carea' id='block_1_95' title="bbox 445 5298 2013 5368">
    <p class='ocr_par' dir='ltr' id='par_1_95' title="bbox 445 5298 2013 5368">
     <span class='ocr_line' id='line_1_96' title="bbox 445 5298 2013 5368; baseline -0.012 -2"><span class='ocrx_word' id='word_1_663' title='bbox 445 5313 549 5366; x_wconf 80' lang='grc' dir='ltr'>ὑπὸ</span> <span class='ocrx_word' id='word_1_664' title='bbox 601 5309 694 5363; x_wconf 76' lang='grc' dir='ltr'>τοῦ</span> <span class='ocrx_word' id='word_1_665' title='bbox 764 5305 1170 5362; x_wconf 77' lang='grc' dir='ltr'>συναποστόλου</span> <span class='ocrx_word' id='word_1_666' title='bbox 1239 5306 1266 5356; x_wconf 83' lang='grc' dir='ltr'>ὁ</span> <span class='ocrx_word' id='word_1_667' title='bbox 1329 5300 1668 5360; x_wconf 75' lang='grc' dir='ltr'>ἀπόστολος·</span> <span class='ocrx_word' id='word_1_668' title='bbox 1729 5298 1897 5368; x_wconf 75' lang='grc' dir='ltr'><strong>ἐχρῆν</strong></span> <span class='ocrx_word' id='word_1_669' title='bbox 1956 5314 2013 5348; x_wconf 82' lang='grc' dir='ltr'><strong>σε</strong></span> 
     </span>
    </p>
   </div>
   <div class='ocr_carea' id='block_1_96' title="bbox 447 5377 2016 5472">
    <p class='ocr_par' dir='ltr' id='par_1_96' title="bbox 447 5377 2016 5472">
     <span class='ocr_line' id='line_1_97' title="bbox 447 5377 2016 5472; baseline -0.012 -15"><span class='ocrx_word' id='word_1_670' title='bbox 447 5401 793 5472; x_wconf 78' lang='grc' dir='ltr'>ἐνθυμεῖσθαι</span> <span class='ocrx_word' id='word_1_671' title='bbox 826 5403 894 5454; x_wconf 72' lang='grc' dir='ltr'>τὰ</span> <span class='ocrx_word' id='word_1_672' title='bbox 927 5399 1068 5471; x_wconf 78' lang='grc' dir='ltr'><strong>ρητὰ</strong></span> <span class='ocrx_word' id='word_1_673' title='bbox 1103 5397 1192 5449; x_wconf 68' lang='grc' dir='ltr'>καὶ</span> <span class='ocrx_word' id='word_1_674' title='bbox 1221 5397 1316 5458; x_wconf 79' lang='grc' dir='ltr'>τὰς</span> <span class='ocrx_word' id='word_1_675' title='bbox 1344 5393 1637 5462; x_wconf 68' lang='grc' dir='ltr'>ὁμολογίας</span> <span class='ocrx_word' id='word_1_676' title='bbox 1667 5391 1775 5442; x_wconf 81' lang='grc' dir='ltr'>τῶν</span> <span class='ocrx_word' id='word_1_677' title='bbox 1809 5377 1866 5442; x_wconf 72' lang='grc' dir='ltr'><strong>ἕν</strong></span> <span class='ocrx_word' id='word_1_678' title='bbox 1897 5391 2016 5450; x_wconf 83' lang='grc' dir='ltr'>ταῖς</span> 
     </span>
    </p>
   </div>
   <div class='ocr_carea' id='block_1_97' title="bbox 447 5481 2018 5562">
    <p class='ocr_par' dir='ltr' id='par_1_97' title="bbox 447 5481 2018 5562">
     <span class='ocr_line' id='line_1_98' title="bbox 447 5481 2018 5562; baseline -0.011 -13"><span class='ocrx_word' id='word_1_679' title='bbox 447 5497 688 5558; x_wconf 75' lang='grc' dir='ltr'>συνόδοις</span> <span class='ocrx_word' id='word_1_680' title='bbox 725 5495 1000 5562; x_wconf 81' lang='grc' dir='ltr'>Πατέρων,</span> <span class='ocrx_word' id='word_1_681' title='bbox 1039 5493 1123 5544; x_wconf 82' lang='grc' dir='ltr'><strong>ὅτι</strong></span> <span class='ocrx_word' id='word_1_682' title='bbox 1175 5486 1456 5556; x_wconf 76' lang='grc' dir='ltr'>ὀφθαλμὸς</span> <span class='ocrx_word' id='word_1_683' title='bbox 1496 5487 1589 5536; x_wconf 78' lang='grc' dir='ltr'><strong>καὶ</strong></span> <span class='ocrx_word' id='word_1_684' title='bbox 1644 5483 1880 5552; x_wconf 73' lang='grc' dir='ltr'>κορυφὴ,</span> <span class='ocrx_word' id='word_1_685' title='bbox 1923 5481 2018 5532; x_wconf 76' lang='grc' dir='ltr'>καὶ</span> 
     </span>
    </p>
   </div>
   <div class='ocr_carea' id='block_1_98' title="bbox 447 5577 2017 5659">
    <p class='ocr_par' dir='ltr' id='par_1_98' title="bbox 447 5577 2017 5659">
     <span class='ocr_line' id='line_1_99' title="bbox 447 5577 2017 5659; baseline -0.012 -17"><span class='ocrx_word' id='word_1_686' title='bbox 447 5591 632 5659; x_wconf 74' lang='grc' dir='ltr'>πατὴρ</span> <span class='ocrx_word' id='word_1_687' title='bbox 672 5589 778 5640; x_wconf 85' lang='grc' dir='ltr'>τῶν</span> <span class='ocrx_word' id='word_1_688' title='bbox 828 5585 1144 5638; x_wconf 75' lang='grc' dir='ltr'>ἐπισκόπων</span> <span class='ocrx_word' id='word_1_689' title='bbox 1204 5584 1462 5636; x_wconf 63' lang='grc' dir='ltr'>ἁπάντων</span> <span class='ocrx_word' id='word_1_690' title='bbox 1494 5583 1520 5632; x_wconf 84' lang='grc' dir='ltr'>ὁ</span> <span class='ocrx_word' id='word_1_691' title='bbox 1563 5581 1770 5638; x_wconf 80' lang='grc' dir='ltr'>πὰπας,</span> <span class='ocrx_word' id='word_1_692' title='bbox 1818 5577 2017 5626; x_wconf 77' lang='grc' dir='ltr'>ἐκεῖνοι</span> 
     </span>
    </p>
   </div>
   <div class='ocr_carea' id='block_1_99' title="bbox 447 5668 2021 5743">
    <p class='ocr_par' dir='ltr' id='par_1_99' title="bbox 447 5668 2021 5743">
     <span class='ocr_line' id='line_1_100' title="bbox 447 5668 2021 5743; baseline -0.013 -7"><span class='ocrx_word' id='word_1_693' title='bbox 447 5684 503 5736; x_wconf 81' lang='grc' dir='ltr'><strong>δὲ</strong></span> <span class='ocrx_word' id='word_1_694' title='bbox 537 5679 942 5734; x_wconf 79' lang='grc' dir='ltr'>συναπόστολοι.</span> <span class='ocrx_word' id='word_1_695' title='bbox 983 5677 1088 5729; x_wconf 72' lang='grc' dir='ltr'>Καὶ</span> <span class='ocrx_word' id='word_1_696' title='bbox 1144 5673 1399 5743; x_wconf 79' lang='grc' dir='ltr'>χωλαίνει</span> <span class='ocrx_word' id='word_1_697' title='bbox 1446 5675 1476 5741; x_wconf 81' lang='grc' dir='ltr'>ἡ</span> <span class='ocrx_word' id='word_1_698' title='bbox 1529 5669 1808 5737; x_wconf 77' lang='grc' dir='ltr'>ἀναλογία.</span> <span class='ocrx_word' id='word_1_699' title='bbox 1862 5668 2021 5719; x_wconf 77' lang='grc' dir='ltr'>Ἐπε-</span> 
     </span>
    </p>
   </div>
   <div class='ocr_carea' id='block_1_100' title="bbox 447 5759 2016 5844">
    <p class='ocr_par' dir='ltr' id='par_1_100' title="bbox 447 5759 2016 5844">
     <span class='ocr_line' id='line_1_101' title="bbox 447 5759 2016 5844; baseline -0.009 -19"><span class='ocrx_word' id='word_1_700' title='bbox 447 5775 582 5844; x_wconf 56' lang='lat' dir='ltr'><strong>cipiat</strong></span> <span class='ocrx_word' id='word_1_701' title='bbox 615 5774 932 5834; x_wconf 60' lang='lat' dir='ltr'><strong>Kelsotivo;</strong></span> <span class='ocrx_word' id='word_1_702' title='bbox 970 5771 1026 5824; x_wconf 82' lang='grc' dir='ltr'><strong>ὲν</strong></span> <span class='ocrx_word' id='word_1_703' title='bbox 1059 5771 1122 5838; x_wconf 78' lang='grc' dir='ltr'>τῇ</span> <span class='ocrx_word' id='word_1_704' title='bbox 1167 5767 1324 5836; x_wconf 82' lang='grc' dir='ltr'>τρίτῃ</span> <span class='ocrx_word' id='word_1_705' title='bbox 1379 5765 1579 5835; x_wconf 66' lang='grc' dir='ltr'>συνόδῳ</span> <span class='ocrx_word' id='word_1_706' title='bbox 1611 5763 1684 5833; x_wconf 73' lang='grc' dir='ltr'>τῷ</span> <span class='ocrx_word' id='word_1_707' title='bbox 1713 5759 2016 5828; x_wconf 76' lang='grc' dir='ltr'>Νεστορίῳ,</span> 
     </span>
    </p>
   </div>
   <div class='ocr_carea' id='block_1_101' title="bbox 2123 4519 3684 4607">
    <p class='ocr_par' dir='ltr' id='par_1_101' title="bbox 2123 4519 3684 4607">
     <span class='ocr_line' id='line_1_102' title="bbox 2123 4519 3684 4607; baseline -0.021 -9"><span class='ocrx_word' id='word_1_708' title='bbox 2123 4565 2140 4598; x_wconf 77' lang='grc' dir='ltr'><strong>ι</strong></span> <span class='ocrx_word' id='word_1_709' title='bbox 2179 4545 2392 4604; x_wconf 86' lang='lat' dir='ltr'><strong>Petrus,</strong></span> <span class='ocrx_word' id='word_1_710' title='bbox 2423 4537 2624 4607; x_wconf 87' lang='lat' dir='ltr'><strong>inquit,</strong></span> <span class='ocrx_word' id='word_1_711' title='bbox 2652 4551 2708 4589; x_wconf 81' lang='lat' dir='ltr'><strong>se</strong></span> <span class='ocrx_word' id='word_1_712' title='bbox 2739 4535 2906 4589; x_wconf 87' lang='lat' dir='ltr'><strong>etiam</strong></span> <span class='ocrx_word' id='word_1_713' title='bbox 2937 4527 3136 4582; x_wconf 89' lang='lat' dir='ltr'><strong>minori</strong></span> <span class='ocrx_word' id='word_1_714' title='bbox 3164 4523 3318 4578; x_wconf 80' lang='lat' dir='ltr'><strong>fratri</strong></span> <span class='ocrx_word' id='word_1_715' title='bbox 3349 4519 3413 4572; x_wconf 89' lang='lat' dir='ltr'><strong>ad</strong></span> <span class='ocrx_word' id='word_1_716' title='bbox 3448 4531 3684 4571; x_wconf 89' lang='lat' dir='ltr'><strong>consen-</strong></span> 
     </span>
    </p>
   </div>
   <div class='ocr_carea' id='block_1_102' title="bbox 2116 4616 3686 4695">
    <p class='ocr_par' dir='ltr' id='par_1_102' title="bbox 2116 4616 3686 4695">
     <span class='ocr_line' id='line_1_103' title="bbox 2116 4616 3686 4695; baseline -0.021 -5"><span class='ocrx_word' id='word_1_717' title='bbox 2116 4651 2236 4690; x_wconf 90' lang='lat' dir='ltr'><strong>sum</strong></span> <span class='ocrx_word' id='word_1_718' title='bbox 2269 4632 2440 4692; x_wconf 86' lang='lat' dir='ltr'><strong>dedit,</strong></span> <span class='ocrx_word' id='word_1_719' title='bbox 2478 4639 2642 4695; x_wconf 85' lang='lat' dir='ltr'><strong>atque</strong></span> <span class='ocrx_word' id='word_1_720' title='bbox 2691 4626 2744 4676; x_wconf 88' lang='lat' dir='ltr'><strong>in</strong></span> <span class='ocrx_word' id='word_1_721' title='bbox 2789 4622 2979 4676; x_wconf 87' lang='lat' dir='ltr'><strong>eadem</strong></span> <span class='ocrx_word' id='word_1_722' title='bbox 3023 4633 3080 4670; x_wconf 88' lang='lat' dir='ltr'><strong>re</strong></span> <span class='ocrx_word' id='word_1_723' title='bbox 3127 4616 3303 4666; x_wconf 87' lang='lat' dir='ltr'><strong>factus</strong></span> <span class='ocrx_word' id='word_1_724' title='bbox 3331 4618 3412 4664; x_wconf 87' lang='lat' dir='ltr'><strong>est</strong></span> <span class='ocrx_word' id='word_1_725' title='bbox 3447 4619 3686 4674; x_wconf 85' lang='lat' dir='ltr'><strong>sequens</strong></span> 
     </span>
    </p>
   </div>
   <div class='ocr_carea' id='block_1_103' title="bbox 2117 4705 3686 4782">
    <p class='ocr_par' dir='ltr' id='par_1_103' title="bbox 2117 4705 3686 4782">
     <span class='ocr_line' id='line_1_104' title="bbox 2117 4705 3686 4782; baseline -0.021 -1"><span class='ocrx_word' id='word_1_726' title='bbox 2117 4726 2349 4782; x_wconf 86' lang='lat' dir='ltr'><strong>minoris</strong></span> <span class='ocrx_word' id='word_1_727' title='bbox 2395 4721 2500 4782; x_wconf 89' lang='lat' dir='ltr'><strong>sui,</strong></span> <span class='ocrx_word' id='word_1_728' title='bbox 2541 4719 2704 4773; x_wconf 90' lang='lat' dir='ltr'><strong>etiam</strong></span> <span class='ocrx_word' id='word_1_729' title='bbox 2754 4723 2814 4769; x_wconf 90' lang='lat' dir='ltr'><strong>ut</strong></span> <span class='ocrx_word' id='word_1_730' title='bbox 2859 4713 2914 4766; x_wconf 90' lang='lat' dir='ltr'><strong>in</strong></span> <span class='ocrx_word' id='word_1_731' title='bbox 2968 4711 3070 4762; x_wconf 89' lang='lat' dir='ltr'><strong>hoc</strong></span> <span class='ocrx_word' id='word_1_732' title='bbox 3109 4705 3330 4777; x_wconf 69' lang='lat' dir='ltr'><strong>praeiret</strong></span> <span class='ocrx_word' id='word_1_733' title='bbox 3361 4718 3376 4754; x_wconf 90' lang='lat'><strong>:</strong></span> <span class='ocrx_word' id='word_1_734' title='bbox 3412 4706 3686 4769; x_wconf 78' lang='lat' dir='ltr'><strong>quatenus</strong></span> 
     </span>
    </p>
   </div>
   <div class='ocr_carea' id='block_1_104' title="bbox 2117 4791 3685 4890">
    <p class='ocr_par' dir='ltr' id='par_1_104' title="bbox 2117 4791 3685 4890">
     <span class='ocr_line' id='line_1_105' title="bbox 2117 4791 3685 4890; baseline -0.022 -15"><span class='ocrx_word' id='word_1_735' title='bbox 2117 4821 2208 4890; x_wconf 90' lang='lat' dir='ltr'><strong>qui</strong></span> <span class='ocrx_word' id='word_1_736' title='bbox 2237 4819 2449 4888; x_wconf 87' lang='lat' dir='ltr'><strong>primus</strong></span> <span class='ocrx_word' id='word_1_737' title='bbox 2478 4820 2595 4866; x_wconf 89' lang='lat' dir='ltr'><strong>erat</strong></span> <span class='ocrx_word' id='word_1_738' title='bbox 2627 4806 2963 4878; x_wconf 86' lang='lat' dir='ltr'><strong>apostolatus</strong></span> <span class='ocrx_word' id='word_1_739' title='bbox 2996 4801 3258 4862; x_wconf 85' lang='lat' dir='ltr'><strong>culmine,</strong></span> <span class='ocrx_word' id='word_1_740' title='bbox 3290 4801 3436 4850; x_wconf 83' lang='lat' dir='ltr'><strong>esset</strong></span> <span class='ocrx_word' id='word_1_741' title='bbox 3471 4791 3685 4862; x_wconf 83' lang='lat' dir='ltr'><strong>primus</strong></span> 
     </span>
    </p>
   </div>
   <div class='ocr_carea' id='block_1_105' title="bbox 2119 4909 2584 4966">
    <p class='ocr_par' dir='ltr' id='par_1_105' title="bbox 2119 4909 2584 4966">
     <span class='ocr_line' id='line_1_106' title="bbox 2119 4909 2584 4966; baseline -0.019 0"><span class='ocrx_word' id='word_1_742' title='bbox 2119 4915 2172 4966; x_wconf 91' lang='lat' dir='ltr'><strong>in</strong></span> <span class='ocrx_word' id='word_1_743' title='bbox 2203 4909 2531 4966; x_wconf 82' lang='lat' dir='ltr'><strong>humilitate.</strong></span> <span class='ocrx_word' id='word_1_744' title='bbox 2566 4921 2584 4956; x_wconf 69' lang='grc' dir='ltr'><strong>ι</strong></span> 
     </span>
    </p>
   </div>
   <div class='ocr_carea' id='block_1_106' title="bbox 2191 5089 3686 5169">
    <p class='ocr_par' dir='ltr' id='par_1_106' title="bbox 2191 5089 3686 5169">
     <span class='ocr_line' id='line_1_107' title="bbox 2191 5089 3686 5169; baseline -0.02 0"><span class='ocrx_word' id='word_1_745' title='bbox 2191 5114 2298 5169; x_wconf 80' lang='lat' dir='ltr'><strong>Sed</strong></span> <span class='ocrx_word' id='word_1_746' title='bbox 2332 5113 2374 5166; x_wconf 90' lang='lat' dir='ltr'><strong>si</strong></span> <span class='ocrx_word' id='word_1_747' title='bbox 2410 5107 2635 5164; x_wconf 77' lang='lat' dir='ltr'><strong>omnino</strong></span> <span class='ocrx_word' id='word_1_748' title='bbox 2667 5107 2750 5158; x_wconf 76' lang='lat' dir='ltr'><strong>vis</strong></span> <span class='ocrx_word' id='word_1_749' title='bbox 2791 5117 2898 5156; x_wconf 88' lang='lat' dir='ltr'><strong>non</strong></span> <span class='ocrx_word' id='word_1_750' title='bbox 2947 5096 3166 5166; x_wconf 87' lang='lat' dir='ltr'><strong>quidem</strong></span> <span class='ocrx_word' id='word_1_751' title='bbox 3200 5089 3432 5164; x_wconf 72' lang='lat' dir='ltr'><strong>iudicari</strong></span> <span class='ocrx_word' id='word_1_752' title='bbox 3471 5103 3686 5158; x_wconf 89' lang='lat' dir='ltr'><strong>papam,</strong></span> 
     </span>
    </p>
   </div>
   <div class='ocr_carea' id='block_1_107' title="bbox 2119 5183 3688 5271">
    <p class='ocr_par' dir='ltr' id='par_1_107' title="bbox 2119 5183 3688 5271">
     <span class='ocr_line' id='line_1_108' title="bbox 2119 5183 3688 5271; baseline -0.018 -10"><span class='ocrx_word' id='word_1_753' title='bbox 2119 5209 2214 5263; x_wconf 87' lang='lat' dir='ltr'><strong>sed</strong></span> <span class='ocrx_word' id='word_1_754' title='bbox 2261 5200 2532 5271; x_wconf 86' lang='lat' dir='ltr'><strong>increpari</strong></span> <span class='ocrx_word' id='word_1_755' title='bbox 2579 5215 2606 5251; x_wconf 73' lang='grc' dir='ltr'><strong>ιι</strong></span> <span class='ocrx_word' id='word_1_756' title='bbox 2655 5189 3132 5263; x_wconf 85' lang='lat' dir='ltr'><strong>compalriarchis,</strong></span> <span class='ocrx_word' id='word_1_757' title='bbox 3163 5187 3306 5240; x_wconf 88' lang='lat' dir='ltr'><strong>sicut</strong></span> <span class='ocrx_word' id='word_1_758' title='bbox 3343 5183 3624 5252; x_wconf 78' lang='lat' dir='ltr'><strong>apostolus</strong></span> <span class='ocrx_word' id='word_1_759' title='bbox 3661 5197 3688 5232; x_wconf 92' lang='lat' dir='ltr'><strong>a</strong></span> 
     </span>
    </p>
   </div>
   <div class='ocr_carea' id='block_1_108' title="bbox 2122 5275 3692 5368">
    <p class='ocr_par' dir='ltr' id='par_1_108' title="bbox 2122 5275 3692 5368">
     <span class='ocr_line' id='line_1_109' title="bbox 2122 5275 3692 5368; baseline -0.02 -12"><span class='ocrx_word' id='word_1_760' title='bbox 2122 5296 2458 5368; x_wconf 70' lang='lat' dir='ltr'><strong>COnpOSIOIO.</strong></span> <span class='ocrx_word' id='word_1_761' title='bbox 2491 5291 2805 5347; x_wconf 83' lang='lat' dir='ltr'><strong>meminisse</strong></span> <span class='ocrx_word' id='word_1_762' title='bbox 2831 5286 3001 5338; x_wconf 86' lang='lat' dir='ltr'><strong>debes</strong></span> <span class='ocrx_word' id='word_1_763' title='bbox 3030 5282 3176 5334; x_wconf 86' lang='lat' dir='ltr'><strong>dicta</strong></span> <span class='ocrx_word' id='word_1_764' title='bbox 3221 5287 3276 5331; x_wconf 87' lang='lat' dir='ltr'><strong>et</strong></span> <span class='ocrx_word' id='word_1_765' title='bbox 3315 5275 3692 5330; x_wconf 82' lang='lat' dir='ltr'><strong>confessiones</strong></span> 
     </span>
    </p>
   </div>
   <div class='ocr_carea' id='block_1_109' title="bbox 2121 5373 3692 5455">
    <p class='ocr_par' dir='ltr' id='par_1_109' title="bbox 2121 5373 3692 5455">
     <span class='ocr_line' id='line_1_110' title="bbox 2121 5373 3692 5455; baseline -0.021 -9"><span class='ocrx_word' id='word_1_766' title='bbox 2121 5395 2343 5445; x_wconf 85' lang='lat' dir='ltr'><strong>Patrum</strong></span> <span class='ocrx_word' id='word_1_767' title='bbox 2373 5388 2426 5440; x_wconf 87' lang='lat' dir='ltr'><strong>in</strong></span> <span class='ocrx_word' id='word_1_768' title='bbox 2459 5381 2703 5455; x_wconf 83' lang='lat' dir='ltr'><strong>synodis,</strong></span> <span class='ocrx_word' id='word_1_769' title='bbox 2734 5377 2880 5448; x_wconf 90' lang='lat' dir='ltr'><strong>quod</strong></span> <span class='ocrx_word' id='word_1_770' title='bbox 2913 5374 3110 5429; x_wconf 91' lang='lat' dir='ltr'><strong>oculus</strong></span> <span class='ocrx_word' id='word_1_771' title='bbox 3137 5379 3192 5425; x_wconf 88' lang='lat' dir='ltr'><strong>et</strong></span> <span class='ocrx_word' id='word_1_772' title='bbox 3221 5377 3404 5423; x_wconf 81' lang='lat' dir='ltr'><strong>vertex</strong></span> <span class='ocrx_word' id='word_1_773' title='bbox 3450 5373 3506 5418; x_wconf 89' lang='lat' dir='ltr'><strong>et</strong></span> <span class='ocrx_word' id='word_1_774' title='bbox 3541 5373 3692 5431; x_wconf 79' lang='lat' dir='ltr'><strong>pater</strong></span> 
     </span>
    </p>
   </div>
   <div class='ocr_carea' id='block_1_110' title="bbox 2122 5449 3690 5552">
    <p class='ocr_par' dir='ltr' id='par_1_110' title="bbox 2122 5449 3690 5552">
     <span class='ocr_line' id='line_1_111' title="bbox 2122 5449 3690 5552; baseline -0.022 -15"><span class='ocrx_word' id='word_1_775' title='bbox 2122 5483 2507 5552; x_wconf 84' lang='lat' dir='ltr'><strong>episcOporum</strong></span> <span class='ocrx_word' id='word_1_776' title='bbox 2548 5461 2792 5528; x_wconf 87' lang='lat' dir='ltr'><strong>omnium</strong></span> <span class='ocrx_word' id='word_1_777' title='bbox 2845 5481 3002 5536; x_wconf 88' lang='lat' dir='ltr'><strong>papa,</strong></span> <span class='ocrx_word' id='word_1_778' title='bbox 3055 5463 3130 5516; x_wconf 85' lang='lat' dir='ltr'><strong>illi</strong></span> <span class='ocrx_word' id='word_1_779' title='bbox 3171 5475 3324 5520; x_wconf 85' lang='lat' dir='ltr'><strong>vero,</strong></span> <span class='ocrx_word' id='word_1_780' title='bbox 3363 5449 3690 5520; x_wconf 78' lang='lat' dir='ltr'><strong>coapostoli.</strong></span> 
     </span>
    </p>
   </div>
   <div class='ocr_carea' id='block_1_111' title="bbox 2121 5539 3696 5638">
    <p class='ocr_par' dir='ltr' id='par_1_111' title="bbox 2121 5539 3696 5638">
     <span class='ocr_line' id='line_1_112' title="bbox 2121 5539 3696 5638; baseline -0.023 -11"><span class='ocrx_word' id='word_1_781' title='bbox 2121 5539 2190 5627; x_wconf 57' lang='lat' dir='ltr'><strong>Et</strong></span> <span class='ocrx_word' id='word_1_782' title='bbox 2223 5539 2506 5638; x_wconf 47' lang='lat' dir='ltr'><strong>pro-portio</strong></span> <span class='ocrx_word' id='word_1_783' title='bbox 2553 5577 2660 5616; x_wconf 90' lang='lat' dir='ltr'><strong>non</strong></span> <span class='ocrx_word' id='word_1_784' title='bbox 2705 5559 2958 5628; x_wconf 87' lang='lat' dir='ltr'><strong>quadrat.</strong></span> <span class='ocrx_word' id='word_1_785' title='bbox 3004 5549 3327 5618; x_wconf 80' lang='lat' dir='ltr'><strong>lncrepabat</strong></span> <span class='ocrx_word' id='word_1_786' title='bbox 3360 5539 3696 5597; x_wconf 63' lang='lat' dir='ltr'><strong>Coclestinus</strong></span> 
     </span>
    </p>
   </div>
   <div class='ocr_carea' id='block_1_112' title="bbox 2125 5631 3690 5726">
    <p class='ocr_par' dir='ltr' id='par_1_112' title="bbox 2125 5631 3690 5726">
     <span class='ocr_line' id='line_1_113' title="bbox 2125 5631 3690 5726; baseline -0.024 -10"><span class='ocrx_word' id='word_1_787' title='bbox 2125 5665 2178 5716; x_wconf 91' lang='lat' dir='ltr'><strong>in</strong></span> <span class='ocrx_word' id='word_1_788' title='bbox 2242 5660 2401 5724; x_wconf 65' lang='lat' dir='ltr'><strong>tertia</strong></span> <span class='ocrx_word' id='word_1_789' title='bbox 2462 5654 2672 5726; x_wconf 86' lang='lat' dir='ltr'><strong>synodo</strong></span> <span class='ocrx_word' id='word_1_790' title='bbox 2730 5649 3066 5704; x_wconf 83' lang='lat' dir='ltr'><strong>Nestorium.</strong></span> <span class='ocrx_word' id='word_1_791' title='bbox 3107 5657 3214 5693; x_wconf 83' lang='lat' dir='ltr'><strong>non</strong></span> <span class='ocrx_word' id='word_1_792' title='bbox 3269 5631 3690 5702; x_wconf 81' lang='lat' dir='ltr'><strong>incrcpabatur;</strong></span> 
     </span>
    </p>
   </div>
   <div class='ocr_carea' id='block_1_113' title="bbox 2127 5725 3695 5822">
    <p class='ocr_par' dir='ltr' id='par_1_113' title="bbox 2127 5725 3695 5822">
     <span class='ocr_line' id='line_1_114' title="bbox 2127 5725 3695 5822; baseline -0.024 -12"><span class='ocrx_word' id='word_1_793' title='bbox 2127 5753 2446 5822; x_wconf 78' lang='lat' dir='ltr'><strong>increpabat</strong></span> <span class='ocrx_word' id='word_1_794' title='bbox 2494 5751 2600 5805; x_wconf 71' lang='lat' dir='ltr'><strong>Leo</strong></span> <span class='ocrx_word' id='word_1_795' title='bbox 2651 5748 2704 5801; x_wconf 89' lang='lat' dir='ltr'><strong>in</strong></span> <span class='ocrx_word' id='word_1_796' title='bbox 2744 5751 2935 5814; x_wconf 81' lang='lat' dir='ltr'><strong>quarta</strong></span> <span class='ocrx_word' id='word_1_797' title='bbox 2977 5739 3320 5793; x_wconf 77' lang='lat' dir='ltr'><strong>Dioscorum.</strong></span> <span class='ocrx_word' id='word_1_798' title='bbox 3350 5735 3400 5779; x_wconf 82' lang='lat' dir='ltr'><strong>ct</strong></span> <span class='ocrx_word' id='word_1_799' title='bbox 3443 5725 3695 5788; x_wconf 66' lang='lat' dir='ltr'><strong>increpa-</strong></span> 
     </span>
    </p>
   </div>
  </div>
