4064 6206
444 235 547 300 807

1601 237 1967 298 MATTHEI
2014 234 2547 298 CAliYOPlIYLLI

3597 232 3707 298 808

442 354 624 410 tiones
690 349 936 423 synodus
996 338 1370 424 approbabat;
1432 355 1826 424 procacitatem
1885 370 2017 409 vero

2129 354 2220 407 οὐκ
2250 355 2587 424 ἐπετιμᾶτο·
2624 351 2863 421 ἐπετίμα
2912 348 3066 403 Λέων
3112 346 3171 402 ἐν
3201 348 3267 419 τῇ
3312 346 3352 401 δ’
3399 346 3703 417 Διοσκόρῳ,
3743 348 3759 372 ⁸

441 444 698 501 Dioscori
747 443 1015 500 adversus
1059 460 1254 515 papam
1301 460 1426 499 cum
1475 447 1709 500 horrore
1754 444 2021 501 detestata

442 546 549 593 est.
578 538 792 608 Agatho
817 550 957 608 papa
986 537 1041 590 in
1072 547 1225 592 sexta
1252 536 1464 608 synodo
1488 537 1766 593 scribebat
1804 546 2025 607 aposto-

446 629 586 685 licos
632 644 766 685 suos
816 628 1252 699 praedecessores
1297 629 1726 694 commonuisse,
1780 645 2022 700 rogasse,

447 717 768 789 increpasse
800 718 1113 774 Orientales
1158 729 1217 774 ut
1258 730 1610 776 curarentur.
1653 719 1720 774 Et
1749 721 2025 776 Adrianus

445 826 589 882 papa
640 812 695 866 in
746 813 979 881 septima
1022 798 1311 869 Tarasium
1353 813 2024 883 Constantinopolitanum

449 902 798 969 increpabat,
849 902 998 971 quod
1056 917 1121 957 ex
1173 903 1315 958 laico
1372 903 1566 959 ordine
1614 897 2026 973 “patriarchatus

447 994 667 1047 culmen
716 1002 862 1048 esset
909 994 1163 1065 adeptus,
1196 1005 1250 1063 et
1288 995 1685 1051 inscriberetur
1723 997 2028 1050 meumeni-

447 1098 570 1138 cus.
618 1084 698 1137 Tu
750 1101 881 1141 vero
926 1088 1305 1157 evangelicum
1352 1089 1622 1157 pervertis
1660 1088 1935 1151 ordinem,
1973 1096 2028 1142 et

448 1191 643 1246 papam
675 1193 782 1232 non
812 1178 1087 1248 increpari
1121 1179 1283 1235 modo
1310 1181 1416 1247 vis,
1444 1181 1539 1236 sed
1568 1182 1734 1236 etiam
1758 1172 2026 1253 judicari;

447 1279 497 1322 et
537 1269 843 1325 Honorium
895 1271 1164 1336 inculcas,
1207 1287 1371 1343 quem
1411 1272 1748 1344 judicaverit
1793 1282 1849 1328 et
1898 1288 2029 1328 con-

446 1363 795 1417 demnaverit
830 1371 981 1420 sexta
1023 1362 1267 1433 synodus
1298 1365 1461 1418 etiam
1500 1374 1623 1434 post
1657 1373 1911 1420 mortem.
1962 1365 2029 1419 Et

447 1470 612 1510 vocas
663 1464 830 1510 sextae
872 1454 1068 1527 synodi
1108 1470 1269 1527 Opus,
1305 1455 1452 1527 quod
1493 1456 1756 1526 Acephali
1797 1465 2029 1527 egerunt

445 1544 780 1601 Orientales.
812 1547 928 1600 Nec
956 1547 1130 1617 vides,
1165 1548 1307 1602 haud
1341 1548 1550 1617 primos
1579 1548 1685 1604 boe
1714 1563 1877 1603 ausos
1905 1563 2027 1604 esse

446 1637 640 1692 Patres
670 1647 838 1691 sextae
864 1637 1080 1709 synodi.
1104 1638 1184 1694 Ita
1215 1639 1363 1694 enim
1394 1638 1585 1694 Patres
1611 1638 1872 1695 secundae
1901 1655 2026 1709 syn-

2128 443 2225 496 καὶ
2275 444 2376 507 τὰς
2422 443 2779 513 ἐπιτιμήσεις
2835 439 3108 511 ἐπεκύρου
3160 439 3194 509 ἡ
3241 438 3481 502 σύνοδος.
3516 436 3615 508 τὴν
3644 438 3706 492 δὲ

2127 533 2427 604 Διοσκόρου
2476 533 2683 604 τόλμαν
2729 533 2874 586 κατὰ
2910 529 3005 586 τοῦ
3058 532 3264 585 πάππα
3318 530 3457 600 μετὰ
3497 528 3709 600 φρίκης

2126 628 2598 697 ἀπεσκοράκισεν.
2661 624 2912 694 Ἀγάθων
2955 626 2983 678 6
3040 623 3277 684 πάππας
3337 625 3395 676 ἐν
3450 625 3516 695 τῇ
3569 623 3707 694 ἕκτῃ

2127 719 2283 786 ἔλεγε
2317 719 2444 782 τοὺς
2510 719 2616 789 πρὸ
2646 718 2821 793 αὐτοῦ
2871 719 3149 788 ἀρχιερεῖς
3173 717 3275 788 τῆς
3315 716 3533 786 Ῥώμης
3570 716 3708 770 ὑπο-

2133 811 2358 879 μνῆσαι,
2380 809 2677 879 ἐρωτῆσαι,
2698 810 3029 878 ἐπιτιμῆσαι
3053 808 3165 870 τοῖς
3195 806 3535 870 ἀνατολικοῐς
3562 805 3707 858 ὥστε

2130 901 2558 971 θεραπευθῆναι.
2595 902 2706 967 Καὶ
2750 900 3028 970 Ἀδριανὸς
3071 901 3099 954 6
3147 899 3381 962 πάππας
3429 900 3487 952 ἐν
3537 900 3605 968 τῇ
3662 898 3708 962 ζ’

2128 995 2368 1064 ἐπετίμα
2426 993 2690 1064 Ταρασίῳ
2762 993 2840 1065 τῷ
2880 990 3572 1055 Κωνσταντινουπόλεως,
3623 991 3707 1042 ὅτι

2129 1089 2193 1140 ἐκ
2231 1087 2426 1156 λαῖκῆς
2471 1085 2678 1149 τάξεως
2714 1084 3164 1155 ἐκεχειροτόνητο
3207 1084 3576 1155 πατριάρχης,
3613 1085 3708 1135 καὶ

2130 1179 2509 1249 οἱκουμενικὸς
2545 1177 2919 1247 ἐπεφημίζετο
2952 1176 3174 1240 ἀδίκως.
3208 1176 3281 1229 Σὺ
3319 1176 3374 1228 δὲ
3407 1176 3506 1245 τὴν
3543 1175 3704 1240 εύαγ-

2130 1270 2355 1341 γελικὴν
2384 1270 2718 1339 ἀνατρέπεις
2768 1269 2947 1335 τάξιν,
2988 1269 3081 1322 καὶ
3146 1268 3327 1340 βούλει
3377 1267 3466 1321 τὸν
3514 1267 3707 1320 πάπαν

2130 1362 2231 1414 οὐκ
2283 1362 2647 1432 ἐπιτιμᾶσθαι
2695 1361 2879 1433 μόνον,
2927 1361 3062 1415 ἀλλὰ
3110 1363 3206 1415 καὶ
3252 1358 3559 1431 κρίνεσθαι.
3594 1360 3710 1413 Καὶ

2130 1438 2457 1519 ἀνοῖκυκλεῖς
2487 1456 2577 1509 τὸν
2620 1452 2907 1523 Ὀνὼριον,
2933 1453 3008 1517 ὡς
3036 1453 3298 1527 κριθέντα
3325 1454 3419 1505 καὶ
3444 1468 3708 1521 κατακρι-

2133 1543 2295 1598 θέντα
2328 1548 2422 1598 καὶ
2472 1545 2610 1614 μετὰ
2642 1536 3067 1616 θάνατον’παρὰ
3093 1546 3192 1613 τῆς
3231 1550 3284 1608 ς’
3317 1542 3559 1597 συνόδου.
3595 1541 3708 1602 Καὶ

2129 1636 2157 1688 δ
2195 1638 2346 1707 μόνοι
2390 1638 2636 1708 ἔπραξαν
2686 1639 2981 1707 ἀκεφαλως
3034 1639 3083 1691 oi
3131 1638 3469 1701 ἅνατολικοὶ,
3522 1637 3709 1699 καλεῖς

446 1728 538 1783 odi
574 1729 982 1784 elatulestinum
1026 1733 1369 1801 scripserant
1414 1747 1682 1787 canonem
1712 1733 1781 1788 de
1814 1734 2026 1788 honore

2133 1731 2292 1799 ἔργον
2343 1732 2442 1800 τῆς
2485 1728 2538 1796 ς’
2586 1732 2832 1787 συνόδου.
2863 1734 2975 1786 Καὶ
3026 1733 3127 1803 οὐχ
3175 1733 3307 1803 δρᾷς
3355 1734 3430 1803 μὴ
3466 1731 3710 1803 πρώτοις

442 1821 1040 1894 Constantinopolitani
1075 1827 1197 1881 sine
1228 1841 1407 1896 papa;
1458 1826 1533 1881 ita
1571 1837 1781 1897 quartae
1831 1830 2023 1900 synodi

442 1916 674 1980 Patres,
731 1927 793 1971 ut
847 1927 1164 1974 enarratum
1219 1928 1340 1984 est;
1401 1919 1476 1974 ita
1526 1920 1628 1975 soli
1676 1921 2025 1992 postmodum

436 2005 753 2065 Orientales
801 2010 1075 2066 celebrata
1129 1992 1340 2083 synodo
1385 2013 1697 2084 quinisexta
1743 2015 2025 2069 schismati

442 2102 686 2157 radicem
729 2118 987 2174 posuere.
1030 2104 1086 2158 In
1132 2119 1366 2170 summa,
1410 2106 1679 2176 quidquid
1720 2105 2028 2162 Orientales

442 2193 500 2248 in
532 2196 786 2273 cgnciliis
811 2186 1044 2265 egerunt
1075 2197 1216 2251 clam
1247 2213 1408 2268 papa,
1436 2214 1546 2252 non
1575 2200 1748 2254 sacris
1775 2201 2028 2255 conciliis

444 2285 743 2340 tribuenda
772 2296 926 2352 sunt,
955 2285 1050 2341 sed
1082 2286 1399 2343 artiﬁciosis
1422 2286 1787 2358 quorumdam
1817 2291 2028 2344 machi-

445 2376 743 2431 namentis.
800 2376 982 2443 Quare
1037 2378 1272 2433 multum
1323 2379 1685 2450 conqueritur
1728 2379 1841 2437 Leo
1887 2398 2030 2452 papa

445 2467 501 2521 in
534 2473 732 2537 quarta
764 2468 1001 2540 synodo.
1032 2468 1308 2525 Judicavit
1338 2480 1395 2525 et
1423 2471 1815 2528 condemnavit
1846 2472 2028 2528 [loco-

445 2560 589 2613 rium
621 2559 762 2613 livor
792 2574 986 2613 eorum
1029 2560 1124 2631 qui
1159 2559 1308 2614 dicta
1340 2559 1488 2614 illius
1518 2562 1661 2615 mala
1704 2562 2023 2632 interpreta-

444 2648 597 2703 tione
632 2658 993 2717 ‘exceperunt,
1038 2658 1092 2704 et
1140 2649 1510 2718 loquebantur
1548 2666 1670 2719 qua:
1713 2650 1817 2705 sibi
1870 2653 2024 2706 cordi

441 2746 627 2802 erant,
665 2748 724 2792 ut
767 2739 842 2792 ait
892 2746 1124 2793 sanctus
1172 2726 1444 2794 maximus
1492 2739 1547 2793 in
1598 2738 1814 2811 dialogo
1859 2758 2022 2811 quem

443 2820 610 2901 supra
677 2830 990 2886 citavintus.
1056 2831 1175 2886 Non
1246 2831 1501 2890 ferebant
1560 2832 1709 2888 enim
1787 2844 2025 2903 quatuor

442 2921 1086 2995 Constantinopolitanos
1154 2924 1497 2995 patriarchas
1569 2926 2019 2981 anatbetnatiZari

446 3025 509 3071 ut
548 3018 837 3073 haereticos
884 3016 1305 3084 Monotbelitas,
1351 3025 1407 3073 et
1454 3033 1566 3074 non
1619 3018 1787 3074 inseri
1835 3019 2016 3095 Hono-

444 3109 591 3166 rium
633 3109 968 3168 Romanum.

524 3403 681 3470 Quod
713 3414 843 3459 vero
864 3404 933 3461 de
969 3405 1218 3463 moribus
1246 3407 1353 3474 ais,
1376 3423 1594 3483 papam,
1625 3425 1752 3466 cum
1786 3412 1857 3468 sit
1916 3414 2031 3488 epi-

451 3513 672 3568 scopus,
722 3497 949 3553 subesse
1000 3499 1214 3555 cunctis
1273 3499 1487 3571 legibus
1544 3503 1746 3572 quibus
1786 3504 2033 3574 subjacet

449 3590 629 3645 omnis
659 3588 974 3661 episcopus,
1012 3592 1117 3646 hoc
1134 3590 1293 3662 plane
1313 3600 1399 3648 est
1415 3592 1665 3650 doctrina
1694 3606 1783 3650 tua
1807 3613 1915 3653 non
1948 3598 2032 3650 in-

446 3681 694 3753 dignant.
734 3679 895 3738 Certe
925 3696 1208 3751 nunquam
1246 3681 1455 3740 dixeris
1487 3685 1852 3754 patriarcham
1888 3686 2030 3742 Con-

446 3773 991 3845 stantinopoli‘tanum
1023 3774 1186 3830 subdi
1227 3774 1439 3847 legibus
1469 3775 1882 3835 bierareharum
1924 3778 2030 3834 sibi

444 3866 816 3936 subjectorum
838 3865 983 3921 inter
1011 3881 1151 3936 quos
1184 3866 1274 3922 ille
1327 3867 1538 3936 primus
1557 3877 1640 3924 est
1673 3877 1734 3923 ut
1756 3868 1956 3932 unitas,
1976 3880 2033 3924 ct

449 3975 556 4013 non
577 3961 722 4014 sicut
745 3961 1118 4024 coordinatus,
1142 3967 1204 4015 ut
1230 3968 1284 4014 tu
1306 3958 1466 4023 dicis.
1484 3958 1772 4026 Quomodo
1791 3962 1935 4016 enim
1960 3962 2033 4018 sit

445 4066 556 4108 non
576 4052 932 4108 eoordinatus
946 4061 1001 4114 et
1017 4052 1407 4108 subordinatus
1424 4051 1527 4108 ?At
1543 4068 1673 4108 vero
1689 4068 1884 4124 papam
1904 4068 2033 4110 cun.

448 4143 555 4197 clis
581 4144 804 4198 subesse
833 4142 1070 4213 legibus,
1116 4142 1320 4213 quibus
1353 4152 1410 4197 et
1439 4142 1672 4212 quilibet
1718 4143 2028 4215 episcopus,

446 4233 668 4302 egregie
692 4231 992 4286 admodum
1025 4234 1393 4302 pronuntias;
1435 4241 1491 4287 et
1531 4232 1575 4287 si
1606 4232 1798 4288 subest
1819 4234 2032 4290 cunctis

450 4325 684 4394 legibus,
706 4322 908 4394 quibus
923 4333 983 4379 et
1007 4324 1187 4380 omnis
1211 4324 1506 4395 episcopus
1530 4365 1546 4390 ,
1568 4326 1674 4379 erit
1700 4341 1798 4396 per
1820 4337 1869 4382 te
1892 4342 2030 4397 papa

2133 1822 2294 1877 τοῦτο
2322 1825 2434 1886 τοῖς
2467 1827 2610 1879 κατὰ
2638 1826 2738 1894 τὴν
2782 1829 2837 1889 ς’
2871 1824 3092 1879 σύνοδον
3122 1826 3490 1896 τετολμῆσθαι
3514 1844 3527 1859 ·
3561 1825 3709 1879 οὕτω

2135 1915 2265 1987 περὶ
2334 1916 2428 1971 τοῦ
2504 1918 3135 1982 Κωνσταντινουπόλεως
3199 1917 3434 1989 κρύφιον
3506 1916 3708 1974 κανόνα

2136 2009 2378 2074 ἐξέθεντο
2412 2013 2465 2081 οί
2512 2011 2610 2084 τῆς
2646 2010 2691 2080 β’
2743 1992 2962 2084 συνόδου
3008 2011 3132 2083 δῖχα
3183 2013 3283 2081 τῆς
3322 2012 3584 2078 ἐξουσίας-
3614 2012 3709 2065 τυῦ

2134 2103 2370 2157 πάππαο
2403 2104 2577 2168 οὕτως
2630 2104 2681 2157 οι
2707 2104 2806 2173 τῆς
2839 2103 2881 2157 δ’
2936 2103 3014 2168 ὡς
3059 2102 3318 2176 εἴρηται·
3347 2103 3521 2168 οὕτως
3552 2105 3710 2175 μόνοι

2131 2195 2230 2265 τὴν
2274 2196 2578 2269 πενθέκτην
2609 2197 2749 2268 μετὰ
2801 2197 2976 2251 ταῦτα
3022 2198 3071 2252 oi
3125 2197 3436 2253 ἁνατολικοὶ
3469 2215 3710 2270 συγκρου

2133 2290 2399 2361 τήσαντες
2429 2291 2490 2345 τὸ
2530 2293 2740 2362 σχίσμα
2791 2276 3100 2364 ἐρρίζωσαν
3131 2310 3144 2325 ·
3186 2294 3299 2349 καὶ
3333 2294 3469 2359 ὅλως
3515 2297 3619 2350 ὅσα
3659 2296 3710 2348 οἱ

2134 2381 2450 2448 ἀνατολικοὶ
2480 2386 2538 2439 ἐν
2573 2389 2693 2448 ταῖς
2747 2386 2989 2451 συνόδοις
3057 2386 3242 2457 κρύφα
3283 2387 3379 2442 τοῦ
3412 2388 3570 2453 mis-,3
3601 2405 3709 2442 πε-

2134 2476 2426 2545 πράκασιν,
2493 2477 2594 2547 οὐχ
2653 2476 2843 2541 ἁπλῶς
2920 2476 3273 2549 ἀπονεμητέα
3339 2482 3460 2542 ταῖς
3522 2481 3709 2549 ἁγίαις

2135 2568 2398 2635 συνόδοις,
2417 2568 2557 2622 ἀλλὰ
2584 2572 2702 2632 ταῖς
2726 2586 2890 2622 τινων
2920 2570 3189 2640 ἐντέχνοις
3235 2574 3666 2642 μηχανουργίαις
3688 2590 3705 2605 ⁸

2132 2661 2259 2730 περὶ
2303 2660 2363 2714 οὗ
2397 2660 2626 2714 πλείστα
2658 2662 2937 2733 μέμφεται
2984 2663 3043 2714 ἐν
3084 2665 3149 2734 τῇ
3190 2663 3233 2741 δ’
3269 2663 3471 2735 συνόδῳ
3500 2665 3653 2717 Λέων
3680 2667 3709 2719 6

2134 2753 2342 2816 πάπας.
2388 2753 2669 2824 Ἕκρινεν,
2736 2748 2781 2808 ὦ
2836 2755 3105 2825 βέλτιστε,
3143 2759 3237 2810 καὶ
3270 2757 3563 2828 κατέκρινε
3611 2759 3708 2809 τὸν

2144 2843 2405 2915 Ὀνὼριον
2445 2848 2478 2916 ὴ
2516 2846 2785 2916 βασκανία
2834 2847 2943 2902 τῶν
2982 2850 3565 2919 παρερμηνευσάντων
3607 2852 3708 2912 τὰς

2131 2936 2342 2991 ἐκείνου
2398 2938 2595 3004 λέξεις,
2629 2939 2721 2991 καὶ
2765 2939 3073 2995 λαλούντων
3105 2941 3173 2996 τὰ
3223 2942 3333 2995 ἀπὸ
3386 2943 3636 3013 καρδίας,

2132 3047 2302 3098 φησιν
2349 3032 2378 3084 6
2430 3032 2602 3104 μέγας
2636 3033 2890 3104 Μάξιμος
2914 3049 2930 3065 ο
2965 3035 3026 3088 ού
3082 3034 3192 3105 γὰρ
3238 3035 3400 3106 ἔφερε
3430 3036 3711 3105 τέσσαρας

2102 3123 2764 3199 ,Κωνσταντινουπὸλεως
2805 3129 3151 3199 πατριάρχας
3195 3129 3711 3200 ἁναθεματισθῆναι

2131 3217 2205 3280 ὡς
2254 3217 2637 3289 Μονοθελήτας
2688 3221 3024 3291 αίρετικους,
3079 3222 3173 3276 καὶ
3229 3222 3307 3294 μὴ
3355 3224 3710 3295 ἐγκεντρίσαι

2131 3306 2222 3359 τὸν
2262 3306 2479 3379 Ῥώμης
2519 3309 2797 3381 Ὀνὼριον.

2206 3394 2343 3466 Περὶ
2377 3395 2433 3449 δὲ
2463 3397 2561 3468 τῆς
2592 3398 2759 3468 ἄλλης
2791 3396 3064 3466 πολιτείας
3090 3400 3117 3455 δ
3143 3402 3272 3476 φῂς,
3292 3404 3374 3458 ὅτι
3408 3405 3712 3473 ἐπίσκοπος

2133 3484 2209 3539 ὢν
2240 3489 2268 3541 6
2298 3490 2487 3553 πάπας
2539 3491 2785 3562 ἐνέχεται
2845 3496 2940 3548 καὶ
2978 3495 3140 3560 αὐτὸς
3175 3499 3310 3551 πᾶσι
3341 3501 3455 3564 τοῖς
3492 3502 3710 3572 νόμοις,

2133 3575 2216 3644 οἷς
2248 3579 2538 3635 ὑπόκειται
2592 3583 2825 3652 ἕκαστος
2877 3588 2990 3642 τῶν
3037 3590 3373 3660 ἐπισκόπων,
3404 3594 3564 3649 τοῦτο
3605 3599 3712 3668 τῆς

2136 3671 2235 3741 σῆς
2266 3671 2417 3739 ἄξιον
2449 3674 2821 3742 διδασκαλίας.
2855 3681 2964 3734 Καὶ
2999 3683 3090 3736 τὸν
3120 3683 3220 3750 μὲν
3256 3687 3711 3746 Κωνσταντινουε

2136 3761 2344 3827 πόλεως
2381 3764 2729 3838 πατριάρχην
2754 3770 2854 3823 οὐκ
2887 3770 2952 3825 ἄν
2993 3790 3124 3826 ποτε
3177 3778 3344 3851 φαίης
3382 3755 3706 3839 ὑποκείσθω

2132 3857 2243 3919 τοῖς
2277 3858 2464 3928 νόμοις
2490 3859 2597 3913 τῶν
2633 3858 2726 3917 ὑπ’
2756 3863 2920 3917 αὐτὸν
2951 3865 3244 3941 ίεραρχῶν,
3289 3867 3365 3928 ὧν
3398 3878 3514 3931 ἐστι
3549 3880 3706 3950 πρῶ⁴

2132 3964 2224 4025 τος
2253 3949 2329 4012 ὼς
2380 3951 2572 4020 μονὰς,
2603 3952 2698 4007 καὶ
2745 3955 2819 4019 ὡς
2858 3958 2934 4030 μὴ
2967 3967 3420 4036 συντεταγμένος,
3454 3949 3602 4026 καθᾶ
3636 3978 3705 4029 σὺ

2132 4043 2493 4117 λέγειςοπῶς
2555 4048 2662 4121 γὰρ
2718 4051 2784 4105 ἂν
2842 4054 2927 4124 εἴη
2979 4056 3056 4126 μὴ
3113 4068 3552 4135 συντεταγμένος
3587 4037 3707 4124 ’καὶ

2134 4137 2615 4209 ὑποτεταγμένος;
2646 4142 2739 4197 τὸν
2787 4145 2846 4197 δέ
2911 4147 3101 4203 πάπαν
3147 4153 3294 4222 μάλα
3327 4160 3542 4228 σεμνῶς
3573 4163 3707 4217 ἀπο-

2133 4229 2300 4303 φαίνῃ
2353 4235 2520 4287 πᾶσιν
2570 4236 2891 4292 ὑποκεῖσθαι
2942 4243 3056 4305 τοῖς
3099 4243 3309 4316 νόμοις,
3342 4244 3424 4313 οἷς
3469 4255 3706 4315 καὶτῶν

2135 4324 2450 4379 ἐπ.σκόπων
2490 4324 2840 4392 ἓκαστοςζἘί
2871 4329 2928 4384 δέ
2975 4327 3057 4397 οἷς
3107 4338 3204 4391 καὶ
3233 4340 3343 4393 τῶν
3387 4343 3707 4401 ἐπισκόπων

447 4419 568 4488 ejus
612 4416 849 4481 ordinis,
893 4417 1052 4489 cujus
1081 4426 1138 4472 et
1182 4417 1426 4489 episcopi
1478 4420 1806 4490 sulfraganci
1853 4422 2026 4476 Caesa-

2133 4414 2387 4486 ἓκαστος,
2427 4419 2526 4489 τῆς
2579 4420 2751 4491 αὐτῆς
2811 4430 2954 4478 κατὰ
3003 4425 3062 4479 σὲ
3092 4429 3296 4496 τάξεως
3332 4434 3360 4486 6
3392 4435 3601 4505 πάπαζ,
3636 4438 3705 4513 ἦς

449 4509 684 4564 reeusis.
705 4508 773 4564 At
792 4508 894 4564 hoc
916 4508 1122 4573 dicere,
1143 4509 1274 4579 quid
1298 4519 1383 4565 est
1400 4510 1546 4566 aliud
1567 4528 1729 4583 quam
1751 4511 2030 4579 insanire?

449 4599 556 4653 Sed
598 4599 645 4653 si
675 4614 863 4654 verum
915 4608 1002 4656 est
1043 4597 1220 4657 multo
1253 4602 1424 4672 magis
1459 4602 2029 4674 Constantinopolita-

448 4704 578 4742 num
603 4689 828 4751 subesse
847 4705 1001 4762 papa:
1025 4706 1190 4760 quam
1217 4692 1293 4747 illi
1323 4691 1576 4757 subditos
1600 4693 1950 4761 hierarehas;
1973 4704 2029 4750 et

446 4780 1093 4853 (ltuitstantinopolitanus
1116 4798 1224 4838 non
1245 4783 1537 4854 subjicitur
1563 4785 1781 4855 legibus
1800 4789 2025 4841 suorum

450 4874 871 4943 episcoporum;
903 4873 1148 4942 profecto
1178 4890 1279 4930 nec
1307 4890 1447 4945 papa
1488 4875 1783 4947 subjicitur
1814 4877 2028 4948 legibus

448 4968 695 5019 (minium
735 4966 1115 5036 episcoporum
1144 4983 1158 5032 ;
1186 4982 1357 5037 quare
1381 4981 1484 5021 nec
1506 4967 1718 5037 legibus
1748 4968 2027 5038 subjectus

449 5068 535 5111 est
563 5058 769 5124 quibus
815 5058 1004 5113 subest
1054 5058 1289 5129 quilibet
1337 5062 1742 5132 episcoporum,
1777 5059 2024 5130 quando-

451 5149 675 5218 quidem
730 5149 966 5221 quilibet
995 5152 1381 5223 episcoporum
1431 5151 1619 5206 subest
1650 5151 2022 5222 apostolorum

445 5251 502 5296 et
536 5241 756 5295 Patrum
783 5226 1036 5313 legibus;
1072 5258 1207 5313 papa
1230 5258 1370 5297 .vero
1401 5257 1525 5296 cum
1555 5251 1834 5312 pastorum
1858 5242 2023 5313 caput

448 5334 539 5396 sit,
564 5334 729 5388 nullis
768 5343 1047 5403 pastorum
1096 5335 1309 5406 legibus
1339 5336 1562 5403 subest;
1597 5335 1843 5406 alioquin
1880 5353 2019 5406 quo-

445 5426 608 5479 modo
642 5425 782 5481 dicta
826 5436 883 5482 ct
910 5428 1194 5483 sententiae
1223 5426 1555 5497 synodorum
1587 5434 1651 5483 de
1703 5444 1840 5500 papa
1888 5445 2017 5483 wn-

444 5514 642 5570 sistent
663 5517 687 5570 ?

516 5697 734 5754 Asseris
760 5699 980 5768 deinde,
1034 5710 1226 5774 papam
1264 5703 1435 5759 vidui
1485 5704 1766 5774 speciatim
1821 5723 2010 5779 repre-

42 6064 67 6161 l
150 6090 467 6162 Α.

2135 4509 2230 4562 καὶ
2277 4512 2326 4564 οἱ
2363 4512 2465 4565 ὑπὸ
2500 4512 2591 4566 τὸν
2630 4515 2968 4588 Καισαρείας
3009 4522 3325 4580 ἐπίσκοποι.
3361 4528 3427 4581 Τί
3476 4532 3521 4584 δ’
3577 4509 3728 4587 ἄλλο·

2131 4601 2291 4656 τοῦτο
2338 4603 2371 4674 ἦ
2426 4605 2593 4675 μανία
2650 4610 2866 4682 capi“;
2922 4612 2980 4664 Ei
3026 4614 3205 4669 τοίνυν
3264 4604 3481 4687 ἀληθὲς,
3530 4625 3706 4695 πολλῷ

2134 4694 2337 4765 μᾶλλον
2404 4697 2725 4753 ὑποκεῖσθαι
2796 4702 2889 4755 τὸν
2945 4706 3579 4778 Κωνσταντινουπόλεως
3628 4719 3704 4786 τις)

2080 4814 2087 4827 κ
2130 4786 2385 4859 «dum
2442 4791 2638 4863 ἐκείνῳ
2686 4794 2816 4858 τοὺς
2866 4796 2958 4848 ὑπ’
3004 4798 3169 4853 αὐτὸν
3228 4802 3533 4874 ἱεράρκας·
3602 4813 3702 4861 ο’κ

2129 4881 2373 4951 ἐνέχεται
2402 4881 2457 4936 δὲ
2483 4885 2511 4938 ό
2542 4884 3174 4955 Κωνσταντινουπόλεως
3200 4897 3312 4958 τοῖς
3346 4897 3457 4950 τῶν
3487 4900 3705 4955 οἰκείων

2130 4974 2448 5029 ἐπισκόπων
2519 4977 2725 5047 νόμοις,
2789 4980 2902 5033 οὐδ’
2958 4982 2986 5034 6
3043 4984 3229 5050 πάπας
3292 4986 3400 5057 ἄρα
3455 4992 3702 5061 ἐνέχεται

2125 5067 2240 5128 τοῖς
2288 5065 2396 5120 τῶν
2443 5068 2761 5140 ἁπανταχοῦ
2808 5072 3130 5129 ἐπισκόπων
3177 5079 3362 5148 νόμοις
3389 5095 3403 5110 ⁸
3437 5082 3564 5137 ὅθεν
3597 5083 3703 5138 οὐδ’

2127 5155 2390 5227 ἐνέχεται,
2426 5155 2508 5223 οἷς
2535 5160 2631 5213 καὶ
2684 5162 2918 5228 ἕκαστος
2963 5166 3074 5220 τῶν
3113 5168 3470 5237 ἐπισκόπων,
3516 5175 3702 5246 ἐπειδὴ

2125 5248 2234 5303 τῶν
2284 5252 2599 5308 ἐπισκόπων
2640 5256 2875 5322 ἕκαστος
2916 5261 3012 5313 καὶ
3061 5264 3174 5326 τοῖς
3223 5264 3332 5318 τῶν
3385 5270 3702 5323 ἀποστόλων

2127 5343 2219 5396 καὶ
2247 5343 2358 5405 τοῖς
2380 5339 2489 5398 τῶν
2506 5345 2769 5418 Πατέρων
2796 5348 3084 5406 ὑπόκειται
3106 5354 3314 5423 νόμοις
3360 5360 3388 5411 6
3428 5359 3483 5412 δὲ
3512 5365 3699 5426 πάπας

2125 5434 2200 5494 ὡς
2247 5438 2622 5509 ποιμενὰρχης
2679 5440 2887 5495 οὐδέσιν
2954 5444 3243 5501 ὑπόκειται
3294 5452 3574 5521 ποιμένων
3615 5455 3699 5507 νό-

2125 5544 2266 5594 μοις,
2290 5527 2450 5597 εἴπερ
2492 5530 2709 5602 ἀληθεῖς
2734 5536 2788 5585 αἱ
2815 5536 2922 5588 τῶν
2953 5539 3189 5594 συνόδων
3222 5540 3530 5611 ἀποφάσεις
3563 5547 3688 5615 περὶ

2120 5617 2214 5669 τοῦ
2248 5620 2423 5685 πάπα,
2455 5620 2521 5684 ἃς
2554 5624 3005 5696 προηνέγκαμεν.
3384 5644 3389 5650 ’

2190 5705 2321 5765 Εἶτα
2348 5711 2438 5768 καὶ
2474 5713 2582 5785 ἰδίᾳ
2613 5716 3021 5790 ἐπιτιμώμενον
3072 5723 3362 5793 φαίνεσθαι
3392 5727 3571 5796 λέγεις
3600 5724 3688 5781 τὸν
