4064 6206
381 317 488 378 809

1649 317 2100 380 REFUTATIO
2170 309 2358 380 NlLl.

3521 315 3636 382 810

381 435 610 486 πάππαν
647 428 754 482 ὕπδ
781 427 882 496 τῆς
909 429 1217 500 πενθέκτης
1249 431 1468 484 συνόδου
1495 445 1507 459 ο
1545 433 1641 483 καὶ
1675 430 1937 500 παράγεις

2059 429 2286 484 hensum
2323 446 2350 483 a
2386 429 2696 500 quinisexta
2725 427 2970 500 synodo:
3007 431 3142 497 prof.
3167 439 3328 501 rsque
3353 431 3626 488 decimum

378 526 470 578 τὸν
517 527 584 590 ιγ’
635 522 846 588 ἐκείνης
901 521 1104 574 κανόνα
1140 521 1272 591 περὶ
1303 522 1398 575 τοῦ
1431 521 1616 590 γάμου
1647 522 1756 576 τῶν
1790 523 1948 590 ἱερωο

381 619 580 686 μένων,
609 614 704 667 καὶ
731 613 822 666 τὸν
859 611 932 665 νε¹
973 613 1104 683 περὶ
1135 615 1228 666 τοῦ
1262 613 1542 666 Σαδὸἀτου
1565 627 1578 642 ⁸
1606 615 1699 666 καὶ
1741 613 1947 673 ἔοικας,

375 703 422 760 ὦ
449 709 626 770 Νέῖλε,
655 703 732 773 τῷ
773 704 966 773 κριτὰς
1014 705 1072 756 ὲν
1128 705 1468 776 δικαστηρίῳ
1513 707 1606 757 καὶ
1663 706 1950 774 μάρτυρας

377 799 713 852 καθιστῶντι
761 795 887 858 τοὺς
937 795 1270 859 ἀντιδίκους.
1325 797 1445 867 Χρὴ
1481 796 1536 849 δὲ
1581 800 1638 850 ὲν
1687 797 1950 858 τοιούτοις

377 891 680 961 προφέρειν
741 889 808 941 τὰ
861 890 1016 958 κοινῇ
1073 889 1502 958 ὁμολογούμενα,
1564 890 1626 942 ού
1689 889 1756 942 τὰ
1809 892 1951 943 κατὰ

380 985 750 1052 μονομὲρειαν
807 979 1144 1048 παρανόμως
1209 981 1492 1048 γεγονότα.
1562 981 1626 1034 'll
1677 980 1948 1050 πενοέκτη

375 1075 593 1135 σύνοδος
641 1071 812 1143 χωρὶς
857 1069 952 1123 τοῦ
1012 1071 1374 1125 ἀποστολικοῦ
1410 1071 1600 1142 θρόνου
1630 1073 1760 1134 τοὺς
1789 1073 1950 1126 κανό-

373 1184 472 1228 νας
507 1163 776 1232 ὲκοεμένη
805 1164 948 1232 ἀρχὴ
983 1165 1075 1216 καὶ
1105 1161 1230 1232 ῥίζα
1257 1163 1352 1216 τοῦ
1405 1165 1706 1232 σχίσματος
1733 1164 1948 1232 γέγονε,

375 1253 746 1320 συνωθοῦντος
782 1253 1164 1308 ’1ουστινιανοῦ
1213 1256 1308 1308 τοῦ
1347 1255 1699 1326 Ῥινοτμήτου
1727 1273 1740 1288 '
1771 1258 1952 1310 ἀπαυ-

373 1347 677 1404 θαδιάσασα
707 1349 815 1416 γὰρ
847 1348 983 1418 πρὸς
1013 1347 1112 1418 τὴν
1141 1347 1482 1418 ἀρχαιότητα
1535 1349 1738 1417 πολλῆς
1769 1367 1952 1402 καινο-

371 1439 568 1512 τομίας
621 1439 836 1507 ἐδείλθη
887 1437 1228 1499 διδασκαλος.
1265 1438 1387 1502 Πῶς
1419 1433 1518 1492 οῦν
1551 1439 1686 1500 ὅλως
1720 1455 1952 1509 συμφω-

275 1531 278 1534 ’
371 1535 524 1600 νήσει
569 1533 599 1584 6
630 1537 697 1597 ιγ’
729 1529 902 1598 αὐτῆς
943 1529 1127 1582 κανὼν
1153 1529 1230 1599 τῷ
1259 1526 1308 1596 γ’
1345 1529 1446 1598 τῆς
1481 1529 1648 1597 ἁγίας
1697 1535 1748 1582 α’
1797 1529 1950 1582 συνό-

369 1626 502 1689 δους
545 1642 562 1674 ι
605 1621 1013 1692 Ἀπηγόρευσεν
1075 1621 1109 1692 ἡ
1165 1622 1376 1692 μεγάλη
1441 1622 1658 1685 σύνοδος
1717 1623 1948 1677 καθόλου

371 1717 514 1786 μήτε
564 1715 871 1783 ἐπισκόπῳ,
907 1715 1046 1784 μήτε
1086 1713 1468 1784 πρεσϐυτέρῳ,
1513 1717 1652 1785 μήτε
1690 1715 1944 1787 διακόνῳ,

373 1807 512 1876 μήτε
544 1807 681 1868 ὅλως
725 1805 836 1858 τινὶ
863 1805 972 1862 τῶν
1019 1807 1079 1858 ὲν
1109 1807 1300 1877 κλήρῳ
1343 1805 1548 1871 ἐξεῖναι
1597 1809 1948 1907 σρνείσακτον

368 1899 548 1967 ἔχειν’
581 1897 722 1968 πλὴν
753 1899 802 1952 εί
836 1899 911 1968 μὴ
937 1899 1046 1966 ἄρα
1084 1899 1322 1967 μητέρα,
1363 1897 1396 1968 ἢ
1429 1897 1688 1970 ἀδελφὴν,
1716 1899 1748 1969 ἢ
1774 1899 1944 1965 Θείαν,

366 1987 400 2056 ἢ
429 1987 464 2039 ἆ
499 1987 640 2054 μόνα
686 1985 956 2056 πρόσωπα
1001 1985 1185 2039 πᾶσαν
1239 1985 1480 2054 ὑποψίαν
1527 1985 1884 2055 διαπέφευγε.
1925 2007 1942 2038 ι

367 2077 568 2130 Τοῦτον
599 2075 692 2130 τὸν
719 2077 918 2140 κανόνα
965 2075 1298 2145 ἐξηγοῦνται
1329 2078 1378 2130 οἱ
1407 2077 1636 2146 Γραικοὶ
1669 2079 1800 2149 περὶ
1837 2079 1948 2132 τῶν

365 2170 426 2220 ἐν
469 2166 745 2238 ἱερωσύνῃ
798 2167 1046 2236 ἀζύγων,
1102 2169 1200 2222 καὶ
1249 2170 1687 2238 προφασίζονται
1728 2171 1946 2240 προφόιο

369 2273 484 2321 σεις
515 2259 574 2310 ἐν
602 2259 903 2326 ἁμαρτίαις
933 2275 948 2289 ·
976 2261 1004 2312 6
1026 2259 1082 2313 δὲ
1126 2261 1300 2330 μέγας
1328 2261 1614 2325 Βασίλειος
1641 2263 1735 2316 τὸν
1766 2263 1944 2336 ἁληθῆ

364 2349 490 2401 νοῦν
518 2350 876 2420 παραδίδωσι,
911 2351 1201 2422 Γρηγορίῳ
1250 2353 1616 2425 πρεσϐυτέρῳ
1665 2353 1900 2426 γράφων
1926 2371 1941 2385 ’

370 2461 388 2493 ι
427 2441 569 2495 Οὔτε
619 2443 847 2513 πρῶτος,
892 2443 1016 2495 οὔτε
1064 2445 1240 2512 μόνοι,
1273 2441 1318 2500 ὦ
1359 2446 1658 2516 Γρηγόριε,
1691 2447 1948 2518 ἐνομοθε-

362 2533 609 2606 τήσαμεν
641 2537 878 2604 γυναῖκα
910 2535 1140 2604 ἀνδράσι
1194 2537 1270 2608 μὴ
1319 2539 1595 2591 συνοικεῖν
1625 2555 1638 2570 ·
1667 2539 1782 2592 ἀλλ’
1811 2543 1941 2594 ἀνά-

362 2629 534 2693 γυωῢι
563 2627 654 2678 τὸν
684 2628 888 2681 κανόνα
914 2627 1008 2680 τὸν
1038 2627 1399 2698 ἐξενεχθέντα
1440 2629 1592 2699 παρὰ
1630 2631 1740 2684 τῶν
1772 2633 1946 2698 ἁγίων

368 2715 628 2783 ΙΙατέρων
673 2714 833 2782 ἡμῶν
873 2717 984 2767 τῶν
1015 2719 1074 2768 ἐν
1119 2719 1186 2786 τῇ
1226 2717 1432 2786 συνόδῳ
1461 2717 1722 2782 Νικαίας,
1755 2719 1813 2783 ὃς
1843 2739 1944 2788 φα-

363 2807 536 2874 νερῶς
570 2806 905 2874 ἀπαγορεύει
940 2810 1332 2870 συνεισάκτους
1369 2807 1443 2876 μὴ
1498 2805 1663 2863 εἶναι.
1699 2810 1798 2876 ’Δγ
1845 2815 1942 2881 μία

363 2897 416 2948 δὲ
449 2897 506 2948 ὲν
536 2897 709 2962 τούτῳ
753 2897 952 2968 ἔχειτὸ
991 2899 1214 2969 σεμνὸν,
1255 2902 1311 2953 ὲν
1341 2901 1418 2970 τῷ
1462 2903 1805 2970 κεχωρίσθαι
1843 2903 1944 2972 τῆς

364 2989 644 3052 γυναικῶν
691 2990 1002 3059 διαγωγῆς’
1054 2991 1129 3053 ὡς
1182 2995 1278 3044 ὲλν
1333 2993 1810 3062 ἐπαγγελλόμενός
1857 3011 1941 3058 τις

2063 519 2284 573 tertium
2313 520 2432 590 ejus
2461 534 2724 573 canonem
2764 521 2832 572 de
2863 519 3120 588 conjugio
3145 520 3518 586 sacerdotum,
3571 533 3626 577 et

2055 611 2568 680 quinquagesimum
2611 611 2865 680 quintum
2921 609 2989 665 de
3029 609 3289 674 Sabbato,
3333 622 3388 668 et
3423 613 3630 669 videris

2057 700 2284 766 perinde
2314 701 2493 756 facere
2522 717 2584 756 ac
2609 701 2684 756 illi
2712 703 2804 770 qui
2859 702 3072 772 judices
3107 711 3164 756 et
3209 712 3380 757 testes
3423 705 3630 758 consti-

2058 799 2220 844 tuunt
2245 789 2612 844 adversarios.
2637 789 2706 844 At
2739 791 2792 845 iu
2813 791 3126 862 hujusmodi
3155 793 3315 848 rebus
3347 793 3628 850 afferenda

2055 893 2180 934 sunt
2209 895 2330 952 qua:
2357 881 2497 951 apud
2535 891 2828 952 utramque
2879 894 3088 952 partem
3115 883 3224 938 sint
3251 884 3304 937 in
3349 885 3625 951 confesso,

2057 989 2166 1027 non
2193 989 2312 1043 qua:
2368 974 2436 1028 ab
2465 975 2635 1028 altera
2671 974 3060 1044 parte'contra
3108 977 3199 1048 jus
3228 976 3419 1046 fasque
3474 991 3626 1046 gesta

2055 1079 2206 1121 sunt.
2242 1066 2565 1132 Quinisexta
2618 1067 2877 1138 synodus,
2925 1083 3086 1137 quam
3125 1069 3248 1124 sine
3287 1086 3422 1140 papa
3451 1071 3626 1126 Graeci

2055 1158 2406 1212 celebrarunt
2467 1157 2780 1228 impellente
2861 1159 3172 1214 Justiniano
3241 1162 3624 1224 Rhinotmeto.

2055 1249 2374 1305 schismatis
2405 1249 2506 1304 fuit
2537 1250 2690 1318 origo
2719 1261 2774 1304 et
2801 1251 2984 1308 radix:
3036 1267 3158 1306 nam
3191 1254 3438 1323 deposita
3471 1271 3627 1311 reve-

2053 1343 2234 1397 rentia
2271 1342 2540 1398 adversus
2565 1343 2976 1412 antiquitatem,
3003 1345 3188 1399 multae
3213 1345 3476 1401 novitatis
3509 1363 3626 1401 ma-

2051 1435 2276 1504 gistram
2329 1449 2388 1490 se
2437 1437 2690 1504 praebuit.
2753 1436 3042 1503 Quomodo
3093 1441 3240 1493 enim
3268 1455 3442 1494 canon
3507 1443 3626 1511 ejus

2052 1526 2301 1581 decimus
2357 1527 2550 1582 tertius
2609 1529 2972 1584 concordabit
3031 1546 3154 1586 cum
3207 1533 3372 1586 tertio
3423 1545 3626 1588 sanctae

2053 1619 2242 1688 prima:
2263 1620 2454 1691 synodi
2481 1620 2504 1674 ἲ
2525 1621 2788 1676 Prohibet
2805 1637 2998 1692 magna
3017 1623 3278 1694 synodus,
3311 1641 3378 1680 ne
3401 1627 3626 1682 omnino

2051 1708 2214 1765 liceat
2245 1712 2531 1780 episcopo,
2579 1721 2674 1766 aut
2703 1713 3046 1784 presbytero,
3079 1723 3174 1768 aut
3221 1715 3474 1782 diacono,
3509 1718 3624 1772 sive

2052 1803 2372 1871 cuicunque
2407 1803 2608 1858 clerico
2657 1804 3024 1859 introductam
3061 1805 3266 1860 habere
3295 1809 3622 1874 mulierem;

2051 1891 2157 1945 nisi
2193 1889 2334 1946 forte
2371 1903 2626 1956 matrem,
2659 1904 2754 1948 aut
2801 1909 3075 1964 sororem,
3107 1907 3204 1968 aut
3234 1900 3458 1954 amitam
3488 1917 3502 1964 ;
3538 1903 3620 1956 vel

2052 1997 2146 2037 eas
2179 1991 2389 2036 tantum
2419 1999 2702 2054 personas,
2749 2001 2872 2056 qua:
2906 2002 3126 2042 onmem
3177 1989 3392 2059 fugiunt
3447 1993 3624 2060 suspi-

2051 2073 2291 2129 cionem.
2322 2091 2342 2124 ι
2379 2073 2532 2130 llunc
2561 2091 2824 2130 canonem
2851 2076 3022 2134 Graeci
3079 2091 3364 2149 exponunt
3417 2082 3484 2136 de
3556 2085 3624 2138 iis

2050 2165 2266 2218 clericis
2295 2166 2388 2235 qui
2409 2165 2604 2220 vivunt
2643 2167 2697 2222 in
2738 2169 3012 2237 cwlibatu,
3049 2173 3368 2226 excusando
3392 2189 3624 2230 cxcusr-

2052 2256 2230 2312 tiones
2287 2259 2340 2312 in
2405 2259 2665 2328 peccatis.
2727 2259 2794 2314 At
2864 2277 3093 2330 magnus
3155 2262 3386 2320 Basilius
3429 2283 3620 2320 verum

2053 2348 2218 2401 tradit
2303 2364 2523 2404 sensum
2592 2351 2842 2407 scribens
2941 2352 3204 2424 Gregorio
3261 2355 3619 2428 presbytero:

2055 2459 2073 2490 ι
2105 2440 2217 2494 Nec
2245 2442 2432 2511 primi.
2467 2457 2568 2498 nec
2610 2443 2708 2497 soli
2743 2459 2868 2510 nos,
2897 2460 2930 2498 ο
2982 2445 3232 2516 Gregori,
3287 2449 3462 2517 legem
3499 2453 3623 2505 tuli-

2050 2547 2172 2586 mus
2199 2541 2476 2588 vetantem
2509 2534 2826 2590 cohabitare
2857 2536 3114 2591 feminam
3165 2540 3344 2608 viris;
3399 2543 3492 2596 sed
3543 2545 3620 2598 le-

2047 2624 2160 2692 gito
2187 2639 2454 2679 canonem
2481 2624 2689 2679 editum
2720 2641 2750 2680 a
2784 2628 2988 2682 sanctis
3023 2629 3280 2684 Patribus
3307 2635 3509 2688 nostris
3567 2638 3618 2692 in

2049 2709 2262 2765 Nicaeus
2293 2712 2520 2780 synodo,
2557 2713 2652 2782 qui
2689 2715 2976 2768 manifeste
3029 2717 3287 2785 prohibet
3328 2735 3394 2773 ne
3428 2721 3620 2774 mulie-

2052 2819 2137 2856 res
2169 2804 2496 2860 introductae
2528 2805 2661 2860 sint.
2703 2805 2998 2862 Cadilratus
3061 2809 3252 2862 autem‘
3303 2809 3408 2865 hoc
3458 2812 3619 2866 habet

2046 2895 2327 2961 eximium,
2355 2896 2400 2950 si
2419 2899 2541 2966 quis
2557 2895 2828 2952 abstineat
2855 2913 2884 2950 a
2915 2899 3204 2954 mulierum
3233 2903 3614 2958 contubernio.

2047 2985 2200 3052 Quod
2226 2988 2270 3041 si
2291 2991 2415 3056 quis
2446 2987 2768 3058 profiteatur
2801 2991 3020 3060 quidem
3050 2995 3276 3050 nomine
3309 3006 3472 3051 tenus
3514 3013 3617 3052 ca:-

363 3081 439 3148 τῴ
471 3081 718 3151 ὀνόματι,
751 3082 897 3153 ἔργῳ
925 3083 990 3135 τὰ
1015 3085 1122 3135 τῶν
1143 3087 1262 3145 ταῖς
1293 3085 1514 3152 γυναιξὶ
1549 3085 1937 3140 συνοικούντων

2051 3079 2300 3144 libatum,
2328 3080 2424 3135 sed
2449 3096 2505 3135 re
2525 3081 2636 3150 ipsa
2659 3093 2882 3154 peragat
2913 3085 3056 3154 quod
3086 3087 3118 3142 ii
3137 3089 3230 3157 qui
3255 3089 3460 3159 degunt
3489 3105 3614 3144 cum

364 3177 517 3244 ποιῇ,
555 3175 706 3240 δῆλός
738 3178 854 3228 ἐστι
886 3178 946 3229 τὸ
977 3179 1075 3246 μὲν
1103 3177 1199 3246 τῆς
1231 3175 1532 3246 παρθενίας
1567 3179 1765 3246 σεμνὸν
1794 3181 1849 3232 ἐν
1876 3184 1940 3250 τῇ

363 3269 712 3339 προσηγορίᾳ
762 3270 1001 3334 διώκων,
1035 3269 1129 3322 τοῦ
1161 3269 1380 3324 δὲ“καο’
1429 3271 1625 3340 ἡδονὴν
1659 3272 1940 3342 ἀπρεποῦς

367 3361 446 3427 μὴ
483 3361 873 3429 ἀφιστάμενος.
911 3381 928 3412 ι

451 3451 537 3503 Ἐν
563 3451 774 3514 τούτοις
823 3454 850 3505 6
898 3454 1072 3522 μέγας
1127 3454 1318 3525 Πατὴρ
1354 3457 1413 3508 τὸ
1445 3457 1832 3518 συνεισάκτους
1867 3457 1942 3526 μὴ

363 3539 500 3595 εἶναι
528 3544 724 3596 ταυτὸν
753 3541 892 3597 εἶναι
927 3545 1180 3614 βούλεται
1213 3551 1276 3618 τῇ
1311 3551 1551 3620 ἀγαμίᾳ.
1586 3551 1698 3604 Καὶ
1722 3553 1750 3604 ὅ
1777 3567 1940 3620 φησιν

360 3639 393 3704 ἡ
453 3636 580 3703 ἁγία
640 3635 880 3699 σύνοδος.
959 3640 1292 3708 ἐπισκόπῳ,
1355 3645 1758 3710 πρεσϐυτέρῳ,
1815 3644 1937 3696 δια-

361 3727 542 3792 κὼ-ῳ,
572 3729 926 3798 παραφράζει
955 3733 982 3782 6
1015 3735 1192 3798 μέγας
1237 3733 1519 3796 Βασίλειος
1550 3737 1626 3797 είς
1655 3737 1734 3797 τὸ,
1769 3755 1786 3786 ι
1843 3738 1932 3788 ἁν-

357 3819 514 3888 δράσι
577 3823 652 3890 μὴ
711 3819 1018 3874 συνοικεῖν·
1061 3842 1078 3874 ι
1123 3829 1218 3876 καὶ
1267 3825 1348 3888 τὸ,
1387 3843 1404 3875 ι
1457 3829 1592 3896 μήτε
1645 3827 1781 3889 ὅλως
1829 3831 1936 3880 τινί

361 3911 469 3962 τῶν
523 3915 580 3964 ὲν
634 3913 842 3983 κλήρῳ,
883 3933 902 3963 ι
949 3915 1108 3976 αὐτὸς
1141 3916 1434 3985 ἐρμηνευει
1478 3917 1738 3985 φάσκων
1779 3937 1795 3968 ι
1848 3920 1932 3980 Ὠς

360 4003 460 4054 ἐὰν
489 4003 958 4073 ἐπαγγελλόμενός
995 4023 1077 4068 τις
1117 4007 1193 4076 τῷ
1219 4007 1466 4074 ὀνόματι,
1505 4009 1652 4078 ἔργῳ
1700 4013 1826 4080 ποιῇ
1865 4011 1932 4062 τὰ

360 4097 472 4150 τίν
509 4099 910 4151 συνοικούντων
955 4105 1072 4162 ταῖς
1111 4101 1376 4168 γυναιξίν.
1417 4121 1435 4154 t
1485 4103 1648 4156 Ὥστε
1681 4103 1768 4156 τὸν
1805 4101 1930 4156 νοῦν

357 4189 454 4240 τοῦ
491 4191 710 4252 κανόνος
742 4191 882 4244 κατὰ
911 4193 1001 4244 τὸν
1029 4191 1205 4261 μέγαν
1233 4193 1515 4246 Βασίλειον
1544 4190 1682 4246 εἶναι
1717 4194 1929 4247 τοῦτονο

361 4301 380 4330 ο
439 4283 855 4354 ’Λπηγόρευσεν
907 4287 940 4353 ἡ
991 4289 1202 4358 μεγάλη
1262 4287 1481 4351 σύνοδος
1535 4289 1766 4344 καθόλου
1815 4292 1930 4352 τοῖς

357 4373 658 4443 ἱερωσύνην
731 4375 1221 4447 ἐπαγγελλομένοις
1295 4383 1566 4434 συνοικεῖν
1656 4381 1924 4448 γυναιξὶν,

2049 3171 2288 3236 fortunis,
2352 3185 2502 3230 certe
2557 3176 2924 3246 virginitatem
2964 3179 3053 3234 ille
3087 3181 3306 3250 quidem
3366 3185 3616 3253 specioso

2049 3264 2206 3316 titulo
2255 3267 2634 3334 persequitur,
2677 3269 2772 3322 sed
2805 3285 2838 3322 a
2882 3269 3128 3327 fmditate
3167 3277 3463 3344 voluptatis
3495 3293 3614 3334 sese

2049 3369 2157 3406 non
2224 3365 2496 3410 eonttttct.
2524 3377 2540 3408 ι

2116 3443 2172 3496 ln
2199 3443 2284 3498 bis
2310 3461 2539 3515 magnus
2561 3447 2721 3502 Pater
2746 3463 2844 3518 pro
2875 3455 3066 3504 eodem
3107 3456 3328 3524 accipit,
3371 3475 3476 3513 non
3513 3460 3613 3514 ha-

2043 3531 2172 3586 bere
2201 3533 2588 3605 introductam,
2621 3547 2676 3593 et
2737 3542 2938 3595 servari
2973 3544 3302 3600 caelibatum.
3349 3549 3410 3602 Et
3465 3553 3611 3618 quod

2043 3625 2116 3679 ait
2153 3637 2338 3680 sancta
2363 3631 2622 3698 synodus,
2667 3634 2926 3702 episcopo,
2989 3636 3324 3704 presbytero,
3362 3643 3607 3704 diacono.

2043 3719 2359 3786 paraphrasi
2394 3729 2551 3778 utens
2579 3739 2804 3792 magnus
2836 3725 3084 3791 Basilius,
3121 3746 3138 3777 ι
3171 3729 3320 3797 viris,
3373 3733 3466 3797 ait,
3501 3751 3606 3788 non

2042 3807 2398 3884 cohabitare;
2438 3829 2454 3862 ι
2491 3821 2542 3866 et
2576 3813 2740 3866 verba
2797 3815 2905 3880 illa,
2949 3817 3104 3871 «sive
3135 3819 3446 3890 cuicunque
3498 3823 3608 3877 cle-

2041 3899 2176 3962 rico,
2209 3917 2226 3949 ι
2267 3902 2381 3969 ipse
2417 3901 2495 3955 sic
2528 3903 2941 3972 interpretatur,
2988 3926 3003 3958 ι
3037 3905 3092 3960 Si
3127 3909 3250 3978 quis
3283 3910 3609 3978 profiteatur

2040 3990 2258 4058 quidem
2288 3993 2508 4045 nomine
2548 4003 2708 4048 tenus
2741 3996 3073 4062 eaelibatum,
3139 4000 3234 4054 sed
3290 4017 3346 4055 re
3383 4016 3608 4074 peragat

2038 4081 2183 4151 quod
2212 4083 2246 4136 ii
2279 4085 2372 4152 (uti
2403 4083 2608 4153 degunt
2651 4101 2772 4139 cum
2827 4087 3062 4143 fetutinis.
3100 4109 3117 4140 ι
3171 4091 3244 4146 ita
3294 4103 3352 4146 ut
3413 4109 3607 4148 sensus

2035 4173 2262 4227 canonis
2291 4173 2358 4228 de
2387 4185 2570 4228 mente
2595 4175 2868 4231 Basiliisit
2891 4178 2977 4232 hic
3003 4199 3014 4233 :
3053 4199 3072 4231 ι
3103 4182 3370 4237 Prohibet
3412 4199 3601 4256 magna

2033 4263 2274 4333 synodus
2330 4267 2585 4320 omnibus
2660 4271 2886 4324 omnino
2960 4273 3256 4329 sacerdotii
3346 4278 3605 4347 gradibus

2035 4354 2354 4410 cohabitare
2378 4357 2618 4422 feminis,
2644 4375 2764 4414 eum
2798 4363 3101 4418 caelibatum
3132 4381 3352 4422 servare
3385 4379 3603 4424 tenean-

352 4467 550 4526 οἵτινες
589 4468 828 4535 ἀγαμίαν
871 4471 1060 4538 τηρεῖν
1111 4470 1444 4538 ὀφείλουσιν.
1482 4491 1500 4522 ι
1529 4474 1682 4526 Κατά
1713 4473 1768 4524 δὲ
1799 4475 1920 4535 τοὺς

2043 4455 2141 4500 tur.
2172 4465 2190 4497 ι
2258 4453 2321 4500 At
2357 4449 2514 4520 juxta
2569 4451 2882 4507 Graseorum
2927 4458 3254 4526 interpretes
3282 4475 3478 4516 sensus
3514 4464 3602 4516 hic

353 4559 624 4628 ἑξη·,ητὰς
677 4561 784 4612 τῶν
817 4561 1064 4630 Γραικῶν
1111 4561 1201 4613 τὸν
1255 4562 1383 4614 νοῦν
1444 4559 1582 4616 εἶναι
1639 4563 1916 4617 τοιοῦτον·

357 4667 376 4698 ι
421 4648 830 4719 Ἀπηγόρευσεν
893 4654 920 4721 ἡ
981 4651 1190 4722 μεγάλη
1249 4654 1471 4718 σύνοδος
1525 4656 1756 4708 καθόλου
1811 4660 1920 4720 τοῖς

347 4743 586 4812 ἀγάμοις
637 4743 744 4795 τῶν
783 4745 970 4812 ἱερέων
1019 4747 1232 4812 γυναιξὶ
1289 4747 1598 4800 συνοικεῖν·
1646 4747 1920 4816 ὀφείλουσι

344 4835 454 4903 γὰρ
481 4834 705 4900 φεύγειν
737 4834 832 4904 τὴν
865 4837 1264 4906 λαϋρογαμίαν.
1305 4857 1321 4888 ι

419 4923 575 4976 Οὕτω
621 4923 894 4994 διαφόρως
951 4927 1194 4994 ἐχουσῶν
1239 4927 1348 4982 τῶν
1407 4927 1749 4997 ἐξηγήσεων,
1777 4929 1922 4993 ἀξιο-

343 5015 668 5086 πιστότερος
719 5019 893 5086 δήπου
933 5019 960 5068 6
998 5018 1170 5084 μέγας
1227 5018 1506 5081 Βασίλειος
1540 5019 1633 5072 καὶ
1669 5020 1918 5086 ἁγιότητι

341 5117 435 5161 καὶ
481 5111 803 5178 ἀρχαιότητι
835 5113 930 5162 καὶ
961 5115 1124 5179 σοφίᾳ
1175 5111 1494 5179 διαπρέπων
1517 5125 1532 5142 ⁸
1561 5113 1623 5164 οὐ
1653 5112 1759 5182 μὴν
1785 5111 1922 5164 ἀλλὰ

343 5200 439 5251 καὶ
475 5201 892 5268 μαρτυροῦντας
927 5201 1074 5270 αὐτῷ
1101 5199 1238 5270 ἔχων
1287 5201 1377 5251 τὸν
1417 5201 1707 5273 Παμφίλου
1755 5201 1924 5254 Εὐσέ-

341 5293 480 5354 6ιον,
533 5309 622 5344 και
673 5291 763 5343 τὸν
813 5291 968 5360 ἆγιον
1027 5293 1386 5362 Ἐπιφάνιον’
1421 5289 1494 5348 ὧν
1547 5295 1574 5345 6
1631 5293 1918 5363 Παμφίλου

341 5397 434 5429 και
475 5385 536 5449 τῇ
594 5381 786 5452 πρώτῃ
833 5383 1038 5453 παρῆν,
1075 5385 1167 5436 καὶ
1221 5385 1318 5454 τὴν
1364 5385 1578 5438 ἔννοιαν
1627 5385 1719 5436 τοῦ
1769 5386 1920 5436 ἐκτε-

341 5469 526 5533 θέντος
581 5477 803 5536 κανόνος
854 5475 1134 5544 ἐξηγεῖται
1165 5481 1218 5529 ἐν
1247 5477 1326 5545 τῷ
1361 5475 1563 5546 πρώτῳ
1589 5479 1688 5546 τῆς
1729 5479 1916 5546 Elia?"

341 5563 588 5632 γκλικῆς
627 5565 1042 5634 Ἀποδείξεως,
1066 5571 1125 5622 ού
1139 5575 1266 5621 τιυσὶ
1297 5572 1470 5638 λέγων
1490 5589 1504 5603 ’
1539 5589 1556 5622 ι
1593 5573 1736 5642 Χρὴ,
1755 5591 1826 5640 φη
1839 5573 1918 5623 si."

341 5661 367 5708 ὁ
403 5659 714 5724 Λόγος,τὸν
768 5661 1068 5716 ἐπίσκοπον
1122 5664 1407 5730 γεγονέναι
1471 5667 1600 5732 μιᾶς
1657 5667 1918 5732 γυναικὸς

337 5753 530 5820 ἅνδρα’
559 5757 720 5806 πλέον
767 5755 903 5808 ἀλλὰ
953 5759 1066 5818 τοῖς
1118 5758 1458 5828 ἱερωμένοις,
1491 5759 1583 5812 καὶ
1636 5759 1766 5827 περὶ⁸
1821 5761 1918 5827 τὴν

675 5849 940 5910 Ριτιιοι.
981 5855 1094 5912 GR.
1145 5850 1412 5913 CXLIX.

2029 4545 2150 4592 est:
2185 4557 2203 4590 ι
2230 4541 2494 4596 Prohibet
2544 4545 2770 4598 omnino
2807 4557 2993 4601 saneta
3050 4550 3290 4619 synodus
3324 4567 3392 4604 ne
3422 4569 3600 4608 sacer-

2025 4627 2186 4684 dotes
2238 4632 2454 4685 czelihes
2505 4635 2823 4688 cohabitent
2886 4637 3139 4704 feminis;
3192 4640 3396 4696 debent
3452 4661 3598 4699 emm

2029 4721 2240 4776 evitare
2275 4723 2477 4776 furtiva
2513 4741 2636 4779 cum
2701 4727 3024 4782 mulieribus
3048 4735 3400 4788 commercia.
3435 4753 3453 4786 ι

2091 4927 2227 4982 Cum
2243 4941 2376 4997 ergo
2403 4927 2630 4982 diver5a2
2657 4929 3134 4998 interpretationes
3158 4932 3287 4998 sint,
3311 4945 3458 4988 certe
3497 4937 3600 4988 fide

2025 5019 2241 5087 dignior
2267 5029 2352 5074 est
2379 5009 2611 5076 Basilius
2643 5031 2892 5092 magnus,
2919 5026 3229 5090 sanctitate,
3271 5027 3597 5095 antiquitate

2023 5124 2074 5168 et
2095 5115 2318 5168 scientia
2341 5115 2572 5183 pollens,
2594 5116 2890 5184 praesertim
2917 5131 3039 5170 cum
3059 5127 3381 5172 attestantes
3403 5117 3598 5173 habeat

2021 5215 2076 5258 ct
2109 5207 2398 5258 Eusebium
2453 5205 2743 5274 Pamphili,
2775 5215 2830 5262 et
2891 5219 3138 5262 sanctum
3200 5209 3588 5279 Epiphaniam.

2023 5297 2191 5350 Perro
2223 5299 2490 5350 Eusebius
2530 5309 2584 5352 rt
2613 5301 2802 5366 prima:
2836 5301 3044 5370 synodo
3077 5301 3345 5370 interfuit,
3374 5311 3427 5356 et
3466 5321 3580 5356 sen-

2022 5407 2140 5442 sum
2173 5391 2404 5458 expusiti
2440 5393 2668 5444 canonis
2721 5393 2962 5446 declarat
3026 5395 3170 5448 libro
3199 5412 3214 5448 t
3247 5395 3590 5448 Demonstra-

2023 5483 2178 5536 tiom’s
2233 5483 2584 5554 Eraugclicw,
2642 5486 2726 5540 his
2781 5489 3006 5542 verbis:
3063 5487 3348 5558 «Oportet,
3414 5489 3592 5555 inquit

2022 5575 2328 5645 Scriptura,
2364 5579 2684 5648 episcopum
2749 5581 2912 5632 unius
2949 5581 3115 5634 fuisse
3177 5582 3364 5634 uxoris
3388 5579 3583 5630 virum.

2019 5666 2288 5721 Caeterum
2327 5679 2380 5721 et
2437 5670 2746 5724 sacerdotio
2785 5671 3154 5738 fungentibus,
3205 5683 3260 5724 et
3305 5671 3448 5724 circa
3491 5669 3582 5722 Dei

2023 5759 2228 5812 cultum
2277 5763 2562 5832 occupatis
2611 5763 2870 5818 convenit
2907 5763 3164 5829 deinceps
3194 5777 3252 5816 se
3283 5777 3313 5816 α
3353 5775 3558 5816 censue

3141 5853 3218 5912 2ίὲ
