4064 6206
379 334 490 397 813

1655 350 2102 417 REFUTATIO
2167 354 2350 419 NUJ.

3502 359 3606 424 διιι

374 447 623 515 πολιτείᾳ
657 448 764 502 τῶν
800 451 1140 520 Χριστιανῶν
1171 471 1183 486 ·
1223 458 1416 525 πρῶτα
1451 465 1569 527 μὲν,
1605 465 1703 516 ὅσα
1735 466 1926 535 ἐγγρά-

2043 471 2338 525 societate:
2385 473 2578 538 prima,
2610 487 2728 541 qua!
2760 473 2810 526 in
2857 473 3156 542 Seripturis
3209 473 3480 527 habentur
3518 487 3609 526 ca-

373 556 490 602 φως
515 537 716 606 ἔχομεν
761 541 822 594 ὲν
867 545 984 605 ταῖς
1033 553 1348 612 κοινωνικαῖς
1395 552 1600 620 βίϐλοις
1631 567 1646 584 ⁸
1690 556 1942 624 δεύτερα,

373 629 470 680 ὅσα
503 627 562 681 οὗ
607 629 694 684 διὰ
725 633 970 703 γραφῆς,
995 635 1134 690 ἀλλὰ
1179 639 1266 693 διὰ
1322 645 1678 714 παραδόσεως
1727 649 1944 719 ἔχομεν,

373 721 470 770 καὶ
521 721 671 790 παρὰ
704 723 840 777 πᾶσι
875 730 1028 797 κοινῇ
1067 729 1428 796 φυλάττονται
1452 751 1472 769 ο
1514 731 1628 790 οἷον
1659 741 1722 792 τδ
1755 741 1944 810 ἑορτὰ-

373 809 564 870 ζεσθαι
611 813 714 884 τὴν
759 815 1002 883 Χριστοῦ
1053 819 1376 888 ἀνάστασιν,
1404 825 1467 879 τὸ
1513 828 1709 896 πάθος,
1757 809 1853 886 καὶ
1879 833 1944 887 τὰ

368 899 532 968 ὅμοια
555 917 571 934 ο
601 904 754 972 τρίτα
779 906 836 958 δὲ
867 908 934 960 τὰ
965 911 1106 964 κατὰ
1133 913 1333 978 τόπους
1357 915 1620 987 διάφορα,
1649 915 1784 986 οἷον,
1831 941 1939 994 φη·

373 991 484 1056 σὶν,
511 995 544 1058 ἡ
577 995 671 1048 τοῦ
695 996 978 1052 Σαδδάτου
1009 1005 1233 1069 νηστεία
1258 1023 1273 1036 '
1303 1007 1354 1060 oi
1379 1007 1484 1077 μὲν
1511 1010 1620 1081 γὰρ
1649 991 1944 1082 νηστεύτυ-

369 1102 478 1144 σιν.
499 1088 547 1138 oi
573 1086 628 1139 δὲ
657 1089 718 1142 οὐ
747 1091 1092 1159 νηστεύουαι,
1125 1098 1219 1150 καὶ
1243 1097 1312 1150 τὰ
1341 1101 1728 1172 παραπλήσια.
1753 1105 1940 1158 ταῦτα

367 1176 436 1229 τὰ
469 1177 629 1247 τρίτα
671 1183 840 1250 φησιν
887 1183 1180 1255 ἐλευθέρας
1221 1186 1364 1246 εῖναι
1411 1194 1838 1267 παραφυλακῆς,
1874 1197 1943 1250 ἶν’

367 1269 575 1330 ικιῐνος
628 1269 834 1339 ἄριστα
877 1274 1256 1348 πολιτεύηται,
1291 1279 1351 1346 ὃς
1382 1283 1471 1348 ἂν,
1499 1287 1687 1354 φησὶν,
1721 1289 1780 1342 ἐν
1812 1289 1939 1342 τού-

367 1375 484 1423 ⁹οις
511 1361 760 1451 φυλᾴσαῃ
794 1365 854 1417 τδ
898 1366 1020 1430 ἔθος
1059 1371 1154 1440 τῆς,
1186 1371 1540 1444 Ἐκκλησίας.
1575 1379 1633 1430 ὲν
1753 1381 1820 1433 ἂν
1849 1383 1941 1449 γέ-

375 1468 546 1518 ιηται.
583 1449 716 1507 Εἶτα
747 1456 910 1532 πάλιν
949 1460 1112 1528 φέρει
1140 1462 1200 1515 τὺ
1233 1466 1400 1535 ρητδν
1443 1465 1538 1520 τοῦ
1578 1449 1935 1540 Ἀμδροσίου,

370 1543 464 1594 καὶ
489 1545 730 1600 τοιοῦτον
755 1549 967 1602 ἐκείνου
991 1567 1064 1604 πα
1074 1555 1382 1626 ράγγελμαο

443 1635 532 1694 Εἰς
557 1637 626 1706 ἢν
663 1637 729 1690 ἂν
779 1640 1000 1707 ἀφίκοιο
1039 1644 1392 1717 Ἐκκλησίαν,
1429 1651 1642 1723 ἐκείνης
1677 1653 1743 1706 τὰ
1772 1653 1937 1725 ἔθιμα

369 1724 632 1816 φύλασσε,
661 1729 715 1780 εί
745 1746 828 1782 σοι
855 1732 1118 1804 βουλητκιν
1151 1739 1347 1807 μηδενὶ
1381 1742 1550 1812 μηδὲν
1599 1724 1936 1816 πρόσκομμα

2051 561 2300 626 nonicis;
2342 564 2605 622 secunda.
2639 579 2760 634 qua:
2813 579 2920 619 non
2979 564 3204 633 scripta,
3263 564 3359 618 sed
3415 562 3608 617 tradita

2047 647 2408 714 custodimus,
2438 659 2492 705 et
2527 659 2640 705 toto
2699 659 2970 707 terrarum
3031 653 3164 709 orbe
3225 651 3606 710 observantur.

2044 739 2206 792 sicuti
2241 737 2424 794 Passio
2449 749 2534 795 est
2563 753 2617 796 et
2649 743 2999 798 Resurrectio
3035 741 3264 806 Christi,
3297 757 3348 798 et
3379 743 3604 804 similia,

2045 843 2168 897 qua:
2196 829 2515 886 solemniter
2551 833 2936 900 celebrantur;
2993 835 3140 889 tertii
3197 836 3434 904 generis,
3487 848 3608 903 qme

2045 933 2142 986 per
2197 918 2314 974 loca
2345 929 2618 976 terrarum
2653 925 3014 994 regionesque
3074 925 3384 985 variantur.
3442 924 3606 979 siculi

2042 1011 2294 1080 estquod
2330 1011 2422 1066 alii
2469 1012 2718 1083 jejunent
2749 1015 3008 1080 S.tbbato,
3037 1015 3129 1069 alii
3193 1031 3323 1070 vero
3376 1029 3505 1076 non,
3555 1029 3607 1068 et

2042 1101 2146 1154 alia
2179 1102 2511 1173 hujusmodi.
2555 1105 2756 1160 Totum
2789 1107 2912 1170 hoc,
2971 1107 3168 1176 inquit,
3198 1121 3370 1177 genus
3423 1123 3604 1161 rerum

2045 1195 2246 1248 liberas
2292 1195 2460 1250 habet
2512 1197 2945 1262 observationes,
3015 1213 3114 1254 nec
3179 1199 3468 1270 disciplina
3523 1210 3608 1254 est

2045 1286 2150 1338 ulla
2190 1285 2244 1339 in
2285 1286 2369 1340 his
2401 1287 2618 1352 melior,
2650 1303 2812 1358 quam
2849 1300 2908 1346 ut
2947 1305 3012 1344 eo
3067 1290 3229 1344 modo
3255 1291 3339 1344 vir
3367 1291 3608 1360 prudens

2041 1385 2290 1446 agatque
2325 1395 2484 1450 agere
2546 1381 2746 1436 viderit
2774 1382 3090 1446 Ecclesiam,
3125 1383 3190 1436 ad
3222 1397 3606 1450 quamcunque

2041 1467 2180 1522 forte
2248 1468 2546 1525 devenerit.
2628 1472 2832 1528 Deinde
2891 1487 3082 1529 rursus
3144 1474 3303 1530 aﬂ‘ert
3375 1475 3605 1528 Ambro-

2042 1557 2106 1610 sii
2145 1557 2352 1614 dictum
2391 1562 2620 1632 ejusque
2683 1574 3040 1634 pratceptum:

2113 1649 2192 1702 Αά
2233 1665 2620 1721 quamcunque
2675 1655 2811 1710 forte
2863 1657 3172 1713 Ecelesiam'
3216 1658 3452 1718 veneris,
3489 1661 3608 1728 ejus

2043 1749 2250 1790 morem
2276 1753 2458 1802 serva,
2513 1741 2556 1792 si
2622 1742 3012 1811 ettiquam‘non
3047 1745 3130 1798 vis
3175 1759 3296 1798 esse
3324 1745 3604 1808 seandalo,

369 1814 566 1870 διδόναι
611 1817 642 1886 ἢ
692 1820 942 1889 πάσχειν.
986 1823 1129 1890 Ἐγὼ
1155 1827 1234 1894 δὲ,
1269 1831 1440 1902 φησὶν
1468 1813 1926 1902 Αὔγουστῖνοςςτὲ

2041 1843 2144 1883 nec
2171 1843 2499 1899 quemquam
2526 1831 2648 1885 tibi.
2691 1832 2803 1902 Ego
2849 1848 3002 1898 vero,
3035 1835 3216 1904 inquit
3243 1835 3602 1904 Augustinus.

366 1909 608 1963 τοιοῦτον
665 1915 1038 1984 παράγγελμα
1093 1919 1323 1976 πλεῖστα
1381 1925 1504 1977 κατ’
1561 1925 1802 1994 ἐμαυτὸν
1855 1930 1940 1980 λο-

367 1999 686 2068 γισάμενος,
714 2003 886 2068 οὕτως
913 2007 1042 2075 ἔχω,
1069 2008 1145 2072 ὡς
1175 2011 1224 2064 εί
1254 2011 1440 2065 θεόθεν
1461 2015 1618 2086 ἐδόθη
1651 2033 1764 2086 μοι.

441 2178 548 2230 Καὶ
581 2179 638 2229 ἐν
670 2181 742 2250 τῇ
781 2178 848 2232 ιθ¹
895 2185 1180 2256 ἐπιστολῇ,
1231 2188 1358 2243 Ἐάν
1391 2207 1494 2254 τις,
1526 2194 1711 2262 φησιν,
1747 2197 1939 2250 ἀνατο-

366 2269 513 2330 λικὺς
538 2269 678 2340 ἀνὴρ
721 2271 1004 2346 ὲνδημήσῃ
1047 2279 1112 2348 τῇ
1151 2277 1362 2350 Ῥώμῃ,
1391 2277 1502 2350 ἆρα
1536 2285 1841 2356 νηστεύσας
1877 2291 1940 2342 τὰ

366 2359 623 2412 Σάϐὄατα
671 2361 812 2432 πλὴν
871 2365 966 2418 τοῦ
1019 2367 1160 2434 ἑνὸς,
1209 2371 1656 2444 ἑγκληθήσεταις
1713 2377 1780 2429 El
1833 2380 1939 2451 γὰρ

363 2448 554 2520 φαίης,
585 2451 646 2504 οὐ
685 2453 844 2522 μόνον
879 2456 1309 2528 ἀποδοκιμάζεις
1339 2463 1440 2533 τὴν
1481 2465 1772 2534 Ῥωμαίων
1808 2448 1936 2522 Ἐκ.-

361 2541 616 2610 κλησίαν,
677 2544 813 2598 ἀλλὰ
860 2551 955 2599 καὶ
1009 2551 1256 2618 γείτονας
1311 2556 1525 2620 πολλὰς,
1567 2559 1660 2612 καὶ
1717 2560 1938 2628 μακρὰν

359 2631 422 2684 οὖ
434 2649 550 2694 σας.
1055 2675 1064 2682 .

438 2728 548 2781 Καὶ
592 2729 795 2801 Πέτρος
825 2733 880 2784 δὲ
927 2736 954 2786 6
1001 2736 1412 2810 Ἀλεξανδρείας
1463 2743 1792 2814 ίερομάρτυς
1841 2743 1938 2811 τὴν

363 2821 620 2888 νηστείαν
647 2823 742 2892 τῆς
771 2825 948 2896 Τετάρ
962 2843 1052 2896 της
1095 2829 1188 2882 καὶ
1229 2831 1587 2902 Παρασκευῆς
1618 2837 1678 2886 οὐ
1707 2835 1936 2894 κανόνος

361 2912 722 2966 ἀποστολικοῦ
775 2915 962 2984 νόμον,
993 2918 1130 2973 ἀλλὰ
1175 2922 1528 2991 παραδόσεως
1561 2925 1784 2994 εὐλόγου
1831 2944 1934 2996 φη-

363 3003 470 3055 σίν.
507 3005 698 3057 Καίτοι
748 3009 900 3078 παρὰ
941 3009 1193 3080 Γραικοῖς
1233 3016 1594 3078 ἀποστολικός
1647 3021 1764 3071 ἐστι
1798 3019 1930 3088 περὶ

2040 1919 2107 1972 de
2171 1920 2272 1976 hac
2331 1924 2600 1976 sententia
2652 1923 2818 1978 etiam
2883 1934 3050 1995 atque
3115 1925 3278 1980 etiam
3333 1927 3602 1995 cogitans,

2041 2011 2112 2064 ita
2145 2011 2319 2066 habeo
2348 2022 2602 2082 tanquam
2644 2029 2762 2068 eam
2823 2016 3032 2071 cmlesti
3069 2016 3296 2072 oraculo
3347 2032 3604 2084 suscepe-

2040 2099 2163 2154 rint.
3113 2181 3118 2188 .

2113 2191 2180 2246 Et
2210 2193 2369 2262 epist.
2435 2195 2526 2260 l9,
2557 2195 2774 2260 Utrum,
2811 2200 3014 2268 inquit,
3071 2201 3116 2254 si
3151 2200 3440 2270 quisquam
3481 2215 3604 2254 san-

2041 2292 2162 2338 ctus
2187 2281 2480 2338 Orientalis
2521 2283 2746 2339 Romam
2768 2291 3001 2352 venerit,
3032 2297 3087 2341 et
3115 2287 3356 2343 Sabbato
3396 2289 3606 2359 jejuna-

2041 2376 2200 2440 verit,
2225 2385 2456 2445 excepto
2487 2377 2582 2431 illo
2623 2378 2712 2434 die
2738 2379 3014 2434 Paschalis
3039 2380 3258 2450 vigiliae.
3300 2380 3604 2450 culpandus

2039 2468 2152 2522 sit?
2200 2467 2256 2522 Si
2288 2466 2546 2533 allirmes,
2569 2483 2678 2524 non
2738 2470 2918 2526 solum
2955 2471 3254 2526 Romanam
3280 2472 3602 2535 Ecclesium,
3669 2471 3674 2486 ‘

2038 2561 2134 2613 sed
2161 2560 2324 2612 etiam
2360 2559 2558 2613 multas
2584 2561 2634 2616 ei
2679 2559 2887 2616 vicinas
2917 2570 2972 2615 et
3019 2563 3344 2619 remotiores
3379 2567 3604 2618 damna-

2041 2649 2143 2702 bis.

2111 2743 2300 2798 Petrus
2330 2758 2546 2812 quoque
2577 2743 2978 2800 Alexandrinus
3021 2747 3315 2819 episcopus
3373 2761 3428 2804 et
3463 2767 3603 2804 mar-

2041 2845 2125 2906 tyr
2168 2833 2440 2906 jejunium
2474 2843 2683 2903 quarta:
2722 2843 2778 2890 et
2815 2847 2982 2892 sextae
3037 2837 3209 2904 feriae,
3266 2855 3374 2894 non
3423 2843 3600 2913 legem

2037 2926 2318 2996 apostolici
2344 2925 2724 2993 canonis,'sed
2763 2927 3074 2986 traditionis
3105 2945 3224 2988 esse
3277 2934 3459 3004 inquit
3517 2953 3604 2990 ra-

2041 3019 2172 3074 tioni
2202 3019 2581 3090 congruentis.
2611 3019 2747 3075 Cum
2773 3029 2950 3074 tamen
2977 3023 3120 3092 apud
3151 3022 3369 3079 Gmcos
3404 3025 3469 3081 de
3491 3027 3595 3080 hoc

359 3098 552 3150 τούτου
597 3099 778 3151 κανὼν
818 3099 916 3165 ξθ⁹,
941 3100 1052 3156 οἷόν
1086 3107 1204 3159 ἐστι
1234 3108 1332 3162 καὶ
1380 3109 1408 3162 ὅ
1459 3125 1628 3178 φησιν
1669 3111 1698 3162 6
1746 3113 1926 3182 μέγας

2035 3119 2212 3166 exstet
2263 3125 2439 3165 canon
2489 3111 2825 3180 apostolicus
2887 3110 2977 3178 69,
3018 3113 3178 3182 quale
3231 3115 3365 3170 illud
3431 3115 3593 3170 etiam

363 3189 642 3251 Βασίλειος
670 3193 728 3243 ἐν
759 3191 838 3255 τῷ
874 3194 1008 3260 Περὶ
1043 3195 1152 3249 τοῦ
1181 3197 1354 3267 ἁγίου
1389 3199 1736 3268 Πνεύματος
1765 3219 1930 3272 κεφα.

361 3283 498 3349 λαὲῳ
525 3281 628 3345 κζ’,
648 3283 777 3337 ἔνθα
813 3287 944 3353 Περὶ
972 3285 1089 3339 τῶν
1125 3288 1412 3358 ἀγράφων
1449 3290 1757 3362 δογμάτων
1781 3293 1932 3364 αὐτῷ

358 3375 388 3427 6
419 3375 596 3442 λόγος,
631 3377 728 3439 τὰς
777 3381 926 3446 τρεῖς
971 3382 1028 3432 ὲν
1073 3381 1149 3448 τῷ
1196 3379 1531 3452 βαπτίσματι
1586 3385 1926 3448 καταδύσεις.

360 3469 424 3519 (ii
456 3467 512 3520 δὲ
563 3469 874 3524 ἀνατολικοὶ
907 3475 1036 3540 περὶ
1067 3471 1258 3525 τούτου
1306 3475 1398 3527 τὸν
1432 3474 1474 3528 ν’
1503 3473 1690 3544 ἔχουσι
1725 3478 1930 3530 κανόνα

355 3561 466 3612 τῶν
498 3562 828 3615 ἀποστόλων.
859 3563 1021 3616 ’Ὥστε
1049 3565 1081 3634 ἢ
1115 3565 1204 3618 τὸν
1233 3566 1438 3621 κανόνα
1481 3567 1668 3635 ἠγνόει
1694 3569 1722 3619 6
1753 3567 1928 3636 μέγας

360 3650 658 3714 ίιασίλειος,
718 3652 854 3721 ὅπερ
899 3653 1358 3707 τίιιιςιθοινώταιτον⁸
1424 3655 1458 3724 ἦ
1518 3655 1678 3724 δῆλον
1729 3659 1810 3710 ὅτι
1864 3657 1926 3708 οὑ

357 3739 554 3800 πάντες
601 3741 948 3794 ἀποστολικοὶ
999 3743 1220 3804 κανόνες
1272 3744 1322 3795 oi
1365 3744 1792 3814 περιφερόμενοι
1839 3747 1926 3798 ἐπ’

353 3828 576 3895 ὀνόματι
605 3829 712 3881 τῶν
742 3829 1076 3894 ἀποστόλων,
1111 3831 1248 3884 ἀλλὰ
1278 3832 1422 3886 νόθοι
1448 3833 1600 3897 ὄντες
1630 3837 1730 3887 οὐκ
1753 3836 1923 3903 ὀλίγοι

355 3920 470 3979 τοῖς
519 3919 762 3988 γνησίοις
809 3919 984 3987 λάθρα
1031 3921 1546 3992 συνηριθμήθησαν.
1595 3923 1654 3976 Ὃ
1677 3919 1736 3980 δὲ
1769 3925 1924 3991 ἅγιος

362 4009 690 4080 Ἱερώνυμος
723 4013 780 4062 ἂν
810 4014 876 4082 τῇ
909 4014 1042 4080 πρὸς
1073 4014 1357 4068 Λουκίνιον
1401 4015 1686 4087 ἐπιστολῇ,
1709 4019 1922 4084 Ζητεῖς,

351 4107 508 4168 φησι,
535 4103 660 4169 περὶ
701 4099 797 4154 τοῦ
835 4103 1118 4157 Σαϐϐατου
1154 4105 1202 4156 si
1254 4106 1600 4174 νηστευτὲον.
1630 4106 1768 4176 Περὶ
1797 4108 1919 4160 τού-

347 4209 444 4244 του
497 4195 588 4243 καὶ
627 4193 951 4256 Ἱππόλυτος
992 4195 1269 4264 γέγραφεν
1295 4211 1307 4224 ·
1345 4195 1458 4262 ἐγὼ
1507 4195 1564 4250 δέ
1621 4213 1706 4250 σοι
1755 4199 1918 4266 λέγω,

347 4287 446 4344 τὰς
487 4286 942 4354 εκκὶησιαστικὶις
973 4287 1320 4356 παραδόσεις,
1355 4287 1592 4355 μάλιστα
1621 4287 1679 4342 δὲ
1719 4288 1816 4352 τὰς
1843 4291 1918 4358 μὴ

349 4377 754 4446 λυμαινομένας
785 4382 850 4448 τῇ
886 4379 1094 4442 πίστει,
1133 4377 1276 4432 οὕτω
1304 4378 1416 4431 δεῖν
1447 4379 1914 4448 παρατηρεῖσθαι,

2035 3211 2118 3256 est
2179 3203 2320 3272 apud
2357 3201 2612 3256 Basilium
2677 3205 3010 3272 magnumin
3065 3205 3204 3259 libro
3258 3206 3332 3260 De
3393 3207 3598 3278 Spiritu

2033 3302 2242 3358 sancto,
2289 3294 2466 3363 capite
2509 3293 2584 3348 Dc
2638 3297 2900 3364 dogmatis
2954 3312 3059 3350 non
3111 3301 3352 3368 scriptis:
3403 3299 3590 3366 Trinu,

2039 3386 2282 3454 inquam,
2321 3384 2376 3439 in
2433 3385 2758 3454 baptismate
2794 3385 3096 3449 immersio,
3130 3389 3257 3444 licet
3289 3390 3598 3448 Orientales

2035 3477 2137 3530 hac
2192 3477 2260 3530 de
2325 3491 2382 3529 re
2475 3475 2984 3545 quinquagesimum
3043 3479 3276 3534 habeant
3334 3497 3596 3540 canonent

2035 3569 2420 3636 apostolicum.
2454 3568 2568 3622 Aut
2601 3583 2732 3637 ergo
2761 3568 2998 3624 Basili-us
3019 3570 3249 3640 Magnus
3315 3576 3596 3644 ignoralat

2033 3677 2322 3728 canonem,
2378 3665 2524 3734 quod
2569 3665 2723 3722 nullo
2789 3667 2950 3722 modo
3006 3671 3268 3725 credibile
3317 3683 3444 3738 est;
3513 3676 3592 3728 vel

2033 3763 2266 3820 constat,
2301 3771 2408 3812 non
2442 3771 2634 3813 omnes
2670 3759 2765 3827 qui
2805 3762 3178 3829 apostolorum
3237 3765 3456 3818 nomine
3489 3768 3596 3818 cir-

2029 3847 2432 3912 cumferuntur,
2473 3863 2592 3903 esse
2636 3863 2874 3905 canones
2934 3853 3283 3920 apostolicos,
3320 3857 3414 3912 sed
3455 3859 3592 3910 irre-

2031 3940 2204 4007 psisse
2273 3939 2492 4002 multos,
2535 3951 2588 3993 et
2635 3941 2908 4010 germanis
2955 3941 3144 3998 furtim
3173 3960 3294 4006 esse
3328 3963 3594 4004 annume-

2029 4039 2194 4084 ratos.
2230 4027 2294 4084 Et
2319 4039 2542 4084 sanctus
2581 4030 2946 4106 Hieronymus
2979 4035 3034 4090 in
3069 4037 3302 4106 epistola
3329 4041 3396 4096 ad
3429 4042 3592 4096 Luci-

2025 4121 2216 4174 nium:
2261 4119 2334 4175 De
2366 4119 2624 4183 Sahbato,
2663 4121 2860 4190 inquit,
2889 4126 3090 4192 quaeris
3134 4139 3318 4184 utrum
3340 4131 3592 4202 jejunan-

2025 4212 2152 4266 dum
2186 4211 2276 4264 sit.
2311 4209 2541 4280 Scripsit
2571 4211 2790 4278 quidem
2815 4224 2870 4270 et
2901 4213 3240 4289 Hippolytus,
3296 4231 3350 4276 et
3383 4224 3587 4282 diversi

2023 4305 2355 4370 scriptores;
2383 4307 2475 4358 sed
2512 4320 2610 4374 ego
2639 4305 2770 4360 illud
2821 4307 3110 4377 admoneo,
3143 4313 3468 4372 traditiones
3495 4334 3586 4374 ee-

2022 4396 2374 4458 elesiasticas,
2405 4399 2706 4466 praesertim
2738 4415 2858 4468 qua:
2885 4401 3010 4458 ﬁdei
3041 4421 3150 4460 non
3182 4407 3450 4474 oliiciunt,
3515 4414 3585 4466 ita

347 4469 424 4530 ὠς
472 4470 864 4538 παραδέδονται
898 4471 1004 4524 ὑπὸ
1037 4471 1146 4524 τῶν
1173 4473 1552 4542 ἀρχαιοτέρων
1578 4487 1592 4499 ⁸
1641 4472 1776 4542 μηδὲ
1821 4473 1919 4538 τὴν

2030 4489 2414 4550 observandas,
2479 4499 2536 4550 ut
2569 4505 2600 4544 a
2653 4492 2952 4562 majoribus
2999 4497 3212 4554 traditae
3263 4511 3426 4567 sunt;
3484 4519 3585 4560 nec

350 4564 554 4632 ἐτέρων
583 4565 872 4636 συνήθειαν
899 4567 1308 4636 ἀνατρέπεσθαι
1339 4568 1406 4638 τῇ
1445 4565 1650 4636 ἑτέρων
1691 4565 1916 4634 ἐναντίᾳ

349 4657 627 4726 συνηθείᾳ.
663 4657 947 4726 Μαρτυρεῖ
971 4659 1062 4710 καὶ
1093 4659 1402 4720 Κασσιανδς
1439 4657 1496 4710 ὲν
1530 4657 1606 4726 τῷ
1633 4673 1918 4727 συγγραμ-

347 4747 525 4816 ματιῳ
555 4749 678 4816 περὶ
703 4749 798 4818 τῆς
829 4753 1120 4820 κανονικῆς
1149 4749 1443 4815 διατάξεως
1471 4751 1578 4802 τῶν
1630 4748 1750 4818 μεθ’
1781 4750 1912 4818 ἠμέ-

343 4851 448 4906 ραν
476 4840 652 4910 εὐχῶν
687 4843 782 4894 καὶ
831 4842 1185 4912 ψαλμῳδιῶν,
1212 4845 1344 4912 περὶ
1375 4841 1471 4894 τοῦ
1505 4840 1812 4904 Σαϐϐάτον,
1839 4840 1915 4902 ὡς

338 4932 434 4988 διὰ
485 4933 580 5000 τὴν
625 4935 732 4986 τῶν
769 4935 1085 4986 ἀποστόλων
1119 4935 1426 5004 ἀγρυπνίαν
1457 4935 1522 5003 τῇ
1575 4932 1782 5002 ἑσπέρᾳ
1815 4933 1912 5000 τῆς

343 5025 708 5096 Παρασκευῆς
751 5027 810 5078 ὲν
863 5027 940 5096 τῷ
989 5027 1166 5096 καιρῷ
1214 5025 1308 5079 τοῦ
1361 5027 1628 5096 σωτηρίου
1680 5023 1912 5084 πάθους,

338 5117 752 5183 ὲπιφὼσκοντος
793 5117 890 5170 τοῦ
932 5117 1237 5181 Σαϐόάτου,
1288 5119 1560 5187 ἐκράτησε
1615 5116 1764 5184 παρὰ
1799 5118 1912 5177 τοῖς

337 5207 679 5271 ἁνατολικοῖς
709 5211 965 5280 συνήθεια
997 5211 1437 5278 διανυκτερεύειν
1479 5209 1620 5270 τότε,
1646 5209 1740 5260 καὶ
1774 5207 1912 5276 μετὰ

337 5301 464 5360 τοὺς
496 5305 774 5370 καμάτους
799 5307 894 5370 τῆς
927 5303 1248 5372 παννυχίδος
1281 5303 1488 5354 ἀνιέναι
1525 5302 1622 5370 τὴν
1655 5300 1909 5369 νηστείαν

337 5389 604 5459 Σαϐϐάτῳ
651 5393 744 5442 καὶ
781 5395 1054 5462 κυριακῇ.
1089 5396 1161 5444 Οὐ
1191 5394 1298 5463 γὰρ
1334 5393 1418 5460 δὴ,
1449 5391 1604 5460 φησὶ,
1651 5391 1838 5442 λύεται
1878 5392 1907 5457 ἡ

335 5481 560 5548 νηστεία
612 5483 752 5534 κατὰ
799 5483 1174 5552 Ἰουδαῑσμόν·
1226 5485 1342 5547 πιίς
1392 5483 1542 5552 γάρ;
1592 5482 1728 5535 ἀλλὰ
1776 5481 1909 5550 πρὸς

333 5570 522 5622 ἄνεσιν
563 5573 658 5624 καὶ
708 5577 1016 5642 κουφισμὸν
1066 5575 1440 5644 πεπονηκότος
1473 5575 1568 5626 τοῦ
1627 5573 1906 5641 σώματος,

335 5679 498 5714 πέντε
548 5665 670 5718 καθ’
721 5666 958 5738 ἑκάστην
1004 5669 1272 5738 ἑϐδομαδα
1327 5669 1394 5720 δι’
1436 5670 1558 5721 ὅλου
1608 5667 1704 5720 τοῦ
1750 5666 1904 5728 ἔτους

2017 4578 2256 4632 aliorum
2303 4581 2761 4636 consuetudinem
2813 4584 3048 4640 aliorum
3108 4591 3388 4644 contrario
3435 4607 3584 4648 more

2017 4668 2284 4724 subverti.
2359 4670 2615 4726 Testatur
2667 4673 2830 4728 etiam
2854 4674 3172 4742 Cassianus,
3199 4681 3292 4748 qui
3325 4683 3394 4735 de
3425 4683 3584 4738 iusti-

2017 4759 2151 4816 tutis
2181 4759 2573 4816 monachorum
2625 4761 2868 4832 scripsit,
2905 4764 3048 4818 libro
3105 4769 3264 4824 tertio
3295 4770 3362 4825 de
3413 4763 3580 4828 cano-

2019 4848 2142 4902 nico
2175 4848 2496 4904 diurnarunt
2557 4852 2868 4908 orationum
2909 4863 2968 4908 et
3022 4857 3353 4926 psalmorum
3397 4865 3578 4924 modo.

2015 4940 2294 5008 apostolos
2347 4951 2458 4998 tota
2511 4953 2672 4998 noete.
2721 4946 2984 5002 mansisse
3045 4953 3336 5022 pervigiles
3393 4958 3580 5012 illuce-

2017 5039 2208 5086 scente
2230 5031 2492 5098 Sabbato,
2510 5035 2780 5103 passionis
2810 5048 3054 5108 tempore
3081 5060 3096 5106 ;
3133 5058 3198 5098 ac
3224 5048 3454 5114 proinde
3478 5066 3578 5118 per

2017 5131 2190 5178 totum
2229 5123 2507 5186 Orientem
2549 5125 2719 5184 fuisse
2759 5130 2824 5184 in
2879 5147 3030 5186 more
3091 5137 3350 5206 positum,
3415 5142 3576 5195 utili

2017 5215 2182 5278 nocti,
2222 5215 2422 5284 inquit,
2487 5218 2851 5288 deputaretur
2899 5225 3206 5294 vigiliarum
3237 5232 3574 5295 solemuitas,

2012 5311 2066 5357 et
2101 5313 2224 5372 post
2249 5305 2558 5374 vigiliarum
2587 5308 2827 5364 laborem
2863 5313 3134 5370 absolutio
3187 5319 3378 5390 jejunii
3425 5325 3579 5376 lierut

2014 5395 2250 5452 Sahbato
2286 5406 2340 5449 et
2386 5398 2688 5454 Dominica.
2721 5403 2836 5456 Non
2873 5405 3041 5468 enim,
3103 5409 3318 5479 inquit,
3355 5413 3574 5468 absolu-

2014 5484 2088 5538 tio
2150 5485 2252 5540 ista
2311 5487 2502 5554 jejunii
2555 5493 2856 5557 reputanda
2885 5505 2972 5549 est
3015 5497 3080 5550 ad
3127 5501 3571 5555 communionem

2008 5575 2596 5644 festivitatisJudaicae,
2615 5582 2710 5636 sed
2743 5586 2808 5640 ad
2840 5585 3184 5644 refectionem
3221 5591 3572 5645 etlevamen-

1977 5675 2124 5720 -tutn
2179 5669 2476 5737 corporis;
2521 5673 2663 5739 quod
2727 5691 2822 5743 per
2877 5687 3018 5736 totas
3067 5683 3192 5734 anni
3241 5682 3574 5748 septimanos

335 5754 574 5826 ἡμέραις
619 5759 844 5831 νηστείᾳ
889 5763 1386 5830 κατατρυχομὲνου,
1435 5762 1532 5814 καὶ
1574 5759 1722 5812 δυεῖν
1770 5757 1906 5824 ὴμέ-

2034 5756 2208 5826 ugiter
2233 5758 2415 5828 quinis
2440 5759 2636 5818 diebus
2665 5761 2942 5834 jejunans,
2991 5771 3092 5825 nisi
3121 5771 3334 5824 duobus
3383 5771 3574 5826 saltem
