4064 6206
482 271 589 335 Si!)

1632 270 1995 329 MA'I‘TiHii
2054 268 2578 329 CARYOPHYLLI

3633 264 3740 329 820

484 390 827 445 siasticarunt
892 404 1077 443 terum
1115 391 1376 459 regulam,
1410 392 1649 461 synodus
1680 393 1848 447 fuerit
1874 408 2052 463 eaque

2158 388 2517 443 ἀποστολικοῦ
2549 386 2743 459 θρόνου
2783 384 2892 439 τῶν
2922 385 3243 438 ἐπισκόπων
3268 383 3543 455 γενομένη
3574 386 3739 439 συνά·

483 483 821 538 cecumcuica
846 484 870 536 ἰ
898 481 1031 548 Quis
1068 497 1200 536 vero
1226 484 1435 544 credat.
1472 484 1653 540 editos
1687 486 1854 540 fuisse
1890 501 2054 540 cano-

485 590 581 627 nes
614 583 802 629 contra
829 589 1018 643 papam
1045 584 1311 644 praesente
1359 576 1536 645 legato
1569 578 1766 648 papas?
1816 576 1882 633 Et
1912 578 1957 632 si
1997 577 2053 632 in

486 675 681 734 quarta
716 666 947 738 synodo,
978 682 1102 722 cum
1145 669 1282 721 ordo
1320 670 1757 737 patriarcharum
1816 673 2056 726 orienta-

484 757 614 811 lium
648 768 980 823 mutaretur,
1013 759 1151 813 adeo
1206 761 1436 816 moleste
1468 762 1712 818 tulerunt
1760 765 1863 820 hoc
1893 765 2051 835 legati

483 866 656 920 papae,
712 859 771 904 ut
807 852 1249 907 constantissime
1308 854 1697 919 reclamarent,
1773 857 2052 924 quomodo

483 942 625 1011 passi
652 951 837 997 essent
865 942 919 997 in
981 944 1294 1014 quiuisexta
1344 945 1805 1004 manifestissimis
1834 950 2050 1004 onerati

481 1032 830 1087 contumeliis
862 1033 1006 1089 Petri
1042 1033 1228 1089 sedem
1257 1035 1279 1089 ?

550 1300 661 1355 Cur
710 1303 897 1367 etiam,
963 1303 1007 1356 si
1073 1317 1223 1372 papa:
1271 1303 1481 1373 legatus
1538 1303 1725 1359 aderat
1756 1304 1810 1357 in
1870 1304 2054 1373 quiui-

482 1402 653 1456 sexta,
680 1409 791 1448 non
824 1394 1010 1449 docuit
1036 1393 1369 1461 Orientales,
1393 1395 1613 1464 quando
1645 1410 1804 1450 suum
1848 1395 2057 1451 scribe-

483 1486 613 1537 battt
686 1498 956 1540 canonem
1022 1485 1295 1541 decimum
1360 1488 1582 1541 tertium
1674 1486 1743 1543 de
1799 1487 2055 1542 Patribus

482 1572 1023 1644 Carthagineosibus,
1054 1575 1201 1646 quod
1237 1577 1273 1632 ii
1326 1576 1394 1632 de
1427 1576 1767 1631 continentia
1798 1586 1852 1631 et
1889 1577 2056 1631 casti-

485 1676 593 1721 tate
641 1666 965 1723 clericorum
1006 1677 1304 1723 tractantes
1334 1683 1457 1722 cum
1494 1668 1783 1734 dixissent,
1829 1668 2053 1723 subdia-

2158 483 2389 552 θροισις,
2422 482 2515 532 καὶ
2560 478 2849 531 κανονίσαι
2878 476 3202 547 τολμήσασα
3251 476 3343 529 τὸν
3381 476 3586 530 κανόνα
3628 476 3741 527 τῶν

2156 572 2635 644 ἐκκλησιαστικῶν
2689 570 2910 633 σύνοδος
2956 568 3024 623 ἂν
3069 568 3178 640 εἴη,
3212 568 3511 621 καὶταῦτα
3556 569 3739 621 οἰκου-

2160 667 2358 735 μενική
2386 684 2399 730 ;
2438 665 2563 728 Πῶς
2600 663 2645 716 δ’
2677 664 2744 717 ἂν
2784 662 2872 732 εἴη
2898 661 3131 715 πιθανὸν
3158 661 3241 719 τὸ,
3268 662 3543 730 παρόντος
3576 678 3737 712 tosto-

2155 756 2397 827 τηρητοῦ
2426 760 2523 825 τῆς
2562 756 2808 825 Ῥώμης,
2849 753 3139 825 ἐκδοθῆναι
3174 753 3408 816 κανόνας
3453 753 3598 806 κατὰ
3638 750 3737 805 τοὺ

2168 850 2427 921 ⁹Ρώμης;
2471 850 2583 904 Καὶ
2636 850 2683 901 εἰ
2728 846 3002 916 τοσαύτην
3045 844 3388 908 ἐπεδείξαντο
3424 844 3739 911 ἀγανάκτη-

2157 960 2239 995 σιν
2290 944 2339 996 οἰ
2394 940 2777 1011 τοποτηρηταὶ
2829 936 2927 992 τοῦ
2984 936 3189 991 πάππα
3242 935 3581 1005 κινουμένης
3638 933 3741 1001 τῆς

2155 1035 2361 1097 τάξεως
2398 1033 2508 1085 τῶν
2538 1031 2876 1085 ἀνατολικῶν
2908 1026 3269 1100 πατριαρχῶν
3301 1028 3359 1078 ἐν
3400 1029 3466 1095 τῇ
3495 1024 3737 1096 τετάρτῃ

2082 1138 2087 1142 ”
2159 1126 2380 1195 συνόδῳ,
2402 1124 2521 1187 πῶς
2550 1124 2794 1195 ἤνεγκαν
2819 1121 2964 1175 οὑτω
2987 1118 3263 1189 λαμπρῶς
3291 1117 3612 1189 ὑϐρίζεσθαι
3644 1118 3740 1170 τὸν

2157 1220 2362 1287 Πέτρου
2396 1217 2588 1287 θρόνον
2618 1219 2675 1269 ἐν
2704 1218 2772 1285 τῇ
2805 1215 3119 1286 πενθέκτῃ;

2227 1310 2335 1364 Καὶ
2371 1310 2509 1374 πῶς,
2548 1306 2601 1359 εἴ
2634 1324 2698 1375 γε
2733 1306 2914 1377 παρῆν
2943 1307 3000 1359 ἐν
3025 1307 3092 1375 τῇ
3126 1303 3402 1373 πενθέκτῃ
3444 1302 3473 1354 δ
3516 1300 3611 1353 τδν
3646 1299 3739 1351 τό·

2158 1420 2259 1454 πον
2303 1402 2521 1471 ἐπέχων
2567 1398 2663 1453 τοῦ
2713 1400 2940 1463 πάππα,
2974 1399 3075 1451 οὑκ
3125 1394 3332 1460 ἐδίδαξε
3368 1395 3496 1457 τοὺς
3541 1394 3744 1446 ἀνατο-

2154 1494 2343 1556 λικοὺς
2377 1491 2735 1554 ἐπισκόπους,
2772 1489 2905 1543 ἔνθα
2934 1488 3026 1541 τὸν
3060 1494 3130 1557 ιγ’
3161 1487 3345 1542 αὑτῶν
3372 1485 3572 1539 κανόνα
3607 1484 3745 1552 γρα-

2156 1604 2349 1655 φοντες
2399 1585 2624 1653 ἐλεγον⁶
2671 1601 2689 1635 ε
2727 1582 2870 1646 Τοὺς
2902 1583 2959 1634 ἐν
3006 1580 3337 1650 Καρθαγένῃ
3385 1577 3743 1635 συνελθόντας

2157 1679 2418 1749 πρόνοιαν
2467 1676 2794 1746 τιθεμένους
2836 1676 2939 1744 τῆς
2980 1676 3036 1734 ἐν
3087 1673 3188 1743 βίῳ
3243 1672 3578 1741 σεμνότητος
3629 1667 3743 1719 τῶν

482 1772 671 1820 conos.
729 1758 993 1816 diaconos
1047 1768 1101 1814 et
1157 1760 1511 1830 presbyteros
1554 1759 1838 1815 continere
1874 1775 1933 1814 se
1987 1760 2055 1814 ab

2158 1770 2496 1839 λειτουργῶν
2554 1769 2764 1838 φάναι,
2816 1766 2960 1820 ὥστε
3014 1767 3140 1829 τοὺς
3204 1761 3597 1822 ὑποδιακόνους
3645 1756 3743 1811 καὶ

482 1850 751 1908 uxoribus
812 1852 1119 1907 secundum
1154 1853 1375 1924 propria
1409 1860 1634 1915 statuta,
1668 1863 1727 1907 ct
1750 1851 2057 1908 Orientales

484 1958 579 2014 per
602 1945 735 2000 illud
754 1943 1114 2017 («secundum
1146 1946 1365 2017 propria
1383 1952 1639 2009 statuta»)
1670 1944 2058 2016 intelligerent,

485 2040 787 2096 secundum
845 2049 983 2096 stata
1048 2049 1332 2110 tempora;
1390 2041 1546 2112 quasi
1600 2039 2059 2109 Carthaginenses

483 2134 672 2190 Patres
705 2133 964 2201 dixerint,
1022 2142 1278 2204 oportere
1313 2132 1673 2189 inservientes
1694 2131 1851 2185 altari
1884 2128 2059 2184 conti-

485 2243 615 2283 ucre
644 2242 703 2282 se
733 2227 801 2281 ab
831 2226 1119 2292 uxoribus,
1152 2225 1370 2297 quando
1394 2240 1546 2281 sacra
1576 2224 1859 2279 tractaturi
1892 2229 2054 2287 sunt;

481 2328 633 2372 extra
667 2333 797 2373 vero
828 2317 881 2373 id
913 2327 1129 2388 tempus
1153 2332 1495 2388 nequaquam
1535 2317 1645 2373 illis
1669 2314 2054 2386 denegandum

480 2412 871 2466 commercium
912 2426 1037 2465 cum
1070 2409 1367 2465 uxoribus:
1402 2426 1522 2475 cur,
1566 2410 1813 2479 inquam,
1847 2407 2059 2477 legatus

483 2519 634 2573 papae
672 2518 779 2559 non
810 2503 1018 2566 docuit,
1053 2517 1175 2572 quae
1231 2500 1459 2569 dicenda
1492 2510 1649 2557 erant
1682 2514 1782 2570 pro
1814 2497 2056 2555 Ecclesia

482 2594 724 2650 Romana
743 2612 760 2653 ς
777 2595 924 2665 quod
953 2595 1054 2650 ista
1079 2592 1375 2649 verborum
1399 2591 1776 2664 interpretatio
1796 2606 1906 2646 non
1930 2606 2059 2646 con-

478 2685 630 2755 gruit
653 2700 777 2741 cum
806 2701 972 2743 sensu
1002 2682 1545 2756 Carthaginensium,
1612 2682 1709 2752 qui
1775 2682 2057 2737 abstinere

479 2778 675 2839 iubent
712 2779 947 2835 clericos
999 2778 1139 2836 sacri
1189 2778 1405 2835 ordinis
1460 2775 1765 2834 secundum
1831 2774 2055 2846 propria

482 2878 703 2937 statuta,
758 2870 841 2927 vel
893 2870 1075 2940 priora
1143 2879 1369 2935 statuta,
1436 2870 1541 2924 hoc
1596 2878 1679 2924 est
1749 2866 2060 2938 perpetuo?

486 2965 598 3019 lloc
632 2964 777 3019 enim
812 2962 1102 3019 manifeste
1123 2973 1274 3034 patet
1299 2978 1367 3019 ex
1392 2961 1575 3017 verbis
1603 2958 2057 3031 Carthaginensis

482 3058 675 3129 synodi
702 3072 760 3123 ιι,
792 3073 916 3127 cap.
942 3056 978 3110 2
1004 3074 1016 3111 :
1055 3076 1073 3109 ι
1112 3056 1368 3111 Aurelius
1395 3055 1690 3125 episcopus
1710 3053 1846 3109 dixit
1876 3071 1890 3107 :
1915 3052 2052 3108 Cum

485 3150 538 3204 in
572 3148 847 3219 praeterito
901 3148 1139 3204 concilio
1177 3148 1247 3204 de
1290 3147 1645 3203 continentia:
1673 3156 1730 3203 et
1783 3147 2055 3202 castitatis
2080 3130 2124 3187 (ἶ

486 3238 862 3295 moderamine
895 3249 1244 3305 tractaretur,
1281 3240 1481 3309 gradus
1511 3238 1600 3293 isti
1652 3247 1764 3293 tres
1805 3238 2054 3294 conscri-

488 3333 674 3402 ptione
704 3335 938 3403 quadam
970 3333 1207 3389 castitati
1241 3348 1335 3403 per
1364 3332 1815 3389 consecrationes
1856 3333 2054 3388 annexi

485 3432 615 3478 sunt
638 3424 925 3494 episcopos
952 3426 1197 3495 inquam,
1223 3425 1579 3496 presbyteros
1606 3433 1662 3480 et
1680 3424 1960 3488 diaconos,
1981 3424 2057 3479 ita

484 3517 713 3587 placuit,
747 3525 807 3573 ut
839 3519 1109 3574 condecet
1126 3528 1509 3574 sacrosanctos
1540 3519 1838 3583 antistites,
1865 3529 1921 3573 et
1957 3516 2055 3573 Dei

488 3610 823 3673 sacerdotes,
861 3626 964 3666 nec
991 3626 1099 3666 non
1133 3622 1189 3666 et
1217 3610 1431 3676 levitas,
1458 3611 1541 3667 vel
1578 3611 1670 3681 qui
1702 3612 2059 3666 sacramentis

490 3705 691 3759 divinis
740 3704 1068 3766 inserviunt,
1126 3703 1472 3758 continentes
1515 3718 1639 3759 esse
1673 3703 1726 3757 io
1757 3702 2057 3767 omnibus;

490 3812 599 3866 quo
628 3795 842 3866 possint
874 3794 1216 3864 simpliciter,
1249 3794 1393 3863 quod
1424 3810 1452 3848 a
1493 3794 1605 3849 Deo
1630 3793 1909 3863 postulant
1962 3792 2061 3847 itu-

489 3896 731 3959 pctrare,
754 3894 815 3940 ut
851 3884 998 3954 quod
1033 3884 1267 3953 apostoli
1323 3883 1653 3945 docuerunt.
1685 3893 1743 3939 et
1776 3883 1889 3953 ipsa
1941 3897 2060 3938 ser-

490 3979 637 4035 vavit
663 3977 989 4047 antiquitas,
1015 3991 1115 4031 nos
1154 3991 1374 4046 quoque
1401 3975 1801 4032 custodiamus.
1824 3974 1907 4029 Ab
1936 3975 2061 4028 uni-

490 4072 663 4125 versis
715 4069 989 4139 episcopis
1053 4070 1259 4124 dictum
1292 4078 1378 4124 est
1406 4085 1421 4123 :
1454 4067 1727 4124 Omnibus
1759 4068 1967 4138 placet,
1999 4073 2059 4121 nt

492 4162 761 4232 episcopi,
795 4162 1099 4233 presbyteri
1129 4174 1186 4216 et
1213 4161 1456 4227 diaconi,
1482 4162 1569 4217 vel
1598 4163 1690 4231 qui
1719 4169 2064 4216 sacramenta

492 4262 862 4318 contrectant,
892 4253 1172 4324 pudicitia:
1204 4254 1462 4309 custodes
1503 4253 1670 4310 etiam
1701 4254 1770 4307 ab
1800 4253 2067 4308 uxoribus

489 4362 547 4401 se
570 4346 912 4401 contineant.
936 4345 1019 4400 Ab
1043 4346 1302 4401 omnibus
1326 4346 1529 4400 dictum
1560 4356 1664 4413 est,
1693 4345 1897 4411 Placet,
1924 4354 1983 4400 ut
2008 4346 2064 4400 in

2161 1863 2442 1925 διακόνους
2468 1864 2562 1915 καὶ
2592 1859 3002 1930 πρεσϐυτέρους
3028 1860 3091 1911 ἐκ
3121 1857 3231 1910 τῶν
3267 1854 3515 1925 συμϐίων
3542 1851 3743 1922 ἐγκρα-

2161 1954 2417 2009 τεύεσθαι
2453 1953 2597 2009 κατὰ
2629 1953 2758 2016 τοὺς
2793 1951 2964 2014 ἰδίους
2991 1952 3153 2020 ὅρους
3193 1968 3211 2002 ι
3255 1948 3373 2020 (καὶ
3404 1946 3488 2014 τὸ,
3530 1963 3549 1999 ι
3588 1946 3740 1999 κατὰ

2160 2050 2288 2111 τοὺς
2322 2047 2489 2109 ἰδίους
2530 2048 2717 2115 ὅρους,
2758 2064 2776 2098 ι
2827 2044 3128 2116 ἐξηγοῦντο
3163 2042 3213 2095 οί
3248 2040 3564 2096 ἀνατολικοὶ
3596 2037 3743 2091 κατά

2161 2140 2389 2210 καιροὺς
2435 2138 2601 2201 ἰδίους
2628 2155 2644 2171 ο
2673 2138 2749 2201 ὡς
2788 2137 2855 2191 ἂν
2898 2137 2947 2189 εἰ
2994 2135 3179 2203 ἔλεγον
3209 2133 3259 2187 οἰ
3308 2133 3368 2184 ἐν
3401 2129 3742 2203 Καρθςιγένῃ

2160 2233 2363 2302 χρῆναι
2389 2233 2515 2295 τοὺς
2550 2230 2629 2301 τῷ
2659 2230 3041 2299 θυσιαστηρίῳ
3068 2224 3541 2297 προσεδρεύοντας
3576 2224 3637 2275 ἐν
3664 2220 3743 2289 τῷ

2161 2323 2338 2395 καιρῷ
2395 2324 2497 2393 τῆς
2544 2322 2654 2377 τῶν
2705 2318 3386 2390 ἀγίωνεμεταχειρήσεως
3442 2315 3741 2384 ἐγκρατεῖς

2157 2413 2320 2482 εἶναι,
2350 2416 2453 2481 ἔξω
2481 2415 2538 2469 δὲ
2562 2415 2657 2469 τοῦ
2685 2413 2935 2468 τοιούτου
2970 2410 3169 2482 καιροῦ
3200 2410 3275 2480 μὴ
3306 2407 3741 2478 ἀποστερεῖσθαι

2157 2512 2255 2580 τῆς
2303 2510 2441 2579 πρὸς
2493 2509 2727 2579 νόμιμον
2778 2511 3017 2576 γυναῖκα
3068 2505 3399 2574 συναφείας)
3430 2519 3442 2531 ·
3480 2501 3600 2565 πῶς
3642 2501 3744 2552 οὑκ

2156 2599 2386 2667 ἐδίδαξε,
2419 2598 2586 2668 φημὶ,
2620 2597 2687 2651 τὰ
2714 2596 2903 2650 δίκαια
2932 2597 3033 2666 τῆς
3079 2593 3372 2664 Ῥωμαίων
3408 2590 3743 2660 Ἐκκλησίας

2156 2692 2405 2762 φάσκων,
2432 2691 2516 2744 ὃτι
2545 2690 2606 2743 οὑ
2642 2692 2931 2759 συμφωνεῖ
2959 2688 2992 2759 ή
3029 2687 3293 2758 ἐξήγησις
3328 2684 3508 2739 αὑτῶν
3542 2685 3658 2745 τοῖς
3689 2686 3745 2736 ἐν

2158 2783 2489 2853 Καρθαγένη
2530 2780 2833 2855 Πατρόισιν,
2866 2781 3071 2842 οἵτινες
3128 2764 3563 2849 ἐγκρατεύεσθαι
3614 2776 3747 2839 τοὺς

2158 2877 2493 2947 ἰερωμένους
2542 2872 2829 2931 κελεύουσι
2882 2873 3023 2927 κατά
3081 2874 3207 2936 τοὺς
3244 2872 3484 2935 οἰκείους
3518 2868 3746 2938 ὃρουςή

2158 2966 2433 3038 θεσμούς·
2470 2967 2622 3021 ἄλλοι
2668 2966 3079 3037 δὲ’γράφουσι,
3110 2964 3254 3019 κατὰ
3300 2964 3426 3028 τοὺς
3481 2963 3748 3033 ἀρχαίους

2158 3061 2415 3132 θεσμοὺς,
2442 3059 2647 3132 δηλαδὴ
2677 3060 2832 3131 ἀειδή
2845 3077 3003 3126 ito-cs;
3039 3059 3148 3113 Καὶ
3192 3058 3352 3128 δῆλον
3382 3055 3541 3111 τοῦτο
3577 3056 3641 3120 ἐξ
3667 3046 3746 3108 ὧν

2159 3170 2323 3222 φασιν
2366 3154 2415 3207 οἰ
2467 3153 2569 3223 τῆς
2602 3151 2863 3223 δευτέρας
2907 3154 2965 3205 ἐν
3010 3150 3346 3223 Καρθαγένῃ
3380 3148 3603 3203 συνόδου
3638 3148 3752 3199 Ha.-

2161 3246 2316 3317 τέρες
2366 3246 2425 3299 ἐν
2476 3243 2557 3316 τῷ
2604 3225 2657 3314 .β’
2705 3244 3023 3315 κεφαλαίῳ·
3068 3262 3087 3295 ι
3125 3242 3398 3314 Αὐρήλιος
3443 3241 3749 3304 ἐπίσκοπος

2160 3332 2357 3392 εἶπεν·
2407 3337 2497 3390 Ἐν
2545 3339 2614 3409 τῇ
2672 3336 3028 3409 προλαϐούσῃ
3086 3338 3291 3407 συνόδῳ
3353 3336 3484 3407 περὶ
3535 3336 3639 3403 τῆς
3698 3338 3755 3387 ἐν

2160 3431 2494 3501 ἐγκρατείᾳ,
2534 3432 2861 3503 σωφροσύνῃ
2885 3431 3329 3501 σεμνοπρεπείας
3355 3428 3634 3490 λέλεκται,
3672 3430 3754 3482 ὅτι

2159 3525 2208 3576 οἰ
2251 3523 2402 3592 τρεῖς
2435 3515 2584 3573 οὗτοι
2636 3521 2939 3589 ἀπογραφῇ
2969 3537 3075 3572 τινι
3122 3519 3191 3572 δι’
3223 3517 3581 3586 ἀφιερώσεως
3620 3533 3755 3569 suv-

2159 3614 2403 3667 δέδενται
2454 3614 2519 3681 τῇ
2552 3611 2906 3681 σωφροσύνη,
2942 3609 3261 3662 ἐπισκόπων
3293 3608 3458 3679 φημὶ,
3505 3606 3753 3677 πρεσϐυ-

2162 3706 2337 3777 τέρων
2390 3704 2485 3757 καὶ
2513 3704 2811 3757 διακόνωνο
2848 3702 3022 3765 οὑτως
3053 3703 3242 3774 ήρεσε,
3269 3700 3454 3763 καθὼς
3487 3700 3595 3769 χρή
3623 3700 3752 3760 τοὺς

2164 3797 2503 3866 ἀγιωτάτους
2549 3794 2870 3867 προέδρους,
2904 3797 2991 3848 ναὶ
3044 3796 3151 3864 μὴν
3196 3793 3291 3846 καὶ
3324 3793 3576 3856 Λευῖτας,
3612 3792 3756 3845 ἁλλά

2163 3895 2256 3945 καὶ
2316 3892 2444 3953 τοὺς
2496 3888 2912 3959 ὑπηρετοῦντας
2985 3891 3099 3950 τοῖς
3172 3886 3343 3950 θείοις
3422 3886 3756 3955 μυστηρίοις

2165 3983 2461 4053 ἐγκρατεῖς
2492 3976 2635 4036 εἶναι
2664 3983 2723 4034 ἐν
2765 3979 2976 4034 ἅπασιν
2997 3995 3014 4012 ο
3053 3977 3124 4033 ἶν’
3150 3978 3352 4050 ἔχωσιν
3377 3977 3571 4039 ἁπλῶς
3609 3977 3757 4044 ὅπερ

2166 4072 2447 4126 αἰτοῦνται
2492 4070 2586 4125 τὸν
2631 4069 2766 4125 Θεὸν
2801 4068 3109 4137 λαμϐάνειν
3136 4082 3150 4097 ⁸
3196 4068 3346 4130 ὅπως
3388 4064 3759 4135 φυλάττωμεν

2166 4168 2263 4221 καὶ
2296 4166 2458 4236 ἡμεῖς
2488 4164 2627 4234 ὅπερ
2664 4163 2915 4228 ἐδίδαξαν
2947 4163 2997 4215 οἰ
3041 4161 3356 4223 ἀπόστολοι,
3394 4161 3490 4213 καὶ
3515 4159 3759 4227 ἐκράτηο

2168 4276 2261 4312 σεν
2291 4259 2324 4329 ή
2351 4257 2674 4328 ἀρχαιότης.
2708 4257 2915 4320 Πάντες
2942 4257 2993 4309 οἰ
3021 4256 3310 4308 ἐπίσκοποι
3343 4250 3496 4305 εἷπον
3522 4269 3536 4283 ·
3576 4253 3663 4303 lli
3682 4268 3760 4301 διν

2167 4352 2413 4423 ἀρέσκει,
2446 4351 2535 4405 ἵνα
2572 4351 2623 4405 οἰ
2650 4350 2969 4413 ἐπίσκοποι.
3019 4349 3410 4420 πρεσϐύτεροι,
3443 4347 3539 4400 καὶ
3568 4346 3762 4398 διάκο-

489 4440 747 4496 omnibus
772 4439 913 4495 etab
944 4439 1202 4495 omnibus
1238 4438 1500 4507 pudicitia
1539 4439 1907 4505 custodiatur,
1966 4439 2059 4510 qui

2171 4464 2273 4511 νοι,
2306 4446 2339 4516 ἦ
2371 4445 2464 4501 καὶ
2492 4446 2542 4498 οἱ
2572 4445 2643 4499 τά
2674 4445 2957 4515 μυστήρια
2987 4444 3372 4514 ψηλαφῶντες,
3406 4442 3507 4509 τὴν
3535 4455 3765 4511 σωφρο-

491 4533 651 4589 altari
679 4532 1019 4588 deserviunt.
1061 4551 1079 4585 ι
1116 4532 1307 4588 Patres
1344 4541 1527 4587 autem
1561 4533 1781 4588 concilii
1835 4532 2059 4588 Cartha-

2173 4540 2340 4609 σύνην
2371 4537 2672 4609 τηροῦντες
2704 4537 2799 4591 καὶ
2831 4537 3013 4590 αὑτῶν
3043 4537 3154 4589 τῶν
3187 4534 3451 4605 γαμετῶν
3501 4533 3767 4601 ἀπέχων-

488 4628 733 4696 gincnsis
789 4642 843 4692 v,
898 4626 1080 4695 capite
1139 4626 1344 4680 tertio:
1380 4643 1402 4678 ι
1444 4624 1739 4691 Praeterea,
1776 4625 2059 4695 inquiunt,

2169 4651 2280 4688 ται.
2319 4632 2527 4693 Πάντες
2575 4631 2869 4702 εἰρήκασιν
2896 4647 2909 4661 ·
2949 4631 3225 4700 Ἀρέσκει,
3254 4630 3340 4681 ἴνα
3386 4630 3446 4681 ἐν
3492 4629 3629 4680 πᾶσι
3663 4628 3766 4677 καὶ

489 4734 614 4773 cum
673 4718 743 4773 de
807 4717 1169 4787 quorumdam
1226 4718 1581 4783 clericorum,
1633 4720 1885 4789 quamvis
1935 4737 2059 4791 erga

2174 4726 2325 4796 παρὰ
2362 4725 2581 4777 πάντων
2632 4722 2741 4775 τῶν
2802 4722 3223 4792 ὑπηρετούντων
3262 4724 3326 4792 τῇ
3378 4721 3627 4791 τραπέζῃ
3659 4736 3768 4786 gou-

497 4825 697 4864 uxores
727 4810 1000 4879 proprias,
1051 4809 1448 4864 iucontiuentia
1480 4808 1803 4877 teferretur,
1836 4811 2059 4881 placuit,

2171 4817 2440 4883 λάσσηται
2470 4816 2503 4884 ή
2533 4814 2856 4885 ἐγκράτεια.
2896 4832 2913 4866 ι
2953 4814 3014 4867 Oi
3040 4814 3097 4866 δὲ
3122 4813 3223 4881 τῆς
3253 4812 3293 4864 ε’
3327 4814 3386 4865 ἐν
3419 4812 3766 4881 Καρθαγένῃ

492 4903 783 4971 episcopos
833 4910 891 4956 ct
969 4901 1343 4973 presbyteros,
1416 4911 1473 4956 ct
1534 4902 1817 4971 diaconos,
1865 4919 2059 4960 secun-

2175 4907 2397 4962 συνόδου
2428 4907 2673 4975 Πατέρες
2703 4908 2760 4959 ἐν
2788 4905 3075 4975 κεφαλαίῳ
3107 4905 3278 4975 τρίτῳ
3311 4904 3508 4973 φασίν·
3554 4922 3573 4954 ι
3616 4904 3770 4973 Πρὸς

494 4993 624 5045 dum
657 4992 840 5061 priora
889 4999 1116 5057 statuta,
1153 4992 1318 5046 etiam
1353 4992 1422 5048 ab
1456 4992 1722 5048 uxoribus
1754 4998 2059 5051 continere.

2170 5001 2379 5063 τούτοις
2412 5002 2712 5071 ἀνήνεκται
2746 5003 2878 5071 περὶ
2920 5001 3019 5069 τῆς
3066 4998 3350 5068 κληρικῶν
3391 5014 3557 5051 τινων
3585 4999 3771 5068 ἀκραο

493 5083 785 5153 Quodnisi
820 5080 1073 5150 fecerint,
1122 5082 1191 5138 ab
1237 5085 1615 5139 ecclesiastico
1669 5097 2059 5145 removeantur

2173 5094 2317 5158 σίας,
2344 5093 2393 5146 εί
2424 5094 2515 5146 καὶ
2548 5095 2668 5157 ταῖς
2708 5093 2869 5156 ἰδίαις
2892 5094 3195 5165 ἐχρήσαντο
3220 5094 3494 5162 γαμεταῖς
3512 5108 3526 5123 ο
3557 5092 3771 5163 ἤρεσεν

490 5176 691 5232 οηίθίο·
723 5195 744 5228 ⁸
2172 5183 2289 5247 οὖν,
2326 5186 2413 5239 ἵνα
2441 5186 2759 5250 ἐπίσκοποι,
2794 5185 3185 5256 πρεσϐύτεροι,
3222 5186 3319 5237 καὶ
3342 5183 3585 5237 διάκονοι
3616 5180 3774 5235 κατὰ

490 5270 617 5335 τοὺς
668 5271 903 5336 οἰκείους
951 5271 1134 5343 ὅρους,
1189 5271 1284 5326 καὶ
1341 5272 1523 5327 αὑτῶν
1574 5272 1891 5345 ἀπέχωνται
1950 5278 2059 5330 τῶν
2100 5280 2381 5349 γαμετῶν,
2422 5282 2522 5333 Ἂν
2553 5279 2712 5334 τοῦτο
2780 5279 2857 5351 μὴ
2889 5279 3161 5350 πράξωσι,
3229 5281 3326 5348 τῆς
3372 5277 3775 5346 ἐκκλησιαστι-

491 5368 596 5439 κῆς
636 5368 1115 5423 ἀποκινείσθωσαν
1147 5368 1438 5439 ἐργασίας.
1480 5387 1500 5423 ι

562 5467 850 5533 Quomodo
878 5466 1044 5536 igitur
1072 5465 1283 5535 legatus
1336 5481 1486 5534 papae
1521 5467 1575 5520 in
1609 5466 1693 5522 his
1719 5484 1826 5522 non
1846 5480 2067 5525 contra-

492 5560 648 5619 dixit.
676 5572 731 5614 et
763 5576 871 5613 non
900 5559 1119 5628 aperuit
1149 5559 1545 5613 dissonantiam
1594 5577 1852 5615 sensuum
1874 5564 1895 5615 Υ
1915 5563 2067 5629 Quo—

498 5650 659 5701 modo
707 5665 815 5701 non
872 5649 1205 5701 contradixit
1257 5648 1521 5704 adversus
1553 5667 1816 5705 canonum
1858 5655 2065 5707 tricesi-

497 5755 643 5795 mum
702 5742 913 5793 sextum
978 5741 1045 5793 dc
1112 5742 1420 5810 .rqualitate
1495 5743 1718 5797 honoris

2255 5471 2377 5533 Πῶς
2401 5469 2495 5524 οὑν
2528 5470 2556 5523 ὁ
2584 5467 2962 5538 τοποτηρητής
2991 5464 3085 5518 τοῦ
3135 5464 3335 5518 πάππα
3370 5464 3470 5516 ούκ
3501 5462 3773 5515 ἀντεῖπεν

2178 5568 2237 5619 ἐν
2266 5565 2498 5629 τούτοις,
2530 5566 2621 5616 καὶ
2651 5564 2751 5615 οὑκ
2780 5561 2975 5633 ήλεγξε
3003 5562 3062 5612 τὸ
3090 5560 3460 5627 ἀσύμφωνονς
3516 5556 3635 5618 Πῶς
3659 5557 3774 5609 οὑκ

2178 5658 2397 5708 ἀντεῖπε
2455 5655 2591 5725 πρὸς
2647 5655 2707 5706 τὸ
2754 5648 2972 5715 τοῦλς⁹
3005 5652 3227 5712 κανόνος
3278 5649 3406 5717 περὶ
3462 5646 3570 5699 τῶν
3630 5646 3775 5698 ἰσων

1790 5762 1939 5814 νίψω
2016 5756 2068 5799 ct
2182 5746 2485 5816 πρεσϐείων
2551 5746 2643 5798 τοῦ
2695 5743 2895 5799 πάππα
2938 5743 3033 5796 καί
3080 5740 3173 5794 τιῦ
3232 5738 3766 5793 Κωνσταντινουττό-
