4064 6206
383 318 484 382 821

1689 311 2140 376 REFUTATIO
2169 312 2354 376 NlLI.

3553 309 3656 374 822

385 437 557 494 λεω;;
611 431 730 496 Πῶς
762 431 821 484 τὸ
844 435 902 486 ἐν
949 432 1027 500 τῷ
1053 430 1126 486 νε⁹
1159 429 1345 484 κανόνι
1380 428 1507 500 περὶ
1549 428 1642 483 τοῦ
1675 429 1960 483 Σαϐϐάτου

2082 428 2679 498 Ξοηειιιιιιὶιιοροιὶιαιιὶ,
2714 437 2770 484 et
2825 427 3195 484 indiscussnm
3225 425 3451 498 reliquit
3487 427 3653 496 quin-

384 527 742 592 ἀνεξέταστον
809 527 982 590 εἴασε,
1031 524 1122 577 καὶ
1174 521 1233 576 τὸ
1269 523 1329 575 ἐν
1368 523 1444 591 τῷ
1479 521 1555 587 EC
1589 522 1720 592 περὶ
1751 521 1963 592 ἀποχῆς

383 625 615 691 αἵματος
646 618 741 672 καὶ
773 616 998 671 πνικτοῦ
1024 635 1038 683 ;
1095 615 1194 681 τίς
1225 616 1281 670 δὲ
1326 615 1436 668 τῶν
1469 616 1710 668 κανόνων
1741 615 1967 666 ἐκείνων

385 715 483 773 τὰς
536 710 860 780 ὑπογραφὰς
895 709 1038 762 οὕτω
1071 707 1412 771 διατεθείσαις
1443 707 1608 778 δρῶν,
1641 706 1783 760 ὥστε
1814 706 1969 776 πρώ-

384 822 486 876 την
513 801 650 857 εἷναι
689 807 790 872 τὴν
841 801 1256 872 δποσημείωσιν
1290 799 1384 853 τοῦ
1445 799 1713 870 βασιλέως
1742 799 1966 852 Ἰουστι-

385 895 571 948 νιανοῦ
593 893 686 947 τοῦ
728 893 1107 962 Ῥινοτμήτου,
1163 889 1284 946 εἶτα
1343 892 1508 944 τόπον
1565 889 1965 960 ὑπολειφθέντα

384 986 462 1054 τῷ
496 985 796 1054 παππαείς
827 983 1181 1053 ὑπογραφὴν,
1205 981 1604 1052 οίκουμενικῆς
1636 981 1810 1035 ταῦτα
1844 999 1968 1035 συν-

383 1078 508 1130 όδου
561 1077 706 1148 φάνῃ
745 1076 1142 1146 γνωρίσματα;
1208 1074 1470 1145 [ιάμπολυ
1525 1075 1742 1144 ἀπέχει,
1775 1067 1820 1128 ὦ
1846 1090 1968 1142 γεν-

385 1171 525 1233 vde,
550 1169 584 1240 ἡ
610 1166 983 1238 τοποτηρησία
1010 1166 1118 1219 τῶν
1147 1166 1283 1235 πρὸς
1315 1166 1555 1236 ἑκάστην
1577 1167 1968 1237 οίκουμενικὴν

386 1259 607 1314 σύνοδον
647 1243 789 1330 μετά
820 1257 1002 1311 ίδικῶν
1035 1256 1393 1327 ὲνταλμάτων
1428 1257 1584 1328 παρὰ
1625 1258 1720 1310 τοῦ
1765 1258 1968 1312 πάππα

388 1352 783 1420 στελλομένων,
844 1349 946 1419 τῆς
979 1351 1387 1420 τοποτηρησίας
1435 1350 1544 1404 τῶν
1598 1349 1966 1420 ληγαταρίων,

391 1447 459 1518 ἦν
512 1443 950 1512 μετεχειρίζοντο
984 1442 1033 1495 οί
1095 1442 1247 1511 παρά
1271 1438 1548 1511 Τραικοῖς
1579 1443 1638 1494 τὸ
1675 1443 1970 1509 πρόσωπον

384 1536 483 1590 τοῦ
517 1538 716 1591 πάππα
772 1536 940 1603 κοινῷ
979 1551 1086 1588 τινι
1114 1532 1258 1603 λόγῳ
1289 1532 1734 1598 ὲξεικονίζοντες,
1766 1528 1876 1596 οἷος
1902 1529 1971 1604 ἦν

385 1633 414 1681 ὁ
447 1628 782 1697 Καισαρείας
815 1625 1237 1691 Καππαδοκίας,
1273 1625 1300 1676 δ
1343 1625 1597 1693 Ἐφέσου,
1631 1628 1658 1678 ό
1697 1626 1972 1679 Θεσσαλο-

385 1727 568 1788 νῖκης,
601 1723 628 1773 ὁ
663 1719 950 1788 Κορίνθου,
980 1720 1008 1772 ὁ
1039 1717 1314 1788 Γορτύνης
1345 1758 1361 1783 ,
1398 1719 1464 1770 ὲκ
1493 1720 1602 1771 τῶν
1631 1701 1970 1790 ὗπογραφῶν

383 1811 482 1866 τοῦ
513 1813 639 1882 ὅρου
677 1812 778 1881 τῆς
825 1816 881 1875 ς’
908 1810 1160 1864 συνόδου·
1202 1810 1350 1864 οὗτοι
1376 1810 1488 1880 γὰρ
1513 1810 1852 1864 ὲκδιδαστῶν
1893 1812 1968 1872 ὡς

386 1908 564 1960 simtu
593 1903 778 1974 χώραν
809 1902 1113 1974 ἐπλήρουν,
1168 1903 1265 1955 καὶ
1313 1902 1534 1972 ἐξαρχοι
1584 1900 1878 1954 ἐκαλοῦντο
1912 1903 1971 1955 ἐν

387 1993 511 2054 ταῖς
547 1991 703 2053 ίδίαις
747 1990 978 2053 ἕκαστος
1001 1991 1320 2061 ἐπαρχίαις,
1357 1991 1454 2043 καὶ
1490 1991 1724 2061 μερικὴν
1755 1989 1970 2060 ἔχοντες

393 2081 766 2138 δικαιοδοσίαν
795 2083 925 2152 περὶ
969 2081 1172 2151 μερικὰ
1205 2080 1478 2149 κεφάλαια
1517 2081 1970 2150 ἑκκλησιαστικά,

387 2169 504 2229 οἷον
535 2173 864 2245 κληρονόμοι
891 2174 1035 2229 κατά
1061 2171 1316 2244 διαδοχὴν
1359 2173 1460 2242 τῆς
1487 2171 1748 2241 τοιαύτης
1790 2173 1975 2228 διακο-

388 2265 526 2328 νίας.
557 2266 620 2319 οι
649 2265 707 2318 δὲ
736 2263 874 2334 πρδς
901 2264 1001 2330 τὰς
1030 2265 1416 2334 οίκουμενικάς
1463 2264 1617 2336 παρά
1641 2263 1737 2318 τοῦ
1771 2265 1974 2321 πάππα

390 2357 647 2421 συνόδους
676 2356 1046 2426 στελλόμενοι,
1079 2357 1115 2424 ἢ
1145 2356 1298 2427 παρά
1325 2359 1426 2426 τῆς
1463 2358 1584 2410 ἐκεῖ
1611 2358 1854 2426 συνόδου,
1883 2358 1976 2412 τὸν

389 2449 559 2502 τόπον
599 2449 948 2520 ἀνεπλήρουν
985 2448 1088 2518 τῆς
1148 2447 1457 2518 παρουσίας
1504 2449 1601 2502 τοῦ
1655 2449 1880 2515 πάππα,
1939 2450 1974 2520 ἢ

393 2540 492 2594 καὶ
523 2540 623 2610 τῆς
645 2540 895 2607 συνόδου,
927 2541 1023 2594 καὶ
1048 2539 1160 2594 τῶν
1194 2539 1554 2610 πατριαρχῶν
1583 2541 1976 2609 προεκαθέζον-

392 2647 478 2694 το,
503 2631 598 2684 καὶ
617 2631 748 2700 περὶ
765 2630 1058 2701 δογμάτων
1090 2629 1167 2692 ὡς
1192 2631 1324 2699 περὶ
1355 2630 1415 2683 τὸ
1459 2629 1711 2684 πλεῖστον
1755 2632 1976 2700 ἀνέκρι-

395 2739 521 2780 νον·
551 2725 647 2780 καὶ
693 2722 852 2780 τοῦτο
899 2722 1158 2792 ἐφάπαξ,
1203 2724 1368 2794 μέχρι
1412 2724 1512 2794 τῆς
1537 2722 1824 2793 συνοδικῆς
1849 2724 1979 2794 περὶ

395 2813 493 2870 τοῦ
520 2815 844 2885 κινουμένου
879 2816 1204 2886 πράγματος
1233 2815 1587 2882 ἀποφάσεως.
1611 2813 1900 2878 Τοιούτους
1922 2813 1979 2868 δὲ

395 2907 427 2958 ό
455 2906 689 2970 πάππας
725 2906 1088 2977 προεδίδαζεν
1132 2907 1246 2962 ἀπὸ
1286 2906 1505 2977 Ῥώμης
1568 2908 1634 2960 ὲκ
1691 2907 1786 2960 τοῦ
1845 2906 1977 2960 ἰδίου

401 2997 668 3069 πλευροῦ.
731 2999 843 3054 Καὶ
893 2999 1006 3070 γὰρ
1039 2999 1136 3054 καὶ
1178 3000 1239 3054 ὲν
1274 3001 1340 3070 τῇ
1399 3001 1562 3070 τρίτῃ
1610 2999 1816 3070 συνόδῳ
1863 3000 1891 3053 ὂ
1918 3015 1978 3052 τε

2068 522 2445 590 quagesimum
2521 523 2773 592 quintum
2837 522 2907 577 de
2964 519 3204 576 Sabbato
3281 533 3546 575 canonem
3599 526 3656 574 et

2066 613 2465 682 sexagesimum
2494 615 2784 682 septimum
2818 612 2886 666 de
2939 610 3273 675 abstinendo
3313 626 3344 664 a
3377 610 3653 678 sanguine

2068 714 2126 760 et
2186 704 2497 759 sull‘ocato?
2551 705 3004 775 Subseriptiones
3053 719 3220 773 porro
3246 703 3466 757 illormn
3492 716 3656 756 cano-

2070 811 2202 849 num
2228 797 2354 864 quis
2390 796 2462 850 ita
2509 796 2715 866 positas
2747 795 3022 864 inspiciat,
3081 803 3142 848 ut
3176 795 3349 861 prima
3382 793 3453 846 sit
3486 791 3658 847 Justi-

2073 887 2218 942 niani
2271 887 2620 956 imperatoris
2675 885 3041 948 llhiuotmcti,
3095 884 3296 939 deinde
3326 884 3550 938 relictus
3587 882 3657 936 sit

2070 980 2228 1035 locus
2257 995 2408 1051 papae
2437 980 2502 1034 ad
2543 979 3027 1043 subscribendum,
3050 986 3109 1032 et
3138 977 3500 1031 menmcniezc
3529 991 3660 1045 syn-

2071 1073 2162 1128 odi
2215 1081 2372 1127 notas
2404 1071 2706 1142 agnoscat?
2767 1071 3072 1125 Plurimum
3114 1069 3304 1124 dillert
3341 1069 3483 1121 inter
3517 1068 3659 1136 lega-

2074 1173 2158 1220 tos
2218 1165 2311 1234 qui
2377 1163 2744 1218 mittebantur
2795 1178 2826 1216 a
2893 1177 3032 1230 papa
3091 1161 3160 1215 ad
3211 1175 3659 1229 unamquamque

2071 1260 2342 1330 synodum
2410 1258 2810 1314 mcumenieam
2866 1270 2992 1312 cum
3024 1254 3403 1324 peculiaribus
3435 1253 3662 1306 manda-

2076 1353 2166 1416 tis.
2216 1361 2273 1406 et
2320 1353 2528 1422 legatos
2571 1350 2696 1405 illos
2749 1350 2842 1418 qui
2911 1349 3055 1418 apud
3117 1345 3335 1402 Graecos
3380 1343 3658 1400 con’imuni

2071 1443 2308 1513 quadam
2367 1444 2582 1498 ratione
2655 1455 2948 1510 personam
3005 1453 3158 1508 papae
3211 1435 3546 1495 referebant.
3602 1443 3662 1486 ut

2071 1533 2449 1598 Caesariensis,
2506 1533 2816 1602 Ephesius,
2861 1528 3414 1588 Thessalonicensis,
3467 1524 3661 1578 Corin-

2075 1626 2246 1690 thius,
2296 1625 2617 1697 Gortynius.
2673 1624 2808 1680 Nam
2863 1623 2953 1679 isti
3019 1631 3435 1683 exsecuturum,
3499 1616 3660 1670 utila

2073 1718 2277 1781 dicam,
2341 1719 2520 1773 locum
2565 1716 2915 1779 obtinebant,
2975 1723 3030 1769 ct
3069 1712 3295 1766 exarchi
3321 1710 3658 1764 vocabantur

2075 1808 2129 1862 in
2159 1809 2277 1862 suis
2313 1809 2550 1877 quisque
2591 1804 2912 1876 provinciis,
2965 1803 3357 1874 particularem
3389 1800 3659 1855 habentes

2068 1897 2512 1968 jurisdietionem
2565 1895 2633 1950 ad
2688 1894 3042 1965 particularia
3097 1891 3660 1958 eeclesiasticanego-

2076 1989 2173 2052 tia,
2237 1999 2497 2059 tanquam
2553 1988 2722 2058 hujus
2775 1986 3069 2042 ministerii
3121 2002 3221 2056 per
3249 1986 3661 2040 successionem

2074 2081 2341 2137 lneredes.
2379 2080 2483 2147 Qui
2514 2095 2646 2136 vero
2694 2079 2762 2135 ad
2802 2078 3176 2135 meulnenicas
3203 2079 3447 2148 synodos
3479 2076 3663 2130 mitte-

2074 2174 2278 2230 bantur
2341 2190 2373 2227 a
2420 2188 2582 2243 papa,
2631 2172 2716 2227 vel
2774 2170 2844 2225 ab
2903 2172 3023 2241 ejus
3055 2171 3288 2240 synodo,
3316 2169 3661 2240 praesentiam

2076 2279 2227 2334 papa:
2254 2263 2606 2334 supplebant,
2668 2269 2725 2316 et
2788 2260 3058 2316 sedebant
3100 2271 3228 2314 ante
3288 2259 3660 2328 patriarchas.

2076 2357 2256 2428 deque
2285 2355 2642 2428 dogmatibus
2671 2363 2729 2410 ut
2779 2355 3078 2424 plurimum
3121 2354 3463 2424 judicabant,
3500 2353 3664 2420 idque

2077 2463 2252 2519 usque
2286 2448 2355 2503 ad
2415 2447 2698 2503 ferendam
2727 2446 2797 2502 de
2823 2463 2883 2501 re
2907 2456 3265 2502 controversa
3302 2445 3662 2500 sententiam.

2077 2541 2238 2596 Tales
2265 2554 2396 2595 vero
2421 2539 2674 2595 mittebat
2711 2554 2850 2608 papa
2878 2538 2948 2593 ab
3013 2539 3184 2602 Urbe,
3220 2553 3322 2592 suo
3360 2553 3427 2590 ex
3469 2537 3661 2590 latere.

2076 2631 2216 2687 Nam
2268 2640 2326 2686 ct
2355 2631 2412 2686 in
2457 2632 2619 2685 tertia
2656 2630 2890 2702 synodo,
2913 2631 3134 2700 quando
3164 2628 3498 2686 Cwlcstinus
3529 2645 3665 2699 papa

2080 2721 2372 2790 legationis
2416 2737 2621 2778 munus
2683 2721 2888 2793 Cyrillo
2947 2723 3326 2785 mandaverat,
3383 2737 3505 2775 mox
3537 2736 3668 2775 suos

2079 2815 2245 2869 etiam
2300 2815 2370 2869 ab
2424 2814 2570 2870 Urbe
2617 2814 2828 2884 legatos
2862 2815 3034 2869 misit.
3063 2816 3321 2882 Quantam
3359 2830 3492 2884 ergo
3525 2823 3667 2867 notzn

2081 2914 2210 2960 sunt
2237 2906 2594 2960 mcumenicze
2631 2907 2828 2977 synodi
2864 2907 2916 2961 in
2955 2907 3314 2977 quinisexla?
3348 2906 3501 2963 Unde
3534 2923 3666 2959 vero

2083 2996 2241 3052 vobis
2262 2995 2318 3051 in
2351 3006 2591 3052 mentem
2645 2999 2800 3054 venit
2845 2998 2936 3053 ille
2964 3007 3281 3069 pra-textus,
3311 2999 3454 3068 quod
3479 2997 3667 3065 quini-

401 3089 726 3155 Κελεστίνος
759 3093 788 3146 ό
847 3093 1078 3156 παππας
1125 3091 1510 3163 τοποτηρητὴν
1542 3093 1845 3162 κατέστησέ⁹
1873 3090 1977 3147 Κύ-

2084 3098 2236 3146 sexta
2264 3089 2606 3158 suppleverit
2636 3089 2916 3144 delectum
2963 3090 3172 3159 quinm:
3205 3099 3260 3145 ct
3287 3090 3485 3145 sextae?
3510 3089 3666 3158 quasi

400 3184 609 3254 ptnov,
634 3185 777 3240 κατά
804 3187 942 3240 πόδα
991 3187 1086 3243 καὶ
1115 3187 1278 3250 ίδίους
1315 3187 1443 3250 τοὺς
1490 3186 1556 3238 ἐκ
1597 3186 1818 3256 Ῥώμης
1846 3187 1979 3240 dmi.

400 3273 577 3328 στειλε
635 3275 1000 3348 πρεσϐευτάς.
1053 3274 1164 3329 Ποῦ
1192 3276 1377 3329 τοίνυν
1405 3278 1465 3330 ὲν
1497 3279 1566 3348 τῇ
1600 3277 1872 3348 πενθέκτη
1911 3278 1978 3330 τὰ

393 3363 643 3444 γομίμης
696 3364 916 3418 συνόδου
973 3364 1375 3436 γνωρίσματα;
1428 3365 1602 3420 Πόθεν
1630 3367 1686 3420 δὲ
1741 3366 1979 3437 ἐπῆλθεν

403 3457 534 3523 ὑμῖν
561 3455 764 3525 σκῆψιν
802 3456 1060 3528 τοιαύτην
1093 3458 1370 3528 ἐφευρείν,
1392 3459 1475 3512 ὅτι
1498 3460 1532 3529 ἡ
1559 3459 1834 3530 πενθέκτη
1860 3461 1983 3512 ἀνευ

403 3546 660 3617 πλήρωσε
693 3545 753 3599 τὸ
778 3547 1067 3618 ὑστέρημα
1093 3550 1190 3618 τῆς
1221 3555 1262 3599 ε’
1298 3551 1393 3601 καὶ
1425 3553 1502 3614 ς’,
1545 3549 1619 3608 ὠς
1652 3547 1729 3618 μὴ
1759 3549 1877 3613 ἐξὸν
1901 3550 1984 3600 ol-

405 3640 738 3706 κουμενικὴν
774 3640 1030 3708 γενέσθαι
1067 3639 1286 3693 σύνοδον
1315 3643 1445 3695 ἀνευ
1472 3641 1714 3695 κανόνων
1741 3659 1983 3712 συγγρα-

402 3731 547 3800 φῆςς
603 3733 782 3785 καίτοι
839 3732 934 3786 τοῦ
975 3734 1034 3784 ὲν
1083 3733 1262 3800 ἁγίοις
1301 3733 1506 3786 πάππα
1539 3733 1847 3806 Γρηγορίου
1880 3735 1976 3788 τοῦ

403 3824 665 3880 Διαλόγου
719 3827 777 3879 ὲν
824 3827 892 3895 τῇ
926 3824 1064 3896 πρὸς
1094 3825 1352 3894 Εύλόγιον
1403 3823 1837 3892 Ἀλεξανδρείας,
1884 3828 1978 3882 καὶ

431 3917 774 3970 Αιαστάσιον
802 3918 1143 3989 Ἀντιοχείας
1170 3918 1278 3988 ρξε’
1310 3917 1574 3990 ἐπιστολῇ
1597 3917 1726 3982 τοὺς
1751 3919 1979 3983 κανόνας

400 4010 498 4077 τῆς
534 4008 579 4080 β’
611 4011 832 4066 συνόδου
877 4008 1183 4076 φάσκοντος
1215 4009 1354 4079 μήτε
1386 4011 1518 4063 ποτὲ
1541 4009 1796 4080 ὀφθῆναι,
1841 4011 1980 4082 μήτε

404 4100 808 4172 παραδεχθῆναι
861 4099 1255 4174 τῇἚκκλησία
1319 4097 1577 4172 Ῥώμης,
1638 4105 1733 4158 καὶ
1780 4105 1874 4156 τοῦ
1926 4105 1985 4160 ὲν

2088 3196 2198 3237 non
2252 3180 2416 3236 liceat
2466 3181 2780 3250 generalem
2840 3182 3123 3236 celebrare
3159 3181 3430 3253 synodum
3463 3183 3671 3252 absque

2085 3286 2359 3327 canonum
2403 3271 2692 3327 editione?
2726 3287 2852 3328 cum
2899 3281 3078 3328 tamen
3120 3284 3344 3329 sanctus
3375 3275 3673 3346 Gregorius

2087 3364 2507 3436 papa,epistola
2565 3365 2689 3432 l95,
2757 3366 2827 3420 ad
2871 3365 3164 3436 Eulogium
3207 3368 3670 3430 Alexandrinum.

2087 3466 2144 3512 ct
2190 3457 2543 3512 Anastasinm
2591 3458 2996 3513 Antiochcnum
3043 3468 3274 3522 asserat,
3314 3475 3559 3515 canones
3582 3477 3668 3515 sc-

2088 3549 2283 3605 eundte
2342 3549 2538 3618 synodi
2587 3565 2688 3604 nec
2739 3552 2912 3604 fuisse
2975 3551 3143 3614 visos,
3173 3565 3274 3605 nec
3319 3563 3568 3620 receptos
3604 3553 3674 3606 ab

2093 3641 2333 3697 Ecclesia
2361 3642 2629 3707 Romana,
2659 3651 2717 3697 et
2761 3652 2988 3698 sanctus
3031 3645 3138 3698 Leo
3163 3659 3298 3714 papa
3337 3645 3390 3698 in
3423 3647 3538 3700 suis
3560 3647 3676 3718 epi-

2083 3741 2265 3804 stolis,
2290 3743 2453 3797 tertia
2483 3755 2639 3813 parte
2689 3754 2902 3812 quarta:
2941 3742 3159 3812 synodi,
3192 3739 3521 3794 clarissimis
3552 3755 3675 3791 vcr-

2085 3832 2172 3888 bis
2196 3837 2450 3898 allirmet.
2481 3836 2549 3890 ad
2582 3837 3038 3908 exstinguendam
3073 3835 3252 3889 solum
3304 3834 3583 3896 haeresim,
3621 3841 3677 3886 ct

2086 3926 2520 3983 conﬁrmandam
2578 3929 2742 3986 (idem
2813 3928 3143 3986 catholicam
3175 3927 3345 3983 fuisse
3373 3927 3521 3980 illam
3542 3940 3674 3979 con-

2086 4027 2386 4090 gregatam.
2448 4020 2607 4078 Unde
2655 4022 2826 4093 igitur
2887 4021 3261 4092 supplementi
3327 4019 3676 4083 necessitas,

2089 4113 2397 4182 excogitata
2424 4130 2455 4170 a
2483 4116 2681 4185 primis
2709 4116 3034 4172 auctoribus
3063 4113 3419 4170 schismatis?

403 4197 581 4264 ἁγίοις
612 4200 814 4252 πάππα
861 4199 1088 4261 Λέοντος
1130 4199 1190 4251 ἐν
1231 4200 1350 4260 ταῖς
1405 4197 1740 4268 φερομέναις
1804 4199 1972 4254 αὑτοῦ
2014 4202 2326 4271 ἐπιστολαῖς
2351 4210 2488 4279 μετά
2539 4209 2920 4282 τάῐΙρακτικὰ
2970 4210 3071 4278 τῆς
3093 4210 3136 4262 δ’
3161 4209 3382 4263 συνόδου
3405 4207 3677 4280 λαμπρῶς

402 4290 870 4361 ἀποφαινομένου,
903 4291 998 4344 ἐπὶ
1030 4290 1168 4360 μόνῃ
1237 4291 1336 4360 τῆς
1395 4290 1661 4361 αἱρέσεως
1715 4292 2022 4366 ἀνατροπῇ,
2065 4298 2163 4350 καὶ
2227 4299 2571 4375 ἑπιστηρίξει
2616 4310 2715 4376 τῆς
2771 4305 3084 4376 ὀρθοδοξίας
3114 4303 3523 4373 συναγηγέρθαι
3580 4301 3678 4371 τὴν

402 4388 672 4458 τετάρτην
699 4385 938 4442 σύνοδον.
971 4384 1142 4439 Πόθεν
1191 4378 1286 4438 οὖν
1316 4385 1351 4456 ἡ
1380 4383 1483 4456 τῆς
1531 4385 1977 4458 ἀναπληρώσεως
2012 4389 2254 4465 ἀνάγκη.
2285 4397 2352 4466 ἣν
2383 4398 2434 4452 οί
2493 4398 2707 4468 πρῶτοι
2767 4397 2865 4451 τοῦ
2899 4400 3200 4469 σχίσματος
3247 4397 3517 4469 ἡγεμόνες
3542 4396 3678 4464 ἐμη-

407 4475 752 4550 χανήσαντοξ

478 4577 620 4630 Eia!
655 4579 1048 4649 οίκουμενικὴν
1098 4574 1243 4632 εἶναι
1273 4578 1457 4647 λέγεις
1504 4579 1606 4650 τὴν
1658 4579 1977 4650 πενθέκτην,

2169 4578 2229 4635 Si
2255 4595 2387 4635 vero
2411 4558 2814 4635 meumenicam
2864 4581 3007 4636 dicis
3035 4578 3430 4650 quinisextam,
3459 4580 3588 4647 quia
3620 4594 3678 4636 se

405 4671 488 4726 ὅτι
525 4669 663 4739 αὕτη
693 4670 896 4740 ἑαυτὴν
945 4669 1120 4734 οὕτως
1171 4670 1454 4740 ὀνομάζει,
1493 4670 1742 4728 ἀκουέτω
1779 4671 1862 4739 τὸ,
1917 4673 1990 4727 Σὺ

408 4767 538 4832 περὶ
602 4761 836 4814 σεαυτοῦ
878 4765 1203 4832 μαρτυρεῖς.
1248 4762 1376 4826 Πῶς
1438 4761 1546 4832 γὰρ
1611 4765 1989 4834 οἰκουμενικὴ,

406 4855 530 4922 ἦτις
561 4855 620 4906 ὲν
639 4852 717 4924 τῷ
741 4854 789 4923 β’
811 4853 984 4924 αὐτῆς
1017 4855 1205 4908 κανόνι
1235 4856 1746 4925 ἀπαριομησαμένη
1776 4855 1886 4908 τῶν
1909 4857 1992 4908 oi-

413 4947 758 5016 κουμενικὼν
780 4946 872 4999 καὶ
915 4947 1158 5000 τοπικῶν
1188 4947 1423 5000 συνόδων
1454 4949 1581 5012 τοὺς
1610 4949 1866 5010 κανόνας,
1900 4947 1993 5001 ναὶ

415 5041 526 5109 μὴν
551 5043 646 5096 καὶ
685 5039 795 5092 τῶν
826 5039 1167 5092 ἀνατολικῶν
1215 5039 1388 5106 ἁγίων
1431 5041 1694 5109 Πατέρων
1728 5043 1823 5092 καὶ
1847 5040 1996 5094 διδα-

410 5132 653 5196 σκάλων,
683 5131 899 5190 οὐδενὸς
938 5131 1216 5198 μέμνηται
1269 5129 1554 5201 ἢ”Ρὼμης
1577 5129 1908 5198 ἀρχιερέως.
1953 5131 1987 5201 ἢ

408 5226 439 5276 δ
463 5223 737 5278 δασκά).ου
760 5220 1006 5284 δυτικοῦ,
1042 5223 1170 5290 περὶ
1204 5215 1280 5274 ὧν
1320 5223 1356 5290 ἡ
1381 5222 1606 5290 πέμπτη
1637 5221 1994 5293 οίκουμενικὴ

410 5315 626 5376 σύνοδος
648 5313 785 5381 πρδς
814 5313 890 5382 τῖ)
925 5313 1065 5365 τέλει
1094 5312 1195 5380 τῆς
1224 5313 1416 5382 τρίτης
1445 5313 1819 5378 συνελεύσεως
1845 5313 1993 5372 οὕτω

411 5406 581 5477 φησίν
606 5421 621 5436 ο
682 5423 702 5457 ι
744 5405 886 5476 Πρὸς
933 5404 1148 5467 τούτοις
1192 5403 1602 5474 ἀκολουοοῦμεν
1633 5407 1775 5460 κατά
1816 5407 1994 5461 πάντα

410 5500 523 5559 τοῖς
547 5497 726 5566 ἁγίοις
752 5499 793 5550 [l
805 5497 1001 5568 ιτράσι
1032 5497 1123 5550 καὶ
1149 5496 1494 5560 διδασκάλοις
1521 5497 1618 5566 τῆς
1638 5497 1991 5567 Ἐκκλησίας,

425 5590 756 5659 Ἀθανασίῳ,
794 5590 1040 5660 Ἰλαρίῳ,
1073 5588 1362 5658 Βασιλείῳ,
1396 5589 1682 5659 Γρηγορίῳ
1700 5588 1778 5659 τῷ
1803 5589 1970 5643 Θεολό

416 5701 520 5750 γῳ,
548 5683 838 5753 Γρηγορίῳ
866 5683 943 5750 τῷ
971 5683 1220 5749 Νύσσης,
1258 5681 1592 5752 Ἀμδροειίῳ⁹
1621 5683 1989 5754 Αὐγουστίνῳ,

415 5773 907 5844 θεοφίλῳ,⁶ιωάννη
939 5775 1684 5843 1Q)Kw-c:av:wuurzéteair,
1714 5777 1855 5846 Κυρί
1892 5777 1986 5843 λῳ,

2092 4674 2265 4743 ipsam
2320 4673 2426 4728 hoc
2465 4672 2629 4727 titulo
2677 4673 2790 4742 ipsa
2833 4673 3128 4742 insigniat,
3194 4675 3393 4728 merito
3440 4675 3626 4728 audiat
3669 4713 3678 4726 .

2093 4767 2178 4823 Tu
2232 4765 2301 4820 de
2354 4774 2408 4820 te
2462 4766 2580 4836 ipsa
2642 4765 3023 4820 testimonium
3077 4765 3358 4835 perhibes.
3393 4763 3678 4832 Quomodo

2091 4859 2240 4914 enim
2297 4859 2664 4926 meumenica,
2732 4872 2855 4928 quae
2912 4858 2966 4912 in
3021 4857 3267 4912 secundo
3300 4873 3404 4913 suo
3438 4875 3677 4923 canone,

2091 4952 2437 5007 enumeratis
2496 4951 2836 5021 generalium
2888 4958 2944 5004 et
2976 4949 3404 5019 provincialium
3437 4949 3679 5020 synodo-

2095 5059 2217 5097 rum
2268 5043 2610 5110 canonibus,
2677 5058 2780 5098 nec
2833 5057 2942 5095 non
3005 5043 3228 5096 Patrum
3279 5043 3681 5112 doctorumque

2103 5134 2482 5202 orientalium,
2527 5134 2711 5190 nullos
2765 5143 3021 5189 recenset
3075 5134 3450 5190 Romanorum
3503 5137 3683 5207 ponti-

2105 5225 2271 5278 licum
2338 5234 2434 5279 aut
2482 5225 2910 5280 occidentalium
2955 5226 3281 5281 doctorum?
3326 5242 3452 5281 eum
3494 5235 3683 5280 sancta

2100 5319 2595 5390 generallequinta
2633 5320 2881 5393 synodus
2940 5321 2994 5374 in
3029 5319 3136 5376 line
3165 5319 3478 5376 collationis
3509 5317 3682 5370 tertiae

2101 5409 2254 5465 dicat
2287 5426 2301 5464 :
2343 5428 2360 5461 ι
2392 5409 2570 5481 Super
2617 5411 2736 5467 haec
2788 5414 3080 5482 sequimur
3133 5427 3231 5482 per
3257 5411 3440 5464 omnia
3468 5421 3522 5461 et
3553 5424 3682 5461 san-

2099 5513 2218 5558 ιτος»
2279 5501 2473 5558 Patres
2537 5511 2592 5557 et
2641 5502 2906 5559 doctores
2955 5504 3236 5567 Ecclesiar,
3291 5503 3676 5562 Athanasium,

2107 5593 2390 5655 llilarium,
2472 5594 2756 5658 Basilium,
2815 5595 3144 5665 Gregorium
3199 5594 3576 5660 'l‘beologum,
3620 5602 3676 5646 et

2099 5686 2423 5756 Gregorium
2497 5687 3229 5757 Nyssenum,Ambrosium,
3284 5685 3674 5755 Augustinum,

2098 5779 2489 5850 'l‘hcophihun,
2517 5781 2778 5840 Joannem
2817 5779 3510 5850 Constantinopolitantum,
3555 5778 3633 5846 Cy
3657 5828 3682 5847 ,
