4064 6206
487 291 596 355 823

1644 302 2009 364 MATTH/EI
2038 304 2573 372 CAllYOPllYLLI

3613 313 3726 380 824

482 414 689 477 rillum,
726 412 985 481 Leonem,
1024 416 1316 483 Proclum;
1364 426 1421 474 et
1466 420 1802 491 suscipimus
1861 420 2043 475 omnia

2154 424 2365 485 Λέοντι.
2397 428 2628 499 Πρόκλῳ
2650 444 2665 462 ·
2698 430 2793 484 καὶ
2820 429 3107 501 δεχόμεθα
3147 430 3345 496 πάντα,
3371 434 3471 489 ὅσα
3505 439 3637 506 περί
3667 456 3727 492 τε

477 518 602 573 ηοω
638 504 706 559 dc
728 510 877 561 recta
916 505 1022 562 iide
1059 516 1117 563 et
1172 508 1628 566 condemnatione
1656 511 2040 579 haereticorum

477 608 877 666 exposuerunt.
915 599 1260 670 Suscipimus
1303 610 1485 658 autem
1533 612 1589 659 et
1656 604 1793 659 alios
1812 586 2044 659 ‘sanctos

475 698 530 742 et
561 690 899 746 orthodoxos
937 691 1148 759 Patres,
1208 694 1301 764 qui
1348 695 1400 748 in
1454 705 1641 750 sancta
1668 695 1765 750 Dei
1800 694 2041 751 Ecclesia

479 791 681 836 rectam
732 782 894 839 [idem
937 785 1498 855 irreprelicnsibiliter
1548 803 1726 858 usque
1782 787 1849 843 ad
1881 789 2044 845 ilnem

475 886 590 927 suae
611 872 735 928 vitae
753 875 1208 944 pra-dicaverunt.
1248 897 1279 931 »π

553 961 630 1017 Ita
685 965 960 1020 sentiente
1004 976 1062 1021 et
1120 969 1400 1025 scribente
1435 969 1648 1041 synodo
1679 971 2044 1038 cecumenica,

476 1055 752 1122 quomodo
802 1058 1076 1128 generalis
1123 1058 1291 1115 fuerit
1336 1061 1667 1132 quinisexta,
1720 1078 1843 1132 quze
1898 1064 2046 1119 solos

474 1145 775 1201 orientales
832 1151 1081 1218 agnoscit
1156 1151 1446 1218 doctores,
1523 1163 1579 1209 et
1659 1156 1913 1223 prohibet
1976 1171 2045 1211 ne

476 1236 765 1308 quisquam
825 1241 965 1296 alios
1026 1243 1260 1313 recipiat
1314 1248 1594 1303 canones?
1658 1248 1822 1304 Nullo
1872 1248 2048 1325 igitur

472 1326 599 1395 jure
638 1331 824 1387 vocari
857 1341 1037 1402 potest
1053 1337 1397 1393 meumenica
1418 1380 1432 1405 ,
1476 1354 1571 1393 seu
1603 1340 1846 1410 legitima
1883 1357 2045 1411 pror-

473 1432 569 1473 sus
590 1420 854 1489 synodus,
881 1424 1032 1495 juxta
1063 1438 1304 1481 canones
1333 1429 1689 1499 synodorum'.

933 1621 1138 1679 NILUS
1165 1623 1339 1697 (Cap.
1401 1627 1519 1684 xw
1545 1629 1587 1701 ).

2151 515 2251 583 τῆς
2275 515 2442 585 ὀρθῆς
2482 518 2735 584 πίστεως,
2759 520 2855 575 καὶ
2875 520 3011 590 πρὸς
3034 520 3254 592 ἔλεγχον
3284 524 3392 578 τῶν
3418 525 3718 594 αίρετικῶν

2152 604 2419 670 ἐξέθεντο.
2449 606 2727 678 Δεχόμεθα
2753 606 2807 662 δὲ
2833 613 2929 662 καὶ
2978 609 3108 675 τοὺς
3132 610 3329 676 ἄλλους
3367 612 3460 667 καὶ
3505 612 3728 685 όρθοδόο

2155 694 2279 758 Eoo;
2303 697 2576 769 Πατέρας,
2607 699 2735 764 τοὺς
2757 700 2815 754 ὲν
2841 702 2907 771 τῇ
2932 702 3065 773 ἁγίᾳ
3107 702 3203 757 τοῦ
3246 703 3382 759 Θεοῦ
3414 705 3723 777 Ἐκκλησία

2153 788 2251 858 τὴν
2296 788 2464 862 ὀρθὴν
2493 792 2679 847 πίστιν
2704 793 3014 865 ἀμέμπτως
3049 795 3213 867 μέχρι
3255 797 3446 864 τέλους
3478 800 3575 854 τοῦ
3604 800 3725 871 βίου

2154 881 2519 952 κηρύξαντας.
2557 901 2579 937 s
3396 904 3403 910 ‘

2226 974 2386 1028 Οὕτω
2415 977 2718 1049 φρονούσης
2745 995 2804 1033 τε
2835 980 2933 1033 καὶ
2961 982 3284 1053 γραφούσης
3326 984 3425 1054 τῆς
3463 986 3728 1056 οἰκουμε-

2153 1066 2313 1133 νικῆς
2339 1068 2579 1134 συνόδου,
2615 1069 2728 1133 πῶς
2752 1070 3111 1142 οίκουμενικὴ
3136 1073 3168 1141 ὴ
3212 1075 3504 1146 πενθέκτη,
3535 1081 3569 1149 ἥ
3597 1080 3730 1143 τοὺς

2155 1156 2507 1222 ἀνατολικοὺς
2533 1156 2641 1213 οἵδε
2697 1161 2890 1230 μόνους
2914 1161 3309 1229 διδασκάλους;
3358 1167 3475 1220 Κάν
3506 1186 3591 1232 τις
3625 1188 3729 1223 πα-

2158 1248 2434 1319 ραδέχοιτο
2462 1251 2667 1322 ἐτέρων
2694 1252 2926 1314 κανόνας
2945 1292 2960 1315 ,
3011 1254 3168 1307 τοῦτό
3202 1272 3335 1326 φησι
3369 1258 3557 1327 μηδενὶ
3587 1259 3729 1324 ἑξεῖ-

2154 1354 2245 1393 ναι
2270 1342 2466 1393 ποιεῖν.
2496 1341 2689 1395 Οὑδενλ⁸
2727 1342 2922 1411 δικαίῳ
2947 1343 3174 1397 δύναται
3214 1347 3499 1401 καλεῖσθαι
3546 1352 3733 1403 οἰκου-

2157 1432 2375 1501 μενικὴ,
2393 1431 2507 1484 οὗθ’
2537 1431 2674 1497 ὅλως
2699 1432 2908 1505 νομίμη
2940 1432 3161 1498 σύνοδος
3180 1438 3319 1490 κατὰ
3344 1438 3469 1502 τοὺς
3495 1439 3732 1504 κανόνας

2154 1521 2266 1574 τῶν
2307 1522 2565 1580 συνόδων.

2808 1643 2858 1698 Ν
2862 1643 3080 1702 ΕΙΛΟΣ.

555 1751 573 1784 ι
620 1732 822 1790 Sancta
873 1751 1092 1808 quoque
1140 1748 1198 1794 et
1235 1744 1576 1799 mcumenica
1618 1747 1850 1816 septima
1881 1764 2042 1819 syno-

2233 1772 2251 1805 ι
2283 1754 2354 1809 Οὐ
2398 1754 2505 1825 μὴν
2521 1757 2655 1811 ἀλλὰ
2683 1761 2830 1831 καὶὴ
2866 1762 2995 1827 ἁγία
3022 1762 3116 1814 καὶ
3132 1730 3492 1834 οίκουμενικὴ
3515 1764 3562 1828 ζ’
3595 1763 3727 1818 σΰνο

474 1824 578 1888 dus
609 1826 662 1895 in
696 1826 872 1895 primo
894 1844 995 1883 suo
1043 1844 1274 1893 canone,
1312 1850 1332 1884 ι
1363 1834 1606 1898 Divinos,
1641 1836 1843 1907 inquit,
1876 1855 2045 1895 cano-

476 1933 571 1974 tes
619 1920 858 1987 libenter
928 1925 1297 1996 suspicimus,
1367 1928 1747 2001 integramque
1826 1932 2044 1989 illorum

472 2020 527 2065 et
559 2012 839 2070 immotam
877 2031 1162 2075 servamus
1189 2022 1637 2091 prieceptionem,
1670 2024 1785 2079 sive
1801 2040 1900 2095 per
1918 2024 2045 2094 Spi—

472 2103 614 2161 ritus
654 2105 812 2160 tubas
837 2110 1113 2175 apostolos
1135 2109 1437 2177 editorum,
1491 2113 1607 2167 sive
1647 2129 1746 2184 per
1766 2130 1858 2171 sex
1894 2131 2047 2171 tecu-

474 2195 725 2273 menicas
773 2198 1046 2268 synydos,
1107 2210 1269 2270 atque
1326 2202 1508 2258 etiam
1559 2209 1951 2275 provinciales.
2020 2229 2039 2262 ι

471 2285 608 2338 (lum
675 2302 807 2356 ergo
849 2303 1120 2345 canonum
1176 2295 1493 2350 meminerit
1548 2311 1643 2352 sex
1703 2301 2041 2369 generalium

472 2381 857 2448 conciliorum,
919 2401 1039 2456 qua:
1097 2402 1228 2443 vero
1267 2400 1417 2447 sexta
1458 2393 1680 2463 proprie
1701 2393 1826 2456 fuit.
1864 2396 2045 2453 nullos

470 2470 707 2526 ediderit
756 2488 1018 2541 canones,
1069 2479 1418 2536 manifestum
1475 2494 1561 2541 est
1616 2499 1739 2540 eam
1791 2486 1940 2556 loqui
1975 2488 2044 2543 de

472 2564 779 2636 nationibus
826 2566 989 2640 hujus
1039 2572 1259 2643 synodi,
1298 2589 1419 2644 quae
1447 2576 1723 2632 defectum
1759 2587 1926 2636 sextae
1960 2580 2043 2635 vi.-

469 2654 633 2725 detur
656 2658 1014 2739 supplevisse.
1066 2682 1086 2730 ρ
1768 2666 1779 2672 ’

1030 2864 1491 2926 CONFUTATNL

545 2979 744 3043 Arguis
789 2980 975 3043 tertio,
1035 2981 1107 3035 ad
1152 2983 1492 3051 probandum
1528 2986 1899 3057 quinisextam
1919 3004 2042 3049 esse

2158 1845 2279 1909 οδος
2327 1848 2385 1900 ὲν
2440 1847 2519 1918 τῷ
2571 1849 2773 1920 πρώτῳ
2825 1853 2994 1922 αὐτῆς
3044 1854 3230 1908 κανόνι
3277 1855 3458 1908 τοιάδε
3514 1858 3718 1928 φησίν·

2154 1940 2515 2005 «Ἀσπασίως
2568 1942 2694 2003 τοὺς
2724 1940 2904 2004 θείους
2953 1943 3186 2006 κανόνας
3242 1944 3731 2016 ὲνστερνιζόμεθα,

2149 2032 2243 2084 καὶ
2268 2030 2566 2101 ὁλόκληρον
2597 2031 2697 2102 τὴν
2743 2031 2924 2086 αὐτῶν
2968 2032 3236 2106 διαταγὴν
3285 2036 3383 2089 καὶ
3432 2036 3732 2093 ἀσάλευτον

2149 2123 2518 2193 κρατύνομεν,
2577 2123 2686 2176 τῶν
2733 2124 3069 2179 ἐκτεθέντων
3120 2124 3227 2178 ὑπὸ
3266 2125 3377 2179 τῶν
3409 2127 3734 2197 σαλπίγγων

2146 2214 2240 2267 τοῦ
2269 2213 2584 2285 Πνεύματος
2614 2215 2939 2270 ἀποστόλων
2964 2257 2980 2283 ,
3010 2216 3119 2271 τῶν
3158 2234 3217 2271 τε
3244 2218 3304 2284 ἓξ
3334 2220 3737 2289 οικουμενικῶν

2149 2311 2404 2377 συνόδων,
2434 2310 2533 2365 καὶ
2561 2312 2671 2366 τῶν
2699 2313 2944 2376 τοπικῶς
2970 2313 3485 2385 συναθροισθεισῶ).
3523 2333 3543 2367 ι
3588 2314 3651 2368 Et
3673 2315 3735 2370 δὲ

2147 2403 2390 2456 κανόνων
2429 2404 2708 2473 μέμνηται
2753 2405 2865 2459 τῶν
2899 2405 2960 2472 ἒξ
3022 2405 3424 2475 οἱκουμενικῶν
3472 2406 3733 2473 συνόδων,

2146 2495 2210 2563 τῇ
2237 2493 2295 2547 δὲ
2339 2493 2544 2559 κυρίως
2583 2493 2639 2560 ς’
2690 2495 2822 2567 περὶ
2870 2497 3115 2551 κανόνων
3149 2495 3422 2565 ἐμέλησεν
3446 2497 3728 2566 οὐδαμῶς,

2082 2638 2099 2654 ,
2145 2587 2263 2649 πῶς
2288 2585 2350 2639 οὐ
2379 2586 2663 2658 πρόδηλον,
2694 2587 2771 2651 ὡς
2807 2588 2942 2658 napi.
2969 2589 3077 2641 τῶν
3100 2589 3343 2643 κανόνων
3367 2590 3467 2659 τῆς
3502 2589 3728 2643 συνόδου

2144 2678 2352 2750 ταύτης
2381 2678 2572 2748 φησὶν,
2605 2678 2641 2752 ἢ
2662 2679 2723 2734 τὸ
2758 2678 2860 2750 τῆς
2880 2678 3051 2752 ἒκτης
3077 2680 3257 2746 ἐνδεὲς
3280 2680 3730 2753 ἀναπληρώσασα

2145 2771 2401 2841 φαίνεται
2425 2788 2441 2837 ;
3332 2789 3344 2801 ’

2645 2924 2653 2931 .
2735 2884 3173 2942 ΑΝτιΡΡηΣιΣ.
3260 2960 3263 2961 ί

2212 3001 2410 3070 τρίτον
2439 3002 2764 3073 ἐπιχειρεῖς,
2800 3003 3085 3068 ἀποδεῖξαι
3111 3003 3436 3073 βουλόμενος
3470 3004 3735 3072 οἰκουμε-

468 3068 896 3141 n-cumenicam.
950 3068 1195 3141 Septima
1261 3080 1505 3147 synodus
1560 3080 1915 3151 amplectitur
1945 3099 2040 3138 ca-

2149 3068 2299 3162 νικῆν
2344 3093 2445 3162 τὴν
2474 3068 2807 3162 πενθέκτην.
2872 3068 3311 3166 Ἐνστερνίζεται
3361 3097 3393 3164 ἡ
3428 3092 3473 3159 ζ’
3509 3068 3736 3157 σύνοδος

468 3174 646 3214 nones
686 3173 779 3214 sex
822 3161 1157 3229 generalium
1215 3168 1599 3225 conciliorum.
1662 3173 1826 3245 Atqui
1882 3187 2034 3232 sexta

2149 3187 2273 3252 τοὺς
2300 3187 2527 3250 κανόνας
2551 3186 2659 3240 τῶν
2700 3185 2762 3252 ἐξ
2813 3185 3215 3255 οίκουμενικῶν
3252 3186 3514 3242 συνόδων.
3559 3186 3630 3238 Ἥ
3674 3186 3735 3241 δὲ

459 3250 694 3325 preprie
738 3253 983 3323 synodus
1027 3256 1209 3313 nullos
1264 3259 1438 3317 edidit
1478 3277 1744 3332 canones;
1782 3265 2039 3338 intelligit

468 3357 605 3414 ergo
635 3343 703 3397 de
736 3346 1042 3402 canonilms
1064 3350 1409 3418 quinisextae.
1464 3354 1572 3412 Sed
1597 3358 1642 3413 si
1671 3357 1913 3429 placeret
1942 3375 2037 3417 ve-

470 3434 627 3501 ritas,
679 3446 735 3493 et
789 3441 1124 3496 aversareris
1168 3445 1538 3511 mendacium,
1570 3449 1794 3519 legisses
1818 3452 1872 3507 in
1911 3468 2040 3525 sep-

472 3527 619 3584 timm
667 3530 859 3600 synodi
925 3542 1038 3587 act.
1101 3534 1155 3598 ι,
1210 3537 1478 3607 quosdam
1508 3542 1717 3598 turbari
1745 3544 2038 3601 audientes

467 3634 592 3676 esse
646 3630 815 3677 sextae
849 3626 1046 3695 synodi
1097 3643 1361 3686 canones.
1403 3630 1617 3699 Quibus
1636 3630 1898 3694 Tarasius
1934 3652 2035 3709 pa-

473 3711 712 3768 triarcha
739 3714 1125 3784 respondebat,
1155 3719 1304 3789 quod
1362 3730 1549 3777 sancta
1575 3732 1630 3779 et
1662 3739 1857 3798 magna
1885 3735 2039 3782 sexta

468 3803 712 3874 synodus
759 3806 863 3861 sub
924 3807 1288 3867 Constantino
1342 3813 1617 3871 celebrata
1676 3815 1799 3885 fuit,
1834 3826 2041 3889 etpost

466 3907 706 3966 quatuor
733 3907 829 3955 aut
859 3901 1108 3972 quinque
1159 3919 1335 3960 annos
1361 3905 1524 3962 iidem
1552 3907 1656 3979 ipsi
1683 3907 1876 3966 Patres
1900 3925 2042 3967 con-

469 3991 757 4047 venientes
819 3992 922 4049 sub
959 3993 1275 4052 Iustiniano
1323 3997 1436 4053 tilio
1482 3982 2044 4061 Ctmstantiniedide—

471 4093 602 4137 runt
634 4099 896 4141 canones.
930 4086 1010 4142 liii
1036 4087 1208 4154 enim,
1234 4090 1436 4160 inquit,
1478 4092 1575 4162 qui
1598 4094 2046 4168 subscripserunt

466 4172 576 4228 sub
638 4173 1022 4242 Constantino,
1065 4179 1169 4249 ipsi
1215 4191 1271 4236 et
1298 4180 1402 4238 sub
1421 4182 1732 4241 Justiniano
1757 4188 2043 4261 subscrip-

467 4275 681 4334 serunt.
1632 4272 1639 4284 “
1942 4270 1952 4281 ’

542 4362 667 4429 llaec
694 4361 950 4428 Tarasius
989 4365 1206 4423 dicebat
1242 4368 1310 4424 ad
1350 4371 1757 4431 conﬁrmandos
1800 4390 2041 4436 canones

471 4454 819 4523 quiinisextm,
853 4455 999 4512 inter
1030 4472 1171 4528 quos
1193 4462 1564 4531 octogesimus
1616 4467 1896 4525 secundus
1925 4473 2041 4543 agit

470 4550 536 4602 de
587 4548 826 4621 imagine
874 4548 1194 4617 Salvatoris,
1235 4564 1295 4608 ut
1351 4557 1586 4625 probare
1633 4570 1819 4629 posset
1840 4572 2035 4619 contra

470 4636 863 4708 lcqnomacbos
905 4657 1064 4705 usum
1112 4659 1392 4700 sacrarum
1448 4648 1769 4720 imaginum.
1794 4652 1896 4708 llic
1917 4664 2041 4711 erat

472 4740 672 4797 scopus
695 4727 947 4802 Tarasio,
972 4733 1100 4796 dum
1125 4731 1382 4789 laudabat
1404 4737 1731 4806 quinisexue
1765 4756 2038 4809 canones;

469 4827 526 4885 ct
590 4835 714 4883 cum
768 4824 1014 4891 septima:
1074 4840 1317 4885 canones
1349 4832 1736 4900 componebat.
1771 4832 1826 4887 in
1859 4835 2038 4905 primo

472 4910 652 4965 aiebat
686 4926 745 4966 sc
775 4913 1058 4982 suscipere
1092 4932 1331 4974 canones
1373 4934 1467 4974 sex
1506 4914 1857 4988 generalium
1878 4940 2042 4997 syno-

472 5001 691 5068 dorum,
721 5011 781 5058 ut
809 5005 973 5060 etiam
1013 5008 1339 5076 quinisextae
1381 5028 1624 5069 canones
1681 5017 2046 5084 comprehen-

473 5092 629 5147 deret
663 5109 726 5149 ea
754 5107 938 5151 mente
965 5113 1072 5169 qua
1104 5101 1360 5159 diximus.
1415 5105 1529 5159 Duo
1556 5114 1743 5160 tamen
1768 5107 1905 5161 dicit
1934 5123 2047 5163 non

474 5188 834 5254 congruentia
885 5205 898 5241 :
941 5203 1136 5257 unum,
1181 5194 1328 5261 quod
1389 5200 1777 5264 quatuor‘aut
1799 5199 2048 5269 quinque

473 5286 599 5349 post
627 5288 831 5336 sextam
863 5282 1131 5353 synodum
1163 5285 1323 5341 annis
1339 5288 1611 5342 celebrata
1630 5290 1697 5343 sit
1714 5289 2047 5358 qninisexta,

472 5374 620 5443 quod
648 5374 990 5443 impossibile
1013 5385 1118 5431 est.
1170 5375 1304 5432 Nam
1335 5379 1381 5433 si
1414 5390 1688 5448 postrema
1715 5393 1881 5437 sextae
1912 5398 2010 5453 syn
2029 5412 2045 5422 -

472 5464 564 5531 odi
597 5465 740 5533 actio
770 5467 1045 5537 celebrata
1073 5468 1173 5522 fuit
1195 5469 1387 5525 indici.
1445 5487 1476 5524 κ
1498 5511 1511 5534 ,
1555 5473 1869 5543 quinisexta
1919 5489 2051 5531 vero

479 5560 533 5612 in
589 5573 690 5614 suo
752 5560 914 5614 tertio
947 5575 1158 5615 canone
1182 5562 1260 5616 ait
1285 5563 1454 5618 edere
1486 5579 1617 5619 suos
1654 5581 1895 5621 canones
1928 5576 2051 5636 post

444 5663 726 5727 _quartam
777 5650 1160 5719 indictioncm,
1219 5652 1410 5710 decem
1480 5657 1707 5712 omnino
1764 5660 2050 5728 interiapsi

478 5752 612 5822 sunt
672 5745 826 5811 anni,
869 5760 980 5814 non
1039 5745 1304 5816 quinque.
1337 5747 1582 5805 Alterum
1614 5760 1717 5815 est,
1748 5749 1892 5819 quod
1933 5766 2057 5808 cos-

2148 3277 2354 3351 κυρίως
2379 3286 2439 3344 ς’
2466 3279 2696 3343 κανόνας
2727 3278 2830 3331 οὐκ
2869 3277 3088 3343 ἐξέθετο
3108 3293 3123 3308 ’
3147 3277 3278 3350 Δἄρα
3320 3278 3450 3347 περὶ
3482 3277 3591 3329 τῶν
3628 3294 3736 3329 κα-

2153 3368 2325 3424 νόνων
2361 3370 2458 3439 τῆς
2492 3368 2799 3438 πενθέκτης
2827 3370 2960 3423 νοεῖ.
3011 3368 3157 3422 Ἀλλ’
3201 3371 3359 3440 εἰπερ
3386 3369 3619 3439 ἔχαιρες
3663 3370 3734 3439 τῇ

2149 3462 2403 3534 ἀληθείᾳ,
2432 3461 2527 3516 καὶ
2557 3462 2774 3531 ὲμίσεις
2805 3461 2867 3515 τὸ
2900 3460 3120 3528 ψεῦδος,
3147 3462 3396 3525 κατεῖδες
3426 3460 3492 3515 ἄν
3526 3463 3593 3514 ἐκ
3622 3463 3740 3518 τῶν

2147 3554 2481 3625 Πρακτικῶν
2547 3554 2647 3624 τῆς
2674 3554 2721 3618 ζ’
2757 3552 3000 3621 συνόδου,
3032 3553 3232 3624 πράξει
3257 3552 3323 3614 δ’.
3349 3554 3430 3607 ὅτι
3457 3554 3741 3608 ἐσκανδα-

2148 3645 2362 3712 λίζοντο
2415 3646 2564 3709 τινες
2604 3644 2902 3710 ἀκούοντες
2955 3646 3186 3708 κανόνας
3222 3644 3344 3713 ’τῆς
3374 3652 3428 3711 ς’
3470 3645 3735 3700 συνόδουο

2149 3738 2291 3808 πρὸς
2314 3737 2406 3801 οὓς
2422 3736 2578 3806 ἔλεγε
2592 3737 2865 3809 Ταράσιος
2884 3739 2912 3792 ό
2930 3737 3275 3818 πατριάρχης
3301 3738 3386 3792 δτι
3415 3740 3449 3803 ἡ
3479 3738 3611 3815 ἁγία
3638 3736 3739 3809 pg.

2145 3832 2286 3903 γάλη
2318 3831 2454 3901 ἕκτη
2487 3829 2698 3894 σύνοδος
2721 3829 2816 3886 ἐπὶ
2858 3830 3275 3883 Κωνσταντίνου
3309 3831 3686 3912 συνεκροτήθη
3710 3847 3728 3862 ·

2149 3924 2249 3977 καὶ
2297 3922 2439 3994 μετὰ
2490 3921 2731 3993 τέσσαρα
2772 3921 2866 3990 ἔτη
2893 3920 2926 3988 ἢ
2952 3921 3117 3975 πέντε
3164 3921 3651 3996 συναθροισθέντες
3681 3922 3739 3977 cl.

2151 4017 2307 4071 αὐτοὶ
2339 4015 2583 4087 Πατέρες
2632 4014 2728 4069 ἐπὶ
2754 4013 3137 4068 Ἰουστινιανοῦ
3169 4014 3289 4075 υίοῢ
3311 4015 3737 4070 Κωνσταντίνου

2153 4111 2284 4174 τοὺς
2318 4110 2552 4173 κανόνας
2576 4105 2978 4162 ἐκτεθείκασιν.
3007 4107 3071 4160 Ol
3100 4108 3231 4178 γὰρ,
3262 4107 3450 4178 φησιν,
3482 4107 3739 4178 omna.

2153 4201 2354 4271 ψαντες
2379 4202 2475 4254 ὲπὶ
2507 4199 2948 4264 Κωνσταντίνου,
2974 4200 3024 4253 οἱ
3062 4200 3220 4254 αὐτοὶ
3251 4201 3344 4254 καὶ
3378 4202 3473 4265 ἐπὶ
3504 4199 3739 4254 Ἰουστι·

2152 4293 2336 4347 νιανοῦ
2373 4291 2722 4362 ὑπέγραψαν.

2230 4385 2424 4453 Ἔλεγε
2460 4384 2518 4437 δὲ
2571 4383 2743 4437 ταῦτα
2775 4383 3052 4454 Ταράσιος
3092 4385 3340 4454 κυρῶσαι
3400 4382 3736 4454 βουλόμενος

2145 4476 2273 4537 τοὺς
2295 4476 2550 4538 κανόνας,
2580 4477 2640 4528 ἐν
2669 4472 2753 4538 οἷς
2784 4471 2850 4545 ἦν
2875 4477 2902 4529 ὁ
2934 4476 3023 4547 πβ¹
3047 4476 3434 4546 διαλαμϐάνων
3465 4493 3533 4528 πε
3543 4479 3597 4547 pi.
3626 4477 3732 4544 τῆς

2141 4567 2353 4628 εἰκόνος
2379 4565 2476 4619 τοῦ
2512 4565 2784 4635 Σωτῆρος,
2814 4564 2883 4620 ἶν’
2914 4565 3028 4634 ἔχοι
3051 4564 3225 4630 δεῖξαι
3258 4564 3403 4618 κατὰ
3437 4565 3550 4618 τῶν
3576 4567 3734 4618 είκο-

2147 4657 2530 4728 νομαχούντων
2548 4656 2650 4726 τὴν
2701 4657 2901 4728 χρῆσιν
2927 4658 3036 4709 τῶν
3061 4657 3280 4711 σεπτῶν
3311 4655 3562 4712 εἰκόνων.
3593 4657 3737 4711 Τού-

2146 4771 2225 4823 τῳ
2259 4750 2391 4819 γοῦν
2431 4749 2509 4821 τῷ
2542 4749 2729 4821 σκοπῷ
2760 4749 3033 4819 Ταράσιος
3064 4750 3362 4819 ἐπαινέτης
3393 4745 3461 4818 ἦν
3490 4751 3603 4802 τῶν
3627 4751 3733 4814 τῆς

2150 4843 2452 4910 πενθέκτης
2481 4840 2722 4894 κανόνων
2744 4853 2761 4871 ⁸
2796 4839 2894 4893 καὶ
2926 4842 3260 4909 συγγράφων
3285 4840 3413 4901 τοὺς
3443 4840 3546 4908 τῆς
3577 4839 3645 4904 ζ’,
3670 4840 3733 4890 ἐν

2147 4934 2229 5005 τῷ
2254 4932 2456 5004 πρώτῳ
2480 4931 2919 5003 ὲνστερνίζεσθαι
2940 4931 3095 4999 ἔλεγε
3121 4934 3245 4993 τοὺς
3265 4931 3501 4991 κανόνας
3524 4930 3635 4982 τῶν
3671 4929 3741 4994 ἒξ

2149 5023 2547 5094 οἰκουμενικῶν
2600 5022 2854 5082 συνόδων.
2890 5021 2984 5074 ῖνα
3037 5019 3435 5089 συμπεριλάόοι
3473 5019 3737 5082 καὶτοὺς

2151 5114 2253 5183 τῆς
2284 5113 2587 5180 πενθέκτης
2635 5113 2731 5164 ἐπὶ
2761 5111 2841 5183 τῷ
2888 5106 3258 5183 προρῤηθέντι
3286 5108 3499 5179 σκοπῷ.
3535 5108 3641 5162 Δύο
3673 5109 3739 5161 δὲ

2152 5208 2301 5276 ὅμως
2333 5206 2486 5274 λέγει
2509 5203 2816 5274 ἀσύμςρωνα
2840 5220 2855 5236 °
2881 5202 2941 5257 ἓν
2977 5204 3098 5269 μὲν,
3128 5204 3213 5257 ὅτι
3239 5203 3481 5271 τέσσαρα
3502 5203 3535 5271 ἢ
3565 5202 3736 5253 πέντε

2157 5296 2294 5365 μετὰ
2324 5296 2424 5365 τὴν
2455 5294 2620 5363 ἁγίαν
2646 5293 2702 5358 ς’
2733 5293 2954 5346 σύνοδον
2983 5293 3079 5364 ἔτη
3123 5293 3402 5374 γέγονενὴ
3430 5292 3734 5360 πενθέκτη,

2153 5391 2290 5457 ὅπερ
2342 5386 2634 5440 ἀδύνατον
2692 5386 2743 5438 εί
2778 5385 2885 5456 γὰρ
2944 5388 2978 5455 ἡ
3015 5387 3225 5456 ἐσχάτη
3281 5385 3379 5453 τῆς
3412 5389 3467 5447 ς’
3504 5381 3736 5435 συνόδου

2157 5478 2357 5546 πρᾶξις
2378 5476 2606 5545 γέγονεν
2656 5475 2993 5541 ίνδικτιῶνος
3029 5473 3082 5542 ι’,
3136 5476 3187 5528 οἱ
3216 5475 3273 5528 δὲ
3293 5477 3391 5542 τῆς
3422 5472 3737 5542 πενθέκτης

2158 5571 2217 5621 ὲν
2248 5569 2327 5639 τῷ
2374 5567 2544 5638 τρίτῳ
2577 5567 2766 5620 κανόνι
2799 5568 2964 5636 φασὶν
3004 5567 3313 5621 ἐκτίθεσθαι
3344 5566 3470 5629 τοὺς
3502 5564 3736 5624 κανόνας

2163 5660 2301 5730 μετὰ
2330 5660 2431 5729 τὴν
2474 5660 2748 5730 τετάρτην
2806 5661 3143 5727 ίνδικτιῶνα,
3201 5660 3335 5713 δέκα
3369 5660 3586 5719 πάντως
3631 5655 3735 5717 ἔτη

2151 5753 2342 5805 θετέον
2375 5750 2651 5822 μεθόριον,
2703 5752 2823 5823 οὐχὶ
2882 5755 3064 5807 πέντε.
3118 5750 3384 5825 Δεύτερόν
3437 5744 3727 5815 sermost.
