4064 6206
421 243 532 313 8‘25

1688 265 2130 329 REFUT‘ATIO
2167 270 2350 330 NlLl.

3549 280 3653 344 836

422 365 549 428 τοὺς
583 365 784 430 αὐτοὺς
813 367 959 436 λέγει
1005 369 1453 443 ὑπογεγραφόναι
1483 377 1550 447 τῇ
1587 394 1626 441 ς
1667 378 1870 448 συνόδῳ
1896 396 1958 432 κα

2061 434 2062 438 η
2091 380 2212 436 dem
2258 383 2422 438 fuisse
2457 384 2657 453 inquit,
2709 386 2802 455 qui
2837 387 3216 459 subscripsere
3242 390 3294 444 in
3328 401 3476 447 sexta
3512 407 3652 464 syn-

423 459 487 526 τῇ
517 456 785 529 πενθέκττι
807 475 821 489 ’
858 460 994 530 ὅπερ
1027 463 1127 516 οὐκ
1158 463 1358 533 ἀληθὲς
1389 467 1452 519 ἐκ
1504 467 1613 519 τῶν
1653 469 1988 538 ὑπογραφῶν

421 549 734 619 ἐλέγχεται⁸
789 552 950 617 δῆλον
984 556 1093 626 γὰρ
1133 556 1212 626 τῷ
1264 558 1574 629 βουλομένῳ
1629 563 1983 630 συμϐάλλειν,

417 639 501 693 ὅτι
525 643 584 696 τὸ
627 642 879 697 πλεῖστον
907 647 1072 716 μέρος
1111 647 1220 701 τῶν
1245 649 1683 720 ὑπογραψάντων
1709 653 1984 722 διαφέρει,

417 732 476 796 ἐξ
497 728 574 786 ὧν
605 735 779 804 ἀληθῆ
812 736 1030 801 πάντως
1058 739 1396 808 εὑρίσκεται,
1423 741 1461 796 ἃ
1493 743 1695 812 γράφει
1719 747 1746 797 ό
1771 745 1983 798 Βιϐλιοο

415 825 681 897 θηκάριος
714 827 1068 892 Ἀναστάσιος
1119 831 1177 884 ἐν
1226 835 1302 901 τῷ
1352 835 1795 906 προσφωνητικῷ
1846 837 1984 908 πρὸς

429 915 682 986 Ἰωάννην
710 918 866 981 ὅγδον
894 921 986 972 τὸν
1017 922 1266 987 πάππαν,
1303 925 1774 994 καταϐαλλόμενος
1801 928 1986 996 προοί-

418 1027 540 1079 μιον
584 1013 650 1080 τῇ
685 1010 882 1064 ἑαυτοῦ
935 1014 1202 1086 ἑρμηνείᾳ
1247 1016 1344 1084 τῆς
1373 1016 1420 1080 ζ’
1451 1018 1673 1070 συνόδου
1701 1034 1717 1050 ·
1741 1018 1888 1086 λέγει
1924 1021 1982 1072 δὲ

414 1100 586 1155 ταῦτα
619 1118 634 1133 ⁸
679 1103 911 1156 ιἸστέον
942 1105 1000 1156 ἐν
1055 1107 1228 1178 ταύτῃ
1256 1111 1321 1179 τῇ
1357 1109 1399 1161 λ’
1446 1111 1648 1177 συνόδῳ
1699 1113 1982 1181 προσεῖναί

413 1211 535 1248 τινα
563 1194 625 1246 ἔκ
659 1211 718 1249 τε
745 1195 852 1247 τῶν
875 1197 1271 1266 ἁποστολικῶν,
1311 1203 1403 1253 καὶ
1432 1200 1542 1254 τῶν
1577 1202 1676 1272 τῆς
1705 1201 1759 1264 ς’
1798 1204 1978 1256 οίκου-

417 1287 645 1355 μενικῆς
685 1289 1174 1345 συνόδουτκανόνων
1203 1295 1298 1345 καὶ
1324 1296 1556 1363 ῥήσεων,
1580 1295 1615 1349 ἃ
1645 1295 1781 1366 παρ’
1815 1297 1976 1365 ἡμῖν,

411 1370 742 1446 δηλαδὴτοῖς
782 1381 1098 1451 Ῥωμαίοις.
1135 1384 1258 1437 οὗτε
1314 1387 1778 1456 διερμηνευθέντα
1808 1387 1974 1456 φέρε·

414 1487 525 1536 ται,
557 1470 684 1524 οὔτε
709 1473 983 1528 ἀπόδεκτά
1011 1477 1150 1532 ἐστι.
1183 1478 1314 1546 Περὶ
1343 1479 1439 1546 μὲν
1470 1478 1576 1547 γὰρ
1611 1479 1720 1531 τῶν
1747 1479 1979 1532 ἀποστο-

409 1562 577 1615 λικῶν
608 1563 846 1617 κανόνων
871 1566 1028 1629 ἴσμεν
1054 1569 1238 1635 σαφῶς
1260 1570 1430 1632 ἐνίους
1461 1569 1560 1638 τὴν
1587 1570 1695 1622 τῶν
1717 1571 1976 1623 τοιούτων

409 1655 649 1708 κανόνων
687 1658 997 1728 παραδοχὴν
1022 1659 1095 1730 μὴ
1130 1660 1328 1731 ῥαδίως
1375 1663 1670 1715 ποιεῖσθαι.
1707 1663 1814 1714 Καὶ
1865 1663 1970 1732 γὰρ

2089 468 2198 521 odo
2247 479 2302 523 et
2347 470 2399 523 in
2441 471 2783 540 quiniscxta;
2826 477 2972 544 quod
3030 494 3095 533 cx
3149 480 3651 551 subscriptionibus

2089 569 2236 628 patet
2291 577 2477 616 verum
2524 579 2633 618 non
2674 580 2794 621 esse
2820 585 2834 628 ;
2861 569 2905 622 si
2947 572 3072 638 quis
3111 572 3255 626 enim
3276 573 3528 628 conferre
3553 591 3650 627 vo-

2087 650 2274 715 luerit,
2303 655 2604 722 eomperiet
2633 657 2892 727 majorem
2949 669 3156 728 partem
3190 661 3282 730 qui
3307 663 3650 732 subscripse-

2087 749 2234 801 runt.
2293 755 2401 794 non
2445 755 2564 796 esse
2613 746 2852 802 eosdem.
2911 747 3195 804 Scribebat
3260 766 3391 806 sane
3437 761 3491 806 et
3539 753 3650 807 Leo

2087 829 2306 883 lsaurus
2359 832 2423 884 ad
2479 833 2798 900 Gregorium
2857 838 2919 903 ll,
2974 840 3107 900 Cur.
3146 841 3422 910 inquiens,
3459 843 3513 896 in
3553 860 3648 898 sex

2084 920 2334 974 conciliis
2353 921 2419 976 de
2440 923 2766 994 imaginibus
2792 928 2924 983 nihil
2949 941 3033 986 est
3061 931 3312 986 dictum?
3345 943 3399 988 et
3423 949 3650 1002 papare~

2084 1014 2480 1080 Spondit,nihil
2521 1016 2729 1072 dictum
2758 1035 2898 1075 esse.
2931 1021 3085 1087 Quod
3143 1038 3279 1093 papa
3307 1040 3414 1078 non
3445 1026 3647 1080 fatere-

2085 1113 2193 1168 tur,
2231 1121 2329 1161 nec
2367 1108 2664 1176 imperator
2694 1111 2981 1180 ohjicerct,
3004 1115 3048 1168 si
3070 1115 3379 1183 quinisexta
3399 1116 3644 1186 legitima

2085 1195 2401 1252 haberetur.
2457 1201 2532 1254 Ex
2591 1201 2792 1270 quibus
2838 1219 2963 1257 vera
3016 1219 3137 1260 esse
3199 1207 3641 1276 comperiuntur,

2081 1303 2201 1370 qua:
2243 1290 2436 1344 scribit
2478 1291 2935 1349 Bibliothecarius
2994 1296 3393 1352 Anastasiusin
3449 1298 3646 1366 praefa-

2085 1373 2231 1435 tione
2267 1397 2379 1436 suae
2409 1384 2461 1436 in
2495 1386 2782 1445 septimam
2831 1387 3098 1458 synodum
3169 1389 3644 1460 interpretationis

2080 1473 2144 1526 ad
2184 1474 2448 1528 Joannem
2488 1476 2596 1532 Vlll
2628 1497 2641 1532 :
2684 1497 2702 1529 ι
2737 1479 2876 1533 Sane
2909 1479 3210 1533 notandum
3242 1490 3328 1533 est
3349 1519 3362 1542 ,
3393 1481 3641 1549 quaedam

2081 1565 2132 1618 in
2171 1565 2272 1620 hac
2303 1567 2510 1637 synodo
2532 1584 2598 1622 ex
2643 1570 3016 1638 apostolorum
3052 1581 3107 1625 et
3136 1582 3305 1626 sexta:
3357 1571 3644 1626 universa-

2079 1657 2143 1711 lis
2195 1659 2387 1728 synodi
2439 1661 2744 1714 canonibus
2811 1670 2866 1715 et
2911 1662 3202 1717 sententiis
3230 1663 3484 1730 inveniri,
3521 1679 3643 1732 quae

407 1749 503 1800 καὶ
531 1750 559 1800 6
580 1749 917 1820 προκάτοχός
941 1768 1033 1804 σου
1070 1753 1299 1816 πάππας
1331 1755 1359 1807 ό
1402 1753 1819 1825 μακαριώτατος
1842 1755 1958 1806 Στέ‹

2078 1765 2245 1818 penes
2301 1765 2401 1804 nos
2450 1750 2810 1821 interpretata
2869 1768 2971 1806 nec
3003 1754 3282 1808 habentur
3307 1769 3408 1808 nec
3442 1756 3643 1808 admit-

408 1854 576 1906 φανος
605 1838 811 1892 τούτων
836 1841 895 1892 οὐ
923 1843 1142 1903 πλείους
1175 1844 1208 1912 ἢ
1240 1845 1575 1910 πεντήκοντα
1610 1845 1863 1906 δεκτέους
1892 1842 1973 1898 εί-

407 1946 495 1980 ναι
523 1929 809 1991 συνοδικῶς
838 1931 1177 2003 ἀπεφήνατο,
1203 1934 1252 1986 εί
1287 1936 1380 1986 καὶ
1408 1936 1714 2007 ἀρχιερέων
1753 1937 1970 2006 Ῥώμης

405 2020 598 2090 θεσμοί
629 2039 771 2082 τινες
802 2026 862 2074 ἐκ
920 2024 1028 2074 τῶν
1065 2025 1305 2077 κανόνων
1333 2026 1560 2079 ἐκείνων
1595 2029 1968 2097 παρειλῆφθαι

402 2113 666 2167 δοκοῦσιν.
693 2115 856 2168 Ὅθεν
886 2117 949 2185 δὴ
981 2116 1315 2183 θεσπίσματι
1345 2119 1443 2188 τῆς
1488 2119 1854 2189 ἀποστολικῆς
1873 2137 1965 2172 σου

402 2206 558 2270 ἀξίας
577 2206 636 2258 οὐ
663 2207 822 2274 μόνον
844 2208 1088 2272 ἐκείνους
1109 2209 1232 2272 τοὺς
1262 2216 1304 2262 ν’
1327 2209 1541 2280 δέχεται
1569 2210 1603 2280 ἡ
1644 2210 1966 2280 Ἐκκλησία,

401 2296 538 2348 ἀλλὰ
563 2297 657 2350 καὶ
685 2299 808 2362 τοὺς
830 2299 938 2352 τῶν
963 2301 1264 2371 ἀρχιερέων
1301 2302 1520 2372 Ῥώμης
1550 2302 1821 2365 ἅπαντας,
1879 2298 1965 2355 οἷα

399 2389 466 2457 δὴ
501 2389 817 2458 σαλπίγγων
877 2390 970 2444 τοῦ
1023 2391 1339 2461 Πνεύματος
1363 2408 1378 2424 °
1423 2393 1514 2446 val.
1565 2392 1674 2463 μὴν
1709 2393 1804 2445 καὶ
1839 2394 1966 2454 τοὺς

400 2481 655 2535 ἁπάντων
682 2482 912 2536 καθόλου
937 2487 1044 2538 τῶν
1078 2488 1347 2556 ἐκκρίτων
1379 2485 1658 2555 Πατέρων,
1713 2485 1807 2537 καὶ
1839 2486 1964 2545 τοὺς

398 2573 509 2625 τῶν
537 2574 696 2645 ίερῶν
734 2576 972 2630 συνόδων
998 2578 1230 2641 κανόνας
1272 2578 1366 2630 καὶ
1397 2578 1728 2648 διδάγματα,
1779 2576 1964 2628 ἐκεῖνα

398 2665 602 2735 δηλαδὴ
654 2667 816 2736 μόνα,
845 2670 902 2720 ἐν
929 2661 1012 2729 οἷς
1040 2669 1192 2720 οὐδὲν
1235 2669 1411 2722 ἔνεστι
1443 2671 1508 2738 τῇ
1551 2668 1830 2738 όρθοδοξίᾳ
1887 2667 1962 2737 μὴ

398 2758 709 2824 σύμφωνον,
741 2761 835 2811 καὶ
881 2761 946 2829 τῇ
982 2759 1236 2830 ὀρθότητι
1282 2760 1390 2814 τῶν
1422 2759 1570 2830 ἠθῶν
1619 2761 1960 2824 ὑπεναντίον,

395 2848 429 2913 ἦ
466 2850 571 2900 τοῖς
605 2847 834 2917 δόγμασι
863 2848 962 2915 τῆς
1007 2847 1323 2916 Ῥωμαῖκῆς
1377 2849 1480 2902 κᾶν
1523 2849 1704 2902 ὁτιοῦν
1739 2849 1961 2918 ἀντιφε-

394 2940 625 3009 ρόμενον
647 2955 660 2970 ο
697 2939 898 3008 μᾶλλον
949 2940 1007 2993 δὲ
1061 2941 1127 2993 τὰ
1159 2941 1404 3010 σφοδρῶς
1433 2941 1720 3009 μαχόμενα
1747 2943 1860 3004 τοῖς
1901 2939 1962 3004 ἐξ

2075 1850 2286 1896 tuntur.
2320 1842 2385 1896 Et
2410 1852 2557 1898 certe
2588 1843 2655 1898 de
2681 1845 3050 1914 apostolorum
3100 1847 3404 1900 canonibus
3431 1847 3640 1916 liquido

2075 1936 2346 1997 novimus,
2371 1935 2627 2003 quoniam
2652 1935 2737 1989 his
2766 1937 2987 2005 quidam
3037 1936 3195 1992 facile
3225 1954 3331 1991 non
3356 1938 3637 2008 praebuere

2071 2040 2425 2081 consensum.
2451 2025 2556 2080 Sed
2587 2035 2643 2081 et
2673 2028 3042 2094 prtederessor
3073 2037 3256 2084 vester
3275 2031 3470 2085 beatus
3501 2045 3636 2099 papa

2072 2116 2383 2186 Stephanus
2423 2133 2532 2171 non
2583 2133 2648 2171 ex
2703 2118 2790 2171 bis
2845 2119 2966 2186 plus
3026 2135 3191 2188 quam
3239 2121 3636 2191 quinquaginta

2071 2208 2413 2277 recipiendos
2463 2205 2724 2276 synodice
2782 2208 3172 2276 promulgavit,
3237 2209 3632 2278 Iicetquredam

2069 2301 2364 2355 constituta
2395 2301 2714 2370 pontiﬁcum
2740 2316 2803 2356 ex
2851 2300 2987 2370 ipsis
3016 2301 3326 2356 canonibus
3353 2313 3635 2370 assumpta

2065 2406 2188 2446 esse
2214 2390 2522 2445 vidcantur.
2556 2389 2711 2445 Unde
2737 2389 3043 2457 apostolatu
3074 2388 3269 2444 Vestro
3299 2387 3635 2444 decernente

2067 2497 2176 2536 non
2232 2483 2408 2538 solum
2476 2481 2600 2537 lllos
2659 2481 2806 2536 solos
2843 2481 3235 2551 quinquaginta
3259 2496 3498 2536 canones
3532 2481 3635 2536 Ec-

2065 2574 2229 2628 clesia
2268 2572 2482 2642 recipit,
2505 2572 2601 2626 sed
2624 2581 2888 2626 etomucs
2913 2572 3233 2640 pontiﬁcum
3259 2573 3631 2626 Romanorum

2066 2674 2254 2733 utpote
2311 2663 2550 2733 Spiritus
2600 2663 2776 2717 sancti
2830 2663 3108 2726 tubarum.
3145 2663 3274 2733 quia
3299 2674 3358 2717 et
3381 2663 3629 2716 omnium

2064 2757 2288 2812 omnino
2318 2756 2681 2828 probabilium
2719 2757 2971 2821 Patrum,
3012 2765 3069 2812 ct
3102 2764 3419 2810 sanctorum
3447 2755 3631 2810 conci-

2063 2843 2259 2898 liorum
2312 2845 2530 2913 regulas
2566 2853 2624 2900 et
2645 2843 3022 2900 institutiones
3048 2843 3310 2908 admittit,
3343 2845 3465 2899 illas
3484 2843 3629 2897 dune

2063 2944 2212 2990 taxat
2261 2950 2383 3004 quae
2440 2950 2543 2990 nec
2603 2946 2766 2992 reetaa
2825 2937 3126 3001 ﬁdei,nec
3157 2935 3348 3007 probis
3378 2936 3628 2990 moribus

391 3031 663 3094 ἐναντίας,
695 3031 939 3085 τουτέστι
968 3034 1078 3094 τοῖς
1118 3033 1437 3103 αἱρετικοῖς.
1490 3033 1631 3097 Τοὺς
1656 3033 1836 3086 τοίνυν
1861 3049 1958 3086 κα-

2062 3025 2307 3091 obviant,
2330 3027 2423 3081 sed
2449 3041 2550 3083 nec
2579 3028 2730 3084 sedis
2778 3028 3039 3084 Romana;
3076 3028 3320 3084 decretis
3354 3029 3422 3082 ad
3454 3028 3628 3081 modi-

390 3123 568 3187 νόνας,
595 3123 689 3184 οῦς
719 3141 882 3192 φασιν
901 3124 951 3176 oi
984 3124 1206 3196 Γραικοὶ¹
1230 3127 1332 3177 ὑπὸ
1363 3125 1460 3194 τῆς
1482 3125 1649 3195 ἓκτης
1672 3125 1956 3196 ἐκδοθῆναι

393 3216 608 3267 συνόδου
639 3215 732 3268 ἐπὶ
761 3215 1018 3270 τοσοῦτον
1047 3218 1075 3270 ό
1102 3219 1394 3286 κορυφαῖος
1424 3217 1639 3286 δέχεται
1681 3217 1872 3288 θρόνος
1897 3220 1956 3271 ἐν

387 3311 456 3377 τῇ
483 3309 730 3379 παρούσῃ
783 3309 982 3380 ἐϐδόμῃ
1026 3311 1246 3378 συνόδῳ,
1285 3313 1423 3365 ὥστε
1455 3311 1718 3381 μηδαμῶς
1751 3312 1811 3364 τὸ
1852 3329 1954 3364 πα-

389 3399 572 3468 ρὰπαν
599 3401 841 3462 ἐκείνους
892 3403 1164 3472 στέργειν,
1193 3403 1242 3456 οἳ
1277 3405 1388 3466 τοῖς
1441 3405 1730 3475 προτέροις
1768 3406 1954 3460 κανόσι

385 3494 482 3544 καὶ
507 3493 789 3560 διαταγαῖς
820 3494 930 3546 τῶν
976 3494 1147 3564 ἁγίων
1190 3495 1286 3548 τοῦ
1317 3496 1510 3565 θρόνου
1541 3497 1734 3550 τούτου
1763 3500 1952 3568 ἀρχιε-

388 3585 546 3654 ρέων,
575 3588 607 3656 ἢ
640 3585 772 3653 γοῦν
813 3590 878 3658 τῇ
928 3589 1217 3660 σεμνότητι
1248 3589 1360 3642 τῶν
1380 3590 1530 3660 ἠθῶν
1551 3591 1690 3644 εἰσιν
1710 3591 1954 3645 ἀντικείο

383 3695 562 3747 μενοι,
594 3681 642 3731 εί
664 3681 760 3733 καὶ
790 3681 940 3749 παρὰ
973 3683 1227 3744 Λατίνοις
1257 3683 1418 3753 μέχρι
1454 3682 1604 3736 τοῦδε
1637 3683 1953 3752 ξύμπαντες

377 3770 650 3836 ἄγνωστοι
679 3773 954 3836 παντελῶς
1004 3772 1339 3827 διατελοῦσιν
1365 3774 1539 3840 ὄντες,
1571 3775 1692 3828 οὐδὲ
1723 3778 1827 3847 γὰρ
1849 3777 1950 3846 ἡρο

379 3864 734 3935 ρηνεύοησαν
753 3881 768 3894 ’
803 3865 920 3918 ἀλλ’
946 3866 1070 3919 οὐδὲ
1093 3866 1354 3937 εὕρηνται
1381 3868 1436 3920 ἐν
1477 3870 1588 3931 τοῖς
1611 3868 1818 3933 λοιποῖς
1847 3887 1948 3922 πα-

376 3961 717 4026 τριαρχικοῐς
751 3956 984 4028 θρόνοις,
1021 3959 1224 4028 καίπερ
1263 3959 1476 4014 Ἐλλάδι
1506 3960 1812 4030 χρωμένοις
1840 3978 1950 4029 φωρ

375 4050 598 4116 νῇ,τοίς
639 4049 868 4102 ἐκείνων
909 4051 1153 4119 ἀρχείοις
1211 4052 1556 4117 ἐγκείμενοι⁸
1616 4054 1703 4104 ὅτι
1756 4052 1947 4121 μηδεὶς

371 4137 557 4190 αὐτῶν
585 4140 675 4192 ὅτε
721 4140 1032 4205 ἐξεδίδοντο,
1066 4141 1098 4210 ἢ
1139 4141 1500 4207 ουνεκδιδοὺς,
1537 4143 1568 4204 ἦ
1611 4142 1942 4212 συμφωνῶν,

371 4230 408 4296 ἢ
439 4230 632 4299 παρὼν
680 4232 815 4294 ὅλως
845 4230 1130 4301 ἐτύγχανε.
1177 4233 1367 4286 Καίτοι
1422 4233 1862 4287 διαϐεϐαιοῦνται
1898 4236 1946 4288 oi

373 4321 620 4388 Γραικοὶ,
657 4324 783 4384 τοὺς
815 4323 1042 4385 κανόνας
1070 4322 1292 4385 τούτους
1343 4323 1686 4376 ἐκτεθείσθαι
1733 4323 1824 4376 ὑπ’
1852 4326 1946 4376 αύ-

2060 3133 2182 3173 cum
2214 3117 2344 3186 quid
2380 3119 2686 3187 resultant;
2719 3121 2852 3191 quin
2912 3121 3096 3192 potius
3168 3120 3535 3184 adversarios,
3572 3119 3626 3174 id

2057 3221 2144 3267 est
2195 3212 2501 3278 luereticos,
2552 3221 2804 3283 potenter
2833 3215 3180 3283 itnpngnant.
3211 3213 3352 3284 Ergo
3387 3213 3623 3283 regulas,

2055 3320 2192 3376 quas
2240 3304 2410 3361 Graeci
2449 3320 2476 3359 a
2509 3315 2659 3361 sexta
2717 3305 2928 3376 synodo
2982 3305 3276 3375 perhibent
3311 3307 3512 3369 editas,
3551 3305 3624 3361 ita

2057 3399 2109 3452 in
2147 3399 2248 3452 hac
2277 3399 2485 3470 synodo
2517 3398 2836 3468 principalis
2897 3399 3056 3454 sedes
3105 3398 3368 3463 admittit,
3403 3407 3463 3452 ut
3496 3401 3622 3458 nul-.

2054 3491 2270 3546 latenus
2304 3505 2369 3545 ex
2404 3491 2471 3545 iis
2498 3491 2602 3546 illa:
2627 3491 2966 3560 recipiantur
3006 3506 3129 3560 qua:
3156 3491 3433 3560 prioribus
3459 3507 3625 3548 cano.

2055 3583 2218 3638 nibus
2263 3584 2348 3639 vel
2403 3584 2642 3639 decretis
2682 3597 3004 3640 sanctorum
3033 3584 3181 3640 sedis
3203 3583 3371 3654 hujus
3397 3585 3622 3653 pontiﬁ-

2053 3688 2199 3740 cum,
2234 3686 2324 3730 aut
2363 3685 2513 3732 certe
2545 3677 2702 3732 bonis
2719 3677 2962 3733 moribus
2982 3675 3620 3750 inveniunturadverstr.

2050 3769 2316 3835 Quamvis
2375 3785 2568 3825 omnes
2612 3772 2879 3825 hactenus
2923 3785 2990 3825 ex
3044 3778 3160 3825 toto
3194 3777 3446 3824 maneant
3473 3767 3620 3838 apud

2053 3865 2276 3919 Latinos
2327 3866 2634 3934 incognitae,
2665 3866 2792 3935 quia
2823 3879 2923 3920 nec
2965 3867 3364 3933 interpretatae;
3394 3862 3489 3918 sed
3517 3878 3620 3917 nec

2047 3956 2104 4018 in
2135 3966 2462 4010 caeterarum
2491 3956 2935 4022 patriarchalinm
2971 3954 3212 4014 sedium.
3266 3954 3400 4009 licet
3432 3952 3615 4008 Graeca

2051 4054 2277 4098 utantur
2332 4045 2536 4115 lingua,
2573 4046 2936 4115 reperiantur
2986 4043 3228 4098 archivis
3277 4059 3292 4097 :
3354 4042 3616 4097 nimirum

2047 4137 2173 4206 quia
2198 4137 2344 4192 nulla
2371 4152 2584 4201 earum,
2613 4153 2734 4191 cum
2759 4137 3078 4200 ederentur,
3103 4146 3198 4192 aut
3238 4135 3614 4206 promulgatis,

2047 4237 2140 4282 aut
2185 4229 2558 4292 consentiens,
2596 4238 2692 4284 aut
2741 4229 2929 4285 saltem
2988 4244 3229 4299 pra>sens
3257 4229 3475 4284 inventa
3510 4237 3612 4281 est.

2045 4320 2370 4393 Qqanquam
2432 4321 2650 4376 eosdem
2708 4321 2898 4376 Patres
2953 4323 3076 4378 illas
3133 4319 3305 4375 Graeci
3365 4319 3614 4388 promul-

370 4411 482 4463 τῶν
517 4413 743 4464 ἐκείνων
774 4414 881 4464 τῶν
933 4415 1214 4484 Πατέρω·ι,
1265 4415 1314 4467 οῖ
1362 4415 1462 4486 τὴν
1511 4417 1676 4485 ἕκτην
1725 4414 1940 4468 σύνοδον

2061 4431 2199 4476 {asse
2225 4415 2568 4484 perhibeant,
2600 4416 2690 4485 qui
2718 4415 2770 4468 in
2803 4423 2955 4468 sexta
2982 4413 3190 4485 synodo
3219 4405 3613 4483 suntinvcinti;

371 4507 762 4574 συνεκρότουν·
799 4506 936 4560 ἀλλὰ
960 4508 1118 4560 τοῦτο
1151 4509 1321 4574 δεῖξαι
1383 4509 1581 4576 σαφέσι
1613 4510 1939 4579 τεκμηρίοις

367 4597 471 4650 οὒκ
500 4597 566 4650 ἂν
587 4598 784 4667 ἔχοιεν.
824 4617 842 4648 ν

447 4688 610 4758 Ὁρᾷς
632 4690 713 4742 ὄτι
739 4688 864 4757 σύμ
893 4707 1002 4742 ωνα
1033 4693 1098 4759 τῇ
1133 4690 1370 4760 ἀληθεία¹
1388 4693 1588 4759 γρὰέει
1614 4693 1641 4744 6
1668 4693 1940 4761 ἑρμηνεὺς

378 4781 772 4846 Ἀναστάσιοςς
819 4781 948 4834 Ὄτε
998 4782 1130 4850 γοῦν
1169 4784 1484 4850 ἐπιχειρεῖς,
1514 4784 1664 4854 ὅτιὴ
1709 4781 1751 4847 ζ’
1786 4781 1941 4836 σύνο-

362 4873 451 4934 δος
486 4873 756 4944 μέμνηται
787 4873 1027 4927 κανόνων
1050 4875 1154 4926 τῶν
1183 4876 1243 4938 ἐξ
1266 4875 1661 4944 οίκουξιενικῶν
1683 4875 1936 4940 συνόδων,

361 4967 472 5034 ἄρα
503 4966 724 5018 καὶτῶν
751 4967 849 5031 τῆς
877 4966 1200 5033 πενθέκτης,
1225 4968 1258 5034 ἠ
1291 4967 1398 5036 γὰρ
1454 4967 1656 5035 κυρίως
1685 4973 1738 5031 ς’
1775 4967 1935 5020 κανό-

360 5074 458 5118 νας
479 5057 541 5108 οὐ
568 5059 905 5126 συνέγραψεν
926 5076 938 5090 ·
967 5059 1146 5126 ἀληθῆ
1176 5059 1376 5126 λέγεις,
1403 5059 1518 5111 ἀλλ’
1541 5061 1640 5112 οὐκ
1662 5060 1937 5127 ἀναγκαῖα

362 5148 458 5198 καὶ
491 5146 765 5216 ἐνθεσμςν
815 5149 972 5200 τοῦτο
1021 5152 1130 5216 γὰρ
1163 5151 1386 5202 ἐσκόπει
1424 5151 1701 5213 Ταράσιος
1731 5153 1758 5202 ό
1811 5151 1934 5214 τοὺς

359 5241 594 5301 κανόνας
623 5240 723 5308 τῆς
748 5238 792 5302 ζ’
817 5241 1036 5292 συνόδου
1061 5240 1529 5308 ύπαγορεύσας,τδ
1552 5242 1678 5302 τοὺς
1700 5241 1934 5304 κανόνας

358 5331 458 5395 «ἧς
498 5331 796 5399 πενθέκτης
843 5313 1167 5398 νοᾷισθῆναι
1216 5331 1472 5402 γνησίους
1506 5331 1640 5400 πρὸς
1687 5332 1747 5384 τὸ
1797 5333 1936 5385 ἀπε-

357 5421 547 5486 λέγξαι
597 5423 722 5485 τοὺς
765 5423 1204 5492 Εἰκονομαχους·
1264 5423 1407 5476 ῶστε
1440 5424 1547 5476 τῶν
1594 5424 1932 5478 ἀνατολικῶν

355 5508 425 5580 ἦν
475 5513 749 5583 ἡτοιαύτη
783 5515 1090 5584 οἰκονομία.
1134 5517 1191 5568 Ὀ
1234 5515 1290 5568 δὲ
1342 5519 1702 5580 ἀποστολικδς
1741 5518 1930 5586 θρόνος

352 5605 578 5664 τούτους
610 5604 733 5658 οὔτε
762 5607 1160 5673 ἐπεγίνωσκεν,
1189 5607 1309 5660 οὔτε
1363 5603 1477 5678 εἶχε
1515 5610 1782 5678 κανόναςλ
1811 5609 1930 5661 ἀλλ’

354 5698 448 5748 ἐπὶ
482 5696 733 5750 τοσοῦτον
765 5699 984 5765 ὲδέξιτο
1018 5701 1073 5752 ἐν
1104 5702 1166 5768 τῇ
1210 5701 1253 5762 ζ’
1297 5701 1510 5768 συνόδῳ,
1549 5703 1668 5757 ὅσον
1693 5703 1928 5756 ἐπιδοκι-

2048 4507 2142 4562 sed
2172 4507 2277 4562 hoc
2308 4508 2472 4562 nullis
2494 4507 2727 4578 probare
2751 4506 2918 4560 certis
2951 4513 3178 4574 possunt
3212 4501 3453 4558 indiciis.
3493 4520 3511 4552 ι

2113 4687 2276 4742 Vides
2307 4687 2660 4754 interpretem
2699 4683 3047 4738 Anastasium
3089 4697 3334 4738 consona
3363 4682 3612 4737 scribere

2043 4781 2294 4836 veritati?
2325 4779 2554 4846 Quando
2612 4777 2777 4847 igitur
2800 4775 3029 4845 arguis:
3067 4775 3311 4845 Septima
3368 4775 3612 4844 synodus

2042 4872 2294 4926 meminit
2347 4884 2618 4924 canonum
2659 4885 2752 4924 sex
2813 4869 3152 4940 generalium
3208 4870 3606 4936 conciliorum;

2038 4980 2170 5036 ergo
2197 4964 2363 5019 etiam
2410 4962 2757 5033 quinisexttc,
2810 4961 3260 5030 quandOQuidem
3311 4978 3450 5031 quze
3480 4978 3608 5017 vere

2037 5066 2189 5112 sexta
2233 5055 2355 5119 luit,
2414 5055 2595 5110 nullos
2640 5069 2880 5110 canones
2930 5055 3126 5119 edidit,
3157 5069 3284 5108 vera
3318 5056 3477 5130 dicis,
3509 5055 3606 5110 scd

2037 5167 2148 5206 non
2204 5149 2516 5205 necessario
2566 5159 2621 5204 et
2666 5149 2792 5217 jure
2847 5148 3252 5204 concludentia.
3276 5148 3411 5202 Nam
3435 5149 3604 5212 Taras-

2037 5245 2174 5306 sius.
2236 5244 2331 5311 qui
2397 5241 2641 5312 septimae
2696 5239 2892 5311 synodi
2943 5255 3181 5296 canones
3241 5241 3602 5308 conscripsit,

2037 5337 2140 5390 hoc
2190 5335 2432 5400 volebat,
2485 5332 2749 5389 nimirum
2801 5347 3045 5386 canones
3068 5330 3598 5402 quiniscxttehaberi

2036 5442 2132 5493 pro
2178 5425 2460 5494 legitimis,
2515 5436 2574 5479 ut
2601 5435 2780 5494 posset
2827 5424 3157 5494 redarguere
3191 5423 3598 5478 Iconomachos.

2035 5517 2220 5584 Itaque
2279 5515 2637 5572 Orientalium
2695 5518 2797 5571 fuit
2851 5515 3182 5584 excogitatio
3215 5515 3443 5576 hrcc;at
3469 5526 3599 5564 vero

2033 5611 2193 5662 sedes
2245 5609 2548 5678 apostolica
2601 5624 2701 5662 nec
2731 5608 3082 5676 agnoscebat,
3110 5621 3207 5660 nec
3242 5621 3340 5673 pro
3377 5607 3599 5654 canoni-

2032 5703 2135 5756 hus
2164 5701 2428 5767 habebat,
2458 5701 2553 5757 sed
2581 5715 2814 5758 eatenus
2848 5701 2900 5756 in
2930 5698 3160 5769 septima
3188 5693 3394 5767 synodo
3416 5708 3600 5750 susce-
