  <div class='ocr_page' id='page_1' title='image "/cluster/home/n/w/nwhite01/storage/ocr_20150623/149/hvd.32044073498818/437.png"; bbox 0 0 4064 6206; ppageno 0'>
   <div class='ocr_carea' id='block_1_1' title="bbox 469 313 578 382">
    <p class='ocr_par' dir='ltr' id='par_1_1' title="bbox 469 313 578 382">
     <span class='ocr_line' id='line_1_1' title="bbox 469 313 578 382; baseline -0.037 -1"><span class='ocrx_word' id='word_1_1' title='bbox 469 313 578 382; x_wconf 77' lang='lat'><strong>827</strong></span> 
     </span>
    </p>
   </div>
   <div class='ocr_carea' id='block_1_2' title="bbox 1625 313 2566 378">
    <p class='ocr_par' dir='ltr' id='par_1_2' title="bbox 1625 313 2566 378">
     <span class='ocr_line' id='line_1_2' title="bbox 1625 313 2566 378; baseline -0.003 -1"><span class='ocrx_word' id='word_1_2' title='bbox 1625 315 1988 378; x_wconf 74' lang='lat' dir='ltr'><strong>MATTILEI</strong></span> <span class='ocrx_word' id='word_1_3' title='bbox 2031 313 2566 376; x_wconf 68' lang='lat' dir='ltr'><strong>CARYOPHYLLI</strong></span> 
     </span>
    </p>
   </div>
   <div class='ocr_carea' id='block_1_3' title="bbox 3614 305 3726 378">
    <p class='ocr_par' dir='ltr' id='par_1_3' title="bbox 3614 305 3726 378">
     <span class='ocr_line' id='line_1_3' title="bbox 3614 305 3726 378; baseline 0 0"><span class='ocrx_word' id='word_1_4' title='bbox 3614 305 3726 378; x_wconf 69' lang='lat'><strong>828</strong></span> 
     </span>
    </p>
   </div>
   <div class='ocr_carea' id='block_1_4' title="bbox 474 423 2056 505">
    <p class='ocr_par' dir='ltr' id='par_1_4' title="bbox 474 423 2046 505">
     <span class='ocr_line' id='line_1_4' title="bbox 474 423 2046 505; baseline -0.001 -15"><span class='ocrx_word' id='word_1_5' title='bbox 474 435 579 505; x_wconf 82' lang='lat' dir='ltr'><strong>pit.</strong></span> <span class='ocrx_word' id='word_1_6' title='bbox 610 441 670 489; x_wconf 92' lang='lat' dir='ltr'><strong>ut</strong></span> <span class='ocrx_word' id='word_1_7' title='bbox 706 434 883 489; x_wconf 90' lang='lat' dir='ltr'><strong>solum</strong></span> <span class='ocrx_word' id='word_1_8' title='bbox 916 435 1173 502; x_wconf 86' lang='lat' dir='ltr'><strong>probaret</strong></span> <span class='ocrx_word' id='word_1_9' title='bbox 1202 445 1590 505; x_wconf 71' lang='lat' dir='ltr'><strong>argumentum</strong></span> <span class='ocrx_word' id='word_1_10' title='bbox 1620 434 1854 489; x_wconf 80' lang='lat' dir='ltr'><strong>canonis</strong></span> <span class='ocrx_word' id='word_1_11' title='bbox 1889 423 2046 488; x_wconf 67' lang='lat' dir='ltr'><strong>octo-</strong></span> 
     </span>
    </p>
   </div>
   <div class='ocr_carea' id='block_1_5' title="bbox 2157 423 3733 505">
    <p class='ocr_par' dir='ltr' id='par_1_5' title="bbox 2157 425 3733 500">
     <span class='ocr_line' id='line_1_5' title="bbox 2157 425 3733 500; baseline -0.003 -16"><span class='ocrx_word' id='word_1_12' title='bbox 2157 431 2324 498; x_wconf 84' lang='grc' dir='ltr'><strong>μάσαι</strong></span> <span class='ocrx_word' id='word_1_13' title='bbox 2351 429 2448 500; x_wconf 75' lang='grc' dir='ltr'><strong>τὴν</strong></span> <span class='ocrx_word' id='word_1_14' title='bbox 2477 431 2871 499; x_wconf 78' lang='grc' dir='ltr'><strong>ὲμφερομινην</strong></span> <span class='ocrx_word' id='word_1_15' title='bbox 2909 426 2988 498; x_wconf 83' lang='grc' dir='ltr'><strong>τῷ</strong></span> <span class='ocrx_word' id='word_1_16' title='bbox 3024 426 3123 496; x_wconf 81' lang='grc' dir='ltr'><strong>πβ⁹“</strong></span> <span class='ocrx_word' id='word_1_17' title='bbox 3159 425 3348 482; x_wconf 83' lang='grc' dir='ltr'><strong>κανόνι</strong></span> <span class='ocrx_word' id='word_1_18' title='bbox 3381 426 3615 492; x_wconf 71' lang='grc' dir='ltr'><strong>ἔννοιαν,</strong></span> <span class='ocrx_word' id='word_1_19' title='bbox 3661 425 3733 480; x_wconf 79' lang='grc' dir='ltr'><strong>δι’</strong></span> 
     </span>
    </p>
   </div>
   <div class='ocr_carea' id='block_1_6' title="bbox 474 527 2040 598">
    <p class='ocr_par' dir='ltr' id='par_1_6' title="bbox 474 527 2040 598">
     <span class='ocr_line' id='line_1_6' title="bbox 474 527 2040 598; baseline 0 -17"><span class='ocrx_word' id='word_1_20' title='bbox 474 527 665 595; x_wconf 78' lang='lat' dir='ltr'><strong>geslmi</strong></span> <span class='ocrx_word' id='word_1_21' title='bbox 717 529 967 594; x_wconf 82' lang='lat' dir='ltr'><strong>secundi,</strong></span> <span class='ocrx_word' id='word_1_22' title='bbox 1017 544 1114 598; x_wconf 84' lang='lat' dir='ltr'><strong>per</strong></span> <span class='ocrx_word' id='word_1_23' title='bbox 1169 543 1332 598; x_wconf 84' lang='lat' dir='ltr'><strong>quem</strong></span> <span class='ocrx_word' id='word_1_24' title='bbox 1370 530 1758 586; x_wconf 53' lang='lat' dir='ltr'><strong>icmmmaebia:</strong></span> <span class='ocrx_word' id='word_1_25' title='bbox 1816 527 2040 596; x_wconf 87' lang='lat' dir='ltr'><strong>perﬁdia</strong></span> 
     </span>
    </p>
   </div>
   <div class='ocr_carea' id='block_1_7' title="bbox 476 618 2043 692">
    <p class='ocr_par' dir='ltr' id='par_1_7' title="bbox 476 618 2043 692">
     <span class='ocr_line' id='line_1_7' title="bbox 476 618 2043 692; baseline 0.001 -22"><span class='ocrx_word' id='word_1_26' title='bbox 476 618 826 686; x_wconf 89' lang='lat' dir='ltr'><strong>reprobatur.</strong></span> <span class='ocrx_word' id='word_1_27' title='bbox 882 620 1066 690; x_wconf 87' lang='lat' dir='ltr'><strong>Itaque</strong></span> <span class='ocrx_word' id='word_1_28' title='bbox 1110 621 1423 692; x_wconf 78' lang='lat' dir='ltr'><strong>hujusuiodi</strong></span> <span class='ocrx_word' id='word_1_29' title='bbox 1471 621 1814 691; x_wconf 79' lang='lat' dir='ltr'><strong>argumentis</strong></span> <span class='ocrx_word' id='word_1_30' title='bbox 1857 620 1932 673; x_wconf 87' lang='lat' dir='ltr'><strong>uti</strong></span> <span class='ocrx_word' id='word_1_31' title='bbox 1975 619 2043 672; x_wconf 88' lang='lat' dir='ltr'><strong>ad</strong></span> 
     </span>
    </p>
   </div>
   <div class='ocr_carea' id='block_1_8' title="bbox 475 709 2043 778">
    <p class='ocr_par' dir='ltr' id='par_1_8' title="bbox 475 709 2043 778">
     <span class='ocr_line' id='line_1_8' title="bbox 475 709 2043 778; baseline 0.002 -17"><span class='ocrx_word' id='word_1_32' title='bbox 475 709 818 776; x_wconf 74' lang='lat' dir='ltr'><strong>probandum</strong></span> <span class='ocrx_word' id='word_1_33' title='bbox 850 711 1219 778; x_wconf 79' lang='lat' dir='ltr'><strong>quinisextam</strong></span> <span class='ocrx_word' id='word_1_34' title='bbox 1247 727 1369 768; x_wconf 85' lang='lat' dir='ltr'><strong>esse</strong></span> <span class='ocrx_word' id='word_1_35' title='bbox 1405 713 1832 777; x_wconf 74' lang='lat' dir='ltr'><strong>meumeuicam,</strong></span> <span class='ocrx_word' id='word_1_36' title='bbox 1869 711 2043 775; x_wconf 87' lang='lat' dir='ltr'><strong>idem,</strong></span> 
     </span>
    </p>
   </div>
   <div class='ocr_carea' id='block_1_9' title="bbox 473 799 2045 872">
    <p class='ocr_par' dir='ltr' id='par_1_9' title="bbox 473 799 2045 872">
     <span class='ocr_line' id='line_1_9' title="bbox 473 799 2045 872; baseline 0.003 -20"><span class='ocrx_word' id='word_1_37' title='bbox 473 799 614 864; x_wconf 73' lang='lat' dir='ltr'><strong>Nile,</strong></span> <span class='ocrx_word' id='word_1_38' title='bbox 680 815 784 866; x_wconf 71' lang='grc' dir='ltr'><strong>ρει,</strong></span> <span class='ocrx_word' id='word_1_39' title='bbox 824 805 993 872; x_wconf 86' lang='lat' dir='ltr'><strong>quod,</strong></span> <span class='ocrx_word' id='word_1_40' title='bbox 1050 805 1178 858; x_wconf 88' lang='lat' dir='ltr'><strong>dum</strong></span> <span class='ocrx_word' id='word_1_41' title='bbox 1243 820 1406 860; x_wconf 86' lang='lat' dir='ltr'><strong>causa</strong></span> <span class='ocrx_word' id='word_1_42' title='bbox 1435 805 1637 870; x_wconf 80' lang='lat' dir='ltr'><strong>agitur,</strong></span> <span class='ocrx_word' id='word_1_43' title='bbox 1663 802 1886 859; x_wconf 62' lang='lat' dir='ltr'><strong>Graecos</strong></span> <span class='ocrx_word' id='word_1_44' title='bbox 1919 819 2045 869; x_wconf 86' lang='lat' dir='ltr'><strong>pro-</strong></span> 
     </span>
    </p>
   </div>
   <div class='ocr_carea' id='block_1_10' title="bbox 476 888 2048 965">
    <p class='ocr_par' dir='ltr' id='par_1_10' title="bbox 476 888 2048 965">
     <span class='ocr_line' id='line_1_10' title="bbox 476 888 2048 965; baseline 0.004 -25"><span class='ocrx_word' id='word_1_45' title='bbox 476 888 619 943; x_wconf 81' lang='lat' dir='ltr'><strong>ferre</strong></span> <span class='ocrx_word' id='word_1_46' title='bbox 673 902 1066 958; x_wconf 82' lang='lat' dir='ltr'><strong>accusatores,</strong></span> <span class='ocrx_word' id='word_1_47' title='bbox 1125 904 1324 958; x_wconf 85' lang='lat' dir='ltr'><strong>testes.</strong></span> <span class='ocrx_word' id='word_1_48' title='bbox 1384 895 1598 965; x_wconf 72' lang='lat' dir='ltr'><strong>iudices</strong></span> <span class='ocrx_word' id='word_1_49' title='bbox 1655 902 1845 948; x_wconf 88' lang='lat' dir='ltr'><strong>contra</strong></span> <span class='ocrx_word' id='word_1_50' title='bbox 1901 890 2048 947; x_wconf 85' lang='lat' dir='ltr'><strong>Lati-</strong></span> 
     </span>
    </p>
   </div>
   <div class='ocr_carea' id='block_1_11' title="bbox 476 995 600 1034">
    <p class='ocr_par' dir='ltr' id='par_1_11' title="bbox 476 995 600 1034">
     <span class='ocr_line' id='line_1_11' title="bbox 476 995 600 1034; baseline 0.024 -3"><span class='ocrx_word' id='word_1_51' title='bbox 476 995 600 1034; x_wconf 79' lang='lat' dir='ltr'><strong>IIOS.</strong></span> 
     </span>
    </p>
   </div>
   <div class='ocr_carea' id='block_1_12' title="bbox 939 1096 1582 1168">
    <p class='ocr_par' dir='ltr' id='par_1_12' title="bbox 939 1096 1582 1168">
     <span class='ocr_line' id='line_1_12' title="bbox 939 1096 1582 1168; baseline 0.006 -16"><span class='ocrx_word' id='word_1_52' title='bbox 939 1096 1148 1153; x_wconf 87' lang='lat' dir='ltr'><strong>NlLUS</strong></span> <span class='ocrx_word' id='word_1_53' title='bbox 1196 1098 1352 1168; x_wconf 88' lang='lat' dir='ltr'><strong>(Cap.</strong></span> <span class='ocrx_word' id='word_1_54' title='bbox 1394 1097 1582 1167; x_wconf 86' lang='lat' dir='ltr'><strong>xvu).</strong></span> 
     </span>
    </p>
   </div>
   <div class='ocr_carea' id='block_1_13' title="bbox 550 1212 2050 1284">
    <p class='ocr_par' dir='ltr' id='par_1_13' title="bbox 550 1212 2050 1284">
     <span class='ocr_line' id='line_1_13' title="bbox 550 1212 2050 1284; baseline 0.003 -20"><span class='ocrx_word' id='word_1_55' title='bbox 550 1233 569 1264; x_wconf 81' lang='grc' dir='ltr'><strong>ι</strong></span> <span class='ocrx_word' id='word_1_56' title='bbox 608 1212 757 1268; x_wconf 80' lang='lat' dir='ltr'><strong>Adeo</strong></span> <span class='ocrx_word' id='word_1_57' title='bbox 807 1229 936 1267; x_wconf 79' lang='lat' dir='ltr'><strong>vero</strong></span> <span class='ocrx_word' id='word_1_58' title='bbox 992 1231 1138 1268; x_wconf 85' lang='lat' dir='ltr'><strong>ratos</strong></span> <span class='ocrx_word' id='word_1_59' title='bbox 1169 1215 1292 1269; x_wconf 82' lang='lat' dir='ltr'><strong>illos</strong></span> <span class='ocrx_word' id='word_1_60' title='bbox 1351 1231 1591 1270; x_wconf 77' lang='lat' dir='ltr'><strong>canones</strong></span> <span class='ocrx_word' id='word_1_61' title='bbox 1622 1216 1906 1270; x_wconf 68' lang='lat' dir='ltr'><strong>Rullianus</strong></span> <span class='ocrx_word' id='word_1_62' title='bbox 1934 1216 2050 1284; x_wconf 79' lang='lat' dir='ltr'><strong>cpt-</strong></span> 
     </span>
    </p>
   </div>
   <div class='ocr_carea' id='block_1_14' title="bbox 476 1297 2106 1378">
    <p class='ocr_par' dir='ltr' id='par_1_14' title="bbox 476 1297 2106 1378">
     <span class='ocr_line' id='line_1_14' title="bbox 476 1297 2106 1378; baseline 0.002 -20"><span class='ocrx_word' id='word_1_63' title='bbox 476 1320 676 1375; x_wconf 85' lang='lat' dir='ltr'><strong>sc0pus</strong></span> <span class='ocrx_word' id='word_1_64' title='bbox 737 1306 998 1373; x_wconf 91' lang='lat' dir='ltr'><strong>habebat,</strong></span> <span class='ocrx_word' id='word_1_65' title='bbox 1053 1309 1182 1362; x_wconf 87' lang='lat' dir='ltr'><strong>dum</strong></span> <span class='ocrx_word' id='word_1_66' title='bbox 1247 1324 1350 1377; x_wconf 86' lang='lat' dir='ltr'><strong>pax</strong></span> <span class='ocrx_word' id='word_1_67' title='bbox 1411 1308 1777 1363; x_wconf 82' lang='lat' dir='ltr'><strong>Ecclesiarum</strong></span> <span class='ocrx_word' id='word_1_68' title='bbox 1812 1309 2049 1378; x_wconf 75' lang='lat' dir='ltr'><strong>vigebat,</strong></span> <span class='ocrx_word' id='word_1_69' title='bbox 2103 1297 2106 1300; x_wconf 55' lang='grc'><strong>’</strong></span> 
     </span>
    </p>
   </div>
   <div class='ocr_carea' id='block_1_15' title="bbox 480 1397 2106 1468">
    <p class='ocr_par' dir='ltr' id='par_1_15' title="bbox 480 1397 2106 1468">
     <span class='ocr_line' id='line_1_15' title="bbox 480 1397 2106 1468; baseline 0.001 -20"><span class='ocrx_word' id='word_1_70' title='bbox 480 1407 538 1449; x_wconf 85' lang='grc' dir='ltr'><strong>ιιι</strong></span> <span class='ocrx_word' id='word_1_71' title='bbox 589 1397 866 1453; x_wconf 77' lang='lat' dir='ltr'><strong>Adriands</strong></span> <span class='ocrx_word' id='word_1_72' title='bbox 922 1414 1058 1468; x_wconf 88' lang='lat' dir='ltr'><strong>papa</strong></span> <span class='ocrx_word' id='word_1_73' title='bbox 1094 1400 1342 1455; x_wconf 86' lang='lat' dir='ltr'><strong>scribens</strong></span> <span class='ocrx_word' id='word_1_74' title='bbox 1379 1401 1447 1453; x_wconf 87' lang='lat' dir='ltr'><strong>ad</strong></span> <span class='ocrx_word' id='word_1_75' title='bbox 1476 1400 1784 1464; x_wconf 84' lang='lat' dir='ltr'><strong>Tarasium,</strong></span> <span class='ocrx_word' id='word_1_76' title='bbox 1815 1401 2053 1455; x_wconf 81' lang='lat' dir='ltr'><strong>adniira-</strong></span> <span class='ocrx_word' id='word_1_77' title='bbox 2103 1447 2106 1450; x_wconf 83' lang='lat'><strong>.</strong></span> 
     </span>
    </p>
   </div>
   <div class='ocr_carea' id='block_1_16' title="bbox 481 1489 2055 1562">
    <p class='ocr_par' dir='ltr' id='par_1_16' title="bbox 481 1489 2055 1562">
     <span class='ocr_line' id='line_1_16' title="bbox 481 1489 2055 1562; baseline 0.006 -24"><span class='ocrx_word' id='word_1_78' title='bbox 481 1495 634 1540; x_wconf 85' lang='lat' dir='ltr'><strong>retur</strong></span> <span class='ocrx_word' id='word_1_79' title='bbox 681 1489 826 1556; x_wconf 89' lang='lat' dir='ltr'><strong>quod</strong></span> <span class='ocrx_word' id='word_1_80' title='bbox 887 1489 934 1543; x_wconf 91' lang='lat' dir='ltr'><strong>is</strong></span> <span class='ocrx_word' id='word_1_81' title='bbox 978 1502 1182 1547; x_wconf 75' lang='lat' dir='ltr'><strong>saneta:</strong></span> <span class='ocrx_word' id='word_1_82' title='bbox 1247 1492 1413 1562; x_wconf 82' lang='lat' dir='ltr'><strong>hujus</strong></span> <span class='ocrx_word' id='word_1_83' title='bbox 1472 1492 1668 1561; x_wconf 85' lang='lat' dir='ltr'><strong>synodi</strong></span> <span class='ocrx_word' id='word_1_84' title='bbox 1723 1507 1967 1548; x_wconf 83' lang='lat' dir='ltr'><strong>canones</strong></span> <span class='ocrx_word' id='word_1_85' title='bbox 1999 1504 2055 1548; x_wconf 85' lang='lat' dir='ltr'><strong>et</strong></span> 
     </span>
    </p>
   </div>
   <div class='ocr_carea' id='block_1_17' title="bbox 479 1577 2049 1656">
    <p class='ocr_par' dir='ltr' id='par_1_17' title="bbox 479 1577 2049 1656">
     <span class='ocr_line' id='line_1_17' title="bbox 479 1577 2049 1656; baseline 0.004 -26"><span class='ocrx_word' id='word_1_86' title='bbox 479 1577 705 1632; x_wconf 82' lang='lat' dir='ltr'><strong>decreta</strong></span> <span class='ocrx_word' id='word_1_87' title='bbox 758 1587 989 1636; x_wconf 78' lang='lat' dir='ltr'><strong>teneret.</strong></span> <span class='ocrx_word' id='word_1_88' title='bbox 1051 1581 1243 1653; x_wconf 75' lang='lat' dir='ltr'><strong>Legito</strong></span> <span class='ocrx_word' id='word_1_89' title='bbox 1298 1587 1350 1638; x_wconf 88' lang='lat' dir='ltr'><strong>in</strong></span> <span class='ocrx_word' id='word_1_90' title='bbox 1413 1587 1552 1640; x_wconf 84' lang='lat' dir='ltr'><strong>actis</strong></span> <span class='ocrx_word' id='word_1_91' title='bbox 1584 1585 1830 1652; x_wconf 65' lang='lat' dir='ltr'><strong>septimm</strong></span> <span class='ocrx_word' id='word_1_92' title='bbox 1854 1582 2049 1656; x_wconf 81' lang='lat' dir='ltr'><strong>synodi</strong></span> 
     </span>
    </p>
   </div>
   <div class='ocr_carea' id='block_1_18' title="bbox 478 1669 2056 1744">
    <p class='ocr_par' dir='ltr' id='par_1_18' title="bbox 478 1669 2056 1744">
     <span class='ocr_line' id='line_1_18' title="bbox 478 1669 2056 1744; baseline 0.008 -24"><span class='ocrx_word' id='word_1_93' title='bbox 478 1684 546 1721; x_wconf 80' lang='lat' dir='ltr'><strong>ex</strong></span> <span class='ocrx_word' id='word_1_94' title='bbox 599 1669 828 1738; x_wconf 90' lang='lat' dir='ltr'><strong>epistola</strong></span> <span class='ocrx_word' id='word_1_95' title='bbox 888 1673 1114 1728; x_wconf 86' lang='lat' dir='ltr'><strong>Adriani</strong></span> <span class='ocrx_word' id='word_1_96' title='bbox 1162 1690 1315 1744; x_wconf 74' lang='lat' dir='ltr'><strong>papa:</strong></span> <span class='ocrx_word' id='word_1_97' title='bbox 1364 1676 1430 1730; x_wconf 88' lang='lat' dir='ltr'><strong>ad</strong></span> <span class='ocrx_word' id='word_1_98' title='bbox 1464 1676 1752 1731; x_wconf 82' lang='lat' dir='ltr'><strong>Tarasium</strong></span> <span class='ocrx_word' id='word_1_99' title='bbox 1784 1677 2056 1732; x_wconf 77' lang='lat' dir='ltr'><strong>Constan~</strong></span> 
     </span>
    </p>
   </div>
   <div class='ocr_carea' id='block_1_19' title="bbox 2148 519 3111 596">
    <p class='ocr_par' dir='ltr' id='par_1_19' title="bbox 2148 519 3111 596">
     <span class='ocr_line' id='line_1_19' title="bbox 2148 519 3111 596; baseline -0.005 -20"><span class='ocrx_word' id='word_1_100' title='bbox 2148 519 2216 596; x_wconf 78' lang='grc' dir='ltr'><strong>ἧς</strong></span> <span class='ocrx_word' id='word_1_101' title='bbox 2256 521 2632 592; x_wconf 79' lang='grc' dir='ltr'><strong>στηλιτεύεται</strong></span> <span class='ocrx_word' id='word_1_102' title='bbox 2659 525 2692 591; x_wconf 78' lang='grc' dir='ltr'>ἡ</span> <span class='ocrx_word' id='word_1_103' title='bbox 2726 519 3111 590; x_wconf 80' lang='grc' dir='ltr'><strong>εἰκονομαχία.</strong></span> 
     </span>
    </p>
   </div>
   <div class='ocr_carea' id='block_1_20' title="bbox 2221 611 3730 687">
    <p class='ocr_par' dir='ltr' id='par_1_20' title="bbox 2221 611 3730 687">
     <span class='ocr_line' id='line_1_20' title="bbox 2221 611 3730 687; baseline -0.004 -17"><span class='ocrx_word' id='word_1_104' title='bbox 2221 617 2459 670; x_wconf 83' lang='grc' dir='ltr'><strong>Τοιαῦτα</strong></span> <span class='ocrx_word' id='word_1_105' title='bbox 2483 616 2616 686; x_wconf 65' lang='grc' dir='ltr'><strong>γοῦν</strong></span> <span class='ocrx_word' id='word_1_106' title='bbox 2646 613 2968 687; x_wconf 79' lang='grc' dir='ltr'><strong>προϐάλλειν</strong></span> <span class='ocrx_word' id='word_1_107' title='bbox 3015 613 3424 682; x_wconf 78' lang='grc' dir='ltr'><strong>ἐπιχειρήματα</strong></span> <span class='ocrx_word' id='word_1_108' title='bbox 3475 612 3613 680; x_wconf 73' lang='grc' dir='ltr'><strong>πρὸς</strong></span> <span class='ocrx_word' id='word_1_109' title='bbox 3667 611 3730 664; x_wconf 83' lang='grc' dir='ltr'><strong>τδ</strong></span> 
     </span>
    </p>
   </div>
   <div class='ocr_carea' id='block_1_21' title="bbox 2151 706 3725 778">
    <p class='ocr_par' dir='ltr' id='par_1_21' title="bbox 2151 706 3725 778">
     <span class='ocr_line' id='line_1_21' title="bbox 2151 706 3725 778; baseline -0.006 -16"><span class='ocrx_word' id='word_1_110' title='bbox 2151 710 2250 777; x_wconf 80' lang='grc' dir='ltr'><strong>τὴν</strong></span> <span class='ocrx_word' id='word_1_111' title='bbox 2270 711 2572 778; x_wconf 78' lang='grc' dir='ltr'><strong>πενοέκτην</strong></span> <span class='ocrx_word' id='word_1_112' title='bbox 2594 706 2870 773; x_wconf 72' lang='grc' dir='ltr'><strong>ἀποδεῖξαι</strong></span> <span class='ocrx_word' id='word_1_113' title='bbox 2899 706 3290 776; x_wconf 83' lang='grc' dir='ltr'><strong>οίκουμενικὴν</strong></span> <span class='ocrx_word' id='word_1_114' title='bbox 3333 706 3528 758; x_wconf 86' lang='grc' dir='ltr'><strong>ταυτόν</strong></span> <span class='ocrx_word' id='word_1_115' title='bbox 3554 707 3725 764; x_wconf 79' lang='grc' dir='ltr'><strong>ἐστιν,</strong></span> 
     </span>
    </p>
   </div>
   <div class='ocr_carea' id='block_1_22' title="bbox 2152 795 3726 867">
    <p class='ocr_par' dir='ltr' id='par_1_22' title="bbox 2152 795 3726 867">
     <span class='ocr_line' id='line_1_22' title="bbox 2152 795 3726 867; baseline -0.007 -11"><span class='ocrx_word' id='word_1_116' title='bbox 2152 795 2198 856; x_wconf 80' lang='grc' dir='ltr'>ὧ</span> <span class='ocrx_word' id='word_1_117' title='bbox 2225 802 2405 865; x_wconf 73' lang='grc' dir='ltr'><strong>Νεῖλε,</strong></span> <span class='ocrx_word' id='word_1_118' title='bbox 2435 803 2528 855; x_wconf 75' lang='grc' dir='ltr'><strong>καὶ</strong></span> <span class='ocrx_word' id='word_1_119' title='bbox 2559 800 2617 856; x_wconf 67' lang='grc' dir='ltr'><strong>τό</strong></span> <span class='ocrx_word' id='word_1_120' title='bbox 2665 801 2824 867; x_wconf 79' lang='grc' dir='ltr'><strong>δίκης</strong></span> <span class='ocrx_word' id='word_1_121' title='bbox 2858 797 3230 866; x_wconf 73' lang='grc' dir='ltr'><strong>ἀνισταμένης</strong></span> <span class='ocrx_word' id='word_1_122' title='bbox 3258 797 3555 866; x_wconf 78' lang='grc' dir='ltr'><strong>προφέρειν</strong></span> <span class='ocrx_word' id='word_1_123' title='bbox 3599 797 3726 857; x_wconf 67' lang='grc' dir='ltr'><strong>τοὺς</strong></span> 
     </span>
    </p>
   </div>
   <div class='ocr_carea' id='block_1_23' title="bbox 2153 887 3732 962">
    <p class='ocr_par' dir='ltr' id='par_1_23' title="bbox 2153 887 3732 962">
     <span class='ocr_line' id='line_1_23' title="bbox 2153 887 3732 962; baseline -0.006 -16"><span class='ocrx_word' id='word_1_124' title='bbox 2153 895 2422 962; x_wconf 63' lang='grc' dir='ltr'><strong>Γραικοὺς</strong></span> <span class='ocrx_word' id='word_1_125' title='bbox 2452 895 2592 945; x_wconf 56' lang='grc' dir='ltr'><strong>κατὰ</strong></span> <span class='ocrx_word' id='word_1_126' title='bbox 2619 892 2866 945; x_wconf 80' lang='grc' dir='ltr'><strong>Λατίνων</strong></span> <span class='ocrx_word' id='word_1_127' title='bbox 2921 889 3284 959; x_wconf 78' lang='grc' dir='ltr'><strong>κατηγόρους,</strong></span> <span class='ocrx_word' id='word_1_128' title='bbox 3318 887 3604 957; x_wconf 77' lang='grc' dir='ltr'><strong>μάρτυρας</strong></span> <span class='ocrx_word' id='word_1_129' title='bbox 3633 887 3732 938; x_wconf 80' lang='grc' dir='ltr'><strong>καὶ</strong></span> 
     </span>
    </p>
   </div>
   <div class='ocr_carea' id='block_1_24' title="bbox 2153 986 2441 1046">
    <p class='ocr_par' dir='ltr' id='par_1_24' title="bbox 2153 986 2441 1046">
     <span class='ocr_line' id='line_1_24' title="bbox 2153 986 2441 1046; baseline -0.007 -7"><span class='ocrx_word' id='word_1_130' title='bbox 2153 986 2441 1046; x_wconf 77' lang='grc' dir='ltr'><strong>δικαστάς.</strong></span> 
     </span>
    </p>
   </div>
   <div class='ocr_carea' id='block_1_25' title="bbox 2799 1092 3071 1148">
    <p class='ocr_par' dir='ltr' id='par_1_25' title="bbox 2799 1092 3071 1148">
     <span class='ocr_line' id='line_1_25' title="bbox 2799 1092 3071 1148; baseline -0.011 0"><span class='ocrx_word' id='word_1_131' title='bbox 2799 1092 3071 1148; x_wconf 79' lang='grc' dir='ltr'><strong>ΝΕΙΛΟΣ.</strong></span> 
     </span>
    </p>
   </div>
   <div class='ocr_carea' id='block_1_26' title="bbox 2231 1205 3734 1276">
    <p class='ocr_par' dir='ltr' id='par_1_26' title="bbox 2231 1205 3734 1276">
     <span class='ocr_line' id='line_1_26' title="bbox 2231 1205 3734 1276; baseline -0.007 -11"><span class='ocrx_word' id='word_1_132' title='bbox 2231 1233 2248 1265; x_wconf 84' lang='grc' dir='ltr'><strong>ι</strong></span> <span class='ocrx_word' id='word_1_133' title='bbox 2279 1214 2435 1268; x_wconf 86' lang='grc' dir='ltr'><strong>Οὖτω</strong></span> <span class='ocrx_word' id='word_1_134' title='bbox 2489 1213 2543 1266; x_wconf 83' lang='grc' dir='ltr'><strong>δέ</strong></span> <span class='ocrx_word' id='word_1_135' title='bbox 2579 1214 2698 1273; x_wconf 79' lang='grc' dir='ltr'><strong>τοὺς</strong></span> <span class='ocrx_word' id='word_1_136' title='bbox 2743 1215 2973 1274; x_wconf 83' lang='grc' dir='ltr'><strong>κανόνας</strong></span> <span class='ocrx_word' id='word_1_137' title='bbox 3015 1210 3260 1270; x_wconf 76' lang='grc' dir='ltr'><strong>ἐκείνους</strong></span> <span class='ocrx_word' id='word_1_138' title='bbox 3295 1207 3514 1276; x_wconf 82' lang='grc' dir='ltr'><strong>κυρίους</strong></span> <span class='ocrx_word' id='word_1_139' title='bbox 3545 1205 3734 1274; x_wconf 75' lang='grc' dir='ltr'><strong>ἠγεῖτο</strong></span> 
     </span>
    </p>
   </div>
   <div class='ocr_carea' id='block_1_27' title="bbox 2158 1289 3735 1376">
    <p class='ocr_par' dir='ltr' id='par_1_27' title="bbox 2158 1289 3735 1376">
     <span class='ocr_line' id='line_1_27' title="bbox 2158 1289 3735 1376; baseline -0.01 -14"><span class='ocrx_word' id='word_1_140' title='bbox 2158 1307 2250 1359; x_wconf 76' lang='grc' dir='ltr'><strong>καὶ</strong></span> <span class='ocrx_word' id='word_1_141' title='bbox 2281 1306 2310 1357; x_wconf 76' lang='grc' dir='ltr'><strong>ὁ</strong></span> <span class='ocrx_word' id='word_1_142' title='bbox 2333 1309 2430 1376; x_wconf 84' lang='grc' dir='ltr'><strong>τῆς</strong></span> <span class='ocrx_word' id='word_1_143' title='bbox 2477 1305 2695 1374; x_wconf 82' lang='grc' dir='ltr'><strong>Ῥώμης</strong></span> <span class='ocrx_word' id='word_1_144' title='bbox 2736 1304 3053 1368; x_wconf 74' lang='grc' dir='ltr'><strong>ἐπίσκοπος,</strong></span> <span class='ocrx_word' id='word_1_145' title='bbox 3089 1302 3193 1366; x_wconf 73' lang='grc' dir='ltr'><strong>ἕως</strong></span> <span class='ocrx_word' id='word_1_146' title='bbox 3228 1303 3287 1353; x_wconf 86' lang='grc' dir='ltr'><strong>ἐν</strong></span> <span class='ocrx_word' id='word_1_147' title='bbox 3313 1289 3506 1369; x_wconf 74' lang='grc' dir='ltr'><strong>εἰρήνῃ</strong></span> <span class='ocrx_word' id='word_1_148' title='bbox 3539 1297 3609 1348; x_wconf 75' lang='grc' dir='ltr'><strong>τὰ</strong></span> <span class='ocrx_word' id='word_1_149' title='bbox 3641 1299 3735 1348; x_wconf 76' lang='grc' dir='ltr'><strong>ἐκ-</strong></span> 
     </span>
    </p>
   </div>
   <div class='ocr_carea' id='block_1_28' title="bbox 2159 1389 3733 1466">
    <p class='ocr_par' dir='ltr' id='par_1_28' title="bbox 2159 1389 3733 1466">
     <span class='ocr_line' id='line_1_28' title="bbox 2159 1389 3733 1466; baseline -0.009 -15"><span class='ocrx_word' id='word_1_150' title='bbox 2159 1399 2522 1466; x_wconf 78' lang='grc' dir='ltr'><strong>κλησιαστικά</strong></span> <span class='ocrx_word' id='word_1_151' title='bbox 2572 1396 2849 1449; x_wconf 82' lang='grc' dir='ltr'><strong>διετέλουν</strong></span> <span class='ocrx_word' id='word_1_152' title='bbox 2901 1396 3054 1456; x_wconf 87' lang='grc' dir='ltr'><strong>ὁντα,</strong></span> <span class='ocrx_word' id='word_1_153' title='bbox 3117 1394 3192 1454; x_wconf 85' lang='grc' dir='ltr'><strong>ὡς</strong></span> <span class='ocrx_word' id='word_1_154' title='bbox 3228 1392 3321 1444; x_wconf 81' lang='grc' dir='ltr'><strong>καὶ</strong></span> <span class='ocrx_word' id='word_1_155' title='bbox 3351 1391 3442 1443; x_wconf 84' lang='grc' dir='ltr'><strong>τὸν</strong></span> <span class='ocrx_word' id='word_1_156' title='bbox 3497 1389 3733 1441; x_wconf 76' lang='grc' dir='ltr'><strong>πάππαν</strong></span> 
     </span>
    </p>
   </div>
   <div class='ocr_carea' id='block_1_29' title="bbox 2171 1479 3735 1559">
    <p class='ocr_par' dir='ltr' id='par_1_29' title="bbox 2171 1479 3735 1559">
     <span class='ocr_line' id='line_1_29' title="bbox 2171 1479 3735 1559; baseline -0.009 -16"><span class='ocrx_word' id='word_1_157' title='bbox 2171 1489 2448 1559; x_wconf 77' lang='grc' dir='ltr'><strong>Ἀδριανὸν</strong></span> <span class='ocrx_word' id='word_1_158' title='bbox 2476 1489 2737 1558; x_wconf 84' lang='grc' dir='ltr'><strong>Ταρασίῳ</strong></span> <span class='ocrx_word' id='word_1_159' title='bbox 2783 1487 3073 1557; x_wconf 82' lang='grc' dir='ltr'><strong>γράφοντα</strong></span> <span class='ocrx_word' id='word_1_160' title='bbox 3113 1484 3200 1536; x_wconf 70' lang='grc' dir='ltr'><strong>διὰ</strong></span> <span class='ocrx_word' id='word_1_161' title='bbox 3249 1481 3525 1548; x_wconf 78' lang='grc' dir='ltr'><strong>θαύματος</strong></span> <span class='ocrx_word' id='word_1_162' title='bbox 3573 1479 3735 1545; x_wconf 79' lang='grc' dir='ltr'><strong>ἄγειν</strong></span> 
     </span>
    </p>
   </div>
   <div class='ocr_carea' id='block_1_30' title="bbox 2160 1571 3729 1646">
    <p class='ocr_par' dir='ltr' id='par_1_30' title="bbox 2160 1571 3729 1646">
     <span class='ocr_line' id='line_1_30' title="bbox 2160 1571 3729 1646; baseline -0.008 -12"><span class='ocrx_word' id='word_1_163' title='bbox 2160 1582 2227 1634; x_wconf 71' lang='grc' dir='ltr'><strong>τὰ</strong></span> <span class='ocrx_word' id='word_1_164' title='bbox 2262 1579 2380 1633; x_wconf 75' lang='grc' dir='ltr'><strong>κατ’</strong></span> <span class='ocrx_word' id='word_1_165' title='bbox 2407 1580 2588 1640; x_wconf 72' lang='grc' dir='ltr'><strong>αὐτὸν,</strong></span> <span class='ocrx_word' id='word_1_166' title='bbox 2631 1579 2940 1646; x_wconf 74' lang='grc' dir='ltr'><strong>ἐμμένοντα</strong></span> <span class='ocrx_word' id='word_1_167' title='bbox 2969 1578 3080 1639; x_wconf 76' lang='grc' dir='ltr'><strong>τοῖς</strong></span> <span class='ocrx_word' id='word_1_168' title='bbox 3117 1575 3220 1628; x_wconf 75' lang='grc' dir='ltr'><strong>ὑπὸ</strong></span> <span class='ocrx_word' id='word_1_169' title='bbox 3258 1575 3354 1642; x_wconf 81' lang='grc' dir='ltr'><strong>τῆς</strong></span> <span class='ocrx_word' id='word_1_170' title='bbox 3386 1573 3545 1640; x_wconf 80' lang='grc' dir='ltr'><strong>ἁγίας</strong></span> <span class='ocrx_word' id='word_1_171' title='bbox 3593 1571 3729 1623; x_wconf 82' lang='grc' dir='ltr'><strong>ταύ·</strong></span> 
     </span>
    </p>
   </div>
   <div class='ocr_carea' id='block_1_31' title="bbox 2160 1661 3733 1739">
    <p class='ocr_par' dir='ltr' id='par_1_31' title="bbox 2160 1661 3733 1739">
     <span class='ocr_line' id='line_1_31' title="bbox 2160 1661 3733 1739; baseline -0.007 -17"><span class='ocrx_word' id='word_1_172' title='bbox 2160 1687 2258 1739; x_wconf 88' lang='grc' dir='ltr'><strong>της</strong></span> <span class='ocrx_word' id='word_1_173' title='bbox 2283 1669 2500 1722; x_wconf 81' lang='grc' dir='ltr'><strong>συνόδου</strong></span> <span class='ocrx_word' id='word_1_174' title='bbox 2547 1668 2842 1730; x_wconf 70' lang='grc' dir='ltr'><strong>κανονικῶς</strong></span> <span class='ocrx_word' id='word_1_175' title='bbox 2899 1667 3215 1736; x_wconf 74' lang='grc' dir='ltr'><strong>ὁρισθεῖσιν.</strong></span> <span class='ocrx_word' id='word_1_176' title='bbox 3256 1663 3559 1729; x_wconf 74' lang='grc' dir='ltr'><strong>Ἀνάγνωϐι</strong></span> <span class='ocrx_word' id='word_1_177' title='bbox 3621 1661 3733 1713; x_wconf 76' lang='grc' dir='ltr'><strong>ἀπὸ</strong></span> 
     </span>
    </p>
   </div>
   <div class='ocr_carea' id='block_1_32' title="bbox 483 1754 2056 1840">
    <p class='ocr_par' dir='ltr' id='par_1_32' title="bbox 483 1759 2051 1836">
     <span class='ocr_line' id='line_1_32' title="bbox 483 1759 2051 1836; baseline 0.01 -28"><span class='ocrx_word' id='word_1_178' title='bbox 483 1759 906 1828; x_wconf 85' lang='lat' dir='ltr'><strong>tinopolitanum</strong></span> <span class='ocrx_word' id='word_1_179' title='bbox 966 1762 1080 1818; x_wconf 57' lang='lat' dir='ltr'><strong>base</strong></span> <span class='ocrx_word' id='word_1_180' title='bbox 1116 1774 1131 1816; x_wconf 90' lang='lat'><strong>:</strong></span> <span class='ocrx_word' id='word_1_181' title='bbox 1177 1784 1194 1816; x_wconf 87' lang='grc' dir='ltr'><strong>ι</strong></span> <span class='ocrx_word' id='word_1_182' title='bbox 1230 1765 1549 1826; x_wconf 84' lang='lat' dir='ltr'><strong>Invenimus</strong></span> <span class='ocrx_word' id='word_1_183' title='bbox 1603 1777 1788 1820; x_wconf 90' lang='lat' dir='ltr'><strong>autem</strong></span> <span class='ocrx_word' id='word_1_184' title='bbox 1825 1769 1877 1821; x_wconf 94' lang='lat' dir='ltr'><strong>in</strong></span> <span class='ocrx_word' id='word_1_185' title='bbox 1910 1785 2051 1836; x_wconf 77' lang='lat' dir='ltr'><strong>pra:-</strong></span> 
     </span>
    </p>
   </div>
   <div class='ocr_carea' id='block_1_33' title="bbox 2157 1754 3729 1840">
    <p class='ocr_par' dir='ltr' id='par_1_33' title="bbox 2159 1754 3729 1830">
     <span class='ocr_line' id='line_1_33' title="bbox 2159 1754 3729 1830; baseline -0.008 -15"><span class='ocrx_word' id='word_1_186' title='bbox 2159 1761 2269 1815; x_wconf 84' lang='grc' dir='ltr'><strong>τῶν</strong></span> <span class='ocrx_word' id='word_1_187' title='bbox 2303 1759 2628 1830; x_wconf 80' lang='grc' dir='ltr'><strong>Πρακτικῶν</strong></span> <span class='ocrx_word' id='word_1_188' title='bbox 2671 1758 2768 1826; x_wconf 79' lang='grc' dir='ltr'><strong>τῆς</strong></span> <span class='ocrx_word' id='word_1_189' title='bbox 2798 1758 2842 1822; x_wconf 76' lang='grc' dir='ltr'><strong>ζ’</strong></span> <span class='ocrx_word' id='word_1_190' title='bbox 2881 1759 3122 1823; x_wconf 81' lang='grc' dir='ltr'><strong>συνόδου,</strong></span> <span class='ocrx_word' id='word_1_191' title='bbox 3163 1758 3270 1809; x_wconf 70' lang='grc' dir='ltr'><strong>ἁπὸ</strong></span> <span class='ocrx_word' id='word_1_192' title='bbox 3299 1757 3397 1823; x_wconf 73' lang='grc' dir='ltr'><strong>τῆς</strong></span> <span class='ocrx_word' id='word_1_193' title='bbox 3437 1754 3729 1822; x_wconf 73' lang='grc' dir='ltr'><strong>ἐπιστολῆς</strong></span> 
     </span>
    </p>
   </div>
   <div class='ocr_carea' id='block_1_34' title="bbox 481 1846 2049 1928">
    <p class='ocr_par' dir='ltr' id='par_1_34' title="bbox 481 1846 2049 1928">
     <span class='ocr_line' id='line_1_34' title="bbox 481 1846 2049 1928; baseline 0.01 -31"><span class='ocrx_word' id='word_1_194' title='bbox 481 1846 625 1899; x_wconf 77' lang='lat' dir='ltr'><strong>dicta</strong></span> <span class='ocrx_word' id='word_1_195' title='bbox 680 1850 940 1918; x_wconf 84' lang='lat' dir='ltr'><strong>synodica</strong></span> <span class='ocrx_word' id='word_1_196' title='bbox 999 1852 1230 1920; x_wconf 87' lang='lat' dir='ltr'><strong>epistola</strong></span> <span class='ocrx_word' id='word_1_197' title='bbox 1293 1855 1612 1910; x_wconf 83' lang='lat' dir='ltr'><strong>Sanctitatis</strong></span> <span class='ocrx_word' id='word_1_198' title='bbox 1671 1856 1876 1912; x_wconf 71' lang='lat' dir='ltr'><strong>Vestra:</strong></span> <span class='ocrx_word' id='word_1_199' title='bbox 1925 1869 2049 1928; x_wconf 87' lang='lat' dir='ltr'><strong>post</strong></span> 
     </span>
    </p>
   </div>
   <div class='ocr_carea' id='block_1_35' title="bbox 482 1937 2047 2018">
    <p class='ocr_par' dir='ltr' id='par_1_35' title="bbox 482 1937 2047 2018">
     <span class='ocr_line' id='line_1_35' title="bbox 482 1937 2047 2018; baseline 0.01 -31"><span class='ocrx_word' id='word_1_200' title='bbox 482 1937 878 2004; x_wconf 78' lang='lat' dir='ltr'><strong>plenitudinem</strong></span> <span class='ocrx_word' id='word_1_201' title='bbox 909 1940 1035 1996; x_wconf 89' lang='lat' dir='ltr'><strong>ﬁdei</strong></span> <span class='ocrx_word' id='word_1_202' title='bbox 1063 1951 1121 1997; x_wconf 89' lang='lat' dir='ltr'><strong>et</strong></span> <span class='ocrx_word' id='word_1_203' title='bbox 1164 1943 1568 1999; x_wconf 80' lang='lat' dir='ltr'><strong>confessionem</strong></span> <span class='ocrx_word' id='word_1_204' title='bbox 1603 1946 1746 2000; x_wconf 84' lang='lat' dir='ltr'><strong>sacri</strong></span> <span class='ocrx_word' id='word_1_205' title='bbox 1778 1945 2047 2018; x_wconf 87' lang='lat' dir='ltr'><strong>Symboli,</strong></span> 
     </span>
    </p>
   </div>
   <div class='ocr_carea' id='block_1_36' title="bbox 479 2029 2050 2106">
    <p class='ocr_par' dir='ltr' id='par_1_36' title="bbox 479 2029 2050 2106">
     <span class='ocr_line' id='line_1_36' title="bbox 479 2029 2050 2106; baseline 0.008 -26"><span class='ocrx_word' id='word_1_206' title='bbox 479 2037 532 2080; x_wconf 86' lang='lat' dir='ltr'><strong>et</strong></span> <span class='ocrx_word' id='word_1_207' title='bbox 561 2029 803 2083; x_wconf 89' lang='lat' dir='ltr'><strong>omnium</strong></span> <span class='ocrx_word' id='word_1_208' title='bbox 831 2040 1141 2086; x_wconf 89' lang='lat' dir='ltr'><strong>sanctarum</strong></span> <span class='ocrx_word' id='word_1_209' title='bbox 1170 2047 1264 2088; x_wconf 83' lang='lat' dir='ltr'><strong>sex</strong></span> <span class='ocrx_word' id='word_1_210' title='bbox 1307 2038 1670 2106; x_wconf 86' lang='lat' dir='ltr'><strong>synodorum,</strong></span> <span class='ocrx_word' id='word_1_211' title='bbox 1694 2046 1750 2091; x_wconf 81' lang='lat' dir='ltr'><strong>et</strong></span> <span class='ocrx_word' id='word_1_212' title='bbox 1784 2038 1852 2093; x_wconf 91' lang='lat' dir='ltr'><strong>de</strong></span> <span class='ocrx_word' id='word_1_213' title='bbox 1877 2040 2050 2094; x_wconf 87' lang='lat' dir='ltr'><strong>sacris</strong></span> 
     </span>
    </p>
   </div>
   <div class='ocr_carea' id='block_1_37' title="bbox 481 2119 2050 2185">
    <p class='ocr_par' dir='ltr' id='par_1_37' title="bbox 481 2119 2050 2185">
     <span class='ocr_line' id='line_1_37' title="bbox 481 2119 2050 2185; baseline 0.011 -18"><span class='ocrx_word' id='word_1_214' title='bbox 481 2129 547 2168; x_wconf 90' lang='lat' dir='ltr'><strong>ac</strong></span> <span class='ocrx_word' id='word_1_215' title='bbox 594 2119 1003 2174; x_wconf 88' lang='lat' dir='ltr'><strong>venerabilibus</strong></span> <span class='ocrx_word' id='word_1_216' title='bbox 1059 2121 1474 2180; x_wconf 89' lang='lat' dir='ltr'><strong>characteribus</strong></span> <span class='ocrx_word' id='word_1_217' title='bbox 1533 2127 1856 2182; x_wconf 88' lang='lat' dir='ltr'><strong>miraculum</strong></span> <span class='ocrx_word' id='word_1_218' title='bbox 1888 2129 2050 2185; x_wconf 87' lang='lat' dir='ltr'><strong>laude</strong></span> 
     </span>
    </p>
   </div>
   <div class='ocr_carea' id='block_1_38' title="bbox 481 2209 2050 2288">
    <p class='ocr_par' dir='ltr' id='par_1_38' title="bbox 481 2209 2050 2288">
     <span class='ocr_line' id='line_1_38' title="bbox 481 2209 2050 2288; baseline 0.011 -30"><span class='ocrx_word' id='word_1_219' title='bbox 481 2221 544 2259; x_wconf 91' lang='lat' dir='ltr'><strong>ac</strong></span> <span class='ocrx_word' id='word_1_220' title='bbox 587 2209 944 2265; x_wconf 84' lang='lat' dir='ltr'><strong>veneratione</strong></span> <span class='ocrx_word' id='word_1_221' title='bbox 999 2211 1386 2280; x_wconf 76' lang='lat' dir='ltr'><strong>dignissimum</strong></span> <span class='ocrx_word' id='word_1_222' title='bbox 1451 2217 1772 2272; x_wconf 82' lang='lat' dir='ltr'><strong>contineri:</strong></span> <span class='ocrx_word' id='word_1_223' title='bbox 1814 2219 1943 2288; x_wconf 87' lang='lat' dir='ltr'><strong>quia</strong></span> <span class='ocrx_word' id='word_1_224' title='bbox 1995 2229 2050 2276; x_wconf 85' lang='lat' dir='ltr'><strong>et</strong></span> 
     </span>
    </p>
   </div>
   <div class='ocr_carea' id='block_1_39' title="bbox 480 2298 2050 2375">
    <p class='ocr_par' dir='ltr' id='par_1_39' title="bbox 480 2298 2050 2375">
     <span class='ocr_line' id='line_1_39' title="bbox 480 2298 2050 2375; baseline 0.01 -24"><span class='ocrx_word' id='word_1_225' title='bbox 480 2298 701 2352; x_wconf 84' lang='lat' dir='ltr'><strong>easdem</strong></span> <span class='ocrx_word' id='word_1_226' title='bbox 760 2308 980 2355; x_wconf 87' lang='lat' dir='ltr'><strong>sanctas</strong></span> <span class='ocrx_word' id='word_1_227' title='bbox 1027 2317 1122 2357; x_wconf 88' lang='lat' dir='ltr'><strong>sex</strong></span> <span class='ocrx_word' id='word_1_228' title='bbox 1155 2305 1394 2374; x_wconf 81' lang='lat' dir='ltr'><strong>synodos</strong></span> <span class='ocrx_word' id='word_1_229' title='bbox 1429 2307 1677 2375; x_wconf 83' lang='lat' dir='ltr'><strong>suscipio</strong></span> <span class='ocrx_word' id='word_1_230' title='bbox 1707 2324 1832 2363; x_wconf 89' lang='lat' dir='ltr'><strong>cum</strong></span> <span class='ocrx_word' id='word_1_231' title='bbox 1873 2312 2050 2366; x_wconf 83' lang='lat' dir='ltr'><strong>omni-</strong></span> 
     </span>
    </p>
   </div>
   <div class='ocr_carea' id='block_1_40' title="bbox 485 2388 2051 2470">
    <p class='ocr_par' dir='ltr' id='par_1_40' title="bbox 485 2388 2051 2470">
     <span class='ocr_line' id='line_1_40' title="bbox 485 2388 2051 2470; baseline 0.011 -30"><span class='ocrx_word' id='word_1_232' title='bbox 485 2388 588 2442; x_wconf 92' lang='lat' dir='ltr'><strong>bus</strong></span> <span class='ocrx_word' id='word_1_233' title='bbox 604 2389 810 2458; x_wconf 81' lang='lat' dir='ltr'><strong>regulis</strong></span> <span class='ocrx_word' id='word_1_234' title='bbox 843 2407 965 2462; x_wconf 70' lang='lat' dir='ltr'><strong>quae</strong></span> <span class='ocrx_word' id='word_1_235' title='bbox 985 2394 1109 2464; x_wconf 79' lang='lat' dir='ltr'><strong>jure</strong></span> <span class='ocrx_word' id='word_1_236' title='bbox 1148 2409 1214 2450; x_wconf 90' lang='lat' dir='ltr'><strong>ac</strong></span> <span class='ocrx_word' id='word_1_237' title='bbox 1245 2395 1513 2453; x_wconf 81' lang='lat' dir='ltr'><strong>divinitus</strong></span> <span class='ocrx_word' id='word_1_238' title='bbox 1543 2399 1613 2453; x_wconf 89' lang='lat' dir='ltr'><strong>ab</strong></span> <span class='ocrx_word' id='word_1_239' title='bbox 1641 2401 1777 2470; x_wconf 86' lang='lat' dir='ltr'><strong>ipsis</strong></span> <span class='ocrx_word' id='word_1_240' title='bbox 1807 2404 2051 2470; x_wconf 77' lang='lat' dir='ltr'><strong>promul-</strong></span> 
     </span>
    </p>
   </div>
   <div class='ocr_carea' id='block_1_41' title="bbox 481 2483 2053 2564">
    <p class='ocr_par' dir='ltr' id='par_1_41' title="bbox 481 2483 2053 2564">
     <span class='ocr_line' id='line_1_41' title="bbox 481 2483 2053 2564; baseline 0.011 -33"><span class='ocrx_word' id='word_1_241' title='bbox 481 2488 618 2548; x_wconf 74' lang='lat' dir='ltr'><strong>gata:</strong></span> <span class='ocrx_word' id='word_1_242' title='bbox 669 2492 812 2543; x_wconf 76' lang='lat' dir='ltr'><strong>sunt,</strong></span> <span class='ocrx_word' id='word_1_243' title='bbox 867 2483 1012 2539; x_wconf 89' lang='lat' dir='ltr'><strong>inter</strong></span> <span class='ocrx_word' id='word_1_244' title='bbox 1057 2499 1194 2554; x_wconf 87' lang='lat' dir='ltr'><strong>quas</strong></span> <span class='ocrx_word' id='word_1_245' title='bbox 1215 2489 1529 2543; x_wconf 80' lang='lat' dir='ltr'><strong>continetur</strong></span> <span class='ocrx_word' id='word_1_246' title='bbox 1561 2505 1739 2546; x_wconf 89' lang='lat' dir='ltr'><strong>canon</strong></span> <span class='ocrx_word' id='word_1_247' title='bbox 1773 2494 2053 2564; x_wconf 82' lang='lat' dir='ltr'><strong>octogesi-</strong></span> 
     </span>
    </p>
   </div>
   <div class='ocr_carea' id='block_1_42' title="bbox 483 2573 2052 2655">
    <p class='ocr_par' dir='ltr' id='par_1_42' title="bbox 483 2573 2052 2655">
     <span class='ocr_line' id='line_1_42' title="bbox 483 2573 2052 2655; baseline 0.013 -33"><span class='ocrx_word' id='word_1_248' title='bbox 483 2585 608 2624; x_wconf 85' lang='lat' dir='ltr'><strong>mus</strong></span> <span class='ocrx_word' id='word_1_249' title='bbox 662 2573 939 2630; x_wconf 86' lang='lat' dir='ltr'><strong>secundus</strong></span> <span class='ocrx_word' id='word_1_250' title='bbox 989 2577 1058 2632; x_wconf 83' lang='lat' dir='ltr'><strong>de</strong></span> <span class='ocrx_word' id='word_1_251' title='bbox 1096 2580 1425 2655; x_wconf 82' lang='lat' dir='ltr'><strong>venerandis</strong></span> <span class='ocrx_word' id='word_1_252' title='bbox 1450 2580 1804 2653; x_wconf 78' lang='lat' dir='ltr'><strong>imaginibus.</strong></span> <span class='ocrx_word' id='word_1_253' title='bbox 1840 2604 1859 2637; x_wconf 75' lang='grc' dir='ltr'><strong>ι</strong></span> <span class='ocrx_word' id='word_1_254' title='bbox 1895 2587 2052 2653; x_wconf 84' lang='lat' dir='ltr'><strong>Quod</strong></span> 
     </span>
    </p>
   </div>
   <div class='ocr_carea' id='block_1_43' title="bbox 483 2663 2054 2745">
    <p class='ocr_par' dir='ltr' id='par_1_43' title="bbox 483 2663 2054 2745">
     <span class='ocr_line' id='line_1_43' title="bbox 483 2663 2054 2745; baseline 0.011 -31"><span class='ocrx_word' id='word_1_255' title='bbox 483 2663 650 2732; x_wconf 77' lang='lat' dir='ltr'><strong>igitur</strong></span> <span class='ocrx_word' id='word_1_256' title='bbox 683 2667 785 2721; x_wconf 88' lang='lat' dir='ltr'><strong>iste</strong></span> <span class='ocrx_word' id='word_1_257' title='bbox 809 2683 983 2724; x_wconf 87' lang='lat' dir='ltr'><strong>canon</strong></span> <span class='ocrx_word' id='word_1_258' title='bbox 1014 2685 1111 2740; x_wconf 91' lang='lat' dir='ltr'><strong>per</strong></span> <span class='ocrx_word' id='word_1_259' title='bbox 1142 2671 1321 2742; x_wconf 87' lang='lat' dir='ltr'><strong>ipsum</strong></span> <span class='ocrx_word' id='word_1_260' title='bbox 1352 2689 1572 2745; x_wconf 88' lang='lat' dir='ltr'><strong>quoque</strong></span> <span class='ocrx_word' id='word_1_261' title='bbox 1602 2676 1822 2732; x_wconf 87' lang='lat' dir='ltr'><strong>beatum</strong></span> <span class='ocrx_word' id='word_1_262' title='bbox 1857 2679 2054 2732; x_wconf 77' lang='lat' dir='ltr'><strong>Adria-</strong></span> 
     </span>
    </p>
   </div>
   <div class='ocr_carea' id='block_1_44' title="bbox 483 2759 2053 2828">
    <p class='ocr_par' dir='ltr' id='par_1_44' title="bbox 483 2759 2053 2828">
     <span class='ocr_line' id='line_1_44' title="bbox 483 2759 2053 2828; baseline 0.013 -21"><span class='ocrx_word' id='word_1_263' title='bbox 483 2770 613 2808; x_wconf 87' lang='lat' dir='ltr'><strong>num</strong></span> <span class='ocrx_word' id='word_1_264' title='bbox 644 2767 794 2813; x_wconf 89' lang='lat' dir='ltr'><strong>ratus</strong></span> <span class='ocrx_word' id='word_1_265' title='bbox 822 2759 916 2823; x_wconf 85' lang='lat' dir='ltr'><strong>sit.</strong></span> <span class='ocrx_word' id='word_1_266' title='bbox 947 2762 1170 2820; x_wconf 85' lang='lat' dir='ltr'><strong>codices</strong></span> <span class='ocrx_word' id='word_1_267' title='bbox 1197 2766 1404 2820; x_wconf 88' lang='lat' dir='ltr'><strong>ostensi</strong></span> <span class='ocrx_word' id='word_1_268' title='bbox 1461 2767 1833 2824; x_wconf 82' lang='lat' dir='ltr'><strong>testabuntur.</strong></span> <span class='ocrx_word' id='word_1_269' title='bbox 1865 2770 1934 2824; x_wconf 86' lang='lat' dir='ltr'><strong>At</strong></span> <span class='ocrx_word' id='word_1_270' title='bbox 1968 2772 2053 2828; x_wconf 88' lang='lat' dir='ltr'><strong>ni-</strong></span> 
     </span>
    </p>
   </div>
   <div class='ocr_carea' id='block_1_45' title="bbox 483 2845 2053 2930">
    <p class='ocr_par' dir='ltr' id='par_1_45' title="bbox 483 2845 2053 2930">
     <span class='ocr_line' id='line_1_45' title="bbox 483 2845 2053 2930; baseline 0.011 -28"><span class='ocrx_word' id='word_1_271' title='bbox 483 2845 588 2902; x_wconf 83' lang='lat' dir='ltr'><strong>tnis</strong></span> <span class='ocrx_word' id='word_1_272' title='bbox 612 2847 914 2906; x_wconf 85' lang='lat' dir='ltr'><strong>absurdum</strong></span> <span class='ocrx_word' id='word_1_273' title='bbox 941 2863 1049 2917; x_wconf 86' lang='lat' dir='ltr'><strong>est,</strong></span> <span class='ocrx_word' id='word_1_274' title='bbox 1095 2855 1323 2913; x_wconf 89' lang='lat' dir='ltr'><strong>Latinos</strong></span> <span class='ocrx_word' id='word_1_275' title='bbox 1371 2873 1478 2930; x_wconf 85' lang='lat' dir='ltr'><strong>non</strong></span> <span class='ocrx_word' id='word_1_276' title='bbox 1509 2860 1686 2914; x_wconf 85' lang='lat' dir='ltr'><strong>solum</strong></span> <span class='ocrx_word' id='word_1_277' title='bbox 1720 2860 1905 2917; x_wconf 79' lang='lat' dir='ltr'><strong>hostes</strong></span> <span class='ocrx_word' id='word_1_278' title='bbox 1931 2879 2053 2920; x_wconf 82' lang='lat' dir='ltr'><strong>esse</strong></span> 
     </span>
    </p>
   </div>
   <div class='ocr_carea' id='block_1_46' title="bbox 483 2941 2056 3021">
    <p class='ocr_par' dir='ltr' id='par_1_46' title="bbox 483 2941 2056 3021">
     <span class='ocr_line' id='line_1_46' title="bbox 483 2941 2056 3021; baseline 0.013 -31"><span class='ocrx_word' id='word_1_279' title='bbox 483 2941 954 2997; x_wconf 67' lang='lat' dir='ltr'><strong>aecumenicarum</strong></span> <span class='ocrx_word' id='word_1_280' title='bbox 1009 2945 1386 3015; x_wconf 83' lang='lat' dir='ltr'><strong>synodorum,</strong></span> <span class='ocrx_word' id='word_1_281' title='bbox 1444 2964 1674 3018; x_wconf 86' lang='lat' dir='ltr'><strong>quorum</strong></span> <span class='ocrx_word' id='word_1_282' title='bbox 1729 2951 1833 3021; x_wconf 79' lang='lat' dir='ltr'><strong>ipsi</strong></span> <span class='ocrx_word' id='word_1_283' title='bbox 1887 2955 2056 3012; x_wconf 90' lang='lat' dir='ltr'><strong>duces</strong></span> 
     </span>
    </p>
   </div>
   <div class='ocr_carea' id='block_1_47' title="bbox 483 3029 2054 3111">
    <p class='ocr_par' dir='ltr' id='par_1_47' title="bbox 483 3029 2054 3111">
     <span class='ocr_line' id='line_1_47' title="bbox 483 3029 2054 3111; baseline 0.012 -29"><span class='ocrx_word' id='word_1_284' title='bbox 483 3029 674 3093; x_wconf 70' lang='lat' dir='ltr'><strong>tuere,</strong></span> <span class='ocrx_word' id='word_1_285' title='bbox 733 3031 832 3086; x_wconf 89' lang='lat' dir='ltr'><strong>sed</strong></span> <span class='ocrx_word' id='word_1_286' title='bbox 895 3032 1044 3089; x_wconf 88' lang='lat' dir='ltr'><strong>inter</strong></span> <span class='ocrx_word' id='word_1_287' title='bbox 1091 3051 1152 3092; x_wconf 88' lang='lat' dir='ltr'><strong>se</strong></span> <span class='ocrx_word' id='word_1_288' title='bbox 1213 3038 1381 3094; x_wconf 88' lang='lat' dir='ltr'><strong>etiam</strong></span> <span class='ocrx_word' id='word_1_289' title='bbox 1432 3039 1762 3111; x_wconf 78' lang='lat' dir='ltr'><strong>digladiari;</strong></span> <span class='ocrx_word' id='word_1_290' title='bbox 1806 3047 2054 3101; x_wconf 81' lang='lat' dir='ltr'><strong>etmodo</strong></span> 
     </span>
    </p>
   </div>
   <div class='ocr_carea' id='block_1_48' title="bbox 2149 1848 3730 1922">
    <p class='ocr_par' dir='ltr' id='par_1_48' title="bbox 2149 1848 3730 1922">
     <span class='ocr_line' id='line_1_48' title="bbox 2149 1848 3730 1922; baseline -0.006 -17"><span class='ocrx_word' id='word_1_291' title='bbox 2149 1851 2243 1906; x_wconf 78' lang='grc' dir='ltr'><strong>τοῦ</strong></span> <span class='ocrx_word' id='word_1_292' title='bbox 2278 1854 2478 1904; x_wconf 83' lang='grc' dir='ltr'><strong>πάππα</strong></span> <span class='ocrx_word' id='word_1_293' title='bbox 2501 1849 2784 1922; x_wconf 83' lang='grc' dir='ltr'><strong>Ἀδριανοῦ</strong></span> <span class='ocrx_word' id='word_1_294' title='bbox 2821 1848 2954 1918; x_wconf 64' lang='grc' dir='ltr'><strong>πρὶρς</strong></span> <span class='ocrx_word' id='word_1_295' title='bbox 2983 1848 3259 1917; x_wconf 74' lang='grc' dir='ltr'><strong>Ταρασιον</strong></span> <span class='ocrx_word' id='word_1_296' title='bbox 3291 1849 3730 1900; x_wconf 77' lang='grc' dir='ltr'><strong>Κωνσ-ιαντινου⁹</strong></span> 
     </span>
    </p>
   </div>
   <div class='ocr_carea' id='block_1_49' title="bbox 2150 1931 3728 2012">
    <p class='ocr_par' dir='ltr' id='par_1_49' title="bbox 2150 1931 3728 2012">
     <span class='ocr_line' id='line_1_49' title="bbox 2150 1931 3728 2012; baseline -0.006 -16"><span class='ocrx_word' id='word_1_297' title='bbox 2150 1943 2360 2006; x_wconf 85' lang='grc' dir='ltr'><strong>πόλεως</strong></span> <span class='ocrx_word' id='word_1_298' title='bbox 2390 1941 2601 1997; x_wconf 80' lang='grc' dir='ltr'><strong>ταῦτα·</strong></span> <span class='ocrx_word' id='word_1_299' title='bbox 2663 1959 2684 1994; x_wconf 85' lang='grc' dir='ltr'><strong>ι</strong></span> <span class='ocrx_word' id='word_1_300' title='bbox 2722 1939 2971 2012; x_wconf 78' lang='grc' dir='ltr'><strong>Εῠρομεν</strong></span> <span class='ocrx_word' id='word_1_301' title='bbox 3005 1931 3067 1992; x_wconf 54' lang='grc' dir='ltr'><strong>’δὲ</strong></span> <span class='ocrx_word' id='word_1_302' title='bbox 3121 1941 3178 1993; x_wconf 79' lang='grc' dir='ltr'><strong>ἐν</strong></span> <span class='ocrx_word' id='word_1_303' title='bbox 3221 1941 3290 2008; x_wconf 79' lang='grc' dir='ltr'><strong>τῇ</strong></span> <span class='ocrx_word' id='word_1_304' title='bbox 3344 1938 3728 2007; x_wconf 77' lang='grc' dir='ltr'><strong>προειρημένῃ</strong></span> 
     </span>
    </p>
   </div>
   <div class='ocr_carea' id='block_1_50' title="bbox 2151 2029 3732 2109">
    <p class='ocr_par' dir='ltr' id='par_1_50' title="bbox 2151 2029 3732 2109">
     <span class='ocr_line' id='line_1_50' title="bbox 2151 2029 3732 2109; baseline -0.005 -21"><span class='ocrx_word' id='word_1_305' title='bbox 2151 2035 2405 2106; x_wconf 71' lang='grc' dir='ltr'><strong>ἐπιστολῇ</strong></span> <span class='ocrx_word' id='word_1_306' title='bbox 2435 2037 2503 2106; x_wconf 82' lang='grc' dir='ltr'><strong>τῇ</strong></span> <span class='ocrx_word' id='word_1_307' title='bbox 2533 2034 2784 2105; x_wconf 79' lang='grc' dir='ltr'><strong>συνοδικῇ</strong></span> <span class='ocrx_word' id='word_1_308' title='bbox 2821 2035 2918 2102; x_wconf 85' lang='grc' dir='ltr'><strong>τῆς</strong></span> <span class='ocrx_word' id='word_1_309' title='bbox 2947 2033 3221 2109; x_wconf 83' lang='grc' dir='ltr'><strong>ὑμετέρας</strong></span> <span class='ocrx_word' id='word_1_310' title='bbox 3244 2029 3557 2102; x_wconf 82' lang='grc' dir='ltr'><strong>ἁγιωσύνης</strong></span> <span class='ocrx_word' id='word_1_311' title='bbox 3589 2031 3732 2098; x_wconf 72' lang='grc' dir='ltr'><strong>μετὰ</strong></span> 
     </span>
    </p>
   </div>
   <div class='ocr_carea' id='block_1_51' title="bbox 2149 2116 3729 2196">
    <p class='ocr_par' dir='ltr' id='par_1_51' title="bbox 2149 2116 3729 2196">
     <span class='ocr_line' id='line_1_51' title="bbox 2149 2116 3729 2196; baseline -0.007 -17"><span class='ocrx_word' id='word_1_312' title='bbox 2149 2124 2212 2179; x_wconf 81' lang='grc' dir='ltr'><strong>τὸ</strong></span> <span class='ocrx_word' id='word_1_313' title='bbox 2245 2125 2522 2196; x_wconf 81' lang='grc' dir='ltr'><strong>πλήρωμα</strong></span> <span class='ocrx_word' id='word_1_314' title='bbox 2544 2124 2647 2193; x_wconf 84' lang='grc' dir='ltr'><strong>τῆς</strong></span> <span class='ocrx_word' id='word_1_315' title='bbox 2677 2123 2914 2186; x_wconf 83' lang='grc' dir='ltr'><strong>πίστεως</strong></span> <span class='ocrx_word' id='word_1_316' title='bbox 2940 2121 3038 2174; x_wconf 74' lang='grc' dir='ltr'><strong>καὶ</strong></span> <span class='ocrx_word' id='word_1_317' title='bbox 3076 2121 3177 2190; x_wconf 82' lang='grc' dir='ltr'><strong>τῆς</strong></span> <span class='ocrx_word' id='word_1_318' title='bbox 3199 2119 3492 2190; x_wconf 83' lang='grc' dir='ltr'><strong>ὁμολογίας</strong></span> <span class='ocrx_word' id='word_1_319' title='bbox 3519 2116 3617 2171; x_wconf 83' lang='grc' dir='ltr'><strong>τοῦ</strong></span> <span class='ocrx_word' id='word_1_320' title='bbox 3646 2119 3729 2169; x_wconf 72' lang='lat' dir='ltr'><strong>ie-</strong></span> 
     </span>
    </p>
   </div>
   <div class='ocr_carea' id='block_1_52' title="bbox 2152 2210 3730 2291">
    <p class='ocr_par' dir='ltr' id='par_1_52' title="bbox 2152 2210 3730 2291">
     <span class='ocr_line' id='line_1_52' title="bbox 2152 2210 3730 2291; baseline -0.007 -20"><span class='ocrx_word' id='word_1_321' title='bbox 2152 2217 2246 2291; x_wconf 84' lang='grc' dir='ltr'>ροῦ</span> <span class='ocrx_word' id='word_1_322' title='bbox 2290 2216 2586 2284; x_wconf 80' lang='grc' dir='ltr'><strong>συμϐόλου,</strong></span> <span class='ocrx_word' id='word_1_323' title='bbox 2629 2217 2725 2270; x_wconf 75' lang='grc' dir='ltr'><strong>καὶ</strong></span> <span class='ocrx_word' id='word_1_324' title='bbox 2761 2214 2953 2270; x_wconf 84' lang='grc' dir='ltr'><strong>πασῶν</strong></span> <span class='ocrx_word' id='word_1_325' title='bbox 2995 2212 3106 2266; x_wconf 78' lang='grc' dir='ltr'><strong>τῶν</strong></span> <span class='ocrx_word' id='word_1_326' title='bbox 3163 2212 3338 2280; x_wconf 78' lang='grc' dir='ltr'><strong>ἁγίων</strong></span> <span class='ocrx_word' id='word_1_327' title='bbox 3377 2210 3439 2275; x_wconf 79' lang='grc' dir='ltr'><strong>ἐξ</strong></span> <span class='ocrx_word' id='word_1_328' title='bbox 3468 2210 3730 2274; x_wconf 83' lang='grc' dir='ltr'><strong>συνόδων,</strong></span> 
     </span>
    </p>
   </div>
   <div class='ocr_carea' id='block_1_53' title="bbox 2150 2301 3732 2379">
    <p class='ocr_par' dir='ltr' id='par_1_53' title="bbox 2150 2301 3732 2379">
     <span class='ocr_line' id='line_1_53' title="bbox 2150 2301 3732 2379; baseline -0.006 -15"><span class='ocrx_word' id='word_1_329' title='bbox 2150 2312 2246 2364; x_wconf 81' lang='grc' dir='ltr'><strong>καὶ</strong></span> <span class='ocrx_word' id='word_1_330' title='bbox 2272 2311 2401 2378; x_wconf 73' lang='grc' dir='ltr'><strong>περὶ</strong></span> <span class='ocrx_word' id='word_1_331' title='bbox 2431 2307 2540 2363; x_wconf 85' lang='grc' dir='ltr'><strong>τῶν</strong></span> <span class='ocrx_word' id='word_1_332' title='bbox 2572 2307 2734 2379; x_wconf 77' lang='grc' dir='ltr'><strong>ἱερῶν</strong></span> <span class='ocrx_word' id='word_1_333' title='bbox 2759 2307 2856 2361; x_wconf 76' lang='grc' dir='ltr'><strong>καὶ</strong></span> <span class='ocrx_word' id='word_1_334' title='bbox 2885 2305 3101 2359; x_wconf 85' lang='grc' dir='ltr'><strong>σεπτῶν</strong></span> <span class='ocrx_word' id='word_1_335' title='bbox 3143 2304 3508 2376; x_wconf 81' lang='grc' dir='ltr'><strong>χαρακτήρων</strong></span> <span class='ocrx_word' id='word_1_336' title='bbox 3540 2301 3732 2370; x_wconf 82' lang='grc' dir='ltr'><strong>θαῦμα</strong></span> 
     </span>
    </p>
   </div>
   <div class='ocr_carea' id='block_1_54' title="bbox 2150 2395 3733 2470">
    <p class='ocr_par' dir='ltr' id='par_1_54' title="bbox 2150 2395 3733 2470">
     <span class='ocr_line' id='line_1_54' title="bbox 2150 2395 3733 2470; baseline -0.005 -15"><span class='ocrx_word' id='word_1_337' title='bbox 2150 2401 2411 2464; x_wconf 73' lang='grc' dir='ltr'><strong>αἰνέσεως</strong></span> <span class='ocrx_word' id='word_1_338' title='bbox 2431 2401 2524 2454; x_wconf 74' lang='grc' dir='ltr'><strong>καὶ</strong></span> <span class='ocrx_word' id='word_1_339' title='bbox 2553 2398 2931 2470; x_wconf 79' lang='grc' dir='ltr'><strong>περιπτύξεως</strong></span> <span class='ocrx_word' id='word_1_340' title='bbox 2963 2399 3136 2466; x_wconf 79' lang='grc' dir='ltr'><strong>ἄξιον,</strong></span> <span class='ocrx_word' id='word_1_341' title='bbox 3165 2398 3424 2466; x_wconf 76' lang='grc' dir='ltr'><strong>περιέχον</strong></span> <span class='ocrx_word' id='word_1_342' title='bbox 3446 2413 3460 2426; x_wconf 89' lang='grc'><strong>·</strong></span> <span class='ocrx_word' id='word_1_343' title='bbox 3482 2396 3607 2448; x_wconf 88' lang='grc' dir='ltr'><strong>Ὅτι</strong></span> <span class='ocrx_word' id='word_1_344' title='bbox 3635 2395 3733 2447; x_wconf 85' lang='grc' dir='ltr'><strong>καὶ</strong></span> 
     </span>
    </p>
   </div>
   <div class='ocr_carea' id='block_1_55' title="bbox 2151 2488 3731 2563">
    <p class='ocr_par' dir='ltr' id='par_1_55' title="bbox 2151 2488 3731 2563">
     <span class='ocr_line' id='line_1_55' title="bbox 2151 2488 3731 2563; baseline -0.004 -17"><span class='ocrx_word' id='word_1_345' title='bbox 2151 2493 2219 2546; x_wconf 83' lang='grc' dir='ltr'><strong>τὰ</strong></span> <span class='ocrx_word' id='word_1_346' title='bbox 2243 2493 2347 2547; x_wconf 79' lang='grc' dir='ltr'><strong>ὑπὸ</strong></span> <span class='ocrx_word' id='word_1_347' title='bbox 2374 2496 2472 2563; x_wconf 83' lang='grc' dir='ltr'><strong>τῆς</strong></span> <span class='ocrx_word' id='word_1_348' title='bbox 2502 2492 2672 2562; x_wconf 82' lang='grc' dir='ltr'><strong>αὐτῆς</strong></span> <span class='ocrx_word' id='word_1_349' title='bbox 2691 2492 2853 2560; x_wconf 81' lang='grc' dir='ltr'><strong>ἁγίας</strong></span> <span class='ocrx_word' id='word_1_350' title='bbox 2877 2491 3044 2563; x_wconf 72' lang='grc' dir='ltr'><strong>ἕκτης</strong></span> <span class='ocrx_word' id='word_1_351' title='bbox 3071 2490 3291 2544; x_wconf 88' lang='grc' dir='ltr'><strong>συνόδου</strong></span> <span class='ocrx_word' id='word_1_352' title='bbox 3325 2490 3554 2560; x_wconf 85' lang='grc' dir='ltr'><strong>δέχομαι</strong></span> <span class='ocrx_word' id='word_1_353' title='bbox 3588 2488 3731 2557; x_wconf 79' lang='grc' dir='ltr'><strong>μετὰ</strong></span> 
     </span>
    </p>
   </div>
   <div class='ocr_carea' id='block_1_56' title="bbox 2154 2567 3731 2654">
    <p class='ocr_par' dir='ltr' id='par_1_56' title="bbox 2154 2567 3731 2654">
     <span class='ocr_line' id='line_1_56' title="bbox 2154 2567 3731 2654; baseline -0.006 -16"><span class='ocrx_word' id='word_1_354' title='bbox 2154 2587 2372 2638; x_wconf 85' lang='grc' dir='ltr'><strong>πάντων</strong></span> <span class='ocrx_word' id='word_1_355' title='bbox 2400 2582 2512 2638; x_wconf 87' lang='grc' dir='ltr'><strong>τῶν</strong></span> <span class='ocrx_word' id='word_1_356' title='bbox 2563 2567 2841 2654; x_wconf 80' lang='grc' dir='ltr'><strong>ἐνθέσμως</strong></span> <span class='ocrx_word' id='word_1_357' title='bbox 2874 2584 2969 2636; x_wconf 74' lang='grc' dir='ltr'><strong>καὶ</strong></span> <span class='ocrx_word' id='word_1_358' title='bbox 3009 2582 3250 2644; x_wconf 79' lang='grc' dir='ltr'><strong>θειωδῶς</strong></span> <span class='ocrx_word' id='word_1_359' title='bbox 3304 2577 3731 2649; x_wconf 78' lang='grc' dir='ltr'><strong>ἐκφωνηθέντων</strong></span> 
     </span>
    </p>
   </div>
   <div class='ocr_carea' id='block_1_57' title="bbox 2153 2667 3731 2747">
    <p class='ocr_par' dir='ltr' id='par_1_57' title="bbox 2153 2667 3731 2747">
     <span class='ocr_line' id='line_1_57' title="bbox 2153 2667 3731 2747; baseline 0.006 -20"><span class='ocrx_word' id='word_1_360' title='bbox 2153 2677 2286 2746; x_wconf 84' lang='grc' dir='ltr'><strong>παρ’</strong></span> <span class='ocrx_word' id='word_1_361' title='bbox 2317 2675 2486 2747; x_wconf 83' lang='grc' dir='ltr'><strong>αὐτῆς</strong></span> <span class='ocrx_word' id='word_1_362' title='bbox 2531 2677 2776 2730; x_wconf 88' lang='grc' dir='ltr'><strong>κανόνων</strong></span> <span class='ocrx_word' id='word_1_363' title='bbox 2799 2691 2815 2707; x_wconf 78' lang='grc'><strong><em>⁸</em></strong></span> <span class='ocrx_word' id='word_1_364' title='bbox 2864 2676 2921 2728; x_wconf 82' lang='grc' dir='ltr'><strong>ἐν</strong></span> <span class='ocrx_word' id='word_1_365' title='bbox 2969 2667 3048 2737; x_wconf 76' lang='grc' dir='ltr'><strong>οἷς</strong></span> <span class='ocrx_word' id='word_1_366' title='bbox 3081 2673 3383 2744; x_wconf 74' lang='grc' dir='ltr'><strong>ἐμφέρεται</strong></span> <span class='ocrx_word' id='word_1_367' title='bbox 3417 2669 3601 2724; x_wconf 72' lang='grc' dir='ltr'><strong>κανὼν</strong></span> <span class='ocrx_word' id='word_1_368' title='bbox 3638 2669 3731 2739; x_wconf 77' lang='grc' dir='ltr'><strong>πβ’</strong></span> 
     </span>
    </p>
   </div>
   <div class='ocr_carea' id='block_1_58' title="bbox 2153 2759 3731 2836">
    <p class='ocr_par' dir='ltr' id='par_1_58' title="bbox 2153 2759 3731 2836">
     <span class='ocr_line' id='line_1_58' title="bbox 2153 2759 3731 2836; baseline -0.004 -18"><span class='ocrx_word' id='word_1_369' title='bbox 2153 2768 2285 2836; x_wconf 75' lang='grc' dir='ltr'><strong>περὶ</strong></span> <span class='ocrx_word' id='word_1_370' title='bbox 2318 2767 2426 2819; x_wconf 87' lang='grc' dir='ltr'><strong>τῶν</strong></span> <span class='ocrx_word' id='word_1_371' title='bbox 2457 2767 2670 2820; x_wconf 82' lang='grc' dir='ltr'><strong>σεπτῶν</strong></span> <span class='ocrx_word' id='word_1_372' title='bbox 2700 2769 2945 2820; x_wconf 83' lang='grc' dir='ltr'><strong>εἰκόνων.</strong></span> <span class='ocrx_word' id='word_1_373' title='bbox 2994 2783 3014 2817; x_wconf 73' lang='grc' dir='ltr'><strong>ι</strong></span> <span class='ocrx_word' id='word_1_374' title='bbox 3057 2765 3182 2818; x_wconf 83' lang='grc' dir='ltr'><strong>Ὅτι</strong></span> <span class='ocrx_word' id='word_1_375' title='bbox 3233 2765 3333 2832; x_wconf 85' lang='grc' dir='ltr'><strong>μὲν</strong></span> <span class='ocrx_word' id='word_1_376' title='bbox 3362 2761 3456 2815; x_wconf 77' lang='grc' dir='ltr'><strong>οὖν</strong></span> <span class='ocrx_word' id='word_1_377' title='bbox 3482 2764 3512 2814; x_wconf 87' lang='grc' dir='ltr'><strong>ὁ</strong></span> <span class='ocrx_word' id='word_1_378' title='bbox 3547 2759 3731 2813; x_wconf 85' lang='grc' dir='ltr'><strong>κανὼν</strong></span> 
     </span>
    </p>
   </div>
   <div class='ocr_carea' id='block_1_59' title="bbox 2154 2853 3730 2930">
    <p class='ocr_par' dir='ltr' id='par_1_59' title="bbox 2154 2853 3730 2930">
     <span class='ocr_line' id='line_1_59' title="bbox 2154 2853 3730 2930; baseline -0.006 -18"><span class='ocrx_word' id='word_1_379' title='bbox 2154 2857 2313 2923; x_wconf 82' lang='grc' dir='ltr'><strong>οὗτος</strong></span> <span class='ocrx_word' id='word_1_380' title='bbox 2339 2859 2434 2913; x_wconf 77' lang='grc' dir='ltr'><strong>καὶ</strong></span> <span class='ocrx_word' id='word_1_381' title='bbox 2482 2860 2631 2930; x_wconf 85' lang='grc' dir='ltr'><strong>παρά</strong></span> <span class='ocrx_word' id='word_1_382' title='bbox 2669 2857 2763 2912; x_wconf 80' lang='grc' dir='ltr'><strong>τοῦ</strong></span> <span class='ocrx_word' id='word_1_383' title='bbox 2819 2857 3092 2929; x_wconf 86' lang='grc' dir='ltr'><strong>μακαρίου</strong></span> <span class='ocrx_word' id='word_1_384' title='bbox 3123 2855 3405 2920; x_wconf 80' lang='grc' dir='ltr'><strong>Ἀδριανοῦ</strong></span> <span class='ocrx_word' id='word_1_385' title='bbox 3436 2853 3496 2905; x_wconf 83' lang='grc' dir='ltr'><strong>τὸ</strong></span> <span class='ocrx_word' id='word_1_386' title='bbox 3538 2853 3730 2922; x_wconf 79' lang='grc' dir='ltr'><strong>κύριον</strong></span> 
     </span>
    </p>
   </div>
   <div class='ocr_carea' id='block_1_60' title="bbox 2155 2944 3729 3020">
    <p class='ocr_par' dir='ltr' id='par_1_60' title="bbox 2155 2944 3729 3020">
     <span class='ocr_line' id='line_1_60' title="bbox 2155 2944 3729 3020; baseline -0.006 -18"><span class='ocrx_word' id='word_1_387' title='bbox 2155 2951 2291 3020; x_wconf 78' lang='grc' dir='ltr'><strong>ἔχει,</strong></span> <span class='ocrx_word' id='word_1_388' title='bbox 2315 2951 2383 3002; x_wconf 78' lang='grc' dir='ltr'><strong>τὰ</strong></span> <span class='ocrx_word' id='word_1_389' title='bbox 2415 2948 2597 3018; x_wconf 77' lang='grc' dir='ltr'><strong>βιϐλία</strong></span> <span class='ocrx_word' id='word_1_390' title='bbox 2643 2949 2878 3018; x_wconf 77' lang='grc' dir='ltr'><strong>φανέντα</strong></span> <span class='ocrx_word' id='word_1_391' title='bbox 2922 2949 3261 3020; x_wconf 84' lang='grc' dir='ltr'><strong>μαρτυρήσει</strong></span> <span class='ocrx_word' id='word_1_392' title='bbox 3284 2944 3362 3015; x_wconf 83' lang='grc' dir='ltr'><strong>τῷ</strong></span> <span class='ocrx_word' id='word_1_393' title='bbox 3384 2945 3528 3013; x_wconf 86' lang='grc' dir='ltr'><strong>λόγῳ</strong></span> <span class='ocrx_word' id='word_1_394' title='bbox 3546 2960 3561 2972; x_wconf 89' lang='grc'><strong>·</strong></span> <span class='ocrx_word' id='word_1_395' title='bbox 3585 2945 3729 2996; x_wconf 76' lang='grc' dir='ltr'><strong>πάνυ</strong></span> 
     </span>
    </p>
   </div>
   <div class='ocr_carea' id='block_1_61' title="bbox 2155 3035 3729 3112">
    <p class='ocr_par' dir='ltr' id='par_1_61' title="bbox 2155 3035 3729 3112">
     <span class='ocr_line' id='line_1_61' title="bbox 2155 3035 3729 3112; baseline -0.003 -21"><span class='ocrx_word' id='word_1_396' title='bbox 2155 3040 2211 3091; x_wconf 81' lang='grc' dir='ltr'><strong>δὲ</strong></span> <span class='ocrx_word' id='word_1_397' title='bbox 2238 3041 2437 3095; x_wconf 84' lang='grc' dir='ltr'><strong>ἄτοπον</strong></span> <span class='ocrx_word' id='word_1_398' title='bbox 2471 3041 2548 3110; x_wconf 78' lang='grc' dir='ltr'><strong>μὴ</strong></span> <span class='ocrx_word' id='word_1_399' title='bbox 2579 3041 2747 3112; x_wconf 82' lang='grc' dir='ltr'><strong>μόνον</strong></span> <span class='ocrx_word' id='word_1_400' title='bbox 2778 3040 2916 3111; x_wconf 72' lang='grc' dir='ltr'><strong>πρὸς</strong></span> <span class='ocrx_word' id='word_1_401' title='bbox 2930 3041 3027 3102; x_wconf 73' lang='grc' dir='ltr'><strong>τὰς</strong></span> <span class='ocrx_word' id='word_1_402' title='bbox 3044 3037 3430 3108; x_wconf 73' lang='grc' dir='ltr'><strong>οἱκουμενικᾶς</strong></span> <span class='ocrx_word' id='word_1_403' title='bbox 3449 3035 3558 3088; x_wconf 80' lang='grc' dir='ltr'><strong>τῶν</strong></span> <span class='ocrx_word' id='word_1_404' title='bbox 3593 3051 3729 3087; x_wconf 80' lang='grc' dir='ltr'><strong>συν·</strong></span> 
     </span>
    </p>
   </div>
   <div class='ocr_carea' id='block_1_62' title="bbox 483 3119 2056 3206">
    <p class='ocr_par' dir='ltr' id='par_1_62' title="bbox 483 3119 2046 3197">
     <span class='ocr_line' id='line_1_62' title="bbox 483 3119 2046 3197; baseline 0.013 -28"><span class='ocrx_word' id='word_1_405' title='bbox 483 3119 706 3185; x_wconf 85' lang='lat' dir='ltr'><strong>quidem</strong></span> <span class='ocrx_word' id='word_1_406' title='bbox 741 3121 1041 3178; x_wconf 78' lang='lat' dir='ltr'><strong>Adrianum</strong></span> <span class='ocrx_word' id='word_1_407' title='bbox 1079 3142 1271 3197; x_wconf 86' lang='lat' dir='ltr'><strong>papam</strong></span> <span class='ocrx_word' id='word_1_408' title='bbox 1321 3146 1517 3187; x_wconf 86' lang='lat' dir='ltr'><strong>vocare</strong></span> <span class='ocrx_word' id='word_1_409' title='bbox 1547 3133 1648 3188; x_wconf 89' lang='lat' dir='ltr'><strong>hos</strong></span> <span class='ocrx_word' id='word_1_410' title='bbox 1673 3151 1912 3191; x_wconf 87' lang='lat' dir='ltr'><strong>canones</strong></span> <span class='ocrx_word' id='word_1_411' title='bbox 1946 3137 2046 3196; x_wconf 85' lang='lat' dir='ltr'><strong>nti-</strong></span> 
     </span>
    </p>
   </div>
   <div class='ocr_carea' id='block_1_63' title="bbox 2157 3119 3735 3206">
    <p class='ocr_par' dir='ltr' id='par_1_63' title="bbox 2157 3126 3735 3206">
     <span class='ocr_line' id='line_1_63' title="bbox 2157 3126 3735 3206; baseline -0.004 -22"><span class='ocrx_word' id='word_1_412' title='bbox 2157 3133 2294 3185; x_wconf 88' lang='grc' dir='ltr'><strong>όδων</strong></span> <span class='ocrx_word' id='word_1_413' title='bbox 2346 3135 2607 3196; x_wconf 82' lang='grc' dir='ltr'><strong>Λατίνους</strong></span> <span class='ocrx_word' id='word_1_414' title='bbox 2642 3133 2897 3206; x_wconf 78' lang='grc' dir='ltr'><strong>ἀπεχθῶς</strong></span> <span class='ocrx_word' id='word_1_415' title='bbox 2942 3131 3111 3202; x_wconf 74' lang='grc' dir='ltr'><strong>ἔχειν,</strong></span> <span class='ocrx_word' id='word_1_416' title='bbox 3143 3126 3218 3186; x_wconf 81' lang='grc' dir='ltr'><strong>ὧν</strong></span> <span class='ocrx_word' id='word_1_417' title='bbox 3262 3129 3532 3200; x_wconf 79' lang='grc' dir='ltr'><strong>ἡγεμόνες</strong></span> <span class='ocrx_word' id='word_1_418' title='bbox 3571 3127 3735 3179; x_wconf 73' lang='grc' dir='ltr'><strong>αὐτοὶ</strong></span> 
     </span>
    </p>
   </div>
   <div class='ocr_carea' id='block_1_64' title="bbox 486 3210 2046 3291">
    <p class='ocr_par' dir='ltr' id='par_1_64' title="bbox 486 3210 2046 3291">
     <span class='ocr_line' id='line_1_64' title="bbox 486 3210 2046 3291; baseline 0.012 -29"><span class='ocrx_word' id='word_1_419' title='bbox 486 3210 732 3263; x_wconf 81' lang='lat' dir='ltr'><strong>raculuni</strong></span> <span class='ocrx_word' id='word_1_420' title='bbox 774 3213 931 3268; x_wconf 85' lang='lat' dir='ltr'><strong>laude</strong></span> <span class='ocrx_word' id='word_1_421' title='bbox 955 3215 1223 3284; x_wconf 76' lang='lat' dir='ltr'><strong>dignum:</strong></span> <span class='ocrx_word' id='word_1_422' title='bbox 1281 3220 1443 3276; x_wconf 86' lang='lat' dir='ltr'><strong>modo</strong></span> <span class='ocrx_word' id='word_1_423' title='bbox 1497 3237 1626 3278; x_wconf 89' lang='lat' dir='ltr'><strong>vero</strong></span> <span class='ocrx_word' id='word_1_424' title='bbox 1650 3223 2046 3291; x_wconf 88' lang='lat' dir='ltr'><strong>Innocentium,</strong></span> 
     </span>
    </p>
   </div>
   <div class='ocr_carea' id='block_1_65' title="bbox 484 3299 1836 3380">
    <p class='ocr_par' dir='ltr' id='par_1_65' title="bbox 484 3299 1836 3380">
     <span class='ocr_line' id='line_1_65' title="bbox 484 3299 1836 3380; baseline 0.013 -29"><span class='ocrx_word' id='word_1_425' title='bbox 484 3299 572 3352; x_wconf 76' lang='grc' dir='ltr'><strong>νυι</strong></span> <span class='ocrx_word' id='word_1_426' title='bbox 593 3299 759 3356; x_wconf 87' lang='lat' dir='ltr'><strong>alium</strong></span> <span class='ocrx_word' id='word_1_427' title='bbox 792 3317 1174 3377; x_wconf 89' lang='lat' dir='ltr'><strong>quemcunque</strong></span> <span class='ocrx_word' id='word_1_428' title='bbox 1203 3311 1495 3380; x_wconf 89' lang='lat' dir='ltr'><strong>reprobare</strong></span> <span class='ocrx_word' id='word_1_429' title='bbox 1533 3314 1778 3371; x_wconf 90' lang='lat' dir='ltr'><strong>eosdem.</strong></span> <span class='ocrx_word' id='word_1_430' title='bbox 1818 3335 1836 3368; x_wconf 72' lang='grc' dir='ltr'><strong>ι</strong></span> 
     </span>
    </p>
   </div>
   <div class='ocr_carea' id='block_1_66' title="bbox 2157 3219 3732 3297">
    <p class='ocr_par' dir='ltr' id='par_1_66' title="bbox 2157 3219 3732 3297">
     <span class='ocr_line' id='line_1_66' title="bbox 2157 3219 3732 3297; baseline -0.008 -17"><span class='ocrx_word' id='word_1_431' title='bbox 2157 3226 2521 3297; x_wconf 78' lang='grc' dir='ltr'><strong>κατέστησαν,</strong></span> <span class='ocrx_word' id='word_1_432' title='bbox 2583 3226 2860 3291; x_wconf 71' lang='grc' dir='ltr'><strong>ἀλλὰ,καὶ</strong></span> <span class='ocrx_word' id='word_1_433' title='bbox 2910 3225 3047 3295; x_wconf 81' lang='grc' dir='ltr'><strong>πρὸς</strong></span> <span class='ocrx_word' id='word_1_434' title='bbox 3103 3223 3330 3286; x_wconf 75' lang='grc' dir='ltr'><strong>ἑαυτοὺς</strong></span> <span class='ocrx_word' id='word_1_435' title='bbox 3373 3219 3732 3283; x_wconf 75' lang='grc' dir='ltr'><strong>στασιάζειν-</strong></span> 
     </span>
    </p>
   </div>
   <div class='ocr_carea' id='block_1_67' title="bbox 2157 3310 3737 3388">
    <p class='ocr_par' dir='ltr' id='par_1_67' title="bbox 2157 3310 3737 3388">
     <span class='ocr_line' id='line_1_67' title="bbox 2157 3310 3737 3388; baseline -0.005 -19"><span class='ocrx_word' id='word_1_436' title='bbox 2157 3319 2255 3377; x_wconf 64' lang='grc' dir='ltr'><strong>καὶ</strong></span> <span class='ocrx_word' id='word_1_437' title='bbox 2278 3317 2373 3371; x_wconf 82' lang='grc' dir='ltr'><strong>νῦν</strong></span> <span class='ocrx_word' id='word_1_438' title='bbox 2403 3318 2503 3388; x_wconf 82' lang='grc' dir='ltr'><strong>μὲν</strong></span> <span class='ocrx_word' id='word_1_439' title='bbox 2525 3317 2614 3371; x_wconf 78' lang='grc' dir='ltr'><strong>τὸν</strong></span> <span class='ocrx_word' id='word_1_440' title='bbox 2640 3317 2870 3370; x_wconf 80' lang='grc' dir='ltr'><strong>πάππαν</strong></span> <span class='ocrx_word' id='word_1_441' title='bbox 2893 3315 3172 3385; x_wconf 82' lang='grc' dir='ltr'><strong>’Δδριανὸν</strong></span> <span class='ocrx_word' id='word_1_442' title='bbox 3198 3316 3318 3375; x_wconf 80' lang='grc' dir='ltr'><strong>τοὺς</strong></span> <span class='ocrx_word' id='word_1_443' title='bbox 3343 3314 3574 3374; x_wconf 81' lang='grc' dir='ltr'><strong>κανόνας</strong></span> <span class='ocrx_word' id='word_1_444' title='bbox 3608 3310 3737 3362; x_wconf 60' lang='grc' dir='ltr'><strong>τού.</strong></span> 
     </span>
    </p>
   </div>
   <div class='ocr_carea' id='block_1_68' title="bbox 484 3393 3740 3483">
    <p class='ocr_par' dir='ltr' id='par_1_68' title="bbox 484 3393 3740 3483">
     <span class='ocr_line' id='line_1_68' title="bbox 484 3393 3740 3483; baseline 0.004 -41"><span class='ocrx_word' id='word_1_445' title='bbox 484 3408 611 3456; x_wconf 85' lang='grc' dir='ltr'><strong>τυυς</strong></span> <span class='ocrx_word' id='word_1_446' title='bbox 645 3393 829 3464; x_wconf 81' lang='grc' dir='ltr'><strong>θαῦμα</strong></span> <span class='ocrx_word' id='word_1_447' title='bbox 867 3398 1128 3463; x_wconf 63' lang='grc' dir='ltr'><strong>αἰνέσεως</strong></span> <span class='ocrx_word' id='word_1_448' title='bbox 1163 3403 1383 3468; x_wconf 78' lang='grc' dir='ltr'><strong>καλεῖν,</strong></span> <span class='ocrx_word' id='word_1_449' title='bbox 1425 3405 1520 3460; x_wconf 85' lang='grc' dir='ltr'><strong>νῦν</strong></span> <span class='ocrx_word' id='word_1_450' title='bbox 1547 3407 1602 3460; x_wconf 84' lang='grc' dir='ltr'><strong>δὲ</strong></span> <span class='ocrx_word' id='word_1_451' title='bbox 1652 3409 1744 3460; x_wconf 75' lang='grc' dir='ltr'><strong>τὸν</strong></span> <span class='ocrx_word' id='word_1_452' title='bbox 1826 3411 2192 3477; x_wconf 78' lang='grc' dir='ltr'><strong>Ἰννοκέντιον,</strong></span> <span class='ocrx_word' id='word_1_453' title='bbox 2246 3411 2278 3481; x_wconf 80' lang='grc' dir='ltr'>ἢ</span> <span class='ocrx_word' id='word_1_454' title='bbox 2355 3412 2566 3483; x_wconf 77' lang='grc' dir='ltr'><strong>ἕτερον,</strong></span> <span class='ocrx_word' id='word_1_455' title='bbox 2607 3411 2657 3464; x_wconf 81' lang='grc' dir='ltr'><strong>εί</strong></span> <span class='ocrx_word' id='word_1_456' title='bbox 2706 3409 2902 3480; x_wconf 85' lang='grc' dir='ltr'><strong>τύχοι,</strong></span> <span class='ocrx_word' id='word_1_457' title='bbox 2945 3407 3073 3472; x_wconf 81' lang='grc' dir='ltr'><strong>τοὺς</strong></span> <span class='ocrx_word' id='word_1_458' title='bbox 3139 3407 3336 3470; x_wconf 81' lang='grc' dir='ltr'><strong>αὐτοὺς</strong></span> <span class='ocrx_word' id='word_1_459' title='bbox 3397 3403 3740 3474; x_wconf 78' lang='grc' dir='ltr'><strong>ἀποδοκιμά-</strong></span> 
     </span>
    </p>
   </div>
   <div class='ocr_carea' id='block_1_69' title="bbox 489 3489 680 3554">
    <p class='ocr_par' dir='ltr' id='par_1_69' title="bbox 489 3489 680 3554">
     <span class='ocr_line' id='line_1_69' title="bbox 489 3489 680 3554; baseline 0 -13"><span class='ocrx_word' id='word_1_460' title='bbox 489 3489 624 3554; x_wconf 75' lang='grc' dir='ltr'><strong>ζειν.</strong></span> <span class='ocrx_word' id='word_1_461' title='bbox 661 3510 680 3541; x_wconf 68' lang='grc' dir='ltr'><strong>ι</strong></span> 
     </span>
    </p>
   </div>
   <div class='ocr_carea' id='block_1_70' title="bbox 1041 3620 1492 3681">
    <p class='ocr_par' dir='ltr' id='par_1_70' title="bbox 1041 3620 1492 3681">
     <span class='ocr_line' id='line_1_70' title="bbox 1041 3620 1492 3681; baseline 0.013 -6"><span class='ocrx_word' id='word_1_462' title='bbox 1041 3620 1492 3681; x_wconf 81' lang='lat' dir='ltr'><strong>CONFUTATIO.</strong></span> 
     </span>
    </p>
   </div>
   <div class='ocr_carea' id='block_1_71' title="bbox 556 3730 2054 3814">
    <p class='ocr_par' dir='ltr' id='par_1_71' title="bbox 556 3730 2054 3814">
     <span class='ocr_line' id='line_1_71' title="bbox 556 3730 2054 3814; baseline 0.01 -30"><span class='ocrx_word' id='word_1_463' title='bbox 556 3730 754 3801; x_wconf 76' lang='lat' dir='ltr'><strong>Arguis</strong></span> <span class='ocrx_word' id='word_1_464' title='bbox 803 3743 1002 3803; x_wconf 88' lang='lat' dir='ltr'><strong>quarto</strong></span> <span class='ocrx_word' id='word_1_465' title='bbox 1045 3751 1148 3806; x_wconf 91' lang='lat' dir='ltr'><strong>pro</strong></span> <span class='ocrx_word' id='word_1_466' title='bbox 1200 3738 1513 3808; x_wconf 86' lang='lat' dir='ltr'><strong>quinisexta</strong></span> <span class='ocrx_word' id='word_1_467' title='bbox 1546 3740 1860 3799; x_wconf 83' lang='lat' dir='ltr'><strong>:Adrianus</strong></span> <span class='ocrx_word' id='word_1_468' title='bbox 1917 3759 2054 3814; x_wconf 86' lang='lat' dir='ltr'><strong>papa</strong></span> 
     </span>
    </p>
   </div>
   <div class='ocr_carea' id='block_1_72' title="bbox 486 3823 2054 3906">
    <p class='ocr_par' dir='ltr' id='par_1_72' title="bbox 486 3823 2054 3906">
     <span class='ocr_line' id='line_1_72' title="bbox 486 3823 2054 3906; baseline 0.01 -30"><span class='ocrx_word' id='word_1_469' title='bbox 486 3823 736 3879; x_wconf 83' lang='lat' dir='ltr'><strong>scribens</strong></span> <span class='ocrx_word' id='word_1_470' title='bbox 767 3824 996 3883; x_wconf 86' lang='lat' dir='ltr'><strong>Tarasio</strong></span> <span class='ocrx_word' id='word_1_471' title='bbox 1026 3841 1203 3884; x_wconf 88' lang='lat' dir='ltr'><strong>ratum</strong></span> <span class='ocrx_word' id='word_1_472' title='bbox 1235 3832 1398 3887; x_wconf 86' lang='lat' dir='ltr'><strong>habet</strong></span> <span class='ocrx_word' id='word_1_473' title='bbox 1435 3838 1833 3906; x_wconf 79' lang='lat' dir='ltr'><strong>octogesimum</strong></span> <span class='ocrx_word' id='word_1_474' title='bbox 1861 3852 2054 3891; x_wconf 86' lang='lat' dir='ltr'><strong>secun-</strong></span> 
     </span>
    </p>
   </div>
   <div class='ocr_carea' id='block_1_73' title="bbox 485 3915 2056 3999">
    <p class='ocr_par' dir='ltr' id='par_1_73' title="bbox 485 3915 2056 3999">
     <span class='ocr_line' id='line_1_73' title="bbox 485 3915 2056 3999; baseline 0.011 -32"><span class='ocrx_word' id='word_1_475' title='bbox 485 3915 616 3968; x_wconf 86' lang='lat' dir='ltr'><strong>dum</strong></span> <span class='ocrx_word' id='word_1_476' title='bbox 677 3931 944 3974; x_wconf 81' lang='lat' dir='ltr'><strong>eanouem</strong></span> <span class='ocrx_word' id='word_1_477' title='bbox 997 3921 1356 3990; x_wconf 69' lang='lat' dir='ltr'><strong>quinisextaz;</strong></span> <span class='ocrx_word' id='word_1_478' title='bbox 1421 3940 1552 3997; x_wconf 78' lang='lat' dir='ltr'><strong>ergo</strong></span> <span class='ocrx_word' id='word_1_479' title='bbox 1589 3929 1830 3999; x_wconf 82' lang='lat' dir='ltr'><strong>synodus</strong></span> <span class='ocrx_word' id='word_1_480' title='bbox 1853 3929 1942 3984; x_wconf 90' lang='lat' dir='ltr'><strong>illa</strong></span> <span class='ocrx_word' id='word_1_481' title='bbox 1976 3930 2056 3984; x_wconf 86' lang='lat' dir='ltr'><strong>le-</strong></span> 
     </span>
    </p>
   </div>
   <div class='ocr_carea' id='block_1_74' title="bbox 483 4005 2051 4076">
    <p class='ocr_par' dir='ltr' id='par_1_74' title="bbox 483 4005 2051 4076">
     <span class='ocr_line' id='line_1_74' title="bbox 483 4005 2051 4076; baseline 0.012 -19"><span class='ocrx_word' id='word_1_482' title='bbox 483 4005 674 4072; x_wconf 66' lang='lat' dir='ltr'><strong>gitima</strong></span> <span class='ocrx_word' id='word_1_483' title='bbox 729 4015 817 4062; x_wconf 89' lang='lat' dir='ltr'><strong>est</strong></span> <span class='ocrx_word' id='word_1_484' title='bbox 877 4011 1033 4065; x_wconf 87' lang='lat' dir='ltr'><strong>etin</strong></span> <span class='ocrx_word' id='word_1_485' title='bbox 1096 4014 1456 4071; x_wconf 70' lang='lat' dir='ltr'><strong>memnenicis</strong></span> <span class='ocrx_word' id='word_1_486' title='bbox 1521 4019 1885 4075; x_wconf 89' lang='lat' dir='ltr'><strong>numeranda.</strong></span> <span class='ocrx_word' id='word_1_487' title='bbox 1944 4019 2051 4076; x_wconf 82' lang='lat' dir='ltr'><strong>Sed</strong></span> 
     </span>
    </p>
   </div>
   <div class='ocr_carea' id='block_1_75' title="bbox 486 4098 2055 4182">
    <p class='ocr_par' dir='ltr' id='par_1_75' title="bbox 486 4098 2055 4182">
     <span class='ocr_line' id='line_1_75' title="bbox 486 4098 2055 4182; baseline 0.011 -32"><span class='ocrx_word' id='word_1_488' title='bbox 486 4098 646 4166; x_wconf 84' lang='lat' dir='ltr'><strong>plane</strong></span> <span class='ocrx_word' id='word_1_489' title='bbox 702 4113 876 4168; x_wconf 85' lang='lat' dir='ltr'><strong>erras,</strong></span> <span class='ocrx_word' id='word_1_490' title='bbox 933 4113 990 4158; x_wconf 89' lang='lat' dir='ltr'><strong>et</strong></span> <span class='ocrx_word' id='word_1_491' title='bbox 1043 4109 1250 4163; x_wconf 83' lang='lat' dir='ltr'><strong>erroris</strong></span> <span class='ocrx_word' id='word_1_492' title='bbox 1275 4110 1352 4164; x_wconf 93' lang='lat' dir='ltr'><strong>tui</strong></span> <span class='ocrx_word' id='word_1_493' title='bbox 1388 4126 1552 4165; x_wconf 87' lang='lat' dir='ltr'><strong>eausa</strong></span> <span class='ocrx_word' id='word_1_494' title='bbox 1575 4121 1658 4168; x_wconf 91' lang='lat' dir='ltr'><strong>est</strong></span> <span class='ocrx_word' id='word_1_495' title='bbox 1682 4128 1847 4182; x_wconf 89' lang='lat' dir='ltr'><strong>prava</strong></span> <span class='ocrx_word' id='word_1_496' title='bbox 1882 4115 2055 4169; x_wconf 85' lang='lat' dir='ltr'><strong>inter-</strong></span> 
     </span>
    </p>
   </div>
   <div class='ocr_carea' id='block_1_76' title="bbox 488 4189 2053 4271">
    <p class='ocr_par' dir='ltr' id='par_1_76' title="bbox 488 4189 2053 4271">
     <span class='ocr_line' id='line_1_76' title="bbox 488 4189 2053 4271; baseline 0.013 -34"><span class='ocrx_word' id='word_1_497' title='bbox 488 4190 745 4254; x_wconf 87' lang='lat' dir='ltr'><strong>pretatio.</strong></span> <span class='ocrx_word' id='word_1_498' title='bbox 805 4189 940 4244; x_wconf 80' lang='lat' dir='ltr'><strong>Nam</strong></span> <span class='ocrx_word' id='word_1_499' title='bbox 996 4193 1204 4250; x_wconf 87' lang='lat' dir='ltr'><strong>Tarasii</strong></span> <span class='ocrx_word' id='word_1_500' title='bbox 1257 4212 1440 4264; x_wconf 84' lang='lat' dir='ltr'><strong>voces,</strong></span> <span class='ocrx_word' id='word_1_501' title='bbox 1497 4214 1635 4268; x_wconf 91' lang='lat' dir='ltr'><strong>quas</strong></span> <span class='ocrx_word' id='word_1_502' title='bbox 1687 4215 1823 4271; x_wconf 90' lang='lat' dir='ltr'><strong>papa</strong></span> <span class='ocrx_word' id='word_1_503' title='bbox 1846 4203 2053 4270; x_wconf 88' lang='lat' dir='ltr'><strong>laudat,</strong></span> 
     </span>
    </p>
   </div>
   <div class='ocr_carea' id='block_1_77' title="bbox 490 4279 2053 4362">
    <p class='ocr_par' dir='ltr' id='par_1_77' title="bbox 490 4279 2053 4362">
     <span class='ocr_line' id='line_1_77' title="bbox 490 4279 2053 4362; baseline 0.013 -32"><span class='ocrx_word' id='word_1_504' title='bbox 490 4293 600 4332; x_wconf 92' lang='lat' dir='ltr'><strong>non</strong></span> <span class='ocrx_word' id='word_1_505' title='bbox 661 4282 733 4334; x_wconf 87' lang='lat' dir='ltr'><strong>ita</strong></span> <span class='ocrx_word' id='word_1_506' title='bbox 783 4279 990 4338; x_wconf 88' lang='lat' dir='ltr'><strong>habent</strong></span> <span class='ocrx_word' id='word_1_507' title='bbox 1031 4293 1092 4339; x_wconf 91' lang='lat' dir='ltr'><strong>ut</strong></span> <span class='ocrx_word' id='word_1_508' title='bbox 1141 4285 1328 4343; x_wconf 66' lang='lat' dir='ltr'><strong>Graeca</strong></span> <span class='ocrx_word' id='word_1_509' title='bbox 1364 4289 1748 4360; x_wconf 88' lang='lat' dir='ltr'><strong>interpretatio</strong></span> <span class='ocrx_word' id='word_1_510' title='bbox 1771 4294 2053 4362; x_wconf 81' lang='lat' dir='ltr'><strong>continet;</strong></span> 
     </span>
    </p>
   </div>
   <div class='ocr_carea' id='block_1_78' title="bbox 487 4369 2053 4446">
    <p class='ocr_par' dir='ltr' id='par_1_78' title="bbox 487 4369 2053 4446">
     <span class='ocr_line' id='line_1_78' title="bbox 487 4369 2053 4446; baseline 0.014 -25"><span class='ocrx_word' id='word_1_511' title='bbox 487 4369 675 4440; x_wconf 65' lang='lat' dir='ltr'><strong>Graece</strong></span> <span class='ocrx_word' id='word_1_512' title='bbox 701 4372 849 4426; x_wconf 90' lang='lat' dir='ltr'><strong>enim</strong></span> <span class='ocrx_word' id='word_1_513' title='bbox 883 4373 956 4428; x_wconf 88' lang='lat' dir='ltr'><strong>ita</strong></span> <span class='ocrx_word' id='word_1_514' title='bbox 998 4375 1198 4445; x_wconf 72' lang='lat' dir='ltr'><strong>legitur</strong></span> <span class='ocrx_word' id='word_1_515' title='bbox 1232 4393 1246 4431; x_wconf 91' lang='lat'>:</span> <span class='ocrx_word' id='word_1_516' title='bbox 1280 4380 1416 4446; x_wconf 91' lang='lat' dir='ltr'><strong>Quia</strong></span> <span class='ocrx_word' id='word_1_517' title='bbox 1461 4390 1518 4435; x_wconf 89' lang='lat' dir='ltr'><strong>et</strong></span> <span class='ocrx_word' id='word_1_518' title='bbox 1537 4384 1782 4440; x_wconf 88' lang='lat' dir='ltr'><strong>eamdem</strong></span> <span class='ocrx_word' id='word_1_519' title='bbox 1811 4398 2053 4443; x_wconf 87' lang='lat' dir='ltr'><strong>sanctam</strong></span> 
     </span>
    </p>
   </div>
   <div class='ocr_carea' id='block_1_79' title="bbox 2716 3624 3153 3680">
    <p class='ocr_par' dir='ltr' id='par_1_79' title="bbox 2716 3624 3153 3680">
     <span class='ocr_line' id='line_1_79' title="bbox 2716 3624 3153 3680; baseline 0 -1"><span class='ocrx_word' id='word_1_520' title='bbox 2716 3624 3153 3680; x_wconf 79' lang='grc' dir='ltr'><strong>ΛΝΊΊΡΡΗΣΙΣ.</strong></span> 
     </span>
    </p>
   </div>
   <div class='ocr_carea' id='block_1_80' title="bbox 2221 3738 3732 3813">
    <p class='ocr_par' dir='ltr' id='par_1_80' title="bbox 2221 3738 3732 3813">
     <span class='ocr_line' id='line_1_80' title="bbox 2221 3738 3732 3813; baseline -0.004 -16"><span class='ocrx_word' id='word_1_521' title='bbox 2221 3744 2494 3813; x_wconf 72' lang='grc' dir='ltr'><strong>Τέταρτον</strong></span> <span class='ocrx_word' id='word_1_522' title='bbox 2514 3741 2821 3812; x_wconf 75' lang='grc' dir='ltr'><strong>ἐπιχειρεῖς</strong></span> <span class='ocrx_word' id='word_1_523' title='bbox 2854 3744 2936 3805; x_wconf 77' lang='grc' dir='ltr'><strong>είς</strong></span> <span class='ocrx_word' id='word_1_524' title='bbox 2969 3741 3232 3795; x_wconf 85' lang='grc' dir='ltr'><strong>σύστασιν</strong></span> <span class='ocrx_word' id='word_1_525' title='bbox 3253 3739 3350 3809; x_wconf 82' lang='grc' dir='ltr'><strong>τῆς</strong></span> <span class='ocrx_word' id='word_1_526' title='bbox 3381 3738 3732 3806; x_wconf 78' lang='grc' dir='ltr'><strong>πενθέκτηςο</strong></span> 
     </span>
    </p>
   </div>
   <div class='ocr_carea' id='block_1_81' title="bbox 2163 3831 3732 3906">
    <p class='ocr_par' dir='ltr' id='par_1_81' title="bbox 2163 3831 3732 3906">
     <span class='ocr_line' id='line_1_81' title="bbox 2163 3831 3732 3906; baseline -0.004 -16"><span class='ocrx_word' id='word_1_527' title='bbox 2163 3835 2439 3906; x_wconf 74' lang='grc' dir='ltr'><strong>Ἀδριανὸς</strong></span> <span class='ocrx_word' id='word_1_528' title='bbox 2472 3837 2501 3888; x_wconf 84' lang='grc' dir='ltr'><strong>ὁ</strong></span> <span class='ocrx_word' id='word_1_529' title='bbox 2549 3835 2777 3896; x_wconf 79' lang='grc' dir='ltr'><strong>πάππας</strong></span> <span class='ocrx_word' id='word_1_530' title='bbox 2806 3832 3066 3904; x_wconf 83' lang='grc' dir='ltr'><strong>Ταρασίῳ</strong></span> <span class='ocrx_word' id='word_1_531' title='bbox 3109 3833 3338 3902; x_wconf 75' lang='grc' dir='ltr'><strong>γράφων</strong></span> <span class='ocrx_word' id='word_1_532' title='bbox 3379 3831 3572 3901; x_wconf 84' lang='grc' dir='ltr'><strong>κύριον</strong></span> <span class='ocrx_word' id='word_1_533' title='bbox 3607 3831 3732 3899; x_wconf 77' lang='grc' dir='ltr'><strong>ἔχει</strong></span> 
     </span>
    </p>
   </div>
   <div class='ocr_carea' id='block_1_82' title="bbox 2150 3922 3737 3996">
    <p class='ocr_par' dir='ltr' id='par_1_82' title="bbox 2150 3922 3737 3996">
     <span class='ocr_line' id='line_1_82' title="bbox 2150 3922 3737 3996; baseline -0.006 -14"><span class='ocrx_word' id='word_1_534' title='bbox 2150 3929 2244 3982; x_wconf 70' lang='grc' dir='ltr'><strong>τὸν</strong></span> <span class='ocrx_word' id='word_1_535' title='bbox 2274 3925 2364 3996; x_wconf 77' lang='grc' dir='ltr'><strong>πβ¹</strong></span> <span class='ocrx_word' id='word_1_536' title='bbox 2403 3925 2605 3980; x_wconf 85' lang='grc' dir='ltr'><strong>κανόνα</strong></span> <span class='ocrx_word' id='word_1_537' title='bbox 2639 3925 2739 3994; x_wconf 87' lang='grc' dir='ltr'><strong>τῆς</strong></span> <span class='ocrx_word' id='word_1_538' title='bbox 2776 3923 3116 3992; x_wconf 81' lang='grc' dir='ltr'><strong>πενοέιιτης·</strong></span> <span class='ocrx_word' id='word_1_539' title='bbox 3151 3922 3260 3992; x_wconf 78' lang='grc' dir='ltr'><strong>ἄρα</strong></span> <span class='ocrx_word' id='word_1_540' title='bbox 3303 3922 3501 3990; x_wconf 76' lang='grc' dir='ltr'><strong>γνησία.</strong></span> <span class='ocrx_word' id='word_1_541' title='bbox 3536 3923 3569 3990; x_wconf 75' lang='grc' dir='ltr'><strong>ἡ</strong></span> <span class='ocrx_word' id='word_1_542' title='bbox 3602 3940 3737 3974; x_wconf 81' lang='grc' dir='ltr'><strong>πεν-</strong></span> 
     </span>
    </p>
   </div>
   <div class='ocr_carea' id='block_1_83' title="bbox 2153 4012 3734 4088">
    <p class='ocr_par' dir='ltr' id='par_1_83' title="bbox 2153 4012 3734 4088">
     <span class='ocr_line' id='line_1_83' title="bbox 2153 4012 3734 4088; baseline -0.006 -16"><span class='ocrx_word' id='word_1_543' title='bbox 2153 4018 2346 4088; x_wconf 80' lang='grc' dir='ltr'><strong>θέκτη,</strong></span> <span class='ocrx_word' id='word_1_544' title='bbox 2394 4019 2488 4072; x_wconf 78' lang='grc' dir='ltr'><strong>καὶ</strong></span> <span class='ocrx_word' id='word_1_545' title='bbox 2517 4019 2575 4070; x_wconf 72' lang='grc' dir='ltr'><strong>ἐν</strong></span> <span class='ocrx_word' id='word_1_546' title='bbox 2617 4019 2737 4079; x_wconf 81' lang='grc' dir='ltr'><strong>ταῖς</strong></span> <span class='ocrx_word' id='word_1_547' title='bbox 2781 4016 3187 4084; x_wconf 77' lang='grc' dir='ltr'><strong>οίκουμενικαῖς</strong></span> <span class='ocrx_word' id='word_1_548' title='bbox 3212 4013 3546 4084; x_wconf 74' lang='grc' dir='ltr'><strong>ἁριθμητέα.</strong></span> <span class='ocrx_word' id='word_1_549' title='bbox 3589 4012 3734 4064; x_wconf 75' lang='grc' dir='ltr'><strong>Ἀλλ’</strong></span> 
     </span>
    </p>
   </div>
   <div class='ocr_carea' id='block_1_84' title="bbox 2155 4103 3733 4180">
    <p class='ocr_par' dir='ltr' id='par_1_84' title="bbox 2155 4103 3733 4180">
     <span class='ocr_line' id='line_1_84' title="bbox 2155 4103 3733 4180; baseline -0.005 -16"><span class='ocrx_word' id='word_1_550' title='bbox 2155 4110 2489 4180; x_wconf 73' lang='grc' dir='ltr'><strong>ἐπλανήθης,</strong></span> <span class='ocrx_word' id='word_1_551' title='bbox 2531 4103 2577 4163; x_wconf 81' lang='grc' dir='ltr'>ὣ</span> <span class='ocrx_word' id='word_1_552' title='bbox 2611 4108 2908 4176; x_wconf 80' lang='grc' dir='ltr'><strong>Θαυμάσιε,</strong></span> <span class='ocrx_word' id='word_1_553' title='bbox 2939 4108 3002 4160; x_wconf 67' lang='grc' dir='ltr'><strong>ἐκ</strong></span> <span class='ocrx_word' id='word_1_554' title='bbox 3046 4108 3147 4178; x_wconf 75' lang='grc' dir='ltr'><strong>τῆς</strong></span> <span class='ocrx_word' id='word_1_555' title='bbox 3183 4105 3606 4174; x_wconf 77' lang='grc' dir='ltr'><strong>παρερμηνείας</strong></span> <span class='ocrx_word' id='word_1_556' title='bbox 3631 4103 3733 4156; x_wconf 79' lang='grc' dir='ltr'><strong>τοῦ</strong></span> 
     </span>
    </p>
   </div>
   <div class='ocr_carea' id='block_1_85' title="bbox 2156 4197 3738 4275">
    <p class='ocr_par' dir='ltr' id='par_1_85' title="bbox 2156 4197 3738 4275">
     <span class='ocr_line' id='line_1_85' title="bbox 2156 4197 3738 4275; baseline -0.003 -19"><span class='ocrx_word' id='word_1_557' title='bbox 2156 4203 2378 4275; x_wconf 87' lang='grc' dir='ltr'><strong>χωρίου.</strong></span> <span class='ocrx_word' id='word_1_558' title='bbox 2425 4203 2488 4256; x_wconf 84' lang='lat' dir='ltr'><strong>Ai</strong></span> <span class='ocrx_word' id='word_1_559' title='bbox 2516 4202 2626 4272; x_wconf 81' lang='grc' dir='ltr'><strong>γὰρ</strong></span> <span class='ocrx_word' id='word_1_560' title='bbox 2658 4200 2752 4253; x_wconf 85' lang='grc' dir='ltr'><strong>τοῦ</strong></span> <span class='ocrx_word' id='word_1_561' title='bbox 2785 4200 3065 4269; x_wconf 83' lang='grc' dir='ltr'><strong>Ταρασίου</strong></span> <span class='ocrx_word' id='word_1_562' title='bbox 3111 4199 3313 4266; x_wconf 82' lang='grc' dir='ltr'><strong>φωναὶ,</strong></span> <span class='ocrx_word' id='word_1_563' title='bbox 3342 4199 3408 4258; x_wconf 71' lang='grc' dir='ltr'><strong>ἃς</strong></span> <span class='ocrx_word' id='word_1_564' title='bbox 3458 4198 3682 4249; x_wconf 83' lang='grc' dir='ltr'><strong>ἐπαινεί</strong></span> <span class='ocrx_word' id='word_1_565' title='bbox 3706 4197 3738 4252; x_wconf 77' lang='grc' dir='ltr'><strong>ὁ</strong></span> 
     </span>
    </p>
   </div>
   <div class='ocr_carea' id='block_1_86' title="bbox 2157 4287 3738 4362">
    <p class='ocr_par' dir='ltr' id='par_1_86' title="bbox 2157 4287 3738 4362">
     <span class='ocr_line' id='line_1_86' title="bbox 2157 4287 3738 4362; baseline -0.007 -13"><span class='ocrx_word' id='word_1_566' title='bbox 2157 4295 2410 4359; x_wconf 83' lang='grc' dir='ltr'><strong>πάππας,</strong></span> <span class='ocrx_word' id='word_1_567' title='bbox 2443 4293 2503 4348; x_wconf 82' lang='grc' dir='ltr'><strong>ού</strong></span> <span class='ocrx_word' id='word_1_568' title='bbox 2526 4291 2659 4362; x_wconf 81' lang='grc' dir='ltr'><strong>περὶ</strong></span> <span class='ocrx_word' id='word_1_569' title='bbox 2688 4291 2789 4360; x_wconf 73' lang='grc' dir='ltr'><strong>τῆς</strong></span> <span class='ocrx_word' id='word_1_570' title='bbox 2834 4289 3004 4358; x_wconf 69' lang='grc' dir='ltr'><strong>ἕκτης</strong></span> <span class='ocrx_word' id='word_1_571' title='bbox 3047 4289 3268 4342; x_wconf 84' lang='grc' dir='ltr'><strong>συνόδου</strong></span> <span class='ocrx_word' id='word_1_572' title='bbox 3290 4289 3473 4359; x_wconf 79' lang='grc' dir='ltr'><strong>ῥητῶς</strong></span> <span class='ocrx_word' id='word_1_573' title='bbox 3502 4287 3738 4357; x_wconf 82' lang='grc' dir='ltr'><strong>διαλαμ-</strong></span> 
     </span>
    </p>
   </div>
   <div class='ocr_carea' id='block_1_87' title="bbox 2158 4379 3739 4453">
    <p class='ocr_par' dir='ltr' id='par_1_87' title="bbox 2158 4379 3739 4453">
     <span class='ocr_line' id='line_1_87' title="bbox 2158 4379 3739 4453; baseline -0.004 -15"><span class='ocrx_word' id='word_1_574' title='bbox 2158 4383 2404 4448; x_wconf 75' lang='grc' dir='ltr'><strong>ϐάνουσι,</strong></span> <span class='ocrx_word' id='word_1_575' title='bbox 2433 4381 2614 4445; x_wconf 80' lang='grc' dir='ltr'><strong>καθὼς</strong></span> <span class='ocrx_word' id='word_1_576' title='bbox 2643 4381 2754 4451; x_wconf 71' lang='grc' dir='ltr'><strong>ἔχει</strong></span> <span class='ocrx_word' id='word_1_577' title='bbox 2781 4383 2814 4453; x_wconf 75' lang='grc' dir='ltr'><strong>η</strong></span> <span class='ocrx_word' id='word_1_578' title='bbox 2857 4380 3160 4451; x_wconf 77' lang='grc' dir='ltr'><strong>Ἑλληνικὴ</strong></span> <span class='ocrx_word' id='word_1_579' title='bbox 3194 4379 3466 4450; x_wconf 80' lang='grc' dir='ltr'><strong>ἑρμηνεία</strong></span> <span class='ocrx_word' id='word_1_580' title='bbox 3485 4396 3499 4410; x_wconf 74' lang='grc' dir='ltr'><strong>ο</strong></span> <span class='ocrx_word' id='word_1_581' title='bbox 3531 4379 3594 4430; x_wconf 77' lang='grc' dir='ltr'><strong>τὸ</strong></span> <span class='ocrx_word' id='word_1_582' title='bbox 3623 4381 3739 4448; x_wconf 73' lang='grc' dir='ltr'><strong>γὰρ</strong></span> 
     </span>
    </p>
   </div>
   <div class='ocr_carea' id='block_1_88' title="bbox 487 4459 2056 4547">
    <p class='ocr_par' dir='ltr' id='par_1_88' title="bbox 487 4465 2052 4547">
     <span class='ocr_line' id='line_1_88' title="bbox 487 4465 2052 4547; baseline 0.014 -33"><span class='ocrx_word' id='word_1_583' title='bbox 487 4471 695 4518; x_wconf 83' lang='lat' dir='ltr'><strong>sextam</strong></span> <span class='ocrx_word' id='word_1_584' title='bbox 725 4465 992 4535; x_wconf 87' lang='lat' dir='ltr'><strong>synodum</strong></span> <span class='ocrx_word' id='word_1_585' title='bbox 1022 4468 1266 4538; x_wconf 90' lang='lat' dir='ltr'><strong>suscipio</strong></span> <span class='ocrx_word' id='word_1_586' title='bbox 1304 4487 1427 4525; x_wconf 92' lang='lat' dir='ltr'><strong>cum</strong></span> <span class='ocrx_word' id='word_1_587' title='bbox 1460 4475 1716 4530; x_wconf 88' lang='lat' dir='ltr'><strong>onmibus</strong></span> <span class='ocrx_word' id='word_1_588' title='bbox 1738 4478 1857 4547; x_wconf 81' lang='lat' dir='ltr'><strong>ejus</strong></span> <span class='ocrx_word' id='word_1_589' title='bbox 1885 4495 2052 4535; x_wconf 56' lang='lat' dir='ltr'><strong>cano-</strong></span> 
     </span>
    </p>
   </div>
   <div class='ocr_carea' id='block_1_89' title="bbox 2157 4459 3738 4547">
    <p class='ocr_par' dir='ltr' id='par_1_89' title="bbox 2160 4468 3738 4542">
     <span class='ocr_line' id='line_1_89' title="bbox 2160 4468 3738 4542; baseline -0.006 -13"><span class='ocrx_word' id='word_1_590' title='bbox 2160 4475 2451 4529; x_wconf 85' lang='grc' dir='ltr'><strong>Δατινικὸν</strong></span> <span class='ocrx_word' id='word_1_591' title='bbox 2479 4472 2613 4540; x_wconf 80' lang='grc' dir='ltr'><strong>ὕφος</strong></span> <span class='ocrx_word' id='word_1_592' title='bbox 2641 4473 2739 4542; x_wconf 80' lang='grc' dir='ltr'><strong>τῆς</strong></span> <span class='ocrx_word' id='word_1_593' title='bbox 2757 4471 3049 4542; x_wconf 74' lang='grc' dir='ltr'><strong>ἐπιστολῆς</strong></span> <span class='ocrx_word' id='word_1_594' title='bbox 3072 4469 3168 4523; x_wconf 81' lang='grc' dir='ltr'><strong>τοῦ</strong></span> <span class='ocrx_word' id='word_1_595' title='bbox 3204 4471 3424 4532; x_wconf 82' lang='grc' dir='ltr'><strong>πάππα,</strong></span> <span class='ocrx_word' id='word_1_596' title='bbox 3444 4468 3504 4532; x_wconf 81' lang='grc' dir='ltr'><strong>ὃς</strong></span> <span class='ocrx_word' id='word_1_597' title='bbox 3525 4469 3585 4536; x_wconf 76' lang='grc' dir='ltr'><strong>εγ</strong></span> <span class='ocrx_word' id='word_1_598' title='bbox 3595 4468 3738 4537; x_wconf 78' lang='grc' dir='ltr'><strong>ραψε</strong></span> 
     </span>
    </p>
   </div>
   <div class='ocr_carea' id='block_1_90' title="bbox 488 4555 2052 4648">
    <p class='ocr_par' dir='ltr' id='par_1_90' title="bbox 488 4555 2052 4648">
     <span class='ocr_line' id='line_1_90' title="bbox 488 4555 2052 4648; baseline 0.013 -41"><span class='ocrx_word' id='word_1_599' title='bbox 488 4555 672 4610; x_wconf 85' lang='lat' dir='ltr'><strong>nibus.</strong></span> <span class='ocrx_word' id='word_1_600' title='bbox 731 4557 801 4611; x_wconf 84' lang='lat' dir='ltr'><strong>At</strong></span> <span class='ocrx_word' id='word_1_601' title='bbox 860 4563 1041 4613; x_wconf 80' lang='lat' dir='ltr'><strong>textus</strong></span> <span class='ocrx_word' id='word_1_602' title='bbox 1071 4559 1298 4616; x_wconf 86' lang='lat' dir='ltr'><strong>Latinus</strong></span> <span class='ocrx_word' id='word_1_603' title='bbox 1345 4563 1507 4619; x_wconf 87' lang='lat' dir='ltr'><strong>habet</strong></span> <span class='ocrx_word' id='word_1_604' title='bbox 1539 4583 1552 4618; x_wconf 93' lang='lat'><strong>:</strong></span> <span class='ocrx_word' id='word_1_605' title='bbox 1587 4567 1724 4634; x_wconf 86' lang='lat' dir='ltr'><strong>Quia</strong></span> <span class='ocrx_word' id='word_1_606' title='bbox 1761 4578 1814 4648; x_wconf 78' lang='lat' dir='ltr'><strong>et</strong></span> <span class='ocrx_word' id='word_1_607' title='bbox 1833 4571 2052 4626; x_wconf 89' lang='lat' dir='ltr'><strong>easdem</strong></span> 
     </span>
    </p>
   </div>
   <div class='ocr_carea' id='block_1_91' title="bbox 489 4653 2055 4726">
    <p class='ocr_par' dir='ltr' id='par_1_91' title="bbox 489 4653 2055 4726">
     <span class='ocr_line' id='line_1_91' title="bbox 489 4653 2055 4726; baseline 0.011 -28"><span class='ocrx_word' id='word_1_608' title='bbox 489 4656 705 4701; x_wconf 87' lang='lat' dir='ltr'><strong>sanctas</strong></span> <span class='ocrx_word' id='word_1_609' title='bbox 762 4662 856 4703; x_wconf 89' lang='lat' dir='ltr'><strong>sex</strong></span> <span class='ocrx_word' id='word_1_610' title='bbox 913 4653 1149 4721; x_wconf 84' lang='lat' dir='ltr'><strong>synodos</strong></span> <span class='ocrx_word' id='word_1_611' title='bbox 1191 4656 1432 4726; x_wconf 89' lang='lat' dir='ltr'><strong>suscipio</strong></span> <span class='ocrx_word' id='word_1_612' title='bbox 1459 4673 1580 4712; x_wconf 85' lang='lat' dir='ltr'><strong>cum</strong></span> <span class='ocrx_word' id='word_1_613' title='bbox 1605 4675 1794 4714; x_wconf 91' lang='lat' dir='ltr'><strong>earum</strong></span> <span class='ocrx_word' id='word_1_614' title='bbox 1829 4663 2055 4718; x_wconf 81' lang='lat' dir='ltr'><strong>canoni-</strong></span> 
     </span>
    </p>
   </div>
   <div class='ocr_carea' id='block_1_92' title="bbox 493 4735 2057 4819">
    <p class='ocr_par' dir='ltr' id='par_1_92' title="bbox 493 4735 2057 4819">
     <span class='ocr_line' id='line_1_92' title="bbox 493 4735 2057 4819; baseline 0.012 -31"><span class='ocrx_word' id='word_1_615' title='bbox 493 4735 615 4789; x_wconf 86' lang='lat' dir='ltr'><strong>bus.</strong></span> <span class='ocrx_word' id='word_1_616' title='bbox 670 4735 745 4791; x_wconf 87' lang='lat' dir='ltr'><strong>Ita</strong></span> <span class='ocrx_word' id='word_1_617' title='bbox 806 4755 908 4794; x_wconf 91' lang='lat' dir='ltr'><strong>nec</strong></span> <span class='ocrx_word' id='word_1_618' title='bbox 962 4740 1219 4796; x_wconf 80' lang='lat' dir='ltr'><strong>Tarasins</strong></span> <span class='ocrx_word' id='word_1_619' title='bbox 1253 4755 1460 4800; x_wconf 77' lang='lat' dir='ltr'><strong>sextam</strong></span> <span class='ocrx_word' id='word_1_620' title='bbox 1498 4747 1764 4816; x_wconf 87' lang='lat' dir='ltr'><strong>synodum</strong></span> <span class='ocrx_word' id='word_1_621' title='bbox 1797 4767 2057 4819; x_wconf 81' lang='lat' dir='ltr'><strong>expresse</strong></span> 
     </span>
    </p>
   </div>
   <div class='ocr_carea' id='block_1_93' title="bbox 493 4826 2057 4899">
    <p class='ocr_par' dir='ltr' id='par_1_93' title="bbox 493 4826 2057 4899">
     <span class='ocr_line' id='line_1_93' title="bbox 493 4826 2057 4899; baseline 0.01 -24"><span class='ocrx_word' id='word_1_622' title='bbox 493 4826 695 4891; x_wconf 85' lang='lat' dir='ltr'><strong>posuit,</strong></span> <span class='ocrx_word' id='word_1_623' title='bbox 741 4843 841 4880; x_wconf 91' lang='lat' dir='ltr'><strong>nec</strong></span> <span class='ocrx_word' id='word_1_624' title='bbox 885 4842 1021 4896; x_wconf 88' lang='lat' dir='ltr'><strong>papa</strong></span> <span class='ocrx_word' id='word_1_625' title='bbox 1057 4830 1343 4886; x_wconf 83' lang='lat' dir='ltr'><strong>referendo</strong></span> <span class='ocrx_word' id='word_1_626' title='bbox 1387 4833 1535 4887; x_wconf 89' lang='lat' dir='ltr'><strong>illius</strong></span> <span class='ocrx_word' id='word_1_627' title='bbox 1561 4850 1742 4899; x_wconf 86' lang='lat' dir='ltr'><strong>voces,</strong></span> <span class='ocrx_word' id='word_1_628' title='bbox 1807 4836 1900 4890; x_wconf 89' lang='lat' dir='ltr'><strong>sed</strong></span> <span class='ocrx_word' id='word_1_629' title='bbox 1930 4851 2057 4890; x_wconf 88' lang='lat' dir='ltr'><strong>cor-</strong></span> 
     </span>
    </p>
   </div>
   <div class='ocr_carea' id='block_1_94' title="bbox 493 4916 2061 4994">
    <p class='ocr_par' dir='ltr' id='par_1_94' title="bbox 493 4916 2061 4994">
     <span class='ocr_line' id='line_1_94' title="bbox 493 4916 2061 4994; baseline 0.01 -27"><span class='ocrx_word' id='word_1_630' title='bbox 493 4916 721 4984; x_wconf 80' lang='lat' dir='ltr'><strong>rigendo</strong></span> <span class='ocrx_word' id='word_1_631' title='bbox 781 4933 945 4975; x_wconf 79' lang='lat' dir='ltr'><strong>voces</strong></span> <span class='ocrx_word' id='word_1_632' title='bbox 993 4921 1226 4987; x_wconf 85' lang='lat' dir='ltr'><strong>Tarasii,</strong></span> <span class='ocrx_word' id='word_1_633' title='bbox 1280 4924 1424 4994; x_wconf 89' lang='lat' dir='ltr'><strong>quod</strong></span> <span class='ocrx_word' id='word_1_634' title='bbox 1459 4926 1530 4980; x_wconf 87' lang='lat' dir='ltr'><strong>ita</strong></span> <span class='ocrx_word' id='word_1_635' title='bbox 1565 4927 1610 4980; x_wconf 88' lang='lat' dir='ltr'><strong>is</strong></span> <span class='ocrx_word' id='word_1_636' title='bbox 1633 4927 1844 4982; x_wconf 85' lang='lat' dir='ltr'><strong>dixerat</strong></span> <span class='ocrx_word' id='word_1_637' title='bbox 1876 4945 1892 4983; x_wconf 90' lang='lat'><strong>:</strong></span> <span class='ocrx_word' id='word_1_638' title='bbox 1929 4927 2061 4983; x_wconf 89' lang='lat' dir='ltr'><strong>Sus-</strong></span> 
     </span>
    </p>
   </div>
   <div class='ocr_carea' id='block_1_95' title="bbox 492 5006 2052 5084">
    <p class='ocr_par' dir='ltr' id='par_1_95' title="bbox 492 5006 2052 5084">
     <span class='ocr_line' id='line_1_95' title="bbox 492 5006 2052 5084; baseline 0.01 -26"><span class='ocrx_word' id='word_1_639' title='bbox 492 5006 638 5074; x_wconf 88' lang='lat' dir='ltr'><strong>cipio</strong></span> <span class='ocrx_word' id='word_1_640' title='bbox 677 5019 894 5065; x_wconf 85' lang='lat' dir='ltr'><strong>sanctas</strong></span> <span class='ocrx_word' id='word_1_641' title='bbox 931 5027 1025 5066; x_wconf 89' lang='lat' dir='ltr'><strong>sex</strong></span> <span class='ocrx_word' id='word_1_642' title='bbox 1071 5014 1308 5084; x_wconf 82' lang='lat' dir='ltr'><strong>synodos</strong></span> <span class='ocrx_word' id='word_1_643' title='bbox 1353 5031 1477 5071; x_wconf 89' lang='lat' dir='ltr'><strong>cum</strong></span> <span class='ocrx_word' id='word_1_644' title='bbox 1505 5031 1693 5071; x_wconf 90' lang='lat' dir='ltr'><strong>earum</strong></span> <span class='ocrx_word' id='word_1_645' title='bbox 1722 5019 2052 5084; x_wconf 84' lang='lat' dir='ltr'><strong>canonibus,</strong></span> 
     </span>
    </p>
   </div>
   <div class='ocr_carea' id='block_1_96' title="bbox 496 5099 2061 5180">
    <p class='ocr_par' dir='ltr' id='par_1_96' title="bbox 496 5099 2061 5180">
     <span class='ocr_line' id='line_1_96' title="bbox 496 5099 2061 5180; baseline 0.004 -22"><span class='ocrx_word' id='word_1_646' title='bbox 496 5113 631 5166; x_wconf 70' lang='lat' dir='ltr'><strong>ttapa</strong></span> <span class='ocrx_word' id='word_1_647' title='bbox 685 5099 766 5155; x_wconf 90' lang='lat' dir='ltr'><strong>sic</strong></span> <span class='ocrx_word' id='word_1_648' title='bbox 825 5101 994 5158; x_wconf 78' lang='lat' dir='ltr'><strong>refert</strong></span> <span class='ocrx_word' id='word_1_649' title='bbox 1025 5121 1041 5160; x_wconf 91' lang='lat'><strong>:</strong></span> <span class='ocrx_word' id='word_1_650' title='bbox 1070 5105 1200 5160; x_wconf 87' lang='lat' dir='ltr'><strong>Post</strong></span> <span class='ocrx_word' id='word_1_651' title='bbox 1222 5105 1624 5162; x_wconf 75' lang='lat' dir='ltr'><strong>confessionem</strong></span> <span class='ocrx_word' id='word_1_652' title='bbox 1655 5110 1797 5164; x_wconf 90' lang='lat' dir='ltr'><strong>sacri</strong></span> <span class='ocrx_word' id='word_1_653' title='bbox 1818 5109 2061 5180; x_wconf 75' lang='lat' dir='ltr'><strong>Symboli</strong></span> 
     </span>
    </p>
   </div>
   <div class='ocr_carea' id='block_1_97' title="bbox 492 5193 2061 5269">
    <p class='ocr_par' dir='ltr' id='par_1_97' title="bbox 492 5193 2061 5269">
     <span class='ocr_line' id='line_1_97' title="bbox 492 5193 2061 5269; baseline 0.006 -27"><span class='ocrx_word' id='word_1_654' title='bbox 492 5199 550 5243; x_wconf 84' lang='lat' dir='ltr'><strong>et</strong></span> <span class='ocrx_word' id='word_1_655' title='bbox 579 5204 672 5243; x_wconf 87' lang='lat' dir='ltr'><strong>sex</strong></span> <span class='ocrx_word' id='word_1_656' title='bbox 701 5193 1054 5263; x_wconf 84' lang='lat' dir='ltr'><strong>synodorum,</strong></span> <span class='ocrx_word' id='word_1_657' title='bbox 1106 5195 1417 5252; x_wconf 86' lang='lat' dir='ltr'><strong>invenimus</strong></span> <span class='ocrx_word' id='word_1_658' title='bbox 1465 5206 1522 5252; x_wconf 90' lang='lat' dir='ltr'><strong>et</strong></span> <span class='ocrx_word' id='word_1_659' title='bbox 1557 5196 1626 5252; x_wconf 92' lang='lat' dir='ltr'><strong>de</strong></span> <span class='ocrx_word' id='word_1_660' title='bbox 1653 5199 1829 5254; x_wconf 85' lang='lat' dir='ltr'><strong>sacris</strong></span> <span class='ocrx_word' id='word_1_661' title='bbox 1864 5197 2061 5269; x_wconf 76' lang='lat' dir='ltr'><strong>imagi-</strong></span> 
     </span>
    </p>
   </div>
   <div class='ocr_carea' id='block_1_98' title="bbox 497 5281 2060 5358">
    <p class='ocr_par' dir='ltr' id='par_1_98' title="bbox 497 5281 2060 5358">
     <span class='ocr_line' id='line_1_98' title="bbox 497 5281 2060 5358; baseline 0.006 -23"><span class='ocrx_word' id='word_1_662' title='bbox 497 5281 678 5337; x_wconf 82' lang='lat' dir='ltr'><strong>nibus.</strong></span> <span class='ocrx_word' id='word_1_663' title='bbox 735 5284 853 5340; x_wconf 85' lang='lat' dir='ltr'><strong>Non</strong></span> <span class='ocrx_word' id='word_1_664' title='bbox 889 5301 1021 5358; x_wconf 79' lang='lat' dir='ltr'><strong>ergo</strong></span> <span class='ocrx_word' id='word_1_665' title='bbox 1045 5288 1231 5343; x_wconf 88' lang='lat' dir='ltr'><strong>laudat</strong></span> <span class='ocrx_word' id='word_1_666' title='bbox 1251 5303 1390 5358; x_wconf 86' lang='lat' dir='ltr'><strong>papa</strong></span> <span class='ocrx_word' id='word_1_667' title='bbox 1421 5289 1728 5354; x_wconf 83' lang='lat' dir='ltr'><strong>Tarasium,</strong></span> <span class='ocrx_word' id='word_1_668' title='bbox 1761 5299 1823 5344; x_wconf 90' lang='lat' dir='ltr'><strong>ut</strong></span> <span class='ocrx_word' id='word_1_669' title='bbox 1842 5291 2060 5345; x_wconf 84' lang='lat' dir='ltr'><strong>decreta</strong></span> 
     </span>
    </p>
   </div>
   <div class='ocr_carea' id='block_1_99' title="bbox 493 5373 2063 5448">
    <p class='ocr_par' dir='ltr' id='par_1_99' title="bbox 493 5373 2063 5448">
     <span class='ocr_line' id='line_1_99' title="bbox 493 5373 2063 5448; baseline 0.007 -21"><span class='ocrx_word' id='word_1_670' title='bbox 493 5373 829 5442; x_wconf 70' lang='lat' dir='ltr'><strong>quinisextae</strong></span> <span class='ocrx_word' id='word_1_671' title='bbox 887 5388 1188 5442; x_wconf 83' lang='lat' dir='ltr'><strong>tenentem,</strong></span> <span class='ocrx_word' id='word_1_672' title='bbox 1244 5381 1707 5448; x_wconf 84' lang='lat' dir='ltr'><strong>quemadmodum</strong></span> <span class='ocrx_word' id='word_1_673' title='bbox 1759 5381 1922 5445; x_wconf 84' lang='lat' dir='ltr'><strong>dicis,</strong></span> <span class='ocrx_word' id='word_1_674' title='bbox 1966 5383 2063 5445; x_wconf 85' lang='lat' dir='ltr'><strong>sed</strong></span> 
     </span>
    </p>
   </div>
   <div class='ocr_carea' id='block_1_100' title="bbox 497 5467 2066 5542">
    <p class='ocr_par' dir='ltr' id='par_1_100' title="bbox 497 5467 2066 5542">
     <span class='ocr_line' id='line_1_100' title="bbox 497 5467 2066 5542; baseline 0.007 -24"><span class='ocrx_word' id='word_1_675' title='bbox 497 5475 557 5518; x_wconf 91' lang='lat' dir='ltr'><strong>nt</strong></span> <span class='ocrx_word' id='word_1_676' title='bbox 592 5467 836 5522; x_wconf 87' lang='lat' dir='ltr'><strong>omnium</strong></span> <span class='ocrx_word' id='word_1_677' title='bbox 881 5479 1192 5524; x_wconf 87' lang='lat' dir='ltr'><strong>sanctarum</strong></span> <span class='ocrx_word' id='word_1_678' title='bbox 1249 5471 1580 5542; x_wconf 79' lang='lat' dir='ltr'><strong>synodorum</strong></span> <span class='ocrx_word' id='word_1_679' title='bbox 1604 5482 1660 5527; x_wconf 90' lang='lat' dir='ltr'><strong>et</strong></span> <span class='ocrx_word' id='word_1_680' title='bbox 1692 5481 1852 5528; x_wconf 79' lang='lat' dir='ltr'><strong>recta:</strong></span> <span class='ocrx_word' id='word_1_681' title='bbox 1878 5473 1947 5528; x_wconf 85' lang='lat' dir='ltr'><strong>de</strong></span> <span class='ocrx_word' id='word_1_682' title='bbox 1979 5489 2066 5528; x_wconf 82' lang='lat' dir='ltr'><strong>sa-</strong></span> 
     </span>
    </p>
   </div>
   <div class='ocr_carea' id='block_1_101' title="bbox 496 5559 2098 5629">
    <p class='ocr_par' dir='ltr' id='par_1_101' title="bbox 496 5559 2098 5629">
     <span class='ocr_line' id='line_1_101' title="bbox 496 5559 2098 5629; baseline 0.006 -16"><span class='ocrx_word' id='word_1_683' title='bbox 496 5560 608 5615; x_wconf 86' lang='lat' dir='ltr'><strong>cris</strong></span> <span class='ocrx_word' id='word_1_684' title='bbox 635 5559 962 5629; x_wconf 76' lang='lat' dir='ltr'><strong>imaginibus</strong></span> <span class='ocrx_word' id='word_1_685' title='bbox 985 5561 1109 5616; x_wconf 90' lang='lat' dir='ltr'><strong>ﬁdei</strong></span> <span class='ocrx_word' id='word_1_686' title='bbox 1139 5566 1425 5617; x_wconf 84' lang='lat' dir='ltr'><strong>cultorem.</strong></span> <span class='ocrx_word' id='word_1_687' title='bbox 1466 5564 1588 5619; x_wconf 73' lang='lat' dir='ltr'><strong>Ilzec</strong></span> <span class='ocrx_word' id='word_1_688' title='bbox 1621 5573 1800 5619; x_wconf 86' lang='lat' dir='ltr'><strong>autem</strong></span> <span class='ocrx_word' id='word_1_689' title='bbox 1825 5576 1972 5619; x_wconf 89' lang='lat' dir='ltr'><strong>recta</strong></span> <span class='ocrx_word' id='word_1_690' title='bbox 2001 5568 2098 5621; x_wconf 57' lang='lat' dir='ltr'><strong>de.</strong></span> 
     </span>
    </p>
   </div>
   <div class='ocr_carea' id='block_1_102' title="bbox 501 5650 2060 5725">
    <p class='ocr_par' dir='ltr' id='par_1_102' title="bbox 501 5650 2060 5725">
     <span class='ocr_line' id='line_1_102' title="bbox 501 5650 2060 5725; baseline 0.008 -25"><span class='ocrx_word' id='word_1_691' title='bbox 501 5650 828 5717; x_wconf 64' lang='lat' dir='ltr'><strong>imaginibus</strong></span> <span class='ocrx_word' id='word_1_692' title='bbox 877 5650 1012 5706; x_wconf 85' lang='lat' dir='ltr'><strong>ﬁdes</strong></span> <span class='ocrx_word' id='word_1_693' title='bbox 1058 5654 1441 5707; x_wconf 86' lang='lat' dir='ltr'><strong>continebatur</strong></span> <span class='ocrx_word' id='word_1_694' title='bbox 1489 5655 1544 5708; x_wconf 91' lang='lat' dir='ltr'><strong>in</strong></span> <span class='ocrx_word' id='word_1_695' title='bbox 1591 5657 1923 5725; x_wconf 82' lang='lat' dir='ltr'><strong>octogesimo</strong></span> <span class='ocrx_word' id='word_1_696' title='bbox 1971 5674 2060 5713; x_wconf 86' lang='lat' dir='ltr'><strong>se-</strong></span> 
     </span>
    </p>
   </div>
   <div class='ocr_carea' id='block_1_103' title="bbox 505 5739 2066 5820">
    <p class='ocr_par' dir='ltr' id='par_1_103' title="bbox 505 5739 2066 5820">
     <span class='ocr_line' id='line_1_103' title="bbox 505 5739 2066 5820; baseline 0.008 -28"><span class='ocrx_word' id='word_1_697' title='bbox 505 5739 688 5794; x_wconf 87' lang='lat' dir='ltr'><strong>cundo</strong></span> <span class='ocrx_word' id='word_1_698' title='bbox 731 5757 938 5795; x_wconf 84' lang='lat' dir='ltr'><strong>canone</strong></span> <span class='ocrx_word' id='word_1_699' title='bbox 993 5743 1315 5810; x_wconf 77' lang='lat' dir='ltr'><strong>quiuiscxtae</strong></span> <span class='ocrx_word' id='word_1_700' title='bbox 1367 5756 1424 5800; x_wconf 88' lang='lat' dir='ltr'><strong>et</strong></span> <span class='ocrx_word' id='word_1_701' title='bbox 1470 5757 1672 5801; x_wconf 82' lang='lat' dir='ltr'><strong>rectam</strong></span> <span class='ocrx_word' id='word_1_702' title='bbox 1722 5749 1880 5804; x_wconf 84' lang='lat' dir='ltr'><strong>ﬁdem</strong></span> <span class='ocrx_word' id='word_1_703' title='bbox 1930 5767 2066 5820; x_wconf 85' lang='lat' dir='ltr'><strong>papa</strong></span> 
     </span>
    </p>
   </div>
   <div class='ocr_carea' id='block_1_104' title="bbox 2168 4560 3740 4633">
    <p class='ocr_par' dir='ltr' id='par_1_104' title="bbox 2168 4560 3740 4633">
     <span class='ocr_line' id='line_1_104' title="bbox 2168 4560 3740 4633; baseline -0.009 -8"><span class='ocrx_word' id='word_1_704' title='bbox 2168 4562 2490 4633; x_wconf 71' lang='grc' dir='ltr'><strong>Ῥωμαϊστὶ,</strong></span> <span class='ocrx_word' id='word_1_705' title='bbox 2508 4562 2619 4631; x_wconf 79' lang='grc' dir='ltr'><strong>ἔχει</strong></span> <span class='ocrx_word' id='word_1_706' title='bbox 2637 4560 2813 4628; x_wconf 77' lang='grc' dir='ltr'><strong>οὕτως</strong></span> <span class='ocrx_word' id='word_1_707' title='bbox 2835 4577 2851 4594; x_wconf 80' lang='grc'><em>’</em></span> <span class='ocrx_word' id='word_1_708' title='bbox 2880 4561 3006 4615; x_wconf 72' lang='grc' dir='ltr'><strong>Ὀτι</strong></span> <span class='ocrx_word' id='word_1_709' title='bbox 3035 4563 3128 4614; x_wconf 84' lang='grc' dir='ltr'><strong>καὶ</strong></span> <span class='ocrx_word' id='word_1_710' title='bbox 3153 4560 3251 4624; x_wconf 77' lang='grc' dir='ltr'><strong>τὰς</strong></span> <span class='ocrx_word' id='word_1_711' title='bbox 3291 4562 3460 4623; x_wconf 74' lang='grc' dir='ltr'><strong>αὑτὰς</strong></span> <span class='ocrx_word' id='word_1_712' title='bbox 3482 4561 3642 4628; x_wconf 80' lang='grc' dir='ltr'><strong>ἁγίας</strong></span> <span class='ocrx_word' id='word_1_713' title='bbox 3674 4561 3740 4624; x_wconf 74' lang='grc' dir='ltr'><strong>ἐξ</strong></span> 
     </span>
    </p>
   </div>
   <div class='ocr_carea' id='block_1_105' title="bbox 2160 4650 3738 4725">
    <p class='ocr_par' dir='ltr' id='par_1_105' title="bbox 2160 4650 3738 4725">
     <span class='ocr_line' id='line_1_105' title="bbox 2160 4650 3738 4725; baseline -0.004 -17"><span class='ocrx_word' id='word_1_714' title='bbox 2160 4656 2411 4718; x_wconf 84' lang='grc' dir='ltr'><strong>συνόδους</strong></span> <span class='ocrx_word' id='word_1_715' title='bbox 2456 4655 2688 4725; x_wconf 75' lang='grc' dir='ltr'><strong>δέχομαι</strong></span> <span class='ocrx_word' id='word_1_716' title='bbox 2729 4655 2870 4724; x_wconf 83' lang='grc' dir='ltr'><strong>μετὰ</strong></span> <span class='ocrx_word' id='word_1_717' title='bbox 2915 4653 3135 4708; x_wconf 69' lang='grc' dir='ltr'><strong>πάντων</strong></span> <span class='ocrx_word' id='word_1_718' title='bbox 3182 4655 3290 4706; x_wconf 79' lang='grc' dir='ltr'><strong>τῶν</strong></span> <span class='ocrx_word' id='word_1_719' title='bbox 3317 4651 3588 4713; x_wconf 83' lang='grc' dir='ltr'><strong>κανόνων,</strong></span> <span class='ocrx_word' id='word_1_720' title='bbox 3636 4650 3738 4712; x_wconf 83' lang='grc' dir='ltr'><strong>οὓς</strong></span> 
     </span>
    </p>
   </div>
   <div class='ocr_carea' id='block_1_106' title="bbox 2158 4744 3735 4818">
    <p class='ocr_par' dir='ltr' id='par_1_106' title="bbox 2158 4744 3735 4818">
     <span class='ocr_line' id='line_1_106' title="bbox 2158 4744 3735 4818; baseline -0.007 -16"><span class='ocrx_word' id='word_1_721' title='bbox 2158 4749 2443 4818; x_wconf 70' lang='grc' dir='ltr'><strong>ἐνθέσμως</strong></span> <span class='ocrx_word' id='word_1_722' title='bbox 2486 4749 2584 4802; x_wconf 73' lang='grc' dir='ltr'><strong>καὶ</strong></span> <span class='ocrx_word' id='word_1_723' title='bbox 2632 4747 2871 4811; x_wconf 82' lang='grc' dir='ltr'><strong>θειωδῶς</strong></span> <span class='ocrx_word' id='word_1_724' title='bbox 2919 4747 3086 4800; x_wconf 78' lang='grc' dir='ltr'><strong>αὐταὶ</strong></span> <span class='ocrx_word' id='word_1_725' title='bbox 3131 4746 3504 4814; x_wconf 80' lang='grc' dir='ltr'><strong>ἐξεφώνησαν.</strong></span> <span class='ocrx_word' id='word_1_726' title='bbox 3567 4744 3735 4794; x_wconf 81' lang='grc' dir='ltr'><strong>Ὥστε</strong></span> 
     </span>
    </p>
   </div>
   <div class='ocr_carea' id='block_1_107' title="bbox 2170 4835 3738 4908">
    <p class='ocr_par' dir='ltr' id='par_1_107' title="bbox 2170 4835 3738 4908">
     <span class='ocr_line' id='line_1_107' title="bbox 2170 4835 3738 4908; baseline -0.004 -16"><span class='ocrx_word' id='word_1_727' title='bbox 2170 4839 2450 4908; x_wconf 78' lang='grc' dir='ltr'><strong>Ἀδριανὸς</strong></span> <span class='ocrx_word' id='word_1_728' title='bbox 2486 4841 2515 4892; x_wconf 87' lang='grc' dir='ltr'><strong>ό</strong></span> <span class='ocrx_word' id='word_1_729' title='bbox 2553 4839 2784 4902; x_wconf 75' lang='grc' dir='ltr'><strong>πάππας</strong></span> <span class='ocrx_word' id='word_1_730' title='bbox 2825 4839 2924 4892; x_wconf 85' lang='grc' dir='ltr'><strong>οὐκ</strong></span> <span class='ocrx_word' id='word_1_731' title='bbox 2954 4839 3170 4891; x_wconf 77' lang='grc' dir='ltr'><strong>ἐπαινεῖ</strong></span> <span class='ocrx_word' id='word_1_732' title='bbox 3221 4837 3311 4889; x_wconf 68' lang='grc' dir='ltr'><strong>τὸν</strong></span> <span class='ocrx_word' id='word_1_733' title='bbox 3346 4835 3627 4905; x_wconf 79' lang='grc' dir='ltr'><strong>Ταράσιον</strong></span> <span class='ocrx_word' id='word_1_734' title='bbox 3659 4835 3738 4893; x_wconf 80' lang='grc' dir='ltr'><strong>ὡς</strong></span> 
     </span>
    </p>
   </div>
   <div class='ocr_carea' id='block_1_108' title="bbox 2159 4925 3738 5001">
    <p class='ocr_par' dir='ltr' id='par_1_108' title="bbox 2159 4925 3738 5001">
     <span class='ocr_line' id='line_1_108' title="bbox 2159 4925 3738 5001; baseline -0.006 -17"><span class='ocrx_word' id='word_1_735' title='bbox 2159 4931 2470 5001; x_wconf 74' lang='grc' dir='ltr'><strong>ἐμμένοντα</strong></span> <span class='ocrx_word' id='word_1_736' title='bbox 2520 4933 2636 4989; x_wconf 80' lang='grc' dir='ltr'><strong>τοῖς</strong></span> <span class='ocrx_word' id='word_1_737' title='bbox 2682 4930 2980 5000; x_wconf 82' lang='grc' dir='ltr'><strong>ὁρισθεῖσιν</strong></span> <span class='ocrx_word' id='word_1_738' title='bbox 3031 4930 3137 4982; x_wconf 63' lang='grc' dir='ltr'><strong>ὑπὸ</strong></span> <span class='ocrx_word' id='word_1_739' title='bbox 3168 4929 3265 4993; x_wconf 77' lang='grc' dir='ltr'><strong>τῆς</strong></span> <span class='ocrx_word' id='word_1_740' title='bbox 3302 4927 3630 4992; x_wconf 69' lang='grc' dir='ltr'><strong>πενοέκτῃς,</strong></span> <span class='ocrx_word' id='word_1_741' title='bbox 3657 4925 3738 4988; x_wconf 82' lang='grc' dir='ltr'><strong>ὡς</strong></span> 
     </span>
    </p>
   </div>
   <div class='ocr_carea' id='block_1_109' title="bbox 2165 5017 3741 5091">
    <p class='ocr_par' dir='ltr' id='par_1_109' title="bbox 2165 5017 3741 5091">
     <span class='ocr_line' id='line_1_109' title="bbox 2165 5017 3741 5091; baseline -0.007 -15"><span class='ocrx_word' id='word_1_742' title='bbox 2165 5023 2231 5076; x_wconf 83' lang='grc' dir='ltr'><strong>σὺ</strong></span> <span class='ocrx_word' id='word_1_743' title='bbox 2260 5023 2461 5090; x_wconf 79' lang='grc' dir='ltr'><strong>λέγεις,</strong></span> <span class='ocrx_word' id='word_1_744' title='bbox 2519 5021 2636 5076; x_wconf 82' lang='grc' dir='ltr'><strong>ἀλλ’</strong></span> <span class='ocrx_word' id='word_1_745' title='bbox 2671 5021 2746 5085; x_wconf 83' lang='grc' dir='ltr'><strong>ὡς</strong></span> <span class='ocrx_word' id='word_1_746' title='bbox 2777 5022 3088 5091; x_wconf 73' lang='grc' dir='ltr'><strong>ἐμμένοντα</strong></span> <span class='ocrx_word' id='word_1_747' title='bbox 3119 5022 3184 5088; x_wconf 83' lang='grc' dir='ltr'><strong>τῇ</strong></span> <span class='ocrx_word' id='word_1_748' title='bbox 3230 5018 3512 5088; x_wconf 73' lang='grc' dir='ltr'><strong>ὁρθοδοξέᾳ</strong></span> <span class='ocrx_word' id='word_1_749' title='bbox 3549 5017 3741 5070; x_wconf 81' lang='grc' dir='ltr'><strong>πασῶν</strong></span> 
     </span>
    </p>
   </div>
   <div class='ocr_carea' id='block_1_110' title="bbox 2162 5099 3740 5177">
    <p class='ocr_par' dir='ltr' id='par_1_110' title="bbox 2162 5099 3740 5177">
     <span class='ocr_line' id='line_1_110' title="bbox 2162 5099 3740 5177; baseline -0.006 -10"><span class='ocrx_word' id='word_1_750' title='bbox 2162 5099 2272 5168; x_wconf 79' lang='grc' dir='ltr'><strong>τῶν</strong></span> <span class='ocrx_word' id='word_1_751' title='bbox 2304 5114 2538 5167; x_wconf 80' lang='grc' dir='ltr'><strong>συνόδων</strong></span> <span class='ocrx_word' id='word_1_752' title='bbox 2597 5115 2691 5167; x_wconf 73' lang='grc' dir='ltr'><strong>καὶ</strong></span> <span class='ocrx_word' id='word_1_753' title='bbox 2754 5113 2864 5166; x_wconf 80' lang='grc' dir='ltr'><strong>τῶν</strong></span> <span class='ocrx_word' id='word_1_754' title='bbox 2892 5111 3107 5165; x_wconf 82' lang='grc' dir='ltr'><strong>σεπτῶν</strong></span> <span class='ocrx_word' id='word_1_755' title='bbox 3141 5111 3393 5163; x_wconf 79' lang='grc' dir='ltr'><strong>εἰκόνων.</strong></span> <span class='ocrx_word' id='word_1_756' title='bbox 3440 5109 3590 5177; x_wconf 72' lang='grc' dir='ltr'><strong>Αὕτη</strong></span> <span class='ocrx_word' id='word_1_757' title='bbox 3612 5107 3670 5159; x_wconf 83' lang='grc' dir='ltr'><strong>δὲ</strong></span> <span class='ocrx_word' id='word_1_758' title='bbox 3705 5109 3740 5173; x_wconf 81' lang='grc' dir='ltr'>ἡ</span> 
     </span>
    </p>
   </div>
   <div class='ocr_carea' id='block_1_111' title="bbox 2163 5199 3741 5276">
    <p class='ocr_par' dir='ltr' id='par_1_111' title="bbox 2163 5199 3741 5276">
     <span class='ocr_line' id='line_1_111' title="bbox 2163 5199 3741 5276; baseline -0.006 -17"><span class='ocrx_word' id='word_1_759' title='bbox 2163 5207 2295 5276; x_wconf 82' lang='grc' dir='ltr'><strong>περὶ</strong></span> <span class='ocrx_word' id='word_1_760' title='bbox 2320 5207 2427 5260; x_wconf 85' lang='grc' dir='ltr'><strong>τῶν</strong></span> <span class='ocrx_word' id='word_1_761' title='bbox 2456 5207 2681 5259; x_wconf 73' lang='grc' dir='ltr'><strong>εἰκόνων</strong></span> <span class='ocrx_word' id='word_1_762' title='bbox 2707 5203 2993 5275; x_wconf 78' lang='grc' dir='ltr'><strong>ὀρθοδοξία</strong></span> <span class='ocrx_word' id='word_1_763' title='bbox 3047 5203 3357 5270; x_wconf 80' lang='grc' dir='ltr'><strong>περιείχετο</strong></span> <span class='ocrx_word' id='word_1_764' title='bbox 3407 5199 3484 5267; x_wconf 78' lang='grc' dir='ltr'><strong>τῷ</strong></span> <span class='ocrx_word' id='word_1_765' title='bbox 3517 5199 3606 5269; x_wconf 82' lang='grc' dir='ltr'><strong>πβ¹</strong></span> <span class='ocrx_word' id='word_1_766' title='bbox 3635 5199 3741 5265; x_wconf 74' lang='grc' dir='ltr'><strong>τῆς</strong></span> 
     </span>
    </p>
   </div>
   <div class='ocr_carea' id='block_1_112' title="bbox 2161 5289 3737 5374">
    <p class='ocr_par' dir='ltr' id='par_1_112' title="bbox 2161 5289 3737 5374">
     <span class='ocr_line' id='line_1_112' title="bbox 2161 5289 3737 5374; baseline -0.005 -24"><span class='ocrx_word' id='word_1_767' title='bbox 2161 5299 2464 5366; x_wconf 77' lang='grc' dir='ltr'><strong>πενθέκτης</strong></span> <span class='ocrx_word' id='word_1_768' title='bbox 2491 5299 2700 5349; x_wconf 77' lang='grc' dir='ltr'><strong>κανόνιο</strong></span> <span class='ocrx_word' id='word_1_769' title='bbox 2727 5295 2825 5348; x_wconf 72' lang='grc' dir='ltr'><strong>καὶ</strong></span> <span class='ocrx_word' id='word_1_770' title='bbox 2847 5296 3061 5347; x_wconf 86' lang='grc' dir='ltr'><strong>ἐπαινεί</strong></span> <span class='ocrx_word' id='word_1_771' title='bbox 3077 5295 3106 5344; x_wconf 86' lang='grc' dir='ltr'><strong>ό</strong></span> <span class='ocrx_word' id='word_1_772' title='bbox 3130 5293 3360 5374; x_wconf 80' lang='grc' dir='ltr'><strong>πάππας</strong></span> <span class='ocrx_word' id='word_1_773' title='bbox 3385 5291 3484 5359; x_wconf 82' lang='grc' dir='ltr'><strong>τὴν</strong></span> <span class='ocrx_word' id='word_1_774' title='bbox 3513 5289 3737 5358; x_wconf 82' lang='grc' dir='ltr'><strong>ὁρθοδο-</strong></span> 
     </span>
    </p>
   </div>
   <div class='ocr_carea' id='block_1_113' title="bbox 2166 5378 3740 5454">
    <p class='ocr_par' dir='ltr' id='par_1_113' title="bbox 2166 5378 3740 5454">
     <span class='ocr_line' id='line_1_113' title="bbox 2166 5378 3740 5454; baseline -0.006 -14"><span class='ocrx_word' id='word_1_775' title='bbox 2166 5387 2302 5453; x_wconf 78' lang='grc' dir='ltr'><strong>ξίαν.</strong></span> <span class='ocrx_word' id='word_1_776' title='bbox 2336 5386 2427 5440; x_wconf 78' lang='grc' dir='ltr'><strong>τὸν</strong></span> <span class='ocrx_word' id='word_1_777' title='bbox 2447 5386 2505 5440; x_wconf 79' lang='grc' dir='ltr'><strong>δὲ</strong></span> <span class='ocrx_word' id='word_1_778' title='bbox 2531 5385 2732 5440; x_wconf 86' lang='grc' dir='ltr'><strong>κανόνα</strong></span> <span class='ocrx_word' id='word_1_779' title='bbox 2756 5383 3051 5454; x_wconf 79' lang='grc' dir='ltr'><strong>λεγόμενον</strong></span> <span class='ocrx_word' id='word_1_780' title='bbox 3071 5384 3172 5435; x_wconf 73' lang='grc' dir='ltr'><strong>οὐκ</strong></span> <span class='ocrx_word' id='word_1_781' title='bbox 3199 5381 3453 5449; x_wconf 78' lang='grc' dir='ltr'><strong>ἐπικυροί</strong></span> <span class='ocrx_word' id='word_1_782' title='bbox 3476 5379 3549 5441; x_wconf 82' lang='grc' dir='ltr'><strong>ὡς</strong></span> <span class='ocrx_word' id='word_1_783' title='bbox 3572 5378 3740 5430; x_wconf 76' lang='grc' dir='ltr'><strong>κανό-</strong></span> 
     </span>
    </p>
   </div>
   <div class='ocr_carea' id='block_1_114' title="bbox 2163 5468 3734 5543">
    <p class='ocr_par' dir='ltr' id='par_1_114' title="bbox 2163 5468 3734 5543">
     <span class='ocr_line' id='line_1_114' title="bbox 2163 5468 3734 5543; baseline -0.006 -13"><span class='ocrx_word' id='word_1_784' title='bbox 2163 5493 2250 5530; x_wconf 87' lang='grc' dir='ltr'><strong>να.</strong></span> <span class='ocrx_word' id='word_1_785' title='bbox 2284 5477 2394 5531; x_wconf 61' lang='lat' dir='ltr'><strong>Kal</strong></span> <span class='ocrx_word' id='word_1_786' title='bbox 2428 5475 2590 5542; x_wconf 76' lang='grc' dir='ltr'><strong>δῆλον</strong></span> <span class='ocrx_word' id='word_1_787' title='bbox 2616 5474 2674 5540; x_wconf 78' lang='grc' dir='ltr'><strong>ἐξ</strong></span> <span class='ocrx_word' id='word_1_788' title='bbox 2720 5468 2795 5526; x_wconf 77' lang='grc' dir='ltr'><strong>ὢν</strong></span> <span class='ocrx_word' id='word_1_789' title='bbox 2825 5473 3080 5543; x_wconf 76' lang='grc' dir='ltr'><strong>ἐπιφέρει</strong></span> <span class='ocrx_word' id='word_1_790' title='bbox 3117 5474 3254 5542; x_wconf 67' lang='grc' dir='ltr'><strong>μετὰ</strong></span> <span class='ocrx_word' id='word_1_791' title='bbox 3290 5471 3389 5540; x_wconf 79' lang='grc' dir='ltr'><strong>τὴν</strong></span> <span class='ocrx_word' id='word_1_792' title='bbox 3416 5468 3734 5534; x_wconf 79' lang='grc' dir='ltr'><strong>ἐξάπλωσιν</strong></span> 
     </span>
    </p>
   </div>
   <div class='ocr_carea' id='block_1_115' title="bbox 2161 5560 3732 5634">
    <p class='ocr_par' dir='ltr' id='par_1_115' title="bbox 2161 5560 3732 5634">
     <span class='ocr_line' id='line_1_115' title="bbox 2161 5560 3732 5634; baseline -0.007 -14"><span class='ocrx_word' id='word_1_793' title='bbox 2161 5567 2256 5620; x_wconf 82' lang='grc' dir='ltr'><strong>τοῦ</strong></span> <span class='ocrx_word' id='word_1_794' title='bbox 2285 5567 2524 5629; x_wconf 85' lang='grc' dir='ltr'><strong>κανόνος.</strong></span> <span class='ocrx_word' id='word_1_795' title='bbox 2574 5565 2758 5634; x_wconf 77' lang='grc' dir='ltr'><strong>Ταύτῃ</strong></span> <span class='ocrx_word' id='word_1_796' title='bbox 2790 5565 2920 5632; x_wconf 83' lang='grc' dir='ltr'><strong>γὰρ,</strong></span> <span class='ocrx_word' id='word_1_797' title='bbox 2977 5563 3136 5634; x_wconf 77' lang='grc' dir='ltr'><strong>φησὶ,</strong></span> <span class='ocrx_word' id='word_1_798' title='bbox 3186 5565 3283 5631; x_wconf 82' lang='grc' dir='ltr'><strong>τῆς</strong></span> <span class='ocrx_word' id='word_1_799' title='bbox 3311 5560 3594 5630; x_wconf 80' lang='grc' dir='ltr'><strong>ὀρϐοδόξου</strong></span> <span class='ocrx_word' id='word_1_800' title='bbox 3637 5560 3732 5609; x_wconf 84' lang='grc' dir='ltr'><strong>πί-</strong></span> 
     </span>
    </p>
   </div>
   <div class='ocr_carea' id='block_1_116' title="bbox 2164 5654 3734 5728">
    <p class='ocr_par' dir='ltr' id='par_1_116' title="bbox 2164 5654 3734 5728">
     <span class='ocr_line' id='line_1_116' title="bbox 2164 5654 3734 5728; baseline -0.008 -15"><span class='ocrx_word' id='word_1_801' title='bbox 2164 5677 2334 5722; x_wconf 82' lang='grc' dir='ltr'><strong>στεως</strong></span> <span class='ocrx_word' id='word_1_802' title='bbox 2375 5661 2440 5727; x_wconf 78' lang='grc' dir='ltr'><strong>τῇ</strong></span> <span class='ocrx_word' id='word_1_803' title='bbox 2475 5658 2750 5728; x_wconf 82' lang='grc' dir='ltr'><strong>μαρτυρίᾳ</strong></span> <span class='ocrx_word' id='word_1_804' title='bbox 2789 5659 2886 5725; x_wconf 82' lang='grc' dir='ltr'><strong>τὴν</strong></span> <span class='ocrx_word' id='word_1_805' title='bbox 2918 5655 3245 5726; x_wconf 85' lang='grc' dir='ltr'><strong>περιεργίαν</strong></span> <span class='ocrx_word' id='word_1_806' title='bbox 3293 5654 3402 5708; x_wconf 84' lang='grc' dir='ltr'><strong>τῶν</strong></span> <span class='ocrx_word' id='word_1_807' title='bbox 3433 5666 3734 5722; x_wconf 82' lang='grc' dir='ltr'><strong>πονηρευο-</strong></span> 
     </span>
    </p>
   </div>
   <div class='ocr_carea' id='block_1_117' title="bbox 2167 5739 3731 5822">
    <p class='ocr_par' dir='ltr' id='par_1_117' title="bbox 2167 5739 3731 5822">
     <span class='ocr_line' id='line_1_117' title="bbox 2167 5739 3731 5822; baseline -0.005 -21"><span class='ocrx_word' id='word_1_808' title='bbox 2167 5753 2364 5822; x_wconf 79' lang='grc' dir='ltr'><strong>μένων,</strong></span> <span class='ocrx_word' id='word_1_809' title='bbox 2397 5752 2488 5804; x_wconf 59' lang='grc' dir='ltr'><strong>καὶ</strong></span> <span class='ocrx_word' id='word_1_810' title='bbox 2521 5749 2618 5817; x_wconf 84' lang='grc' dir='ltr'><strong>τὴν</strong></span> <span class='ocrx_word' id='word_1_811' title='bbox 2653 5747 2924 5818; x_wconf 82' lang='grc' dir='ltr'><strong>φλυαρίαν</strong></span> <span class='ocrx_word' id='word_1_812' title='bbox 2953 5747 3060 5800; x_wconf 80' lang='grc' dir='ltr'><strong>τῶν</strong></span> <span class='ocrx_word' id='word_1_813' title='bbox 3095 5747 3384 5815; x_wconf 80' lang='grc' dir='ltr'><strong>αίρετικῶν</strong></span> <span class='ocrx_word' id='word_1_814' title='bbox 3412 5742 3662 5797; x_wconf 73' lang='grc' dir='ltr'><strong>ἀπώσατο</strong></span> <span class='ocrx_word' id='word_1_815' title='bbox 3695 5739 3731 5812; x_wconf 72' lang='grc' dir='ltr'>ἡ</span> 
     </span>
    </p>
   </div>
  </div>
