4064 6206
376 288 506 364 ’899

1661 310 2104 373 REFUTATIO
2146 312 2338 376 NILI.
2406 326 2427 377 l

3542 325 3647 389 8ῗο

400 416 640 485 ὑμετέρα
691 416 955 489 ἁδελφικὴ
1011 417 1299 491 ἱερωσύνη.
1334 420 1412 474 Ού
1462 421 1607 489 λέγει
1639 425 1667 475 6
1698 426 1959 491 πάππας·

2076 426 2297 496 lahdat;
2348 430 2498 485 Illum
2543 446 2674 486 vero
2717 433 2807 502 qui
2842 434 3043 489 dicitur
3073 449 3248 490 canon
3272 475 3285 499 ,
3319 453 3427 489 non
3467 449 3524 493 ιιι
3554 455 3648 495 ca-

400 510 589 576 Τούτῳ
623 508 700 578 τῷ
751 512 934 565 κανόνι
969 512 1067 580 τῆς
1100 520 1156 579 ς’
1187 514 1430 581 συνόδου,
1458 516 1612 583 ἀλλὰ,
1652 518 1838 591 Ταύτῃ
1870 522 1967 588 τῆς

397 600 679 667 ὀρθεδόξιςυ
736 603 973 666 πίστεως
1021 608 1089 677 τῇ
1149 607 1457 680 μαρτυρίᾳ·
1488 610 1705 663 ἐπαινεῖ
1748 612 1854 682 γὰρ
1909 613 1969 664 τὸ

397 691 891 762 ἐμπεμριεχόμενον,
944 693 1060 747 ἀλλ’
1106 696 1223 764 οὐχὶ
1273 696 1349 758 ὡς
1405 698 1643 751 κανόνα·
1684 698 1778 751 καὶ
1819 698 1967 752 τοῦτ’

396 786 529 839 αὶτό
557 788 725 847 ἐστιν,
771 787 908 856 ὅπερ
936 787 1122 857 ἔλεγεν
1161 791 1188 843 6
1219 788 1674 860 Βιϐλιοϐηκάριος
1706 790 1968 845 Ἀναστά-

398 893 514 937 σιος
534 895 546 904 ·
571 877 653 928 ὅτι
682 878 809 939 τοὺς
839 879 1117 938 τοιούτους
1146 881 1377 942 κανόνας
1399 882 1427 933 6
1461 881 1821 945 ἀποστολικδς
1847 881 1969 949 θρό-

398 986 489 1031 νος
511 968 603 1020 ἐπὶ
625 967 884 1022 τοσοῦτον
928 971 1143 1040 δέχεται
1173 973 1231 1025 ἐν
1278 974 1345 1045 τῇ
1372 971 1417 1035 ζ’
1450 974 1655 1042 συνόδῳ
1677 1014 1691 1037 ,
1720 973 1859 1026 ὥστε
1891 973 1965 1043 μὴ

400 1062 649 1130 στέργειν
701 1063 965 1128 ἐκείνους,
1011 1065 1206 1128 οἶτινες
1252 1066 1588 1121 ἀντίκεινται
1628 1070 1741 1129 τοῖς
1776 1067 1964 1120 κανόσι

395 1152 505 1203 τῶν
557 1154 860 1224 ἀρχιερέων
888 1158 988 1224 τῆς
1017 1155 1238 1226 Ῥώμης
1259 1175 1273 1189 ο
1313 1159 1406 1212 καὶ
1454 1161 1536 1213 ὅτι
1566 1159 1964 1223 ἁπαξάπαντας

395 1243 499 1293 οὐκ
544 1238 692 1312 εἶχον
738 1245 787 1296 0i
826 1245 1048 1298 Λατῖνοι
1073 1286 1089 1311 ,
1126 1247 1244 1299 ἀλλ’
1286 1242 1429 1318 ἦσαν
1455 1249 1639 1311 αὐτοῖς
1673 1249 1963 1317 ἄγνωστοι.

397 1329 490 1393 Εἷς
518 1333 576 1386 δέ
611 1352 692 1397 τις
722 1335 907 1389 κανὼν
934 1339 962 1390 6
998 1338 1087 1408 πβ⁹
1118 1338 1249 1409 περὶ
1282 1341 1391 1394 τῶν
1425 1342 1588 1410 ίεροῦν
1621 1342 1847 1396 εἰκόνων
1877 1343 1967 1407 γέ-

398 1443 519 1493 γονε
548 1427 824 1497 γνώριμος
850 1429 939 1483 διὰ
970 1430 1031 1483 τὸ
1062 1430 1352 1501 ἐντεθῆναι
1392 1437 1459 1504 τῇ
1492 1432 1539 1499 ζ’
1573 1434 1774 1504 συνόδῳ
1825 1435 1965 1488 κατά

397 1520 505 1571 τῶν
544 1520 960 1593 Είκονομὰχωνο
990 1525 1083 1577 καὶ
1131 1528 1318 1579 τοῦτον
1344 1527 1559 1581 ἐπαινεῖ
1586 1528 1614 1583 6
1649 1529 1876 1589 πάππας
1908 1527 1967 1577 ἐν

393 1614 462 1682 τῇ
507 1613 781 1682 Ἰάρασίου
820 1616 1097 1685 ἐπιστολῇ,
1132 1617 1323 1670 ἔπειτα
1352 1617 1609 1687 ὀνομάζει
1639 1619 1840 1671 κανόνα
1868 1617 1966 1685 μὲν

392 1704 537 1773 οὐχὶ,
593 1708 898 1777 μαρτυρίαν
929 1709 985 1762 δὲ
1016 1708 1116 1778 τῆς
1166 1709 1449 1780 όρθοδόξου
1500 1711 1758 1772 πίστεως,
1797 1710 1960 1764 Ὅθεν

2071 535 2269 573 nonem
2300 522 2512 587 probat.
2544 525 2696 588 Quod
2738 540 2806 579 ex
2860 526 2927 580 lis
2965 526 3136 595 liquet
3164 542 3285 596 qua:
3311 527 3476 581 infert
3507 545 3642 597 papa

2072 619 2191 677 post
2228 613 2535 679 expositum
2560 629 2851 670 canonem.
2911 617 3026 671 Hoc
3072 617 3465 687 enim,iuquit,
3491 623 3648 675 testi-

2070 702 2260 756 monio
2306 704 2629 761 orthodoxa:
2697 708 2819 762 ﬁdei
2866 710 3227 780 malignorum
3271 713 3644 766 curiositatem

2067 804 2123 849 et
2144 795 2525 852 hzereticorum
2556 800 2932 869 garrulitatem
2952 812 3194 859 vestrum
3217 806 3412 874 repulit
3450 807 3647 861 frater-

2070 901 2200 939 num
2224 887 2614 943 sacerdotium.
2644 890 2762 945 Non
2794 892 2924 947 dicit
2948 910 3107 963 papa,
3128 895 3242 949 Hoc
3268 905 3424 949 sexto
3444 899 3642 968 synodi

2067 992 2304 1041 canone,
2337 978 2452 1041 sed,
2495 978 2610 1034 lloc
2638 982 2952 1037 testimonio
2979 984 3295 1039 orthodoxa!
3325 986 3489 1050 ﬁdei;
3531 987 3647 1040 lau-

2067 1068 2161 1125 dat
2188 1069 2336 1125 euim
2360 1072 2505 1141 quod
2530 1074 2866 1137 continetur,
2891 1091 2999 1129 non
3022 1086 3083 1130 ut
3107 1092 3414 1139 canonem;
3442 1089 3498 1133 et
3539 1080 3643 1133 hoc

2064 1171 2148 1217 est
2197 1163 2344 1232 quod
2399 1163 2854 1221 Bibliothecarius
2892 1168 3215 1223 Anastasius
3275 1169 3478 1228 aiebat.
3544 1171 3645 1224 bu-

2061 1254 2297 1324 jusmodi
2360 1271 2601 1311 canones
2651 1272 2679 1310 a
2711 1257 2839 1311 sede
2870 1259 3169 1328 apostolica
3210 1260 3281 1314 ita
3313 1261 3551 1322 admitti,
3589 1273 3647 1314 ut

2069 1342 2386 1399 nullatenus
2445 1345 2568 1399 illos
2625 1348 2853 1416 recipiat
2900 1350 2995 1418 qui
3048 1349 3287 1405 decretis
3320 1353 3643 1418 pontiﬁcum

2068 1435 2441 1490 Romanorum
2480 1438 2864 1503 adversantur,
2921 1448 2976 1493 et
3024 1443 3310 1496 universos
3348 1442 3641 1496 l‘nisscLa-

2068 1526 2196 1580 tinis
2224 1527 2553 1595 incognitos,
2590 1530 2719 1597 quia
2749 1545 2853 1584 nec
2895 1530 3308 1597 interpretatos.
3345 1534 3510 1586 Erant
3540 1533 3642 1599 igi-

2068 1623 2157 1669 tur
2184 1617 2426 1671 universi
2468 1617 2688 1686 quidem
2739 1618 3027 1686 incogniti.
3076 1619 3229 1675 Unus
3260 1636 3390 1674 vero
3422 1621 3642 1690 quidam

2064 1722 2132 1761 ex
2164 1707 2251 1772 iis,
2285 1708 2651 1777 octogesimus
2692 1709 2989 1773 secundus,
3043 1711 3111 1764 de
3167 1712 3341 1766 sacris
3392 1713 3643 1781 imagini—

398 1767 606 1860 μὰταια
636 1767 934 1863 ἐπιχειρεῖς
960 1811 975 1827 ο
1011 1767 1229 1865 πρέπον
1259 1767 1385 1866 μὲν,
1409 1798 1492 1851 ὅτι
1518 1798 1617 1861 τὰς
1662 1767 1844 1867 φωνὰς
1865 1799 1957 1851 τοῦ

2068 1798 2168 1852 bus
2225 1800 2490 1862 innotuit,
2534 1800 2662 1869 quia
2722 1800 2961 1855 insertus
3028 1801 3131 1856 fuit
3164 1804 3411 1871 septima:
3437 1803 3644 1872 synodo

391 1886 667 1956 Ταρασίου
699 1890 757 1941 ἐν
785 1890 850 1959 τῇ
879 1890 1136 1960 ἐπιστολῇ
1166 1891 1260 1943 τοῦ
1293 1892 1495 1946 πάππα
1526 1894 1884 1964 προκομίζεις
1900 1894 1961 1945 ού

388 1974 629 2041 γνησίως
655 1976 1108 2046 ἑρμηνευθείσας.
1142 1979 1402 2048 Διαφέρει
1444 1981 1552 2050 γὰρ
1597 1982 1793 2040 εἰπεῖν,
1831 1998 1849 2029 ι
1882 1980 1962 2033 Τά

392 2067 497 2119 ὑπὸ
528 2069 626 2137 τῆς
657 2068 831 2139 αὐτῆς
878 2070 1038 2138 ἁγίας
1069 2072 1237 2142 ἕκτης
1268 2072 1487 2125 συνόδου
1508 2113 1523 2137 ,
1559 2092 1576 2123 ι
1615 2072 1691 2134 ὼς
1740 2071 1852 2141 ἔχει
1902 2073 1962 2123 τὸ

393 2160 644 2229 κείμενον
695 2160 757 2213 τὸ
796 2160 1144 2232 Ἑλληνικόν*
1203 2163 1298 2214 καὶ
1331 2166 1527 2224 εἰπεῖν,
1587 2181 1606 2214 ι
1644 2162 1755 2228 Τὰς
1790 2164 1962 2226 αὐτὰς

392 2253 552 2322 ἁγίας
586 2253 646 2319 ἓξ
676 2255 929 2319 συνόδους
965 2275 983 2308 ι
1018 2256 1155 2309 κατά
1177 2257 1237 2310 τὸ
1279 2257 1588 2327 Ῥωμαϊκόν
1615 2272 1631 2290 ο
1668 2256 1766 2310 καὶ
1796 2256 1961 2310 πάλιν

393 2348 455 2401 τὸ
480 2349 674 2414 εἰπεῖν,
713 2366 732 2401 ι
760 2346 1220 2418 Ἐκφωνηθέντων
1244 2350 1374 2421 παρ’
1402 2351 1593 2419 αὐτῆς,
1613 2369 1633 2403 ι
1669 2350 1766 2403 καλ.
1799 2368 1818 2402 t
1841 2351 1959 2402 Ἐκ-

392 2436 751 2508 φωνηθὲντων
779 2438 909 2508 παρ’
943 2438 1147 2504 αὐτῶν,
1187 2458 1206 2490 ι
1262 2439 1339 2502 ὡς
1383 2438 1495 2508 ἔχει
1532 2439 1591 2492 τὸ
1642 2438 1956 2492 Λατινικόν·

389 2530 666 2599 δεύτερον,
710 2532 793 2585 δτι
823 2532 851 2600 6
895 2532 1115 2595 ἔπαινος
1147 2531 1241 2585 τοῦ
1274 2531 1561 2601 Ἀδριανοῦ
1586 2530 1647 2585 ού
1674 2531 1859 2584 δίδωσι
1883 2530 1961 2599 τῷ

392 2625 575 2679 κανόνι
600 2625 787 2696 κῦρος,
818 2624 934 2680 ἀλλ’
963 2624 1178 2695 ἢμόνον
1207 2628 1290 2679 ὅτι
1313 2624 1628 2694 ὁροοδοξίαν
1659 2626 1960 2693 περιεῖχεν·

388 2717 455 2767 ὲκ
486 2716 676 2768 τούτου
711 2715 764 2767 δὲ
812 2715 912 2768 ούκ
949 2717 1065 2769 ἔστι
1113 2715 1371 2782 συνάγειν
1427 2713 1554 2776 τοὺς
1588 2714 1821 2775 κανόνας
1880 2709 1959 2766 εἴ·

390 2827 480 2861 ναι
520 2809 815 2878 γνησίους,
864 2810 959 2863 καὶ
1012 2808 1112 2880 τὴν
1177 2809 1482 2878 πενῠέκτην
1532 2807 1955 2877 οἰκουμενικὴνυ

390 2901 504 2954 ἀλλ’
569 2904 648 2955 ὅτι
701 2901 758 2953 ὲν
810 2901 1037 2964 ἐκείνοις
1092 2901 1191 2953 οὐκ
1242 2900 1412 2969 ὀλίγοι
1473 2899 1739 2962 κανόνες,
1795 2901 1854 2952 ἐν
1876 2893 1960 2961 οἷς

389 2993 505 3062 ὄρθ’
549 2992 687 3046 ἄττα
748 2993 844 3046 καὶ
921 2994 1021 3045 οὐκ
1093 2993 1375 3063 ἀπόϐλητα
1426 2991 1765 3062 περιέχεται.
1807 2988 1958 3044 Οὔκ-

388 3102 486 3138 ουν
549 3082 803 3156 ἀπεχθῶς
867 3082 1079 3154 ἔχουσιν
1141 3084 1189 3137 οι
1246 3084 1466 3137 Λατῖνοι
1526 3080 1662 3151 πρὸς
1713 3079 1811 3142 τὰς
1878 3081 1960 3134 0t-

382 3177 723 3250 διουμενικάς
778 3175 886 3231 τῶν
932 3176 1165 3231 συνόδων
1192 3218 1208 3242 ,
1259 3175 1358 3240 τὰς
1419 3174 1494 3247 μὴ
1541 3173 1710 3239 οὔσας
1782 3176 1956 3227 οἰκου-

393 3270 619 3343 μενικάς
679 3269 755 3340 μὴ
813 3268 889 3333 ὡς
950 3266 1207 3331 τοιαύτας
1244 3266 1525 3338 δεχόμενοι
1552 3307 1567 3331 ,
1640 3267 1842 3337 μᾶλλον
1898 3266 1956 3318 δὲ

388 3365 489 3425 τὰς
510 3363 646 3433 μήτε
687 3361 823 3424 ὅλως
845 3361 1098 3423 συνόδους
1120 3359 1407 3414 καλεῖσθαι
1436 3358 1592 3424 ἀξίας
1622 3373 1636 3388 ο
1675 3358 1797 3411 οὔτε
1822 3357 1958 3428 πρὸς

391 3456 617 3517 ἑαυτοὺς
647 3454 1034 3516 στασιάζουσιν
1062 3454 1111 3505 οἱ
1160 3452 1439 3522 ἀρχιερεῖς
1488 3452 1585 3518 τῆς
1624 3450 1880 3519 Ῥώμης·
1929 3448 1959 3502 6

387 3550 502 3618 γὰρ
532 3548 808 3619 ’Δδριανὸς
850 3546 977 3616 ἔσχε
1030 3544 1215 3615 θαῦμα
1241 3544 1501 3605 αἰνέσεως
1535 3542 1632 3595 καὶ
1689 3538 1953 3610 περιπτύ·

389 3644 526 3707 ξεως
558 3641 729 3705 ἀξιον,
749 3639 906 3693 τοῦτο
945 3638 1037 3692 καὶ
1067 3637 1116 3689 οἱ
1136 3637 1314 3689 λοιποὶ
1345 3636 1624 3705 ἀρχιερεῖς
1657 3634 1959 3703 ὑπερεπαι-

391 3734 595 3788 νοῦσιν.
643 3731 886 3800 Ἦγάσθη
926 3729 985 3784 δὲ
1036 3730 1065 3782 6
1115 3728 1346 3789 πάπποις
1381 3726 1482 3796 τὴν
1527 3723 1837 3797 ὀρθοδοείαν
1859 3722 1957 3776 τοῦ

389 3826 663 3895 Ταρασίου
709 3825 841 3894 περὶ
888 3823 998 3876 τῶν
1049 3822 1224 3889 ἁγίων
1269 3820 1516 3874 είκόνων.
1570 3818 1817 3887 Ἔγραφε
1862 3817 1959 3869 καὶ

390 3926 545 3978 Λέων
588 3920 837 3987 Ἵσαυρος
879 3916 1019 3985 πρὸς
1059 3914 1357 3985 Γρηγόριον
1384 3912 1476 3964 τὸν
1500 3909 1733 3963 πάππαν
1753 3925 1768 3938 '
1800 3908 1957 3962 Διατι

393 4022 449 4069 ἐν
482 4018 600 4078 ταῖς
628 4015 687 4080 ἓξ
720 4011 960 4074 συνόδοις
988 4008 1141 4062 οὐδὲν
1174 4007 1377 4078 ὲρῤἐοη
1417 4004 1671 4075 περὶτῶν
1705 4004 1955 4067 είκόνωνς

389 4108 500 4160 Καὶ
531 4103 964 4172 ἀποκρινόμενος
1014 4100 1269 4168 ὁμολογεῖ
1312 4100 1341 4151 6
1373 4097 1628 4157 πάππας,
1665 4095 1749 4147 ὅτι
1803 4093 1958 4146 οὐδὲν

390 4198 609 4268 ἐρρέθη.
651 4195 797 4249 Ἀλλ’
826 4192 953 4247 οὗτε
983 4194 1010 4246 6
1036 4190 1293 4261 βασιλεὺς
1325 4187 1496 4249 οὕτως
1528 4185 1592 4238 ἂν
1616 4184 1956 4255 προύτεινεν,

388 4290 512 4342 οὔτε
542 4291 570 4342 6
627 4290 857 4350 πάππας
914 4284 1241 4353 ἀπεκρίνετο
1289 4277 1743 4347 τοιουτοτρόπως,
1802 4275 1959 4345 εἴπερ

322 4359 343 4371 σ
389 4383 667 4450 ἐνομίζετο
702 4381 797 4431 καὶ
832 4378 982 4442 παρὰ
1014 4375 1261 4445 Γραικοῖς
1296 4372 1389 4426 καὶ
1429 4371 1582 4439 παρά
1624 4369 1876 4429 Λατίνοις
1921 4369 1954 4438 ἡ

2063 1898 2255 1943 contra
2299 1887 2723 1955 lconomaehos;
2750 1898 2804 1944 et
2835 1889 2983 1944 hunc
3042 1891 3228 1946 laudat
3261 1907 3394 1960 papa
3432 1893 3483 1944 in
3519 1891 3641 1960 epi-

2063 1980 2201 2035 stola
2261 1980 2326 2033 ad
2387 1979 2695 2045 Tarasium,
2746 1997 2855 2035 non
2908 1982 3131 2049 quidem
3183 1998 3448 2037 canouem
3486 1983 3638 2037 illum

2066 2085 2282 2134 vocans,
2346 2073 2441 2127 sed
2497 2071 2817 2126 orthodoxae
2869 2073 2994 2133 ﬁdei
3023 2074 3419 2128 testimonium.
3453 2073 3641 2142 Itaque

2063 2177 2205 2216 vano
2225 2162 2394 2218 uteris
2425 2171 2751 2233 argumento
2777 2180 2792 2217 :
2833 2164 3014 2234 primo
3044 2165 3291 2234 quidem,
3321 2165 3447 2234 quia
3478 2182 3641 2219 voces

2062 2255 2268 2310 Tarasii
2319 2256 2563 2324 epistula:
2585 2271 2738 2328 papa:
2770 2257 3007 2311 insertas
3068 2258 3285 2326 profers
3340 2273 3448 2311 nou
3497 2268 3644 2310 recte

2062 2358 2373 2399 conversas.
2432 2344 2621 2399 Diﬁ'ert
2673 2345 2821 2400 enim
2847 2345 3060 2410 dicere,
3105 2364 3123 2397 ι
3165 2346 3299 2411 Qua:
3349 2346 3418 2400 ab
3450 2349 3641 2401 eadem

2063 2444 2251 2491 sancta
2270 2446 2421 2492 sexta
2456 2437 2687 2508 synodo,
2728 2454 2748 2490 ι
2784 2446 2844 2490 ut
2871 2438 3072 2507 legitur
3097 2438 3284 2493 Grzece
3311 2447 3406 2503 ;et
3428 2440 3639 2502 dicere,

2069 2544 2087 2577 ι
2130 2527 2357 2582 Easdem
2412 2538 2632 2582 sanctas
2679 2544 2772 2582 sex
2824 2530 3082 2598 synodos,
3119 2547 3138 2580 ι
3170 2538 3229 2584 ut
3262 2529 3428 2584 habet
3460 2538 3640 2585 textus

2063 2618 2327 2685 Latinus;
2353 2629 2410 2674 et
2435 2636 2627 2675 rursus
2659 2619 2869 2683 diﬁ'ert,
2910 2637 2931 2671 ι
2971 2623 3327 2690 promulgata:
3373 2623 3441 2676 ab
3476 2623 3588 2691 ipsa
3615 2641 3633 2674 ο

2061 2719 2118 2764 et
2145 2728 2165 2763 ι
2194 2710 2549 2780 promulgata
2579 2711 2649 2764 ab
2678 2711 2864 2781 ipsis,»
2901 2720 2961 2765 ut
2992 2712 3224 2766 habetur
3262 2713 3317 2766 in
3347 2720 3497 2767 textu
3538 2714 3643 2765 La-

2061 2803 2196 2857 tino.
2251 2801 2524 2866 Secundo,
2576 2803 2705 2872 quia
2752 2818 2820 2858 ex
2878 2818 2941 2858 ca
2974 2805 3454 2859 commendatione
3485 2823 3639 2874 ριιςιεο

2063 2910 2172 2950 non
2223 2896 2283 2949 ﬁt
2314 2910 2489 2950 canon
2526 2897 2841 2967 legitimus,
2870 2896 2966 2951 sed
3002 2896 3267 2968 probatur
3309 2908 3516 2951 tantum
3554 2913 3638 2951 re,
3703 2964 3716 2973 _

2061 3000 2205 3044 ctam
2234 2990 2288 3043 in
2322 3005 2389 3045 eo
2419 2989 2580 3043 ﬁdem
2606 2990 2913 3059 contineri;
2944 3005 3009 3045 ex
3056 3005 3167 3060 quo
3198 3005 3305 3044 non
3336 2990 3464 3045 licet
3482 2992 3640 3045 colli-

1987 3104 2030 3163 ο
2062 3096 2192 3153 gere
2243 3096 2484 3136 canones
2539 3098 2661 3138 esse
2692 3084 2985 3155 legitimos,
3012 3090 3070 3138 et
3093 3081 3459 3152 quinisextam
3484 3098 3639 3137 (ecu-

2063 3175 2349 3235 meuicam.
2413 3178 2508 3231 sed
2560 3186 2797 3244 tantum,
2852 3193 2965 3232 non
3001 3191 3205 3247 paucos
3236 3177 3359 3247 ejus
3393 3192 3637 3231 c:muues

2060 3277 2208 3324 recta
2242 3278 2298 3324 et
2329 3284 2435 3323 non
2473 3270 2775 3341 rejiciemla
2835 3271 3142 3325 continere.
3184 3269 3367 3336 Quare
3413 3285 3514 3325 nec
3543 3284 3637 3324 ve-

2062 3377 2183 3415 rum
2238 3370 2342 3427 est,
2388 3360 2612 3416 Latinos
2683 3375 2809 3415 esse
2893 3360 3235 3431 generalium
3295 3360 3634 3432 synodorun

2063 3452 2337 3511 inimicos.
2392 3452 2436 3506 si
2493 3467 2600 3505 non
2663 3450 2968 3519 suscipiunt
3000 3464 3100 3520 pro
3131 3451 3488 3504 teetnuenicis
3516 3466 3638 3518 qua:
3712 3466 3715 3469 ‘

2061 3564 2169 3603 non
2207 3557 2337 3601 sunt
2365 3546 2720 3599 meumenicte
2742 3585 2755 3608 ,
2788 3543 2898 3597 imo
2919 3558 3039 3614 qua:
3055 3557 3157 3597 nec
3187 3543 3378 3614 synodi
3411 3543 3632 3610 quidem

2061 3648 2231 3695 sunt:
2266 3653 2367 3692 nec
2392 3652 2575 3692 secum
2609 3645 2853 3707 pugnant
2904 3634 3131 3690 Romani
3168 3632 3473 3704 pontiﬁces.
3498 3632 3633 3686 Nam

2061 3731 2204 3800 quod
2238 3730 2509 3785 Adrianus
2527 3728 2720 3783 habuit
2752 3743 2848 3797 pro
2888 3727 3152 3782 miraculo
3180 3726 3341 3780 laude
3372 3739 3437 3779 ac
3468 3740 3639 3778 vene.-

2062 3824 2273 3879 ratione
2330 3821 2513 3891 digno,
2568 3820 2671 3875 hoc
2722 3829 2775 3874 et
2805 3818 2989 3875 eteteri
3053 3818 3340 3888 pontiﬁces
3364 3815 3637 3870 extollunt

2062 3912 2344 3967 laudibus.
2385 3909 2702 3963 Admiratus
2747 3924 2878 3963 vero
2932 3908 3036 3962 fuit
3065 3923 3198 3978 papa
3224 3918 3426 3962 rectam
3467 3906 3629 3960 ﬁdem

2061 4001 2277 4061 Tarasii
2338 4000 2407 4056 de
2460 4001 2635 4055 sacris
2694 4000 3048 4070 imaginibus.
3115 4016 3224 4055 non
3274 4014 3539 4055 canonem
3572 4007 3635 4049 ut

2059 4106 2362 4157 canoucm;
2431 4091 2488 4145 in
2539 4106 2651 4161 quo
2715 4092 2945 4145 [tertiani
3006 4091 3296 4161 pontiﬁces
3326 4104 3636 4145 convenere

2062 4198 2255 4238 omnes
2308 4192 2363 4238 et
2411 4183 2774 4238 conveniunt.
2842 4182 3081 4238 Proinde
3115 4196 3365 4237 asserere
3394 4194 3635 4236 canones

2061 4276 2386 4345 quinisextas
2440 4274 2659 4331 habitos
2694 4274 2867 4329 fuisse
2913 4284 3061 4330 ratos
3093 4289 3123 4328 a
3156 4272 3418 4330 Romanis
3447 4271 3632 4342 ponti—

2064 4366 2258 4419 ﬁcibus
2300 4364 2429 4417 dum
2461 4363 2833 4419 Ecclesiarum
2889 4381 2989 4435 pax
3022 4364 3259 4433 vigebat,
3289 4372 3475 4432 postea
3508 4377 3644 4421 vero.

390 4475 659 4542 πενοέκτη
691 4469 1063 4540 οἱκουμενικὴ,
1098 4468 1191 4520 καὶ
1246 4466 1295 4518 οἱ
1338 4464 1469 4533 παρ’
1500 4463 1667 4531 αὐτῆς
1724 4462 1950 4523 κανόνες

2061 4456 2225 4511 fuisse
2244 4455 2586 4525 rcprobatos,
2611 4467 2693 4511 cst
2719 4469 3047 4511 connectere
3068 4472 3189 4525 qua:
3212 4474 3319 4510 non
3339 4454 3634 4510 cohaerent.

389 4566 586 4633 κύριοι.
640 4564 803 4632 Ζήτει
860 4560 958 4619 τὰς
991 4557 1096 4627 πρὸ
1143 4556 1241 4623 τῆς
1276 4554 1319 4619 ζ’
1353 4552 1574 4606 συνόδου
1625 4548 1952 4611 ἐπιστολάς’

388 4658 512 4727 οὐχὶ
534 4659 625 4709 τὸν
665 4653 864 4708 κανόνα
893 4653 970 4713 ὠς
1020 4648 1243 4712 κανόνα,
1287 4645 1457 4701 καθ“ὂ
1500 4646 1548 4699 0!
1596 4643 1697 4709 τῆς
1741 4642 1956 4709 Ῥώμης

392 4742 798 4811 συνεφώνησαν,
850 4740 943 4790 καὶ
978 4732 1329 4802 συμφωνοῦσι
1366 4731 1586 4793 πάντες.
1638 4729 1727 4782 Διὸ
1758 4729 1822 4796 δὴ
1864 4730 1959 4779 καὶ

387 4838 449 4887 τ’,
481 4833 659 4899 λέγειν
718 4829 843 4891 τοὺς
884 4827 1113 4885 κανόνας
1148 4824 1247 4892 τῆς
1287 4821 1598 4890 -πενοέκτης
1629 4817 1956 4887 νομισθῆναι

390 4924 607 4994 κυρίους
630 4920 736 4973 ύπδ
775 4919 883 4971 τῶν
913 4917 1226 4970 ἐπισκόπων
1254 4914 1352 4982 τῆς
1406 4910 1628 4982 Ῥώμης
1653 4912 1758 4971 ἓως
1783 4908 1955 4965 διετέ-

388 5018 470 5068 λει
504 5015 635 5068 ὄντα
667 5014 727 5066 ἐν
753 5010 943 5081 εἰρήνῃ
993 5010 1061 5062 τὰ
1102 5005 1560 5076 ἑκκλησιαστικά,
1597 5004 1734 5072 μετά
1761 5002 1815 5055 δὲ
1859 5000 1956 5070 τὴν

385 5107 652 5177 διχόνοιαν
712 5098 1242 5170 ἀποδοκιμασθῆναι,
1308 5094 1647 5164 συγκλώθειν
1716 5093 1832 5144 ἐστὶ
1892 5092 1957 5144 τὰ

389 5197 776 5266 ἁσύγκλωστα.
817 5190 928 5246 Ποῦ
980 5190 1089 5259 γὰρ
1133 5189 1388 5259 εὑρήσεις
1419 5186 1526 5256 πρὸ
1554 5185 1655 5253 τῆς
1680 5183 1958 5252 διχονοίας

386 5290 479 5343 τὸν
507 5282 1133 5344 Κωνσταντινουπόλεως
1158 5277 1503 5347 ἐξισούμενον
1524 5275 1601 5347 τῷ
1630 5274 1957 5345 πὰππαιῶς

389 5397 557 5449 φησιν
594 5380 621 5431 6
642 5375 730 5441 λς’
762 5375 863 5444 τῆς
899 5374 1201 5442 πενθέκτης
1233 5371 1377 5425 κατά
1404 5371 1529 5429 τοὺς
1558 5367 1956 5436 ψευδοκανόνας

387 5472 480 5522 τὸν
506 5469 704 5537 τρίτον,
738 5469 834 5535 τῆς
867 5464 911 5535 β’
940 5466 1035 5518 καὶ
1062 5465 1159 5533 τῆς
1187 5460 1231 5516 δ’
1254 5461 1344 5515 τόν
1371 5458 1460 5529 κη’
1490 5475 1505 5523 ;
1539 5460 1600 5511 Et
1640 5458 1858 5519 τούτους
1891 5459 1957 5528 δὴ

387 5566 513 5621 τοὺς
540 5561 866 5627 λεγομένους
890 5558 1116 5618 κανόνας
1152 5554 1442 5622 ἀειδήποτε
1472 5552 1503 5619 ἡ
1543 5550 1836 5618 Ἐκκλησία
1858 5552 1956 5619 τῆς

400 5654 616 5722 Ῥώμης
645 5651 1067 5717 ἀπεδοκίμαζεν,
1104 5648 1176 5709 ὡς
1208 5646 1368 5714 δῆλον
1411 5645 1473 5695 ἐκ
1508 5644 1615 5695 τῶν
1656 5642 1956 5694 ἐπιστολῶν

392 5746 620 5807 Λέόντος
648 5741 738 5795 τοῦ
789 5742 986 5795 πάππα
1017 5740 1121 5791 τῶν
1164 5739 1300 5807 μετὰ
1339 5736 1406 5789 τὰ
1450 5734 1733 5805 Πρακτικά
1787 5733 1881 5803 τῆς
1919 5734 1955 5785 5'

2060 4546 2163 4603 Ubi
2216 4550 2366 4607 enim
2415 4547 2662 4616 reperias
2707 4556 2833 4601 ante
2866 4547 3101 4601 sebisma
3133 4544 3637 4611 ConstantinOpoli-

2059 4646 2246 4693 tanum
2300 4647 2645 4706 exaequatum
2694 4651 2879 4705 papae,
2916 4645 2974 4690 ut
3004 4651 3182 4689 canon
3208 4634 3279 4689 36
3310 4635 3637 4704 quinisextze

2057 4729 2252 4784 statuit
2274 4728 2429 4798 juxta
2460 4728 2912 4795 pseuducauones
2942 4723 3199 4778 secundae
3228 4722 3451 4794 synodi,
3484 4731 3539 4776 et
3565 4723 3639 4775 9.8

2057 4820 2306 4892 quarta»?
2337 4818 2391 4874 Si
2419 4818 2520 4872 hos
2545 4818 2704 4872 titulo
2737 4827 2898 4871 tenus
2959 4830 3198 4869 canones
3223 4815 3467 4869 Romana
3497 4829 3637 4867 scut-

2056 4929 2153 4984 per
2185 4914 2425 4969 Ecclesia
2455 4912 2795 4982 reprobavit,
2853 4918 2913 4964 ut
2944 4909 3137 4965 videre
3195 4918 3281 4965 est
3328 4909 3382 4963 in
3407 4907 3639 4978 cpistola

2057 5004 2257 5059 Leonis
2295 5017 2449 5074 papa:
2497 5011 2649 5072 parte
2710 5017 2769 5055 ιιι
2823 5010 3033 5070 quartae
3079 4999 3297 5070 synodi,
3360 4999 3638 5068 quomodo

2055 5102 2207 5148 ratos
2247 5093 2600 5162 postmodum
2634 5092 2836 5146 habuit
2866 5106 3110 5147 canones
3158 5092 3505 5161 Quinisextte,
3540 5092 3634 5159 qui

2056 5183 2253 5240 iisdem
2308 5194 2568 5263 constant
2631 5185 2861 5240 vocibus
2907 5184 3112 5255 quibus
3134 5195 3189 5238 et
3214 5183 3530 5250 reprobati?
3570 5183 3638 5236 Et

2055 5292 2179 5349 quae
2238 5293 2340 5347 pax
2388 5284 2508 5331 erat
2538 5277 2684 5331 inter
2710 5292 2904 5346 papam
2932 5285 2990 5331 et
3022 5275 3389 5344 patriarcham
3417 5316 3433 5341 ,
3468 5275 3636 5345 quise

2056 5366 2322 5438 aequalem
2353 5382 2503 5437 papa:
2527 5368 2806 5439 jaetitaret
2833 5408 2849 5435 ,
2878 5368 2923 5423 si
2947 5367 3284 5424 Calestinus
3304 5366 3636 5421 condemna-

2057 5460 2148 5516 bat
2178 5468 2235 5514 et
2269 5461 2589 5514 removebat
2618 5459 2933 5514 Nestorium
2966 5460 3335 5530 patriarcham
3360 5459 3635 5513 Constan-

2058 5552 2516 5621 tinupolitanum,
2579 5550 2690 5607 Leo
2751 5551 3071 5607 Dioscorum
3163 5550 3633 5611 Alexandrinum,

2057 5647 2329 5712 Agapctus
2386 5643 2709 5697 Anthimum
2763 5642 3459 5710 Constantinopolitatunm,
3520 5639 3631 5694 Leo

2061 5734 2105 5788 ll
2162 5734 2457 5790 Macarium
2524 5734 2953 5797 Antiocltcnmn,
3020 5734 3294 5788 Adrianus
3344 5730 3630 5786 Tarasium
