4064 6206
361 344 364 346 ,
431 285 544 346 ·8.›3

1749 304 2184 368 ΠΕΡΗΤΑἸῚΟ
2209 311 2392 372 SILI.

3574 333 3683 396 Hii

509 405 574 454 Ol.
602 403 700 471 τῆς
727 401 769 472 β’
800 404 1023 458 συνόδου
1075 408 1312 478 Πατέρες
1344 410 1542 466 κανόνα
1577 419 1976 490 ἐγεγράφεισαν

2181 425 2371 482 Patres
2423 432 2685 484 secundm
2737 435 2932 504 synodi
2965 437 3574 508 ediderantcauoiiem.
3627 457 3686 502 ut

436 492 576 546 ὥστε
605 497 698 547 τὸν
750 498 1374 566 Κωνσταντινουπόλεως
1431 505 1576 574 ἔχειν
1615 512 1680 563 τὰ
1739 513 2005 580 πρεσϐεῖα

433 589 530 654 τῆς
569 587 738 654 τιμῆς
789 590 925 656 μετά
973 593 1064 643 τὸν
1093 593 1192 658 τῆς
1249 593 1467 664 Ῥώμης
1497 599 1818 658 ἐπίσκοπον.
1867 605 2005 658 Ἀλλ’

431 677 580 744 ὅμως
617 677 870 746 Θεόφιλος
899 683 926 734 ό
959 681 1366 754 Ἀλεξανδρείας
1396 688 1734 744 ἀντεποιεῖτο
1767 695 1864 765 τῆς
1891 714 2008 766 χει-

432 768 678 838 ροτονίας
727 769 820 823 τοῦ
865 773 1165 826 ἐπισκόπου
1226 777 1876 848 Κωνσταντινουπόλεως,
1909 789 2005 840 καὶ

427 859 720 931 Διόσκορο;
773 860 1182 934 Ἀλεξκνὸρείας
1232 870 1648 940 ἐχειροτόνησεν
1695 875 2004 932 Ἀνατόλιον

425 951 518 1000 τὸν
560 947 1228 1019 Κωνσταντινουπόλεωςο
1262 959 1386 1012 ὅθεν
1433 963 1597 1014 παντί
1657 981 1760 1016 που
1821 967 2000 1036 δῆλον,

425 1037 506 1091 ὅτι
536 1038 567 1090 ὁ
601 1041 777 1092 κανὼν
811 1043 1039 1108 ἐκεῖνος,
1075 1046 1123 1096 εί
1177 1049 1270 1100 καὶ
1319 1049 1458 1111 ὅλως
1512 1052 1759 1118 γέγονεν,
1791 1055 2000 1126 ἄκυρος

425 1128 663 1198 ἔμεινεν.
693 1131 786 1184 Διὸ
815 1133 881 1204 δὴ
907 1134 966 1185 ἐν
1000 1137 1064 1204 τῇ
1095 1135 1332 1208 τετάρτῃ
1367 1141 1570 1210 συνόδῳ
1609 1139 1658 1194 οἱ
1691 1161 1998 1216 τοποτηρη-

422 1224 516 1275 ταὶ
557 1223 650 1275 τοῦ
687 1225 886 1277 πάππα
932 1225 1024 1278 τὸν
1055 1229 1256 1280 κανόνα
1303 1232 1490 1284 τοῦτον
1522 1235 1621 1286 οὐκ
1649 1235 1826 1304 ὀρθῶς
1861 1255 1996 1308 προ·

423 1311 687 1381 φέρεσθαι
736 1313 958 1383 ἔλεγον·
991 1318 1086 1372 καὶ
1129 1320 1282 1372 Λέων
1333 1323 1360 1373 ὁ
1389 1321 1694 1392 τηνικαῦτα
1739 1327 1996 1395 πάππας,

421 1405 514 1454 καὶ
561 1405 608 1456 ot
666 1406 786 1474 μετ’
829 1406 992 1459 αὐτὸν
1039 1410 1318 1481 ἀρχιερεῖς
1357 1415 1614 1468 οὐδέποτε
1666 1417 1741 1479 ὡς
1772 1421 1996 1489 γνήσιον

422 1495 672 1562 ἐδέξαντο
691 1513 706 1526 ·
757 1495 947 1568 ὥσπερ
976 1499 1070 1554 καὶ
1103 1503 1196 1554 τὸν
1225 1507 1320 1572 τῆς
1367 1509 1635 1578 τετάρτης
1666 1511 1910 1577 συνόδου,
1937 1512 1996 1565 ὃν

418 1589 508 1640 ἐπὶ
571 1587 864 1657 βεϐαιώσει
941 1591 1036 1645 τοῦ
1099 1596 1375 1666 προτέρου
1427 1600 1570 1662 τινὲς
1626 1601 1992 1669 ὑπεξέθεντο·

420 1677 619 1748 μέχρις
650 1679 711 1732 οὗ
743 1682 842 1748 τῆς
873 1683 1096 1752 μακρᾶς
1135 1689 1546 1759 κατισχυσάσης
1594 1693 1886 1762 ἐπιμονῆς,
1918 1695 1994 1758 ὼς

415 1775 685 1840 μαρτυρεῖ
723 1773 1002 1843 Ἀδριανὸς
1032 1777 1061 1828 ὁ
1096 1778 1330 1843 πάππας
1353 1782 1411 1832 ἐν
1443 1785 1510 1854 τῇ
1551 1783 1599 1852 β’
1624 1784 1727 1854 τῆς
1753 1787 1990 1858 ἑϐδόμης
2026 1762 2066 1819 Β

415 1863 634 1916 συνόδου
663 1865 861 1936 πράξει
894 1867 1028 1937 πρὸς
1060 1869 1186 1934 τοὺς
1219 1871 1476 1941 βασιλέας
1509 1877 1803 1948 γράφων,ό
1838 1881 1992 1933 Κων⁴

415 1957 914 2022 σταντινουπόλεως
963 1960 1152 2030 θρόνος
1199 1963 1298 2034 τὴν
1327 1965 1590 2038 δευτέραν
1635 1971 1991 2042 ἐκληρώσατο

412 2047 586 2114 τάξιν,
623 2049 966 2116 ὐποδιϐάσας
1008 2055 1212 2126 δηλαδὴ
1243 2058 1422 2128 ἐαυτῷ
1463 2061 1589 2124 τοὺς
1626 2063 1846 2128 λοιποὺς
1878 2067 1989 2120 τῶν

411 2137 744 2194 ἀνατολικῶν
795 2143 1041 2213 θρόνους,
1074 2148 1169 2202 καὶ
1211 2154 1586 2219 μετακινήσας
1636 2156 1705 2208 τὰ
1761 2155 1908 2226 ὅρια,
1953 2155 1989 2211 ἃ

413 2229 598 2285 ιθεντο
633 2233 684 2287 οἱ
736 2235 1028 2292 ἀπόστολοι
1078 2241 1231 2314 καὶὴ
1276 2242 1470 2314 πρώτη
1521 2245 1759 2312 σύνοδος.
1809 2249 1989 2304 Κατέ-

415 2323 588 2393 πραξε
652 2325 708 2379 δὲ
760 2333 948 2396 τουτὶ,
1009 2335 1176 2400 φησιν
1233 2331 1544 2402 Ἀδριανὸς,
1602 2338 1671 2408 τῇ
1727 2338 1989 2411 αὺθεντία

409 2417 510 2488 τῆς
561 2419 926 2492 ἀποστολικῆς
973 2423 1244 2494 καθέδρας
1293 2425 1356 2478 τὸ
1400 2426 1654 2499 δεύτερος
1704 2428 1847 2484 εἶναι
1893 2435 1988 2486 λα-

410 2509 544 2562 (ἐῶν.

483 2601 548 2655 Εί
591 2602 652 2657 δέ
689 2603 916 2675 Μάρκος
946 2605 1048 2675 μέν
1097 2608 1154 2661 ἐν
1185 2605 1590 2684 ’Δλεξανδρείφ
1633 2615 1728 2666 καὶ
1765 2613 1986 2680 Εὐόδιος

407 2698 466 2748 ἐν
496 2697 905 2768 Ἀντιοχείᾳ,ὥς
934 2714 1100 2768 φησιν
1131 2701 1389 2766 Εὐσέϐιος
1418 2705 1477 2757 ἐν
1501 2703 1580 2774 τῷ
1609 2705 1652 2776 β’
1682 2705 1778 2760 καὶ
1807 2705 1856 2774 γ’
1883 2707 1983 2776 τῆς

419 2785 738 2856 Ἱστορίας,
788 2791 884 2842 καὶ
922 2789 1180 2858 Ἰγνάτιος
1223 2794 1254 2844 ὀ
1299 2791 1558 2863 θεοφόρος
1619 2795 1680 2846 ἐν
1726 2797 1792 2865 τῇ
1847 2797 1980 2866 πρὸς

416 2882 710 2951 Ἀντιοχεῖς
737 2883 1021 2954 ἐπιστολῇ,
1045 2885 1172 2944 τοὺς
1201 2888 1639 2956 πατριαρχικοὺς
1663 2887 1982 2958 ἐκόσμησαν

406 2973 629 3042 θρόνους
667 2977 734 3045 τῇ
789 2973 1012 3046 ἐξουσίᾳ.
1033 2976 1124 3028 τοῦ
1166 2977 1378 3046 Πέτρου
1403 2992 1418 3008 ο
1471 2979 1612 3032 ὥστε
1665 2978 1846 3048 λέγειν
1889 2981 1981 3032 τὸν

405 3067 462 3117 ἐν
491 3065 666 3132 ἁγίοις
691 3067 990 3136 Γρηγόριον
1018 3069 1108 3121 τὸν
1131 3070 1392 3136 Διάλογον
1411 3071 1470 3122 ἐν
1500 3072 1567 3141 τῇ
1603 3078 1688 3140 pa.’
1718 3073 1980 3142 ἐπιστολῇ

405 3161 542 3224 πρὸς
591 3159 852 3226 Εΰλόγιον
902 3159 1332 3228 Ἀλεξανδρείας,
1372 3163 1456 3216 δτι
1499 3165 1649 3228 τρεῖς
1697 3163 1912 3228 ὕψωσεν
1953 3167 1982 3216 ὁ

2085 3065 2248 3132 epist.
2285 3066 2406 3126 lOI.
2459 3068 2523 3120 ad
2559 3068 2846 3138 Eulogium
2883 3072 3318 3129 Alexandrinum
3358 3079 3502 3134 dicat
3543 3091 3658 3138 tres

2087 3171 2116 3207 a
2153 3154 2318 3210 Petro
2351 3157 2512 3213 sedes
2543 3161 2716 3215 fuisse
2753 3163 3080 3219 sublimatus
3122 3177 3178 3220 et
3213 3185 3380 3222 unum
3413 3181 3522 3228 tres
3563 3171 3659 3228 ba-

405 3161 542 3224 πρὸς
591 3159 852 3226 Εΰλόγιον
902 3159 1332 3231 Ἀλεξανδρείας,
1372 3163 1456 3216 δτι
1499 3165 1649 3234 τρεῖς
1697 3163 1912 3234 ὕψωσεν
1953 3167 1982 3216 ὁ

409 3248 613 3316 Πέτρος
667 3247 916 3317 θρόνους,
949 3251 1048 3304 καὶ
1099 3247 1182 3314 εἷς
1232 3252 1358 3316 τοὺς
1397 3255 1548 3323 τρεῖς
1580 3249 1764 3324 εἶχεν⁹
1804 3253 1924 3310 εἶτα
1951 3257 1981 3310 ό

407 3335 1027 3405 Κωνσταντινουπόλεως
1058 3343 1322 3412 ἐδράξατο
1349 3345 1446 3416 τῆς
1475 3345 1732 3417 δευτέρας
1766 3349 1974 3419 χώρας,

404 3432 972 3503 παραγκωνισάμενος
1003 3436 1130 3498 τοὺς
1163 3436 1278 3500 δύο,
1306 3439 1400 3490 καὶ
1429 3438 1590 3492 τοῦτο
1633 3440 1978 3515 βεϐιασμένη

403 3523 654 3575 ἐνστάσει
717 3525 1098 3594 κατεκτήσατο
1138 3525 1207 3580 δι’
1239 3527 1528 3594 αὐθεντίας
1583 3529 1680 3584 τοῦ
1735 3533 1974 3586 πάππαο

405 3613 522 3674 πῶς
551 3613 652 3664 οὐκ
679 3612 902 3681 εὔδηλον
931 3617 1039 3668 τῶν
1067 3617 1402 3672 ἀνατολικῶν
1437 3620 1650 3688 θρόνων
1689 3623 1757 3676 τά
1787 3627 1978 3693 προνό-

407 3719 507 3769 μια
541 3702 812 3771 ἠρτῆσθαι
861 3705 962 3774 τῆς
1009 3707 1264 3770 ἐξουσίας
1301 3709 1395 3761 τοῦ
1425 3713 1663 3774 πάππας
1720 3716 1828 3767 Καὶ
1863 3717 1976 3776 πῶς

403 3793 505 3845 οὐκ
543 3791 788 3861 εὔδηλον,
821 3795 904 3848 ὅτι
959 3795 1168 3866 Πέτρου
1206 3799 1298 3851 τὸν
1337 3799 1753 3872 Ἀλεξανδρείας
1795 3807 1977 3858 δεύτε-

403 3899 518 3954 ροι,
580 3887 672 3938 καὶ
732 3887 916 3956 τρίτον
967 3890 1416 3958 καταστήσαντος
1475 3893 1566 3944 τὸν
1621 3894 1974 3964 ’Λντιοχείας,

399 3977 592 4028 ἔπειτα
639 3975 735 4028 τοῦ
797 3979 996 4031 πάππι
1051 3981 1524 4050 νομοθετήσαντος
1575 3983 1832 4053 δεύτερον
1885 3987 1976 4038 τὸν

401 4064 1046 4129 Κωνσταντινουπόλεως,
1097 4069 1222 4139 ῐσην
1261 4069 1376 4138 ἔχει
1429 4073 1456 4122 ὁ
1521 4071 1726 4142 Πέτρος
1779 4075 1874 4127 καὶ
1927 4079 1976 4128 οί

397 4159 632 4228 διάδοχοι
667 4159 766 4230 τὴν
811 4159 1063 4224 ἐξουσίαν
1109 4161 1252 4214 κατά
1302 4177 1366 4229 γε
1416 4164 1478 4215 τὸ
1513 4166 1852 4234 ποιμαίνειν,
1881 4169 1976 4220 καὶ

397 4251 688 4320 κυϐερνᾷν,
727 4253 822 4304 καὶ
865 4251 1200 4306 διατίθεσθαι
1249 4255 1318 4306 τὰ
1349 4255 1446 4324 τῆς
1502 4253 1874 4327 Ἐκκλησίας;
1915 4261 1974 4312 El

399 4344 531 4410 γοῦν
565 4345 854 4411 πρεσϐεῖόν
911 4345 1028 4396 ἐστι
1083 4343 1179 4396 τοῦ
1229 4346 1858 4412 Κωνσταντινουπόλεως
1913 4352 1974 4403 τὸ

395 4435 533 4490 εἶναι
575 4437 850 4504 δεύτερον,
879 4437 972 4490 τοῦ
1009 4437 1418 4506 Ἀλεξανδρείας
1471 4440 1530 4490 τὸ
1579 4440 1764 4507 τρίτον
1805 4439 1966 4503 εἶναι,

395 4528 486 4580 τοῦ
523 4529 848 4599 Ἀντιοχείας
883 4533 941 4580 τὸ
973 4525 1113 4580 εἶναι
1145 4530 1424 4596 τέταρτον,
1446 4530 1539 4582 καὶ
1569 4529 1744 4584 ταῦτα
1777 4533 1962 4600 ἔχουσι

395 4621 544 4686 παρὰ
602 4620 694 4672 τοῦ
749 4623 978 4673 πάπποι·
1013 4623 1114 4674 οὐκ
1171 4621 1344 4690 ἀληθῆ
1407 4621 1606 4687 λέγεις,
1647 4624 1828 4688 Νεῖλε,
1884 4625 1965 4677 ὅτι

397 4713 546 4779 παρά
579 4711 682 4764 τῶν
720 4713 979 4782 Πατέρων
1013 4713 1236 4782 εἴληφεν
1263 4713 1290 4764 ὁ
1326 4714 1556 4777 πάπποις
1583 4717 1643 4765 τὸ
1677 4721 1959 4784 πρωτεῖον.

405 4802 627 4872 umet;
661 4803 734 4866 δὲ,
780 4805 860 4856 δτι
893 4805 1040 4874 παρὰ
1073 4803 1172 4855 τοῦ
1217 4805 1420 4856 πάππα
1449 4806 1736 4874 ειλήφασιν
1771 4809 1818 4858 οἱ
1856 4810 1964 4859 Πα-

391 4897 548 4962 τὲρες
575 4895 642 4946 τά
669 4897 1098 4963 προνόμια.“Καὶ
1131 4895 1290 4965 εἴπερ
1322 4897 1465 4947 κατά
1493 4895 1573 4960 σὲ,
1613 4899 1742 4969 παρ’
1770 4893 1845 4954 ὧν
1880 4919 1959 4964 τις

391 4987 504 5055 ἔχει
542 4987 601 5038 τὸ
645 4991 952 5056 πρεσῦεῖον,
990 4989 1214 5040 ἐκείνων
1267 4991 1380 5049 τοῖς
1433 4989 1616 5058 νόμοις
1651 4991 1920 5059 ὑπάγεται
1947 5009 1959 5023 ·

389 5081 439 5129 οἱ
463 5079 521 5129 δὲ
553 5079 856 5130 ἀνατολικοὶ
887 5081 1220 5150 πατριάρχαι
1246 5081 1399 5149 παρὰ
1428 5082 1521 5134 τοῦ
1555 5081 1753 5134 πάππα
1779 5085 1961 5152 έχουσι

391 5173 452 5222 τὸ
493 5173 780 5240 πρεσϐεῖον
833 5171 926 5224 τοῦ
963 5169 1102 5224 εἶναι
1155 5173 1430 5240 δεύτερον,
1473 5175 1569 5226 καὶ
1615 5173 1822 5240 τρίτον,
1871 5178 1963 5228 καὶ

390 5263 680 5330 τέταρτον·
719 5263 826 5332 ἄρα
874 5265 1014 5315 κατὰ
1072 5265 1128 5316 οὲ
1173 5265 1481 5330 ἐπάναγκες
1524 5266 1824 5332 ὑπάγονται
1856 5268 1963 5322 τοῖς

389 5353 579 5422 νόμοις
629 5354 719 5405 τοῦ
757 5357 974 5406 πάπποι.
1011 5356 1070 5406 Εἰ
1126 5355 1181 5406 δέ
1217 5357 1402 5425 φαίης,
1437 5359 1494 5406 οὐ
1533 5359 1678 5425 παρὰ
1722 5357 1830 5406 τῶν
1862 5375 1964 5408 πα-

389 5445 690 5514 τριαρχῶν,
740 5446 832 5507 οὒς
891 5449 1150 5516 ἐτίμησεν
1207 5449 1236 5498 ὀ
1298 5450 1552 5510 πάπποις,
1613 5449 1750 5500 ἀλλὰ
1812 5449 1964 5518 παρὰ

392 5537 630 5588 συνόδων
693 5539 1085 5604 οἰκουμενικῶν
1167 5533 1307 5590 εἶναι
1380 5539 1440 5590 th
1511 5539 1804 5607 πρεεόεἵον
1875 5540 1964 5594 τοῦ

465 5723 542 5793 (1)
577 5721 650 5776 [2x
688 5725 805 5781 Vita
847 5725 1242 5796 Chrysoslomi.

2110 513 2762 590 Constantiuopolitanus
2813 526 3042 584 haberet
3093 529 3319 586 honoris
3369 542 3682 605 prmrogati-

2110 622 2228 660 vam
2261 620 2382 678 post
2413 611 2744 668 Romanum.
2788 619 3044 672 Attamen
3080 621 3418 691 Theophilus
3453 626 3682 680 Alexan-

2109 698 2304 753 drinus
2359 703 2676 758 vindicabat
2735 707 2842 762 sibi
2899 716 3378 768 consecrationem
3427 717 3676 786 cpisc0pi

2107 790 2700 863 (ὶυιιειιιιιιιίιιτιρ.›1ίι.ιηἰ
2735 799 2838 870 (ί),
2865 811 2918 856 et
2945 802 3238 859 Dioscorus
3269 805 3678 864 Alexandrinus

2106 887 2450 938 consecravit
2499 889 2816 966 Anatolium
2863 893 3558 966 Constantinopolitauum.
3595 903 3668 955 lix

2103 986 2212 1039 quo
2250 975 2600 1031 manifestum
2631 963 2736 1046 est,
2766 997 3032 1040 canonem
3071 987 3248 1052 illum,
3280 989 3324 1042 si
3363 989 3542 1046 factus
3563 1004 3672 1055 σει,

2104 1063 2312 1116 uulhun
2338 1065 2505 1119 robur
2533 1068 2816 1128 habuisse.
2841 1071 3187 1145 Quapropter
3216 1077 3375 1146 legati
3405 1096 3556 1147 papa:
3577 1096 3673 1133 ar-

2105 1156 2254 1210 tione
2287 1173 2374 1212 xw
2429 1169 2636 1227 quarta:
2691 1165 2882 1232 synodi
2926 1167 3200 1222 inuuerito
3247 1170 3397 1222 illum
3437 1172 3669 1240 proferri

2101 1247 2348 1314 aiebant,
2380 1261 2434 1305 et
2465 1252 2597 1331 Leo,
2625 1265 2756 1309 tunc
2777 1262 3040 1327 temporis
3059 1277 3216 1331 papa,
3243 1274 3297 1318 et
3319 1281 3667 1323 successores

2103 1339 2228 1408 ejus
2254 1329 2534 1411 nunquam
2569 1357 2626 1398 ut
2665 1348 2968 1415 legitimum
2997 1367 3380 1423 susceperunt,
3405 1360 3672 1426 quemad-

2041 1489 2044 1492 ,
2099 1431 2320 1485 modum
2381 1447 2438 1488 et
2499 1438 2824 1494 vicesimum
2876 1453 3126 1498 octavum
3185 1458 3394 1514 quart-e
3449 1451 3667 1518 synodi,

2097 1528 2446 1592 suppositum
2485 1544 2513 1581 a
2546 1532 2874 1598 quibusdam
2915 1535 2984 1588 ad
3033 1539 3476 1592 continuandum
3523 1541 3669 1609 prio-

2099 1627 2214 1666 rem
2263 1615 2442 1678 illum,
2487 1621 2682 1682 donec.
2711 1623 2870 1691 longa
2915 1627 3244 1693 praevalente
3288 1629 3570 1696 instantia,
3611 1643 3670 1686 ut

2098 1703 2370 1762 Adrianus
2397 1723 2534 1778 papa
2572 1720 2806 1766 testatur
2837 1716 3058 1772 actione
3113 1733 3152 1772 ιι
3199 1721 3446 1788 septimae
3471 1723 3666 1792 synodi

2096 1793 2350 1849 scribens
2373 1797 2438 1850 ad
2474 1798 2855 1868 imperatores,
2879 1805 3486 1878 Constantinopolitana
3505 1813 3666 1868 sedes

2092 1883 2274 1940 locum
2314 1889 2556 1946 obtinuit
2597 1896 2934 1964 secundum,
2972 1901 3236 1956 nimirum
3269 1903 3560 1960 inferiores
3603 1921 3666 1960 se

2091 1978 2444 2036 constituens
2491 1993 2720 2040 caeteras
2751 1986 3000 2044 Orientis
3045 1994 3441 2060 patriarchales
3480 1999 3662 2062 sedes,

2089 2078 2144 2122 et
2167 2071 2821 2140 transferensterminos.
2844 2095 2986 2149 quos
3001 2091 3317 2140 statuerunt
3346 2090 3576 2156 apostoli
3607 2099 3664 2143 et

2091 2159 2272 2247 prima
2300 2165 2564 2232 synodus.
2611 2166 2734 2222 llaec
2763 2179 2974 2234 autem,
3009 2182 3070 2226 ut
3097 2173 3370 2232 Adrianus
3413 2193 3548 2247 papa
3583 2181 3664 2234 in-

2087 2251 2230 2319 quit,
2261 2238 2414 2308 sedis
2441 2259 2760 2324 apostolicae
2809 2262 3146 2318 auctoritate
3181 2238 3497 2332 habuit,-ut‘
3549 2269 3661 2339 jam

2089 2341 2240 2398 illius
2265 2343 2535 2402 beneﬁcio
2563 2360 2707 2404 esset
2734 2354 3004 2408 secunda.

2160 2606 2216 2660 Si
2249 2623 2381 2678 ergo
2411 2605 2627 2668 Marcus
2664 2613 2887 2680 quidem
2915 2615 3282 2684 Alexandriae,
3325 2631 3382 2675 et
3421 2619 3664 2680 Evodins

2085 2694 2417 2763 Antiochiae,
2471 2709 2530 2752 ut
2566 2699 2748 2769 inquit
2781 2703 3056 2759 Eusebius
3084 2707 3184 2761 lib.
3219 2723 3256 2762 ιι
3287 2719 3343 2764 et
3385 2728 3440 2766 ιιι
3478 2713 3662 2770 [listo-

2087 2787 2203 2848 riw.
2233 2798 2291 2842 et
2337 2801 2562 2844 sanctus
2615 2791 2854 2860 lguatius
2889 2805 3098 2865 martyr
3132 2795 3187 2850 in
3231 2799 3396 2867 epist.
3437 2804 3503 2856 ad
3545 2807 3658 2862 An-

2091 2879 2400 2940 tiochenos.
2435 2883 2906 2950 patriarchalibus
2941 2889 3254 2955 prazsedere
3299 2893 3523 2950 sedibus
3559 2913 3661 2954 au-

2085 2973 2345 3025 ctoritate
2377 2972 2522 3026 l‘etri
2551 2986 2644 3032 :ul
2669 2975 2830 3044 plane
2851 2989 3076 3033 sanctus
3095 2979 3396 3048 Gregorius
3429 3001 3658 3054 magnus

2085 3064 2248 3132 epist.
2285 3066 2406 3126 lOI.
2459 3068 2523 3120 ad
2559 3068 2846 3138 Eulogium
2883 3072 3318 3129 Alexandrinum
3358 3079 3502 3134 dicat
3543 3091 3658 3138 tres

2085 3247 2272 3302 buisse
2293 3249 2527 3313 ;deinde
2549 3251 3220 3326 Consmntinopolitmus,
3254 3264 3493 3318 extrusis
3523 3265 3654 3330 illis,

2084 3339 2360 3394 secundus
2403 3350 2490 3398 est
2547 3343 2790 3411 habitus,
2847 3357 2903 3400 et
2964 3349 3068 3403 hoc
3125 3351 3344 3410 assidua
3393 3356 3656 3413 instantia

2081 3444 2412 3490 consecutus
2453 3451 2552 3506 per
2584 3439 2971 3494 auctoritatem
3001 3457 3176 3511 papas,
3223 3461 3291 3498 au
3318 3463 3426 3506 non
3465 3452 3650 3506 maui-

2083 3520 2283 3578 festum
2317 3536 2400 3580 est
2441 3528 2731 3598 privilegia
2759 3528 3121 3587 Orientalium
3158 3536 3371 3592 sedium
3407 3542 3652 3609 pendere

2081 3615 2149 3669 ab
2202 3617 2532 3673 auctoritate
2576 3623 2770 3690 papae?
2825 3623 2906 3677 Au
2959 3639 3066 3678 non
3121 3627 3476 3684 inanifestum
3544 3645 3650 3700 est,

2080 3707 2226 3774 quod
2265 3708 2427 3763 Petro
2453 3713 2826 3768 constituente
2851 3717 3158 3770 secundum
3191 3719 3648 3790 Alexandrinum,

2079 3795 2483 3853 Antiochenam
2515 3803 2762 3865 tertium,
2803 3818 2942 3872 papa
2976 3819 3106 3860 vero
3143 3811 3493 3877 postmodum
3517 3829 3652 3868 con-

2079 3889 2312 3942 cedente
2361 3901 2419 3945 ut
2451 3893 2728 3948 secundus
2776 3907 2925 3956 esset
2975 3897 3642 3971 Co:stanlinupolitauus.

2079 3993 2264 4046 parem
2317 3981 2480 4036 habet
2513 3981 2708 4050 Petrus
2739 3995 2798 4038 et
2829 4001 3182 4044 successores
3219 4001 3542 4060 potestatem
3589 3997 3644 4051 in

2079 4072 2371 4139 pascendo,
2407 4073 2769 4142 gubernando
2803 4087 2860 4132 et
2891 4079 3236 4136 insﬁtueudo
3265 4087 3648 4143 ecclesiastico

2077 4161 2315 4216 ordine?
2351 4164 2536 4236 Itaque
2570 4169 2618 4221 si
2646 4173 3003 4238 praerogativa
3045 4171 3644 4247 Cunstantiuopolitaui

2077 4261 2161 4306 est
2207 4269 2327 4309 esse
2368 4259 2694 4324 secundum,
2731 4273 2786 4316 et
2820 4264 3176 4320 Alexandrini
3228 4283 3348 4322 esse
3393 4273 3642 4337 tertium,

2075 4353 2131 4395 et
2189 4345 2518 4401 Autiocheui
2574 4365 2694 4403 esse
2755 4361 3035 4418 quartum,
3096 4365 3152 4410 et
3199 4357 3313 4410 haec
3367 4358 3568 4414 habent
3610 4379 3640 4416 a

2007 4448 2046 4501 υ
2083 4449 2244 4506 papa,
2279 4447 2498 4489 nonest
2539 4455 2725 4492 verum
2749 4443 2894 4509 quod
2932 4443 3034 4508 ais,
3085 4461 3274 4514 papam
3323 4467 3349 4500 ει
3389 4450 3641 4506 l’atribus

2080 4525 2336 4578 habuisse
2388 4529 2722 4594 primatum;
2759 4533 2853 4585 sd
2909 4545 3123 4600 centra,
3159 4549 3342 4604 patres
3379 4541 3637 4598 habuisse

2074 4631 2102 4667 ιι
2142 4631 2277 4683 papa
2333 4617 2640 4688 privilegia,
2693 4631 2748 4674 et
2787 4623 2830 4674 si
2863 4638 2963 4692 per
2993 4633 3066 4688 te,
3105 4641 3133 4678 a
3169 4627 3372 4694 quibus
3403 4631 3636 4700 quisque

2077 4707 2309 4760 honores
2377 4711 2578 4774 sumit,
2637 4711 2849 4779 legibus
2909 4714 3131 4768 illorum
3194 4729 3278 4772 est
3341 4721 3632 4789 subditus;

2071 4797 2381 4856 Orientales
2404 4815 2535 4854 vero
2565 4804 2894 4870 patriarchae
2923 4805 3126 4859 habent
3159 4807 3396 4864 honores
3418 4829 3444 4864 ιι
3477 4830 3634 4882 papa,

2073 4903 2134 4944 ut
2183 4893 2512 4956 secundum,
2556 4895 2795 4960 tertium,
2839 4907 2893 4951 et
2937 4885 3192 4966 quartum
3228 4903 3518 4960 obtineant
3554 4907 3636 4960 lo—

2070 4999 2234 5048 cum;
2267 4995 2417 5040 certe
2457 4989 2621 5041 etiam
2669 5005 2818 5057 palue
2849 4991 3064 5060 legibus
3105 4998 3417 5051 necessario
3458 5015 3552 5068 per
3586 5013 3636 5054 te

2074 5077 2411 5133 subduutur.
2455 5079 2508 5134 Si
2563 5079 2714 5136 dicas
2773 5099 2878 5136 non
2929 5101 3050 5140 esse
3088 5087 3382 5155 primatum
3417 5107 3567 5160 papa:
3605 5110 3632 5146 ιι

2069 5176 2422 5244 patriarchis,
2455 5191 2594 5245 quos
2619 5177 2913 5234 honoravit
2953 5197 3108 5249 papa,
3145 5183 3244 5238 sed
3281 5185 3350 5238 ab
3393 5201 3634 5240 meame-

2069 5267 2208 5320 nicis
2257 5267 2532 5330 conciliis,
2579 5267 2719 5322 dtClS
2765 5285 2887 5340 qua:
2933 5273 3086 5325 nullo
3143 5275 3304 5328 modo
3353 5285 3628 5330 Constant.

2067 5355 2250 5410 Prima
2279 5359 2524 5428 synodus
2562 5357 2615 5410 iu
2643 5371 2796 5415 sexto
2827 5377 3034 5416 canone
3069 5366 3337 5434 prwcipit,
3367 5367 3626 5437 antiquos

2068 5450 2350 5505 observari
2412 5468 2616 5518 mores,
2676 5462 2734 5508 et
2790 5465 3006 5510 vetusta
3059 5459 3421 5512 Ecclesiarum
3458 5459 3602 5526 privi

2069 5539 2208 5610 legia
2233 5556 2346 5596 non
2381 5542 2619 5596 turbari.
2653 5542 2706 5597 Si
2737 5558 2866 5614 ergo
2901 5560 3038 5614 pana
3065 5548 3360 5616 primatum
3397 5547 3632 5600 habet-at
