4064 6206
375 290 479 356 865

1680 289 2109 355 liEFUTA'I‘lO
2154 291 2333 350 NiLl.

3516 284 3620 348 856

323 404 330 409 ’
372 421 510 458 των.
541 405 653 476 Οὐχ
687 405 860 471 οὕτως
894 407 1150 474 ἐξέλαϐον
1181 409 1280 477 τὴν
1307 376 1492 480 φωνῗὴν
1523 406 1573 459 οἱ
1605 404 1779 458 πολλὰ
1827 421 1929 456 κατ

2057 401 2190 455 tium
2223 410 2306 454 est
2343 400 2394 452 iu
2422 398 2643 452 divinis.
2673 397 2792 452 Non
2829 397 2901 452 ita
2934 412 3124 453 vocem
3159 398 3298 452 hanc
3338 397 3620 457 intellexe-

372 497 590 566 ἐκείνης
615 497 952 567 ἁθλήσαντες
973 501 1248 571 ἀρχιερεῖς
1269 504 1366 570 τῆς
1389 499 1632 570 Ῥώμης,
1654 499 1941 565 Πελάγιοςο

370 590 466 642 καὶ
497 591 798 660 Γρηγόριος
826 594 854 645 ό
897 594 1173 661 Διάλογος·
1213 595 1324 649 οὐδ’
1367 594 1722 664 ἡρμήνευσαν
1767 592 1942 654 οὕτως

367 682 418 733 οἱ
475 682 574 749 τὴν
625 684 812 752 φωνὴν
861 683 1065 752 ταύτην
1113 689 1322 755 πρῶτοι
1369 686 1788 756 ὲφαρπάσαντες
1838 703 1942 738 πα-

297 794 304 796 -
366 775 668 844 τριάρχαι,
719 774 973 847 Ἰωάννης
1022 778 1050 829 ὁ
1099 779 1419 848 Νηστευτὴς
1472 778 1567 832 καὶ
1623 778 1937 847 Κυριακός·

366 865 485 920 ἀλλ’
513 869 934 937 οἰκουμενικοὺς
965 869 1278 939 ἐπέγραφον
1312 870 1540 931 ἑαυτοὺς
1579 865 1941 938 καταχρώμε-

363 972 450 1009 νοι
478 956 558 1027 τῷ
589 959 998 1030 σημαινομένῳο
1034 961 1128 1012 καὶ
1158 960 1231 1022 ὣς
1267 978 1434 1028 φησιν
1463 963 1490 1013 ό
1521 959 1773 1028 Διάλογος
1802 958 1940 1028 γρά-

365 1066 486 1117 φων
534 1051 872 1122 Ἀναστασίῳ
919 1051 998 1120 τῷ
1037 1053 1405 1121 Ἀντιοχείας·
1438 1053 1711 1123 Τοιαύτην
1758 1053 1941 1105 αἰτίαν

363 1145 756 1212 παρεχόμενοι,
794 1143 936 1196 ὥστε
979 1147 1028 1196 εί
1075 1145 1302 1213 ταύτην,
1340 1145 1526 1214 φησιν,
1573 1144 1818 1210 εὐμενῶς
1849 1145 1940 1210 φέ-

366 1251 560 1304 ρομεν,
587 1235 687 1304 τῆς
720 1237 952 1288 καθόλου
992 1236 1324 1304 Ἐκκλησίας
1360 1236 1458 1305 τὴν
1502 1237 1689 1288 πίστιν
1721 1233 1940 1306 φθείρο-

367 1344 487 1396 μεν.
521 1329 629 1380 Καὶ
661 1330 760 1380 οὐκ
794 1330 940 1382 ἔστιν
967 1330 1102 1382 ὅπου
1151 1329 1280 1399 περὶ
1323 1331 1424 1399 τῆς
1466 1330 1654 1398 φωνῆς
1687 1329 1936 1398 γράφων,

364 1420 566 1490 συχνάς
591 1421 646 1473 δὲ
673 1423 802 1489 περὶ
826 1421 1032 1492 ταύτης
1055 1421 1255 1475 ἔδωκεν
1277 1421 1590 1488 ἐπιστολάς,
1609 1423 1708 1475 οὐκ
1735 1421 1936 1485 ἀθετεῖ,

359 1517 460 1565 καὶ
487 1514 859 1579 ¹ὀιτιοὸάλλεται
891 1517 965 1579 ὡς
997 1516 1246 1585 βέϐηλον,
1275 1514 1351 1576 ὡς
1382 1513 1540 1584 ὕϐριν
1566 1515 1664 1583 τῆς
1709 1515 1938 1585 Ἐκκλη-

359 1606 507 1669 οίας,
542 1606 619 1668 ὡς
651 1606 907 1673 μεγάλων
938 1607 1200 1676 ἀφορμὴν
1233 1606 1572 1668 σκανδάλων,
1618 1604 1936 1668 ἀλαζονείας

360 1699 590 1768 μεστὴν,
626 1697 718 1752 τοῦ
753 1699 1124 1769 Ἀντιχρίστου
1159 1700 1494 1770 πρόδρομον,
1529 1697 1808 1752 ἀπώλειαν
1837 1697 1938 1766 τῆς

357 1791 625 1856 πίστεως,
661 1793 905 1858 ἀνοσίαν,
943 1792 1336 1860 ἀντιλέγουσαν
1365 1791 1445 1861 τῷ
1477 1791 1793 1861 Εὑαγγελίῳ
1841 1791 1933 1841 καὶ

357 1882 472 1942 τοῖς
511 1881 676 1950 ἱεροῖς
713 1883 958 1949 κανόσιν,
1007 1883 1370 1954 ἀλλοτρίωσιν
1405 1883 1506 1954 τῆς
1541 1884 1800 1947 πίστεως,
1839 1883 1934 1936 καὶ

357 1973 635 2026 οίκείωσιν
667 1976 957 2045 αἱρέσεως,
1005 1977 1172 2046 φησὶν
1224 1977 1284 2030 ἂν
1338 1978 1403 2047 τῇ
1450 1975 1681 2047 δευτέρᾳ
1735 1975 1931 2046 πράξει

356 2068 461 2138 τῆς
499 2068 734 2139 ἐεδόμης
771 2068 991 2122 συνόδου
1027 2071 1056 2122 ό
1085 2069 1318 2134 πάπποις
1361 2068 1662 2141 Ἀδριανός.

951 2395 958 2400 -
1009 2365 1288 2420 ΝΕΙΛΟΣ.

433 2493 452 2527 ι
497 2477 554 2531 ’0
590 2478 646 2530 δὲ
667 2480 940 2549 μακάριος
964 2479 1354 2554 Χρυσόστομος
1377 2486 1471 2540 καὶ⁵
1495 2487 1602 2539 τῶν
1625 2487 1927 2556 ἀρχιερέων

353 2567 590 2620 ἕκαστον
640 2568 701 2621 ὲν
757 2568 834 2639 τῷ
866 2569 962 2622 τοῦ
995 2571 1234 2640 Χριστοῦ
1265 2573 1440 2645 θρόνῳ
1481 2575 1703 2628 καθίσαι
1756 2575 1924 2644 λέγει,

355 2657 551 2730 ὥσπερ
573 2663 698 2721 τοὺς
729 2663 991 2730 νομικοὺς
1017 2664 1196 2733 ἱερέας
1223 2667 1316 2720 ἐπὶ
1336 2666 1431 2720 τοῦ
1451 2667 1639 2737 θρόνου
1659 2667 1925 2730 Μωσέως.

356 2750 526 2806 Ὥστε
557 2752 618 2805 οὐ
643 2753 786 2820 μέγα
820 2754 896 2824 τῷ
933 2755 1156 2828 Ῥώμης
1189 2758 1362 2830 θρόνῳ
1384 2758 1444 2812 τὸ
1472 2758 1623 2832 παρὰ
1650 2760 1759 2811 τῶν
1788 2761 1926 2814 ἀπο-

357 2842 561 2898 στόλων
595 2845 901 2914 καλεῖσθαι,
934 2848 1170 2902 ἑκάστου
1208 2850 1316 2904 τῶν
1345 2852 1660 2905 ἐπισκόπων
1700 2851 1800 2907 ἐπὶ,
1828 2850 1924 2906 τοῦ

355 2933 549 3004 θρόνου
575 2936 668 2989 τοῦ
706 2937 949 3008 Χριστοῦ
985 2938 1325 3009 καθημένου.
1365 2961 1382 2992 ι

920 3054 1354 3112 ΑΝΤΙΡΡΗΣΙΣ.

441 3164 725 3232 ’Δνωτέρω
780 3165 880 3236 μὲν
929 3167 1117 3236 ἔλεγες
1168 3168 1402 3222 ἕκαστον
1456 3171 1565 3223 τῶν
1618 3171 1924 3226 καθολικῶν

354 3253 562 3322 θρόνων
595 3254 956 3308 ἀποστολικὸν
983 3255 1370 3325 ὀνομάζεσθαι,
1405 3258 1545 3312 ὥστε
1571 3259 1660 3312 τὸν
1693 3261 1924 3316 πάππαν

357 3342 524 3410 μηδὲν
571 3343 733 3394 πλέον
762 3343 910 3413 ἔχειν
946 3346 1086 3398 κατά
1113 3361 1176 3411 γε
1205 3345 1361 3400 τοῦτο
1390 3349 1530 3417 ὑπὲρ
1566 3349 1692 3412 τοὺς
1727 3351 1922 3403 ἀνατο-

351 3436 538 3497 λικοὺς
571 3436 919 3505 πατριάρχας
941 3452 954 3464 ·
985 3436 1079 3488 νῦν
1108 3438 1163 3490 δὲ
1191 3437 1372 3506 λέγεις
1407 3440 1484 3509 μὴ
1514 3442 1622 3494 τῶν
1657 3459 1923 3514 πατριαρ-

353 3526 468 3595 χῶν
500 3525 682 3594 μόνον,
717 3525 854 3579 ἀλλὰ
889 3528 982 3579 καὶ
1013 3527 1123 3580 τῶν
1155 3529 1470 3583 ἐπισκόπων
1497 3531 1728 3584 ἑκάστου
1757 3533 1923 3602 μηδὲν

349 3621 516 3672 πλέον
545 3617 691 3688 ἔχειν
733 3621 826 3675 τὸν
858 3622 1112 3684 πάππαν,
1145 3622 1379 3692 ἐπείπερ
1411 3623 1556 3676 κατὰ
1585 3641 1615 3675 τ
1635 3623 1696 3676 ὸν
1735 3625 1920 3691 μακά-

349 3729 470 3784 ρεο)
499 3714 890 3785 Χρυσόστομον
921 3715 1156 3780 ἕκαστος
1192 3716 1302 3768 τῶν
1335 3715 1654 3768 ἐπισκόπων
1683 3716 1922 3787 κάθηται

351 3807 446 3859 ἐπὶ
480 3807 572 3860 τοῦ
604 3808 796 3876 θρόνου
826 3807 920 3861 τοῦ
969 3807 1232 3878 Χριστοῦ·
1272 3808 1367 3860 καὶ
1403 3807 1579 3861 ταῦτα.
1613 3808 1786 3875 λέγων
1830 3810 1923 3862 δύο

352 3899 713 3970 ἁμαρτάνεις·
745 3899 804 3951 ἓν
841 3899 960 3969 μὲν,
990 3900 1073 3952 ὅτι
1118 3897 1213 3951 τοῦ
1243 3898 1636 3967 Χρυσοστόμου
1667 3901 1727 3950 τὸ
1758 3899 1921 3970 ῥητὸν

349 3991 725 4062 διαστρέφεις’
757 3985 878 4043 εἷτα
931 3991 1026 4042 καὶ
1074 3988 1260 4059 σαυτῷ
1303 3989 1683 4058 περιπίπτεις.
1726 3991 1813 4044 Ἐν
1841 3986 1921 4054 οἷς

349 4083 466 4150 γὰρ
494 4083 583 4136 τὸν
613 4085 848 4135 πάππαν
897 4079 1276 4146 ὲξευτελίζεις,
1333 4083 1462 4151 μίαν
1512 4082 1922 4148 ἁπαξαπάντων

348 4174 701 4244 δογματίζεις
736 4175 979 4243 ἰσότητα,
1013 4175 1171 4244 εἴπερ
1203 4173 1312 4226 τῶν
1342 4175 1660 4227 ἐπισκόπων
1693 4175 1922 4238 ἕκαστος

348 4269 450 4320 ἕνα
480 4266 579 4320 καὶ
605 4267 696 4319 τὸν
745 4267 908 4319 αὑτὸν
953 4266 1065 4334 ἔχει
1112 4265 1207 4318 τοῦ
1255 4266 1494 4335 Χριστοῦ
1543 4266 1766 4336 θρόνον.
1799 4267 1922 4330 Ηώς

350 4362 531 4415 τοίνυν
562 4362 750 4430 ἔλεγες
781 4363 906 4420 τοὺς
938 4360 1263 4423 καθολικοϋς
1298 4359 1408 4413 τῶν
1438 4359 1646 4429 θρόνων
1669 4359 1744 4422 ὡς
1776 4361 1923 4426 ἐξαί-

353 4456 510 4525 ρετόν
539 4472 590 4508 τι
630 4454 915 4508 καλεῖσθαι
960 4453 1168 4516 πάντας
1217 4451 1653 4516 ἁποστολικούςς
1691 4453 1752 4504 Et
1807 4453 1916 4521 γάρ
1951 4475 1993 4528 υ

353 4549 542 4616 μεῖζον)
590 4548 737 4617 ἔχειν
783 4547 872 4599 τὸν
937 4543 1176 4613 Χριστοῦ
1232 4545 1443 4615 θρόνον,
1492 4544 1917 4614 ῆάποστολικὸν

352 4637 517 4705 εἶναι,
545 4647 638 4694 καὶ
676 4641 875 4701 πάντες
907 4641 955 4692 οἱ
994 4640 1286 4691 ἐπίσκοποι
1335 4638 1427 4691 τὸν
1461 4637 1698 4706 Χριστοῦ
1731 4638 1918 4706 ἔχουσι

354 4729 565 4801 θρόνον,
598 4731 800 4794 πάντες
850 4730 958 4799 ἄρα
998 4731 1058 4782 τὸ
1106 4728 1293 4799 μεῖζον
1333 4730 1540 4798 ἔχουσι.
1589 4731 1684 4782 καὶ
1735 4731 1816 4792 είς
1864 4729 1924 4782 τὸ

313 4793 502 4894 fusa»
534 4826 742 4894 οῐχεται
789 4830 929 4878 κατά
966 4824 1024 4876 σὲ
1079 4823 1188 4876 τῶν
1237 4821 1596 4894 πατριαρχῶν
1645 4825 1678 4889 ή
1735 4823 1924 4894 προτί-

318 4912 518 4986 έμησις
554 4916 643 4968 διὰ
686 4915 746 4967 τὸ
790 4914 1073 4968 καλεῖσθαι
1105 4912 1526 4976 ἀποστολικούς.
1560 4913 1920 4980 Διαστρὲφεις

349 5009 408 5062 δὲ
427 5009 521 5060 καὶ
551 5007 610 5060 τὸ
642 5009 803 5076 ῥητὸν
833 5007 926 5060 τοῦ
953 5006 1368 5076 Χρυσοστόμου·
1398 5005 1542 5073 λέγει
1570 5004 1699 5074 γάρ’
1733 5021 1751 5054 ι
1799 5003 1925 5057 Ἐπὶ

350 5101 452 5170 τῆς
474 5101 752 5161 Μωῦσέως
777 5099 1053 5168 καθέδρας
1080 5099 1343 5151 ἐκάθισαν
1373 5098 1421 5149 οἱ
1454 5098 1804 5166 γραμματεῖς
1828 5095 1925 5150 καὶ

351 5192 404 5244 οι
455 5192 738 5260 Φαρισαῖοι
768 5205 784 5221 ’
829 5190 922 5244 νῦν
967 5189 1026 5243 δὲ
1075 5191 1177 5242 οὐκ
1225 5191 1374 5242 ἔστιν
1424 5190 1620 5252 εἰπεῖν,
1664 5188 1790 5240 Ἐπὶ
1823 5189 1922 5256 τῆς

352 5285 635 5348 Μωῦσέως
655 5282 924 5354 καθέδρας
949 5281 1213 5336 ἐκάθισαν
1245 5281 1294 5334 ol
1332 5280 1521 5350 ἱερεῖς,
1557 5280 1671 5332 ἀλλ’
1707 5280 1800 5331 ἐπὶ
1823 5280 1923 5347 τῆς

353 5368 449 5420 τοῦ
481 5369 740 5439 Χριστοῦ·
779 5371 876 5441 τὴν
909 5371 1018 5440 γὰρ
1051 5369 1260 5423 ἐκείνου
1308 5369 1616 5433 διεδέξαντο
1665 5367 1922 5420 διδασκα-

353 5461 496 5514 λίαν.
534 5481 552 5514 ›
606 5464 1008 5534 Ἐξηγούμένου
1037 5463 1218 5516 τοίνυν
1269 5463 1366 5516 τοῦ
1407 5461 1798 5533 Χρυσοστόμου
1829 5460 1923 5514 τὸν

357 5555 545 5624 θρόνον
578 5558 655 5619 είς
684 5557 784 5625 τὴν
813 5556 1183 5624 διδασκαλίαν,
1233 5556 1297 5609 σὺ
1346 5556 1645 5624 λσμΰάνεις
1695 5556 1776 5618 είς
1823 5551 1926 5620 τὴν

427 5739 503 5810 (Ι)
537 5737 650 5792 Lib.
687 5754 755 5802 τι,
789 5753 876 5807 ep.
909 5739 1001 5792 ‘Zi.

2055 503 2202 548 runt.
2234 492 2324 560 qui
2356 504 2544 545 contra
2567 506 2687 545 eam
2711 493 2978 547 acerrime
3003 490 3204 546 invecti
3238 502 3365 545 sunt
3388 493 3616 548 Romani

2055 583 2366 653 pontiﬁces.
2401 582 2653 654 Pelagius
2681 593 2738 637 et
2761 583 3058 654 Gregorius
3093 584 3347 654 Dialogus
3378 585 3457 654 (l)
3483 604 3498 650 ;
3520 601 3621 639 nec

2052 675 2128 728 ita
2181 684 2311 729 sunt
2350 675 2720 744 interpretati,
2755 675 2848 745 qui
2882 676 3043 744 primi
3078 677 3228 731 hunc
3257 678 3480 732 titulum
3514 677 3618 732 sibi

2049 776 2380 838 arrogarunt
2419 768 2770 837 patriarchae,
2827 768 3070 824 Joannes
3098 769 3386 837 Jejunator
3415 780 3472 826 et
3515 771 3624 842 Cy-

2051 861 2270 922 riacus;
2323 858 2419 916 sed
2481 860 2859 915 meumenieos
2913 875 2972 914 se
3025 860 3432 930 inscripserunt
3487 878 3619 918 vero

2047 956 2344 1008 abutentes
2399 953 2741 1023 signiﬁcatu;
2776 962 2964 1023 atque,
2997 963 3058 1008 ut
3093 955 3286 1010 scribit
3321 954 3620 1025 Gregorius

2047 1043 2305 1112 Dialogus
2347 1044 2640 1098 Anastasio
2676 1044 3045 1108 Antiocheno,
3101 1045 3265 1100 talem
3315 1047 3620 1114 praebentes

2045 1151 2295 1197 causam.
2353 1145 2414 1188 ut
2463 1137 2507 1190 si
2549 1135 2711 1201 hanc,
2764 1135 2967 1202 inquit,
2999 1136 3388 1206 aequanimiter
3434 1145 3620 1204 porta.

2047 1245 2189 1291 mus.
2229 1231 2503 1292 universa
2538 1227 2802 1282 Ecclesia:
2839 1227 2998 1282 tidem
3033 1243 3468 1297 con-rumpamus.
3506 1229 3618 1281 Nec

2043 1323 2198 1378 locus
2225 1332 2312 1376 est
2349 1320 2400 1373 in
2444 1335 2553 1388 quo
2589 1319 2656 1375 de
2690 1321 2795 1375 hac
2827 1336 2960 1376 voce
3009 1321 3350 1375 mentionem
3386 1319 3614 1384 faciens.

2045 1416 2366 1485 frequentes
2410 1425 2592 1470 autem
2643 1424 2870 1484 prepter
2935 1415 3080 1468 illam
3129 1414 3283 1468 dedit
3328 1412 3612 1483 epistolas,

2043 1526 2165 1564 eam
2201 1525 2309 1564 non
2346 1509 2692 1564 damnaverit
2727 1508 3093 1576 rejeceritque
3121 1516 3180 1560 ut
3214 1506 3522 1576 profanam.
3558 1514 3616 1556 ut

2043 1601 2374 1656 universalis
2419 1601 2680 1656 Ecclesiae
2741 1599 3020 1668 iniuriam,
3056 1607 3116 1653 ut
3146 1613 3468 1668 magnorum
3504 1594 3617 1648 ori-

2041 1691 2221 1758 ginem
2255 1691 2663 1754 seandalorum,
2700 1691 2917 1759 plenam
2954 1688 3252 1758 superbiae,
3288 1683 3612 1740 Antichristi

2038 1797 2464 1853 praecursorem,
2497 1799 2592 1850 per
2621 1799 2788 1852 quam
2839 1783 2973 1835 lides
3029 1781 3302 1850 perditur,
3336 1788 3395 1832 ut
3430 1778 3609 1832 Scele-

2035 1886 2174 1930 stam
2205 1885 2261 1931 et
2292 1877 2764 1930 contradicentem
2793 1875 3089 1944 Evangelii)
3125 1873 3406 1942 sacrisque
3439 1887 3612 1925 cauo-

2035 1969 2238 2035 nibus;
2277 1985 2406 2039 qua,
2441 1979 2501 2024 ut
2538 1969 2820 2024 Adrianus
2853 1984 2992 2038 papa
3019 1968 3200 2037 inquit
3232 1967 3286 2020 in
3315 1966 3431 2020 suis
3462 1965 3610 2018 litte-

2035 2060 2110 2115 ris
2135 2062 2202 2115 ad
2229 2062 2617 2130 imperatores,
2641 2063 2735 2131 qui
2769 2061 2942 2115 utitur
2968 2071 3024 2115 et
3054 2074 3338 2114 assensum
3375 2056 3607 2128 prmbet,

2031 2151 2271 2205 alienum
2297 2166 2355 2206 sc
2394 2166 2422 2203 a
2465 2152 2568 2206 fide
2605 2151 2936 2216 orthodoxa,
2965 2159 3022 2204 et
3054 2149 3318 2204 rebellem
3350 2145 3607 2202 Ecclesia:

2031 2241 2315 2297 catholicae
2347 2243 2680 2298 manifestat.

2512 2358 2718 2414 NILUS
2757 2357 2912 2428 (Cap.
2949 2355 3114 2427 χχι).

2108 2493 2126 2524 ι
2162 2473 2361 2528 Beatus
2400 2489 2530 2528 vero
2557 2474 2718 2528 Pater
2750 2473 3177 2543 Chrysostomus
3201 2474 3366 2527 etiam
3400 2484 3599 2524 unum-

2029 2581 2307 2635 quemque
2357 2566 2676 2636 episcopum
2731 2567 2932 2620 asserit
2987 2565 3044 2618 iu
3092 2564 3354 2619 cathedra
3393 2562 3599 2618 Christi

2029 2652 2256 2717 sedere,
2290 2653 2752 2722 quemadmodum
2805 2653 3009 2724 legales
3054 2654 3369 2708 sacerdotes
3415 2655 3471 2706 in
3513 2667 3603 2706 ca—

2031 2741 2223 2795 thedra
2250 2741 2436 2795 Mosis.
2463 2742 2642 2807 Quare
2671 2758 2777 2797 non
2803 2754 2886 2798 est
2913 2747 3090 2813 magni
3115 2743 3427 2798 faciendum
3451 2744 3599 2812 quod

2029 2833 2215 2888 Romae
2236 2835 2397 2890 sedes
2421 2843 2644 2890 vocetur
2667 2837 2986 2905 apostolica,
3018 2851 3145 2890 eum
3172 2835 3354 2890 onmis
3383 2835 3600 2902 episco-

2028 2943 2130 2998 pus
2167 2929 2350 2984 sedeat
2385 2930 2441 2984 in
2472 2929 2602 2985 sede
2639 2930 2859 2986 Christi.
2903 2949 2921 2982 ι

2572 3042 3029 3099 CONFUTATIO.

2097 3152 2274 3223 Supra
2306 3151 2550 3216 dicebas,
2599 3154 2902 3224 quamlibet
2954 3154 3339 3224 principalium
3375 3155 3590 3210 sedium

2026 3244 2207 3298 vei-ari
2240 3244 2622 3312 apostolicam,
2658 3254 2716 3300 ut
2755 3261 2915 3314 papa,
2959 3245 3105 3315 quod
3136 3247 3330 3301 attinet
3355 3247 3424 3301 ad
3467 3247 3593 3312 hoc.

2027 3337 2162 3390 nihil
2202 3337 2324 3406 plus
2360 3337 2558 3392 habeat
2590 3353 2754 3408 supra
2787 3347 3015 3393 caeteros
3047 3339 3408 3408 patriarchas.
3435 3340 3594 3394 Nunc

2027 3431 2166 3485 dicis
2231 3447 2424 3502 papam
2479 3447 2588 3486 non
2657 3432 2838 3487 solum
2882 3447 3046 3501 supra
3105 3431 3312 3486 nullum
3367 3435 3597 3503 patriar-

2024 3527 2208 3592 eham,
2232 3527 2328 3581 sed
2364 3542 2543 3595 neque
2590 3542 2752 3597 supra
2782 3526 3090 3595 quemlibet
3122 3528 3438 3596 episcopum
3472 3530 3594 3598 plus

2023 3617 2324 3686 quidquam
2388 3618 2615 3680 habere.
2681 3619 3132 3688 quandoquidem
3177 3620 3331 3690 juxta
3373 3621 3589 3675 beatum

2023 3707 2476 3778 Chrysostomum
2521 3711 2754 3780 quilibet
2787 3712 3081 3783 episcopus
3112 3712 3268 3766 sedet
3311 3713 3365 3767 in
3408 3714 3595 3768 cathe-

2024 3799 2121 3853 dra
2152 3800 2392 3866 Christi;
2423 3811 2478 3856 et
2513 3803 2628 3858 haec
2651 3804 2839 3857 dicens
2861 3804 2970 3857 duo
3005 3819 3238 3874 peccas:
3269 3805 3447 3874 primo
3472 3807 3594 3876 qui-

2025 3893 2174 3956 dem,
2217 3893 2344 3962 quia
2381 3893 2589 3948 dictum
2639 3893 3014 3965 Cbrysostomi
3058 3898 3358 3964 pervertis;
3390 3897 3587 3952 deinde

2023 3997 2077 4038 et
2113 3985 2230 4053 ipse
2263 3993 2442 4039 tecum
2471 4001 2698 4055 pugnas.
2727 3988 2863 4042 Dum
2903 3987 3050 4056 enim
3078 4003 3271 4057 papam
3301 3989 3588 4057 deprimis.

2025 4093 2186 4130 uuam
2241 4079 2533 4132 constituis
2578 4079 2822 4131 omnium
2879 4080 3265 4149 a-qualitatem,
3319 4083 3587 4152 siquidem

2023 4169 2314 4238 episcopus
2347 4168 2582 4238 quilibet
2612 4185 2773 4223 unam
2807 4179 2864 4224 et
2886 4172 3132 4226 eamdem
3163 4172 3368 4227 Christi
3403 4175 3586 4230 cathe-

2025 4260 2180 4314 dram
2232 4259 2416 4316 habet.
2463 4261 2749 4326 Quomodo
2801 4263 2963 4332 igitur
3007 4263 3194 4320 aiebas
3246 4269 3586 4337 praecipuum

2024 4352 2130 4406 hoc
2167 4352 2370 4408 habere
2403 4353 2736 4424 principales
2767 4356 2945 4418 sedes,
2977 4357 3124 4426 quod
3157 4373 3351 4414 omnes
3391 4375 3589 4433 vocen-

2023 4453 2111 4496 tur
2147 4445 2493 4512 apostolieae?
2540 4444 2596 4501 Si
2644 4445 2792 4500 enim
2825 4447 2946 4516 plus
2984 4459 3090 4510 est.
3147 4449 3349 4506 habere
3384 4450 3587 4507 Christi

2022 4531 2208 4588 sedem
2238 4549 2402 4605 quam
2436 4537 2620 4592 vocari
2643 4537 3024 4606 apostolicum,
3054 4548 3109 4593 et
3131 4556 3322 4595 omnes
3345 4539 3586 4613 episcopi

2023 4623 2227 4678 habent
2281 4623 2600 4680 cathedram
2647 4622 2877 4688 Christi,
2931 4637 3082 4681 certe
3139 4645 3332 4684 omnes
3389 4633 3590 4688 habent

2023 4715 2170 4784 quod
2213 4717 2332 4784 plus
2369 4725 2474 4781 est,
2505 4729 2561 4770 et
2593 4719 2871 4771 evanescit
2903 4733 3000 4787 per
3044 4727 3096 4772 te
3149 4721 3584 4788 patriarcharum

2025 4807 2402 4879 prmrogativa.
2455 4808 2603 4878 quod
2651 4821 2914 4865 vocentur
2951 4813 3262 4883 apostolici.
3314 4814 3592 4874 Pervertis

2025 4911 2208 4953 autem
2235 4910 2290 4956 et
2315 4902 2697 4972 Chrysostomi
2727 4904 2950 4959 dictum.
2986 4908 3076 4960 Ait
3127 4909 3271 4962 enim
3305 4927 3318 4963 :
3358 4927 3377 4960 ι
3418 4909 3594 4980 Super

2025 4991 2193 5062 Moysi
2249 4993 2569 5048 cathedram
2604 4995 2866 5052 sederunt
2923 5000 3131 5054 Scriba:
3189 5009 3243 5054 et
3303 5001 3589 5068 Pharisaei,

2027 5099 2173 5138 nunc
2202 5099 2330 5138 vero
2360 5101 2468 5141 non
2501 5088 2606 5154 ita;
2652 5103 2830 5158 neque
2878 5091 3022 5143 enim
3065 5106 3235 5159 super
3271 5095 3590 5148 cathedram

2029 5175 2195 5247 Moysi
2223 5178 2846 5245 sederuutsaeerdntes,
2899 5182 2990 5236 sed
3037 5197 3204 5251 super
3249 5183 3455 5239 Christi
3502 5203 3589 5240 se-

2027 5271 2178 5332 dem,
2207 5271 2354 5325 illius
2381 5271 2531 5326 enim
2561 5287 2855 5342 suscepere
2882 5275 3212 5328 doctrinam.
3248 5293 3266 5326 ι
3296 5275 3431 5331 Cum
3458 5293 3591 5346 ergo

2027 5364 2448 5434 Chrysostomus
2485 5364 2799 5420 cathedram
2840 5366 2892 5418 in
2924 5368 3226 5421 doctrinam
3267 5369 3595 5438 interprete-

2029 5466 2135 5523 tur,
2188 5469 2244 5511 tu
2285 5460 2339 5512 in
2393 5465 2720 5527 potestatem
2772 5459 2996 5529 accipis.
3042 5460 3232 5530 Itaque
3286 5460 3589 5516 secundum

2026 5549 2399 5621 Chrysostomi
2431 5568 2652 5610 sensum
2687 5555 2950 5610 habemus
2977 5571 3166 5610 verum
3195 5558 3415 5624 dogma,
3444 5554 3594 5624 quod
