4064 6206
358 310 461 370 83-3

1662 307 2102 370 [{EFUTATIO
2139 309 2325 368 Nl“.

3500 310 3606 372 854

355 419 610 486 πολιτικῇ
663 414 955 488 ὶπιμελεία
1009 416 1426 486 στηριζόμενος,
1479 418 1596 470 ἀλλ’
1630 418 1920 488 εὐξάμενος

2032 428 2091 473 ιιι
2147 423 2289 473 malo
2342 419 2694 474 adhiberetur
2725 420 3026 475 remedium
3083 435 3181 490 per
3234 420 3600 478 ministerium

349 513 538 580 τυχεῖν
559 509 858 580 θεραπείας
887 510 949 564 τὺ
971 510 1140 564 κακὸν
1161 511 1250 564 διά
1273 513 1372 580 τῆς
1401 511 1569 567 αὑτοῦ
1594 513 1922 583 ὑπηρεσίας.

353 606 479 658 Εἴτε
505 603 637 673 γοῦν
667 603 976 674 ὑπηρεσίαν
1003 606 1145 666 νοεῖς
1187 607 1289 674 τὴν
1321 608 1456 676 πρὸς
1500 610 1592 659 τὸν
1625 607 1782 674 Θεὸν,
1811 607 1923 660 εἴτε

352 699 454 771 τὴν
509 700 648 767 πρὸς
701 698 802 770 τὴν
859 698 1216 768 Ἐκκλησίαν,
1265 701 1432 770 εὐχῆς
1487 701 1585 754 καὶ
1621 704 1924 772 ὑπηρεσίας

349 792 514 862 ἔργον
543 792 833 861 ὁμολογεῖν
864 791 1120 859 γενέσθαι
1152 793 1300 861 αὐτῷ
1325 796 1361 846 6
1394 794 1648 862 βασιλεὺς
1697 797 1796 865 τὴν
1832 814 1926 863 με·

348 880 635 952 τάπεμψιν
663 881 772 934 τῶν
807 882 1146 943 ἐπισκόπων,
1185 883 1306 952 οὐχὶ
1363 883 1619 947 ἐξουσίας
1647 885 1742 936 καὶ
1767 885 1928 938 δυνα-

353 973 564 1034 στείας.
607 973 671 1028 Εί
728 972 786 1026 δὲ
821 973 964 1028 κατὰ
1011 973 1110 1044 τὴν
1151 975 1206 1040 ς’
1253 975 1472 1029 σύνοδον
1518 978 1924 1041 Κωνσταντίνης

351 1064 450 1115 καὶ
478 1061 809 1131 Σίλσεστρος
846 1063 1136 1130 συνέλεγον
1163 1065 1263 1135 τὴν
1292 1065 1515 1134 πρώτην
1549 1064 1792 1128 σύνοδον,
1831 1067 1925 1120 καὶ

346 1153 607 1220 ὁμολογεῖ
640 1154 1050 1215 Κωνσταντῖνος
1075 1157 1401 1224 συναγεῖραι
1424 1157 1798 1228 ὕπηρετικῶς·
1818 1157 1926 1229 ἄρα

347 1245 675 1317 Σίλδεστρος
693 1249 984 1318 συνήγειρε
1013 1250 1410 1319 ποιμαντικῶς.
1430 1251 1553 1312 Πῶς
1575 1251 1685 1321 γὰρ
1711 1251 1886 1314 ἄλλως
1907 1267 1921 1316 ;

352 1338 415 1390 El
449 1339 557 1409 γάρ
583 1339 783 1407 άλλως,
806 1341 950 1394 διατι
983 1341 1060 1412 μὴ
1092 1345 1417 1412 συναγεῖραι
1442 1342 1591 1410 λέγει
1620 1342 1648 1395 ὀ
1677 1342 1925 1406 Ἀλεξαν-

347 1427 558 1496 δρείας,
589 1429 622 1500 ἢ
647 1431 676 1483 6
714 1429 1064 1500 Ἀντιοχείας,
1089 1431 1225 1486 ἀλλὰ
1250 1432 1576 1503 Σίλόεστρος
1601 1434 1630 1486 ό
1666 1431 1919 1504 Ῥώμης;

353 1519 416 1571 El
452 1519 508 1572 δὲ
535 1520 712 1584 εἴποις
737 1562 752 1586 ,
775 1522 882 1574 Διὰ
913 1522 973 1574 τὸ
1019 1519 1160 1576 εἶναι
1206 1524 1298 1576 τὸν
1339 1523 1559 1594 Ῥώμης
1608 1525 1824 1595 πρῶτον
1855 1527 1921 1595 τῇ

351 1609 953 1681 τάξει,·ὴιτιλεγούσας
985 1613 1131 1684 ἔχεις
1163 1615 1266 1684 τὴν
1314 1614 1356 1668 δ’
1404 1614 1624 1669 σύνοδον
1674 1617 1772 1669 καὶ
1821 1616 1922 1685 τὴν

350 1701 608 1773 ἑϐδόμην·
643 1702 744 1774 τὴν
775 1701 816 1757 δ’
850 1705 911 1756 ὲν
947 1699 1028 1768 οἷς
1062 1706 1215 1774 λέγει
1267 1705 1410 1758 κατὰ
1453 1705 1553 1776 τὴν
1601 1704 1776 1778 ἀρχὴν
1815 1706 1922 1759 τῶν

2033 514 2171 583 ejus.
2206 512 2330 567 Sive
2361 528 2491 580 ergo
2543 512 2910 566 ministerium
2946 512 3219 581 intelligas
3247 527 3376 582 erga
3405 512 3601 576 Deum,

2033 603 2148 657 sive
2191 602 2512 664 Ecclesiam,
2571 601 2749 670 preeis
2801 611 2856 656 et
2912 601 3202 655 ministerii
3243 616 3381 669 epus
3435 601 3603 656 fuisse

2033 695 2138 750 sibi
2177 694 2624 749 convocationem
2642 695 3024 763 episcoporum
3051 694 3251 749 fatetur
3282 695 3599 763 imperator.

2034 803 2142 842 nou
2192 789 2482 856 potestatis
2525 797 2583 843 et
2631 789 2995 843 auctoritatis.
3026 789 3094 842 Et
3139 789 3184 844 si
3209 788 3604 844 Constantinus

2031 887 2088 933 et
2142 878 2423 944 Silvester,
2461 889 2522 934 ut
2551 881 2628 934 ait
2678 891 2829 934 sexta
2874 880 3137 951 synodus,
3197 879 3605 950 congregabant

2032 972 2262 1041 primam
2296 971 2596 1042 synodum;
2639 981 2695 1027 et
2717 972 3115 1028 Constantinus
3148 972 3353 1027 fatetur
3383 987 3441 1026 se
3475 987 3605 1026 con-

2032 1077 2257 1117 vocasse
2289 1064 2526 1119 ministri
2574 1079 2763 1134 Opera,
2801 1072 2966 1119 restat
2997 1074 3057 1118 ut
3101 1065 3365 1118 Silvester
3402 1077 3606 1116 convo-

2032 1156 2236 1209 caverit
2289 1157 2526 1224 pastoris
2559 1157 2758 1211 ollicio.
2792 1155 2911 1222 Quo
2951 1157 3096 1210 enim
3152 1155 3259 1210 alio
3301 1153 3495 1208 titulo?
3545 1152 3599 1206 Si

2029 1248 2176 1301 enim
2237 1248 2346 1301 alio
2401 1249 2582 1311 titulo,
2634 1264 2734 1304 cur
2791 1249 2975 1318 potius
3015 1249 3278 1303 Silvester
3324 1247 3602 1301 Romanus

2029 1354 2191 1408 quam
2226 1341 2630 1396 Alexandrinus
2657 1352 2710 1396 et
2746 1341 3122 1397 Antiocbeuus
3159 1355 3488 1394 convocasse
3515 1339 3602 1390 di-

2029 1431 2217 1486 citur?
2243 1432 2298 1488 Si
2331 1432 2503 1497 dicas,
2533 1432 2670 1498 Quia
2704 1434 2984 1489 Romanus
3026 1441 3111 1488 est
3141 1434 3337 1486 ordine
3368 1431 3595 1500 primus,

2028 1524 2412 1581 contradicunt
2440 1535 2630 1594 quarta
2681 1535 2739 1580 et
2781 1525 3012 1595 septima
3061 1525 3304 1596 synodus
3335 1541 3349 1578 :
3382 1534 3598 1593 quarta.

2031 1615 2122 1669 ubi
2186 1615 2321 1670 dicit
2367 1617 2630 1670 Actorum
2693 1616 2894 1670 initio:
2929 1632 2946 1666 ι
2988 1613 3268 1684 Synodum
3320 1613 3600 1668 celebrare

2029 1721 2194 1762 ausus
2222 1718 2307 1762 est
2342 1707 2631 1764 Dioscorus
2670 1723 2779 1762 non
2821 1707 3045 1762 obtenta
3093 1706 3353 1760 facultate
3397 1720 3426 1758 a
3472 1705 3598 1759 sede

353 1792 702 1861 Πρακτικῶνο
744 1813 762 1847 ι
794 1795 1022 1850 Σύνοδον
1053 1797 1327 1866 ἐτόλμησε
1358 1799 1584 1868 ποιῆσαι
1633 1800 1920 1868 Διόσκορος

2026 1799 2358 1867 apostolica;
2405 1799 2552 1869 quod
2585 1815 2865 1868 nunquam
2916 1798 3118 1854 factum
3169 1807 3275 1862 est,
3336 1813 3438 1853 nec
3483 1798 3596 1851 fieri

349 1885 655 1955 ἐπιτροπῆς
679 1887 803 1958 δίχα
832 1887 928 1940 τοῦ
965 1888 1330 1943 ἀποστολικοῦ
1374 1889 1592 1959 θρόνου,
1617 1890 1758 1960 ὅπερ
1777 1891 1928 1946 οὐδέ-

350 1993 483 2030 ποτε
512 1979 759 2046 γέγονεν,
791 1979 911 2035 οὐδὲ
940 1981 1060 2048 ἰξὸν
1091 1983 1369 2050 γενέσθαι.
1412 2003 1432 2033 ι

421 2070 533 2142 Τὴν
563 2070 611 2136 ζ’
639 2073 698 2124 ἐν
722 2069 804 2136 οἷς
832 2072 984 2142 λέγει
1014 2074 1158 2127 κατά
1184 2075 1284 2146 τὴν
1312 2072 1368 2138 ς’
1399 2074 1602 2144 πρᾶξιν
1627 2089 1642 2106 θ
1685 2094 1703 2127 ι
1742 2075 1925 2145 Νόμος

349 2163 470 2215 ἐστὶ
489 2165 610 2225 ταῖς
639 2164 879 2228 συνόδοις
911 2163 1058 2235 ἔχειν
1101 2166 1366 2236 συνεργὸν
1393 2166 1484 2219 τὸν
1504 2166 1604 2233 τῆς
1636 2165 1924 2235 Ῥωμαίων

350 2255 606 2310 πάππαν.
652 2274 671 2307 ι
708 2255 891 2310 Ταῦτα
926 2256 986 2310 δὲ
1041 2259 1314 2328 πρωτεῖον
1358 2258 1421 2310 οὐ
1474 2257 1638 2328 ψιλῆς
1688 2259 1920 2323 τάξεως,

345 2345 465 2400 ἀλλ’
492 2347 744 2410 ἐξουσίας
789 2345 1152 2418 δηλοῦσινοή
1210 2349 1320 2418 γὰρ
1370 2347 1679 2420 ἐπιτροπὴ,
1743 2351 1838 2401 καὶ
1888 2351 1922 2419 ἡ

348 2442 618 2508 συνεργία
644 2441 740 2493 τοῦ
772 2441 978 2496 πάππα
1019 2441 1162 2496 κατὰ
1190 2442 1282 2496 τὸν
1317 2441 1482 2511 νόμον
1514 2440 1625 2495 τῶν
1658 2440 1921 2504 συνόδων,

345 2532 610 2602 ἀθέμιτον
641 2533 737 2586 καὶ
767 2534 1085 2604 παράνομον
1130 2534 1282 2604 δηλοί
1313 2534 1648 2587 τούναντίον·
1680 2532 1843 2587 τοῦτο
1864 2533 1921 2586 δὲ

346 2627 656 2695 τεκμήριον
685 2626 966 2695 προφανὲς
995 2628 1120 2696 οὐχὶ
1149 2627 1321 2698 μόνης
1342 2625 1571 2692 τάξεως,
1591 2625 1726 2680 ἀλλ’
1765 2625 1919 2690 ἐξουι

347 2720 470 2772 σίας
503 2718 598 2770 καὶ
629 2719 978 2784 ἐπιστασίας*
1008 2719 1229 2790 καὶγὰρ
1251 2719 1506 2790 ὑπῆρξαν
1537 2717 1921 2790 οἰκουμενικαὶ

347 2797 588 2865 σύνοδοι,
630 2806 688 2859 ὲν
740 2801 828 2869 αἷς
870 2809 932 2860 οὒ
973 2809 1273 2879 τετήρηται
1325 2809 1435 2862 τῶν
1476 2810 1831 2880 πατριαρχῶν
1887 2808 1920 2878 ἡ

343 2899 520 2964 τάξις,
542 2893 654 2953 οἷον
685 2901 744 2952 ὲν
771 2902 839 2971 τῇ
868 2900 1058 2971 τρίτῃο
1087 2901 1150 2953 οὐ
1177 2901 1285 2970 γὰρ
1307 2901 1488 2970 παρῆν
1517 2902 1546 2954 6
1573 2901 1922 2953 Κωνσταντι-

342 2988 653 3052 νουπόλεως
699 2990 795 3044 καὶ
826 2994 854 3044 6
897 2992 1231 3062 Ἀντιοχείας
1253 3008 1266 3023 ·
1299 2997 1356 3045 ἐν
1395 2995 1462 3062 τῇ
1491 2991 1752 3063 τετάρτῃ,
1797 2993 1854 3043 ὲν
1883 2984 1918 3064 ᾖ

2026 1891 2176 1947 licet.
2217 1910 2236 1942 ι

2023 2070 2032 2080 ’
2099 2067 2340 2139 Septima
2374 2073 2587 2126 actione
2621 2086 2675 2124 vt
2699 2071 2790 2125 ubi
2815 2071 2968 2136 dicit,
3008 2088 3026 2121 ι
3058 2070 3231 2141 legem
3263 2069 3597 2141 synodorum

2025 2177 2170 2221 esse.
2202 2172 2260 2216 ut
2300 2162 2606 2216 Romanum
2630 2178 2824 2233 papam
2861 2171 3249 2232 cooperantem
3284 2163 3543 2217 habeant.
3573 2182 3592 2213 ι

2027 2255 2151 2308 Haec
2181 2264 2362 2308 autem
2415 2255 2708 2324 primatum
2759 2255 3049 2326 designant
3078 2269 3188 2309 non
3227 2255 3359 2308 nudi
3389 2255 3599 2309 ordinis

2025 2348 2123 2404 sed
2148 2349 2514 2404 auctoritatis.
2538 2348 2672 2403 Nam
2704 2347 3292 2404 concedendalicentia
3324 2358 3379 2403 et
3401 2362 3600 2416 coope-

2025 2442 2164 2496 ratie
2202 2456 2354 2512 papae
2397 2442 2554 2512 juxta
2595 2443 2773 2513 legem
2814 2442 3148 2514 synodorum
3214 2441 3482 2496 nefarium
3543 2449 3600 2497 et

2023 2530 2273 2600 iniquum
2299 2533 2540 2585 ostendit
2575 2531 2717 2601 quod
2757 2541 2949 2588 contra
3001 2533 3080 2593 fit.
3119 2540 3174 2586 et
3207 2531 3598 2588 manifestissi-

2023 2638 2173 2679 mum
2207 2633 2286 2679 est
2315 2634 2694 2695 argumentum
2723 2640 2830 2679 non
2877 2626 2996 2694 puri
3049 2627 3285 2692 ordinis,
3319 2626 3412 2681 sed
3448 2635 3601 2694 pote-

2023 2715 2186 2770 statis
2247 2724 2303 2770 et
2361 2715 2798 2787 iurisdictionis;
2873 2715 3142 2780 siquidem
3194 2715 3347 2772 fuere
3405 2717 3596 2786 synodi

2023 2807 2377 2861 meumenicte
2413 2807 2470 2862 in
2511 2807 2715 2877 quibus
2740 2807 2874 2863 ordo
2901 2808 3338 2876 patriarcharum
3365 2824 3475 2863 non
3515 2819 3599 2864 est

2022 2902 2316 2961 servatus,
2363 2907 2550 2969 utpote
2580 2899 2760 2964 tertia,
2805 2901 2859 2954 in
2899 2914 3004 2970 qua
3035 2915 3143 2954 non
3180 2899 3278 2956 fuit
3329 2900 3600 2966 Constan-

2026 2984 2444 3056 tinopolitanus,
2483 2997 2538 3042 et
2574 2989 2987 3055 Antiocltenus;
3016 2999 3232 3060 quarta,
3269 2991 3322 3046 in
3355 3007 3462 3062 qua
3489 3008 3596 3046 non

340 3084 406 3137 οὐ
441 3084 625 3154 παρῆν
653 3085 681 3138 ὁ
717 3085 1124 3155 Ἀλεξανδρείας
1149 3101 1164 3116 ·
1198 3086 1256 3138 ὲν
1298 3088 1365 3155 τῇ
1401 3085 1538 3156 ἕκτῃ
1589 3084 1918 3154 ὲκ6έ6ληται

2026 3078 2201 3134 adfuit
2229 3080 2669 3148 Alexandrinus;
2703 3094 2877 3149 sexta,
2910 3084 2963 3138 in
2996 3099 3100 3154 qua
3143 3085 3354 3156 ejectus
3374 3095 3458 3140 est
3486 3086 3598 3140 An-

339 3179 370 3229 6
414 3148 772 3246 Ἀντιοχείας.
803 3148 990 3248 Χωρὶς
1024 3177 1083 3231 δὲ
1123 3177 1219 3231 τοῦ
1261 3148 1486 3247 Ῥὦμης
1511 3148 1789 3230 ὀὐδέποτε
1814 3148 1918 3244 ’γέ-

2027 3169 2332 3226 tiochenus.
2351 3173 2420 3226 At
2436 3173 2552 3227 sine
2586 3189 2719 3243 papa
2746 3148 3027 3244 nunquam
3057 3148 3198 3231 facta
3216 3187 3299 3232 est
3332 3177 3592 3248 synodus.

323 3285 526 3336 -γονεν,
553 3270 674 3324 οὐδὲ
703 3269 826 3337 ἐξὸν
849 3269 1130 3338 γενέσθαι.
1159 3271 1222 3324 El
1241 3269 1298 3323 δὲ
1330 3271 1466 3339 μόνη
1497 3269 1530 3339 ἡ
1560 3268 1713 3334 τάξις
1744 3267 1918 3320 ἐδίδου

2026 3273 2126 3313 nec
2159 3260 2272 3314 fieri
2308 3271 2505 3329 potest.
2539 3263 2694 3328 Quod
2739 3265 2784 3320 si
2826 3265 2962 3319 ordo
2987 3267 3137 3320 solus
3170 3268 3462 3334 primatum
3503 3269 3597 3322 tri-

343 3360 407 3412 τὸ
441 3363 710 3431 πρωτεῖον
747 3360 826 3432 τῷ
853 3363 1077 3432 πάππα,
1106 3361 1346 3429 ἐγίνοντο
1377 3361 1444 3414 ἂν
1481 3361 1538 3412 αί
1585 3359 1794 3413 σύνοδοι
1827 3359 1920 3415 καὶ

2026 3349 2217 3404 bueret
2243 3367 2416 3422 papae,
2468 3365 2694 3424 possent
2723 3357 2887 3411 etiam
2922 3357 3037 3412 fieri
3073 3360 3265 3429 synodi
3303 3360 3423 3416 sine
3456 3377 3592 3432 papa

344 3451 516 3522 χωρὶς
552 3452 646 3505 τοῦ
681 3452 906 3518 πάππα,
944 3454 1042 3506 καὶ
1071 3452 1168 3521 τῆς
1197 3449 1451 3517 ἐξουσίας
1479 3451 1670 3506 αὐτοῦ.
2023 3453 2078 3498 ei
2109 3446 2431 3500 aUCWI'iWe
2459 3447 2597 3517 alus-

430 3539 760 3610 Ἑρμηνεὺει
793 3539 853 3593 δὲ
878 3540 970 3594 τὸν
1001 3541 1195 3593 ἑαυτοῦ
1233 3540 1435 3593 σκοπὸν
1469 3540 1498 3592 6
1553 3539 1726 3610 μέγας
1767 3539 1920 3591 Κων-

2099 3536 2270 3591 Suum
2324 3553 2485 3608 porro
2537 3539 2828 3594 consilium
2863 3540 3105 3596 declarat
3153 3545 3397 3613 apertius
3455 3545 3598 3601 Con-

298 3701 310 3708 .
348 3635 632 3695 σταντῑνος
685 3633 1102 3704 προδηλότερον,
1154 3633 1214 3684 ὲν
1252 3627 1335 3695 οἷς
1382 3632 1530 3699 λέγει
1575 3631 1668 3683 καὶ
1717 3629 1920 3700 γράφει

352 3727 467 3788 ταῖς
511 3725 856 3795 Ἐκκλησίαις
886 3742 900 3758 ο
965 3745 985 3778 ι
1026 3728 1244 3797 Πεῖραν,
1293 3728 1449 3796 φησὶ,
1490 3724 1673 3778 λαϐὼν
1725 3726 1791 3777 ὲκ
1820 3725 1922 3788 τῆς

342 3818 455 3871 τῶν
499 3818 697 3871 κοινῶν
749 3820 1077 3889 εὐπραξίας,
1133 3819 1235 3888 ὅση
1276 3819 1377 3887 τῆς
1426 3817 1579 3880 θείας
1631 3817 1922 3886 δυνάμεως

345 3910 561 3978 πέφυκε
591 3911 772 3981 χάρις,
800 3911 990 3964 τοῦτον
1029 3910 1137 3981 πρό
1166 3927 1231 3979 γε
1275 3912 1495 3964 πάντων
1537 3908 1730 3980 ἔκρινα
1779 3905 1920 3962 εἶναί

348 4019 444 4072 μοι
476 4007 780 4074 προσήκειν
805 4005 1027 4067 σκοπὸν,
1061 4004 1211 4066 ὅπως
1241 4002 1398 4072 παρὰ
1422 4003 1535 4063 τοῖς
1569 4001 1921 4072 μακαριωτά-

343 4113 460 4158 τοις
489 4096 588 4165 τῆς
619 4094 914 4163 καθολικῆς
959 4093 1288 4164 Ἐκκλησίας
1320 4093 1550 4163 πλήθεσι
1587 4093 1766 4157 πίστις
1798 4095 1920 4164 μία,

341 4188 440 4240 καὶ
465 4188 764 4257 εἰλικρινὴς
795 4187 1005 4256 ἀγάπη,
1039 4187 1381 4255 ὁμογνώμων
1408 4203 1467 4237 τε
1501 4186 1631 4254 περὶ
1656 4186 1748 4237 τὸν
1777 4203 1919 4253 παγ-

2027 3629 2305 3684 slantinus
2355 3628 2584 3701 Magnus
2639 3633 2694 3686 in
2740 3649 2838 3688 sua
2869 3635 3103 3705 epistola
3154 3637 3219 3691 ad
3274 3637 3594 3694 Eeclesias:

2035 3738 2053 3771 ι
2097 3718 2256 3783 Cum,
2313 3721 2508 3790 inquit,
2542 3738 2610 3776 ex
2661 3724 2825 3778 rebus
2881 3741 2978 3792 pro
3029 3727 3306 3795 republica
3367 3727 3599 3784 feliciter

2026 3813 2194 3879 gestis
2241 3815 2618 3882 experimento
2678 3815 2988 3881 didicerim,
3045 3828 3247 3887 quanta
3279 3820 3350 3874 sit
3398 3819 3597 3874 divinae

2025 3903 2247 3959 virtutis
2279 3905 2745 3978 benignitashhoc
2787 3910 2920 3964 mihi
2963 3920 3088 3966 ante
3116 3911 3220 3964 alia
3256 3911 3594 3982 propositum

2027 3997 2373 4050 statuendum
2405 4001 2611 4073 putavi,
2642 4010 2702 4055 ut
2736 4002 3039 4057 beatissimi
3084 4003 3341 4059 Ecclesiae
3367 4006 3597 4060 catholi-

2027 4097 2103 4138 ca:
2134 4087 2315 4153 populi
2354 4088 2512 4142 fidem
2545 4106 2734 4156 unam,
2765 4103 2820 4148 et
2859 4094 3182 4149 cbaritatem
3219 4097 3513 4165 sinceram,
3542 4109 3599 4153 et

2025 4175 2459 4232 consentientem
2505 4195 2632 4251 erga
2683 4183 3116 4254 omnipotentem
3157 4186 3321 4242 Deum
3378 4197 3598 4256 teneant

343 4277 527 4347 κρατῆ
572 4278 706 4331 Θεὸν
741 4277 999 4331 εὐσέϐεια
1027 4278 1284 4347 τηρῆται.
1347 4275 1488 4328 Ἀλλ’
1537 4277 1728 4347 ἐπειδὴ
1765 4279 1920 4330 τοῦτο

2026 4266 2258 4321 cultum.
2281 4269 2480 4326 Verum
2501 4276 2626 4344 quia
2660 4276 2764 4330 hoc
2797 4294 2903 4332 non
2942 4287 3151 4348 poterat
3176 4279 3280 4335 fixo
3303 4280 3598 4350 stabilique

346 4371 451 4440 οὐχ
482 4364 594 4423 οἷόν
623 4385 684 4422 τε
725 4365 797 4440 ἦν
823 4369 1015 4436 ἀκλινῆ
1045 4370 1137 4422 καὶ
1169 4367 1400 4437 βεϐαίαν
1436 4367 1591 4432 τάξιν
1635 4368 1838 4434 λαϐεῖν,
1873 4371 1920 4421 εἱ

2026 4359 2217 4415 ordine
2268 4364 2496 4430 firmari,
2558 4367 2665 4422 nisi
2716 4369 2804 4424 vel
2853 4371 3114 4426 omnibus
3153 4373 3450 4442 episcopis,
3510 4375 3596 4427 vel

357 4461 436 4531 μὴ
465 4462 547 4524 είς
592 4461 764 4515 ταυτὸ
796 4460 1018 4515 πάντων
1068 4460 1226 4528 ὁμοῦ,
1272 4462 1305 4531 ἢ
1359 4459 1469 4513 τῶν
1502 4461 1633 4527 γοῦν
1660 4461 1920 4514 πλειόνων

2027 4453 2218 4522 majori
2266 4471 2454 4510 eorum
2511 4468 2663 4527 parte
2715 4461 2768 4515 in
2817 4478 2984 4516 unum
3044 4464 3426 4527 conveniente,
3487 4481 3597 4534 quo

351 4552 672 4604 ἐπισκόπων
713 4551 1100 4617 συνελθόντων,
1137 4553 1368 4606 ἑκάστου
1393 4554 1502 4606 τῶν
1528 4553 1916 4622 προσηκόντων

348 4645 420 4712 τῇ
449 4643 736 4716 ἁγιωτάτῃ
785 4644 1054 4713 θρησκείᾳ
1107 4644 1382 4713 διάκρισις
1434 4646 1684 4713 γένοιτοο
1721 4644 1916 4697 τούτου

349 4735 540 4787 ἕνεκεν
569 4735 840 4787 πλείστων
871 4735 1014 4788 ὅσων
1045 4735 1569 4806 συναθροισθέντων,
1620 4738 1715 4789 καὶ
1755 4737 1918 4800 αὐτὸς

351 4826 606 4897 καθάπερ
634 4822 714 4889 εἷς
746 4825 806 4890 ἐξ
830 4827 984 4896 ὑμῶν
1013 4826 1304 4896 ἐτύγχανον
1341 4827 1670 4898 συμπαρών.
1701 4831 1773 4882 Οὐ
1807 4829 1917 4899 γὰρ

351 4919 706 4989 ἀρνησαίμην
740 4919 830 4984 ἂν,
856 4918 942 4986 ἐφ’
965 4912 1010 4986 ᾧ
1038 4919 1273 4989 μάλιστα
1320 4921 1518 4991 χαίρω,
1563 4920 1918 4991 συνθεράπων

354 5007 621 5078 ὑμέτερος
654 5009 977 5077 πεφυκέναι.
1018 5026 1037 5059 ι
1838 5084 1841 5086 _

439 5101 529 5155 Ἐν
567 5100 777 5164 τούτοις
803 5103 832 5154 6
865 5102 1038 5171 μέγας
1071 5101 1478 5164 Κωνσταντίνος
1525 5101 1697 5166 οὕτως
1732 5104 1917 5156 ἐπιλοο

352 5194 588 5263 γίζεται·
629 5197 692 5247 'H
737 5194 1009 5264 εὐπραξία
1044 5193 1152 5246 τῶν
1185 5193 1380 5245 κοινῶν
1411 5194 1534 5262 ἐμοὶ
1564 5196 1917 5264 περιγέγονεν

350 5291 419 5341 ὲκ
445 5287 544 5356 τῆς
574 5286 706 5339 Θεοῦ
732 5286 977 5356 χάριτος.
1026 5282 1171 5352 Ἐγὼ
1199 5284 1254 5336 δὲ
1284 5284 1535 5354 βασιλεὺς
1566 5283 1643 5337 ὣν
1685 5287 1786 5355 τὴν
1829 5287 1918 5337 εὐ.

349 5379 592 5450 πραξίαν
625 5379 734 5431 τῶν
765 5379 968 5432 κοινῶν
999 5377 1200 5446 ὀφείλω
1242 5378 1425 5445 ζητεῖν
1447 5394 1459 5406 ο
1507 5377 1708 5444 ὀφείλω
1739 5378 1918 5438 τοίνυν

347 5468 692 5520 ἐπισπᾶσθαι
727 5465 828 5536 τὴν
856 5465 1010 5519 θείαν
1043 5467 1222 5535 χάριν.
1271 5465 1578 5518 Ἐπιδίδωσι
1625 5465 1682 5516 δὲ
1723 5467 1755 5534 ἡ
1800 5466 1918 5516 θεία

350 5563 510 5633 χάρις
545 5560 748 5630 ἑαυτὴν
780 5560 1086 5630 γινομένων
1123 5558 1370 5617 ἐκείνων,
1403 5560 1460 5608 ἐν
1498 5553 1576 5618 οἷς
1607 5557 1916 5626 εὐαρεστεῖ-

347 5671 440 5706 ται
469 5653 638 5714 Θεόςο
679 5653 1054 5719 εὐαρεστεῖται
1085 5650 1139 5702 δὲ
1177 5651 1411 5719 μάλιστα
1453 5652 1518 5718 τῇ
1564 5649 1696 5716 ὀρθῇ
1731 5649 1914 5700 πίστει

351 5743 768 5816 θρησκευομένῃ
821 5746 970 5812 παρᾶ
1018 5743 1125 5794 τῶν
1180 5741 1344 5794 λαῶν.
1403 5740 1568 5791 Τοῦτο
1606 5741 1714 5808 ἄρα
1788 5740 1911 5810 ἐμοὶ

2023 4545 2237 4616 singula
2297 4547 2364 4601 ad
2423 4552 2826 4607 sanctissimam
2880 4554 3201 4623 religionem
3266 4557 3596 4624 pertinentia

2024 4639 2495 4707 examinarcntur,
2538 4644 2745 4699 ideirco
2784 4646 3202 4715 quamplurimis
3231 4649 3593 4718 congregatis,

2023 4728 2139 4800 ipse
2165 4746 2382 4800 quoque
2416 4743 2670 4803 tanquam
2689 4751 2829 4790 unus
2853 4752 2885 4791 e
2906 4752 3135 4792 numero
3157 4747 3396 4793 vestrum
3421 4739 3592 4796 adfui.

2027 4823 2218 4892 Neque
2254 4825 2399 4878 enim
2437 4827 2744 4895 negaverim
2779 4827 2942 4891 id,ex
2969 4844 3078 4897 quo
3119 4831 3409 4882 maximam
3439 4832 3596 4900 capio

2036 4915 2303 4979 laetitiam,
2356 4926 2595 4970 vestrum
2651 4932 2737 4971 me
2785 4933 2909 4973 esse
2941 4934 3269 4974 conservum
3329 4939 3349 4970 ι

2070 5099 2128 5152 ιιι
2150 5098 2235 5154 his
2256 5099 2649 5156 Constantinus
2666 5101 2891 5172 Magnus
2913 5103 3014 5158 hac
3034 5103 3455 5161 ratiocinatione
3490 5109 3591 5161 uti.

2021 5199 2144 5245 tur:
2167 5192 2422 5248 Felicitas
2445 5193 2761 5262 reipublicae
2777 5196 3001 5252 obvenit
3030 5197 3163 5250 mihi
3187 5212 3253 5251 ex
3277 5197 3369 5252 Dei
3399 5199 3592 5266 gratia.

2025 5285 2137 5354 Ego
2186 5299 2332 5350 vero,
2382 5299 2508 5338 cum
2545 5286 2842 5356 imperator
2889 5287 3013 5352 sim,
3045 5288 3364 5357 reipublicae
3391 5299 3591 5344 statum

2026 5375 2236 5431 felicem
2295 5392 2491 5432 curare
2547 5377 2755 5444 debeo;
2797 5395 2925 5450 ergo
2957 5389 3012 5434 et
3037 5382 3264 5450 gratiam
3327 5382 3590 5452 aucupari

2019 5468 2284 5523 divinam.
2324 5469 2421 5522 Dat
2466 5485 2598 5524 vero
2632 5485 2691 5524 se
2742 5471 2926 5526 divina
2973 5475 3169 5542 gratia,
3211 5474 3258 5528 si
3324 5451 3455 5529 fiant
3500 5474 3592 5528 illa

2017 5573 2138 5628 quae
2197 5558 2305 5612 Deo
2365 5560 2632 5628 placent;
2668 5561 2838 5629 placet
2896 5579 3027 5618 vero
3083 5565 3424 5634 poussimum
3483 5563 3594 5617 Deo

2019 5657 2182 5704 recta:
2243 5649 2366 5703 ﬁdei
2411 5652 2592 5704 cultus
2641 5651 2694 5704 in
2729 5653 2962 5722 populis.
2999 5654 3112 5708 lloc
3136 5669 3267 5724 ergo
3313 5663 3400 5707 est
3457 5654 3588 5707 mibi

2020 5744 2338 5797 curandum.
2375 5743 2480 5798 Sed
2504 5743 2632 5813 quia
2663 5760 2766 5798 non
2801 5757 3008 5815 poterat
3035 5748 3137 5801 hoc
3171 5748 3234 5800 ad
3266 5761 3596 5817 prosperum
