4064 6206
427 258 534 322 8Ξ9

1575 266 1943 327 ΜΑΤΤΗΕΙ
1988 257 2517 324 CARYOPIIYLLI

3572 245 3684 307 ἓ(ῖο

424 374 620 444 itaque
651 374 910 442 fatentur,
946 392 1054 432 non
1081 378 1337 449 primaria
1388 378 1601 434 ratione
1626 423 1639 443 ,
1664 379 1758 434 sed
1788 380 1859 434 ob
1898 394 1992 432 ne-

2128 370 2500 443 Ομολογοῦσιν
2529 363 2622 421 οῦν
2649 367 2725 437 μὴ
2753 365 2892 418 κατὰ
2946 362 3163 432 πρῶτον
3190 361 3369 430 λόγον,
3419 359 3558 414 ἀλλὰ
3591 361 3684 412 διὰ

427 467 735 522 eessitatem
780 470 1162 539 temporalium
1211 471 1481 540 attingere
1523 472 1814 540 spiritalia.
1874 470 1992 524 Hoc

427 568 610 613 autem
642 574 752 614 non
781 567 884 623 est,
920 562 1076 642 quod
1114 573 1170 615 tu
1210 560 1350 615 dicis
1403 561 1796 629 imperatorum
1845 574 1990 617 esse.

429 667 536 706 non
568 653 980 722 episcoporum,
1019 667 1350 722 congregare
1385 653 1654 723 synodum
1688 651 1994 707 metimeni-
2033 711 2036 714 ,

429 757 576 795 ram:
603 741 695 796 sed
726 750 947 805 contra,
983 741 1376 810 imperatorum
1422 757 1540 796 esse
1583 757 1680 811 per
1713 743 1994 804 accidens,

429 835 811 903 cpisc0porum
844 849 941 902 per
971 849 1050 886 se.

503 927 917 980 Valentinianus
964 935 1020 980 et
1082 926 1391 980 Marcianus
1443 927 1508 979 de
1545 937 1740 994 quarta
1791 927 2000 996 synodo

430 1016 731 1070 scribentes
775 1016 950 1070 Leoni
1000 1032 1174 1088 papa,
1213 1036 1231 1068 ι
1288 1017 1666 1080 Sanctitatem,
1723 1018 1999 1086 inquiunt,

431 1107 601 1161 Tuam
637 1110 1005 1177 principatum
1036 1111 1090 1164 in
1136 1111 1456 1180 episcopatu
1494 1109 1693 1163 divina:
1717 1109 1842 1163 ﬁdei
1879 1125 2004 1178 pos-

430 1200 722 1263 sidentem,
747 1203 919 1256 sacris
946 1201 1144 1256 litteris
1175 1203 1234 1255 in
1274 1203 1544 1272 principio
1580 1204 1784 1271 justum
1819 1201 2000 1256 credi-

433 1307 555 1345 mus
605 1293 1021 1362 alloquendatn.
1061 1312 1079 1345 ι
1144 1294 1388 1356 Deinde,
1454 1314 1472 1346 ‹
1514 1296 1793 1360 Quatenus
1854 1293 2004 1346 omni

434 1381 604 1452 impio
628 1399 820 1438 errore
847 1385 1084 1448 sublato,
1109 1398 1212 1455 per
1241 1375 1625 1440 celebrandam
1653 1384 1924 1456 synodum
1954 1394 2006 1438 te

435 1485 661 1530 auctore
687 1477 923 1533 maxima
963 1493 1065 1548 pax
1098 1479 1242 1532 circa
1295 1494 1489 1533 omnes
1527 1479 1814 1548 episcopos
1879 1477 2005 1531 ﬁdei

435 1566 720 1622 catholica:
747 1566 862 1622 ﬁat.
903 1588 921 1620 ι
962 1569 1026 1623 Ει
1063 1570 1351 1625 Pulcheria
1396 1573 1633 1641 Augusta
1665 1570 1718 1624 in
1750 1569 2004 1624 eumdem

437 1658 660 1713 modum
690 1659 861 1714 Leoni
893 1662 1160 1726 scribens,
1191 1681 1210 1714 ι
1248 1662 1315 1716 Ει
1345 1672 1651 1734 propterea,
1686 1663 1885 1733 inquit,
1914 1672 2005 1718 tua

2097 465 2196 532 τὴν
2231 463 2479 530 ἀνάγκην
2512 460 2620 511 τῶν
2643 457 2970 524 σωματικῶν
2998 454 3266 508 ἅπτεσθαι
3291 453 3401 505 τῶν
3437 469 3686 518 πνευμα-

2097 556 2291 608 τικῶν
2320 554 2483 608 τοῦτο
2512 553 2569 605 δὲ
2601 552 2703 604 οὐκ
2747 551 2897 602 ἐστιν
2925 549 2953 602 ὃ
2981 549 3189 615 λέγεις,
3243 545 3538 616 βασιλέων,
3581 545 3686 596 οὐκ

2100 647 2416 700 ἐπισκόπων
2446 642 2588 698 εἶναι
2626 644 2687 697 τὸ
2721 642 2982 710 συνάγειν
3017 643 3291 701 συνόδουςο
3345 637 3548 709 μᾶλλον
3584 639 3688 706 μὲν

2099 736 2194 791 οῦν
2225 738 2559 795 τούναντίον.
2595 737 2737 789 κατὰ
2765 733 3116 803 συμϐεϐηκὸς
3165 728 3307 785 εἶναι
3357 731 3467 784 τῶν
3531 729 3690 798 βασι-

2099 834 2261 895 λέων,
2293 832 2416 885 καθ’
2447 831 2582 884 αὐτὸ
2609 830 2718 881 τῶν
2749 829 3092 882 ἐπισκόπων.

2174 920 2625 985 Οὐαλεντινιονδς
2647 921 2702 973 δὲ
2728 923 2820 973 καὶ
2851 918 3167 990 Μαρκιανὸς
3191 917 3319 986 περὶ
3345 916 3444 982 τῆς
3465 913 3507 966 δ’
3531 915 3692 966 συνό-

2102 1015 2193 1069 δου
2224 1015 2361 1081 πρὸς
2387 1012 2591 1065 Λέοντα
2624 1011 2930 1078 γράφοντες
2962 1009 3055 1061 τὸν
3083 1009 3341 1068 πάππαν,
3392 1005 3469 1068 ὡς
3527 1004 3691 1055 ἔστιν

2111 1108 2240 1158 ίδεῖν
2278 1107 2334 1157 έν
2373 1106 2484 1164 τοῖς
2552 1102 2656 1172 πρὸ
2723 1101 2833 1154 τῶν
2885 1097 3213 1168 Πρακτικῶν
3262 1098 3360 1162 τῆς
3419 1096 3689 1158 συνόδου,

2109 1217 2132 1252 ε
2170 1197 2281 1268 Τὴν
2340 1193 2837 1266 σὴνἋγιωσύνην,
2917 1193 3108 1260 φασὶν,
3189 1189 3689 1252 ἑπισκοπεῦουσαν,

2109 1292 2208 1344 καὶ
2227 1293 2508 1359 ἄρχουσαν
2540 1287 2637 1356 τῆς
2684 1286 2836 1348 θείας
2869 1286 3130 1345 πίστεως,
3180 1284 3342 1351 ἱεροῖς
3359 1280 3691 1351 γράμμασιν

2109 1385 2169 1436 ὲν
2214 1383 2453 1450 πρώτοις
2483 1380 2688 1432 δίκαιον
2713 1377 3044 1448 ἡγησάμεθα
3074 1375 3413 1442 προσειπεῖν.
3479 1390 3497 1422 ι
3531 1365 3688 1423 εἶτεν

2117 1490 2135 1523 ι
2175 1471 2362 1532 Ὥστε,
2403 1470 2586 1539 πάσης
2617 1467 2850 1531 ἀσεῦοῦς
2881 1467 3092 1535 πλάνης
3148 1463 3574 1535 ἁποκινηθείσης
3602 1462 3692 1514 διὰ

2108 1565 2212 1634 τῆς
2230 1561 2828 1634 συγκροτηθησομένης
2869 1559 3076 1626 ταύτης
3109 1558 3330 1611 συνόδου
3375 1554 3471 1608 σοῦ
3499 1554 3698 1608 αὐθεν-

2113 1657 2356 1718 τοῦντος,
2384 1656 2618 1726 μεγίστη
2653 1655 2845 1724 εἰρήνη
2879 1654 3011 1722 περὶ
3059 1651 3266 1713 πάντας
3299 1649 3426 1710 τοὺς
3466 1646 3698 1700 ἐπισκό-

373 1747 375 1750 ⁴
437 1752 752 1807 reverentia
774 1767 1105 1824 quocunque
1126 1753 1288 1808 modo
1311 1757 1673 1824 prospexerit,
1701 1754 2010 1825 signiﬁcare

2127 1768 2250 1813 πους
2282 1750 2382 1818 τῆς
2415 1747 2713 1811 καθολικῆς
2742 1747 2979 1805 πίστεως
3003 1745 3254 1813 γένηται.
3301 1760 3320 1794 ι
3369 1739 3575 1809 Γράφει
3602 1739 3698 1790 καὶ

437 1841 726 1912 ἀίειιειυτ,
763 1854 824 1898 ιιι
849 1859 1040 1904 omnes
1068 1845 1232 1899 etiam
1269 1848 1436 1900 totius
1467 1845 1710 1900 Orientis
1738 1843 2004 1915 e\~isc0pi.

439 1931 683 1987 Thracia;
715 1943 880 2004 atque
906 1934 1101 2006 Illyrici
1138 1936 1192 1990 in
1233 1953 1394 1990 ttnam
1437 1937 1712 1991 civitatem
1748 1936 2011 1990 velociter

437 2024 508 2078 ab
542 2023 917 2083 Orientalibus
945 2028 1196 2098 partibus
1221 2029 1437 2084 valeant
1467 2030 1782 2084 convenire.
1826 2047 1846 2080 ι

2120 1842 2422 1913 Πουλχερία
2447 1843 2480 1912 ἠ
2512 1840 2798 1909 Αὐγούστα
2826 1837 2955 1906 περὶ
2978 1835 3167 1888 τούτου
3220 1833 3356 1902 πρὸς
3385 1834 3475 1883 τὸν
3532 1828 3696 1881 αὑτὸν

2121 1937 2329 1990 Λέοντα
2372 1935 2463 1987 τὸν
2502 1934 2735 1986 πάππαν
2779 1929 3027 1984 τοιαῦτα·
3065 1945 3086 1979 ι
3125 1928 3230 1979 Καὶ
3266 1924 3354 1976 διὰ
3377 1924 3543 1974 τοῦτο
3566 1922 3600 1990 ἡ
3633 1921 3699 1986 σὴ

2121 2026 2379 2080 εὐλάὸεια
2398 2026 2522 2078 καθ’
2542 2025 2601 2076 ὃν
2633 2023 2699 2077 ἂν
2727 2022 2923 2092 φανείη
2952 2022 3174 2090 τρόπον,
3235 2017 3476 2085 σημᾶναι
3524 2031 3699 2064 κατα·

439 2117 646 2182 ειώσειο
673 2121 758 2173 ἵνα
791 2122 992 2192 πάντες
1022 2125 1116 2175 καὶ
1155 2125 1337 2192 πάσης
1373 2126 1470 2192 τῆς
1514 2123 1805 2192 Ἀνατολῆς
1867 2125 1914 2176 οἱ
1986 2122 2301 2188 ἐπίσκοποι,
2355 2120 2575 2191 Θρᾴκης
2609 2137 2670 2172 τε
2710 2120 2806 2170 καὶ
2862 2115 3190 2184 Ἰλλυρικοῦ,
3219 2114 3300 2176 εἱς
3349 2111 3478 2180 μίαν
3544 2108 3702 2162 πολιν

439 2213 538 2283 τὴν
567 2213 831 2284 ταχίστην
866 2216 976 2269 ἀπὸ
1014 2217 1122 2272 τῶν
1172 2216 1512 2271 ἀνατολικῶν
1547 2218 1732 2288 μερῶν
1773 2217 2222 2285 παραγένωνται.

514 2311 697 2372 Vides,
729 2312 823 2379 qui
855 2321 1106 2380 quartam
1141 2313 1405 2384 synodum
1443 2328 1844 2384 congregavere
1879 2313 2014 2383 quid

440 2403 720 2458 scribant?
752 2402 1171 2458 Convocandam
1216 2404 1485 2476 synodum
1518 2417 1741 2459 auctore
1775 2419 1934 2475 papa,
1963 2415 2018 2460 et

439 2497 754 2568 signiﬁcare
799 2497 1041 2562 volente,
1091 2507 1150 2552 ut
1201 2499 1256 2554 in
1307 2514 1471 2553 unam
1513 2500 1788 2552 civitatem
1815 2514 2016 2554 conve-

444 2591 599 2642 niant
627 2589 894 2660 episcopi.
922 2590 1038 2646 Hoc
1062 2607 1190 2662 ergo
1214 2591 1390 2645 solum
1420 2593 1655 2646 innuunt
1685 2609 1855 2648 sacra:
1886 2609 2016 2663 syn-

440 2677 558 2743 odi,
599 2692 724 2733 cum
752 2694 810 2734 se
860 2691 1216 2751 congregatas
1253 2683 1447 2737 dicunt
1486 2683 1578 2736 Dei
1621 2685 1794 2752 gratia
1824 2693 1880 2739 et
1921 2685 2021 2737 im-

446 2781 760 2842 peratorum
842 2774 1085 2829 decreto.
1165 2774 1353 2844 Neque
1423 2777 1571 2831 enim
1638 2777 1829 2847 synodi
1899 2777 2023 2846 plus

447 2865 699 2920 tribuunt
728 2865 1154 2935 imperatoribus
1193 2881 1356 2936 quam
1393 2866 1756 2938 imperatores
1785 2869 1914 2923 sibi.

522 3158 678 3224 Quod
703 3170 885 3212 autem
911 3158 1125 3230 objicis,
1155 3159 1373 3214 beatum
1400 3159 1639 3215 Leonem
1672 3177 1863 3232 papam
1890 3163 2024 3217 scri—

454 3250 630 3320 psisse
680 3251 1000 3320 imperatori
1054 3251 1388 3314 Theodosio.
1445 3263 1500 3309 et
1530 3254 1652 3308 loco
1701 3270 1908 3324 magna:
1948 3255 2023 3308 rei

455 3343 696 3412 petiisse,
737 3353 794 3396 ut
833 3343 1129 3413 imperator
1167 3354 1437 3400 annueret
1470 3346 1585 3400 ﬁeri
1621 3347 1675 3400 in
1707 3347 1858 3401 Italia
1892 3363 2027 3418 syn-

456 3434 620 3489 odum
658 3439 1000 3505 generalem;
1037 3428 1220 3506 'quod,
1259 3438 1362 3503 ais,
1411 3454 1519 3492 non
1573 3455 1695 3510 quae
1733 3439 1952 3495 sivisset
1980 3441 2026 3496 si

448 3528 591 3598 juris
621 3527 708 3582 sui
753 3527 948 3583 fuisset
996 3537 1257 3597 praestare
1292 3528 1424 3582 illud
1447 3567 1463 3593 ,
1508 3529 1625 3599 ipse
1655 3529 1765 3583 Leo
1791 3531 2030 3585 declarat

454 3621 682 3690 optime,
713 3629 770 3676 et
789 3620 1111 3675 instantiam
1156 3619 1319 3674 diluit
1357 3636 1455 3689 per
1485 3635 1548 3674 ea
1587 3635 1710 3690 qum
1741 3621 1794 3674 in
1836 3619 2026 3676 eadem

454 3715 686 3783 epistola
715 3714 950 3768 scribit:
993 3731 1010 3764 ι
1050 3712 1273 3769 Litteris
1303 3713 1611 3767 clementiae
1645 3722 1861 3776 vestrae,
1895 3729 2030 3784 quas

455 3809 660 3863 dudum
687 3808 756 3863 ad
791 3806 935 3862 beati
962 3807 1107 3862 Petri
1136 3804 1370 3876 apostoli
1395 3804 1580 3858 sedem
1617 3821 1715 3874 pro
1745 3806 2032 3861 catholicas

458 3901 586 3957 fldei
627 3915 815 3955 amore
853 3900 1111 3964 misistis,
1149 3909 1354 3954 tantam
1407 3899 1661 3953 ﬁduciam
1696 3899 2033 3968 sump~imus

456 3994 815 4050 defendendae
874 4009 970 4064 per
999 4008 1096 4048 vos
1145 3994 1395 4048 veritatis
1434 4002 1488 4046 et
1520 3994 1691 4062 pacis.
1725 4010 1742 4043 ι
1781 3991 2028 4046 Deinde:

462 4105 482 4136 ι
520 4085 899 4156 Comperimus
924 4087 1071 4140 enim
1104 4100 1212 4138 non
1259 4085 1470 4140 incerto
1511 4085 1705 4139 nuntio
1729 4123 1743 4146 ,
1774 4083 1870 4138 sed
1903 4083 2037 4137 ﬁde-

459 4180 671 4236 lissimo
717 4194 904 4232 rerum
949 4193 1071 4246 qua:
1117 4188 1284 4248 gestae
1321 4187 1451 4232 sunt
1503 4187 1819 4239 narratore,
1850 4177 2034 4232 Hilaro

460 4271 691 4322 diacono
742 4278 965 4333 nostro,
1001 4268 1330 4321 convenisse
1363 4267 1428 4320 ad
1465 4269 1732 4338 synodum
1769 4267 2036 4334 plurimos

463 4382 517 4414 Ni
560 4363 813 4425 rrdotes;
871 4373 1110 4429 quorum
1167 4359 1358 4428 utique
1397 4358 1705 4428 frequentia
1759 4359 2035 4414 consulta-

2194 2311 2425 2371 Βλέπεις
2463 2305 2552 2362 οἷοι
2583 2307 2889 2379 γράφουσιν
2919 2309 2966 2359 οἱ
2995 2305 3094 2376 τὴν
3124 2306 3391 2372 τετάρτην
3417 2301 3706 2370 συναθροξ⁶

2125 2419 2316 2465 σαντες
2359 2400 2620 2470 σῠνοδονς
2668 2397 3270 2467 Συγκροτηθησομένην
3321 2397 3420 2464 τὴν
3481 2393 3704 2445 σύνοδον

2125 2492 2512 2554 αὐθεντοῦντος
2544 2491 2637 2546 τοῦ
2665 2492 2884 2552 πάππα,
2943 2492 3039 2541 καὶ
3075 2489 3320 2557 σημᾶναι
3378 2482 3708 2547 καταξιοῦνο

2122 2605 2235 2654 τος,
2266 2588 2412 2650 ὅπως
2445 2588 2521 2647 εἰς
2555 2585 2689 2655 μίαν
2719 2582 2873 2634 πόλιν
2895 2580 3319 2648 παραγένωνται
3365 2577 3414 2630 οἱ
3477 2578 3706 2628 ἐπίσκο-

2122 2697 2234 2734 ποι.
2267 2677 2425 2732 Τοῦτ’
2455 2678 2564 2748 ἄρα
2595 2676 2691 2730 καὶ
2743 2677 2902 2745 μόνον
2933 2672 3218 2744 βούλονται
3259 2672 3312 2723 αἱ
3341 2671 3494 2738 am:
3541 2667 3703 2720 σύνο-

2120 2774 2221 2838 δοι,
2251 2774 2392 2827 κατὰ
2421 2773 2556 2826 Θεοῦ
2577 2771 2739 2842 χάριν
2766 2771 2964 2831 ἑαυτὰς
3014 2769 3112 2820 καὶ
3141 2764 3425 2830 θέσπισμα
3489 2759 3704 2829 βασιλιο

2123 2870 2220 2925 κὸν
2245 2866 2708 2938 συναθροισθῆναι
2739 2861 3184 2931 διαγορεύουσαιο
3223 2859 3285 2910 οῦ
3320 2858 3427 2926 γὰρ
3451 2855 3514 2924 δὴ
3536 2853 3704 2907 πλέον

2132 2961 2503 3028 ἀπονέμουσιν
2535 2960 2592 3011 αἱ
2624 2956 2834 3009 σύνοῗοι
2887 2955 3001 3016 τοῖς
3060 2948 3396 3021 βασιλεῦσιν,
3459 2946 3488 3015 ἦ
3544 2945 3707 2998 αὐτοὶ

2053 3072 2096 3130 c
2130 3055 2336 3106 ὲαντοῖ
2365 3053 2413 3104 οἱ
2456 3050 2716 3121 βασιλεῖς.

2201 3145 2268 3198 ’⁸0
2295 3144 2351 3196 δὲ
2371 3144 2570 3210 λέγεις,
2607 3141 2690 3194 ὅτι
2724 3140 2878 3193 Λέων
2911 3140 2938 3192 ό
2974 3136 3249 3207 μακάριος
3309 3133 3541 3195 πάππας
3574 3131 3712 3184 Θεο-

2125 3239 2288 3307 δοσίῳ
2327 3237 2404 3307 τῷ
2442 3236 2654 3307 βασιλεῖ
2681 3236 2932 3304 γράφων.
2976 3232 3101 3285 ἀντὶ⁸
3137 3229 3376 3300 μεγάλου
3421 3228 3569 3291 me;
3621 3228 3713 3280 αἱ·

2129 3333 2299 3384 τεῖται
2329 3329 2661 3383 κατανεῦσαι
2690 3329 2782 3379 τὸν
2811 3323 3036 3396 βασιλέα
3071 3323 3296 3392 γενικὴν
3325 3319 3714 3390 συγκροτηθῆ-

2132 3441 2218 3477 ναι
2251 3422 2466 3475 σῦνοεον
2495 3423 2552 3474 ὲν
2573 3419 2798 3490 Ἰταλίᾳ,
2858 3419 2953 3471 καὶ
2980 3419 3064 3471 ὃτι
3091 3415 3192 3468 οὐκ
3224 3415 3290 3466 ἂν
3335 3413 3520 3482 ἐζήτει
3569 3413 3716 3483 ὅπερ

2132 3518 2227 3568 σὺν
2248 3515 2324 3584 τῷ
2357 3514 2550 3583 δικαίῳ
2581 3512 2818 3581 ἔφθασεν
2857 3509 3020 3581 ἔχωνο
3061 3509 3224 3572 αὐτὸς
3257 3509 3286 3560 ὁ
3319 3508 3473 3561 Λέων
3503 3505 3715 3575 ἄριστα

2130 3607 2405 3674 διασαφεῖ,
2442 3607 2538 3659 καὶ
2568 3605 2687 3659 λύει
2714 3602 2813 3670 τὴν
2870 3599 3122 3657 ἔνστασιν
3155 3605 3212 3656 ἐν
3244 3595 3323 3664 οἷς
3350 3598 3549 3669 γράφει
3585 3599 3719 3651 κατ’

2131 3701 2302 3770 αὐτὴν
2328 3699 2545 3768 ἐκείνην
2564 3698 2663 3766 τὴν
2695 3697 3010 3766 ἐπιστολήνο
3045 3714 3064 3747 ι
3090 3696 3214 3759 Τοῖς
3261 3696 3584 3764 γράμμασι·
3608 3693 3718 3759 τῆς

2135 3794 2408 3865 ὑμετέρας
2434 3792 2855 3862 φιλανθρωπίας
2882 3788 3225 3860 ἐντυχόντες,
3250 3788 3286 3842 ἃ
3305 3789 3508 3857 πρώτῳ
3537 3786 3722 3840 ἐστείο

2132 3889 2259 3942 λατε
2291 3887 2387 3940 τοῦ
2414 3885 2691 3958 μακαρίου
2727 3883 3026 3938 ἀποστόλου
3062 3885 3270 3952 Πέτρου
3326 3881 3402 3950 τῷ
3431 3881 3611 3951 θρόνῳ
3642 3879 3718 3931 ἐκ

2133 3982 2231 4051 τῆς
2268 3979 2405 4048 πρὸς
2435 3982 2534 4047 τὴν
2556 3977 2856 4045 καθολικὴν
2889 3975 3074 4028 πίστιν
3130 3973 3449 4035 διαθέσεως,
3515 3969 3722 4024 τοσαύ-

2135 4089 2237 4142 την
2268 4070 2536 4140 ἐλάϐομεν
2571 4069 2901 4137 πεποίθησιν
2930 4067 3023 4120 τοῦ
3061 4065 3420 4136 ἐκδικηθῆναι
3456 4064 3526 4117 δι’
3554 4064 3724 4134 ὑμῶν

2138 4166 2237 4234 τὴν
2274 4165 2534 4236 ἀλήθειαν
2567 4162 2663 4216 καὶ
2686 4163 2785 4232 τὴν
2815 4161 3096 4231 εἰρήνην.»
3148 4156 3305 4213 Eleas
3361 4177 3378 4211 ι
3422 4147 3726 4227 Ἐγνωμὲν

2139 4258 2246 4325 γὰρ
2273 4255 2685 4326 διηγησαμένου
2716 4253 3015 4306 πιστότατα
3049 4253 3178 4320 ὑμῖν
3219 4251 3428 4322 Ὶλάρου
3462 4249 3551 4302 τοῦ
3579 4253 3728 4319 ἡμε-

2139 4351 2301 4420 τέρου
2337 4347 2586 4403 διακόνου
2622 4346 2914 4407 πλείστους
2961 4346 3133 4415 ἱερεῖς
3167 4344 3444 4397 συνελθεῖν
3477 4344 3556 4405 είς
3616 4343 3730 4410 τὴν

465 4454 597 4506 Ι·ιυιιὶ
633 4451 919 4524 etjudicio
951 4449 1266 4522 profuisset,
1285 4451 1330 4505 si
1355 4451 1400 4506 is
1427 4451 1521 4521 qui
1546 4450 1650 4506 sibi
1675 4450 1854 4507 locum
1885 4451 2023 4521 prin-

2145 4440 2383 4503 σύνοδον,
2416 4435 2491 4492 ὦν
2515 4440 2548 4508 ἡ
2583 4437 2794 4510 πληθὺς
2829 4438 3046 4505 ἐγένετο
3072 4435 3136 4488 ἂν
3155 4435 3270 4524 πρὸ
3302 4435 3465 4505 ἔργου
3487 4436 3550 4504 τῇ
3582 4451 3732 4504 συμ-

462 4564 638 4612 t'tpctn
669 4543 1008 4609 vindicabat,
1044 4543 1442 4600 sacerdotalem
1475 4543 1922 4600 moderationem.
1943 4559 2038 4599 cu-

463 4640 672 4698 stodire
701 4639 988 4698 voluisset.
1029 4656 1048 4692 ι

535 4824 807 4895 Loquitur
853 4835 1036 4880 autem
1075 4822 1316 4894 pontifex
1365 4823 1434 4878 de
1487 4822 1770 4886 Dioscoro,
1795 4821 1890 4892 qui
1931 4821 2038 4877 sibi

464 4919 646 4976 locum
677 4918 980 4988 principem
1034 4918 1430 4981 vindicaverat,
1476 4917 1736 4986 quoniam
1765 4916 1833 4970 ab
1864 4916 2039 4985 impe-

465 5021 648 5071 ratore
675 5009 985 5066 Theodosio
1019 5011 1313 5081 primatum
1370 5021 1424 5064 et
1463 5010 1848 5066 auctoritatem
1879 5024 2041 5064 acce-

468 5111 622 5174 perat
653 5103 707 5157 in
738 5103 976 5163 secunda
1006 5103 1216 5173 synodo
1267 5101 1536 5169 Ephesius
1561 5142 1574 5164 ,
1611 5113 1667 5154 ut
1701 5110 1918 5156 constat
1971 5116 2038 5156 ex

467 5193 638 5262 prima
687 5195 904 5249 actione
949 5191 1434 5249 Chalcedonensis.
1473 5191 1590 5248 Hoc
1642 5192 1806 5261 igitur
1857 5207 2044 5258 repre-

471 5284 718 5341 hendens
753 5302 890 5356 papa
922 5294 978 5342 et
1012 5285 1064 5340 in
1101 5285 1301 5339 litteris
1330 5285 1397 5338 ad
1430 5286 1771 5340 Pulcheriam
1806 5291 1857 5335 et
1881 5282 2042 5347 alios,

469 5379 908 5436 manifestissime
922 5378 1181 5443 ostendit,
1201 5377 1345 5446 quod
1361 5378 1405 5432 si
1427 5393 1628 5432 munus
1649 5379 2045 5446 imperatorum

468 5482 614 5528 esset
658 5486 990 5542 congregare
1034 5470 1275 5539 synodos
1303 5508 1317 5530 ,
1361 5469 1607 5538 ipsorum
1635 5483 1857 5536 quoque
1894 5475 2046 5521 esset

469 5565 600 5620 dare
625 5566 807 5619 locum
846 5563 1145 5631 principem
1181 5561 1236 5615 in
1262 5561 1331 5614 iis
1367 5561 1455 5614 cui
1488 5561 1709 5615 vellent.
1742 5559 1906 5629 Atqui
1933 5559 2046 5614 Leo

473 5675 608 5731 papa
638 5659 741 5711 hoc
775 5655 1153 5725 reprehendit,
1183 5663 1238 5708 et
1273 5653 1590 5708 Dioscorutn
1627 5653 1702 5706 ait
1734 5651 2046 5706 vindicasse

471 5745 576 5803 sibi
611 5743 910 5814 principem
941 5745 1144 5810 locum,
1172 5743 1423 5814 quamvis
1457 5744 1549 5798 ille
1581 5740 1683 5796 hoc
1711 5743 1778 5797 ab
1813 5741 2043 5812 impera-

2141 4532 2331 4603 σουλίᾳ
2371 4531 2464 4584 καὶ
2494 4532 2561 4600 τῇ
2594 4531 2798 4599 κρίσει,
2857 4528 3017 4599 εἴπερ
3073 4515 3362 4598 ἱερατικὴν
3412 4525 3730 4578 ἐπιείκειαν

2150 4625 2388 4694 φυλάξαι
2441 4623 2710 4693 ἠθέλησεν
2766 4623 3016 4686 ἐκεῖνος,
3096 4623 3250 4684 ὅστις
3312 4618 3492 4689 ἑαυτῷ
3550 4617 3730 4670 τόπον

2141 4718 2461 4788 ἐξάρχοντος
2484 4714 2733 4780 ὲξεδίκει.
2768 4733 2784 4766 ι

2213 4811 2378 4878 Λέγει
2407 4809 2465 4864 δὲ
2498 4811 2630 4879 περὶ
2660 4808 2956 4878 Διοσκιῦρου
2978 4808 3006 4860 ὁ
3037 4806 3289 4873 πάππας,
3327 4806 3490 4858 τόπον
3521 4805 3730 4875 ἄρχον-

2142 4923 2233 4967 τος
2263 4903 2438 4973 ἑαυτῷ
2471 4901 2861 4971 ἐκδικήσαντος
2893 4899 2982 4953 διὰ
3010 4900 3072 4952 τὸ
3107 4903 3257 4970 παρᾶ
3315 4898 3598 4950 Θεοδοσίου
3627 4897 3731 4950 τοῦ

2147 4999 2414 5069 βασιλέως
2444 4998 2543 5068 τὴν
2577 4996 2867 5050 αῦθεντίαν
2918 4995 3014 5048 καὶ
3043 4995 3112 5048 τὰ.
3136 4996 3382 5065 πρωτεῖα
3413 4994 3510 5062 τῆς
3540 4992 3732 5045 δευτέ-

2148 5109 2247 5162 ρας
2274 5093 2330 5141 ὲν
2363 5089 2574 5158 Ἐφέσῳ
2595 5088 2876 5158 εἰληφέναι
2897 5085 3136 5150 συνόδου,
3170 5085 3246 5148 ὡς
3275 5085 3433 5153 δῆλον
3462 5087 3525 5136 ἐκ
3547 5085 3645 5153 τῆς
3676 5085 3733 5137 α’

2146 5185 2399 5253 πράξεως
2412 5183 2513 5252 τῆς
2537 5182 2806 5252 τετάρτης
2821 5180 3064 5234 συνόδου.
3085 5179 3255 5234 Τοῦτο
3273 5178 3404 5246 γοῦν
3435 5197 3501 5248 με
3511 5180 3734 5248 μφόμε-

2149 5294 2236 5338 νος
2263 5279 2290 5328 ὁ
2323 5277 2550 5335 πάππας
2575 5272 2834 5334 ἐνταῦθα,
2866 5273 2960 5324 κοιλ⁸
2991 5274 3050 5324 ὲν
3077 5274 3189 5336 τοῖς
3214 5274 3347 5340 πρὸς
3383 5270 3733 5341 [Ιουλχερέαν

2149 5369 2578 5440 γράμμασι,καὶ
2603 5369 2824 5436 ἑτέρους
2859 5367 3174 5434 σαφέστατα
3230 5367 3526 5429 δείκνυσιν,
3553 5367 3636 5418 ὃτι
3672 5367 3731 5418 ει

2153 5462 2417 5534 βασιλέων
2464 5457 2530 5530 ἦν
2585 5460 2645 5512 τὸ
2697 5460 2951 5528 συνάγειν
3007 5460 3106 5522 τὰς
3141 5459 3414 5522 συνόδους,
3457 5457 3732 5528 βασιλέων

2149 5559 2215 5611 ἂν
2261 5552 2328 5624 ἦν
2381 5554 2472 5606 καὶ
2534 5552 2592 5605 τὸ
2640 5551 2822 5604 δοῦναι
2885 5550 2985 5620 τὴν
3043 5551 3333 5604 αῦθεντίαν
3381 5549 3492 5602 τῶν
3565 5551 3730 5603 συνό-

2149 5650 2255 5703 δων
2294 5649 2386 5699 καὶ
2443 5645 2511 5696 τὰ
2563 5646 2808 5711 πρωτεῖα
2863 5639 2942 5704 οἷς
2981 5641 3045 5695 ἂν
3090 5642 3387 5711 βούλοιντο,
3422 5641 3584 5695 Ἀλλὰ
3614 5639 3729 5710 μὴν

2150 5740 2311 5796 τοῦτο
2369 5736 2643 5808 μέμφεται
2695 5737 2721 5787 ὁ
2754 5734 3021 5805 μακάριος
3069 5735 3241 5802 Λέων,
3297 5735 3378 5790 ὅτι
3428 5733 3726 5806 Διόσκορος
