4064 6206
351 239 457 302 865

1667 240 2100 302 iiFFUTATiO
2142 241 2318 301 NIIJ.

3490 241 3596 305 365

352 348 656 412 Πλακιδίας
687 349 822 420 πρὸς
851 350 1153 412 Θεοδόσιον,
1193 352 1399 404 ἐκεῖνον
1439 352 1582 420 ἔχειν
1611 355 1698 404 τὸν
1737 356 1924 424 θρόνον

2040 362 2142 404 lum
2203 355 2549 422 episcopatus
2597 353 2869 410 ordinavit
2918 354 3011 425 qni
3059 354 3312 409 caelestes
3343 369 3596 425 accupore

349 444 377 494 6
412 443 644 504 πάππος
674 441 1089 510 ἀναγορεύεται,
1119 446 1174 495 ἐν
1196 437 1239 510 ᾧ
1264 445 1323 493 τὸ
1353 449 1619 514 πρωτεῖον
1672 447 1772 510 τῆς
1805 451 1923 498 ἑπι-

348 533 620 598 σκοπικῆς
657 532 812 596 ἀξίας
835 534 1166 598 καθίδρυσεν
1226 537 1252 585 6
1306 535 1403 595 τὰς
1461 536 1607 597 κλεῖς
1664 537 1923 600 δέξασθαι

346 625 444 683 τὶις
469 623 761 691 οὐρανίους
800 624 1072 687 ἀξιωθείς.

431 733 491 787 Ἡ
538 733 589 798 ς’
622 735 857 797 σύνοδνις,
892 732 957 806 ἧς
993 755 1156 803 φασιν
1186 741 1234 790 οξ
1281 740 1524 810 Πατέρες
1558 743 1613 792 ἐν
1642 741 1714 810 τῷ
1757 760 1926 810 προσ-

350 826 646 896 φωνῃτικῷ
679 827 810 894 πρδς
836 829 927 878 τὸν
975 828 1040 897 βα
1055 831 1200 882 ςιλέα
1235 832 1664 884 Κωνσταντὶἰιον⁹
1709 853 1727 881 ι
1776 835 1835 887 Ὀ
1869 835 1926 885 δὲ

347 919 780 988 κορυφαιότατος
815 919 947 988 ἡμῖν
995 923 1395 991 συνηγωνίζετο
1451 923 1924 992 πρωταπόστολοςο

347 1012 438 1064 16v
472 1011 574 1081 γὰρ
609 1011 817 1063 ἐκείνου
848 1013 1115 1082 μιμητὴν,
1174 1014 1266 1066 καὶ
1296 1015 1394 1083 τῆς
1433 1015 1703 1086 καθέδρας
1751 1015 1927 1068 διάδο-

349 1122 445 1173 χον
493 1106 716 1172 εἴχομεν
747 1103 1137 1172 ὑπαλείφοντα.
1168 1125 1184 1156 ι

425 1221 485 1273 Εἰ
522 1220 652 1288 γοῦν
707 1221 951 1291 διάδοχος
997 1221 1092 1276 τοῦ
1152 1223 1361 1292 Πέτρου
1429 1223 1457 1275 6
1511 1221 1765 1285 πάππας,
1831 1221 1926 1274 καὶ

351 1315 593 1375 τοιοῦτος
653 1313 920 1383 διάδοχος,
975 1309 1087 1367 οἷον
1146 1317 1204 1368 ai
1265 1316 1650 1384 οἰκουμινικαὶ
1714 1314 1924 1366 σύνοδοι

352 1403 860 1475 προσμαρτυροῦσι,
933 1406 1032 1475 τὴν
1075 1405 1248 1476 αὐτὴν
1320 1405 1524 1474 δηλαδὴ
1591 1405 1668 1476 τῷ
1731 1407 1926 1474 Πέτρῳ

353 1499 602 1561 ἐξουσίαν
637 1498 798 1567 ἔχων,
834 1497 910 1560 ὡς
939 1499 1033 1550 καὶ
1061 1501 1120 1551 ὲν
1144 1503 1211 1569 τῇ
1244 1498 1288 1568 β’
1322 1500 1524 1570 πράξει
1563 1499 1662 1568 τῆς
1694 1498 1741 1561 ζ’
1773 1498 1925 1550 συνό-

352 1590 444 1641 δου
476 1589 771 1660 διαρρήδην
831 1589 926 1659 βοᾷ
959 1589 1246 1656 Ἀδριανὸς
1296 1593 1325 1643 6
1387 1593 1616 1652 πάππας
1675 1591 1919 1658 γράφων·

2028 445 2208 498 claves
2251 446 2448 514 dignus
2482 444 2602 498 fuit.

2100 734 2258 788 Sexta
2325 735 2583 804 synodus,
2631 736 2787 804 rnjns
2853 738 3040 792 Patres
3078 738 3130 790 in
3165 737 3599 804 Prosphonetiio

2029 824 2092 877 ad
2161 823 2580 879 Constantinum
2629 828 3034 896 imperatorem.
3103 848 3120 879 ι
3160 830 3458 893 Summus,
3515 833 3601 884 in-

2028 916 2245 984 quiunt,
2284 917 2569 970 nobiscum
2626 920 2981 974 concertabat
3035 923 3408 990 apostolorum
3444 926 3599 992 prin-

2028 1023 2157 1074 ceps
2189 1024 2201 1061 :
2242 1010 2386 1062 illius
2414 1012 2559 1063 enim
2592 1010 2924 1065 imitatorem
2958 1021 3013 1067 et
3041 1013 3191 1068 sedis
3219 1030 3597 1070 successorem

2029 1097 2366 1153 habebamus
2394 1102 2768 1171 inungentcm.
2807 1125 2825 1157 ι

2100 1210 2154 1266 Si
2184 1228 2314 1281 ergo
2345 1212 2491 1268 Petri
2537 1231 2824 1270 successor
2872 1229 2956 1273 est
2992 1235 3124 1289 papa
3151 1263 3165 1287 ,
3198 1223 3429 1294 talisque
3467 1241 3596 1280 suc-

2028 1317 2214 1356 cessor
2241 1305 2456 1373 qualem
2476 1307 2751 1373 generalia
2783 1319 3052 1365 testantur
3075 1315 3327 1380 concilia,
3350 1318 3596 1371 eamdem

2029 1395 2240 1450 scilicet
2301 1412 2464 1467 quam
2525 1399 2718 1454 Petrus
2793 1403 3175 1458 auctoritatem
3246 1407 3497 1475 habens,
3546 1420 3606 1464 ut

2028 1489 2242 1543 acti0ne
2269 1506 2302 1542 ιι
2331 1495 2576 1559 septima:
2599 1495 2790 1564 synodi
2814 1495 3086 1551 Adrianus
3121 1515 3259 1567 papa
3291 1501 3606 1558 luculenter

2029 1581 2228 1636 asserit
2268 1583 2321 1636 in
2361 1583 2558 1639 litteris
2589 1586 2654 1639 ad
2711 1588 3110 1656 imperatores;
3148 1607 3269 1643 nam
3307 1595 3420 1657 ipse
3455 1596 3604 1663 prin-

354 1682 512 1743 αὺτδς
556 1683 665 1749 γὰρ
699 1683 726 1734 6
759 1681 984 1753 ἔξαρχος
1039 1681 1150 1735 τῶν
1207 1683 1544 1748 ἀποστόλων,
1595 1683 1624 1735 6
1659 1683 1927 1752 μακάριος

2040 1688 2162 1739 ceps
2217 1675 2586 1742 apostolorum
2654 1679 2842 1734 beatus
2871 1680 3084 1743 Petrus,
3144 1682 3236 1752 qui
3287 1688 3600 1752 apostolicae

355 1773 582 1842 Πέτρος,
614 1777 641 1827 6
666 1774 882 1842 πρῶτος
926 1774 1023 1843 τῆς
1052 1775 1418 1843 ἁποστολικῆς
1439 1775 1724 1845 ,καθέδρας
1760 1791 1926 1845 προσ-

350 1863 603 1933 δρεύσας,
644 1869 744 1934 τῆς
795 1867 1166 1934 ἀποστολικῆς
1223 1864 1391 1920 αὐτοῦ
1431 1867 1586 1932 ἀξίας
1621 1865 1720 1936 τὴν
1762 1867 1929 1937 ἀκρό-

351 1975 490 2028 τητα
515 1959 610 2010 καὶ
643 1959 1010 2028 ποιμαντικῆς
1039 1957 1321 2029 φροντίδος
1355 1958 1622 2011 κατέλιπε
1655 1959 1767 2018 τοῖς
1796 1958 1928 2011 ἑαυ-

349 2051 446 2104 τοῦ
485 2050 772 2119 διαδόχοις,
804 2051 1002 2114 οἵτινες
1033 2051 1128 2104 ἐπὶ
1148 2049 1243 2103 τοῦ
1285 2051 1581 2121 ίερωτάτου
1616 2051 1780 2103 αὐτοῦ
1804 2049 1929 2119 θρό-

353 2162 447 2197 νου
471 2146 548 2205 st;
575 2143 635 2196 16
657 2143 906 2212 διηνεκὲς
941 2141 1318 2196 καθεδοῦνται·
1364 2137 1444 2204 οἷς
1505 2142 1600 2194 καὶ
1648 2141 1746 2212 τὴν
1780 2141 1930 2205 ἐξου-

355 2237 501 2301 σίαν,
562 2236 743 2297 καθὼς
803 2235 952 2303 αὐτῷ
1013 2235 1166 2304 παρὰ
1203 2233 1300 2286 τοῦ
1364 2232 1620 2302 Σωτῆρος
1667 2233 1926 2285 δεσπότου

352 2327 491 2381 Θεοῦ
527 2328 704 2396 ἐδόθη,
743 2329 835 2380 καὶ
875 2327 1035 2388 αὐτὸς
1067 2329 1178 2387 τοῖς
1210 2325 1476 2394 διαδόχοις
1526 2324 1693 2377 αὑτοῦ
1743 2325 1930 2394 ἀρχιε-

358 2421 544 2490 ρεῦσιν
580 2418 702 2488 θείᾳ
776 2418 1068 2489 προστάξει
1127 2417 1414 2484 παρέδωκε
1469 2417 1566 2469 καὶ
1611 2417 1931 2486 παρακατέ-

361 2514 506 2566 θετοο
530 2513 645 2575 πῶς
683 2513 888 2580 λέγεις,
917 2513 1000 2564 ὅτι
1034 2511 1122 2565 ἄλ)
1135 2527 1210 2574 ως
1236 2508 1346 2581 εἶχε
1377 2510 1472 2572 τὴν
1503 2510 1747 2575 ἐξουσίαν
1776 2511 1804 2562 6
1831 2510 1932 2562 Πέ-

357 2623 508 2674 τρος,
550 2607 648 2658 καὶ
682 2605 854 2664 ἄλλως
890 2607 915 2656 6
945 2609 1209 2668 πάπποις,
1269 2596 1474 2662 ἐκεῖνος
1529 2601 1735 2663 ἁπλῶς,
1778 2595 1934 2664 οὗτος

360 2698 462 2768 οὐχ
483 2696 691 2762 ἁπλῶς,
723 2696 830 2748 τῶν
894 2696 1126 2748 συνόδων
1185 2695 1454 2748 τάναντία
1508 2693 1932 2760 διδασκουσῶν;

363 2791 477 2846 Καὶ
502 2790 590 2843 διὰ
625 2789 778 2842 τοῦτο
813 2789 985 2858 μέγας
1013 2792 1038 2841 ὁ
1071 2787 1294 2857 Ῥώμης
1328 2786 1535 2854 Θρόνος,
1567 2787 1651 2838 ὅτι
1693 2784 1934 2838 καταλῦ-

364 2900 463 2946 σας
493 2884 610 2934 ἐκεῖ
632 2883 723 2934 16v
751 2880 864 2952 βίον
886 2883 914 2934 6
945 2881 1170 2949 Πέτρος,
1231 2879 1474 2949 διάδοχον
1509 2877 1937 2948 ἰσοδυναμοῦντα

361 2977 460 3028 16v
491 2977 724 3029 πάππαν
754 2974 1064 3027 κατέλιπεν.
1108 2974 1169 3026 '0
1193 2972 1249 3025 δὲ
1275 2972 1380 3025 τῶν
1425 2969 1814 3041 Ἰεροσολύμων
1838 2969 1938 3039 οὐχ

2030 1764 2146 1819 sedi
2179 1767 2431 1836 primitus
2485 1771 2756 1838 praesedit,
2800 1772 2882 1825 sui
2926 1775 3268 1841 apostolatus
3322 1776 3600 1845 principa-

2033 1863 2120 1910 tus
2157 1873 2220 1912 ac
2255 1860 2542 1928 pastoralis
2574 1875 2722 1916 curae
2765 1864 3181 1918 successoribus
3220 1865 3357 1926 suis,
3401 1868 3493 1936 qui
3542 1869 3597 1921 in

2030 1949 2148 2019 ejus
2173 1952 2547 2007 sacratissima
2574 1954 2703 2008 sede
2731 1958 3054 2023 perenniter
3093 1959 3298 2011 sessuri
3328 1969 3474 2022 sunt,
3505 1961 3604 2014 dc-

2034 2044 2285 2110 reliquit;
2320 2046 2519 2114 quibus
2568 2057 2625 2100 et
2672 2048 3012 2102 auctoritatis
3044 2059 3386 2117 potestatem,
3415 2069 3607 2122 quem-

2031 2135 2324 2189 admodum
2357 2153 2384 2188 a
2442 2135 2722 2192 Salvatore
2761 2152 2956 2195 nostro
2992 2142 3218 2196 Domino
3256 2143 3366 2199 Deo
3392 2148 3441 2200 ei
3470 2162 3602 2201 con-

2032 2241 2184 2280 cessa
2215 2236 2320 2291 est,
2356 2237 2412 2281 et
2458 2229 2571 2297 ipse
2601 2245 2820 2300 quoque
2867 2234 2982 2287 suis
3018 2235 3252 2289 contulit
3277 2251 3341 2290 ac
3373 2239 3602 2294 tradidit

2033 2319 2222 2373 divino
2271 2321 2430 2388 jussu
2494 2324 2908 2379 successoribus
2966 2327 3352 2395 pontificibus;
3393 2347 3492 2386 eur
3546 2345 3601 2387 tu

2031 2411 2194 2474 dicis,
2258 2423 2608 2481 potestatem,
2671 2417 2787 2471 sive
2847 2418 3077 2487 gratiam
3118 2421 3280 2474 aliter
3329 2423 3382 2476 in
3417 2423 3604 2487 Petro.

2033 2503 2194 2557 aliter
2221 2519 2338 2558 esse
2373 2505 2425 2558 in
2455 2508 2908 2572 successoribus;
2958 2509 3012 2563 in
3048 2511 3141 2564 illo
3170 2513 3516 2582 simpliciter,
3547 2518 3603 2572 in

2035 2594 2122 2648 bis
2145 2611 2251 2649 non
2279 2595 2620 2663 simpliciter,
2648 2613 2772 2652 cum
2804 2599 2996 2670 synodi
3029 2605 3303 2658 contraria
3331 2607 3563 2662 doceant
3584 2610 3609 2662 ἲ

2037 2684 2222 2755 Magna
2258 2684 2423 2756 igitur
2473 2688 2632 2742 sedes
2685 2688 2904 2755 Romm,
2935 2691 3059 2759 quia
3093 2693 3287 2748 Petrus
3327 2697 3442 2751 illic
3493 2699 3606 2753 vita

2038 2776 2259 2832 functus
2311 2767 2684 2835 successorem
2753 2782 2948 2851 aequali
3008 2794 3279 2852 potestate
3319 2789 3605 2856 praeditum

2040 2867 2265 2936 reliquit
2327 2882 2542 2938 papam.
2612 2869 2684 2924 At
2735 2869 3261 2943 Hierosolymitanus
3320 2894 3426 2932 non
3491 2881 3602 2936 ita:

2044 2968 2264 3014 tantum.
2288 2962 2433 3014 enim
2488 2961 2642 3016 abest
2694 2971 2753 3016 ut
2784 2972 3008 3034 prapter
3041 2967 3337 3024 Salvatoris
3371 2983 3603 3028 mortem

363 3065 558 3129 οὕτως·
587 3065 839 3118 τοσοῦτον
869 3065 978 3136 γὰρ
1013 3067 1206 3134 ἀπεῖχε
1246 3062 1338 3116 τοῦ
1379 3062 1616 3130 ’πρῶτος
1671 3057 1813 3114 εἶναι
1848 3061 1935 3114 διὰ

2044 3053 2276 3120 primatu
2295 3054 2548 3124 gaudeat,
2566 3064 2623 3108 ut
2647 3056 2813 3111 etiam
2846 3059 3054 3115 honore
3081 3072 3275 3118 auctus
3303 3065 3613 3137 subiaceret

362 3160 457 3213 τὸν
491 3160 606 3212 tusi
633 3159 862 3212 θάνατον
894 3157 987 3210 τοῦ
1017 3157 1289 3226 Σωτῆρος,
1357 3153 1500 3206 ὥστε
1539 3153 1634 3206 καὶ
1662 3156 1936 3222 τιμηθεὶς,

366 3250 626 3303 ὑπέκειτο
655 3251 720 3318 τῇ
783 3246 1118 3314 Καισαρείας
1176 3235 1532 3313 μηέροπὸλει,
1579 3240 1652 3302 ὦς
1690 3257 1857 3310 φησιν
1905 3240 1938 3308 ή

367 3343 418 3396 α’
457 3341 674 3403 σύνοδος
724 3344 781 3394 ἐν
815 3342 890 3410 τῷ
922 3341 965 3404 ζ’
994 3337 1203 3391 κανόνι·
1255 3336 1374 3393 οὐδὲ
1403 3337 1508 3405 γὰρ
1540 3334 1652 3404 ἔχει
1686 3333 1940 3403 δαὸοχὴν

367 3435 401 3502 ἡ
439 3432 532 3486 τοῦ
561 3429 796 3502 Χριστοῦ
825 3430 1114 3500 ίῖρωσύνη.

998 3585 1268 3642 ΝΕΙΛΟΣ.

447 3747 466 3778 ι
504 3725 636 3778 ΕΞδέ
672 3740 729 3776 σε
763 3721 985 3792 Θορυδεῖ
1038 3723 1098 3774 16
1123 3721 1220 3786 τῆς
1246 3718 1412 3789 τιμῆς
1441 3718 1694 3788 μέγεθος,
1730 3715 1758 3770 6
1792 3715 1943 3786 παρὰ

367 3819 478 3872 τῶν
508 3815 796 3887 μακαρίων
833 3813 1090 3884 Πατέρων
1118 3815 1145 3864 6
1179 3814 1276 3881 τῆς
1318 3810 1535 3880 Ῥώμης
1593 3809 1944 3877 ἐκληρώσατο

369 3911 580 3982 θρόνος,
613 3909 816 3973 τάξεως
853 3907 1099 3975 φυλακὴν
1126 3905 1186 3957 16
1209 3903 1448 3957 τοιοῦτον
1490 3904 1652 3973 ἡγοῦ.
1696 3903 1857 3970 Μέγα
1887 3901 1944 3954 δὲ

369 4005 526 4074 παρὰ
547 4005 656 4064 τοῖς
687 4003 860 4068 ἁγίοις
886 4003 919 4071 ἡ
951 3999 1126 4062 τάξις,
1159 3997 1193 4067 ἢ
1226 3996 1322 4049 καὶ
1355 3997 1421 4048 τὰ
1468 3997 1698 4065 οὐράνια
1730 3996 1942 4062 συνέχει

367 4093 564 4152 καὶ-τὰ
592 4093 834 4159 ἐπίγεια.
870 4110 888 4142 ι

955 4246 1386 4301 ΑΝΤΙΡΡΠΣΙΣ.

2042 3145 2362 3202 Caesariensi
2385 3151 2693 3216 metropoli,
2717 3161 2772 3203 ut
2797 3153 3032 3218 septimo
3068 3170 3168 3208 suo
3196 3169 3405 3210 canone
3436 3159 3610 3228 prium

2044 3237 2286 3307 synodus
2311 3241 2387 3293 ait
2415 3259 2428 3292 :
2454 3241 2656 3296 Christi
2693 3259 2839 3298 eum
2872 3247 3241 3303 sacerdotium
3276 3252 3482 3306 nullum
3517 3270 3616 3324 po-

2045 3339 2151 3387 test
2202 3332 2402 3388 babere
2441 3350 2840 3391 successorem.

2491 3545 2704 3632 anus
2735 3576 2888 3648 (Cap.
2929 3575 3140 3645 xxxvi.

2123 3727 2142 3759 ι
2182 3709 2241 3763 Si
2269 3723 2400 3762 vero
2433 3717 2482 3762 te
2507 3721 2814 3762 commovet
2839 3712 3066 3764 honoris
3098 3727 3246 3782 papae
3276 3715 3614 3776 magnitudo.

2045 3816 2205 3868 quam
2245 3817 2274 3853 a
2314 3800 2489 3854 beatis
2514 3800 2770 3854 Patribus
2804 3800 3045 3855 Romana
3097 3803 3256 3858 sedes
3285 3806 3477 3860 sortita
3507 3816 3614 3868 est,

2045 3893 2248 3948 factum
2276 3893 2380 3948 hoc
2411 3905 2536 3962 puta
2568 3895 2819 3960 serrandi
2845 3894 3054 3949 ordinis
3083 3897 3278 3966 gratia.
3306 3897 3481 3968 Magni
3513 3914 3614 3952 au-

2049 3991 2154 4036 tem
2190 3983 2247 4034 tit
2268 3999 2294 4032 ιι
2325 3981 2526 4034 sanctis
2556 3981 2808 4034 Patribus
2830 3980 2989 4048 ordo,
3019 3984 3110 4052 qui
3135 3995 3191 4040 et
3223 3987 3466 4042 coelestia
3491 3999 3624 4041 cni-

2049 4074 2185 4128 tinet
2217 4081 2274 4128 et
2304 4075 2607 4128 terrestria.
2651 4095 2669 4126 ι

2597 4229 3057 4288 CONFUTATIO.

444 4388 727 4460 Πανταχοῦ
749 4387 895 4442 κατὰ
923 4385 1021 4454 τῆς
1057 4385 1232 4453 ἀρχῆς
1256 4383 1349 4434 τοῦ
1380 4382 1580 4433 πάππα
1618 4379 1935 4450 μηχανώμε-

2129 4388 2262 4440 Dum
2297 4403 2489 4443 omnes
2521 4389 2803 4445 machinas
2835 4391 3065 4447 adhibes
3091 4400 3279 4447 contra
3324 4392 3620 4462 primatum

371 4501 484 4546 νος,
509 4484 662 4552 παρὰ
686 4481 795 4532 τῶν
830 4478 1114 4548 μακαρίων
1155 4476 1413 4544 Πατὲρων
1455 4472 1625 4541 αὐτὴν
1655 4470 1941 4537 κατάγεις·

373 4579 467 4629 καὶ
501 4574 574 4636 ὡς
635 4571 1088 4639 ἀποδεδειγμένον
1130 4568 1428 4638 λαμϐάνεις
1475 4564 1534 4616 16
1595 4568 1678 4616 σοὶ
1729 4561 1943 4638 δοκοῦν,

372 4641 878 4735 ἁντιφθεγγομὲνας
921 4663 1062 4730 ἔχων
1094 4662 1191 4722 τὰς
1245 4658 1409 4724 ἁγίας
1466 4655 1734 4719 συνόδους,
1773 4649 1846 4706 ὢν
1881 4654 1945 4704 σὺ

372 4765 469 4816 καὶ
491 4763 540 4814 οἱ
571 4761 712 4812 κατὰ
745 4758 804 4809 σὲ
836 4757 950 4817 τοῖς
980 4753 1252 4823 θεμελίοις
1281 4747 1682 4818 ὲπερείδεσθαι,
1723 4748 1824 4799 οὐκ
1852 4742 1946 4798 οἷδ’

371 4857 546 4917 ὅπως,
591 4851 1044 4920 μεγαληγορεῖτε.
1096 4845 1252 4911 Παρὰ
1283 4843 1392 4892 τῶν
1423 4840 1686 4909 Πατέρων
1713 4838 1843 4906 γοῦν
1867 4853 1950 4890 νε-

371 4943 769 5016 νομοθετῆσθαι
801 4939 977 5007 λέγων
1001 4937 1061 4988 16
1103 4934 1332 5004 μέγεθος
1367 4933 1466 5000 τῆς
1505 4929 1600 4984 τοῦ
1637 4930 1838 4983 πάππα
1870 4945 1948 4979 τι-

379 5040 510 5107 μῆς,
532 5035 740 5088 ἐκεῖθεν
762 5033 858 5086 καὶ
877 5034 975 5099 τὴν
1005 5029 1156 5094 τάξιν
1183 5026 1545 5094 γενεαλογεῖς.
1567 5018 1702 5077 Εῐτα
1721 5024 1830 5084 τοῖς
1853 5021 1948 5089 μὲν

372 5129 650 5196 οὐρανίοις
681 5127 774 5179 κα)⁵
799 5123 1062 5189 ἐπιγείοις
1091 5118 1243 5183 τάξιν
1264 5119 1558 5186 ἀπονέμεις
1589 5115 1950 5184 θεοπρύτευτον

373 5223 474 5276 καὶ
504 5217 764 5288 φυσικὴν,
799 5218 864 5286 τῇ
911 5214 969 5266 δὲ
1016 5211 1448 5280 ἐκκλησιαστικῇ
1492 5206 1745 5277 ίεραρχίᾳ
1801 5205 1951 5274 παρὰ

374 5315 488 5367 τῶν
508 5311 768 5382 Πατέρων
798 5305 1267 5374 οἰκονομηθείσαν,
1291 5303 1385 5354 τοῦ
1407 5302 1656 5370 Σωτῆρος
1677 5301 1948 5366 λέγοντος

380 5404 492 5458 Καὶ
529 5404 627 5456 ἐπὶ
693 5406 877 5466 ταύτῃ
924 5397 996 5465 τῇ
1047 5395 1232 5463 πέτρᾳ
1279 5390 1656 5460 οἰκοδομήσω
1690 5407 1808 5459 μου
1838 5389 1952 5456 τὴν

389 5493 787 5558 Ἐκκλησίαν.
818 5488 1290 5556 Οἱκοδομήσαντος
1321 5483 1414 5536 οῦν
1458 5481 1552 5539 τοῦ
1581 5480 1818 5550 Χριστοῦ
1852 5483 1950 5548 τὴν

455 5679 495 5708 ’⁸
537 5673 728 5729 Matth.
765 5688 875 5733 xw,
909 5670 991 5768 l§.

2017 4543 2030 4556 γ,
2056 4494 2230 4549 papae,
2279 4497 2304 4530 a
2356 4479 2531 4533 beatis
2566 4481 2820 4536 Patribus
2871 4482 3071 4551 ubique
3104 4483 3255 4536 illum
3283 4482 3540 4545 deducis;
3569 4493 3625 4536 et

2057 4572 2212 4639 quasi
2235 4570 2668 4623 demonstratum
2689 4573 2892 4640 accipis
2913 4570 3169 4640 quodltibi
3188 4572 3386 4639 placet,
3407 4583 3554 4626 conti
3569 4588 3625 4624 a-

2057 4661 2367 4716 dicentibus
2393 4661 2487 4714 tibi
2518 4668 2686 4716 sacris
2721 4662 2970 4716 conciliis
2993 4679 3008 4715 :
3035 4677 3271 4731 quorum
3303 4661 3624 4717 fundamen-

2057 4755 2127 4808 tis
2156 4753 2310 4807 inniti
2335 4763 2387 4806 tu
2410 4754 2594 4820 tuique
2621 4754 2824 4806 similes
2848 4753 3029 4806 nescio
3063 4768 3169 4822 qua
3193 4752 3622 4825 frontejacmtis.

2129 4846 2311 4915 Itaque
2355 4860 2502 4913 ριιρερ
2531 4844 2958 4912 magnitudinem
2998 4859 3027 4896 a
3059 4844 3310 4899 Patribus
3340 4857 3624 4913 acceptam

2059 4953 2289 5008 ponens.
2322 4937 2449 4990 inde
2482 4936 2646 4989 etiam
2681 4935 2894 4988 ordinis
2929 4937 3127 4990 seriem
3163 4936 3398 5006 pendere
3434 4938 3529 4991 ais.
3562 4938 3627 4992 Et

2059 5029 2378 5083 cmlestibus
2402 5027 2620 5095 quidem
2666 5043 2730 5080 ac
2762 5027 3116 5082 terrestribus
3146 5028 3396 5083 ordinem
3431 5031 3627 5084 tribuis

2059 5138 2088 5172 a
2125 5119 2234 5171 Deo
2264 5120 2447 5170 datum
2491 5126 2544 5169 et
2573 5117 2897 5177 naturalem,
2939 5117 3262 5172 hierarebize
3289 5134 3416 5172 vero
3444 5119 3624 5172 eccle-

2059 5209 2292 5265 siastica:
2318 5209 2566 5262 ordinem
2596 5225 2624 5264 a
2662 5209 2918 5262 Patribus
2965 5209 3324 5270 des:inatum.
3351 5225 3477 5263 cum
3510 5209 3628 5263 Sal-

2059 5309 2214 5354 vator
2237 5300 2380 5354 dicat
2409 5318 2422 5354 :
2460 5300 2524 5353 Et
2552 5317 2710 5370 super
2743 5301 2877 5354 hanc
2907 5313 3110 5371 petram
3137 5299 3400 5369 wdiﬁciibo
3443 5297 3629 5352 Eccle-

2059 5393 2194 5443 siam
2249 5393 2418 5446 meam
2469 5392 2534 5446 “.
2597 5392 2733 5446 Cum
2792 5407 2922 5463 ergo
2978 5391 3228 5446 Christus
3275 5388 3629 5444 nidiﬁcaverit

2061 5483 2384 5550 Ecclesiam,
2412 5485 2784 5541 necessarium
2808 5494 2889 5538 cst
2920 5495 2979 5538 ut
3005 5485 3071 5538 ab
3095 5482 3287 5538 eodem
3313 5483 3378 5536 sit
3409 5477 3629 5535 aediﬁcii
