4064 6206
359 309 464 372 869

1650 310 2090 371 REFUTA'I‘IO
2135 311 2324 374 NlLI.

3497 315 3602 379 870

355 418 990 483 Κωνσταντινουπόλεως
1047 419 1294 490 κεφαλὴν
1369 419 1799 486 ίσοδυναμοῦσαν
1854 420 1930 490 τῷ

2042 430 2236 475 rnatum
2268 423 2557 477 colluviem
2577 439 2764 478 secum
2795 425 3082 494 pertraxit.
3107 426 3176 482 Ut
3205 426 3353 481 enim
3388 429 3598 484 videre-

354 514 574 584 πάππα.
596 511 670 564 Τὸ
686 511 742 564 δὲ
767 511 971 581 σχίσμα
997 510 1185 580 ὥσπερ
1208 512 1542 581 χειμάρρους
1560 511 1651 581 βίᾳ
1674 513 1932 582 ἐκραγεὶς

356 606 526 660 πολὺν
554 605 824 674 συρφετὸν
854 606 1143 673 δογμάτων
1168 605 1650 672 συνεφειλκύσατο.
1677 605 1794 659 Ἷνα
1823 605 1932 676 γὰρ

358 701 436 770 μὴ
468 699 780 769 παράλογον
825 698 953 770 δόξῃ
1000 699 1060 752 τὸ
1095 698 1376 768 τόλμημα,
1429 701 1528 769 τὴν
1585 700 1930 770 καλουμένην

357 790 488 860 παρ’
517 790 671 858 ὑμῶν
718 793 775 842 ἐν
804 787 882 857 τῷ
927 788 1180 856 συμϐόλῳ
1215 789 1532 857 προσθήκην
1576 789 1930 856 ἐπενθήσατε,

355 885 436 936 ὃτι
465 884 532 951 δὴ
561 885 783 934 Λατῖνοι
832 881 890 932 τὸ
936 881 1086 949 παρὰ
1135 881 1234 948 τῆς
1283 885 1332 947 γ’
1379 879 1614 948 ὁρισθὲν,
1647 880 1720 940 ὡς
1772 879 1928 946 φατὲ,

359 975 581 1028 συνόδου
628 973 982 1041 παραϐάντες
1013 972 1303 1040 γεγόνασιν
1340 972 1442 1024 ὑπὸ
1473 970 1741 1037 ἀνάθεμα.
1777 971 1932 1024 Μετὰ

357 1065 529 1117 ταῦτα
559 1065 651 1115 καὶ
679 1062 810 1114 αὐτὸ
840 1061 900 1114 τὸ
934 1061 1131 1128 δόγμα,
1181 1061 1280 1129 τὴν
1314 1060 1408 1112 καὶ
1449 1061 1512 1112 ὲκ
1542 1060 1635 1112 τοῦ
1683 1059 1812 1110 Υίοῦ
1839 1061 1932 1112 ὲκ-

361 1156 624 1225 πόρευσιν
666 1151 758 1204 τοῦ
809 1152 1076 1217 παναγῐου
1130 1151 1448 1218 Πνεύματος
1493 1149 1775 1218 διασύρειν
1807 1151 1933 1200 ἐπε-

359 1246 677 1314 χειρήσατε,
702 1244 766 1298 ,τί
801 1243 874 1310 μὴ
905 1241 1181 1308 λέγοντες,
1211 1241 1264 1292 τί
1299 1240 1374 1308 μὴ
1402 1241 1741 1308 γράφοντεςς
1777 1239 1932 1308 Ἀμα

362 1339 420 1390 δὶ
450 1340 544 1390 καὶ
579 1337 677 1404 τὴν
733 1335 1018 1388 Σαδὸἁτου
1053 1331 1310 1402 νηστείαν
1360 1332 1649 1401 κωμῳδεῖν
1691 1329 1932 1400 ἧρξασθε

365 1427 724 1481 ἁποστολικόν
747 1443 865 1478 τινα
885 1424 1316 1494 προϐαλλόμενοι
1335 1427 1532 1477 κανόνα
1544 1425 1636 1477 τὸν
1659 1425 1818 1494 μέχρι
1835 1424 1934 1492 τῆς

366 1521 486 1572 τότε
525 1519 706 1588 μάχης
737 1520 796 1570 ὲν
825 1519 998 1588 γωνίᾳ
1027 1532 1131 1569 που
1164 1517 1437 1585 κείμενον.
1471 1516 1547 1575 ὡς
1577 1515 1933 1579 ἐπίπλαστον,

367 1611 457 1662 καὶ
495 1613 562 1680 τῇ
593 1611 914 1678 ἀρχαιότητι
941 1611 1243 1676 ἄγνωστον.
1270 1608 1497 1671 Τούτοις
1539 1608 1934 1678 ἐξηκολούθησε

366 1703 459 1754 καὶ
496 1703 531 1770 ἡ
567 1701 707 1754 κατά
738 1701 831 1754 τοῦ
881 1701 1098 1770 ἁζύμου
1143 1700 1472 1765 φιλονεικία.
1519 1699 1934 1767 διατεινομένων

364 1792 518 1861 ὑμῶν
557 1789 846 1843 Ἰουδαϊκὸν
870 1785 1011 1866 εἶναι
1032 1789 1094 1842 τὸ
1120 1789 1350 1858 ἄζυμον,
1382 1789 1476 1841 καὶ
1509 1789 1639 1852 τοὺς
1678 1787 1938 1848 Λατίνους
1971 1779 2009 1832 Β

363 1883 639 1947 ἀζυμίτας
661 1881 994 1936 καλούντων.
1028 1882 1156 1935 Ἐπὶ
1177 1881 1391 1944 τούτοις
1423 1880 1555 1935 ἀνέκ
1570 1880 1660 1950 ,ψε
1683 1881 1776 1933 καὶ
1795 1882 1828 1943 ἡ
1843 1877 1938 1932 τοῦ

367 1975 740 2046 καθαρτηρίου
769 1975 1105 2045 ἀπάρνησις,
1156 1976 1251 2026 καὶ
1292 1973 1390 2042 τῆς
1420 1971 1776 2034 ἀπολαύσεως
1828 1972 1938 2024 τῶν

367 2067 539 2134 ἁγίων
561 2083 578 2098 ο
607 2066 826 2128 πλείους
856 2065 964 2134 γὰρ
991 2066 1078 2118 ἀεὶ
1105 2066 1205 2126 τὰς
1233 2063 1504 2132 διαφορὰς
1537 2061 1882 2132 ὲπεσὼρευεν
1903 2062 1948 2132 ἠν

365 2159 604 2228 διχόνοια
634 2159 709 2228 μὴ
750 2159 909 2226 μόνον
941 2159 998 2211 ἐν
1038 2157 1325 2225 δόγμασιν,
1360 2154 1497 2206 ἀλλά
1528 2156 1630 2207 κὰν
1659 2154 1939 2222 διαφόροις

367 2252 812 2322 θρησκεύμασιν.
862 2249 1020 2303 Οὕτω
1063 2249 1354 2304 Λατινικὸν
1389 2249 1517 2317 ὑμῖν
1556 2246 1704 2299 δοκεῖ
1744 2248 1776 2316 ἡ
1815 2249 1939 2315 όσηο

374 2347 542 2415 μέραι
571 2342 910 2411 γονυκλισία,
944 2341 1041 2394 καὶ
1070 2342 1130 2394 τὸ
1160 2341 1337 2410 ἱεροὺς
1365 2339 1601 2408 ἐγείρειν
1629 2338 1736 2390 τῶν
1766 2338 1940 2404 ἁγίων

367 2436 716 2507 ἀνδριάντας.
763 2435 869 2488 Ἑῶ
898 2433 1099 2500 λέγειν,
1149 2433 1230 2483 ὅτι
1261 2429 1588 2501 χωρίζοντες
1635 2428 1704 2480 τὰ
1752 2427 1942 2496 ἀνδρό-

369 2541 515 2614 χυνα
561 2526 661 2594 τὴν
709 2520 1088 2592 τετραγαμίαν
1138 2519 1405 2572 ἀθετεῖτε,
1457 2517 1567 2571 Καὶ
1614 2517 1941 2614 φρονοῦντες

368 2608 536 2684 οὕτω,
590 2616 684 2670 καὶ
731 2614 876 2669 οὕτω
927 2613 1342 2682 πολιτευόμενοι
1395 2610 1816 2680 μεγαλαυχεῖτε,
1866 2608 1942 2671 ὼς

371 2711 566 2781 πόρρω
592 2709 698 2762 τῶν
723 2706 1108 2778 νεωτερισμῶν
1134 2705 1560 2771 καθεστηκότες,
1599 2701 1694 2752 καὶ
1724 2699 1942 2765 ἀπαρά·

371 2817 559 2870 τρωτα
585 2799 656 2853 τὰ
687 2799 889 2868 ἀρχαῖα
929 2795 1314 2866 φυλάττοντες.
1349 2789 1488 2845 Ποία
1527 2790 1660 2856 γοῦν
1700 2788 1854 2855 τάξις
1885 2789 1942 2840 ἐν

367 2893 621 2957 τούτοις;
653 2891 686 2961 ἦ
731 2893 886 2943 ποῖον
921 2889 1153 2958 μέγεθος
1195 2885 1325 2956 παρ’
1357 2885 1488 2954 ὑμῖν
1527 2885 1625 2952 τῆς
1659 2880 1823 2950 τιμῆς
1849 2879 1940 2931 τοῦ

373 2987 614 3049 πάππος
658 2983 852 3052 ’Υμεῖς
906 2981 1070 3035 αὑτὸν
1123 2979 1402 3045 ὲξεώσατε
1470 2974 1583 3026 τῶν
1625 2971 1902 3040 διπτύχων
1922 2985 1943 3013 ρ

2035 513 2167 566 mini
2224 529 2332 567 nou
2391 515 2511 568 sine
2561 516 2724 587 justis
2787 518 2967 571 causis
3013 520 3131 572 ausi
3165 520 3311 589 quod
3374 521 3599 583 fecistis.

2032 603 2463 658 additamentum
2496 603 2774 675 Symbolo,
2809 619 2868 661 ut
2899 609 3125 673 vocalis,
3161 611 3363 665 iactum
3415 614 3604 666 crimi-

2032 694 2262 758 namini,
2290 705 2344 748 et
2376 695 2598 750 Latinos
2629 699 2801 753 tertiae
2837 701 3027 768 synodi
3059 702 3343 756 decretqu
3375 704 3602 759 violasse

2033 787 2239 850 dicitis,
2259 772 2328 840 ac
2346 787 2472 841 inde
2497 791 2827 845 anathemati
2855 793 3132 864 subjectos
3158 809 3299 848 esse.
3341 795 3468 850 Post
3490 797 3604 852 haec

2036 877 2212 947 ipsum
2279 894 2498 948 quoque
2562 881 2799 949 dogma,
2864 884 3127 942 nimirum
3199 889 3602 956 processionem

2033 966 2206 1024 san’cti
2239 969 2474 1038 Spiritus
2497 989 2524 1025 a
2546 971 2705 1036 Filio,
2731 977 3023 1043 reprobare
3050 978 3315 1046 cmpistis,
3345 981 3474 1049 quid
3496 996 3603 1034 non

2036 1060 2302 1125 dicentes,
2343 1061 2474 1129 quid
2516 1077 2625 1116 non
2656 1064 2994 1120 scribentes!
3045 1077 3301 1136 praeterea
3331 1069 3600 1140 jejunium

1992 1193 1998 1202 .
2035 1147 2257 1204 Sabbati
2287 1153 2709 1220 reprehendere,
2739 1163 3004 1223 prretextu
3034 1159 3317 1228 cujusdam
3353 1162 3602 1224 canonis,

2033 1256 2195 1310 quem
2234 1243 2593 1311 apostolicum
2628 1245 2847 1311 dicitis;
2894 1249 2986 1315 qui
3030 1249 3094 1301 ad
3152 1266 3213 1304 ea
3253 1267 3427 1321 usque
3462 1263 3600 1307 tem-

2035 1349 2166 1401 pora
2194 1333 2366 1388 latens
2397 1343 2526 1389 tunc
2555 1338 2800 1400 emersit,
2847 1355 3040 1409 nempe
3075 1351 3132 1394 ut
3183 1345 3338 1397 [ictus
3381 1355 3434 1397 et
3463 1346 3603 1398 anti-

2035 1425 2232 1494 quitati
2270 1426 2601 1496 incognitus.
2642 1428 2766 1483 Haec
2791 1431 3081 1486 subsecuta
3115 1444 3199 1487 est
3225 1437 3504 1489 contentio
3539 1437 3606 1490 de

2036 1531 2247 1587 azymo,
2310 1518 2685 1573 asserentibus
2734 1519 2891 1574 vobis
2955 1521 3083 1575 illud
3137 1539 3255 1577 esse
3297 1524 3605 1591 Iudaicum,

2035 1607 2366 1678 Latinosque
2398 1611 2717 1665 vocantibus
2752 1613 3035 1682 azymitas.
3086 1615 3224 1668 Hinc
3277 1620 3456 1669 or‘tum
3516 1618 3609 1670 ha-

2037 1700 2158 1754 buit
2210 1700 2396 1770 Opinio
2455 1703 2827 1771 purgatorium
2901 1720 3105 1774 negans
3173 1719 3228 1760 et
3288 1706 3603 1761 fruitionem

2039 1804 2352 1847 sanctorum
2377 1811 2389 1857 ;
2412 1795 2598 1862 plures
2628 1797 2774 1849 enim
2807 1797 3201 1867 discrepantias
3229 1801 3610 1855 accumulabat

2039 1879 2094 1934 in
2150 1880 2267 1934 dies
2306 1881 2591 1936 disisidium
2641 1898 2751 1938 ncn
2797 1887 2973 1940 solum
3026 1903 3124 1956 per
3184 1889 3454 1958 dogmata,
3511 1891 3607 1944 sed

2038 1972 2202 2026 etiam
2237 1974 2289 2026 in
2330 1973 2587 2028 exteriori
2611 1977 2761 2030 cultu
2797 1977 3097 2047 religionis.
3137 1979 3211 2032 lta
3241 1980 3394 2034 vobis
3427 1980 3608 2036 Latini

2040 2063 2206 2118 moris
2263 2079 2382 2118 esse
2433 2065 2648 2120 videtur
2681 2069 2999 2137 quotidiana
3052 2086 3286 2140 genuum
3335 2071 3497 2127 {levio
3553 2081 3608 2129 et

2040 2169 2318 2208 sacrarum
2351 2165 2653 2213 statuarum
2685 2162 2939 2222 erectio..
2971 2161 3152 2218 Taceo
3179 2165 3346 2232 quod,
3375 2166 3608 2223 diiortia

2040 2247 2244 2300 vinculi
2275 2248 2653 2316 permittentes
2678 2291 2693 2315 ,
2744 2254 3118 2322 tetragamiam
3153 2257 3490 2326 improbatis.
3515 2261 3610 2314 At-

2042 2351 2147 2404 que
2181 2337 2254 2391 ita
2296 2339 2598 2396 sentientes
2626 2351 2682 2396 et
2719 2342 2808 2400 his
2854 2345 3069 2416 legibus
3100 2351 3364 2413 viventes.
3395 2353 3610 2420 gloria-

2041 2428 2174 2481 mini
2213 2428 2357 2498 quod
2399 2432 2604 2485 nullam
2639 2433 2973 2490 admiseritis
3004 2440 3321 2506 novitatem,
3357 2451 3413 2495 et
3469 2442 3612 2498 inte-

2041 2533 2190 2586 gram
2225 2521 2458 2574 servetis
2486 2522 2889 2592 antiquitatem.
2910 2525 3044 2591 Quis
3074 2543 3206 2598 ergo
3238 2529 3292 2583 in
3325 2531 3410 2586 his
3436 2532 3611 2587 ordo?

2043 2619 2137 2662 aut
2170 2626 2290 2679 quae
2329 2611 2471 2680 apud
2524 2627 2620 2666 vos
2656 2615 2974 2683 magnitudo
3013 2618 3240 2674 honoris
3273 2623 3468 2690 papa?
3499 2621 3609 2680 Vos

2042 2699 2193 2753 illum
2230 2715 2262 2754 e
2287 2699 2564 2770 diptychis
2588 2705 2953 2771 expunxistis,
2976 2719 3074 2761 vos
3111 2707 3264 2762 illum
3299 2725 3407 2764 non
3436 2711 3609 2767 habe-

2041 2789 2114 2844 tis
2139 2790 2545 2856 orthodoxum;
2577 2803 2629 2847 et
2658 2794 2806 2862 quod
2862 2795 2940 2850 illi
2994 2811 3268 2851 summum
3307 2802 3610 2856 conceditis

2041 2891 2126 2936 est
2155 2893 2214 2936 ut
2253 2883 2460 2950 primus
2490 2883 2714 2951 sedeat,
2743 2895 2800 2940 et
2846 2896 3166 2942 numeretur
3214 2891 3444 2958 primus,
3480 2892 3606 2948 dum

2043 2973 2346 3028 catholicus
2363 2973 2452 3027 sit.
2475 2982 2543 3027 At
2569 2976 2701 3045 quid
2724 2976 2870 3031 aliud
2900 2978 3017 3033 haec
3049 2990 3179 3035 sunt
3205 2998 3371 3052 quam
3395 2984 3610 3039 ordinis

370 3079 530 3149 ὑμεῖς
560 3076 724 3130 αὑτὸν
749 3076 850 3128 οὐκ
895 3074 1049 3144 ἔχετε
1079 3071 1363 3140 ὀρθόδοξον
1397 3082 1414 3098 ⁶
1461 3069 1552 3120 καὶ
1585 3065 1644 3118 τὸ
1689 3065 1941 3135 μέγιστον

2045 3063 2313 3131 confusio,
2341 3073 2397 3119 et
2443 3066 2623 3136 legum
2654 3067 2860 3124 Christi
2889 3073 3248 3142 oppugnatio,
3288 3085 3344 3128 et
3371 3075 3608 3147 synodo-

371 3138 527 3239 at.ch
549 3169 878 3238 ἀπονέμετε,
901 3138 1017 3230 ίαν,
1039 3138 1225 3235 φησιν,
1259 3159 1539 3233 ὀρθόδοξος
1565 3155 1622 3230 ᾖ,
1659 3171 1941 3228 πρωτοκα-

2049 3170 2170 3210 rum
2197 3156 2655 3214 mcumenicarum
2691 3138 3070 3233 contemptio?

375 3263 599 3334 θεδρίαν
622 3263 720 3316 καὶ
739 3260 1170 3331 προαρωμησιν.
1213 3257 1276 3308 ἰἰ
1313 3255 1369 3308 δὲ
1391 3253 1520 3308 ἄλλο
1545 3251 1777 3320 ταῦταῆ
1843 3249 2042 3315 ἀταξία
2091 3252 2186 3304 καὶ
2230 3252 2517 3324 σύγχυσις,
2588 3255 2681 3308 καὶ
2752 3256 3190 3327 ἁντινομοθετιῖν
3215 3260 3294 3332 τῷ
3362 3259 3610 3334 Χριστῷ.

374 3356 472 3408 καὶ
499 3355 805 3408 ἀντιλέγειν
843 3355 961 3416 ταῖς
996 3349 1406 3419 οίκουμενικαῖς
1435 3345 1545 3398 τῶν
1584 3343 1820 3398 συνόδων
1853 3359 1869 3411 ;

1028 3463 1302 3518 ΝΕΙΔΟΣ.

462 3606 483 3639 ι
521 3583 663 3639 Ἀλλ’
691 3583 792 3636 οὐκ
821 3580 960 3644 ἔστι,
993 3577 1148 3650 φησὶ,
1184 3577 1278 3629 τοῦ
1325 3575 1526 3630 πάππα
1554 3575 1723 3645 χωρὶς
1752 3576 1818 3628 τὰ
1851 3575 1943 3626 ὲκ-

375 3675 736 3750 κλησιαστικὰ
761 3673 1158 3738 κανονίζεσθαι.
1200 3668 1396 3733 Καλῶς
1430 3687 1516 3738 γε.
1559 3669 1698 3723 Ἀλλ’
1722 3669 1844 3721 οὐδὲ
1867 3667 1942 3738 τῷ

377 3773 584 3841 πάππα
602 3770 712 3824 τῶν
736 3767 913 3821 ἄλλων
931 3767 1123 3836 χωρὶς,
1151 3764 1254 3826 ἓως
1279 3763 1345 3816 ἂν
1370 3763 1481 3826 τοῖς
1502 3761 1610 3816 τῶν
1630 3759 1944 3815 ἀποστόλων

376 3866 567 3933 νόμοις
597 3853 1004 3929 πειθόμενος
1047 3854 1350 3924 Ἀνάγνωθι
1389 3852 1703 3907 ἀποστόλων
1742 3851 1942 3904 κανόνα

373 3954 472 4009 λδ·
510 3973 529 4006 ι
564 3953 704 4015 Τοὺς
737 3950 1067 4012 ἐπισκόπους
1108 3947 1339 4000 ἑκάστου
1382 3946 1568 4007 ἔθνους
1598 3943 1798 3996 είδέναι
1839 3940 1944 4013 Χρὴ

375 4045 470 4099 τδν
513 4046 573 4098 ἐν
601 4042 786 4104 αὐτοῖς
818 4043 1056 4109 πρῶτον,
1106 4038 1203 4090 καὶ
1244 4035 1497 4105 ἡγεῖσθαι
1531 4033 1694 4087 αὐτὸν
1725 4032 1800 4096 ὠς
1849 4047 1942 4084 κε·

376 4135 574 4208 φαλην,
618 4135 715 4193 καὶ
748 4132 917 4204 μηδεν
951 4149 1006 4185 τι
1057 4129 1320 4200 πράττειν
1357 4124 1613 4197 περιττδν
1665 4125 1795 4179 ἄνευ
1845 4121 1944 4187 τῆς

376 4227 590 4281 ἐκείνου
622 4224 872 4295 γνώμης.
913 4221 1075 4276 Ἀλλὰ
1111 4219 1233 4292 μηδ’
1263 4220 1466 4282 ἐκεῖνος
1506 4216 1636 4270 ἄνευ
1669 4215 1771 4284 τῆς
1806 4215 1945 4268 πάν-

377 4337 487 4374 των
516 4316 745 4388 γνώμης
794 4314 1016 4369 ποιείτω
1057 4331 1140 4366 τιο
1176 4309 1319 4366 οὔτω
1347 4311 1458 4380 γὰρ
1492 4309 1716 4380 ὁμόνοια
1767 4308 1943 4372 ἔσται,

381 4414 477 4467 καὶ
505 4409 898 4477 δοξασθήσεται
931 4410 958 4460 ό
983 4405 1132 4470 Θεός.

957 4515 1396 4572 ΑΝἹῚΡΡΗΣΙΣ.
1442 4577 1449 4582 ,

451 4633 654 4686 Τοῦτον
683 4633 774 4686 τὸν
804 4631 1006 4686 κανόνα
1034 4632 1068 4700 ἡ
1110 4630 1169 4682 ιν
1205 4627 1507 4698 Ἀντιοχείᾳ
1545 4626 1759 4690 σύνοδος
1794 4624 1943 4682 εἶναι.

2520 3457 2728 3515 NlLUS
2759 3459 2910 3531 (Cap.
2942 3459 3130 3530 XXV).

2126 3591 2142 3623 ι
2177 3570 2251 3627 An
2287 3588 2394 3625 non
2431 3572 2578 3634 licet,
2616 3574 3030 3641 iuquiunt.sine
3065 3591 3202 3645 papa
3229 3577 3618 3640 ecclesiasticis

2051 3664 2284 3732 negotiis
2315 3665 2554 3734 regulam
2588 3663 2726 3718 dari.
2756 3665 2833 3719 Ita
2878 3665 3054 3735 plane.
3087 3665 3285 3722 Verum
3315 3685 3419 3724 nec
3461 3687 3615 3742 papa:

2051 3755 2168 3809 sine
2189 3757 2308 3810 aliis
2333 3756 2481 3822 licet,
2505 3756 2634 3810 dum
2663 3757 2866 3824 regulis
2895 3758 3209 3826 apostolicis
3236 3777 3430 3830 parere
3458 3765 3609 3820 velit.

2051 3845 2189 3916 Lege
2231 3849 2596 3914 apostolorum
2641 3864 2908 3903 canonem
2941 3849 3050 3903 δίε
3095 3869 3114 3902 ι
3169 3849 3471 3923 Episcopos
3515 3871 3614 3909 cu-

2043 3937 2239 4008 jusque
2264 3939 2436 4007 gentis
2467 3939 2608 3993 scire
2636 3948 2852 4006 oportet
2883 3941 3006 4010 quis
3056 3957 3245 3996 eorum
3276 3942 3501 4013 primus'
3520 3945 3616 4011 sit,

2049 4039 2104 4083 ct
2132 4031 2248 4082 loco
2269 4031 2460 4099 capitis
2488 4046 2613 4083 eum
2649 4022 2878 4094 habere,
2921 4033 3168 4103 nihilque
3198 4050 3355 4106 agere
3391 4036 3618 4090 modum

2051 4121 2335 4185 execdens,
2369 4122 2420 4174 id
2446 4132 2552 4184 est,
2607 4122 2672 4176 ad
2719 4124 3054 4192 provinciam
3092 4125 3392 4196 pertinens,
3424 4129 3614 4182 incon-

2050 4213 2194 4268 sulto
2229 4213 2343 4268 illo.
2377 4212 2482 4269 Sed
2525 4230 2625 4268 nec
2669 4214 2756 4269 ille
2800 4215 3096 4284 quidquam
3134 4228 3258 4288 agat
3291 4227 3489 4289 praeter
3529 4235 3618 4271 vo-

2049 4307 2313 4361 luntatem
2336 4307 2617 4373 omnium;
2658 4308 2729 4363 ita
2762 4310 2910 4362 enim
2942 4310 3046 4364 erit
3073 4312 3386 4378 concordia,
3411 4321 3466 4366 et
3498 4310 3609 4382 κιο-

2051 4396 2351 4454 rillcabitur
2397 4398 2564 4454 Deus.
2603 4417 2621 4450 ι

2603 4511 2827 4570 CONFU
2837 4511 3066 4568 ΤΔΤΙΟ.

2123 4623 2278 4678 Hunc
2317 4639 2581 4679 canonem
2615 4625 2954 4680 Antiochena
3000 4623 3236 4694 synodus
3269 4641 3368 4680 suo
3406 4641 3625 4682 canone

383 4727 644 4796 Πατάρων
697 4724 892 4793 φησιν.
937 4723 1056 4791 οὐχὶ
1091 4721 1428 4774 ἀποστόλων.
1476 4719 1620 4790 Πλὴν
1663 4719 1806 4773 ἔστω
1850 4721 1941 4772 καὶ

2051 4717 2270 4771 Patrum
2326 4731 2447 4770 esse
2500 4716 2656 4779 dicit,
2702 4732 2810 4771 non
2837 4719 3238 4786 apostolorum.
3275 4717 3380 4772 Sed
3414 4729 3530 4774 esto
3558 4731 3618 4774 ut

380 4812 540 4867 τοῦτο
571 4813 670 4882 σὴν
695 4813 880 4882 χάριν.
937 4809 1100 4863 Ἀλλὰ
1126 4809 1187 4862 τὸ
1218 4810 1344 4870 τοὺς
1376 4810 1604 4872 κανόνας
1633 4809 1850 4871 τούτους
1873 4811 1948 4871 ὡς

380 4903 821 4971 ταυτοδυνάμονς
847 4900 1170 4968 λαμϐάνειν,
1214 4900 1312 4953 καὶ
1337 4901 1402 4952 ὲκ
1446 4898 1542 4951 τοῦ
1571 4900 1948 4968 ἀντιστρέφειν

379 4995 475 5048 τδν
505 4993 782 5063 δεύτερον,
815 4991 1242 5061 ἀντιστρέφοντα
1274 4993 1446 5044 ποιεῖν
1477 4991 1572 5043 καὶ
1597 4991 1686 5042 τὸν
1709 4991 1946 5059 πρῶτον,

380 5085 761 5154 πολλῆςὲστιν
791 5082 1167 5146 ἐθελοκακεας.
1241 5081 1301 5136 Ὀ
1333 5084 1548 5152 πρῶτος
1572 5082 1814 5150 podium
1841 5083 1950 5132 τῶν

381 5175 859 5243 ἐκκλησιαστικῶν
895 5173 1154 5226 ἁπάντων
1181 5168 1323 5226 εἶναι
1349 5174 1549 5225 κανόνα
1579 5173 1670 5223 τὸν
1699 5173 1948 5223 πάππαν·

379 5268 410 5318 ὁ
439 5264 484 5333 β’
511 5265 618 5318 τῶν
652 5268 793 5318 κατὰ
828 5268 991 5334 μέρος
1046 5265 1380 5335 Ἐκκλησιῶν
1413 5262 1478 5316 τὰ
1515 5264 1657 5332 μέρη
1693 5262 1945 5331 σύμπνοα

384 5355 636 5425 βούλεται
669 5357 765 5410 καὶ
797 5358 1074 5426 ὁμόφωνα·
1109 5359 1138 5410 ό
1167 5355 1215 5411 α’
1245 5357 1312 5409 τὰ
1335 5355 1766 5421 ὲκκλησιαστικὰ
1803 5355 1948 5422 λέγει

380 5453 453 5503 τὰ
490 5453 624 5520 πρὸς
654 5451 1023 5520 καταρτισμὸν
1072 5451 1310 5519 ἑκάστης
1355 5449 1680 5518 Ἐκκλησίας
1736 5450 1949 5500 συντεί-

384 5562 567 5608 νοντα,
603 5545 678 5614 μὴ
707 5545 814 5597 δεῖν
842 5547 921 5608 εἰς
956 5544 1189 5605 κανόνος.
1223 5544 1454 5612 δύναμιν
1483 5541 1804 5612 προσαίνειν
1845 5557 1950 5609 χω-

385 5641 469 5706 ρἰς
520 5636 613 5690 τοῦ
653 5637 842 5690 πάπα’
876 5640 903 5688 ὁ
951 5635 995 5704 β’
1045 5639 1158 5698 τοῖς
1204 5634 1577 5705 ἐπαρχιώταις
1627 5632 1946 5695 ἐπισκόποις

381 5731 754 5784 διακελεύεται
784 5731 948 5800 μηδὲν
973 5732 1234 5800 πράττειν
1258 5746 1318 5780 πε
1333 5728 1531 5794 ριτεὸν,
1551 5727 1843 5790 τουτέστιν,
1874 5727 1948 5790 ὡς

2051 4811 2175 4874 vis;
2224 4817 2372 4864 certe
2415 4822 2678 4862 canonem
2723 4809 3183 4877 antiquissimum,
3220 4817 3280 4862 ut
3319 4811 3436 4864 sine
3476 4825 3613 4882 pupa

2051 4915 2160 4953 non
2205 4899 2362 4953 liceat
2419 4898 2686 4954 Ecclesias
2721 4899 2996 4968 regulari;
3045 4909 3099 4953 et
3133 4913 3397 4953 canonem
3446 4917 3612 4970 quem

2052 4991 2282 5058 profers,
2329 5006 2542 5046 sumere
2603 5001 2856 5059 tanquam
2897 4991 3324 5059 :equivalentes:
3384 5001 3440 5044 et
3487 4994 3619 5060 quia

2054 5081 2322 5148 posteiior
2355 5081 2712 5145 convertitur,
2743 5081 2880 5133 velle
2925 5089 2982 5132 ut
3013 5080 3161 5147 prior
3197 5081 3360 5133 etiam
3387 5094 3619 5134 conver-

2055 5183 2218 5235 tatur,
2277 5175 2379 5227 hoc
2431 5183 2514 5227 est
2561 5173 2727 5227 animi
2769 5173 2906 5226 rnala
2965 5185 3158 5241 sponte
3207 5173 3614 5242 amplectentis.

2051 5265 2265 5319 Primus
2296 5266 2514 5318 mandat
2550 5273 2608 5316 ut
2639 5250 2778 5332 papa
2831 5265 2900 5318 sit
2928 5265 3112 5335 regula
3161 5265 3405 5318 omnium
3437 5265 3622 5320 eccle-

2055 5356 2397 5410 siasticarum
2427 5369 2607 5409 rerum
2627 5357 2947 5424 :posterior,
2975 5364 3035 5409 ut
3067 5356 3483 5424 provincialium
3513 5355 3617 5410 Ec»

2054 5447 2344 5501 clesiarum
2412 5445 2653 5499 membra
2731 5447 3062 5500 conveniant
3124 5456 3182 5500 et
3252 5445 3617 5502 concordent.

2055 5535 2208 5592 Prior
2255 5536 2622 5591 ecclesiastica
2672 5537 2886 5606 inquit,
2911 5554 3032 5606 qua:
3081 5539 3147 5592 ad
3187 5537 3488 5606 perfectum
3515 5550 3615 5589 cu-

2049 5633 2244 5701 jusque
2271 5630 2524 5684 Ec‘clesize
2542 5640 2741 5684 statum
2773 5642 3045 5698 spectant,
3076 5646 3179 5683 non
3207 5640 3326 5685 esse
3369 5628 3420 5681 in
3447 5639 3620 5680 cano-

2056 5739 2182 5777 num
2222 5723 2444 5776 l'ormam
2481 5723 2768 5790 redigenda
2817 5723 2932 5776 sine
2978 5737 3150 5790 papa;
3207 5722 3342 5773 alter
3371 5717 3622 5788 praecipit
