4064 6206
418 253 518 318 881
1854 267 2009 346 nox

2056 267 2238 326 τωι.
3549 276 3651 339 εδ]

1747 401 3612 424 .______________________________________

1759 560 2329 650 MONITUM

1371 713 1484 774 (Mai
1523 711 1821 763 Bibliotheca
1853 727 1975 762 nova
2003 714 2199 764 Patrum
2226 724 2341 765 tom.
2372 719 2456 779 Vl,
2485 735 2529 778 p.
2557 721 2685 777 μθ.)

491 960 532 1014 Α
565 958 759 1014 Nicetis
801 958 871 1010 ad
911 957 1204 1012 Theodaros
1251 959 1576 1011 redeundum
1625 966 1716 1011 est.
1756 956 1898 1010 Sane
1933 939 2084 1026 quem
2123 962 2273 1013 modo
2321 963 2515 1016 edituri
2548 980 2727 1018 sumus
2760 965 3087 1023 Theodorum
3146 969 3544 1033 Mcliteniotam,
3601 975 3655 1027 in

421 1056 682 1114 postrema
715 1044 1013 1134 Graecitatis
1045 1053 1202 1134 astate
1226 1044 1510 1134 collocavit
1560 1045 1795 1098 Allatius
1823 1044 2050 1134 diatrib.
2097 1063 2150 1098 η.
2185 1045 2502 1115 CXXXIII,
2537 1052 2627 1120 qui
2659 1069 2778 1106 eum
2816 1054 2948 1122 facit
2980 1059 3283 1112 scribentem
3323 1077 3464 1114 anno
3497 1059 3654 1114 Chri-
3700 1075 3726 1134 ιι

418 1139 488 1189 sti
517 1136 671 1216 15b1,
711 1140 804 1187 sub
839 1133 1045 1186 Joanne
1077 1132 1102 1188 ι
1133 1133 1433 1216 Palteologo
1461 1134 1802 1201 imperatore.
1835 1131 1937 1186 Sed
1966 1141 2142 1186 tamen
2180 1151 2283 1188 non
2321 1139 2499 1191 omnia
2530 1156 2688 1204 nova,
2731 1142 2998 1197 deteriora
3031 1155 3172 1210 sunt,
3206 1151 3344 1216 quod
3374 1149 3428 1200 in
3456 1151 3654 1202 cunctis

424 1213 614 1292 linguis
653 1222 960 1291 populisque
993 1212 1376 1292 comperimus;
1405 1234 1454 1276 et
1502 1223 1615 1292 ipse
1649 1221 1887 1275 Allatius
1931 1238 2061 1290 opus
2104 1222 2378 1288 Theodori,
2419 1243 2541 1280 mox
2572 1246 2602 1281 a
2637 1229 2786 1284 nobis
2830 1232 3027 1298 partim
3060 1212 3337 1296 edendum,
3373 1235 3454 1289 vel
3486 1239 3654 1304 potius

423 1311 782 1369 delibandum,
817 1311 943 1363 dicit
975 1309 1208 1370 doctum,
1239 1311 1417 1364 divina
1450 1310 1695 1364 doctrina
1731 1309 2005 1378 refertum.
2041 1318 2090 1363 et
2126 1311 2344 1380 dignum
2381 1313 2522 1382 quod
2565 1314 2730 1370 lucem
2762 1318 2956 1371 videat.
2990 1318 3084 1372 list
3113 1329 3288 1374 autem
3316 1323 3424 1376 ha’c
3448 1321 3652 1377 στατο-

424 1415 538 1451 rum
574 1407 848 1452 auctorum
883 1398 1043 1450 etiam
1076 1397 1245 1464 inﬁmi
1291 1398 1386 1451 (cvi
1432 1397 1561 1450 laus.
1606 1397 1997 1466 quodammodo
2040 1398 2352 1467 singularis,
2393 1411 2446 1454 ut
2486 1402 2758 1473 eleganter
2793 1406 3168 1476 emendateque
3199 1408 3431 1478 plerique
3474 1427 3651 1464 omnes

422 1486 748 1554 scripserint,
787 1483 1120 1546 Blemmides,
1149 1493 1300 1554 puta.
1326 1483 1612 1547 Gemistus,
1656 1483 1953 1546 Planudes,
1982 1484 2150 1549 Gaza,
2191 1485 2490 1544 Demetrius
2528 1490 2819 1560 Cydonius,
2855 1493 3165 1556 Bessarion,
3198 1495 3292 1549 alii
3321 1496 3504 1563 multi;
3526 1499 3651 1552 dum

423 1573 632 1624 interim
673 1571 851 1624 Latini
878 1573 1045 1624 nostri
1072 1572 1355 1624 ruditatem
1387 1573 1675 1638 quamdam
1702 1573 1960 1625 scribendi
1994 1590 2102 1641 prce
2127 1591 2180 1627 se
2211 1573 2446 1642 ferebant
2475 1594 2493 1631 :
2522 1581 2685 1632 donec
2715 1580 2878 1649 paulo
2911 1591 3049 1649 post,
3084 1582 3260 1651 politis
3291 1584 3480 1637 iterum
3511 1588 3652 1654 apud

423 1676 518 1713 nos
543 1659 755 1716 litteris.
789 1667 969 1712 tantus
1004 1660 1158 1712 rediit
1195 1657 1377 1711 Latini
1408 1659 1665 1712 sermonis
1693 1657 1858 1729 lepor,
1893 1670 1948 1712 ut
1982 1661 2101 1728 jam
2135 1660 2331 1715 Grtvcis
2363 1664 2701 1720 invidendum
2743 1685 2846 1720 non
2873 1669 3054 1737 fuerit.

493 1747 662 1816 Igitur
688 1748 769 1800 hic
800 1746 1096 1800 Theodorus
1131 1745 1389 1814 exegetica
1419 1746 1637 1798 scientia
1681 1755 1728 1798 et
1769 1746 2080 1816 eloquentia:
2115 1750 2266 1819 capia
2301 1751 2638 1805 abundanter
2667 1755 2940 1822 pra'ditus,
2992 1766 3226 1826 quatuor
3259 1757 3551 1828 Evangelia
3595 1760 3650 1809 in

422 1853 582 1890 unam
605 1838 791 1889 seriem
814 1853 844 1887 a
882 1850 936 1888 se
962 1849 1219 1896 connexa,
1254 1849 1383 1888 navo
1417 1833 1783 1887 commentarii
1827 1850 2012 1904 genere
2041 1837 2379 1904 explananda
2407 1842 2632 1908 suscepit
2667 1857 2683 1894 :
2729 1860 2910 1912 nempe
2945 1859 3072 1913 Opus
3103 1863 3257 1899 suum
3286 1848 3340 1900 in
3377 1846 3648 1900 volumina

422 1938 606 1975 navem
649 1923 888 1992 digessit,
921 1937 1143 1991 quorum
1175 1918 1386 1988 singula
1420 1920 1633 1973 totidem
1668 1920 1962 1986 διαλέξεις.
1991 1922 2044 1975 id
2091 1932 2165 1976 est
2213 1942 2502 1986 sermones.
2536 1927 2818 1994 habebant,
2856 1932 2946 1998 qui
2972 1948 3149 1986 omnes
3180 1935 3462 1987 immanem
3494 1939 3648 1986 unius

421 2027 583 2078 supra
609 2011 871 2079 octoginta
908 2024 1208 2062 sermonum
1243 2024 1507 2061 summam
1544 2008 1867 2078 efﬁciebant.
1905 2007 2008 2062 Sed
2035 2011 2174 2063 enim
2211 2028 2275 2064 ea:
2306 2029 2486 2066 novem
2519 2015 2599 2066 his
2633 2015 2982 2071 voluminibus
3012 2035 3174 2071 unum
3207 2021 3570 2072 tantummodo
3593 2021 3648 2072 in

435 2100 689 2154 Vaticana
731 2101 968 2154 codicum
1009 2099 1342 2159 bibliotheca,
1381 2099 1474 2150 sub
1504 2115 1723 2151 numero
1753 2097 1881 2160 σει,
1916 2097 2162 2161 habetur,
2193 2100 2331 2165 quod
2361 2110 2437 2152 est
2471 2101 2626 2154 seriei
2655 2103 2922 2170 pra’dictte
2952 2115 3225 2172 quartum,
3261 2106 3504 2175 {aliarum
3545 2108 3648 2161 360

419 2189 593 2251 iit-4°,
620 2189 900 2257 scriptura:
943 2187 995 2239 in
1036 2187 1224 2239 charta
1263 2187 1392 2238 satis
1421 2185 1706 2254 perspicua:
1737 2192 1785 2236 et
1821 2183 2139 2237 emendatte.
2186 2183 2384 2252 Scopus
2431 2197 2480 2238 et
2536 2191 2674 2241 ratio
2733 2191 2892 2243 totius
2944 2193 3117 2259 operis
3152 2195 3466 2261 proponitur
3495 2195 3550 2246 in
3589 2209 3648 2246 eo

420 2276 656 2338 exordio,
686 2277 822 2345 quod
852 2273 1084 2328 Allatius
1116 2274 1169 2326 in
1189 2273 1418 2326 diatriba
1438 2289 1534 2324 sua
1561 2271 1823 2338 recitavit,
1851 2270 2092 2340 quodque
2118 2272 2271 2325 initio
2300 2274 2480 2342 quarti
2501 2277 2628 2329 torni
2655 2278 2828 2330 nescio
2849 2278 3109 2346 quomodo
3134 2288 3500 2333 conservatum
3527 2281 3644 2348 fuit.

491 2361 626 2428 Quid
672 2361 928 2431 agerem?
970 2359 1112 2415 Sorte
1157 2361 1364 2414 animus
1398 2358 1581 2412 avebat
1624 2367 1789 2411 totum
1822 2373 1953 2428 apus
1984 2358 2038 2411 in
2073 2356 2239 2412 lucem
2289 2362 2622 2429 protrahere,
2664 2372 2832 2417 totum
2876 2366 2998 2418 item
3050 2365 3246 2420 Latina
3295 2367 3651 2420 translatione

421 2456 642 2506 donare.
693 2451 794 2506 Sed
838 2469 941 2505 non
989 2453 1168 2504 omnia
1215 2467 1488 2519 possumus
1516 2464 1737 2514 omnes;
1771 2451 1963 2502 etenim
1998 2448 2083 2502 hic
2122 2462 2257 2499 unus
2288 2443 2469 2511 codex,
2517 2450 2563 2500 si
2602 2449 2772 2504 debita
2807 2461 3073 2521 apparatu
3120 2454 3431 2518 instructus,
3471 2453 3649 2508 Greece

424 2540 708 2610 Latineque
738 2540 1003 2602 ederetur,
1037 2537 1156 2609 plus
1185 2553 1332 2607 tequo
1364 2537 1493 2590 mihi
1525 2544 1726 2606 tempus
1769 2539 2016 2607 eriperet,
2052 2545 2100 2589 et
2135 2535 2351 2602 plenum
2384 2538 2760 2603 propemodum
2789 2538 3064 2604 conﬁceret
3093 2555 3240 2594 nova:
3270 2542 3426 2612 hujus
3458 2542 3646 2596 biblio-

419 2633 578 2683 thecte
606 2628 871 2684 volumen.
923 2626 1354 2682 Contra/tendum
1388 2625 1565 2691 itaque
1610 2625 1892 2678 consilium
1925 2623 2026 2692 fuit
2053 2639 2071 2675 :
2122 2632 2170 2672 ct
2208 2623 2458 2690 quoniam
2490 2631 2674 2676 auctor
2723 2625 2958 2693 singulos
2991 2643 3256 2682 sermones
3307 2645 3450 2694 suos,
3503 2646 3647 2683 more

420 2717 798 2787 (.‘Itrysostomi,
828 2717 1019 2770 morali
1052 2715 1410 2785 peroratione,
1442 2713 1639 2768 diserta
1669 2710 1842 2766 hercle
1891 2719 1940 2764 et
1983 2708 2226 2782 perutili,
2256 2709 2540 2774 concludit,
2579 2712 2676 2763 has
2721 2727 2814 2764 nos
2859 2715 3029 2780 operis
3073 2713 3301 2768 morales
3347 2725 3524 2784 partes
3577 2719 3645 2769 ad

420 2803 742 2874 vulgandam
769 2803 1080 2874 delegimus.
1121 2801 1186 2855 Et
1219 2803 1421 2872 priores
1453 2800 1662 2870 quidem
1684 2816 1800 2865 sex,
1841 2800 2023 2856 Gra'ce
2070 2808 2298 2862 tantum,
2336 2799 2606 2852 brevitatis
2635 2816 2822 2861 causa,
2856 2802 3140 2868 ponimus;
3170 2810 3273 2856 tres
3317 2819 3438 2856 vero
3471 2814 3647 2872 poste-

419 2894 581 2944 riares
611 2899 928 2960 properante
958 2889 1166 2943 calamo
1200 2888 1417 2942 Latinas
1442 2889 1604 2941 etiam
1632 2888 1869 2957 fecimus,
1900 2889 2132 2956 prtcﬁxis
2162 2889 2352 2960 ubique
2384 2888 2574 2952 titulis,
2615 2906 2742 2960 quos
2773 2899 2958 2944 auctor
2989 2892 3098 2959 ipse
3126 2893 3181 2944 in
3216 2893 3410 2962 prtvvio
3437 2892 3643 2963 syllabo

419 2980 661 3046 scripsit;
696 2994 1000 3046 quanquam
1027 2977 1286 3030 breviores
1320 2975 1614 3030 necessario
1643 2984 1764 3030 sunt
1804 2976 1858 3029 hi
1889 2976 2052 3041 tituli,
2105 2993 2270 3046 neque
2313 2977 2444 3032 satis
2473 2979 2690 3046 dignum
2721 2979 3050 3032 disertissimi
3093 2980 3279 3049 scripti
3322 2979 3640 3048 prteludium

420 3066 675 3132 prrebent.
707 3064 879 3136 Igitur
907 3065 1027 3119 novi
1052 3064 1376 3134 studiosique
1417 3062 1630 3118 lectores
1667 3064 1830 3118 multo
1861 3081 1955 3135 per
1996 3081 2050 3119 se
2082 3065 2265 3120 melius
2291 3065 2545 3121 Theodori
2577 3069 2740 3121 nostri
2793 3067 3172 3135 eloquentiam,
3205 3069 3422 3139 dignam
3458 3069 3645 3140 edepzul

421 3154 726 3207 melioribus
757 3154 986 3215 steculis,
1011 3154 1278 3206 testimarc
1308 3159 1576 3222 poterunt.

495 3240 858 3304 Verumtamen
893 3241 988 3294 hoc
1029 3240 1289 3310 pra'cipue
1341 3255 1420 3292 me
1470 3240 1750 3308 permovit,
1797 3247 1852 3291 ut
1905 3240 2074 3292 octavi
2113 3238 2376 3306 prolixam
2424 3241 2759 3308 pra'cteteris
2797 3243 3054 3295 sermonis
3101 3243 3488 3310 perorationem
3538 3258 3640 3295 non

417 3330 734 3391 amitterem,
772 3328 876 3380 imo
908 3336 954 3379 et
987 3325 1176 3380 Latina
1212 3327 1646 3390 interpretatione
1683 3326 1988 3388 comitarer,
2017 3327 2140 3394 quia
2172 3327 2242 3379 ibi
2274 3325 2542 3380 luculenta
2575 3337 2623 3380 et
2647 3327 2908 3397 pra'clara
2935 3329 2992 3397 ﬁt
3024 3331 3291 3398 expositio-
3311 3329 3457 3396 ﬁdei,
3484 3346 3642 3396 quam

419 3418 482 3468 de
510 3415 608 3472 SS.
641 3416 993 3470 Eucharistia:
1031 3415 1277 3484 mysterio
1304 3413 1486 3466 Crwca
1511 3415 1713 3483 pariter
1745 3430 1860 3467 cum
1898 3412 2093 3467 Latina
2126 3414 2414 3481 proﬁtetur
2441 3415 2700 3469 Ecclesia.
2732 3415 2940 3471 Scilicet
2974 3415 3076 3468 duo
3101 3423 3223 3469 sunt
3263 3417 3516 3486 pracipui
3549 3417 3642 3468 he-

420 3504 791 3556 tcrodoxorum
823 3503 876 3555 in
910 3501 1187 3556 Occidente
1215 3517 1417 3553 errores
1449 3509 1634 3553 contra
1683 3500 2115 3564 Eucharistiam;
2156 3517 2380 3568 quorum
2413 3503 2560 3570 prior
2579 3513 2733 3573 negat
2763 3504 3432 3565 transsubstantiationem,
3467 3505 3518 3556 id
3566 3511 3642 3555 est

420 3592 570 3659 panis
597 3607 659 3645 ac
683 3591 791 3644 vini
821 3591 874 3642 in
909 3589 1102 3651 Christi
1135 3604 1321 3658 corpus
1347 3589 1762 3658 sanguinemque
1795 3587 2186 3660 conversionem
2209 3606 2225 3650 ;
2258 3588 2397 3642 alter
2423 3606 2528 3643 non
2554 3604 2740 3659 corpus
2765 3589 2977 3655 Christi,
3005 3589 3094 3644 sed
3121 3590 3232 3658 ejus
3261 3591 3434 3659 potius
3461 3598 3642 3660 typum

422 3677 502 3731 vel
535 3678 764 3748 ﬁguram
798 3677 852 3729 in
879 3693 1015 3745 pane
1045 3677 1264 3743 vinoque
1292 3685 1594 3730 consecrato
1627 3677 1884 3744 agnoscit.
1920 3675 2104 3744 Utique
2148 3677 2295 3746 prior
2329 3693 2479 3730 error
2509 3679 2787 3746 posteriori
2824 3680 2960 3732 viam
2992 3679 3211 3740 sternit;
3243 3694 3367 3730 nam
3407 3679 3451 3730 si
3492 3678 3641 3730 nulla

419 3766 728 3820 substantia:
749 3765 1014 3818 conversio
1044 3762 1335 3832 perﬁcitur,
1364 3769 1682 3830 manentque
1702 3763 1856 3832 panis
1890 3779 1951 3814 ac
1984 3765 2202 3828 vinum;
2236 3780 2422 3832 corpus
2457 3762 2675 3828 Christi,
2706 3772 2780 3817 tot
2807 3779 2972 3816 sacra:
2999 3763 3286 3832 Scriptura:
3319 3760 3641 3831 Patrnmque

421 3855 733 3906 testimoniis
771 3853 824 3904 in
861 3851 1195 3904 Eucharistia
1225 3859 1506 3911 assertum,
1544 3851 1758 3902 ubinam
1792 3852 1915 3904 est?
1956 3848 2210 3920 Sequitur
2239 3867 2384 3920 ergo,
2427 3859 2482 3902 ut
2517 3852 2729 3903 nonnisi
2759 3852 2932 3919 ﬁgura
2966 3851 3078 3920 ejtts
3130 3867 3190 3904 ac
3239 3853 3640 3920 reprtesentatio

419 3944 473 3994 in
499 3943 592 3994 hoc
617 3949 915 4009 peragenda
949 3941 1195 4008 mysterio
1224 3936 1342 4003 ﬁat.
1379 3936 1528 3990 Perit
1567 3938 1744 4005 itaque
1778 3937 2115 4006 [auditusque
2147 3937 2352 3990 deletur
2391 3939 2824 4006 pretiosissimam
2862 3938 3099 3991 omnium
3143 3940 3336 3992 divina:
3383 3953 3509 4009 erga
3547 3955 3640 3992 nos

419 4028 698 4081 charitatis
749 4027 1121 4079 documentum
1155 4041 1218 4078 ac
1249 4025 1467 4077 donum.
1507 4023 1672 4077 Primi
1720 4026 1916 4077 erroris
1961 4023 2290 4093 pritnipilum
2339 4041 2394 4078 se
2445 4024 2829 4093 quodammodo
2855 4025 2979 4078 olim
3031 4029 3146 4092 (an.
3186 4026 3343 4095 1675)
3373 4025 3641 4079 constituit

418 4117 650 4167 Joannes
707 4113 1033 4182 Anglicanus
1070 4111 1316 4165 Dunelmi
1349 4111 1570 4180 pra’sul,
1607 4112 1743 4165 edito
1792 4110 1924 4164 libro
1969 4129 2085 4178 cum
2114 4114 2207 4165 hoc
2240 4114 2510 4165 invenusto
2557 4112 2712 4168 titulo
2737 4111 2974 4166 Historia
3001 4113 3636 4166 lranssnbslantialionis

422 4202 664 4273 popidis;
695 4201 846 4271 quasi
880 4201 989 4253 hac
1017 4200 1261 4253 doctrina
1289 4201 1504 4253 nonnisi
1529 4198 1737 4267 papalis
1767 4201 1857 4262 sit,
1884 4203 2194 4253 decernente
2220 4203 2520 4270 .prtvsertim
2544 4199 2699 4252 tertio
2725 4199 3051 4254 Innocentio.
3085 4200 3243 4269 Atqui
3266 4202 3424 4254 etiam
3451 4198 3639 4262 Cra’ci,
3702 4235 3707 4240 -

422 4291 834 4358 nominatimque
864 4298 1037 4342 noster
1067 4287 1386 4350 Theodorus,
1418 4288 1552 4340 hanc
1577 4287 1808 4342 clamose
1835 4289 2133 4341 doctrinam
2156 4305 2245 4342 ore
2274 4290 2509 4357 praprio,
2537 4304 2642 4342 non
2667 4298 2842 4342 autem
2872 4286 3076 4356 papali,
3099 4287 3473 4357 depra'dicant.
3497 4286 3641 4339 Nam

419 4379 554 4444 quod
581 4379 775 4431 dicitur
808 4393 840 4430 a
874 4377 1020 4429 nobis
1053 4375 1302 4446 vigilante
1351 4375 1602 4429 vocabulo
1634 4375 2170 4437 lrunssubstanliari.
2206 4377 2258 4428 id
2303 4375 2543 4430 videlicet
2596 4393 2628 4430 α
2678 4376 2965 4438 Theodoro,
3002 4391 3120 4428 cum
3168 4373 3352 4428 (ἐι-ωειλ
3383 4375 3639 4436 Ecclesia,

418 4467 600 4518 eadem
628 4482 842 4534 prorsus
873 4467 1085 4518 notione
1111 4462 1364 4530 deﬁnitur
1406 4463 1862 4530 μεταϐάλλεσθαι,
1908 4479 2023 4530 μετέ

2035 4463 2355 4524 mandabat,
2391 4463 2932 4532 μετασκευάζεσθαι,
2966 4461 3350 4530 μεθίστασθαι,
3382 4478 3640 4529 μεταστιο

420 4554 772 4620 χειὼςασθαι.
810 4552 1083 4606 ποιεῖσθαι
1117 4551 1200 4605 vel
1228 4550 1480 4617 γίνεσθαι
1516 4551 1675 4620 σῶμα
1708 4551 1804 4602 καὶ
1835 4545 1974 4618 αἷμα
2006 4553 2025 4603 1

2037 4550 2270 4619 ἱριστοῦ.
2305 4550 2429 4605 11(ιέ
2458 4551 2708 4602 nimirum
2742 4560 2932 4602 cuncta
2964 4547 3214 4602 vocabula
3259 4547 3451 4616 legenti
3485 4547 3642 4600 Theo-

419 4644 604 4694 dorum
631 4643 811 4695 statim
841 4648 1134 4694 occurrent.

490 4730 636 4784 Alter
668 4731 891 4796 pariter,
915 4729 985 4781 de
1009 4735 1130 4797 typo
1155 4726 1348 4780 scilicet
1375 4725 1486 4779 loco
1515 4726 1590 4778 rei
1625 4742 1780 4790 verat,
1810 4743 1958 4779 error
1985 4725 2347 4780 disertissimis
2385 4722 2548 4776 verbis
2581 4742 2612 4776 a
2644 4731 2822 4776 nostra
2853 4721 3118 4776 Theodoro
3149 4722 3466 4791 exploditur,
3492 4740 3640 4792 quem

418 4816 583 4869 oculis
636 4819 867 4869 lustrare
909 4815 1039 4868 satis
1083 4817 1171 4866 sit.
1219 4813 1464 4866 Attamen
1516 4814 1798 4866 redivivum
1835 4814 1928 4865 hoc
1964 4821 2336 4872 commentum,
2387 4827 2643 4878 nuperum
2679 4826 2884 4878 quoque
2929 4820 3212 4877 patronum
3261 4823 3446 4863 nactus
3486 4823 3638 4874 erat,

417 4906 624 4957 doctum
664 4905 835 4956 virum
897 4901 1289 4970 Anglicanam;
1337 4901 1421 4952 cui
1464 4903 1649 4953 statim
1680 4916 1797 4953 cum
1844 4900 2125 4967 peridonea
2171 4899 2362 4968 lingua:
2406 4895 2760 4966 Ecclesiazque
2799 4896 3030 4966 Syriaca:
3063 4897 3310 4964 pra’sidio
3352 4897 3639 4952 catholicus

417 4995 568 5044 heros
593 4987 1242 5056 occurrens,splendidam
1272 4986 1528 5054 palmam,
1564 4986 1839 5057 pltilosyris
1864 4987 1982 5040 la'te
2012 4985 2399 5056 plaudentibus,
2435 4985 2746 5054 reportavit.
2797 4982 3098 5039 Redivivum
3125 4985 3238 5037 dixi
3262 4995 3637 5051 commentum,

416 5080 538 5144 quia
569 5077 688 5146 jam
733 5075 927 5129 sa-culo
958 5073 1150 5128 Christi
1183 5089 1319 5126 nona
1371 5073 1606 5126 Joannes
1638 5072 1823 5127 Scotus
1871 5074 2100 5142 Erigena
2129 5073 2284 5141 hujus
2331 5073 2528 5125 erroris
2571 5071 2798 5139 infamia
2845 5071 3196 5140 ﬂagraverat,
3239 5074 3328 5141 qui
3373 5073 3565 5125 idcirco
3606 5092 3639 5128 a

416 5165 648 5217 conciliis
682 5173 837 5232 atque
863 5162 1192 5231 pontiﬁcibus
1223 5160 1444 5214 sclennti
1475 5163 1736 5213 sententia
1767 5162 2034 5230 perculsas
2064 5160 2181 5228 fuit.
2217 5161 2568 5224 Quamobrem
2606 5160 2806 5224 [rustra
2849 5168 2923 5212 est
2953 5159 3287 5226 supradictus
3318 5159 3636 5213 Dunelmeno

417 5254 510 5309 sis.
549 5254 637 5321 qui
665 5251 836 5320 operis
864 5252 946 5304 sui
981 5248 1215 5316 capitulo
1263 5247 1385 5310 VII,
1421 5265 1472 5300 n.
1512 5247 1566 5305 Ἰ.
1597 5248 1721 5299 dum
1752 5247 1954 5316 fatetur
1983 5251 2296 5302 damnatum
2341 5249 2504 5314 fuisse
2536 5245 2849 5316 Erigonam,
2892 5248 3044 5315 quasi
3077 5264 3267 5316 panem
3300 5258 3346 5300 et
3376 5251 3552 5302 vinum
3583 5252 3638 5310 in

421 5340 774 5403 l‘fttrharislia,
810 5338 949 5391 nuda
977 5345 1182 5388 tantum
1214 5336 1361 5402 signa
1391 5351 1500 5388 esse
1528 5341 1872 5393 asseveraret,
1906 5335 2080 5388 subdit
2115 5352 2316 5403 ροδτείι,
2350 5336 2400 5386 id
2426 5334 2488 5387 ab
2520 5335 2630 5403 ejus
2656 5350 2811 5388 sensu
2841 5343 2886 5386 et
2918 5333 3023 5402 ﬁde
3055 5335 3282 5386 maxime
3311 5335 3470 5403 fuisse
3508 5336 3640 5386 alic-

415 5444 560 5480 unm.
611 5425 1064 5480 Verumenimvero
1117 5423 1224 5475 Iure
1253 5423 1496 5491 [frigente
1529 5421 1799 5490 apoIOgia,
1833 5433 2016 5474 contra
2048 5439 2254 5475 omnem
2305 5423 2537 5475 historia'
2573 5422 2847 5474 veritatem
2878 5439 2909 5473 (ι
2950 5420 3290 5474 Dunelmensi
3320 5423 3420 5487 ﬁt;
3475 5437 3636 5489 quam

414 5516 702 5582 ratnpcrire
741 5514 793 5565 in
830 5511 1069 5580 plurimis
1110 5509 1253 5562 libris
1282 5509 1418 5571 licet,
1458 5518 1505 5561 et
1533 5519 1671 5561 certe
1701 5508 1842 5576 apud
1874 5507 2113 5560 Natalem
2157 5508 2517 5562 .-llt’.l‘(ttt(lt‘tttti
2549 5510 2668 5560 hist.
2699 5523 2820 5561 stec.
2848 5505 2949 5569 IX,
2973 5509 3184 5562 dissert.
3226 5507 3380 5572 XIV,
3432 5491 3638 5560 necnon

414 5605 466 5654 .‘n
505 5599 651 5655 l'ctri
682 5601 743 5655 tle
773 5598 962 5653 Μαι-σα
996 5597 1151 5665 longa
1184 5595 1402 5664 cpistola
1441 5596 1582 5666 apud
1617 5596 1930 5649 Dacherium
1963 5595 2142 5663 Spicil.
2177 5605 2216 5646 t.
2256 5593 2364 5656 lll,
2403 5611 2452 5660 p.
2482 5595 2603 5648 835.
2632 5595 2745 5647 Ima
2782 5612 2898 5648 vero
2936 5597 2989 5648 in
3027 5594 3263 5648 carmine
3291 5610 3497 5661 quoque
3519 5595 3638 5663 ejus

418 5690 676 5756 paschali,
707 5690 984 5760 quodcum
1011 5687 1130 5742 aliis
1166 5689 1217 5740 in
1243 5698 1380 5741 toruo
1411 5690 1589 5757 quinto
1618 5687 1976 5740 (IlaSsit'orum
2012 5686 2116 5737 .AlJ.
2157 5700 2246 5736 nos
2277 5685 2554 5743 edidimus,
2591 5686 2822 5752 ejusdem
2856 5685 3108 5738 Increscos
3143 5683 3353 5749 vestigia
3392 5681 3640 5750 coargui-
