4064 6206
401 297 507 368 89‘}

1795 273 1944 400 ιιξιίι
1964 309 2126 370 :cos
2175 311 2222 370 tt

3571 323 3678 390 894

403 415 698 488 τόρθωτον,
735 416 825 471 τὸν
862 417 1180 488 Βαπτιστὴν
1209 420 1430 485 ἐννοῶν,
1483 420 1578 473 καὶ
1619 421 1760 490 μετά
1792 423 1977 476 τούτου

2095 430 2310 496 ptistam
2353 435 2656 502 recogitans
2693 447 2746 490 et
2788 453 2909 494 eum
2961 453 3024 494 eo
3057 453 3147 494 eos
3177 442 3268 510 qui
3302 443 3368 496 ab
3415 442 3508 496 illo
3535 453 3680 498 tem-

401 511 528 572 τοῖις
555 508 614 573 ἐξ
644 509 856 563 ἐκείνου
890 511 1052 580 μέχρι
1083 513 1176 566 καὶ
1201 514 1257 575 ἐς
1287 511 1455 582 δεῦρο
1491 512 1669 575 καλῶς
1715 515 1772 566 ὲν
1801 513 1984 582 ὄρεσιν

399 601 798 670 ἡσυχάζοντας,
835 603 1092 670 ἀφιέντας
1121 603 1220 673 μὲν
1251 604 1429 666 οίκίας
1455 604 1552 657 καὶ
1589 605 1857 672 γυναῖκας
1890 607 1984 658 καὶ

402 695 744 762 προστασίαν
796 694 1038 758 ἃπασαν,
1091 694 1197 760 ἔξω
1244 695 1302 750 δὲ
1360 697 1588 758 ἑαυτοὺς
1631 696 1726 750 τοῦ
1771 697 1982 766 κόσμου

399 785 716 848 ποιοῦντας,
775 787 870 838 καὶ
913 787 1116 841 σάκκον
1165 787 1646 858 περιτιθεμένους,
1700 787 1797 840 καὶ
1846 787 1983 840 ὑπο-

399 881 850 947 στρωννυμένους
903 881 1122 946 σποδὸν,
1180 881 1274 934 καὶ
1325 880 1482 934 κλοιὰ
1527 881 1639 934 τῶν
1691 881 1982 952 τραχήλων

397 971 768 1040 ὲξτρτῶντας,
808 975 904 1028 καὶ
933 971 1356 1034 κατακλείοντας
1390 972 1620 1036 ὲαυτοῦς
1655 974 1714 1024 ἐν
1750 973 1982 1044 οἰκίσκῳ

399 1065 608 1132 μικρῷ,
637 1065 735 1117 καὶ
765 1064 890 1118 οὐδὲ
923 1067 1090 1134 μέχρι
1113 1065 1307 1118 τούτου
1336 1065 1690 1135 ἱσταμένους,
1721 1066 1858 1120 ἀλλά
1885 1068 1979 1120 καὶ

394 1158 676 1224 νηστείαις
707 1160 800 1210 καὶ
827 1157 971 1226 λιμῷ
1001 1158 1250 1222 διηνεκεῖ
1271 1159 1694 1222 κατατείνοντας
1722 1159 1978 1222 ἑαυτοὺς,

395 1252 488 1303 καὶ
529 1249 766 1321 σκληρὸν
798 1251 968 1313 δντως
1005 1251 1098 1304 καὶ
1149 1253 1357 1322 τραχὺν
1395 1251 1828 1322 ἀναδεχομένους
1865 1251 1980 1321 βίον

395 1345 484 1396 διὰ
513 1345 612 1410 τὴν
643 1343 756 1395 τῶν
790 1343 1039 1413 οὐρανῶν
1068 1345 1370 1414 βασιλείαν.
1400 1345 1463 1398 Εἰ
1495 1345 1606 1413 γὰρ
1629 1343 1978 1412 βουλοίμεθα,

395 1435 622 1488 δυνατὸν
651 1437 744 1488 καὶ
778 1436 912 1503 ἡμῖν
963 1435 1040 1496 ὡς
1079 1435 1311 1498 ἐκείνοις
1367 1435 1679 1504 ἀποστῆσαι
1729 1436 1830 1504 μὲν
1877 1437 1978 1504 τῆς

391 1527 494 1592 γῆς
535 1527 786 1588 ἑαυτοὺς,
835 1524 1083 1578 ἀνελθεῖν
1117 1523 1174 1576 δὲ
1211 1525 1346 1594 πρὸς
1393 1526 1646 1594 οὐρανὸν,
1690 1525 1752 1577 οὗ
1802 1526 1974 1592 τόπῳ,

387 1619 578 1686 τρόπῳ
611 1617 666 1668 δὲ
714 1619 812 1671 καὶ
849 1619 912 1685 τῇ
956 1619 1304 1686 προαιρέσει.
1341 1618 1402 1670 Εἰ
1437 1617 1544 1686 γὰρ
1601 1617 1798 1686 τέχνας
1833 1615 1978 1670 οὕτω

387 1709 771 1780 κατορθοῦμεν
821 1709 1266 1782 ύπερϐαινούτας
1312 1709 1440 1772 τοὺς
1497 1709 1750 1772 πολλοὺς,
1795 1708 1977 1776 πολλῷ

2092 537 2222 590 pore
2251 539 2420 588 nsque
2467 527 2641 582 adhuc
2686 529 2911 596 pulchre
2955 531 3008 584 in
3040 531 3395 588 montibusiu
3429 525 3680 602 pace'vi-

2091 621 2246 676 vunt,
2278 613 2478 670 relictis
2527 617 2802 680 domibus,
2837 623 3098 676 uxoribus
3143 631 3198 678 et
3237 624 3382 678 omni
3423 640 3670 690 munere,

2093 702 2349 770 ferasque
2382 723 2440 758 se
2487 710 2686 764 mundo
2723 711 3020 777 mittentes,
3053 723 3106 768 et
3139 728 3300 769 sacco
3329 715 3672 780 circumdati.

2089 803 2143 847 et
2167 796 2350 850 cinere
2380 801 2661 866 conspersi
2699 811 2750 856 et
2783 803 2884 858 sibi
2913 805 3142 861 cellaria
3173 807 3314 862 collo
3362 807 3676 864 devincien-

2095 895 2196 950 tes,
2233 897 2286 940 et
2321 890 2662 945 int-ludentes
2695 909 2753 948 se
2789 896 2840 947 in
2889 896 3212 951 domuncula
3261 915 3450 967 parva,
3484 908 3536 952 et
3565 915 3674 954 non

2090 979 2373 1046 but-usque
2428 982 2708 1046 sistentes,
2738 987 2830 1039 sed
2874 999 2926 1040 et
2950 987 3175 1054 jejuniis
3207 1000 3258 1040 et
3305 990 3447 1044 fame
3498 993 3676 1045 conti-

2033 1141 2046 1150 .
2088 1084 2194 1122 nua
2232 1081 2554 1140 torquentes
2605 1075 2816 1144 seipsos
2837 1087 2890 1132 et
2935 1079 3124 1134 duram
3153 1080 3308 1150 plane
3334 1092 3494 1150 atque
3521 1099 3676 1150 aspe-

2088 1173 2202 1212 ram
2237 1165 2480 1230 aggressi
2535 1163 2699 1219 vitam
2749 1177 2969 1237 pt‘npter
3005 1171 3268 1226 ctelorutn
3333 1190 3577 1242 regnum.
3618 1173 3672 1228 Si

2087 1252 2232 1306 enim
2267 1256 2521 1320 velimus,
2551 1261 2807 1326 possibile
2837 1273 2914 1316 est
2954 1265 3130 1326 nobis,
3159 1278 3208 1319 ut
3248 1269 3387 1328 iStis.
3419 1269 3676 1322 extollere

2085 1351 2458 1416 nosmetipsos
2517 1367 2544 1404 a
2598 1363 2741 1408 terra
2778 1364 2830 1408 et
2872 1358 3168 1412 ascendere
3224 1361 3290 1413 ad
3337 1361 3528 1416 «mlum
3569 1378 3674 1415 nou

2087 1434 2204 1488 loco
2243 1439 2421 1505 modo,
2458 1441 2552 1494 sed
2595 1451 2642 1496 et
2674 1444 2909 1502 delectu.
2935 1445 2988 1500 Si
3018 1449 3160 1502 enim
3189 1450 3498 1516 perﬁcitnus
3527 1463 3672 1506 artes

2085 1545 2203 1598 qua:
2227 1532 2518 1604 plerosque
2569 1547 2852 1604 superant,
2893 1541 3066 1594 multo
3125 1543 3296 1608 magis
3353 1545 3496 1613 quod
3565 1559 3672 1598 non

2083 1624 2218 1678 tanti
2243 1625 2448 1696 indiget
2477 1628 2700 1684 laboris.
2732 1629 2872 1696 Quid
2897 1635 3064 1700 enim,
3097 1636 3182 1690 dic
3212 1637 3364 1698 mihi,
3405 1635 3675 1690 difﬁcilius

2083 1729 2244 1782 quam
2284 1730 2377 1784 per
2407 1715 2585 1772 l‘uttem
2624 1720 2858 1790 desuper
2885 1733 3194 1790 extensum,
3215 1726 3368 1794 quasi
3403 1741 3568 1796 super
3587 1743 3675 1780 so-

393 1803 596 1872 ρᾶλλον
626 1802 654 1855 ὃ
705 1803 780 1872 μὴ
813 1803 1074 1856 τοσούτου
1121 1802 1294 1854 δεῖται
1331 1802 1522 1854 πόνου.
1579 1802 1646 1852 Τί
1693 1801 1820 1870 γὰρ,
1856 1799 1976 1852 είπέ

2087 1805 2226 1866 lttm.
2254 1807 2538 1864 ambulare
2568 1821 2621 1865 et
2650 1829 2816 1883 super
2845 1831 2966 1870 eum
2999 1819 3352 1872 deambulans
3383 1833 3476 1872 sus
3501 1820 3674 1888 deque

395 1913 512 1960 μοι,
547 1893 938 1964 χαλεπώτερον
985 1894 1077 1948 τοῦ
1109 1895 1198 1948 διά
1247 1894 1462 1965 σχοίνου
1499 1895 1808 1962 τεταμένης
1844 1893 1978 1958 ἄνω,

392 1987 660 2054 καθάπερ
683 1990 772 2042 ἐπὶ
805 1989 1080 2046 ἰσοπέδου.
1112 1987 1372 2057 βαδίζειν,
1403 1988 1496 2040 καὶ
1520 1989 1631 2042 ἄνω
1655 1987 1856 2053 ταύτης
1884 2005 1980 2039 πε-

399 2081 738 2150 ριπατοῦντα
761 2083 788 2133 ὑ
800 2079 1094 2134 ποδύεσθαι
1117 2081 1212 2132 καὶ
1229 2080 1581 2144 ἀποδύεσθαι,
1609 2080 1864 2148 καθάπερ
1886 2080 1980 2132 ἐπὶ

389 2177 578 2244 κλίνης
603 2175 953 2244 καθήμενον;
987 2174 1053 2228 Τί
1078 2174 1158 2238 δὲ,
1183 2173 1303 2226 εἱπέ
1334 2190 1446 2239 μοι,
1472 2172 1861 2242 χαλεπώτερον
1881 2171 1978 2224 τοῦ

394 2270 586 2322 κόντον
611 2271 704 2322 ἐπὶ
734 2267 828 2321 τοῦ
861 2271 1118 2334 μετώπου
1149 2267 1360 2324 λαθεῖν,
1395 2263 1514 2318 εἶτα
1557 2266 1814 2319 ἐπιθέντα
1869 2267 1983 2320 ἅνω

395 2361 612 2414 παιδίον
668 2364 836 2430 μυρία
897 2364 1096 2422 ποιεῖν,
1141 2363 1234 2412 καὶ
1271 2363 1494 2430 τέρπειν
1547 2365 1674 2422 τοὺς
1732 2361 1970 2426 θεατάς;

395 2455 534 2524 Οὶχὶ
569 2455 712 2508 οὕτω
745 2455 974 2523 φρικτὸν
1003 2456 1135 2523 ἡμῖν
1166 2449 1302 2508 εἶναι
1335 2455 1485 2508 δοκεῖ
1513 2453 1574 2506 τὸ
1607 2455 1864 2524 πρᾶγμα,
1895 2455 1970 2514 ὼς

2089 1895 2217 1950 ferri
2243 1907 2498 1968 tanquam
2532 1903 2582 1954 in
2610 1903 2748 1959 lecm
2778 1909 3011 1963 sedens?
3032 1909 3196 1976 Quid,
3217 1911 3303 1964 dic
3337 1911 3490 1976 mihi,
3537 1911 3674 1965 dilli—

2090 1991 2268 2054 cilius.
2299 2009 2458 2060 quam
2507 1995 2745 2064 jaculum
2787 2001 2838 2054 in
2879 2001 3059 2055 fronte
3093 2011 3304 2064 tenere,
3343 2013 3394 2056 et
3436 2021 3667 2074 puerum

2100 2083 2576 2152 superimpositum
2615 2090 2666 2142 in
2701 2107 2928 2146 numero
2958 2108 3137 2160 agere,
3162 2106 3215 2148 et
3252 2096 3524 2149 delectare
3553 2112 3676 2165 spe-

2093 2179 2336 2231 ctantes?
2395 2179 2580 2232 Nonne
2634 2182 2707 2234 ita
2781 2181 2997 2236 horrida
3063 2199 3149 2238 res
3189 2201 3312 2238 esse
3349 2186 3566 2239 videtur
3613 2197 3674 2241 ut

2086 2275 2326 2328 nolimus
2369 2276 2587 2342 quidem
2617 2275 2825 2337 videre,
2866 2277 2960 2328 sed
3011 2277 3297 2331 timeamus
3333 2289 3388 2331 et
3438 2279 3673 2345 trepide-

2099 2383 2224 2420 mus
2256 2368 2355 2420 hoc
2397 2367 2512 2436 ipso
2546 2365 2810 2431 aspectu?
2845 2365 2940 2422 "is
2980 2367 3146 2437 igitur
3171 2369 3421 2426 omnibus
3461 2369 3674 2426 facilior

2099 2461 2294 2524 virtus,
2320 2459 2361 2512 si
2391 2459 2654 2520 veliwus,
2684 2469 2735 2514 et
2777 2459 2839 2512 ad
2874 2463 3071 2515 coelum
3105 2477 3386 2518 ascensus.

395 2545 532 2614 μηδὲ
569 2547 742 2602 θέλειν
772 2548 1096 2614 θεάσασθαι,
1127 2550 1264 2604 ἀλλὰ
1294 2551 1589 2606 δεδοικέναι
1623 2553 1714 2606 καὶ
1745 2554 1973 2620 τρέμειν
2013 2555 2108 2608 καὶ
2145 2556 2282 2623 πρὸς
2319 2557 2418 2626 τὴν
2451 2557 2574 2626 ὄψιν
2617 2559 2791 2628 αὐτὴν
2821 2574 2838 2624 ;
2903 2557 3127 2610 Τούτων
3162 2559 3344 2614 τοίνυν
3411 2562 3672 2633 ἁπάντων

393 2641 738 2710 οὖκολωτέρα
769 2642 802 2712 ἡ
831 2642 1030 2712 ἀρετὴ,
1068 2644 1162 2697 ἐὰν
1191 2643 1456 2710 θέλωμεν,
1487 2645 1580 2698 καὶ
1610 2645 1668 2698 τι
1693 2645 1830 2714 πρὸς
1866 2645 2032 2700 αὑτὸν
2067 2647 2339 2718 ἀναϐῆναι
2365 2649 2456 2702 τὸν
2488 2650 2740 2718 οὐρανόν.

465 2734 540 2804 γ’.
572 2737 682 2790 Καὶ
730 2737 804 2806 μή
859 2755 950 2805 μοι
981 2738 1188 2806 λεγέτω
1228 2757 1332 2804 τις,
1361 2740 1538 2804 Θέλω,
1571 2737 1690 2792 ἀλλ’
1721 2740 1782 2792 οὐ
1815 2739 1980 2794 δύνα-

399 2845 520 2902 μαι.
553 2829 614 2882 ΕΙ
655 2829 764 2900 γάρ
811 2831 1142 2898 πράγματός
1179 2850 1324 2894 τινος
1375 2834 1524 2895 ἐντὸς
1563 2831 1817 2898 γενέσθαι
1853 2831 1980 2902 βου-

395 2923 636 2990 λόμενοι,
671 2923 789 2993 οὐχὶ
843 2923 921 2993 τῷ
961 2924 1192 2994 θελῆσαι
1238 2925 1404 2996 μόνον
1435 2925 1782 2994 ἀρκούμεθα,
1841 2925 1980 2980 ἀλλὰ

395 3017 492 3069 καὶ
517 3017 612 3070 τοῦ
641 3021 971 3086 πράγματος
996 3019 1304 3088 ἁπτόμεθαο
1340 3019 1524 3089 πιλλῷ
1547 3019 1750 3089 μᾶλλον
1780 3021 1859 3084 είς
1890 3021 1982 3074 τὸν

2157 2745 2210 2799 5.
2245 2746 2311 2800 Ει
2336 2759 2398 2800 ne
2421 2744 2550 2800 mihi
2582 2745 2701 2813 quis
2731 2744 2873 2800 dicat
2904 2763 2915 2798 :
2951 2744 3104 2812 Volo,
3136 2745 3230 2798 sed
3255 2759 3486 2811 nequeo.
3525 2745 3658 2802 Cum

2086 2839 2230 2891 enim
2261 2837 2512 2891 volumus
2551 2853 2662 2892 rem
2698 2838 2935 2906 aliquam
2980 2849 3290 2904 penetrare,
3323 2853 3426 2892 non
3469 2837 3667 2892 volun-

2087 2937 2194 2982 tate
2219 2927 2332 2983 sola
2373 2929 2612 2982 contenti
2667 2943 2876 2986 sumus.
2905 2927 2998 2982 sed
3051 2937 3102 2984 et
3135 2943 3247 2983 rem
3274 2929 3618 3000 aggredimur
3648 2947 3664 2996 ;

2085 3020 2253 3074 multo
2303 3020 2475 3086 magis
2532 3036 2654 3076 cum
2707 3019 2756 3074 in
2814 3020 3012 3075 cmlam
3058 3020 3360 3078 ascendere
3411 3021 3664 3076 volumus

393 3107 624 3178 οὐρανὸν
671 3109 921 3162 ἀνελθεῖν
975 3110 1318 3182 βουλόμενοι,
1350 3111 1450 3180 τῆς
1491 3113 1812 3182 πρακτικῆς
1852 3115 1977 3182 ἀρε-

2087 3113 2290 3165 virtutc
2327 3127 2444 3178 qua:
2479 3121 2736 3178 operatur
2777 3111 3099 3180 indigemus.
3147 3109 3256 3164 Nec
3285 3125 3473 3164 rursus
3501 3111 3666 3163 alium

393 3201 498 3271 τῆς
539 3202 874 3272 δεησόμεθα.
917 3205 1070 3273 Μηδὲ
1109 3204 1271 3258 πάλιν
1319 3205 1506 3272 ἕτερόν
1551 3223 1670 3258 τινα
1711 3207 1978 3261 αἰτιάσθω

395 3311 504 3358 τις,
539 3294 614 3358 ὡς
651 3295 790 3365 πρὸς
836 3297 964 3358 τοὺς
1000 3297 1098 3364 τῆς
1141 3298 1342 3368 ἀρετῆς
1372 3297 1570 3360 πόνους
1601 3297 1763 3350 αὑτὸν
1811 3300 1980 3366 ἐμπο-

393 3385 634 3453 δίζοντα,
687 3388 826 3442 ἀλλά
873 3391 940 3460 τῇ
997 3389 1176 3459 οίκείᾳ
1213 3389 1460 3460 ῥᾳθυμίᾳ
1491 3390 1552 3442 τὸ
1601 3391 1710 3442 πᾶν
1743 3392 1978 3458 ἐπιγρα-

395 3478 566 3546 ιρέτω.
593 3479 704 3532 Καὶ
731 3477 785 3530 τί
814 3478 958 3546 λέγω
984 3477 1174 3548 ἕτερον
1197 3493 1212 3542 ;
1249 3477 1384 3546 μηδὲ
1417 3477 1580 3530 αὐτὸν
1605 3477 1698 3529 τὸν
1729 3475 1978 3531 διάϐολον

395 3569 668 3639 νομιζέτω
696 3589 778 3634 τις
802 3573 990 3626 ἱκανὸν
1015 3567 1158 3624 εἶναι
1185 3571 1436 3624 κωλῦσαι
1465 3570 1565 3640 τὴν
1599 3571 1692 3622 ἐπὶ
1721 3570 1822 3638 τὴν
1849 3569 1978 3636 ἀρε-

397 3666 497 3730 τὴν
532 3664 806 3730 φέρουσαν
856 3664 974 3716 ὁδον
1013 3663 1318 3718 δύνασθαι·
1360 3663 1475 3715 ἀλλ’
1515 3663 1704 3732 ἀπατᾷ
1737 3661 1835 3728 μὲν
1883 3660 1977 3714 καὶ

395 3755 748 3818 ὑποσκελίζει
777 3755 904 3818 τοὺς
941 3756 1374 3826 ῥᾳθυμοτέρως,
1410 3755 1469 3810 ού
1508 3753 1613 3820 μὴν
1647 3753 1845 3806 κωλύει
1881 3753 1978 3804 καὶ

397 3841 672 3916 βιάζεται.
723 3847 834 3900 Καὶ
865 3847 1024 3900 τοῦτο
1054 3847 1194 3915 αὐτὴ
1227 3845 1334 3898 τῶν
1367 3843 1712 3913 πραγμάτων
1746 3846 1778 3912 ἡ
1809 3846 1976 3910 πεῖρα

391 3939 669 3992 δείκνυσιν
694 3956 708 3970 ·
741 3940 826 3992 ὅτι
861 3940 1028 4008 ἡνίκα
1065 3939 1164 4008 μὲν
1193 3939 1258 3992 ἂν
1291 3937 1610 4008 βουλώμεθα
1643 3937 1858 4005 νήφειν,
1883 3953 1974 3988 το-

397 4030 590 4084 σοῦτον
619 4033 711 4084 τδν
767 4031 930 4084 πόνον
959 4031 1416 4098 ἐπιδεικνύμεθα,
1453 4031 1528 4093 ὡς
1581 4032 1716 4100 μηδὲ
1764 4029 1976 4082 πολλῶν

395 4127 570 4180 ὄντων
593 4125 704 4178 τῶν
735 4125 1156 4196 προτρεπὸντων
1199 4126 1293 4177 ἐπὶ
1328 4123 1426 4194 τὴν
1463 4125 1563 4192 τῆς
1624 4122 1826 4184 κακίας
1858 4121 1976 4176 ὁδὸν

399 4217 694 4288 ἀνέχεσθαι
722 4218 822 4286 τῆς
857 4215 1192 4286 συμϐουλῆς,
1245 4215 1382 4268 ἀλλά
1413 4214 1614 4276 παντὸς
1663 4214 1974 4282 ἀδάμαντος

399 4310 793 4382 στερροτέρους
826 4309 974 4379 ἡμᾶς
1009 4307 1281 4376 γίνεσθαι,
1325 4308 1420 4360 καὶ
1458 4307 1830 4376 ἀποφράττειν
1862 4307 1975 4368 τοῖς

395 4405 466 4456 τὰ
495 4401 676 4469 φαῦλα
699 4400 1140 4471 συμϐουλεύουσι
1170 4399 1267 4462 τὰς
1315 4399 1485 4462 ἀκοάς
1514 4418 1528 4432 -
1561 4399 1692 4450 ὅταν
1723 4398 1777 4450 δὲ
1811 4397 1976 4470 ῥᾳθυ-

405 4497 620 4566 μῶμεν,
663 4494 760 4547 καὶ
800 4493 1027 4564 μηδενὸς
1074 4492 1225 4550 ὄντος
1272 4508 1364 4544 του
1419 4489 1906 4558 συμϐουλεύοντος,
1943 4489 1974 4558 ἦ

401 4585 878 4648 ὑποσκελίζοντος,
909 4581 1124 4636 οίκοθεν
1164 4580 1474 4646 κινούμενοι
1505 4579 1597 4632 ἐπὶ
1641 4581 1742 4648 τὴν
1775 4579 1976 4632 κακίαν

397 4683 686 4748 ὁρμῶμεν.
719 4681 812 4748 Τῷ
861 4680 978 4733 δντι
1007 4680 1118 4746 γὸρ
1150 4677 1244 4730 καὶ
1284 4677 1378 4728 ὲάν
1412 4673 1732 4744 βουλώμεθα
1760 4676 1975 4742 νήφειν,

399 4775 508 4828 κᾶν
533 4774 722 4844 μυρίοι
745 4766 880 4827 ὦσιν
903 4773 952 4826 oi
986 4769 1122 4840 πρὸς
1154 4769 1254 4838 τὴν
1286 4771 1486 4822 κακίαν
1513 4769 1787 4830 ἕλκοντες,
1826 4767 1978 4820 οὐδὲν

399 4867 558 4934 ἡμῶν
605 4867 706 4936 τὴν
755 4864 994 4932 σπουδὴν
1021 4865 1246 4918 δύναται
1305 4859 1653 4930 λυμήνασθαι
1681 4876 1694 4891 ο
1743 4862 1834 4912 xu".
1881 4859 1976 4912 ἐὰν

399 4959 482 5022 είς
515 4955 794 5027 ρᾳθυμίαν
827 4954 1214 5024 ἀποκλίνωμεν
1247 4952 1438 5012 πάλιν,
1469 4950 1563 5002 καὶ
1598 4949 1703 5004 ὑπὸ
1737 4949 1845 5002 τῶν
1887 4967 1978 5000 τυ-

397 5049 606 5116 χόντων
639 5045 996 5116 βλαπτόμεθα
1023 5061 1040 5076 ⁸
1085 5044 1319 5112 ἐπείπερ
1370 5041 1546 5104 οὐδεὶς
1594 5041 1753 5110 φύσει
1788 5041 1972 5106 καλὸς,

397 5141 432 5205 ἢ
465 5140 658 5206 κακὸς,
687 5139 803 5192 ἀλλ’
832 5139 890 5190 ὲν
913 5140 979 5208 τῇ
1021 5135 1346 5206 προαιρέσει
1383 5135 1564 5188 κεῖται
1618 5133 1776 5202 ἡμῶν
1805 5133 1978 5186 ὄντων

399 5230 766 5296 αὖτεξουσίων
827 5229 890 5283 τὸ
921 5229 1195 5299 πονηρους
1240 5229 1338 5296 μὲν
1380 5225 1655 5294 ὑπάρχειν
1704 5229 1769 5296 τῇ
1803 5225 1979 5294 οἰκείᾳ

397 5323 646 5396 ῥαθυμίᾳ
679 5323 1082 5393 κεχρημένους,
1125 5323 1220 5375 καὶ
1248 5319 1346 5388 τὴν
1375 5318 1589 5370 ἑαυτῶν
1623 5318 1976 5388 προδιδόντας

401 5417 698 5485 σωτηρίαν,
743 5417 840 5468 καὶ
889 5415 988 5484 τῆς
1021 5413 1208 5466 θεόθεν
1267 5411 1481 5482 εὐνοίας
1529 5410 1758 5472 ἑαυτοὺς
1821 5409 1978 5462 καθι-

401 5509 644 5570 στῶντας
715 5507 995 5576 ἐρήμουςο
1056 5503 1298 5572 ἀγαθοὺς
1361 5501 1418 5554 δὲ
1479 5495 1619 5554 εἶναι
1674 5503 1740 5572 τῇ
1797 5501 1978 5572 οἰκείᾳ

401 5603 632 5671 σπουδῇ,
657 5603 726 5654 τά
758 5601 862 5669 τῆς
899 5599 1104 5670 ἀρετῆς
1135 5597 1275 5668 ἔργα
1313 5593 1611 5664 κατορθοῦν
1642 5593 1976 5662 δυναμένους

402 5697 546 5764 peti
573 5695 674 5764 τῆς
723 5693 932 5747 ἀνωθεν
965 5693 1212 5762 χάριτος.
1250 5689 1418 5744 Ὂθεν
1459 5691 1554 5744 καὶ
1601 5687 1718 5740 λίαν
1775 5687 1974 5740 ἄτοπον

403 5787 600 5858 τέχνην
635 5785 733 5856 μὲν
769 5784 910 5856 ἔχειν
939 5783 1030 5838 τὸν
1076 5783 1382 5852 ἄνθρωπον,
1427 5785 1492 5838 τὰ
1522 5781 1690 5850 ἄλογοι
1739 5779 1880 5831 κατὰ
1915 5777 1972 5830 τὸ

2084 3219 2410 3273 quemquam
2461 3212 2681 3258 accuset
2723 3205 2916 3272 aliquis
2944 3245 2958 3268 ,
2991 3204 3143 3272 quasi
3201 3219 3258 3256 se
3311 3203 3568 3270 impediat
3613 3203 3667 3258 in

2082 3299 2300 3352 virtutis
2356 3297 2561 3364 labore,
2622 3296 2714 3350 sed
2757 3296 2988 3364 propriae
3045 3295 3265 3350 desidiae
3315 3298 3570 3364 imputet.
3601 3295 3667 3350 Et

2083 3391 2212 3458 quid
2253 3390 2372 3446 dico
2399 3390 2562 3443 alium
2587 3389 2610 3442 ἲ
2635 3388 2708 3443 Ne
2742 3389 3016 3442 diabolum
3068 3389 3287 3458 quidem
3320 3389 3497 3458 ipsum
3546 3404 3666 3444 cre-

2081 3485 2178 3540 dat
2205 3483 2401 3552 aliquis
2447 3483 2606 3537 talem
2661 3497 2782 3536 esse
2815 3491 2872 3534 ut
2907 3481 3172 3542 impedire
3217 3481 3362 3534 viam
3401 3481 3466 3534 ad
3503 3481 3664 3534 τιὴ-ιιι-

2085 3584 2187 3630 lem
2231 3577 2516 3628 ducentem
2582 3573 2776 3628 valeat.
2837 3572 2944 3626 Sed
3004 3573 3204 3640 decipit
3247 3583 3301 3628 et
3359 3573 3665 3641 supplantat

2081 3667 2362 3730 vecordes,
2400 3682 2507 3720 non
2557 3666 2781 3732 imped.t
2831 3679 2928 3718 nec
2985 3663 3266 3720 violenta'.
3306 3665 3375 3718 Et
3406 3665 3508 3718 hoc
3552 3665 3664 3730 ipsa

2083 3773 2259 3812 rerum
2295 3759 2624 3826 experientia
2659 3757 2918 3822 Ostendit,
2965 3757 3107 3826 quod
3145 3758 3360 3826 quando
3411 3757 3664 3812 volumus

2079 3851 2372 3918 prudentes
2410 3865 2548 3908 esse.
2585 3859 2786 3903 tanlum
2838 3849 3078 3902 laborem
3102 3849 3442 3912 exhibemus,
3471 3857 3526 3900 ut
3560 3851 3662 3903 etsi

2081 3939 2248 3994 multa
2282 3940 2392 3994 sint
2416 3956 2535 4008 qme
2565 3956 2660 3994 nos
2690 3949 3008 3996 convertant
3045 3941 3110 3994 ad
3139 3941 3356 3994 malitia:
3383 3940 3523 3992 viam
3558 3957 3662 3993 n03

2079 4032 2145 4085 de
2173 4031 2450 4098 proposito
2484 4033 2814 4086 desistamns
2839 4072 2852 4096 ,
2881 4033 2977 4086 sed
3011 4033 3300 4087 adamante
3331 4033 3522 4100 quovis
3561 4033 3660 4086 du-

2081 4126 2254 4180 riores
2277 4124 2426 4190 facti,
2454 4134 2506 4179 et
2544 4127 2857 4180 obturemus
2885 4140 3048 4182 aures
3079 4126 3145 4179 ab
3174 4127 3258 4180 his
3287 4127 3378 4196 qui
3409 4141 3664 4196 perversa

2081 4219 2503 4286 suadent;cum
2558 4229 2740 4272 autem
2801 4221 3136 4292 negligentes
3191 4236 3405 4284 sumus,
3447 4223 3661 4276 nemine

2081 4314 2359 4379 suadente,
2385 4315 2883 4384 autsupplantante
2913 4329 3038 4381 nos,
3092 4315 3423 4370 intrinsecus
3477 4315 3660 4386 agitati

2081 4407 2134 4462 in
2171 4405 2570 4474 improbitatem
2609 4405 2858 4461 feritnnr.
2896 4405 3095 4476 Rcipsa
3145 4409 3289 4460 enim
3350 4407 3394 4460 si
3431 4405 3658 4459 velimus

2009 4485 2054 4541 Ῐ)
2085 4512 2206 4552 esse
2259 4497 2560 4564 sapientes.
2600 4498 2700 4551 etsi
2741 4498 2995 4564 permulti
3049 4498 3158 4551 sint
3207 4497 3272 4550 ad
3307 4497 3506 4550 malum
3563 4513 3660 4551 nos

2085 4589 2386 4654 trahentes,
2415 4588 2548 4642 nihil
2583 4598 2825 4642 nostrum
2853 4589 3091 4642 studium
3125 4597 3298 4656 potest
3331 4589 3655 4642 adulterare.

2083 4677 2197 4734 Etsi
2239 4679 2304 4732 ad
2334 4679 2712 4746 negligentiam
2761 4679 3326 4744 declinemusdenuo,
3395 4695 3424 4733 a
3465 4681 3660 4750 quovis

2085 4773 2449 4842 percutiatur.
2485 4769 2670 4840 Itaque
2703 4786 2862 4824 nemo
2891 4779 3083 4823 natura
3123 4780 3205 4824 est
3241 4771 3410 4826 bonus
3437 4773 3514 4824 vel
3542 4789 3658 4824 ma-

2081 4859 2188 4924 lus,
2227 4861 2320 4914 sed
2351 4857 2400 4912 iu
2435 4859 2701 4912 electione
2734 4870 2913 4914 nostra
2942 4871 3058 4930 est;
3093 4875 3212 4913 nam
3257 4859 3355 4929 ipsi
3395 4861 3658 4918 habemus

2081 4961 2401 5020 potestatem
2433 4953 2604 5006 malos
2651 4967 2796 5018 esse,
2827 4963 3014 5007 nostra
3057 4953 3272 5023 propria
3307 4963 3520 5008 utentes
3558 4972 3658 5010 ne-

2080 5045 2359 5115 gligentia,
2399 5054 2450 5096 et
2511 5053 2710 5100 nostra:
2746 5045 3048 5112 proditores
3100 5045 3316 5111 salutis,
3353 5055 3406 5099 et
3464 5047 3658 5102 divinae

2079 5135 2472 5190 beneVolentire
2512 5149 2610 5190 nos
2652 5135 2942 5191 reddentes
2978 5152 3205 5202 vacuos;
3255 5139 3425 5194 bonos
3475 5149 3655 5192 autem

2080 5241 2200 5280 esse
2245 5227 2464 5294 preprio
2515 5227 2695 5280 studio
2751 5229 2875 5296 quia
2933 5229 3148 5282 virtutis
3183 5245 3346 5299 opera
3395 5231 3656 5300 perlicere

2082 5335 2366 5389 possumus
2400 5334 2528 5372 cum
2567 5335 2796 5388 superna
2832 5319 3022 5388 gratia.
3053 5321 3204 5377 Unde
3237 5323 3394 5378 valde
3431 5323 3652 5376 stultam

2081 5421 2251 5465 artem
2316 5410 2480 5465 habet
2537 5413 2756 5466 homo:
2818 5411 3214 5474 irrationabilia
3275 5414 3536 5469 ﬂectendo
3585 5413 3654 5465 ad

2031 5509 2051 5523 ‘
2083 5507 2372 5559 humanam
2416 5503 2774 5570 nobilitatem,
2815 5517 3023 5562 mutare
3069 5511 3323 5576 psittacos
3372 5521 3420 5559 et
3476 5505 3647 5572 piens.

2080 5600 2280 5652 docens
2317 5612 2504 5651 vocem
2539 5597 2828 5650 bttmanam
2859 5601 3162 5667 exprimere
3191 5609 3246 5653 et
3285 5607 3404 5651 arte
3443 5607 3650 5649 natura:

2079 5689 2185 5744 vim
2239 5689 2466 5754 fat-iens,
2501 5689 2710 5744 cicures
2758 5691 2986 5746 reddens
3027 5691 3210 5744 leones
3245 5701 3296 5743 et
3337 5705 3430 5758 per
3469 5689 3644 5741 l'oruut

2079 5779 2302 5846 dttcctts,
2357 5781 2528 5848 ipsum
2585 5787 2766 5833 autem
2805 5779 3038 5846 Scip-smn
3095 5779 3228 5846 lupis
3287 5777 3646 5847 agrcs'lercm
