4064 6206
384 289 394 298 ’
470 301 577 368 899

1575 280 1971 344 TI-IEODORI
2019 272 2572 350 MELITENIOTJE

3605 282 3716 342 9θί

473 410 576 481 ipsi
605 408 797 462 horum
839 401 1274 474 praescriptorum
1320 395 1530 452 solvere
1572 410 1586 458 ;
1624 393 1859 447 animant
1924 406 2048 447 vero

2180 391 2372 460 rer/11;,
2430 389 2534 443 κᾶν
2589 389 2816 442 εῐπωτιν
2856 383 3003 444 οὗτοι
3053 388 3325 461 φάρμακα
3374 406 3719 446 κατασκευα-

476 499 615 554 male
652 496 968 566 dispositam
998 492 1221 545 omniuc
1261 486 1534 556 ncg'igere
1565 492 1617 537 et
1654 496 1750 536 nec
1780 481 2048 535 medicum

475 591 767 648 adducere,
816 600 915 640 nec
962 584 1103 637 bona
1138 577 1519 648 expendere..;
1552 583 1605 628 et
1631 573 1868 626 studium
1897 570 2075 624 aliud.

473 684 693 742 all‘erre,
729 694 830 734 nec
869 674 1049 729 verbis
1073 669 1353 725 attendere
1378 666 1574 736 quibus
1604 664 1972 721 liberaremur
2022 675 2049 711 a

475 774 686 834 morbo,
748 768 841 823 sed
902 763 1125 833 perinde
1165 776 1230 815 ac
1286 760 1330 814 si
1388 757 1554 818 servi,
1614 767 1676 807 et
1731 751 1934 806 inimici
1990 759 2046 805 et

477 864 656 921 hostis
689 868 851 922 esset,
882 858 954 910 ita
977 870 1128 933 eum.
1149 852 1432 920 despicere
1473 857 1530 904 et
1579 845 1780 898 nullam
1842 842 2047 895 habere

474 969 687 1010 curam.
722 951 792 1006 Ut
829 949 969 1001 enim
1003 931 1127 1000 sunt
1161 942 1355 997 medici
1387 952 1695 1007 corporum,
1745 936 1813 987 ita
1845 944 1894 986 et
1927 931 2045 987 ani-

482 1061 714 1101 marurn.
738 1043 800 1097 Et
830 1042 975 1094 sicut
1005 1036 1118 1091 illis
1144 1034 1426 1089 obediruns
1450 1030 1591 1084 male
1638 1027 1900 1095 disposito
1925 1040 2048 1078 eor-

473 1154 620 1210 pore,
661 1139 731 1190 ita
761 1140 976 1202 Oportet
1001 1125 1311 1184 omnimode
1326 1124 1495 1191 ethos
1527 1122 1737 1186 audire,
1766 1128 2049 1189 agrotmte

474 1234 650 1286 anima
682 1237 904 1289 nostra;
936 1237 1043 1276 non
1073 1221 1218 1275 enim
1239 1216 1353 1270 ﬁeri
1384 1222 1564 1285 potest
1590 1214 1748 1266 aliter
1771 1220 1826 1263 ut
1847 1212 2045 1263 animze

475 1320 867 1389 ettpiditatibns
900 1325 1177 1368 eruantur.

2151 482 2347 550 σθῆναι
2404 481 2608 550 πολλῆς
2668 483 2862 549 τιμῆς,
2913 480 3116 545 εὐθέως
3170 481 3360 545 εἴκειν,
3390 483 3493 537 κάν
3539 483 3718 536 ὁτιοῦν

2157 572 2478 636 ἐπιτάξωσι,
2518 572 2804 625 πείθεσθαι
2833 573 3205 642 παραχρῆμα,
3237 575 3334 626 καί
3371 574 3601 644 μισθοὺς
3626 577 3721 628 αύ-

2158 666 2273 725 τοῖς
2304 664 2413 716 τῶν
2440 664 2877 734 προσταγμάτων
2914 665 3122 718 τούτων
3159 663 3335 717 τελεῖν
3360 681 3375 697 ο
3403 667 3499 736 τῆς
3531 668 3587 719 δὲ
3620 668 3724 736 ψυ-

2158 756 2258 826 χῆς
2307 754 2495 818 κακῶς
2542 756 2899 826 διακειμένης
2952 757 3303 809 παντάπασιν
3354 757 3599 826 ἀμελεῖν,
3630 759 3727 812 καὶ

2158 851 2297 918 μήτε
2349 846 2533 916 ἰατρὸν
2565 848 2830 916 εἰσάγειν,
2890 850 3028 918 μήτε
3076 851 3335 918 χρήματα
3384 850 3725 916 ἀναλίσκειν,

2157 940 2296 1010 μήτε
2329 941 2567 1009 σπουδὴν
2596 940 2765 1010 ἄλλην
2797 942 3098 1011 εἰσφέρειν,
3150 942 3288 1012 μήτε
3316 942 3495 1007 λόγοις
3527 944 3729 1012 7:90:6-

2156 1044 2272 1097 χειν
2301 1028 2369 1081 δι’
2400 1022 2476 1081 ὧν
2505 1029 2572 1081 ἂν
2602 1027 3006 1097 ἀπαλλαγῶμεν
3038 1029 3138 1097 τῆς
3172 1030 3354 1094 νόσου,
3394 1030 3513 1083 ἀλλ’
3542 1029 3728 1101 ὥσπερ

2155 1119 2355 1187 δημίου
2394 1119 2540 1181 τινὸς
2592 1121 2687 1172 καὶ
2747 1119 2947 1190 ἐχθροῦ
2989 1120 3083 1172 καί
3136 1121 3397 1187 πολεμίου
3450 1122 3729 1188 κειμένου,

2156 1211 2301 1263 οὕτω
2333 1211 2535 1281 ταύτης
2573 1213 2964 1280 καταφρονεῖν,
2999 1212 3091 1264 καὶ
3138 1212 3411 1281 μηδεμίαν
3455 1211 3729 1265 ποιεῖσθαι

2160 1303 2504 1371 ἐπιμέλειαν.
2560 1304 2773 1374 Ὠσπερ
2827 1304 2937 1372 γάρ
2991 1307 3132 1357 εἰσιν
3194 1305 3371 1375 ἰατροὶ
3425 1306 3730 1383 σωμάτων.

474 1414 617 1470 οὕτω
647 1413 713 1480 δὴ
750 1411 842 1463 καὶ
885 1406 1108 1476 ψυχῶν·
1149 1402 1243 1456 καὶ
1286 1402 1540 1467 καθάπερ
1595 1399 1825 1458 ἐκεινοις
1859 1394 2184 1462 πειθιὶμεθα,
2211 1398 2465 1466 πονήρως
2493 1397 2586 1450 τοῦ
2619 1397 2873 1467 σώματος
2931 1396 3170 1480 ἔχοντος,
3230 1395 3372 1449 οὕτω
3433 1397 3540 1467 χρὴ
3603 1398 3735 1451 πάν.

476 1523 583 1569 τως
610 1506 706 1556 καὶ
729 1501 935 1554 τούτων
964 1494 1206 1557 ἀκούειν,
1229 1488 1490 1559 νοσούσης
1518 1486 1674 1557 ἡμῶν
1714 1485 1894 1554 ψυχῆς
1916 1500 1930 1514 ο
1971 1487 2030 1537 ού
2070 1485 2178 1556 γὰρ
2204 1481 2315 1541 οἷόν
2353 1504 2413 1540 τε
2439 1488 2612 1552 ἄλλως
2647 1491 2757 1543 τῶν
2784 1467 3207 1559 ψυχικῶνᾛμοῖς
3226 1488 3492 1558 ρνσθῆναι
3524 1490 3735 1542 παθῶν.

546 1636 603 1689 2.
648 1631 875 1699 Quando
907 1643 1035 1696 ergo
1101 1625 1406 1680 laboramus
1463 1622 1668 1688 anima,
1719 1637 1826 1675 non
1885 1620 2056 1688 magis

479 1737 658 1782 autem
688 1736 852 1793 quutn
883 1735 991 1774 non
1037 1718 1354 1772 laboramus
1387 1716 1749 1769 ostendamus
1778 1713 2052 1767 inﬁrmam

2238 1627 2303 1696 β’.
2341 1626 2513 1681 Ὀταν
2543 1625 2635 1680 οὖν
2665 1626 2971 1698 κάμνωμεν
3010 1625 3278 1696 ψυχικῶς,
3308 1627 3508 1696 μᾶλλον
3551 1628 3608 1679 δὲ
3638 1628 3740 1680 οὐκ

2169 1716 2317 1770 ἐστιν
2353 1719 2441 1770 ὅτε
2467 1720 2529 1771 οὐ
2569 1719 2874 1788 κάμνομεν,
2906 1719 3261 1786 ἐπιδείξωμεν
3291 1721 3389 1789 τὴν
3418 1719 3742 1790 ἀρρωστοῦ-

481 1818 718 1872 animam
751 1812 980 1867 Domino
1010 1808 1230 1864 Christo
1262 1823 1370 1878 pra?
1397 1808 1652 1862 omnibus
1674 1821 1888 1861 omnem
1918 1818 2063 1856 mor-

2180 1824 2273 1862 σαν
2306 1811 2486 1881 ψυχὴν
2517 1810 2594 1881 τῷ
2647 1812 2897 1883 Δεσπότῃ
2939 1812 3159 1883 Χριστῷ
3211 1812 3317 1883 πρὸ
3366 1814 3612 1872 πάντων.
3668 1814 3745 1883 τῷ

480 1912 607 1964 bum
636 1917 690 1962 et
718 1905 1050 1961 debilitatem
1091 1910 1343 1957 cunctam
1390 1899 1628 1963 sananti,
1661 1898 1780 1967 ejus
1826 1897 2067 1964 discipu-

480 2003 564 2056 los
601 2001 926 2055 inducamus
958 1994 1232 2048 mirandus
1278 1992 1535 2055 medicos,
1577 2000 1632 2044 et
1669 2005 1790 2042 cum
1827 1989 1906 2043 eis
1936 2004 2066 2058 pro-

482 2095 702 2167 phetas,
750 2097 805 2144 et
836 2091 922 2143 his
966 2085 1269 2140 assidentes
1310 2085 1593 2135 audiamus
1643 2081 1810 2135 abcis
1835 2080 1963 2150 quid
1993 2079 2071 2133 fa-

482 2183 736 2242 ciendum
764 2188 977 2250 aegrota:
1006 2177 1070 2228 ad
1096 2175 1213 2243 ejus
1238 2174 1593 2226 mirationem.
1628 2170 1863 2225 Omnino
1889 2169 2073 2226 dicent

484 2291 585 2331 nec
611 2275 910 2345 quidquam
940 2270 1279 2322 abscondent
1312 2282 1328 2330 ;
1358 2264 1653 2332 loquuntur
1675 2262 1821 2315 enim
1857 2277 2071 2329 semper

484 2383 579 2440 per
615 2365 976 2433 Scripturas.
1051 2357 1158 2412 Sed
1228 2373 1334 2411 non
1393 2358 1620 2410 attendit
1684 2355 1819 2411 febri
1871 2353 2074 2421 eapta?

486 2452 893 2529 (Attgttrietntts)
954 2465 1211 2521 cogamus
1262 2465 1358 2501 nos
1398 2463 1539 2511 e..m,
1565 2456 1618 2500 et
1662 2448 1922 2502 rationem
1955 2450 2074 2516 ejus

484 2546 785 2599 excitemus
814 2540 944 2609 quin
1002 2546 1250 2606 oporteat
1309 2538 1447 2588 bona
1500 2535 1722 2590 medicis
1771 2537 2076 2605 expendere

486 2638 627 2693 latis.
649 2631 834 2701 Neque
864 2631 1007 2686 enim
1047 2627 1352 2683 mercedem
1389 2627 1498 2696 pro:
1520 2626 1718 2696 seipsis
1741 2637 2071 2696 exposcunt,

487 2742 660 2801 neque
686 2740 781 2799 pro
808 2725 1095 2781 medicinis
1123 2738 1259 2790 quas
1302 2731 1603 2793 praeparant
1633 2722 1703 2787 ,ἱιί
1754 2721 2078 2776 necessitate

487 2834 519 2876 a
548 2823 703 2875 nobis
734 2832 1034 2888 expensum
1065 2816 1289 2884 exigunt
1316 2814 1419 2867 nisi
1447 2814 1660 2866 ratione
1685 2813 2073 2883 eleenmsynte.

489 2916 565 2967 De
603 2921 799 2967 caetero
843 2925 973 2964 vero
1022 2917 1071 2962 et
1127 2908 1358 2969 addunt,
1409 2904 1628 2974 quando
1678 2907 1834 2959 verbi
1871 2906 2070 2973 gratia,

487 3008 681 3078 iubent
717 3000 1005 3071 temperari
1038 3015 1069 3052 a
1109 2996 1399 3065 superﬂuit;
1430 3006 1487 3050 et
1517 3000 1585 3050 ab
1630 2997 2066 3061 irrationalibus,

493 3101 725 3155 liberant
776 3091 1027 3159 expensis
1082 3104 1260 3145 :cum
1331 3089 1619 3143 abstineret
1656 3092 1724 3142 ab
1783 3089 2070 3153 ebrietate,

2174 1904 2357 1957 πᾶσαν
2391 1904 2545 1956 νόσον
2593 1906 2684 1958 καί
2742 1904 3014 1974 μαλακίαν
3060 1907 3278 1959 ἃπασαν
3331 1906 3569 1977 ἰωμένῳ,
3622 1908 3747 1968 τοὺς

2173 1993 2340 2046 αὑτοῦ
2370 1993 2618 2065 μαθητὰς
2638 1995 2970 2065 εἰσάγωμεν,
2992 1996 3118 2057 τοὺς
3139 1996 3473 2064 θαυμασίους
3506 1998 3744 2066 ξατροῦς,

2174 2090 2268 2138 καὶ
2296 2087 2394 2140 σὺν
2424 2090 2608 2151 αὐτοῖς
2642 2090 2769 2151 τοὺς
2808 2091 3094 2160 προφήτας
3125 2104 3138 2117 ⁸
3193 2092 3285 2141 καὶ
3315 2089 3529 2150 τούτοις
3572 2105 3748 2154 παρα-

2177 2179 2521 2247 καθήσαντες
2574 2180 2905 2250 ἀκούσωμεν
2945 2181 3078 2250 παρ’
3122 2181 3324 2243 αὐτῶν,
3357 2183 3407 2232 τί
3441 2181 3524 2232 δεῖ
3574 2182 3750 2232 ποιεῖν

2174 2270 2274 2339 τὴν
2304 2271 2570 2324 νοσοῦσαν
2621 2273 2701 2334 εἰς
2756 2272 2997 2341 ἰατρείαν
3047 2272 3240 2341 αὐτῆς.
3278 2273 3505 2336 Πάντως
3564 2273 3752 2343 ἐροῦσι

2177 2364 2274 2414 καί
2305 2363 2407 2414 οὐκ
2434 2363 2849 2432 ἀποκρύψονται
2875 2380 2892 2396 ⁸
2923 2365 3255 2434 φθέγγονται
3280 2367 3387 2435 γὰρ
3415 2367 3501 2418 ἀεὶ
3528 2367 3619 2418 διὰ
3647 2366 3752 2419 τῶν

2178 2455 2439 2523 Γραφῶν.
2472 2454 2619 2507 Ἀλλ’
2648 2455 2710 2507 οὐ
2736 2457 2998 2525 προσέχει
3028 2456 3106 2525 τῷ
3125 2456 3347 2526 πυρετῷ
3366 2460 3751 2527 κατεχομένης

2179 2548 2698 2616 καταναγκάσωμεν
2735 2550 2897 2618 ἡμεῖς
2941 2548 3133 2619 αὐτὴν,
3170 2551 3267 2604 καί
3298 2549 3359 2602 τὸ
3400 2550 3622 2615 λογικὸν
3658 2551 3756 2603 αὑ-

2177 2640 2276 2707 τῆς
2306 2638 2688 2708 διεγείρωμεν,
2733 2641 2917 2694 οὐκέτι
2957 2642 3220 2710 χρήματα
3262 2643 3375 2704 τοῖς
3412 2643 3624 2710 ἰατροῖς
3662 2660 3760 2695 κα-

2178 2729 2419 2782 ταθεῖναι
2454 2729 2666 2792 τούτοις
2687 2745 2701 2759 ·
2732 2727 2857 2781 οὔτε
2888 2730 2999 2798 γὰρ
3029 2731 3185 2784 αὐτοὶ
3228 2732 3418 2801 μισθὸν
3454 2733 3596 2804 ὑπὲρ
3631 2735 3759 2787 ἐαυ-

2179 2820 2287 2875 τῶν
2334 2821 2681 2884 ἀπαιτοῦσιν,
2737 2819 2861 2873 οὔτε
2904 2820 3043 2891 ὑπὲρ
3096 2824 3406 2891 φαρμάκων
3460 2821 3538 2875 ὧν
3584 2839 3762 2877 κατα-

2183 2913 2563 2977 σκευάζουσιν,
2586 2913 2665 2973 εἰς
2685 2913 2930 2984 ἀνάγκην
2950 2915 3094 2984 ἡμᾶς
3111 2914 3355 2985 δαπάνης
3374 2916 3757 2982 ἐκκαλοῦνται,

2184 3002 2323 3070 πλὴν
2353 3002 2456 3070 τῆς
2484 3001 2855 3071 ἐλεημοσύνης
2880 3017 2896 3032 ·
2929 3003 2986 3055 ἐν
3011 3005 3126 3065 τοῖς
3155 3003 3337 3066 ἄλλοις
3372 3004 3428 3057 δέ
3455 3007 3549 3059 καὶ
3579 3024 3762 3077 προσ-

2180 3092 2441 3156 διδόασιν,
2473 3087 2584 3144 οἷον
2631 3092 2762 3144 ὅταν
2797 3091 3066 3147 κελεύωσι
3118 3097 3418 3165 σωφρονεῖν
3450 3096 3558 3148 τῶν
3598 3099 3765 3151 ἀκαίι

491 3191 722 3246 ditiores
776 3199 874 3239 nos
923 3181 1174 3239 reddunt.
1206 3179 1472 3236 Vidistine
1524 3180 1853 3234 medicorum
1891 3190 2060 3234 artem

2180 3200 2293 3254 ρων
2322 3185 2356 3255 ἠ
2367 3184 2497 3252 μᾶς,
2526 3184 2621 3236 καὶ
2651 3183 2872 3237 ἀτόπων
2895 3184 3337 3238 ἀπαλλάττουσιν
3356 3187 3759 3258 ἀναλωμάτων,

489 3296 613 3336 eum
646 3277 880 3332 sanitate
914 3283 971 3329 et
1025 3274 1249 3328 divitias
1307 3270 1668 3326 aﬂerentent?
1726 3271 2076 3326 Assideamns

487 3384 621 3444 ergo
651 3371 789 3435 istis,
808 3368 1096 3423 audiamus
1139 3365 1525 3435 hasejnssuum
1560 3364 1722 3418 verba
1759 3380 1880 3431 qua:
1912 3365 2081 3425 impe-

491 3472 633 3528 rant,
662 3461 883 3515 auribus
913 3457 1195 3527 acquisitis
1252 3454 1705 3525 Spit'itualibnsad
1726 3455 2074 3516 audiendum,

495 3570 548 3613 et
590 3549 867 3612 discamus
900 3556 969 3609 ab
1018 3553 1100 3606 eis
1137 3551 1315 3606 morbi
1375 3550 1546 3603 nostri
1582 3560 1858 3612 naturam,
1914 3549 2077 3603 sicuti

499 3652 752 3705 videmus
790 3654 1053 3703 [minorum
1108 3661 1250 3714 saepe
1296 3654 1348 3699 el
1376 3642 1712 3707 divitiarum,
1758 3654 1818 3694 ut
1857 3640 1973 3695 febr
1997 3642 2077 3696 ci-

497 3753 675 3798 tantes
706 3739 955 3810 frigoris;
1013 3739 1301 3792 audiamus
1353 3734 1484 3804 quid
1537 3735 1859 3798 hortentur;
1926 3734 2070 3786 sicut

492 3837 640 3889 enim
670 3835 749 3886 ait
807 3830 1106 3898 corporalis
1157 3827 1397 3881 medicus
1438 3833 1651 3888 noster;
1698 3826 1912 3890 quando
1964 3823 2076 3875 alii.

493 3924 712 3981 cietnini
762 3922 1058 3992 cupiditate
1090 3919 1254 3973 multa
1303 3919 1395 3973 his
1430 3926 1483 3971 et
1509 3919 1593 3972 his
1622 3918 1929 3986 Opponetis.
1977 3915 2087 3970 Eo-

495 4023 612 4073 dem
645 4016 862 4087 quidem
898 4014 1057 4069 tnodo
1080 4021 1135 4068 et
1164 4011 1392 4066 Paulus:
1420 4011 1521 4077 Qui
1548 4010 1733 4062 volunt
1755 4008 1950 4062 divites
1977 4008 2074 4059 lie-

495 4110 566 4172 ri,
590 4109 842 4163 incidunt
867 4106 1297 4160 intentationem
1327 4113 1382 4159 et
1410 4104 1734 4171 cupiditates
1791 4102 1984 4154 stultas
2018 4110 2072 4152 et

496 4216 721 4263 nocaas,
766 4212 885 4268 qua:
932 4196 1268 4266 prteeipilant
1332 4196 1575 4250 homines
1628 4196 1680 4248 ia
1736 4193 2088 4261 perditionem

498 4307 551 4348 et
612 4293 843 4347 ruinam.
900 4287 1007 4342 Sed
1062 4285 1269 4341 debiles
1340 4300 1549 4339 sumus.-
1607 4288 1898 4339 Audiatnns
1965 4302 2087 4338 t‘llttl

500 4400 688 4441 rttrsus
720 4382 989 4435 dicentem
1029 4393 1045 4433 :
1077 4376 1268 4430 Adhuc
1301 4376 1566 4430 modicum
1591 4388 1641 4429 et
1686 4378 1774 4444 qui
1825 4378 1970 4430 venit
2001 4392 2091 4427 res

499 4479 633 4541 niet,
691 4484 743 4529 et
794 4487 898 4525 non
966 4468 1222 4523 tardabit.
1248 4466 1505 4522 Dominus
1554 4482 1717 4535 prope
1769 4480 1889 4532 esr;
1943 4465 2075 4519 nihil

500 4567 787 4639 negligite;
829 4577 882 4617 et
908 4576 1096 4615 rursus
1129 4577 1145 4614 :
1176 4559 1427 4614 Praeterit
1469 4558 1637 4625 ﬁgura
1675 4556 1835 4623 huius
1870 4558 2077 4611 mundi.

2180 3278 2309 3330 ὅταν
2342 3277 2642 3346 ἀπέχεσθαι
2692 3277 2890 3346 μέθης,
2926 3278 3341 3349 εὐπορωτέρους
3386 3280 3533 3349 ἡμᾶς
3568 3281 3763 3335 ποιοῦ-

2185 3386 2294 3424 σιν.
2328 3365 2480 3430 Εἰδες
2508 3367 2712 3439 ἰατρῶν
2739 3370 2943 3438 τέχνην
2981 3370 3120 3439 μετὰ
3148 3369 3247 3438 τῆς
3282 3371 3470 3441 ὑγείας
3498 3372 3594 3425 καί
3627 3374 3764 3443 χρή-

2190 3477 2335 3530 ματα
2371 3460 2764 3531 παρεχόντων;
2814 3460 3294 3531 Παρακαθίσωμεν
3344 3464 3522 3518 τοίνυν
3549 3465 3761 3528 αὐτοῖς,

2188 3554 2511 3618 ἀκούσωμεν
2557 3552 2763 3606 τούτων
2797 3552 2905 3606 τῶν
2955 3553 3129 3621 λόγων
3183 3555 3605 3619 ἐπιταττόντων,
3651 3552 3766 3610 ὦτα

2185 3646 2517 3713 κεκτημένοι
2553 3649 2904 3715 πνευματικά
2959 3646 3095 3714 πρὸς
3127 3646 3186 3699 τὸ
3233 3647 3454 3699 ἀκούειν
3481 3663 3497 3679 ο
3534 3652 3630 3704 καὶ
3660 3652 3767 3719 μάο

2189 3738 2373 3807 θωμεν
2403 3735 2534 3806 παρ’
2561 3737 2739 3789 αὐτῶν
2770 3735 2863 3788 τοῦ
2897 3739 3205 3806 νοσήματος
3233 3738 3389 3809 ἡμῶν
3438 3739 3538 3810 τὴν
3576 3744 3766 3809 cpiam,

2190 3823 2302 3880 οἷον
2332 3828 2546 3897 ὁρῶμεν
2599 3814 2702 3896 χρη
2715 3827 2900 3896 μάτων
2954 3829 3217 3893 πολλάκις
3274 3832 3367 3883 καί
3419 3831 3765 3900 πλεονεξίας,

2191 3921 2383 3987 ὥσπερ
2425 3923 2472 3972 οἱ
2508 3920 2866 3989 πυρέττοντες
2914 3918 3127 3988 ψυχροῦ
3155 3936 3167 3950 ⁸
3205 3921 3533 3994 ἀκούσωμεν
3585 3921 3684 3979 οῦν
3714 3928 3769 3980 τί

2194 4012 2561 4081 παραινοῦσι·
2642 4010 2894 4080 καθάπερ
2956 4013 3064 4083 γάρ
3136 4027 3301 4083 φησιν
3361 4016 3390 4067 6
3448 4019 3772 4086 σωματικδς

2200 4103 2381 4172 ἰατρὸς
2412 4100 2593 4170 ἡμῶν,
2622 4102 2703 4153 ὅτι
2735 4103 2828 4153 ἐὰν
2854 4103 3134 4172 χρήσητθε
3166 4108 3232 4174 τῇ
3266 4105 3533 4177 ἐπιθυμία
3568 4111 3769 4181 πολλῇ,

2196 4194 2263 4245 τὰ
2298 4193 2393 4246 καὶ
2428 4194 2494 4245 τὰ
2542 4193 2923 4262 ύποστήσεσθε
2948 4211 2963 4226 ⁸
3009 4197 3099 4247 τὸν
3134 4197 3297 4249 αῢτδν
3334 4198 3396 4264 δὴ
3434 4198 3642 4268 τρόπον
3678 4202 3777 4254 καὶ

2200 4286 2430 4346 Παῦλοςο
2467 4286 2531 4338 Ol
2562 4287 2618 4340 δὲ
2648 4286 2964 4356 βουλόμενοι
2997 4288 3254 4343 πλουτεῖν
3294 4292 3662 4359 ἐμπίπτουσιν
3693 4297 3775 4348 ei:

2198 4378 2509 4444 πειρασμὴν
2544 4375 2636 4428 καί
2689 4376 2986 4445 ἐπιθυμίας
3032 4379 3296 4449 ἀνοήτους
3326 4383 3418 4434 καὶ
3473 4382 3776 4454 βλαϐερᾶς,

2185 4469 2387 4530 αἵτινες
2420 4466 2702 4537 βυθίζουσι
2730 4469 2856 4532 τοὺς
2896 4470 3220 4541 ἀνθρώπους
3262 4475 3342 4537 εἰς
3389 4474 3612 4546 δλεθριν
3684 4484 3776 4531 καὶ

2185 4560 2505 4615 ἀπώλειαν⁸
2563 4560 2677 4613 ἀλλ’
2737 4561 3113 4632 ἀκαρτὲρητοί
3176 4563 3365 4631 ἐσμεν.
3416 4566 3821 4637 ’Λκούτωμεςι

498 4659 665 4715 αὑτοῦ
717 4658 879 4711 πάλιν
920 4654 1172 4723 λέγοντος
1199 4670 1215 4687 ’
1250 4653 1374 4707 Ἔτι
1411 4655 1603 4724 μικρὸν
1638 4691 1652 4715 ,
1700 4655 1728 4706 6
1797 4653 2096 4721 ἐρχόμενος
2140 4653 2260 4723 ἥξει
2314 4657 2405 4707 καὶ
2451 4653 2511 4706 ού
2540 4656 2788 4724 χρονιεῖ·
2814 4657 2844 4709 6
2897 4654 3101 4727 Κύριος
3156 4657 3361 4726 ἐγγύς’
3410 4659 3578 4726 μηδὲν
3614 4676 3783 4733 μερι-

506 4755 714 4827 μνὶτευ
753 4752 849 4804 καὶ
874 4745 1061 4812 αὖθις·
1096 4747 1426 4818 Παράγειτὸ
1470 4748 1659 4816 σχῆμα
1723 4747 1817 4801 τοῦ
1877 4748 2087 4819 κόσμου
2128 4746 2339 4806 τούτου,
2390 4788 2396 4795 .

564 4892 618 4944 5.
668 4887 781 4939 Non
841 4883 1014 4938 solum
1078 4892 1256 4938 autem
1308 4884 1483 4953 jubet,
1540 4885 1632 4937 sed
1677 4868 1743 4937 et
1787 4883 2064 4938 cnnsolatu

2278 4891 2349 4952 γ’.
2388 4882 2521 4937 Οὐδὲ
2547 4882 2655 4953 γὰρ
2687 4883 2967 4938 ἐπιτάττει
2996 4884 3176 4953 μόνον,
3220 4884 3357 4939 ἀλλά
3391 4888 3485 4940 καί⁵
3515 4904 3784 4961 παραμυ»

506 4981 782 5037 medicus:
818 4977 890 5031 ita
950 4987 1004 5032 et
1064 4977 1178 5045 ipse
1224 4976 1421 5031 avertit
1470 4975 1818 5046 cupiditatem
1867 4975 2093 5033 :Vultis

506 5071 690 5132 ditari,
721 5068 916 5137 inquit,
957 5071 1012 5120 in
1061 5068 1315 5136 operibus
1342 5068 1589 5121 ditemini
1664 5069 1845 5123 bouis.
1883 5067 2091 5138 Cupitis

510 5159 907 5220 thesaurizare,
944 5170 1282 5225 nequaquam
1343 5156 1627 5224 impedio:
1675 5159 1833 5211 modo
1893 5158 1986 5210 liat
2035 5157 2087 5211 in

515 5251 689 5305 caelis.
719 5249 795 5303 Ae
835 5248 995 5302 veluti
1029 5249 1273 5303 medicus
1302 5248 1437 5302 dicit
1472 5248 1642 5320 frigus
1671 5264 1788 5303 esse
1819 5266 2074 5314 noenum,

511 5344 585 5397 ita
609 5352 658 5396 et
679 5340 790 5410 ipse
820 5339 1058 5417 brevius,
1088 5340 1211 5407 quia
1246 5340 1466 5394 brevem
1505 5356 1623 5395 esse
1660 5351 1834 5407 curat,
1867 5342 2092 5396 eviden-

516 5433 629 5488 tius
667 5432 834 5484 multo
885 5442 935 5485 et
968 5431 1240 5498 potentius
1273 5446 1286 5482 :
1324 5430 1494 5483 lladix
1526 5432 1773 5484 omnium
1812 5431 2080 5484 malorum

507 5533 592 5577 est
631 5524 875 5577 avaritia.
904 5522 1021 5588 Quo
1060 5521 1221 5589 igitur
1250 5533 1462 5590 oportet
1495 5525 1569 5576 uti
1596 5524 1618 5576 ’ἒ
1648 5523 1760 5579 lloc
1812 5533 1868 5578 et
1921 5526 2087 5579 dicit:

512 5598 841 5669 Snllieieutia
876 5630 972 5683 pro
1007 5612 1366 5679 abundantia,
1392 5625 1476 5669 εει
1505 5616 1649 5669 enim
1683 5627 1923 5686 quaestus
1971 5630 2092 5668 tua-

515 5723 671 5770 cons.
698 5720 746 5762 at
798 5706 1113 5764 sollicicntia
1163 5722 1284 5762 cum
1317 5708 1534 5775 pietate.
1597 5708 1651 5763 Si
1702 5720 1881 5763 autem
1942 5724 2081 5780 a-gre

2200 4974 2376 5027 θεῖται
2406 4973 2480 5036 ὡς
2523 4974 2707 5045 ἰατρός
2730 4987 2746 5003 ο
2792 4971 2936 5028 οὕτω
2962 4975 3057 5028 καὶ
3090 4969 3245 5041 οὗτος
3292 4979 3641 5049 μετοχετεύει
3675 4982 3785 5053 τὴν

2200 5066 2521 5135 ἐπιθυμίαν.
2576 5064 2849 5119 Βούλεσθε
2893 5067 3184 5133 πλουτεῖν;
3231 5071 3434 5140 φησίν
3489 5074 3550 5124 ἐν
3588 5070 3783 5141 ἔργοις

2199 5157 2480 5208 πλουτεῖτε
2508 5154 2756 5222 ἀγαθοῖς.
2794 5153 3149 5225 Ἐπιθυμεῖτε
3176 5156 3575 5228 θησαυρίζειν;
3613 5164 3783 5214 οὐδὲν

2199 5247 2419 5301 κωλύω’
2454 5248 2617 5313 μόνον
2640 5248 2697 5298 ἐν
2724 5250 2839 5310 τοῖς
2867 5247 3121 5317 οὐρανοῖς
3144 5264 3159 5281 ’
3187 5251 3280 5315 καὶ
3302 5248 3493 5322 ὥσπερ
3523 5253 3552 5304 6
3586 5253 3784 5324 ἰατρὸς

2203 5341 2376 5407 λέγει,
2414 5340 2495 5392 ὅτι
2525 5336 2587 5390 τδ
2612 5337 2821 5407 ψυχρὸν
2846 5338 3134 5408 βλαϐερὸν,
3166 5338 3308 5393 οὕτω
3331 5342 3428 5395 καὶ
3456 5343 3622 5407 αὐτὸς
3646 5359 3787 5398 συν-

2201 5431 2539 5501 τομώτερον,
2591 5430 2687 5484 an
2743 5430 3111 5500 βραχυλογίας
3164 5433 3620 5504 ἐπιμελούμενος,
3676 5452 3786 5488 σα-

2195 5523 2460 5592 φέστερον
2515 5521 2575 5574 δέ
2629 5522 2814 5590 πολλῷ
2870 5517 2964 5578 καὶ
3017 5523 3425 5594 δυνατώτερον·
3488 5520 3612 5595 ῥίζα
3660 5531 3784 5598 γὰρ

2195 5618 2417 5669 πάντων
2464 5615 2573 5667 τῶν
2618 5617 2809 5669 κακῶν
2843 5616 2997 5670 ἐστιν
3048 5618 3081 5686 ἡ
3113 5616 3485 5688 φυλαργυρία.
3529 5620 3647 5670 Τίνι
3690 5619 3784 5673 δεῖ

2193 5707 2290 5764 οὖν
2322 5709 2676 5780 χρήσασθαι;
2711 5707 2858 5778 λέγει
2890 5709 2984 5765 καὶ
3013 5709 3191 5777 τοῦτο,
3217 5713 3282 5781 τῇ
3312 5710 3615 5779 αὐταρκείᾳ
3649 5710 3786 5766 ἀντὶ
