4064 6206
365 299 471 362 905

1746 307 2078 371 E'l‘lllCON
2124 315 2220 375 IV.

3519 332 3622 396 900

367 417 502 487 σύνῃ
533 417 622 468 καὶ
680 418 954 488 ἐπιεικείᾳ
1015 419 1108 471 καὶ
1161 421 1310 490 φόϐῳ
1360 420 1668 491 πρὸςθεδν
1701 425 1920 497 rem»

2041 431 2214 485 destia
2242 439 2298 486 et
2332 431 2524 486 timore
2557 431 2607 485 in
2659 432 2825 488 Deum
2865 435 3128 502 radicalo,
3173 447 3228 493 et
3263 442 3534 510 precibus,
3564 461 3621 501 et

367 509 536 577 μένῳ,
567 508 667 560 καὶ
714 510 838 570 ταῖς
864 510 1051 579 εὐχαῖς
1099 513 1196 563 καὶ
1241 513 1363 575 ταῖς
1394 513 1814 582 ὲλεημοσύναις,
1845 521 1938 572 καὶ

361 604 428 671 τῇ
481 603 618 670 πρὸς
671 601 937 671 ἀλλήλους
981 605 1236 676 ὁμονοίᾳ;
1276 607 1402 668 τοὺς
1457 609 1794 672 ἀποστόλους
1847 613 1940 665 καὶ

359 695 489 754 τοὺς
513 697 804 764 προφήτας
831 697 1047 764 ἔχοντες
1078 700 1228 769 ἡμᾶς
1257 701 1682 772 ἁποσμήχοντας
1710 704 1800 758 διὰ
1829 705 1938 758 τῶν

359 785 710 854 διδαγμάτων
761 787 966 852 αὐτῶν,
1007 790 1347 855 άποξύοντας
1397 793 1498 862 τῆς
1547 797 1822 866 ἁμαρτίας
1877 800 1941 852 τὸ

358 877 563 943 γῆρας,
595 877 910 944 ἐπάγοντας
952 879 1052 948 τῆς
1097 882 1350 950 νεότητος
1384 883 1484 954 τὴν
1512 885 1718 954 ἀκμὴν,
1755 889 1938 942 πᾶσαν

355 969 576 1037 musa,
611 971 795 1022 πᾶσαν
830 972 1043 1039 ῥυτίδα,
1091 973 1272 1026 πάντα
1325 977 1520 1028 σπίλον
1573 978 1938 1042 ἐκϐάλλοντας

357 1061 457 1130 τῆς
491 1063 764 1131 ἡμετέρας
789 1062 997 1132 ψυχῆς,
1031 1066 1126 1118 καὶ
1160 1067 1355 1130 κάλλος
1390 1070 1677 1139 ἀμήχανον
1705 1071 1939 1124 ἐντιθέν-

357 1170 456 1215 τας
497 1155 655 1224 αὐτῇ,
695 1157 786 1208 καὶ
827 1159 1078 1225 κρεῖττον
1131 1158 1317 1228 πολλῷ
1351 1161 1428 1229 τῷ
1479 1162 1665 1232 μέτρῳ
1695 1163 1790 1216 τοῦ
1829 1163 1934 1216 σώ-

361 1263 533 1313 iam;
571 1249 803 1310 κάλλους
826 1265 840 1278 ·
873 1251 934 1301 τὸ
993 1251 1096 1319 μὲν
1140 1252 1248 1318 γάρ
1300 1255 1394 1306 τοῦ
1451 1252 1702 1324 σώματος
1741 1255 1936 1319 κάλλος

276 1405 282 1411 _
361 1340 459 1391 καὶ
491 1341 642 1402 νόσος
681 1341 946 1410 ἐμάρανε,
985 1346 1080 1398 καὶ
1133 1345 1337 1414 πλῆθος
1383 1347 1576 1416 χρόνου
1631 1347 1930 1418 διέφθειρε,

357 1433 452 1484 καὶ
477 1432 655 1502 γῆρας
681 1435 894 1498 ἔσϐεσε,
919 1439 1011 1488 κοιλ⁸
1032 1438 1260 1502 Θάνατος
1286 1439 1528 1492 ἐπελθὼν
1559 1440 1704 1494 ἅπαν
1731 1444 1934 1494 ἀνεῖλε·

355 1527 416 1574 τὸ
449 1525 504 1575 δὲ
548 1529 648 1594 τῆς
679 1527 858 1597 ψυχῆς
893 1531 953 1582 ού
991 1531 1163 1593 νόσος,
1192 1531 1252 1582 ού
1303 1531 1518 1602 χρόνος,
1543 1533 1602 1584 οὐ
1636 1533 1835 1601 γῆρας.
1871 1535 1932 1587 οὗ

357 1614 610 1678 θάνατος,
641 1618 741 1670 ούκ
778 1618 907 1671 ἄλλο
934 1623 1042 1673 τῶν
1077 1623 1335 1676 τοιούτων
1382 1625 1536 1678 οὐδὲν
1571 1625 1932 1694 λυμαίνεσθαι

352 1707 602 1772 δύναται,
653 1710 790 1762 ἀλλὰ
826 1713 980 1779 μένει
1017 1713 1284 1782 διηνεκῶς
1335 1715 1535 1769 ἀνθοῦν
1559 1733 1571 1747 ·
1604 1719 1698 1770 καὶ
1727 1719 1789 1770 τὸ
1835 1720 1934 1787 μὲν

351 1798 447 1850 τοῦ
502 1801 776 1868 σώματος⁹
827 1806 957 1867 τοὺς
1002 1807 1247 1876 ὁρῶντας
1291 1809 1371 1871 εἰς
1410 1809 1711 1863 ἀκολασίαν
1766 1813 1930 1864 ἐκκα-
1967 1793 2006 1846 Β

352 1890 528 1944 λεῖται
554 1894 812 1958 πολλάκις
836 1911 850 1924 ’
884 1898 946 1950 τὸ
972 1897 1031 1951 δὲ
1065 1899 1164 1967 τῆς
1194 1899 1372 1970 ψυχῆς
1406 1902 1626 1966 κάλλος,
1649 1902 1811 1954 αὑτὸν
1837 1903 1927 1954 τὸν

351 1981 485 2034 θεὸν
510 1986 645 2052 πρὸς
675 1987 766 2038 τὸν
791 1990 992 2042 οἰκεῖον
1017 1992 1198 2060 ἔρωτα
1227 1993 1530 2047 ἐπισπᾶται
1553 2013 1566 2027 ·
1595 1995 1736 2048 καθά
1760 2013 1928 2062 φησιν

349 2077 378 2128 ὁ
421 2078 718 2149 Προφήτης
765 2083 898 2152 πρὸς
943 2085 1044 2154 τὴν
1080 2086 1406 2157 Ἐκκλησίαν
1451 2087 1857 2157 διαλεγόμενος,
1892 2089 1926 2158 ἢ

353 2181 436 2229 τις
501 2171 619 2222 ἐστὶ
669 2173 729 2225 τὸ
784 2175 896 2228 τῶν
937 2180 1147 2232 πιστῶν
1195 2182 1354 2251 ήμῶν
1404 2184 1552 2236 ᾰπαν
1604 2183 1926 2253 πλήρωμαο

359 2262 653 2328 Ἀκουσον,
686 2265 947 2338 θύγατερ,
975 2271 1071 2323 καὶ
1108 2273 1203 2336 ἴδε,
1245 2276 1338 2326 καί
1374 2274 1554 2326 κλῖνον
1589 2274 1650 2327 τὸ
1681 2273 1769 2336 οὓς
1805 2292 1924 2338 σου,

352 2357 448 2406 καλ⁸
487 2358 826 2431 ἐπιθυμήσει
855 2364 882 2413 ό
929 2363 1188 2432 βασιλεὺς
1224 2366 1318 2418 τοῦ
1348 2367 1578 2430 κάλλους
1607 2385 1721 2421 σου.
1757 2361 1830 2422 Οὗ
1862 2369 1925 2440 δὴ

350 2447 584 2512 κάλλους
629 2455 787 2520 ἡμεῖς
823 2458 1298 2527 καταφρονοῦντες
1339 2461 1561 2524 ἀθλίως,
1609 2463 1670 2514 ού
1713 2464 1922 2515 καλλω-

349 2540 583 2608 πίξομεν
611 2545 768 2614 ἡμῶν
797 2546 895 2618 τὴν
921 2549 1121 2618 ψυχὴν,
1149 2551 1224 2613 ὠς
1252 2545 1430 2610 εἷπον,
1463 2552 1562 2604 ούκ
1591 2551 1925 2604 ἐπισκοποῦ-

2047 522 2410 592 cleemosynis
2440 533 2493 578 et
2522 523 2578 577 in
2613 525 2842 580 invicem
2874 530 3196 583 concordia?
3241 532 3535 600 Apostolos
3565 547 3624 593 et

2049 615 2342 684 prophetas
2373 617 2654 684 habentes,
2675 618 3050 690 abstergentes
3077 639 3174 677 uos
3195 625 3459 682 doctrinis
3479 631 3615 692 suis.

2031 703 2273 758 scabere
2310 707 2518 773 peccati
2551 710 2913 772 senectutem,
2965 711 3286 770 induc-emes
3311 717 3620 782 iuventutis

2046 793 2258 857 ﬂorem,
2309 810 2522 850 omnem
2589 799 2786 864 labem,
2839 815 3054 856 omnem
3135 821 3361 874 rugam,
3402 823 3619 864 omnem

2046 886 2263 941 sordem
2321 888 2604 956 ejicientes
2635 905 2698 942 ex
2731 890 2913 943 anima
2953 902 3138 947 nostra
3186 906 3239 949 et
3264 898 3621 966 pulchritudio

2048 995 2168 1033 nem
2203 982 2464 1034 inﬁnitam
2495 984 2804 1050 ingerentes
2829 983 2900 1047 ei,
2927 996 2981 1038 et
3007 987 3285 1042 meliorem
3303 993 3622 1044 omnimodo

2045 1075 2291 1143 corporis
2314 1078 2519 1143 specie.
2557 1076 2906 1132 l’ttlchritudo
2953 1081 3094 1134 enim
3127 1085 3375 1151 corporis
3426 1084 3620 1140 morbo

2045 1168 2399 1229 emarceseit,
2465 1178 2524 1222 et
2605 1169 2758 1236 copia
2825 1174 3086 1239 temporis
3140 1178 3528 1245 corrumpitur,
3588 1196 3618 1231 e

2044 1271 2329 1314 senectute
2355 1263 2743 1332 exstinguitur,
2773 1273 2827 1314 et
2859 1275 3032 1318 morte
3056 1271 3474 1334 superveniente
3507 1281 3617 1324 tota

2046 1354 2373 1407 destruitur.
2421 1356 2632 1408 Animae
2671 1371 2800 1408 vero
2849 1355 3020 1410 ferina
3070 1375 3182 1412 non
3239 1362 3451 1421 morbo.
3513 1380 3615 1415 non

2045 1454 2312 1512 tempore,
2355 1462 2458 1499 non
2486 1460 2791 1514 senectute,
2832 1468 2938 1504 non
2972 1462 3164 1512 morte,
3218 1468 3321 1505 non
3358 1453 3459 1506 alia
3509 1455 3614 1506 ulla

2045 1552 2102 1590 re
2133 1538 2553 1593 sitnilideterior
2586 1540 2697 1594 fieri
2728 1553 2924 1611 potest,
2960 1544 3050 1596 sed
3085 1554 3329 1596 remanet
3358 1555 3618 1612 perpetuo

2043 1628 2264 1684 ﬂorens.
2296 1629 2358 1682 Et
2388 1646 2452 1684 ea
2479 1637 2728 1701 corporis
2763 1631 2938 1686 forma
2988 1634 3320 1703 aspicientes
3368 1633 3433 1686 ad
3498 1634 3617 1686 lilii-

2043 1721 2221 1774 dinem
2273 1723 2440 1778 allicit
2489 1738 2652 1791 srepe,
2707 1727 2904 1779 animae
2938 1742 3067 1779 vero
3109 1728 3282 1792 ipsum
3332 1725 3497 1779 Deum
3547 1729 3612 1779 ad

2037 1813 2118 1865 sui
2152 1829 2396 1868 amorem
2433 1815 2680 1882 attrahit,
2718 1815 2874 1885 juxta
2917 1817 3047 1869 illud
3076 1817 3218 1884 quod
3244 1819 3317 1869 ait
3351 1817 3612 1885 propheta

2038 1901 2337 1956 Ecclesiam
2390 1904 2693 1973 alloquens,
2731 1921 2850 1974 quae
2894 1916 2976 1958 est
3027 1905 3150 1959 lldei
3189 1915 3385 1959 nostra:
3434 1910 3613 1959 omnis

2039 1995 2361 2063 plenitudo:
2401 1998 2563 2059 Audi,
2609 1997 2738 2063 lilia,
2795 2008 2849 2050 et
2884 1995 3026 2062 vide,
3069 2007 3123 2051 et
3177 1999 3376 2051 intlina
3426 1993 3610 2050 autem

2041 2100 2225 2152 luam;
2278 2099 2331 2143 et
2382 2091 2738 2157 concupiscet
2787 2105 2880 2143 rex
2930 2091 3178 2143 decorem
3217 2101 3391 2143 tuum.
3439 2091 3606 2157 Quam

2036 2182 2500 2251 pulchritudinem
2546 2196 2644 2234 nos
2687 2183 3049 2248 despicientes
3093 2181 3311 2244 misere,
3359 2196 3463 2235 non
3515 2183 3608 2235 de-

2035 2288 2293 2327 coramus
2323 2282 2563 2325 nostram
2597 2273 2855 2334 animam,
2883 2282 2939 2322 ut
2965 2271 3098 2325 dixi.
3127 2273 3246 2325 Non
3290 2273 3609 2340 inspicimus

2033 2366 2291 2420 cominuo
2325 2365 2613 2434 imaginem
2649 2363 2865 2417 virtutis
2893 2405 2908 2430 ,
2944 2373 2999 2417 et
3049 2367 3292 2417 membra
3343 2365 3460 2432 ejus
3491 2365 3611 2418 edia

2034 2459 2238 2513 scimus
2265 2465 2316 2509 et
2347 2463 2510 2522 caput
2535 2471 2549 2507 :
2585 2454 2783 2507 etenim
2809 2465 2861 2510 et
2889 2463 3051 2522 caput
3083 2455 3244 2508 habet
3272 2468 3328 2508 et
3363 2457 3604 2508 membra

2033 2549 2225 2618 quovis
2256 2561 2482 2614 corpore
2516 2547 2762 2616 specioso
2791 2555 2842 2599 et
2881 2545 3102 2614 pulchro
3145 2546 3490 2602 forumsiora.

349 2649 452 2700 μεν
490 2639 729 2705 συνεχῶς
759 2642 858 2708 τὴν
892 2644 1078 2698 εἰκόνα
1128 2645 1232 2714 τῆς
1281 2645 1504 2714 ἀρετῆς,
1542 2645 1636 2696 καὶ
1666 2645 1734 2697 τὰ
1783 2645 1919 2713 μέλη
1963 2643 2135 2712 αὐτῆς
2167 2639 2690 2708 καταμανθάνομεν,
2735 2639 2830 2689 καὶ
2874 2639 2973 2708 τὴν
3039 2639 3325 2708 κεφαλήνο
3358 2639 3452 2693 καὶ
3503 2639 3612 2708 γάρ

347 2724 442 2777 καὶ
493 2729 735 2796 κεφαλὴν
789 2732 902 2803 ἔχει
937 2738 1032 2790 καὶ
1067 2735 1208 2806 μέλη
1249 2737 1450 2799 παντὸς
1497 2735 1750 2804 σώματος
1776 2735 2018 2797 εὐειδοῦς
2047 2736 2144 2787 καὶ
2172 2733 2336 2787 καλοῦ
2362 2731 2797 2800 εὐπρεπέστερα.

417 2906 485 2976 β’.
510 2907 602 2970 Τίς
631 2907 722 2960 οὖν
751 2911 783 2978 ἠ
814 2911 1027 2981 κεφαλὴ
1053 2914 1150 2981 τῆς
1176 2914 1376 2985 άρετῆς
1399 2933 1592 2986 (metu;
1628 2918 1695 2970 Ἠ
1729 2933 1919 2968 ταπειο

343 3003 649 3069 νοφροσύνη
677 3019 690 3032 ο
721 3003 800 3055 διδ
845 3007 940 3057 καὶ
971 3007 1068 3058 ἀπ’
1094 3005 1263 3075 αὐτῆς
1293 3007 1321 3058 ὁ
1370 3009 1609 3077 Χριστὸς
1666 3008 1917 3078 ἄρχεται,

343 3093 518 3160 λέγων
539 3112 553 3126 ο
585 3097 867 3166 Μακάριοι
897 3099 946 3150 oi
992 3101 1199 3168 πτωχοὶ
1249 3099 1328 3169 τῷ
1371 3100 1676 3170 πνεύματισ
1710 3101 1851 3170 αὕτη
1883 3102 1917 3172 ἡ

2086 2915 2142 2968 2.
2185 2912 2335 2978 Quod
2365 2928 2492 2982 ergo
2545 2922 2707 2982 caput
2740 2923 2824 2966 est
2871 2913 3137 2968 virtutis?
3181 2913 3374 2983 inquit.
3423 2915 3606 2970 llumi-

2017 3007 2144 3063 litas
2177 3009 2316 3070 ideo,
2355 3017 2411 3060 et
2447 3006 2514 3059 ab
2552 3021 2613 3058 ea
2643 3006 2896 3060 Christus
2944 3006 3135 3074 incipit
3171 3006 3364 3060 dicens
3397 3024 3410 3061 :
3453 3007 3600 3062 Beati

2017 3113 2281 3168 pauperes
2311 3098 2529 3165 Spiritu.
2568 3095 2682 3150 lloe
2737 3106 2901 3166 caput
2945 3112 3050 3151 non
3105 3097 3381 3151 caesariem
3441 3100 3604 3151 habet

344 3188 556 3254 κεφαλὴ
589 3189 648 3238 ού
685 3188 858 3258 κόμας
892 3190 1006 3260 ἔχει
1038 3194 1133 3244 καὶ
1167 3193 1517 3263 βοστρύχους,
1551 3195 1688 3246 άλλά
1720 3195 1914 3258 κάλλος

2024 3207 2120 3246 ucc
2160 3190 2460 3252 cincinnos,
2502 3189 2594 3241 sed
2629 3189 2788 3242 talem
2844 3188 3300 3249 pulchritudinem
3339 3199 3398 3243 ut
3439 3189 3602 3242 Deum

341 3281 612 3345 τοιοῦτον,
661 3280 774 3335 οἷον
828 3287 918 3337 τὸν
963 3287 1096 3339 θεὸν
1149 3291 1586 3346 ἐπισπάσασθαι.
1624 3292 1750 3344 Ἐπὶ
1798 3298 1918 3343 τινα

342 3373 450 3441 γάρ
473 3375 774 3442 ὲπιῦλέψω,
802 3379 990 3446 φησιν,
1016 3379 1134 3432 ἀλλ’
1164 3381 1192 3449 ἢ
1223 3384 1317 3434 ἐπὶ
1344 3383 1436 3434 τὸν
1459 3385 1636 3451 πρᾶον
1667 3385 1762 3436 καὶ
1786 3383 1918 3452 ἡσύ-

341 3487 459 3538 χιον
495 3472 589 3522 καὶ
638 3473 917 3540 τρέμοντά
979 3492 1080 3544 μου
1116 3477 1242 3540 τοὺς
1282 3477 1516 3545 λόγους;
1559 3479 1667 3531 Καὶ
1713 3479 1874 3532 πάλιν
1901 3495 1915 3510 ο

341 3563 405 3613 Oi
451 3562 723 3631 ὀφθαλμοί
781 3583 885 3633 μου
940 3569 1033 3620 ἐπὶ
1072 3568 1196 3631 τοὺς
1241 3572 1440 3638 πραεῖς
1480 3570 1582 3638 τῆς
1641 3571 1916 3639 γῆς.ιΚαὶ

339 3650 537 3714 αὖθις·
603 3655 803 3722 Ἐγγὺς
859 3657 1064 3726 Κύριος
1103 3662 1214 3722 τοῖς
1275 3662 1761 3731 συντετριμμένοις
1817 3664 1918 3731 τὴν

339 3744 593 3814 καρδίαν,
628 3748 720 3799 καὶ
747 3749 876 3812 τοὺς
903 3753 1198 3815 ταπεινοὺς
1237 3756 1512 3821 πνεύματι
1539 3755 1726 3810 σώσει.
1762 3757 1914 3824 Αὖτη

336 3839 369 3906 ἡ
414 3838 627 3908 κεφαλὴ
659 3842 779 3893 ἀντὶ
809 3841 1012 3912 τριχῶν
1043 3844 1138 3896 καὶ
1168 3843 1368 3914 κόμης,
1403 3845 1620 3913 Θύματα
1651 3849 1808 3914 φέρει
1838 3848 1914 3915 τῷ

335 3927 453 3995 θεῷ
496 3930 905 3999 κεχαρισμένα·
959 3933 1146 4001 βωμός
1186 3936 1302 3985 ἐστι
1336 3935 1572 4003 χρυσοῦς
1600 3936 1694 3987 καὶ
1723 3935 1912 3986 θυσια-

336 4017 562 4084 στήριον
600 4019 1012 4086 πνευματικόν·
1063 4021 1235 4072 Θυσία
1281 4023 1388 4090 γάρ
1418 4021 1494 4091 τῷ
1543 4023 1662 4092 Θεῷ
1697 4021 1915 4085 πνεῦμα

337 4108 830 4178 συντετριμμένον.
870 4110 1019 4179 Αὕτη
1053 4113 1202 4163 ἐστὶν
1229 4115 1260 4182 η
1291 4117 1390 4176 τῆς
1437 4115 1630 4181 σοφίας
1682 4121 1868 4184 μήτηρ
1895 4132 1909 4146 ο

335 4196 403 4248 ἂν
432 4197 639 4268 ταύτην
668 4198 766 4269 ἔχῃ
788 4218 896 4262 τις,
919 4201 1011 4253 καὶ
1037 4203 1104 4254 τά
1135 4203 1298 4255 λοιπὰ
1317 4203 1430 4268 ἕξει
1459 4221 1472 4234 ο
1501 4201 1638 4268 εἶδες
1669 4206 1910 4276 κεφαλὴν

333 4288 455 4340 οἵαν
497 4289 757 4343 οὐδέποτε
788 4289 949 4354 εἶδες.
988 4293 1175 4347 Πούλει
1207 4295 1388 4348 καὶτὸ
1418 4297 1710 4365 πρόσωπον
1759 4300 1910 4353 ἰδεῖν.

337 4379 543 4446 μᾶλλον
565 4381 620 4433 δὲ
654 4383 882 4450 μαθείν;
908 4385 1118 4437 Ούκοῦν
1149 4386 1285 4446 μάθε
1319 4387 1456 4450 τέως
1486 4389 1652 4440 αὑτοῦ
1677 4389 1736 4462 τὸ
1767 4389 1912 4458 χρῶ-

336 4489 414 4541 μα
445 4473 506 4525 τὸ
554 4473 787 4544 ἐρυθρὸν
835 4477 928 4528 καὶ
980 4479 1206 4540 εὐανθὲς
1264 4480 1357 4532 καὶ
1399 4481 1601 4550 πολλὴν
1633 4481 1754 4548 ἕχον
1809 4482 1908 4552 τὴν
1941 4520 1984 4572 D

331 4567 492 4630 χάριν
520 4580 532 4593 ·
566 4566 661 4616 καὶ
710 4566 847 4630 μάθε
880 4566 1048 4618 πόθεν
1076 4569 1394 4620 συνίσταται
1419 4585 1432 4599 ’
1464 4569 1626 4621 πόθεν
1655 4567 1748 4622 οὖν
1781 4586 1908 4621 συν-

334 4655 581 4719 ίσταται,
612 4657 720 4707 ἀπὸ
769 4657 861 4710 τοῦ
903 4646 1362 4728 αἰσχύνεσθαικαὶ
1389 4661 1650 4730 ὲρυθριᾷν
1677 4678 1691 4691 ο
1715 4661 1793 4712 διὸ
1815 4663 1908 4714 καί

328 4763 413 4806 τις
457 4751 611 4814 φησὶ,
669 4750 779 4818 Πρὸ
831 4751 1201 4820 αἰσχυντηροῦ
1255 4751 1651 4818 προελεύσεται
1703 4755 1901 4822 χάρις·

327 4841 490 4894 τοῦτο
519 4845 610 4897 καὶ
639 4846 749 4896 τῶν
795 4846 974 4898 ἄλλων
1006 4847 1185 4911 μελῶν
1218 4847 1354 4898 πολὺ
1404 4848 1633 4914 καταχεῖ
1663 4846 1722 4896 τὸ
1774 4846 1904 4898 κάλ-

327 4933 458 4996 λοςο
499 4933 601 4987 κᾶν
638 4936 807 5004 μυρία
862 4936 1023 5006 μίξῃς
1053 4936 1344 5006 χρώματα,
1387 4936 1486 4988 οὐκ
1537 4935 1749 5006 ἐργάσῃ
1791 4952 1902 4986 τοι·

326 5025 502 5095 αύτην
557 5024 730 5094 ὥραν.
782 5027 842 5079 Ei
893 5029 949 5079 δὲ
1006 5028 1102 5080 καὶ
1145 5031 1270 5090 τοὺς
1323 5027 1632 5097 όφθαλ.μο);
1693 5027 1899 5089 ἐθέλεις

329 5114 482 5177 ἰδεῖν,
521 5115 622 5184 ὅρα
675 5117 1000 5184 κοσμιότητι
1051 5117 1146 5170 καὶ
1185 5116 1508 5186 σωφροσύνῃ
1555 5119 1691 5186 μετὰ
1735 5119 1898 5188 ἀκρι-

323 5203 479 5266 ϐείας
535 5205 1090 5274 ὑπογεγραμμένους.
1144 5206 1236 5258 Διὸ
1285 5209 1376 5258 καὶ
1422 5205 1564 5259 οὕτω
1609 5205 1764 5258 καλοὶ
1803 5206 1897 5260 καὶ

323 5293 634 5365 ὀξυδερκεῖς
666 5297 934 5362 γίνονται,
958 5295 1033 5358 ὼς
1064 5297 1161 5349 καὶ
1183 5298 1346 5351 αὑτὸν
1374 5298 1464 5350 τὸν
1491 5300 1694 5366 Κύριον
1723 5301 1856 5369 ὁρᾷν
1880 5315 1894 5330 ⁸

320 5387 607 5454 Μακάριοι
661 5387 796 5457 γὰρ,
849 5395 1036 5458 φησιν,
1069 5391 1116 5442 οι
1155 5389 1390 5460 καθαροὶ
1421 5395 1485 5460 τῇ
1539 5391 1760 5461 καρδίᾳ,
1813 5395 1896 5444 ὃτι

321 5477 476 5528 αὐτοὶ
509 5476 599 5529 τὸν
632 5480 766 5531 Θεὸν
795 5478 1058 5548 ὄψονται·
1091 5479 1266 5546 στόμα
1294 5481 1350 5533 δὲ
1379 5483 1570 5550 αὐτῆς.
1604 5482 1764 5549 σοφία
1801 5485 1894 5536 καὶ

323 5569 561 5633 σύνεσις,
595 5571 688 5622 καὶ
719 5571 778 5623 τὸ
816 5572 1218 5642 πνευματικοὺς
1259 5574 1459 5639 ὕμνους
1487 5574 1715 5626 εἰδέναι·
1752 5592 1890 5644 καρ-

318 5658 407 5710 δία
455 5659 535 5724 δὲ,
585 5659 818 5730 Γραφῶν
850 5661 1132 5732 ἐμπειρία,
1168 5663 1261 5713 καὶ
1304 5664 1590 5731 δογμάτων
1642 5665 1886 5733 ἀκριϐῶν

566 5763 830 5820 ΡΔτιιοι.
866 5762 982 5819 (in.
1017 5753 1284 5819 CXLIX.

2021 3284 2285 3336 attrahat.
2315 3282 2488 3350 Super
2522 3296 2679 3349 quem
2717 3282 2862 3335 enim
2898 3281 3184 3348 aspiciam,
3240 3283 3438 3352 inquit,
3493 3282 3594 3334 nisi

2021 3392 2186 3440 super
2219 3384 2570 3428 mansuetum
2603 3382 2659 3427 et
2706 3374 3016 3442 paciﬁcum,
3071 3383 3126 3427 et
3162 3373 3440 3427 timentem
3489 3390 3605 3430 st-r-

2023 3482 2210 3521 mones
2245 3466 2430 3519 meos?
2460 3465 2522 3519 Et
2551 3481 2737 3520 rursus
2771 3481 2784 3518 :
2813 3464 2967 3519 Oculi
3009 3467 3112 3519 mei
3161 3480 3324 3533 super
3350 3482 3600 3520 mansue-

2023 3571 2107 3610 tos
2141 3569 2316 3608 terrzc.
2353 3555 2417 3608 Et
2448 3554 2624 3609 denuo
2658 3571 2672 3609 :
2714 3554 2885 3622 Prope
2912 3563 2998 3610 est
3035 3554 3297 3608 Dominus
3330 3557 3602 3608 coulrilos

2019 3650 2182 3703 corde
2215 3657 2268 3700 et
2295 3649 2530 3702 humiles
2565 3648 2758 3716 spiritu
2791 3649 2976 3702 Salvos
3009 3647 3186 3701 faciet.
3229 3647 3409 3713 Ipsum
3437 3660 3600 3710 caput

2021 3756 2118 3808 pro
2141 3738 2352 3808 capillis
2399 3751 2453 3792 et
2503 3743 2729 3792 czesarie
2763 3740 3010 3794 victimas
3064 3739 3168 3793 fert
3218 3737 3328 3792 Deo
3363 3749 3594 3805 gratas;

2019 3833 2188 3884 altare
2240 3840 2326 3882 est
2375 3846 2599 3882 aureum
2653 3840 2705 3883 et
2763 3845 2857 3882 ara
2909 3830 3193 3899 spiritalis.
3251 3829 3594 3883 Sacriﬁcium

2017 3923 2162 3974 enim
2200 3920 2312 3976 Deo
2347 3922 2574 3988 spiritus
2608 3921 3022 3974 contribulatus.
3050 3920 3169 3989 Ipsa
3198 3931 3280 3974 est
3309 3922 3594 3988 sapientia:

2018 4022 2228 4067 mater:
2265 4013 2308 4066 si
2345 4013 2466 4080 quis
2498 4027 2616 4064 eam
2670 4011 2853 4074 habet,
2889 4024 2944 4064 et
2973 4023 3170 4065 ctetera
3219 4011 3463 4065 habebit.
3508 4011 3594 4064 Vi-

2016 4107 2140 4161 disti
2179 4115 2340 4173 caput
2374 4104 2533 4173 quale
2565 4119 2841 4173 nunquam
2877 4104 3077 4167 vidisti,
3112 4105 3266 4158 visne
3305 4114 3361 4158 et
3396 4105 3586 4157 faciem

2016 4199 2221 4260 videre,
2271 4200 2451 4265 potius
2500 4212 2626 4251 vero
2658 4199 2914 4250 discere?
2961 4197 3118 4252 Disce
3147 4212 3278 4266 ergo
3304 4212 3474 4266 usque
3522 4197 3588 4249 ad

2021 4289 2144 4357 ejus
2183 4289 2420 4344 colorem
2456 4291 2677 4343 rubrum
2702 4299 2752 4342 et
2780 4291 2916 4344 bene
2949 4288 3256 4352 ﬂorentem,
3282 4297 3336 4342 et
3365 4289 3587 4342 multam

2015 4381 2222 4436 habens
2277 4383 2525 4451 gratiam.
2564 4380 2630 4435 Et
2685 4381 2836 4434 disce
2886 4381 3030 4434 unde
3079 4381 3389 4436 consistat?
3433 4376 3587 4433 Unde

2015 4475 2184 4543 igitur
2217 4475 2476 4527 cntisistat
2497 4474 2522 4526 .’
2551 4472 2594 4525 A
2621 4477 2822 4540 pudore
2851 4485 2907 4527 et
2937 4475 3173 4527 rubore:
3213 4474 3332 4524 ideo
3369 4479 3426 4526 et
3452 4472 3588 4524 diei-

2014 4575 2104 4618 tur
2180 4583 2194 4618 :
2261 4566 2536 4618 Ruborem
2611 4565 2866 4634 prteredit
2933 4566 3128 4634 gratia.
3199 4563 3310 4616 Hoc
3377 4565 3588 4617 caeteris

2015 4659 2275 4714 membris
2304 4657 2524 4712 nmltant
2560 4659 2794 4710 inl’umlit
2827 4655 3316 4727 pulchritudinem.
3362 4655 3471 4709 Etsi
3507 4657 3589 4708 iu~

2014 4764 2274 4804 numeros
2311 4752 2545 4804 misceas
2582 4749 2810 4813 colores,
2850 4764 2953 4802 non
2985 4747 3186 4802 eﬂicies
3237 4755 3438 4802 tantam
3471 4749 3586 4817 pul-

2014 4841 2401 4894 chritudinem.
2456 4840 2511 4893 Si
2568 4849 2748 4895 autem
2814 4842 3004 4894 oculos
3051 4841 3132 4893 vis
3171 4840 3379 4903 videre,
3403 4841 3585 4906 aspice

2014 4931 2274 4986 modestia
2333 4943 2386 4987 et
2430 4933 2717 5002 prudentia
2788 4943 3042 4987 accurate
3106 4933 3453 5002 compositos.
3499 4932 3584 4988 ld-

2015 5023 2163 5075 circo
2187 5022 2256 5076 ita
2293 5024 2504 5090 pulchri
2534 5035 2585 5077 et
2625 5026 2767 5078 acuti
2806 5025 2938 5077 littnt
2971 5034 3030 5079 ut
3067 5035 3118 5078 et
3144 5026 3242 5091 ipsi
3295 5027 3578 5079 Dominum

2003 5118 2245 5170 videant.
2270 5115 2418 5171 Beati
2435 5117 2602 5182 enim,
2623 5117 2718 5180 ait,
2738 5119 2922 5172 mundi
2946 5122 3129 5185 corde,
3149 5119 3271 5185 quia
3293 5119 3392 5185 ipsi
3417 5121 3581 5172 Deum

2004 5208 2288 5262 videbunt.
2323 5205 2398 5261 Os
2429 5216 2606 5261 autem
2635 5207 2754 5274 ejus
2794 5209 3062 5274 sapientia
3097 5215 3144 5260 et
3193 5207 3504 5260 intellectus
3524 5219 3582 5260 et

1939 5301 1944 5306 ’
2007 5301 2269 5370 spiritalia
2303 5299 2510 5354 cantica
2549 5315 2793 5353 noscere.
2822 5302 2928 5354 Cor
2970 5316 3096 5354 vero
3120 5341 3135 5365 ,
3173 5297 3578 5367 Srripturarnm

2007 5391 2377 5459 experientia;
2426 5400 2478 5443 et
2507 5390 2820 5458 dogmatum
2872 5403 3189 5444 BXuClOﬂlm
3245 5405 3495 5451 exatnen,
3525 5396 3582 5439 et

2005 5482 2316 5535 humanitas
2345 5490 2397 5533 et
2430 5482 2662 5546 bonitas,
2697 5499 2758 5534 ac
2779 5483 2942 5537 veluti
2971 5486 3174 5550 alisque
3197 5485 3377 5551 priore
3396 5480 3581 5535 vivere

2004 5589 2104 5625 non
2137 5584 2306 5640 petes,
2355 5574 2424 5626 ita
2464 5574 2669 5640 alisque
2698 5576 3002 5640 posteriore
3056 5590 3163 5628 non
3218 5573 3424 5626 salvum
3463 5572 3577 5624 lii-ri

2001 5675 2154 5735 potes
2187 5678 2200 5717 :
2230 5663 2355 5720 inde
2397 5667 2600 5720 ctenim
2639 5668 2819 5721 omnia
2867 5667 3162 5735 gignuntur
3206 5663 3453 5729 pulchra.
3480 5663 3569 5725 ,Πισι

3151 5760 3232 5818 29
