4050 6210
465 345 567 412 911

1597 333 1993 396 TllEODORI
2031 327 2576 391 MELITENIOTE

3607 309 3721 377 91?.

462 452 1029 526 snm‘philosOphiam,
1060 451 1105 504 si
1166 448 1258 502 des
1310 443 1573 502 esurienti
1610 458 1806 511 panem
1863 450 2072 499 tnum.‘

2178 440 2240 508 ὴν
2273 439 2538 491 ἀνωτάτω
2565 433 2911 504 φιλοσοφίαν,
2938 432 3035 485 ὲάν
3061 430 3168 498 δῷς
3201 429 3457 482 πεινῶντι
3490 428 3583 482 τὸν
3615 429 3723 500 ἆρ-

463 547 509 600 si
543 546 840 614 appetitum
869 541 1192 605 domineris,
1227 538 1272 593 si
1299 552 1495 591 vanam
1544 534 1773 604 gloriam
1825 532 2040 601 ejicias,

461 637 506 690 si
528 634 785 690 invidiam
819 637 1101 694 destruas;
1149 629 1223 682 ita
1253 629 1443 694 etipse
1479 624 1732 679 Christus
1765 620 2039 676 docebat:

469 729 667 782 Discite
707 726 873 788 enim,
922 723 1222 792 inquiebat,
1281 735 1309 771 a
1349 734 1432 771 me
1475 717 1600 786 quia
1641 714 1788 768 mitis
1837 727 1956 767 sum
1991 720 2048 764 et

470 821 691 876 humilis
743 818 958 882 corde;
1009 831 1112 867 non
1158 813 1342 866 dixit:
1391 808 1662 876 Jejunavi,
1719 817 1774 860 et
1815 803 2044 858 habebat

468 915 650 970 dicere
679 913 745 966 de
778 909 1135 978 quadraginta
1169 905 1362 958 diebus
1387 943 1402 966 ,
1434 902 1526 956 sed
1561 916 1664 953 non
1710 898 1815 952 hoc
1869 896 2043 960 dixit,

477 1021 662 1060 verum
703 1021 717 1056 :
757 1003 898 1056 Mitis
951 1017 1068 1054 sum
1122 1009 1176 1052 et
1227 996 1444 1050 humilis
1479 993 1666 1047 corde.
1710 991 1777 1044 Et
1834 1001 2048 1052 rursus,

473 1098 688 1151 mittens
719 1091 1012 1160 discipulos
1042 1103 1168 1143 suos
1191 1087 1252 1139 ad
1291 1084 1714 1156 prmtlicandunt,
1738 1093 1841 1132 non
1876 1077 2048 1131 dixit:

470 1187 738 1257 Jejuuate,
768 1186 894 1238 sed:
918 1179 1090 1235 Omtte
1124 1179 1269 1247 qttod
1298 1184 1602 1245 apponetur
1632 1172 1789 1226 vobis
1825 1169 2054 1222 mandu-

473 1291 618 1334 cale.
652 1276 956 1331 Dedivilits
987 1273 1145 1342 plane
1189 1271 1401 1336 quidem
1444 1267 1664 1319 multam
1716 1262 2051 1332 diligentiam

473 1369 842 1428 dissuadebat.
876 1366 1063 1420 dicens
1099 1381 1112 1416 :
1149 1360 1271 1414 Non
1300 1358 1571 1413 habebitis
1629 1370 1843 1417 aurum,
1881 1367 2057 1420 neque

475 1471 782 1531 argentum,
816 1471 992 1526 neque
1017 1471 1092 1508 aes
1149 1455 1198 1506 in
1241 1451 1392 1505 zonis
1450 1447 1676 1509 vestris;
1731 1446 1844 1498 lnec
1877 1454 2055 1496 autem

480 1556 601 1609 dico
627 1551 803 1614 vobis,
837 1565 940 1603 non
984 1546 1248 1621 jejunium
1302 1545 1585 1606 damnans,
1657 1537 1831 1597 absit.
1860 1534 2056 1589 etenim

479 1646 635 1698 valde
658 1643 762 1696 hoc
789 1641 971 1705 laudo,
999 1642 1094 1693 sed
1127 1653 1222 1706 pro
1253 1637 1405 1690 vobis
1457 1634 1666 1703 patiens
1705 1634 1916 1684 caeteris
1945 1643 2061 1682 om-

481 1738 640 1790 nibus
671 1733 890 1788 virtutis
922 1731 1208 1794 speciebus
1244 1726 1600 1798 posthabitis,
1654 1724 1824 1777 solam
1850 1719 2060 1776 credite

2145 548 2238 584 τον
2267 547 2387 594 σου,
2423 529 2518 582 ἐὰν
2548 527 2723 597 θυμοῦ
2752 525 3056 597 κρατήσῃς,
3088 524 3153 576 ἂν
3184 519 3488 584 κενοδοξίαν
3516 520 3728 573 ὲκϐἀλ-

2146 624 2266 695 λῃς,
2305 623 2372 676 ἂν
2423 620 2723 692 βασκανίαν
2751 618 2949 688 ἀνέλῃς
2970 631 2984 645 ⁸
3014 615 3159 669 οὕτω
3207 614 3300 666 καὶ
3335 612 3497 675 αὐτὸς
3529 614 3558 664 ὁ
3583 613 3728 679 Χριο

2151 717 2272 777 στος
2323 713 2576 766 ἐπαίδευε
2603 727 2619 745 ο
2656 709 2876 765 Μάθετε
2907 708 3037 777 γὰρ,
3079 706 3293 773 ἔλεγεν,
3339 702 3435 756 ἀπ’
3472 699 3610 770 ἐμοῦ
3643 702 3729 754 ὃτι

2148 810 2326 879 πρᾶος
2376 806 2495 876 εἰμὶ
2541 806 2638 859 καὶ
2667 804 2922 865 ταπεινὸς
2965 803 3034 870 τῇ
3069 797 3268 868 καρδῖᾳ
3291 812 3305 826 ·
3337 795 3438 848 οὐκ
3487 793 3731 860 ἔφραζεν

2149 900 2234 953 ὅτι
2283 899 2622 967 Ἐνήστευσα
2641 913 2656 926 ο
2687 895 2872 948 καίτοι
2903 910 2967 961 γε
3015 888 3161 959 είχεν
3207 887 3382 940 εἰπεῖν
3409 886 3510 947 τὰς
3532 900 3732 936 τεσσα-

2156 993 2393 1062 ράκοντα
2446 989 2659 1060 ἡμέρας
2687 1003 2700 1017 ·
2730 986 2845 1038 ἀλλ’
2887 987 2988 1038 οὐκ
3019 983 3226 1049 ἔφασκε
3280 977 3460 1037 τοῦτο,
3493 975 3608 1027 ἀλλ’
3645 975 3734 1026 ὅτι

2157 1081 2500 1149 Πρᾶόν,είμι
2548 1079 2645 1133 καὶ
2696 1076 2956 1138 ταπεινὸς
3004 1077 3069 1144 τῇ
3114 1072 3335 1140 καρδίᾳ.
3375 1069 3487 1120 Καὶ
3547 1065 3659 1119 πάλ
3689 1073 3720 1117 3

2156 1177 2395 1243 πέμπων
2426 1172 2551 1232 τοὺς
2601 1169 2848 1240 μαθητὰς
2879 1168 2960 1230 είς
2994 1167 3053 1218 τὸ
3084 1165 3367 1236 κήρυγμα,
3401 1162 3505 1213 οὐκ
3544 1161 3738 1223 ἔλεγεν

2157 1269 2240 1321 ὅτι
2291 1265 2625 1335 Νηστεύετε,
2678 1261 2839 1327 ἀλλὰ,
2877 1262 2990 1314 Πᾶν
3022 1259 3082 1312 τὸ
3114 1254 3553 1324 παρατιθέμενον
3602 1252 3738 1320 ὑμῖν

2160 1359 2367 1411 ἐσθίετε
2400 1373 2414 1387 ⁸
2450 1356 2748 1428 χρημάτων
2785 1352 2968 1422 μέντοι
3003 1368 3067 1418 γε
3115 1349 3279 1402 ’ἑνεκα
3328 1345 3528 1414 πολλὴν
3577 1343 3741 1409 ἀκρί-

2160 1449 2313 1500 6ειαν
2341 1448 2563 1516 ἀπῃτει,
2581 1445 2774 1512 λέγων,
2808 1443 2892 1512 Μὴ
2919 1439 3195 1510 κτήσησθε
3227 1436 3456 1508 χρυσὸν,
3476 1435 3610 1506 μηδὲ
3633 1436 3741 1501 ἀρ·

2162 1556 2354 1607 γυρον,
2379 1537 2514 1606 μηδὲ
2545 1535 2746 1605 χαλκὸν
2775 1535 2852 1596 είς
2899 1533 2996 1594 τὰς
3031 1532 3206 1594 ζώνας
3235 1528 3389 1597 ὑμῶν
3414 1542 3430 1558 ο
3462 1525 3638 1579 ταῦτα
3677 1523 3742 1576 δέ

2163 1647 2308 1698 φημι
2338 1626 2470 1695 ἐγὼ,
2502 1626 2625 1695 οὐχὶ
2655 1625 2914 1695 νηστείαν
2948 1621 3212 1685 κακίζων,
3246 1619 3320 1687 μὴ
3355 1617 3592 1685 γένοιτο,
3641 1615 3743 1667 καὶ

2163 1725 2270 1790 γὰρ
2295 1720 2502 1789 σφόδρα
2535 1717 2740 1786 ταύτην
2775 1715 3009 1779 ἐπαινῶ,
3033 1712 3148 1767 ἀλλ’
3171 1711 3314 1780 ὑπὲρ
3335 1708 3496 1780 ἡμῶν
3528 1707 3742 1774 ἀλγῶν,

480 1827 725 1882 snﬂicere
753 1825 819 1878 ad
877 1824 1107 1876 salutem
1162 1829 1420 1884 vestram,
1453 1832 1572 1871 eam
1623 1831 1740 1884 qua:
1812 1814 2055 1866 ultimam

2178 1787 2272 1867 Em
2304 1787 2402 1883 μεν
2433 1787 2614 1866 ἀλλων
2645 1811 2902 1864 ἁπάντων
2932 1808 3025 1876 τῆς
3051 1805 3254 1876 ἀρετῆς
3281 1803 3440 1856 είῖῶν
3473 1801 3747 1870 ἀμελούν-

482 1921 582 1974 loci
639 1919 859 1972 virtutis
915 1923 1065 1969 tenet
1127 1923 1384 1982 partem:
1435 1911 1728 1963 maximum
1777 1905 1923 1960 enim
1977 1912 2061 1957 est

481 2013 746 2077 charitas,
782 2019 836 2065 et
883 2004 1222 2069 suﬂicientia,
1256 2014 1311 2058 et
1349 2003 1691 2070 eleemosyna
1725 2013 1842 2066 qum
1870 2007 1924 2049 et
1953 1995 2064 2048 vir-

482 2107 760 2175 ginitatem
795 2109 1061 2170 superat:
1097 2099 1215 2151 sine
1237 2097 1380 2148 enim
1419 2093 1731 2161 virginitate
1766 2089 1916 2143 cerni
1959 2100 2055 2157 po-

489 2205 598 2250 test
637 2209 882 2262 regnum,
916 2192 1120 2256 absque
1158 2195 1342 2240 autem
1396 2184 1737 2252 eleemosyna
1799 2180 2052 2248 impossi-

489 2287 595 2341 bile
657 2296 757 2338 est.
833 2281 903 2336 Et
965 2281 1073 2334 hoc
1136 2277 1432 2332 ostendunt
1485 2275 1726 2343 quinque
1783 2271 2062 2341 virgines;

487 2377 932 2434 Necessariorum
965 2371 1111 2426 enim
1146 2371 1248 2423 hoc
1277 2378 1331 2422 et
1358 2365 1759 2437 prrecipuorum
1794 2377 2004 2415 suunna
2044 2376 2057 2412 :

491 2488 595 2526 non
625 2470 844 2538 quidem
899 2463 1194 2526 immerito,
1214 2475 1336 2515 nam
1369 2473 1464 2514 cor
1517 2457 1736 2511 virtutis
1771 2453 1904 2508 illud
1965 2466 2062 2506 vo-

485 2562 756 2619 cavimus.

559 2832 616 2886 7.
642 2830 826 2899 Itaque
873 2828 919 2882 si
958 2825 1207 2890 velimus,
1286 2836 1581 2894 possumus
1641 2829 1696 2873 et
1753 2835 1851 2872 nos
1916 2819 2063 2872 velut.

493 2927 708 2981 virtutis
732 2921 1020 2989 imaginem
1050 2917 1115 2971 ad
1141 2929 1412 2985 quemque
1441 2912 1770 2980 aspicientes
1790 2911 2061 2977 apostolo-

496 3032 638 3081 rum,
657 3025 709 3070 et
729 3011 1025 3080 Scripturis
1048 3007 1245 3062 divinis
1261 3006 1363 3058 hoc
1386 3003 1668 3072 diligenter
1689 3001 2072 3070 prmbentibns,

2162 1925 2293 1968 των,
2329 1905 2537 1974 ταύτην
2593 1902 2651 1955 δὲ
2691 1901 2855 1973 μόνον
2897 1899 3226 1969 νομιζόντων
3270 1897 3464 1965 ἀρκεῖν
3497 1895 3577 1954 είς
3635 1909 3748 1943 σω-

2164 1999 2359 2070 τηρίαν
2384 1999 2544 2067 ἡμῖν,
2569 1996 2628 2049 τὴ
2658 1994 2886 2064 ἔσχατον
2911 1989 3003 2045 τοῦ
3028 1989 3194 2061 χοροῦ
3231 1989 3329 2059 τῆς
3359 1987 3562 2058 ἀρετῆς
3592 1987 3751 2053 ἔχου-

2170 2109 2271 2144 σαν
2301 2091 2466 2160 μέρος
2493 2105 2506 2120 ·
2543 2091 2605 2140 τὸ
2654 2088 2763 2155 γὰρ
2793 2085 3074 2155 μέγιστον,
3112 2081 3300 2150 ἀγάπη
3341 2080 3438 2132 καὶ
3471 2079 3751 2130 ἐπιείκεια

2168 2187 2263 2237 κοιλ⁵
2329 2181 2695 2249 ἐλεημοσύνη,
2749 2179 2782 2248 ἢ
2818 2178 2912 2230 καὶ
2943 2176 3247 2244 παρθενίαν
3300 2171 3702 2243 ὑπερηκόντισε
3731 2187 3748 2203 ο

2169 2278 2336 2346 χωρὶς
2370 2276 2470 2344 μὲν
2493 2275 2601 2342 γάρ
2633 2271 2957 2342 παρθενίας.
2996 2267 3220 2322 δυνατὸν
3253 2266 3539 2336 βασιλείαν
3571 2264 3704 2315 ίδεῖν
3734 2275 3751 2289 ·

2169 2367 2339 2438 χωρὶς
2377 2365 2432 2419 δὲ
2472 2363 2872 2434 ἐλεημοσύνης,
2922 2360 3187 2414 ἀδύνατον
3213 2375 3228 2390 ·
3259 2358 3356 2411 καὶ
3399 2356 3655 2424 δηλοῦσιν
3690 2358 3752 2409 αἱ

2171 2460 2332 2511 πέντε
2379 2457 2683 2528 παρθένον
2741 2455 2850 2508 τῶν
2903 2453 3012 2524 γάρ
3049 2451 3366 2519 ἀναγκαίων
3413 2448 3574 2501 τοῦτο
3605 2448 3753 2510 ἐστὶ,

2171 2553 2269 2604 καὶ
2307 2550 2642 2619 συνεχόντων
2685 2549 2746 2600 τὸ
2776 2547 2886 2600 πᾶν
2912 2561 2927 2576 ·
2962 2544 3062 2598 οὐκ
3095 2543 3203 2613 ἄρα
3247 2542 3578 2603 ἀπεικότως,
3616 2556 3762 2608 καρ-

2172 2643 2292 2695 δίαν
2323 2643 2456 2696 αὑτδ
2491 2640 2844 2708 κεκλήκαμεν
2875 2636 2978 2707 τῆς
3011 2637 3236 2705 ἀρετῆς.

2249 2821 2316 2884 ζ’.
2357 2821 2522 2872 ’Ὥστε
2553 2819 2650 2871 ἐὰν
2683 2818 2954 2888 θέλωμεν,
2994 2815 3219 2869 δυνατὸν
3251 2815 3383 2883 ἡμῖν
3413 2813 3486 2874 ὡς
3512 2814 3590 2873 είς
3627 2814 3767 2878 ἀρε-

2175 2914 2274 2982 τῆς
2315 2913 2500 2966 εἰκόνα
2527 2911 2665 2981 πρὸς
2691 2910 2925 2964 ἕκαστον
2950 2909 3118 2978 δρῶσι
3159 2907 3265 2960 τῶν
3295 2906 3634 2971 ἀποστόλων,
3661 2908 3768 2958 καὶ

2177 3008 2298 3068 ταῖς
2333 3004 2507 3068 θείαις
2532 3004 2779 3073 Γραφαῖς
2822 3002 3186 3074 προσέχουσιν
3217 2999 3483 3072 ἀκριϐῶς,
3519 2999 3587 3051 δι’
3618 2991 3692 3052 ὧν
3726 3001 3764 3069 ἡ

495 3123 590 3177 per
621 3119 757 3175 quas
790 3103 966 3156 anima
1020 3099 1312 3151 decoratur
1363 3093 1669 3147 illuminata
1723 3091 1852 3144 nihil
1885 3093 2072 3144 cedere

2179 3096 2328 3167 ψυχὴ
2383 3095 2788 3157 καλλωπίζεται
2849 3091 3243 3161 φωτιζομένη,
3309 3089 3474 3160 μηδὲν
3529 3088 3765 3142 ἔλαττον

497 3201 638 3256 illis:
673 3211 803 3251 num
856 3193 999 3247 enim
1055 3189 1227 3258 angeli
1253 3196 1408 3242 erant
1471 3186 1595 3240 illi?
1654 3201 1781 3239 nmn
1819 3184 1883 3237 de
1941 3183 2078 3238 creto

501 3285 940 3348 descenderunt?
996 3281 1186 3336 Nonne
1223 3280 1467 3347 ejusdem
1525 3287 1735 3331 natura:
1796 3275 2077 3328 nobiscum

500 3380 790 3449 participes
849 3376 1111 3431 fuerunt?
1193 3388 1370 3427 nonne
1433 3372 1486 3423 in
1557 3369 1784 3422 urbibus
1859 3364 2078 3420 enutriti

499 3486 625 3529 sunt
650 3473 674 3526 ?
703 3485 884 3525 nonne
916 3469 1105 3522 iisdem
1169 3466 1249 3518 usi
1302 3462 1468 3518 sunt?
1501 3475 1682 3514 nonne
1723 3471 1867 3512 artes
1909 3457 2080 3509 mani-

500 3563 610 3617 bus
649 3557 1065 3615 exercuerunt?
1099 3556 1223 3609 facti
1255 3566 1384 3608 sunt
1432 3562 1610 3606 autem
1667 3548 1968 3608 mirabiles,
2029 3554 2084 3599 et

503 3671 631 3710 vere
689 3668 800 3723 pra:
830 3653 1084 3708 omnibus
1137 3646 1392 3709 mirandi,
1421 3658 1638 3699 omnem
1697 3641 1913 3694 virtutis
1961 3653 2083 3692 cum

501 3747 882 3804 exercuiSsent
932 3747 1100 3805 viam,
1133 3752 1187 3795 et
1217 3737 1496 3807 exemplar
1539 3735 1669 3790 facti
1723 3733 1976 3788 omnibus
2014 3729 2082 3784 ad

501 3841 760 3902 salutem,
777 3845 830 3890 et
849 3836 931 3890 sic
952 3842 1276 3903 potestatem
1307 3831 1650 3883 destruentes
1676 3825 1902 3884 diaboli,
1923 3824 2085 3894 hujus

501 3930 844 3986 surcidentes
878 3941 1095 3988 nervos,
1145 3929 1492 3976 conterentes
1519 3919 1639 3988 ejus
1666 3927 1852 3988 caput,
1889 3917 2087 3971 dissol-

506 4035 691 4078 ventes
722 4021 842 4091 ejus
873 4015 1593 4090 tyrannidem,dissipautes
1615 4009 2081 4082 ejusexercitnm:

502 4125 556 4170 et
595 4115 696 4168 hoc
727 4111 1068 4168 miraculum.
1089 4109 1343 4162 omnibus
1386 4103 1667 4157 miraculis
1685 4101 1878 4155 melius
1907 4111 2089 4154 osten-

507 4206 699 4260 dentes
728 4221 742 4267 ;
774 4211 825 4255 et
861 4200 1144 4255 verissime
1177 4196 1397 4265 quidem
1434 4213 1449 4248 :
1490 4195 1689 4264 patitur
1716 4192 1858 4247 enim
1900 4190 2087 4244 diabo-

511 4305 596 4354 lus
626 4299 842 4368 quando
886 4295 1180 4364 expellitur
1215 4303 1469 4360 corpore,
1530 4298 1713 4358 utpote
1739 4289 1834 4356 qui
1889 4287 1958 4340 sit
1989 4299 2086 4355 po-

510 4405 680 4451 testas
711 4393 957 4446 maleﬁca
985 4399 1040 4444 et
1068 4389 1347 4442 hominum
1397 4383 1644 4454 gaudens
1711 4382 1992 4453 punitione
2035 4390 2088 4434 et

2184 3193 2330 3259 ἔχειν
2371 3189 2598 3240 ἐκείνων
2625 3201 2638 3215 ’
2678 3186 2753 3255 μὴ
2802 3185 2909 3254 γάρ
2939 3184 3165 3251 ἄγγελοι
3207 3178 3347 3252 ἦσαν
3390 3185 3630 3243 ὲκεῖνοι;
3677 3181 3764 3249 μὴ

2184 3282 2291 3351 γὰρ
2331 3280 2389 3344 ἐξ
2434 3277 2670 3349 οὐρανοῦ
2713 3277 3070 3345 κατέϐησαν;
3118 3275 3241 3344 οὐχὶ
3273 3273 3383 3326 τῶν
3415 3273 3595 3326 αὐτῶν
3627 3273 3767 3341 ἡμῖν

2174 3373 2486 3443 ,μετέσχονς
2519 3371 2620 3424 οὐκ
2653 3371 2709 3423 ὲν
2755 3369 2979 3421 πόλεσιν
3031 3367 3387 3436 ὲτράφησαν;
3421 3366 3480 3417 οὐ
3518 3364 3628 3416 τῶν
3661 3365 3770 3416 αὐ-

2185 3465 2296 3516 τῶν
2325 3464 2651 3533 ἀπήλαυσαν
2679 3477 2695 3526 ;
2723 3459 2844 3527 οὐχὶ
2871 3459 3064 3528 τέχνας
3091 3457 3574 3528 μετεχειρίσαντος
3601 3455 3769 3522 γεγὸ-

2187 3572 2311 3606 νασι
2341 3553 2397 3606 δὲ
2432 3553 2738 3622 θαυμαστοὶ
2787 3553 2881 3604 κοιλ⁸
2915 3551 2992 3612 ὡς
3037 3549 3255 3618 ἀληθῶς
3287 3547 3769 3618 ὐπερθαὺμαστοι,

2185 3647 2369 3700 πᾶσαν
2410 3645 2615 3715 ἀρετῆς
2659 3645 3003 3713 ἀσκήσαντες
3033 3643 3173 3706 ὁδὸν,
3206 3643 3300 3694 καί
3331 3643 3500 3694 τύπον
3533 3640 3771 3715 γενόμεο

2187 3756 2271 3792 νοι
2322 3711 2461 3793 πᾶσι
2516 3711 2651 3810 πρὸς
2711 3711 3008 3806 σωτηρίαν,
3065 3735 3158 3789 καὶ
3198 3735 3340 3787 οὓτω
3387 3734 3485 3802 τὴν
3532 3711 3772 3799 δύναμιν

2186 3833 2468 3894 ἀνελόντες
2491 3831 2582 3883 τοῦ
2605 3830 2881 3889 διαϐόλου.
2913 3828 3244 3898 ἐκκόψαντες
3261 3827 3453 3880 τούτου
3486 3828 3553 3878 τὰ
3570 3823 3770 3894 νεῦρα,

2189 3921 2580 3991 συντρίψαντες
2609 3920 2772 3972 αὐτοῦ
2798 3921 2898 3990 τὴν
2930 3918 3194 3989 κεφαλὴν,
3217 3917 3634 3978 καταλύσαντες
3665 3920 3772 3969 αὺ-

2185 4011 2284 4065 τοῦ
2315 4012 2416 4081 τὴν
2449 4011 2761 4080 τυραννίδα,
2796 4010 3207 4072 διασπάσαντες
3239 4009 3300 4061 τὸ
3352 4008 3719 4078 στρατόπεδον
3750 4025 3768 4039 ο

2187 4102 2284 4155 καλ⁸
2320 4100 2481 4153 τοῦτο
2521 4102 2773 4169 σημεῖον,
2813 4100 3073 4153 ἁπάντων
3117 4099 3363 4170 σημείων
3403 4100 3585 4169 μεῖζον
3642 4100 3774 4150 ἑπι-

2187 4192 2533 4260 δειξάμενοιο
2590 4193 2684 4244 καὶ
2723 4191 2868 4260 μάλα
2921 4192 3179 4254 είκότως·
3229 4191 3387 4262 ἀλγεῖ
3428 4191 3531 4259 μὲν
3589 4192 3698 4258 γὰρ
3740 4193 3771 4242 δ

2185 4283 2440 4346 διάϐολος
2490 4285 2621 4336 ὃταν
2665 4282 2891 4352 ὲξελαθῇ
2947 4283 3223 4353 σώματος,
3277 4283 3373 4336 ἆτε
3421 4281 3656 4346 δύναμις
3691 4280 3774 4334 ὣ)

2191 4372 2487 4435 κακοποιὸς
2519 4373 2614 4425 καὶ
2639 4375 2708 4442 τῇ
2741 4373 2848 4424 τῶν
2880 4371 3190 4440 ἀνθρώπων
3229 4371 3561 4440 ἐφηδόμενος
3593 4386 3781 4437 τιμωο

509 4486 926 4548 destructione',
967 4483 1138 4536 multo
1191 4493 1321 4532 vero
1372 4478 1546 4545 magis
1601 4477 1803 4543 patitur
1867 4473 2072 4543 quandt

2197 4465 2289 4536 ρία
2309 4464 2401 4517 καὶ
2424 4465 2673 4533 ἀπωλείᾳ
2695 4478 2710 4492 ’
2736 4463 2917 4533 πολλῷ
2938 4465 2992 4516 δὲ
3021 4465 3223 4533 μᾶλλον
3245 4463 3423 4529 ἀλγεῖ,
3447 4461 3576 4514 ὅταν
3593 4461 3784 4528 ἀμαρ-

511 4581 748 4650 peccatis
775 4576 1069 4631 liberatam
1104 4572 1250 4626 videt
1289 4569 1547 4623 animam.
1581 4567 1653 4622 Et
1703 4565 1848 4620 enim
1886 4579 2083 4635 magna

511 4669 763 4727 daemonii
799 4675 1067 4738 potestas,
1098 4671 1382 4734 peccaturo
1416 4669 1524 4726 est,
1559 4669 1746 4727 utpote
1777 4671 1898 4726 quae
1925 4659 2000 4713 ab
2023 4669 2088 4709 eo

513 4765 741 4818 eﬂicitur
773 4761 1012 4828 fugiente
1033 4758 1311 4812 virtutem.
1349 4753 1575 4821 Pmpter
1598 4754 1699 4804 hoc
1728 4760 1981 4803 mortuus
2007 4756 2092 4802 est

519 4857 796 4920 Christus,
824 4863 880 4908 ut
909 4853 1013 4906 hoc
1042 4849 1321 4904 destruat:
1353 4847 1460 4900 hoc
1489 4843 1637 4898 enim
1664 4849 1892 4896 mortem
1935 4839 2096 4893 indu-

515 4951 614 5012 xit,
650 4961 745 5014 per
803 4944 906 4998 hoc
961 4957 1025 4997 ea
1057 4957 1178 5011 quae
1200 4952 1418 4993 sursum
1474 4942 1600 4990 sunt
1649 4935 1902 4986 deorsum
1954 4930 2091 4984 facta

518 5046 665 5091 sunt.
699 5035 755 5089 Si
773 5050 901 5103 ergo
933 5043 981 5088 et
1011 5048 1108 5086 nos
1144 5032 1212 5084 ab
1237 5028 1493 5083 omnibus
1513 5026 1820 5080 eximentes
1845 5036 1944 5076 nos
1972 5035 2093 5090 qua

518 5129 588 5184 ad
610 5129 772 5182 vitam
796 5125 1102 5194 pertinent,
1143 5123 1436 5176 eﬂeramns
1467 5134 1565 5173 nos
1601 5117 1666 5168 ad
1703 5115 2012 5179 Christum,
2039 5121 2095 5166 et

517 5218 882 5288 apestolorum
934 5217 1104 5269 vitam
1139 5214 1416 5267 imitantes
1441 5208 1635 5262 [binus
1657 5205 1809 5272 juxta
1848 5205 1971 5259 illos
2002 5205 2098 5256 do-

519 5322 696 5364 ctorcs
743 5307 923 5360 edocti
965 5308 1018 5358 in
1048 5320 1272 5372 regnum
1299 5303 1579 5366 (telorum,
1609 5299 1676 5353 ad
1705 5299 1810 5353 hoc
1841 5299 2012 5352 simus
2040 5295 2093 5348 in

521 5401 798 5473 lcgedocti
867 5403 919 5452 in
987 5397 1357 5464 evangelicam
1421 5405 1476 5449 et
1551 5409 1742 5448 novam
1790 5392 2093 5446 doctrinam

517 5495 725 5552 ChriSIi
763 5531 778 5557 ,
843 5494 984 5547 hanc
1052 5492 1344 5560 diligenter
1395 5489 1632 5543 scientes
1685 5496 1738 5541 et
1794 5483 2092 5540 secundum

521 5589 764 5643 eamdem
798 5589 1169 5657 gubernantes
1205 5597 1338 5647 nos;
1377 5590 1538 5649 atque
1587 5582 1638 5634 in
1675 5579 1928 5650 pratseuti
1984 5579 2095 5630 vita

524 5681 791 5745 fulgentes
849 5679 1001 5749 juxta
1068 5675 1343 5746 apostolos
1382 5673 1626 5736 erimus,
1687 5682 1740 5724 ct
1811 5671 1863 5723 in
1919 5669 2106 5723 futura

2187 4558 2308 4620 ⁴τίας
2340 4556 2828 4627 ἀπαλλαττομένην
2853 4557 2938 4626 ίδῃ
2969 4556 3179 4626 ψυχήν.
3211 4557 3322 4608 Καὶ
3355 4554 3522 4623 γὰρὴ
3558 4554 3776 4627 μεγάλη

2193 4649 2290 4702 τοῦ
2329 4651 2588 4720 δαίμονος
2618 4624 2876 4720 δόναμις,
2987 4624 3236 4718 ἁμαρτία
3272 4649 3439 4707 ἐστὶν.
3478 4649 3550 4709 ὼς
3589 4624 3648 4711 ἔξ
3677 4653 3785 4700 az-

2193 4741 2292 4794 τοῦ
2326 4741 2800 4812 δημιουργηθεῖσα
2834 4743 3100 4810 φυγόντος
3134 4741 3234 4810 τὴν
3259 4742 3486 4809 ἀρετήν,
3514 4739 3615 4790 Διά
3644 4739 3786 4790 ταύ-

2195 4850 2301 4904 την
2327 4833 2604 4887 ἀπέθανεν
2630 4837 2657 4887 ό
2683 4833 2944 4904 Χριστὸς,
2969 4834 3056 4886 ἵνα
3085 4834 3294 4902 ταύτην
3327 4830 3615 4900 καταλύσῃ
3633 4845 3651 4861 ο
3683 4833 3784 4882 καὶ

2198 4927 2306 4996 γὰρ
2334 4925 2475 4997 αὕτη
2507 4926 2599 4979 τὸν
2625 4924 2859 4979 θάνατον
2885 4925 3150 4996 είσήγαγε
3178 4940 3192 4954 ·
3224 4923 3314 4977 διὰ
3333 4923 3538 4990 ταύτην
3571 4923 3636 4974 τὰ
3666 4922 3786 4973 ἀνω

2200 5017 2353 5071 κάτω
2392 5016 2639 5084 γέγονεν.
2689 5016 2787 5069 Ἂν
2822 5017 3004 5069 τοίνυν
3051 5016 3146 5068 καὶ
3187 5017 3351 5086 ἡμεῖς
3383 5016 3602 5068 πάντων
3639 5015 3789 5065 ἀπο-

2203 5109 2506 5178 στήσαντες
2542 5109 2774 5170 ὲαυτοὺς
2804 5106 2911 5160 τῶν
2948 5107 3241 5177 βιωτικῶν,
3288 5105 3615 5176 ἀναθώμεθα
3646 5107 3783 5156 ἑαυ-

2199 5201 2326 5264 τοὺς
2375 5199 2454 5270 τῷ
2486 5200 2733 5270 Χριστῷ,
2784 5201 2879 5252 καὶ
2905 5201 2997 5253 τὸν
3033 5199 3142 5253 τῶν
3186 5199 3506 5253 ἀποστόλων
3535 5197 3647 5268 βίον
3684 5196 3788 5266 ξη-

2203 5292 2481 5355 λώσαντες
2505 5291 2797 5362 γενώμεθα
2831 5293 2954 5346 κατ’
2985 5293 3232 5355 ἐκείνους
3281 5293 3632 5361 γραμματεῖς
3674 5309 3790 5357 μα-

2203 5385 2558 5454 θητευθέντες
2605 5387 2686 5448 είς
2716 5387 2818 5456 τὴν
2871 5387 3152 5455 βασιλείαν
3201 5387 3309 5440 τῶν
3335 5387 3606 5456 οὐρανῶν,
3656 5387 3792 5436 ἀντὶ

2201 5478 2321 5543 τοῦ,
2363 5476 2654 5546 γενώμεθα
2686 5483 3017 5549 νομομαθεῖς
3047 5484 3126 5538 εἰς
3155 5481 3253 5551 τὴν
3286 5478 3658 5547 εὐαγγελικὴν
3690 5479 3794 5530 καὶ

2209 5571 2337 5624 νέαν
2365 5568 2716 5623 διδασκαλίαν
2743 5574 3002 5641 Χριστοῦ,
3030 5573 3108 5642 τῷ
3133 5572 3340 5641 ταύτην
3369 5571 3614 5640 ἀκριϐῶς
3641 5571 3794 5622 είδέ-

2205 5682 2311 5728 ναι,
2352 5661 2447 5714 καὶ
2498 5661 2874 5720 πολιτεύεσθαι
2910 5668 3046 5720 κατά
3076 5667 3303 5735 ταύτην,
3340 5667 3437 5717 aut
3483 5669 3539 5718 ἐν
3562 5664 3642 5731 τῖι
3677 5669 3808 5714 της
