4050 6210
326 320 432 382 917

1706 335 2040 402 ETIIICON
2077 345 2142 405 ιν.

3492 355 3594 420 θῖ3

327 437 610 506 στήσαμεν
634 438 732 507 τὴν
763 439 1002 511 ἐκείνου,
1033 443 1224 514 μηδεὶς
1271 443 1414 502 ἔστω
1446 447 1473 500 ὁ
1503 448 1776 518 ἐγκαλῶν,
1810 455 1889 506 κα¹

2009 471 2152 522 esse,
2187 458 2374 513 nullus
2401 462 2470 515 sit
2517 462 2814 533 objurgans
2849 474 2903 520 et
2944 465 3167 532 timens,
3220 467 3312 520 sed
3365 468 3489 522 tolle
3523 471 3596 524 le-

323 528 719 599 δεδιττόμενος,
749 531 888 587 ἀλλὰ
915 534 1075 588 ἄνελε
1107 537 1202 591 τὸν
1247 541 1312 594 ἐκ
1342 541 1454 594 τῶν
1498 543 1680 613 νόμων
1709 546 1902 612 φόϐον,

323 621 406 688 τῷ
455 622 601 692 λόγῳ
625 625 786 690 τέως,
837 629 934 680 κα)⁴
973 626 1098 696 ὄψει
1147 632 1314 686 αὑτὸν
1358 632 1513 706 ξίφος
1551 636 1904 708 ἁρπάσαντα,

324 714 422 768 καὶ
456 715 670 779 πάντας
719 716 1124 790 διαχρώμενον,
1181 726 1278 779 καὶ
1307 726 1526 792 οὐδενὸς
1559 729 1904 800 φειδόμενον,

322 807 386 858 οὐ
412 806 594 874 φίλου,
649 808 712 861 οὐ
751 813 1076 880 συγγενοῦς.
1131 817 1234 870 οὐκ
1269 817 1524 887 ἀδελφοῦ,
1580 821 1681 875 οὐκ
1733 823 1904 876 αὑτοῦ

319 897 416 950 τοῦ
466 902 861 970 γεγεννηκότος
885 917 900 934 ⁸
951 907 1160 974 μᾶλλον
1201 909 1259 962 δὲ
1291 911 1412 964 οὐδὲ
1463 912 1778 978 ὑποθέσεως
1815 915 1906 970 ἐν·

321 989 496 1044 τιῦθα
541 993 722 1062 χρεία,
757 995 875 1049 ἀλλ’
905 998 1166 1068 ἐρώμεθα
1213 1002 1402 1071 αὐτὸν,
1437 1005 1488 1058 εξ
1525 1005 1602 1076 μὴ
1643 1006 1905 1072 τοιαύτας

320 1081 552 1136 πλάττει
605 1084 730 1138 καθ’
781 1089 978 1143 ἐαυτὸν
1029 1095 1335 1159 φαντασίας
1379 1097 1488 1160 ἀεὶ,
1549 1099 1646 1152 καὶ
1693 1099 1904 1166 πάντας

321 1176 542 1229 ἔπεισιν
587 1179 831 1252 ἀναιρῶν
859 1182 940 1254 τῷ
979 1183 1232 1258 λογισμῷ
1278 1189 1372 1244 καὶ
1412 1191 1602 1259 φίλους
1643 1195 1738 1248 καὶ
1769 1211 1904 1264 συγ·-

319 1271 504 1335 γενεῖς
554 1271 652 1323 καὶ⁵
697 1273 899 1338 αὐτοὺς
948 1277 1076 1342 τοὺς
1106 1283 1514 1350 γεγεννηκότας
1542 1301 1556 1315 ·
1606 1286 1814 1356 μᾶλλον
1843 1288 1902 1342 δὲ

319 1359 422 1411 οὐκ
457 1363 782 1432 ἐρωτήσεως
828 1367 984 1435 χρεία
1008 1385 1025 1401 ο
1061 1371 1159 1423 καὶ
1199 1372 1308 1444 γάρ
1357 1375 1559 1440 πάντες
1596 1377 1798 1444 ἴσασιν,
1825 1381 1902 1446 ὠς

319 1451 384 1544 οι-
404 1452 582 1524 τούτῳ
617 1457 979 1528 κατεχόμενοι
1011 1462 1088 1533 τῷ
1138 1467 1438 1536 νοσήματι,
1471 1471 1566 1522 καὶ
1597 1472 1773 1541 γῆρας
1807 1472 1902 1544 βα-

321 1540 582 1610 ρύνονται
616 1547 848 1617 πατρὸς,
876 1549 938 1602 τό
969 1569 1029 1604 τε
1060 1553 1234 1622 γλυκὺ
1261 1558 1356 1610 καὶ
1376 1559 1546 1612 πᾶσιν
1576 1540 1900 1632 ἐπέραστον,

317 1633 380 1684 τὸ
405 1635 608 1698 παῖδας
636 1639 804 1708 ἔχειν,
839 1640 978 1711 βαρὺ
1007 1647 1102 1697 καὶ
1132 1647 1374 1716 ἐπαχθὲς
1413 1647 1554 1706 εἶναι
1583 1653 1896 1721 νομίζουσι.

320 1727 520 1780 Πολλοὶ
552 1730 682 1796 γοῦν
724 1735 818 1785 καὶ
857 1735 1087 1790 άτοκίαν
1136 1739 1226 1792 διά
1258 1741 1420 1796 τοῦτο
1466 1743 1772 1816 ὠνήσαντο,
1803 1747 1898 1800 καὶ

319 1817 422 1888 τὴν
450 1819 616 1886 φύσιν
644 1825 969 1894 ἐπῆρωσαν,
1003 1831 1104 1884 οὐκ
1135 1833 1418 1898 ἀνελόντες
1447 1837 1736 1906 τεχθέντας
1772 1839 1901 1904 τοὺς

319 1914 542 1972 παῖοικς,
587 1915 724 1968 ἀλλὰ
763 1919 902 1987 μηδέ
940 1920 1107 1987 φῦναι
1156 1925 1259 1994 τὴν
1296 1927 1473 1997 ἀρχὴν
1507 1931 1903 2002 συγχωρήσαν-

318 2019 435 2094 τες.
485 2007 577 2075 Μὴ
611 2009 794 2064 τοίνυν
829 2011 1188 2084 θαυμάσησθε
1222 2019 1270 2070 εί
1311 2021 1401 2072 τὸν
1433 2021 1770 2094 φιλάργυρον
1813 2024 1902 2078 οὖα

322 2091 432 2160 sti-:2
489 2101 980 2174 ἐσχηματίσαμεν’
1039 2109 1277 2181 καὶγὰρ
1337 2112 1474 2166 πολὺ
1524 2115 1723 2185 χείρων
1779 2117 1900 2170 ἐστὶ

318 2190 430 2240 τῶν
464 2192 794 2261 εἰρημένων.

389 2290 465 2346 ς’.
519 2286 677 2339 Ἀλλά
727 2291 1100 2363 σκοπὴσωμεν
1130 2293 1249 2356 πῶς
1295 2295 1388 2349 τοῦ
1429 2296 1687 2366 δαίμονος
1731 2301 1898 2356 αὑτὸν

315 2375 730 2449 ἀπαλλάξομεν.
773 2383 897 2448 Πῶς
923 2383 1018 2439 οὗν
1057 2387 1482 2458 ἁπαλλάξομενς
1512 2394 1562 2444 εί
1603 2393 1770 2464 μάθοι
1802 2413 1898 2450 σα-

315 2467 456 2535 φῶς,
498 2470 581 2523 ὅτι
614 2473 646 2542 ἡ
677 2473 1016 2546 φιλαργυρία
1067 2479 1206 2545 πρὸς
1253 2481 1388 2533 αὐτὸ
1418 2483 1596 2546 τοῦτο,
1661 2485 1895 2554 μάλιστα

315 2559 470 2628 αὑτῷ
519 2561 862 2618 ἐναντιοῦται
909 2569 1046 2637 πρὸς
1089 2571 1149 2622 τὸ
1198 2571 1444 2640 πορίζειν
1491 2577 1796 2644 χρήματαο
1845 2577 1895 2630 oi

313 2655 427 2720 γὰρ
457 2653 524 2704 τά
559 2657 732 2724 μικρὰ
765 2659 1070 2730 κερδαίνειν
1103 2661 1439 2734 βουλόμενοι,
1479 2669 1726 2736 μεγάλας
1754 2671 1892 2722 ὑπο-

314 2745 542 2811 μένουσι
598 2747 808 2816 ζημίας
841 2765 855 2780 ³
891 2751 1018 2805 ὅθεν
1050 2755 1114 2824 δὴ
1175 2755 1270 2808 καὶ
1305 2760 1578 2826 παροιμία
1632 2762 1710 2824 είς
1759 2762 1894 2817 αὐτὸ

309 2833 470 2885 τοῦτο
515 2835 864 2907 ἐξενήνεκται
891 2857 904 2870 ·
947 2844 1138 2896 πολλοὶ
1191 2844 1324 2912 γοῦν
1353 2847 1620 2912 πολλάκις
1670 2851 1762 2902 ἐπὶ
1799 2868 1892 2919 με·

311 2925 499 2990 γάλοις
549 2927 793 2984 δανεῖσαι
849 2933 1172 3003 βουλόμενοι
1210 2939 1416 3002 τόκοις,
1469 2943 1536 3010 τῇ
1591 2941 1892 3015 προσδοκίᾳ

309 3011 406 3065 τοῦ
457 3015 708 3084 κέρδους,
759 3020 862 3072 οὐκ
907 3021 1265 3086 ἐξετάσαντες
1309 3029 1438 3090 τοὺς
1485 3029 1886 3099 λαμϐάνοντας,

315 3106 455 3174 μετὰ
486 3109 582 3160 τοῦ
614 3111 774 3164 τόκου
805 3114 898 3165 καὶ
924 3115 1018 3167 τοῦ
1047 3117 1346 3184 κεφαλαίου
1371 3121 1573 3182 παντός
1598 3121 1854 3186 ἐξέπεσον
1873 3143 1886 3155 ·

309 3198 476 3250 πάλιν
525 3202 604 3263 είς
659 3203 941 3267 κινδύνους
987 3210 1386 3276 περιπεσόντες
1424 3211 1623 3280 ἕτεροι,
1675 3219 1766 3266 καὶ
1809 3216 1884 3286 μὴ

311 3289 671 3357 βουληθέντες
721 3296 880 3361 ὀλίγα
929 3301 1222 3366 προέσθαι,
1257 3303 1352 3354 καὶ
1399 3303 1495 3372 τὴν
1523 3304 1702 3374 ψυχὴν
1747 3307 1888 3374 μετά

307 3381 406 3448 τῆς
437 3383 628 3447 οὐσίας
652 3387 948 3442 ἀπώλεσαν
966 3406 981 3420 ⁸
1008 3394 1098 3442 καὶ
1126 3395 1300 3464 παρὸν
1325 3397 1511 3460 πάλιν,
1539 3395 1572 3468 ἢ
1597 3399 1885 3467 ἀξιώματα

308 3475 599 3542 κερδαλέα,
635 3479 666 3548 ἥ
719 3481 848 3535 ἄλλο
881 3499 934 3535 τι
963 3485 1206 3538 τοιοῦτον
1248 3486 1588 3557 ὠνήσασθαι,
1631 3495 1886 3562 μικρολο-

309 3568 644 3636 γησάμενοι,
693 3572 754 3624 τδ
811 3577 920 3627 πᾶν
969 3575 1284 3632 ἀπώλεσαν.
1356 3581 1574 3652 Ἐπειδὴ
1629 3584 1736 3652 γὰρ
1785 3585 1885 3636 οὐκ

309 3659 457 3710 ι’σασι
487 3665 752 3733 σπείρειν,
789 3667 905 3719 ἀλλ’
933 3671 1018 3722 ἀεὶ
1049 3671 1288 3740 θερίζειν
1321 3676 1756 3744 μεμελετήκασι,
1788 3681 1884 3730 καὶ

307 3751 407 3802 τοῦ
439 3753 654 3824 ἁμητοῦ
709 3760 948 3829 συνεχῶς
991 3763 1389 3818 ἐκπίπτουσιν·
1434 3769 1611 3831 οὐδεὶς
1639 3768 1746 3838 γὰρ
1794 3771 1882 3823 ἀεὶ

307 3841 552 3911 θερίζειν
582 3845 828 3912 δύναται,
859 3851 1051 3920 ὥσπερ
1075 3854 1199 3906 οὐδὲ
1231 3857 1317 3908 ἀεὶ
1347 3858 1674 3928 κερδαίνειν.
1729 3861 1883 3914 Ἐπεὶ

303 3934 400 3986 οὖν
435 3936 496 3988 οὐ
531 3937 815 4005 βούλονται
849 3943 1117 4016 δαπανᾷν,
1151 3947 1270 4000 οὐδὲ
1317 3951 1626 4020 κερδαίνειν
1665 3954 1880 4009 ίσασινο

301 4025 442 4078 ἀλλὰ
481 4029 582 4080 κᾶν
613 4034 850 4096 γυναῖκα
879 4033 976 4102 δέῃ
1009 4035 1216 4098 λαϐεῖν,
1257 4039 1420 4091 πάλιν
1457 4042 1518 4094 τὸ
1543 4043 1676 4096 αὐτὸ
1718 4045 1882 4100 τοῦτο

303 4119 676 4176 ὑπομένουσιν
829 4126 940 4194 γὰρ
987 4127 1456 4200 ἐξηπατήθησαν,
1512 4135 1719 4206 ἅτὀρον
1765 4140 1880 4193 ἀντ’

299 4211 540 4278 εὐπόρου
599 4215 948 4287 λαϐόντες,ἢ
995 4221 1092 4272 καὶ
1143 4223 1412 4276 πλουσίαν
1467 4227 1880 4297 εἰσαγαγόντες,

306 4305 404 4356 καὶ
437 4306 652 4374 μυρίων
681 4310 964 4378 γέμουσαν
993 4313 1416 4384 ἐλαττωμάτων,
1450 4319 1676 4373 πλείονα
1712 4323 1880 4377 πάλιν

301 4395 404 4464 τὴν
433 4398 640 4468 ζημίαν
687 4402 993 4470 ὑπέμειναν
1019 4423 1034 4436 ·
1069 4407 1127 4458 οὗ
1180 4409 1291 4478 γὰρ
1323 4411 1356 4476 ἠ
1393 4413 1705 4481 περιουσία,
1760 4415 1878 4469 ἀλλ’

2008 564 2134 617 gum
2167 550 2439 616 timorem,
2469 557 2634 610 verbo
2661 563 2892 622 tantum,
2915 567 2971 612 et
3003 557 3210 612 videbis
3257 573 3380 612 eum
3411 574 3596 614 ensem

2006 643 2389 710 evaginantem
2423 655 2479 702 et
2524 664 2714 704 omnes
2760 651 3100 706 occidentem
3151 661 3206 706 et
3236 653 3438 707 nemini
3475 669 3600 723 par—

2006 740 2242 800 centem,
2277 751 2386 790 non
2435 740 2633 804 amico,
2660 757 2766 796 non
2819 753 3074 814 cognato,
3105 763 3214 800 non
3279 746 3454 812 fratri,
3486 762 3596 801 non

2007 839 2110 880 suo
2158 827 2418 894 genitori;
2472 833 2567 887 sed
2617 849 2722 888 non
2766 849 2905 904 opus
2941 845 3026 891 est
3059 853 3394 908 supponere;
3443 838 3594 893 dica-

2007 931 2128 972 mus
2173 933 2302 974 vero
2329 921 2374 974 si
2425 937 2530 976 non
2591 924 2723 979 tales
2771 927 2909 995 apud
2952 943 3011 984 se
3069 929 3234 1001 fingat
3290 930 3596 998 imagines,

2006 1023 2252 1079 semper,
2297 1022 2350 1066 et
2420 1029 2612 1070 omnes
2674 1016 2888 1073 invadat
2943 1021 3232 1076 destructis
3305 1023 3594 1076 ratiocinio

2005 1112 2060 1158 et
2105 1107 2314 1162 amicos
2365 1115 2418 1160 et
2466 1118 2727 1178 cognatos
2789 1120 2844 1166 et
2877 1112 3023 1180 ipsos
3055 1117 3356 1182 genitores.
3413 1116 3598 1170 Potius

2005 1207 2184 1252 autem
2217 1215 2328 1256 non
2380 1202 2809 1274 interrogatione
2840 1219 2976 1273 opus
3001 1219 3084 1262 est
3125 1225 3140 1262 :
3196 1223 3387 1263 omnes
3447 1209 3594 1262 enim

2003 1292 2205 1354 sciunt.
2255 1295 2528 1363 quomodo
2568 1298 2764 1352 morbo
2820 1299 2926 1352 isto
2990 1301 3133 1368 capti
3168 1309 3220 1354 et
3251 1311 3594 1354 senecuttem

2003 1394 2230 1453 gravant
2257 1386 2446 1454 patris,
2474 1397 2526 1442 et
2563 1388 2705 1458 quod
2747 1391 2960 1443 caneris
2998 1400 3104 1444 tam
3155 1391 3316 1444 dulce
3365 1399 3419 1444 et
3445 1407 3596 1444 ama-

2005 1476 2110 1529 bile
2130 1487 2236 1539 est,
2255 1493 2418 1547 grave
2448 1489 2503 1534 et
2532 1479 2870 1538 intolerabile
2896 1498 3020 1538 esse
3041 1493 3233 1552 putant
3262 1499 3460 1552 pueros
3499 1485 3595 1536 ba-

2005 1569 2153 1624 bere.
2188 1570 2340 1626 Multi
2370 1573 2512 1626 enim
2539 1583 2593 1628 et
2636 1575 2974 1628 sterilitatem
3025 1586 3244 1644 propter
3293 1576 3397 1630 hoc
3450 1592 3598 1630 emc-

2004 1671 2154 1728 runt,
2182 1673 2233 1716 et
2269 1673 2522 1718 naturam
2575 1666 2880 1735 privarunt,
2920 1683 3028 1722 non
3087 1670 3428 1723 destruentns
3472 1683 3598 1735 par-

2009 1763 2094 1810 tos
2117 1755 2369 1816 inlantcs.
2389 1757 2483 1812 sed
2519 1775 2692 1828 neque
2737 1761 3036 1830 producere
3099 1763 3422 1830 principium
3458 1779 3594 1816 0οη-

2007 1846 2281 1903 cedentes.
2311 1845 2390 1902 Ne
2426 1865 2554 1920 ergo
2604 1851 2875 1906 miremini
2921 1853 2963 1906 si
3018 1869 3238 1906 avarum
3279 1855 3350 1908 ita
3388 1855 3597 1909 descri-

2007 1943 2268 2010 pserintns
2297 1961 2312 2000 :
2337 1943 2504 1998 multo
2539 1943 2680 1999 enim
2718 1945 2872 2016 pejor
2925 1957 3010 2002 est
3061 1946 3239 2002 dictis.

2071 2286 2132 2343 6.
2160 2285 2266 2342 Sed
2299 2287 2582 2344 videmnus
2600 2293 2873 2359 quomodo
2903 2304 3026 2344 eum
3060 2307 3088 2343 a
3119 2292 3362 2348 dmmone
3392 2295 3590 2350 lihere-
3678 2321 3686 2330 τ

2001 2395 2139 2434 mus.
2169 2381 2458 2446 Quomodo
2507 2395 2638 2452 ergo
2673 2381 3077 2437 liberabimus?
3128 2383 3183 2438 Si
3219 2385 3388 2440 discat
3420 2387 3591 2454 claro,

1998 2473 2282 2527 avaritiam
2343 2484 2546 2543 praeter
2608 2475 2712 2528 hoc
2757 2477 3058 2542 praesertim
3108 2478 3206 2546 ipsi
3275 2481 3594 2534 adversatur

1998 2565 2064 2618 ad
2083 2567 2414 2634 acquirenda
2455 2565 2619 2620 bona.
2648 2565 2751 2631 Qui
2811 2567 2955 2620 enim
3007 2583 3168 2634 parva
3222 2569 3370 2622 lin-ra
3413 2571 3593 2627 facere

1999 2656 2212 2721 volunt,
2251 2672 2446 2724 magna
2473 2657 2946 2712 snhcnntdamna.
2995 2657 3146 2713 Unde
3182 2661 3347 2730 igitur
3381 2663 3590 2718 initium

1995 2747 2061 2800 ad
2107 2749 2207 2803 hoc
2236 2749 2432 2802 accidit
2474 2747 2751 2819 (eruitur).
2783 2749 2932 2803 Multi
2987 2751 3131 2804 enim
3186 2767 3347 2819 sa-pe,
3377 2755 3592 2823 magnis

1995 2840 2235 2896 volentes
2273 2855 2518 2896 nmtuum
2575 2843 2704 2898 dare
2739 2844 2941 2910 usuris,
2982 2850 3390 2915 exspectatione
3451 2851 3588 2908 lucri

1995 2951 2100 2990 non
2159 2938 2452 3006 probantvs
2520 2951 2615 2993 eos
2665 2941 2756 3008 qui
2817 2949 3170 3004 mutuantur,
3247 2955 3368 2996 cum
3423 2959 3586 2998 usura

1993 3040 2044 3083 ct
2099 3045 2367 3084 summam
2439 3039 2606 3084 totam
2659 3033 2940 3086 amittunt.
2979 3031 3187 3087 Rursus
3251 3035 3302 3086 in
3347 3037 3589 3104 peric-ilo

1993 3123 2251 3177 radentes
2300 3123 2389 3176 alii
2435 3133 2490 3177 et
2539 3123 2784 3178 nolentes
2818 3141 2987 3193 pauca
3048 3137 3305 3193 appetere
3349 3131 3587 3184 animum

1994 3231 2122 3271 cum
2156 3217 2308 3270 bonis
2339 3215 2634 3269 amiserunt
2659 3233 2672 3280 ;
2698 3225 2748 3268 et
2787 3231 2977 3270 rursus
3016 3219 3170 3270 adest
3205 3231 3259 3271 ut
3289 3219 3586 3287 dignitates

1992 3307 2203 3362 lucrum
2251 3309 2512 3363 habentes
2543 3319 2630 3360 aut
2667 3309 2810 3362 aliud
2848 3311 3120 3379 quoddam
3177 3309 3358 3366 simile
3401 3329 3588 3368 eun-re

1993 3403 2478 3470 parvipendentes,
2535 3401 2715 3454 omnia
2795 3401 3170 3470 perdiderunt.
3232 3404 3366 3458 Cum
3436 3408 3583 3462 enim

1994 3499 2242 3550 nesciant
2311 3495 2604 3559 seminare,
2682 3495 2776 3548 sed
2844 3509 3058 3564 semper
3115 3505 3318 3551 metere
3370 3515 3586 3563 curent,

1992 3602 2222 3642 amesse
2253 3587 2511 3641 continuo
2569 3586 2848 3654 privantnr
2889 3603 2903 3640 :
2968 3601 3129 3639 nemo
3181 3588 3324 3640 enim
3374 3605 3588 3655 ενιιιμοιι

1993 3690 2197 3733 metere
2253 3689 2446 3747 potest,
2479 3679 2753 3748 quomodo
2784 3691 2963 3744 neque
2996 3660 3209 3744 semper
3241 3679 3582 3736 lttrriiacerc.

1989 3771 2126 3825 Cum
2194 3771 2338 3824 enim
2405 3770 2579 3822 nolint
2647 3771 2974 3838 expendere.
3038 3785 3211 3838 neque
3267 3771 3588 3826 lucrifacere

1990 3863 2190 3916 sciunt.
2219 3840 2322 3914 Sed
2352 3860 2567 3930 quando
2601 3875 2822 3914 nxmein
2849 3859 3053 3914 ducere
3083 3870 3356 3926 Oportrat,
3397 3878 3588 3917 rursus

1991 3957 2133 4009 idem
2175 3954 2425 4009 subeunt.
2447 3953 2703 4005 Vrlcnim
2733 3951 2944 4018 decepti
2983 3962 3128 4012 sunt.
3156 3968 3450 4022 pauperem
3487 3971 3586 4020 pro

1990 4049 2158 4104 divite
2194 4047 2546 4115 accipientes,
2585 4045 2664 4098 vel
2697 4051 2752 4096 et
2785 4044 3002 4096 divitias
3036 4044 3354 4100 induccntcs
3387 4058 3444 4100 et
3491 4048 3586 4101 de-

1989 4157 2106 4196 cem
2135 4140 2371 4192 millibus
2407 4140 2634 4193 rcl‘ertas
2678 4139 2843 4204 vitiis,
2879 4139 3136 4206 majorem
3175 4157 3364 4198 rursus
3405 4143 3586 4212 prrni"

1989 4235 2128 4286 ciem
2189 4231 2430 4286 subiere.
2484 4229 2600 4285 Non
2662 4231 2806 4284 enim
2859 4231 3208 4292 abundantia.
3258 4233 3351 4286 sed
3411 4234 3584 4286 virtus

1967 4325 2204 4378 \divitias
2225 4335 2504 4394 operatur.
2533 4323 2672 4388 Quid
2711 4323 2854 4376 enim
2879 4333 3103 4392 prosunt
3124 4324 3330 4378 divitiae
3351 4327 3574 4394 quando

1989 4417 2212 4486 prodiga
2234 4424 2394 4469 estet
2430 4429 2654 4479 vesana,
2683 4425 2738 4469 ct
2757 4416 2940 4469 omnia
2973 4427 3135 4470 vento
3168 4416 3408 4472 velocius
3443 4417 3576 4472 clie-

301 4489 336 4547 ἠ
363 4489 532 4559 ἀρετή
561 4491 654 4544 τὸν
688 4495 918 4548 πλοῦτον
961 4497 1280 4564 ἐργάζεται.
1325 4502 1392 4553 Τί
1423 4505 1534 4574 γὰρ
1561 4503 1758 4572 ὄφελος
1785 4507 1880 4561 τοῦ

1996 4516 2119 4559 rat:
2156 4506 2284 4575 quid
2332 4521 2461 4574 ergo
2510 4509 2554 4560 si
2595 4506 2882 4560 libidinosa
2941 4517 2996 4560 et
3057 4507 3384 4561 innumeros
3431 4525 3582 4560 :ttttn—

303 4579 565 4648 πλούτου,
611 4585 738 4637 ὅταν
766 4586 1056 4658 δαπανηρά
1175 4592 1272 4644 καὶ
1301 4592 1530 4657 ἄσωτος,
1579 4599 1674 4648 καὶ
1705 4600 1884 4652 πάντα

303 4673 508 4742 ἀνέμου
540 4678 904 4750 σφοδρότερον
928 4683 1136 4754 ἐκφορῇ
1168 4700 1180 4714 ·
1211 4685 1266 4738 τί
1295 4685 1374 4750 δέ,
1404 4689 1470 4740 ἂν
1497 4689 1754 4760 ἀσελγὴς,
1787 4693 1884 4746 καὶ

301 4768 533 4834 μυρίους
563 4772 804 4838 ἐραστὰς
835 4775 1134 4842 ἐφέλκηται
1161 4794 1176 4842 ;
1210 4779 1264 4829 τί
1295 4779 1372 4842 δὲ,
1407 4783 1474 4834 ἂν
1508 4783 1786 4850 μέθυσος;
1819 4786 1878 4838 οὐ

301 4861 524 4912 πάντων
581 4863 910 4935 πενέστερον
954 4869 1164 4934 ταχέως
1194 4869 1288 4922 τὸν
1330 4872 1502 4942 ἄνδρα
1545 4876 1876 4945 ἐργάσεταις

299 4953 378 5004 (λὺ
413 4955 652 5023 γαμοῦσι
685 4958 740 5010 δέ
774 4959 956 5027 μόνον,
987 4961 1122 5012 ἀλλὰ
1145 4964 1239 5014 καὶ
1266 4963 1532 5018 ὠνοῦνται
1560 4970 1880 5036 ἐπισφαλῶς

299 5045 411 5097 ὑπὸ
445 5047 541 5111 τῆς
573 5049 874 5118 ἐπιθυμίας
901 5054 1001 5119 τῆς
1035 5055 1263 5122 πολλῆς,
1292 5057 1354 5108 οὐ
1383 5059 1453 5109 τὰ
1479 5061 1742 5112 σπουδαῖα
1770 5062 1879 5114 τῶν

298 5142 675 5208 ἀνδραπόδων,
704 5146 836 5197 ἀλλὰ
866 5146 935 5198 τὰ
966 5146 1145 5200 εῡωνα
1168 5153 1688 5220 περιεργαζόμενοι.
1712 5153 1880 5205 Ταῦτ’

297 5228 396 5282 οὖν
430 5231 648 5285 ἅπαντα
678 5235 1142 5306 ἀναλογισάμενοι
1169 5241 1218 5290 οί
1249 5238 1601 5310 φιλάργυροι,
1631 5241 1740 5295 τῶν
1769 5247 1878 5312 γὰρ

299 5323 434 5392 περὶ
475 5325 576 5395 τῆς
605 5328 832 5396 γεέννης
872 5331 968 5382 καὶ
999 5334 1100 5400 τῆς
1131 5331 1412 5401 βασιλείας
1461 5335 1636 5399 λόγων
1666 5337 1880 5388 οὐδέπω

298 5415 532 5488 ἀκούειν,
562 5419 842 5484 δύνανται,
875 5424 968 5475 καὶ
1016 5424 1116 5486 τὰς
1147 5424 1354 5494 ζημίας
1401 5429 1775 5496 ἐννοήσαντες,
1813 5429 1878 5490 ἃς

300 5510 610 5578 ὑπέμειναν
643 5514 906 5578 πολλάκις
938 5516 1046 5568 ἀπὸ
1086 5518 1186 5585 τῆς
1218 5518 1660 5587 φιλοχρηματίας
1694 5522 1790 5574 καὶ
1819 5525 1876 5573 ἐν

299 5601 626 5672 ὅανείσμασι
660 5607 754 5658 καὶ
782 5607 841 5658 ἐν
875 5607 1060 5670 ὠνίοις
1093 5611 1188 5662 καὶ¹
1217 5610 1275 5660 ἐν
1306 5609 1508 5680 γάμοις
1537 5612 1628 5663 καὶ
1657 5613 1712 5664 ἐν
1741 5629 1876 5682 προ-

303 5693 556 5756 ausint;
586 5698 678 5746 καὶ
703 5696 886 5758 ἐντοῖς
905 5695 1085 5760 ἄλλοις
1112 5697 1337 5762 ἅπασιν,
1360 5699 1465 5750 ἀπο
1479 5699 1751 5766 ττήτω;αν
1778 5701 1870 5752 τοῦ

1996 4600 2108 4652 sios
2177 4597 2464 4652 attrahat?
2513 4598 2653 4663 Quid
2716 4611 2902 4651 autem
2962 4598 3005 4650 si
3045 4599 3353 4652 vinolenta‘!
3401 4615 3582 4653 nonne

1993 4690 2234 4745 omnium
2265 4691 2636 4759 pauperiorem
2671 4689 2818 4742 brevi
2849 4690 3038 4742 reddet
3067 4691 3242 4742 virum
3267 4689 3289 4742 ?
3313 4705 3418 4742 non
3447 4707 3581 4743 uxo-

1995 4799 2106 4838 rem
2139 4793 2346 4836 tantum
2394 4783 2620 4845 ducunt,
2647 4782 2738 4836 sed
2766 4791 3026 4835 etelnnnt
3056 4779 3580 4849 pcriculosecnpidi-

1991 4876 2116 4928 tatis
2183 4889 2384 4941 causa;
2421 4888 2528 4926 non
2601 4889 2882 4928 servorum
2949 4873 3220 4927 studiosas
3259 4888 3419 4926 curas
3483 4879 3580 4930 sed

1989 4985 2107 5038 qua:
2156 4967 2304 5036 parvi
2343 4976 2596 5020 constent
2643 4969 2958 5032 exquirunt.
3012 4964 3138 5019 ΙΙωο
3195 4965 3358 5034 igitur
3397 4971 3577 5024 Omnia

1984 5059 2368 5111 ratiocinantes
2401 5059 2572 5114 avari.
2593 5058 2657 5108 de
2684 5057 2766 5110 his
2799 5058 2940 5110 enim
2969 5073 3089 5126 quae
3107 5057 3170 5110 ad
3192 5059 3494 5129 gehennam
3522 5073 3578 5117 et

1987 5169 2208 5218 regnum
2261 5159 2516 5219 sin-ctam
2565 5151 2752 5204 audire
2807 5153 3045 5205 nondum
3096 5168 3366 5222 possunt,
3409 5170 3462 5210 et
3505 5161 3572 5210 de

1985 5246 2200 5298 damnis
2244 5245 2570 5297 meditantes
2605 5259 2724 5309 qtne
2769 5243 3054 5298 subiciunt
3089 5262 3230 5314 saepe
3261 5250 3574 5316 cupiditatis

1987 5351 2150 5389 causa
2173 5378 2184 5396 ,
2226 5347 2277 5388 et
2307 5335 2506 5388 lllllltliS
2532 5334 2692 5394 datis.
2725 5343 2776 5387 ct
2816 5337 3181 5403 cntptiOnibus
3209 5351 3260 5390 et
3291 5341 3574 5394 tmatrimo-

1989 5430 2091 5482 niis
2145 5440 2198 5480 ιιι
2239 5429 2549 5480 muneribus
2595 5439 2648 5480 ct
2706 5429 2759 5481 in
2815 5431 3026 5483 (ιιιιιυτὶε
3089 5433 3363 5495 omnilms,
3395 5435 3572 5486 disce-

1983 5521 2114 5573 dunt
2179 5522 2244 5572 ab
2292 5537 2477 5574 amore
2531 5521 2818 5573 honorum.
2878 5521 2966 5574 Sic
3021 5524 3164 5577 enim
3204 5536 3456 5594 pottrnnt
3513 5531 3570 5578 et

1985 5621 2308 5678 pra-sentem
2357 5613 2521 5665 vitam
2582 5611 2633 5664 in
2671 5627 2805 5679 pace
2849 5627 3030 5681 agerc,
3060 5623 3113 5668 et
3145 5614 3290 5680 parvi
3333 5615 3568 5692 penden-

1985 5717 2062 5757 tes
2113 5703 2274 5758 etiam
2308 5703 2372 5759 de
2413 5703 2751 5774 philosolthia
2775 5705 2964 5761 audire
2997 5704 3180 5770 verba,
3213 5713 3267 5760 ct
3291 5704 3564 5772 aspicien-
