4050 6210
383 305 472 372 321

1749 325 1898 385 ETlI
1913 327 2078 388 lCONY
2121 331 2224 393 Vl.

3523 347 3628 410 9:2

383 441 478 475 νυν
514 421 764 490 γένηται,
807 423 836 476 ὃ
879 426 953 496 μὴ
986 425 1219 494 γένοιτο,
1257 429 1390 498 μηδὲ
1418 433 1662 502 συμϐαίη
1691 435 1824 488 ποτὲ
1855 453 1940 503 γε-

2056 441 2380 507 persecutio,
2414 452 2644 508 quantus
2683 446 2786 500 erit
2833 447 2976 504 risus
3011 451 3333 517 videbimus,
3365 469 3623 525 quantum

383 517 564 568 θέσθαι
585 517 822 581 πόλεμος
849 519 1160 588 ἐκκλησιῶν
1179 523 1276 573 καὶ
1307 521 1572 590 διωγμὸς,
1597 525 1946 594 ἐννοήσωμεν

381 609 543 670 π5σος
580 609 730 660 ἔσται
759 610 786 660 ό
815 609 1008 676 γέλως,
1038 613 1180 664 πόσα
1209 614 1278 666 τά
1319 613 1493 684 ὀνείδη
1519 631 1532 644 ·
1567 617 1661 668 καὶ
1695 617 1837 686 μάλα
1871 619 1948 670 εί-

379 699 568 761 κότως.
605 699 774 752 Ὅταν
807 704 916 770 γὰρ
943 703 1002 754 ὲν
1035 707 1100 772 τῇ
1139 705 1454 776 παλαίστρᾳ
1506 709 1696 776 μηδεὶς
1737 714 1948 779 γυμνὰ-

378 789 564 858 ζηται,
603 791 720 852 πῶς
764 793 822 843 ἐν
853 795 963 855 τοῖς
995 795 1204 862 ἀγῶσιν
1251 797 1401 850 ἔσται
1439 798 1732 869 λαμπρό;;
1793 803 1945 864 ποῖος

377 881 484 950 γὰρ
519 881 759 953 ἀθλητὴς
799 884 1164 956 παιδοτριϐεῖν
1193 887 1270 955 (Ι)
1305 889 1405 942 οὐκ
1440 889 1620 953 εἰδὼς,
1649 893 1943 962 δυνήσεται

375 971 686 1026 καλούντων
712 975 822 1025 τῶν
875 974 1235 1044 ὁλυμπιακῶν
1283 981 1533 1046 ἀγώνων,
1576 984 1718 1052 μέγα
1755 1001 1806 1037 τι
1849 989 1944 1038 καὶ

374 1065 624 1128 γενναῖον
665 1065 1040 1128 ἐπιδείξασθαι
1089 1070 1226 1138 πρὸς
1259 1072 1350 1122 τὸν
1381 1074 1830 1146 ἀνταγωνιστήνς
1869 1079 1944 1131 Οὐ

375 1152 484 1219 γάρ
511 1151 680 1220 ἐχρῆν
721 1153 844 1205 καθ’
871 1154 1111 1224 ἑκάστην
1139 1159 1354 1228 ἡμέραν
1387 1162 1639 1215 παλαίειν
1675 1166 1820 1234 ἡμᾶς
1851 1169 1944 1218 καὶ

378 1242 674 1295 πυκτεύειν
699 1245 792 1296 καὶ
825 1247 1078 1315 τρέχειν;
1123 1250 1226 1302 οὐκ
1255 1251 1528 1320 ἀκούομεν
1555 1257 1681 1317 τοὺς
1713 1257 1942 1326 λεγομέο

375 1351 501 1394 νους
543 1335 900 1402 πεντάθλους,
953 1340 1172 1394 ἐπειδὰν
1205 1343 1412 1412 μηδένα
1451 1347 1617 1416 ἔχωσι
1643 1349 1732 1402 τὸν
1783 1351 1944 1405 ἀντα-

375 1427 668 1496 γωνιστὴν,
701 1429 816 1491 πῶς
871 1429 1103 1486 θύλακον
1133 1432 1322 1501 ἄμμου
1381 1438 1767 1506 πληρώσαντες
1814 1442 1945 1493 πολι-

376 1515 496 1584 λῆς,
531 1520 624 1570 καὶ
655 1523 1058 1588 κρεμάσαντες,
1091 1527 1210 1576 ἐκεῖ
1243 1529 1344 1594 τὴν
1381 1529 1535 1596 ίσχὺν
1569 1532 1943 1600 γυμνάζουσιν

377 1607 632 1676 ἃπασαν;
665 1614 712 1664 oi
741 1611 798 1664 δὲ
823 1615 1028 1667 τούτων
1055 1617 1314 1684 νεώτεροι
1343 1622 1402 1673 ὲν
1427 1624 1546 1687 τοῖς
1571 1624 1680 1678 τῶν
1709 1625 1943 1694 ἑταίρων

375 1718 592 1787 σώμασι
628 1723 893 1789 μελετῶσι
928 1727 1023 1786 τὴν
1055 1729 1194 1797 πρὶς
1237 1731 1364 1794 τοὺς
1404 1733 1630 1802 ἐχθροὺς
1664 1736 1866 1806 μάχην.

445 1817 516 1878 γ’.
545 1813 786 1876 Τούτους
815 1813 911 1869 οὖν
945 1819 1042 1871 καὶ
1095 1822 1262 1890 ἡμεῖς
1293 1823 1651 1895 ζηλὼσωμεν,
1699 1831 1796 1882 καὶ
1846 1847 1942 1900 με-
1977 1821 2016 1877 Β

370 1903 690 1974 λετήσωμεν
711 1910 810 1977 τῆς
846 1909 1169 1977 φιλοσοφίας
1202 1915 1270 1966 τά
1313 1916 1666 1986 παλαίσματα
1693 1935 1706 1949 '
1738 1926 1833 1973 καὶ
1860 1925 1938 1985 είς

373 1994 548 2062 θυμὸν
598 1997 784 2050 πολλοὶ
815 2001 1202 2070 παροξύνουσι,
1253 2006 1348 2056 καὶ
1383 2008 1584 2078 πολλὴν
1632 2012 1936 2065 ἀνάπτουσι

371 2088 584 2156 φλόγα·
622 2091 841 2159 στῶμεν
893 2093 1074 2146 τοίνυν
1107 2097 1246 2148 κατά
1274 2099 1384 2149 τῶν
1433 2101 1638 2162 παθῶν,
1685 2103 1939 2173 φέρωμεν

368 2181 634 2245 γενναίως
666 2185 765 2244 τὰς
791 2184 932 2235 κατά
963 2185 1201 2238 διάνοιαν
1223 2187 1436 2252 ὀδύνας,
1471 2190 1558 2244 ἵνα
1587 2193 1802 2255 καὶτὰς
1833 2196 1928 2248 τοῦ

372 2271 626 2341 σώματος
678 2273 1163 2343 ὲνέγκωμεν.-Καὶ
1209 2279 1318 2348 γάρ
1345 2283 1374 2331 ὁ
1419 2284 1692 2351 μακάριος
1733 2284 1856 2337 Ἰὼϐ
1889 2288 1936 2338 εἰ

373 2364 452 2432 μὴ
517 2365 700 2427 καλῶς
744 2361 814 2436 ἦν
875 2369 1298 2436 γυμνασάμενος
1363 2373 1468 2439 πρὸ
1513 2375 1624 2426 τῶν
1685 2378 1934 2444 ἀγώνων,

367 2459 470 2510 οὐκ
509 2457 574 2510 ἂν
605 2456 748 2510 οὕτω
803 2457 1076 2526 λαμπρῶς
1106 2461 1199 2512 ἐπὶ
1230 2463 1338 2516 τῶν
1388 2463 1612 2531 ἀγώνων
1653 2466 1894 2538 ἔλαμψεν
1918 2483 1934 2498 ⁸

367 2551 420 2603 εί
483 2553 558 2620 μὴ
617 2552 986 2621 μεμελετήκει
1037 2553 1220 2624 πάσης
1263 2556 1506 2624 ἀθυμίας
1563 2557 1720 2622 ἐκτὸς
1773 2556 1933 2629 εἶναι,

367 2639 522 2694 ετπεν
561 2645 626 2696 ἄν
669 2661 724 2696 τι
775 2644 1076 2714 τολμηρὸν,
1111 2647 1222 2699 τῶν
1267 2648 1473 2700 παίδων
1517 2649 1933 2703 ἀποθανόντων·

365 2739 486 2790 νυνὶ
537 2737 592 2790 δὲ
627 2739 764 2808 πρὸς
811 2741 992 2792 πάντα
1042 2740 1172 2808 ἔστη
1223 2740 1293 2792 τά
1340 2741 1736 2810 παλαίσματα·
1797 2744 1936 2810 πρὸς

367 2830 672 2898 χρημάτων
704 2830 982 2884 ἀπώλειαν
1011 2835 1108 2886 καὶ
1141 2833 1464 2903 περιουσίας
1493 2834 1760 2904 τοσαύτης
1792 2837 1934 2903 ἀφα-

366 2927 584 2990 ν.σμδν,
619 2925 756 2994 πρὸς
785 2927 992 2980 παίδων
1019 2925 1316 2995 ἀποϐολὴν,
1343 2927 1478 2996 πρὸς
1500 2927 1758 2995 γυναικὸς
1791 2945 1936 2998 συμ-

367 3015 632 3078 πάθειαν,
696 3017 834 3085 πρὸς
895 3016 1148 3081 σώματος
1209 3019 1504 3086 μάστιγας,
1573 3025 1712 3089 πρὸς
1764 3022 1935 3089 φίλων

365 3109 566 3176 ὀνείδη,
600 3109 738 3177 πρὸς
785 3109 1056 3178 λοιδορίας
1103 3111 1354 3164 οἰκετῶν.
1389 3111 1450 3162 El
1479 3111 1536 3164 δὲ
1581 3111 1836 3182 διέρρηξε
1865 3117 1932 3166 τὰ

368 3173 582 3266 Ιμάτια,
615 3173 709 3251 καὶ
739 3200 838 3267 τὴν
873 3173 1050 3268 κόμην
1084 3201 1444 3271 ἀπεκείρατο,
1477 3205 1574 3274 τὴν
1747 3173 1932 3274 φίλτά-
1958 3173 2000 3234 C

365 3310 476 3345 των
527 3293 770 3355 ἀκούσας
809 3293 1106 3354 ἀπώλειαν,
1157 3293 1233 3363 μὴ
1287 3294 1706 3366 θαυμάσωμεν·
1753 3301 1936 3368 πατὴρ

365 3387 480 3455 γὰρ
507 3381 596 3456 ἦν,
643 3387 736 3437 καὶ
773 3385 956 3454 πατὴρ
989 3386 1364 3455 φιλόστοργος,
1396 3392 1490 3442 καὶ
1521 3390 1630 3443 ἔδει
1655 3390 1936 3461 δειχθῆναι

367 3485 460 3532 καὶ
491 3480 590 3547 τήν
620 3479 720 3548 τῆς
749 3477 962 3547 φύσεως
999 3481 1368 3550 συμπάθειαν,
1410 3483 1502 3536 καὶ
1535 3483 1633 3551 τὴν
1667 3483 1767 3553 τῆς
1795 3483 1935 3550 γνὼ-

372 3586 485 3638 μης
515 3569 858 3638 φιλοσοφίαν.
891 3569 954 3623 Εί
985 3572 1094 3640 γὰρ
1127 3572 1260 3640 μηδὲ
1297 3573 1461 3626 τοῦτο
1495 3574 1772 3642 ἐποίησεν,
1807 3575 1936 3637 ίσως

363 3661 432 3713 ἀν
479 3677 562 3720 τις
617 3662 712 3713 καὶ⁸
766 3660 1126 3731 ἀναισθησίας
1182 3664 1402 3732 ἐνόμισε
1460 3665 1558 3735 τὴν
1615 3666 1934 3733 φιλοσοφίαν

363 3751 592 3820 ταύτην.

435 3859 499 3915 δ’.
529 3861 591 3913 El
623 3861 678 3915 δὲ
709 3861 938 3932 θέλομεν
971 3863 1066 3916 καὶ
1111 3864 1180 3918 τὰ
1213 3865 1310 3918 τοῦ
1357 3865 1475 3918 Ἰὼϐ
1524 3865 1801 3937 θεωρῆσαι
1835 3885 1936 3932 γυ-

367 3952 594 4020 μνάσια,
619 3953 946 4023 ἀκούσωμεν
968 3956 1135 4008 αὐτοῦ
1167 3956 1444 4024 λέγοντος,
1469 3959 1586 4022 πῶς
1607 3962 1936 4029 κατεφρόνει

363 4045 689 4114 χρημάτων,
715 4045 887 4100 οὕτω·
915 4047 976 4100 ΕΞ
1003 4047 1058 4100 δὲ
1089 4051 1179 4102 καὶ
1201 4050 1516 4122 εὐφράνθην
1541 4052 1739 4105 πολλοῦ
1767 4053 1933 4106 πλού-

361 4153 458 4186 του
497 4154 586 4204 μοι
636 4139 932 4206 γενομένου
955 4155 970 4170 ·
1006 4140 1056 4192 εί
1105 4141 1272 4206 ἔταξα
1304 4144 1528 4212 χρυσίον
1558 4147 1638 4208 εἰς
1686 4147 1817 4216 χοῦν
1839 4164 1852 4178 ·
1885 4151 1946 4202 εἱι

364 4229 502 4296 λίθῳ
527 4229 810 4284 πολυτελεῖ
835 4235 1150 4288 ἐπεποίθειν
1171 4252 1184 4266 ·
1219 4236 1310 4290 διὰ
1336 4239 1496 4290 τοῦτο
1517 4239 1636 4292 οὐδὲ
1657 4241 1935 4308 ἁρπαγέν-

363 4341 474 4376 των
510 4326 690 4378 αὐτῶν
719 4326 1052 4396 ὲθορυόεῖτο,
1079 4333 1268 4402 ἐπειδὴ
1312 4335 1408 4387 καὶ
1439 4337 1722 4406 παρόντων
1753 4340 1935 4392 αὐτῶν

363 4413 466 4464 οὐκ
499 4414 861 4483 εὐφραίνετο·
911 4419 1236 4490 ἀκούσωμεν
1271 4423 1388 4486 πῶς
1423 4426 1518 4478 καὶ
1547 4427 1614 4478 τὰ
1640 4430 1779 4480 κατὰ
1807 4431 1934 4491 τοὺς

2017 4253 2352 4306 ·ροιι1ἰι1θι·ῐιιι
2391 4270 2406 4306 :

2053 533 2368 598 ludibrium,
2417 547 2470 589 et
2505 539 2660 592 valde
2708 543 3096 599 verisimiliter.
3143 543 3373 611 Quando
3395 550 3538 602 enim
3571 553 3623 606 in

2049 625 2343 678 luctatione
2387 643 2547 682 nemo
2591 645 2710 685 sese
2750 645 3002 699 exercet,
3049 639 3320 704 quomodo
3360 639 3412 692 in
3447 649 3626 694 certa-

2049 716 2194 769 mine
2225 718 2314 770 liet
2347 718 2617 776 illustris?
2661 723 2848 788 Qualis
2885 727 3026 780 enim
3072 728 3273 782 athleta
3303 732 3623 786 exercitium

2051 809 2291 862 nesciens
2319 813 2536 876 poterit,
2583 819 2902 872 vocantibus
2951 821 3266 890 olympiacis
3312 824 3473 888 ludis,
3509 841 3626 878 ma-

2048 915 2208 964 gnum
2241 903 2368 971 quid
2395 913 2448 958 et
2473 920 2792 974 generosum
2829 911 3086 966 exhibere
3117 915 3373 968 adversus
3403 925 3623 980 antago-

2048 992 2286 1045 nistam?
2331 995 2520 1053 Non.
2564 1001 2804 1066 eportnit
2857 1019 2953 1056 nos
3032 1007 3274 1073 quotidie
3331 1007 3518 1061 luctari
3570 1018 3625 1062 et

2047 1095 2286 1148 pugnare
2337 1094 2394 1138 et
2448 1090 2712 1142 currere?
2763 1089 2953 1146 Nonne
2997 1095 3247 1149 audimus
3300 1100 3621 1164 pentalhlos,

2047 1187 2166 1226 eum
2217 1177 2484 1232 nemiuem
2534 1180 2906 1238 adversarium
2956 1185 3206 1248 habeant.
3255 1192 3524 1255 quomodo
3570 1192 3622 1244 in

2049 1279 2266 1319 sarcntu
2303 1282 2466 1322 arena
2501 1271 2770 1338 repletum
2821 1278 3006 1334 multa.
3033 1286 3090 1330 et
3131 1293 3479 1346 suspensum,
3513 1283 3618 1334 vim

2049 1364 2213 1407 lol'tttt
2293 1364 2626 1416 exerceant?
2679 1364 2744 1418 lli
2800 1381 2927 1420 vero
2975 1371 3306 1425 recentiores
3349 1372 3620 1426 sociorum

2047 1447 2364 1512 corporibus
2397 1450 2450 1504 in
2475 1453 2658 1508 hostes
2679 1465 2953 1510 certamen
2991 1455 3340 1514 meditantur.

2115 1857 2168 1912 3.
2214 1859 2322 1914 los
2381 1877 2510 1933 ergo
2557 1873 2610 1917 et
2669 1879 2767 1919 nos
2827 1866 3118 1933 imitemur,
3165 1877 3218 1922 et
3267 1869 3620 1940 philosophiae

2041 1964 2244 2018 pugnas
2283 1955 2604 2008 meditemur
2640 1975 2652 2008 :
2689 1965 2742 2011 et
2771 1959 2836 2011 ad
2875 1959 3116 2013 animum
3170 1963 3320 2016 mttlti
3365 1963 3616 2034 incitant,

2039 2051 2092 2093 et
2125 2043 2345 2096 multam
2396 2049 2701 2102 accendunt
2743 2049 3056 2107 ﬂammam:
3097 2055 3410 2109 resistemus
3453 2057 3618 2126 igitur

2038 2135 2452 2200 cupiditatibus,
2490 2155 2748 2207 generose
2787 2141 2998 2196 dolores
3051 2145 3214 2198 menti
3263 2147 3616 2202 adversantes

2040 2221 2298 2286 feramus,
2337 2235 2396 2278 nt
2425 2236 2473 2280 et
2511 2229 2763 2297 corporis
2795 2230 3008 2285 dolores
3055 2234 3367 2288 toleremus.
3405 2235 3612 2289 Etenim

2037 2310 2230 2368 beatus
2263 2314 2362 2368 Job
2387 2317 2432 2370 si
2473 2333 2575 2370 non
2635 2318 2821 2372 fouet
2876 2319 3010 2374 bene
3061 2323 3334 2378 exercitus
3359 2337 3486 2379 ante
3521 2343 3618 2394 pu-

2037 2423 2195 2475 gnas.
2229 2422 2332 2460 non
2375 2409 2442 2460 ita
2480 2410 2622 2462 clare
2673 2412 2724 2463 in
2751 2413 2942 2481 pugnis
2991 2412 3314 2469 refulsisset.
3349 2415 3460 2470 Nisi
3503 2428 3614 2468 slu-

2036 2499 2241 2551 duisset
2291 2507 2505 2552 omnem
2563 2501 2826 2568 ignaviam
2885 2501 3028 2556 foras
3077 2505 3310 2566 mittere,
3354 2508 3615 2574 uumqni-l

2037 2587 2210 2641 audax
2244 2592 2736 2668 verbum’dixisset,
2759 2595 2942 2661 ptteris
2968 2595 3235 2650 mortuis?
3261 2595 3408 2651 Nunc
3437 2609 3613 2651 autem

2035 2692 2224 2733 contra
2244 2682 2423 2735 omnia
2441 2683 2588 2736 stetit
2611 2685 2938 2748 certamina;
2961 2685 3222 2739 adversus
3243 2688 3509 2742 bonorum
3533 2692 3616 2745 de.

2035 2774 2384 2827 structiouetn
2417 2783 2469 2827 et
2499 2773 2772 2829 facultatis
2805 2785 2968 2830 tantae
3001 2776 3614 2847 ruinam,etpuerornm

2037 2864 2404 2928 amissionem,
2433 2873 2485 2917 et
2511 2865 2696 2918 uxoris
2721 2864 3001 2930 affectum,
3023 2876 3076 2920 et
3110 2869 3353 2934 corporis
3387 2869 3613 2934 ﬂagella,

2035 2967 2089 3010 et
2114 2957 2413 3008 amicorum
2446 2957 2795 3025 ituproperla.
2825 2969 2880 3009 et
2913 2958 3328 3010 domesticorum
3359 2958 3612 3011 ludibria;

2039 3045 2094 3099 Si
2134 3061 2260 3101 vero
2293 3058 2468 3100 vestes
2497 3047 2656 3102 scidit
2679 3085 2694 3106 .
2737 3057 2791 3102 et
2823 3048 3006 3102 crines
3041 3047 3256 3112 avulsit,
3300 3047 3615 3100 carissimo--

2039 3154 2154 3189 rum
2215 3139 2520 3202 perditione
2576 3139 2780 3202 audita,
2829 3154 2896 3193 ne
2935 3141 3240 3193 miremur:
3285 3147 3436 3206 pater
3472 3141 3613 3190 enin

2043 3240 2178 3289 erat,
2208 3239 2262 3281 et
2317 3239 2466 3296 pater
2513 3245 2739 3290 amans,
2773 3241 3086 3299 naturaeque
3140 3229 3358 3284 allectus
3405 3224 3612 3284 Ostendi

2043 3339 2176 3390 npus
2211 3331 2349 3383 erat,
2372 3322 2682 3391 pariterque
2720 3331 2914 3375 ntentts
2939 3323 3352 3392 pltilosnphiattt.
3389 3323 3445 3376 Si
3469 3323 3610 3374 enim

2043 3417 2155 3471 hare
2190 3433 2293 3470 non
2333 3415 2572 3480 fecisset,
2623 3416 2804 3470 forsan
2857 3416 3014 3469 istam
3070 3417 3463 3485 philosophiam
3499 3417 3616 3471 sine

2039 3525 2197 3564 sensu
2234 3519 2469 3578 putares.

2111 3886 2167 3942 4.
2194 3885 2254 3938 Si
2281 3900 2408 3938 vero
2439 3883 2555 3938 Johi
2589 3886 2845 3940 exercitia
2887 3893 3133 3954 spectare
3163 3882 3405 3943 velimus,
3437 3881 3608 3951 ipsum

2037 3979 2316 4030 audiamus
2335 3978 2628 4039 dicentem,
2647 3976 2913 4046 quomodo
2929 3977 3306 4030 contemnebat
3325 3975 3460 4027 bona
3485 3975 3608 4045 ista:

2039 4068 2092 4122 Si
2121 4079 2296 4120 atttetn
2327 4069 2508 4120 multis
2545 4069 2670 4120 mihi
2709 4067 2910 4120 divitiis
2950 4067 3104 4120 factis
3137 4066 3352 4134 gavisus
3381 4066 3480 4119 sint
3515 4080 3529 4116 :
3565 4069 3606 4116 si

2037 4177 2225 4212 aurum
2263 4160 2314 4212 in
2349 4161 2622 4214 cumulum
2657 4161 3008 4226 disposuerint
3045 4175 3059 4212 :
3093 4159 3136 4212 si
3183 4157 3341 4225 lapidi
3375 4157 3611 4224 pretioso

2453 4251 2654 4304 idcirco
2690 4264 2864 4318 neque
2921 4250 3086 4314 raptis
3115 4249 3233 4302 istis
3265 4248 3612 4310 turbabatur,

2037 4345 2126 4412 qui
2163 4343 2516 4412 praesentibus
2544 4343 2625 4396 bis
2678 4359 2780 4394 non
2842 4341 3124 4410 gaudebat.
3154 4339 3450 4392 Audiamus
3479 4353 3615 4402 quo-

2040 4435 2198 4486 modo
2222 4443 2274 4484 et
2307 4449 2368 4486 ea
2403 4449 2516 4495 ιιιιεῐ·
2540 4437 2604 4484 ad
2635 4447 2828 4500 pueros
2866 4431 3204 4496 spectabant,
3225 4430 3606 4486 insectaretur,

366 4505 562 4566 παῖδας
625 4505 852 4576 διῴκει,
910 4512 969 4564 οὐ
1027 4513 1613 4587 καταμαλακιζόμενος
1673 4523 1821 4589 παρὰ
1889 4540 1917 4572 τ

2042 4541 2144 4576 non
2171 4525 2342 4575 mollis
2381 4523 2552 4576 laetus
2578 4539 2702 4592 erga
2734 4521 2988 4578 tllllCllllll.
3023 4529 3080 4573 ut
3101 4535 3218 4581 nos,
3261 4519 3352 4572 sed
3380 4533 3592 4571 omnem

365 4595 508 4656 δέον,
545 4599 796 4670 καθάπερ
843 4604 1040 4671 ἡμεῖς,
1075 4605 1209 4658 ἀλλὰ
1255 4611 1438 4662 πᾶσαν
1484 4611 1774 4679 ἀκρίϐειαν
1819 4630 1934 4684 παρ

366 4687 550 4739 αὐτῶν
606 4691 882 4745 ἀπαιτῶν·
922 4696 950 4748 ό
981 4697 1090 4766 γὰρ
1143 4701 1236 4752 καὶ
1295 4701 1436 4769 ὑπὲρ
1488 4704 1702 4770 ἀδήλων
1745 4705 1938 4758 θυσίαν

365 4779 678 4848 ἀναφέρων,
713 4786 1058 4854 ἐννοήσωμεν
1087 4790 1205 4852 πῶς
1237 4787 1302 4858 ἦν
1333 4793 1572 4862 ἀκριϐὴς
1620 4795 1726 4844 τῶν
1757 4814 1942 4862 φαινο-

369 4874 550 4940 μένων
577 4875 864 4946 δικαστής.
903 4879 964 4932 Ei
1009 4881 1066 4932 δὲ
1101 4885 1194 4934 καὶ
1231 4885 1360 4947 τοὺς
1405 4887 1536 4954 περὶ
1579 4887 1936 4956 σωφροσύνης

366 4964 584 5029 ἀγῶνας
617 4967 811 5034 μαθεῖν
843 4970 1172 5040 βουλόμεθα,
1205 4975 1374 5028 αὐτοῦ
1412 4976 1657 5044 λέγοντος
1687 4979 1936 5030 ἀκούσω-

370 5071 471 5122 μεν
495 5069 508 5084 ⁶
528 5057 805 5129 Διαθήκην
831 5061 1092 5131 διεθέμην
1117 5069 1231 5127 τοῖς
1253 5067 1552 5135 ὀφθαλμοῖς
1583 5087 1704 5135 μου,
1741 5069 1834 5121 τοῦ
1863 5069 1938 5138 μὴ

317 5181 320 5184 λ
368 5147 708 5216 κατανοῆσαι
742 5154 822 5214 είς
869 5154 1139 5222 παρθένον
1165 5171 1179 5186 ·
1220 5157 1310 5208 διὰ
1337 5157 1496 5209 τοῦτο
1542 5159 1704 5210 αὑτὸν
1736 5159 1795 5209 οὐ
1837 5174 1940 5208 κα-

367 5237 634 5291 τέκλασεν
677 5243 708 5310 ἡ
756 5245 914 5313 γυνή.
959 5246 1168 5314 Ἐφίλει
1214 5248 1312 5316 μὲν
1341 5251 1448 5317 γάρ
1500 5249 1670 5317 αὐτὴν
1713 5249 1807 5300 καὶ
1839 5249 1942 5317 πρὸ

371 5323 586 5394 τούτου,
617 5330 731 5383 ἀλλ’
763 5333 862 5404 οὐχ
893 5333 1035 5406 ὑπὲρ
1071 5339 1132 5388 τὸ
1167 5337 1387 5408 μέτρον,
1416 5337 1530 5391 ἀλλ’
1564 5338 1636 5401 ὡς
1667 5339 1811 5401 εξκδς
1847 5355 1940 5406 γυ-

445 5486 518 5562 (1)
563 5487 1014 5562 ᾼιιῑηιοιίνετιειῐιι
1045 5493 1302 5562 philologi
1335 5495 1480 5548 hunc
1512 5512 1578 5548 ue
1609 5495 1790 5546 schola
1818 5495 1939 5546 ath-

372 5555 530 5632 letitta
563 5561 762 5622 locum,
789 5577 910 5614 eum
936 5555 1216 5616 vocabulis
1245 5555 1512 5617 technicis
1542 5563 1934 5632 παιδοτριϐεῖν,

641 5631 658 5643 u

371 5625 604 5690 θύὶακος
639 5631 850 5700 ἄμμου,
878 5633 1186 5698 πένταθλοι,
1213 5634 1472 5703 aquibus
1515 5625 1933 5704 distinguuntur

2038 4617 2366 4684 diligentiam
2400 4615 2465 4666 ab
2519 4615 2597 4666 eis
2631 4615 2848 4682 exigens
2877 4627 3035 4665 :cutn
3081 4612 3225 4662 enim
3261 4626 3356 4679 pro
3385 4612 3610 4662 abst-on-

2040 4709 2167 4762 ditis
2197 4708 2401 4760 hostias
2431 4705 2709 4761 offerebat.
2730 4705 3006 4756 \‘ideatnns
3036 4719 3194 4768 quam
3243 4703 3468 4768 diligens
3498 4711 3612 4755 erat

2043 4801 2424 4866 apparentium
2467 4799 2649 4862 jndcx.
2702 4794 2756 4848 Si
2809 4810 2932 4846 vero
2984 4809 3077 4860 pro
3115 4793 3375 4861 sapientia
3411 4809 3614 4860 pugnas

2046 4892 2290 4946 ediscere
2308 4891 2553 4952 velimus,
2571 4903 2690 4940 cunt
2725 4889 3026 4953 loquentem
3052 4887 3363 4938 audiamus:
3392 4885 3612 4938 Pactum

2047 4985 2224 5054 pepigi
2317 4999 2438 5037 eum
2495 4982 2668 5035 oculis
2727 4979 2858 5032 meis
2913 4993 2978 5032 ne
3039 4977 3300 5046 virginem
3347 4980 3608 5030 videant:

2045 5079 2393 5146 quamobrem
2427 5091 2546 5130 eunt
2596 5073 2788 5127 mulier
2831 5087 2930 5126 non
2983 5071 3161 5140 fregit.
3193 5071 3612 5138 Diligebatenim
3657 5145 3676 5160 _

2047 5171 2190 5224 illam
2250 5170 2503 5227 maxime.
2559 5183 2662 5220 non
2715 5179 2895 5218 autem
2935 5178 3130 5233 prtetm'
3175 5168 3408 5226 modum,
3445 5164 3534 5214 sed
3557 5173 3613 5214 ut

2050 5263 2208 5318 decet
2237 5263 2512 5315 mulierem
2548 5276 2560 5312 :
2596 5261 2736 5314 unde
2783 5259 2912 5312 mihi
2971 5267 3024 5310 ct
3069 5255 3252 5308 mirari
3300 5257 3443 5308 subit
3475 5253 3613 5304 unde
3687 5251 3690 5254 ’

2051 5357 2251 5425 putarit
2281 5356 2526 5408 diabolus
2561 5353 2718 5422 hujus
2765 5351 3020 5405 exercitia
3053 5365 3304 5413 noscens,
3329 5349 3379 5400 in
3416 5349 3610 5399 luctatu

2045 5491 2302 5560 νεώτεροι
2369 5491 2690 5554 luctatores,
2745 5499 2804 5543 ut
2869 5487 2926 5560 fit
2985 5487 3038 5560 in
3100 5487 3334 5560 tnaxitno
3399 5495 3612 5533 IIIUSIN)

2049 5556 2297 5614 Romano
2326 5575 2391 5614 ex
2427 5561 2656 5615 thermis
2683 5557 3070 5613 Antoninianis
3112 5569 3238 5610 ante
3287 5556 3386 5609 ltus
3435 5564 3612 5606 annos

2046 5639 2226 5686 erute.
