  <div class='ocr_page' id='page_1' title='image "/cluster/home/n/w/nwhite01/storage/ocr_20150623/149/hvd.32044073498818/485.png"; bbox 0 0 4050 6210; ppageno 0'>
   <div class='ocr_carea' id='block_1_1' title="bbox 466 287 571 354">
    <p class='ocr_par' dir='ltr' id='par_1_1' title="bbox 466 287 571 354">
     <span class='ocr_line' id='line_1_1' title="bbox 466 287 571 354; baseline -0.038 -1"><span class='ocrx_word' id='word_1_1' title='bbox 466 287 571 354; x_wconf 68' lang='lat'><strong>92&#39;}</strong></span> 
     </span>
    </p>
   </div>
   <div class='ocr_carea' id='block_1_2' title="bbox 1596 279 2590 345">
    <p class='ocr_par' dir='ltr' id='par_1_2' title="bbox 1596 279 2590 345">
     <span class='ocr_line' id='line_1_2' title="bbox 1596 279 2590 345; baseline -0.005 -1"><span class='ocrx_word' id='word_1_2' title='bbox 1596 283 1994 345; x_wconf 79' lang='lat' dir='ltr'><strong>TllEODOBI</strong></span> <span class='ocrx_word' id='word_1_3' title='bbox 2038 284 2092 343; x_wconf 78' lang='grc' dir='ltr'>Μ</span> <span class='ocrx_word' id='word_1_4' title='bbox 2107 279 2590 342; x_wconf 70' lang='lat' dir='ltr'><strong>iiLlTENlOTrE</strong></span> 
     </span>
    </p>
   </div>
   <div class='ocr_carea' id='block_1_3' title="bbox 3631 274 3743 334">
    <p class='ocr_par' dir='ltr' id='par_1_3' title="bbox 3631 274 3743 334">
     <span class='ocr_line' id='line_1_3' title="bbox 3631 274 3743 334; baseline 0.009 -1"><span class='ocrx_word' id='word_1_5' title='bbox 3631 274 3743 334; x_wconf 67' lang='lat' dir='ltr'><strong>952i</strong></span> 
     </span>
    </p>
   </div>
   <div class='ocr_carea' id='block_1_4' title="bbox 466 386 2036 472">
    <p class='ocr_par' dir='ltr' id='par_1_4' title="bbox 466 397 2036 472">
     <span class='ocr_line' id='line_1_4' title="bbox 466 397 2036 472; baseline -0.007 -15"><span class='ocrx_word' id='word_1_6' title='bbox 466 402 696 472; x_wconf 74' lang='lat' dir='ltr'><strong>agitare.</strong></span> <span class='ocrx_word' id='word_1_7' title='bbox 733 398 885 456; x_wconf 88' lang='lat' dir='ltr'><strong>Unde</strong></span> <span class='ocrx_word' id='word_1_8' title='bbox 916 398 1161 469; x_wconf 79' lang='lat' dir='ltr'><strong>putavit?</strong></span> <span class='ocrx_word' id='word_1_9' title='bbox 1205 397 1344 452; x_wconf 81' lang='lat' dir='ltr'><strong>mata</strong></span> <span class='ocrx_word' id='word_1_10' title='bbox 1393 398 1565 452; x_wconf 89' lang='lat' dir='ltr'><strong>bestia</strong></span> <span class='ocrx_word' id='word_1_11' title='bbox 1614 406 1732 462; x_wconf 89' lang='lat' dir='ltr'><strong>est;</strong></span> <span class='ocrx_word' id='word_1_12' title='bbox 1766 411 2036 464; x_wconf 78' lang='lat' dir='ltr'><strong>nunquam</strong></span> 
     </span>
    </p>
   </div>
   <div class='ocr_carea' id='block_1_5' title="bbox 2146 386 3743 472">
    <p class='ocr_par' dir='ltr' id='par_1_5' title="bbox 2152 386 3743 461">
     <span class='ocr_line' id='line_1_5' title="bbox 2152 386 3743 461; baseline -0.004 -18"><span class='ocrx_word' id='word_1_13' title='bbox 2152 394 2310 444; x_wconf 88' lang='grc' dir='ltr'>ναῖκα</span> <span class='ocrx_word' id='word_1_14' title='bbox 2336 407 2353 422; x_wconf 80' lang='grc'><strong><em>⁸</em></strong></span> <span class='ocrx_word' id='word_1_15' title='bbox 2382 392 2507 446; x_wconf 77' lang='grc' dir='ltr'>ὅθεν</span> <span class='ocrx_word' id='word_1_16' title='bbox 2534 408 2626 461; x_wconf 90' lang='grc' dir='ltr'><strong>μοι</strong></span> <span class='ocrx_word' id='word_1_17' title='bbox 2660 390 2753 443; x_wconf 79' lang='grc' dir='ltr'>καὶ</span> <span class='ocrx_word' id='word_1_18' title='bbox 2789 388 3070 459; x_wconf 72' lang='grc' dir='ltr'>θαυμάσαι</span> <span class='ocrx_word' id='word_1_19' title='bbox 3098 388 3309 455; x_wconf 74' lang='grc' dir='ltr'>ἔπεισι,</span> <span class='ocrx_word' id='word_1_20' title='bbox 3341 386 3507 441; x_wconf 87' lang='grc' dir='ltr'>πόθεν</span> <span class='ocrx_word' id='word_1_21' title='bbox 3534 387 3743 452; x_wconf 73' lang='grc' dir='ltr'>ἐπῆλθε</span> 
     </span>
    </p>
   </div>
   <div class='ocr_carea' id='block_1_6' title="bbox 468 487 2053 568">
    <p class='ocr_par' dir='ltr' id='par_1_6' title="bbox 468 487 2053 568">
     <span class='ocr_line' id='line_1_6' title="bbox 468 487 2053 568; baseline -0.004 -21"><span class='ocrx_word' id='word_1_22' title='bbox 468 495 681 564; x_wconf 75' lang='lat' dir='ltr'><strong>ignorat</strong></span> <span class='ocrx_word' id='word_1_23' title='bbox 712 511 738 568; x_wconf 39' lang='grc' dir='ltr'><strong>ι,</strong></span> <span class='ocrx_word' id='word_1_24' title='bbox 763 494 903 562; x_wconf 90' lang='lat' dir='ltr'><strong>quod</strong></span> <span class='ocrx_word' id='word_1_25' title='bbox 926 508 1116 562; x_wconf 76' lang='lat' dir='ltr'><strong>magna</strong></span> <span class='ocrx_word' id='word_1_26' title='bbox 1153 491 1212 545; x_wconf 80' lang='lat' dir='ltr'><strong>ﬁt</strong></span> <span class='ocrx_word' id='word_1_27' title='bbox 1242 489 1398 545; x_wconf 88' lang='lat' dir='ltr'><strong>nobis</strong></span> <span class='ocrx_word' id='word_1_28' title='bbox 1450 490 1750 552; x_wconf 85' lang='lat' dir='ltr'><strong>damnatio,</strong></span> <span class='ocrx_word' id='word_1_29' title='bbox 1780 504 1903 543; x_wconf 92' lang='lat' dir='ltr'><strong>cum</strong></span> <span class='ocrx_word' id='word_1_30' title='bbox 1964 487 2053 540; x_wconf 87' lang='lat' dir='ltr'><strong>ille</strong></span> 
     </span>
    </p>
   </div>
   <div class='ocr_carea' id='block_1_7' title="bbox 464 579 2052 656">
    <p class='ocr_par' dir='ltr' id='par_1_7' title="bbox 464 579 2052 656">
     <span class='ocr_line' id='line_1_7' title="bbox 464 579 2052 656; baseline -0.004 -19"><span class='ocrx_word' id='word_1_31' title='bbox 464 586 682 656; x_wconf 79' lang='lat' dir='ltr'><strong>quidem</strong></span> <span class='ocrx_word' id='word_1_32' title='bbox 708 600 978 654; x_wconf 88' lang='lat' dir='ltr'><strong>nunquam</strong></span> <span class='ocrx_word' id='word_1_33' title='bbox 1005 586 1278 654; x_wconf 88' lang='lat' dir='ltr'><strong>desperet,</strong></span> <span class='ocrx_word' id='word_1_34' title='bbox 1302 597 1403 637; x_wconf 90' lang='lat' dir='ltr'><strong>nos</strong></span> <span class='ocrx_word' id='word_1_35' title='bbox 1444 592 1622 636; x_wconf 86' lang='lat' dir='ltr'><strong>autem</strong></span> <span class='ocrx_word' id='word_1_36' title='bbox 1687 589 1887 636; x_wconf 68' lang='lat' dir='ltr'><strong>nostra:</strong></span> <span class='ocrx_word' id='word_1_37' title='bbox 1913 579 2052 635; x_wconf 92' lang='lat' dir='ltr'><strong>obli-</strong></span> 
     </span>
    </p>
   </div>
   <div class='ocr_carea' id='block_1_8' title="bbox 467 681 1000 735">
    <p class='ocr_par' dir='ltr' id='par_1_8' title="bbox 467 681 1000 735">
     <span class='ocr_line' id='line_1_8' title="bbox 467 681 1000 735; baseline -0.002 -2"><span class='ocrx_word' id='word_1_38' title='bbox 467 682 740 735; x_wconf 83' lang='lat' dir='ltr'><strong>viscamur</strong></span> <span class='ocrx_word' id='word_1_39' title='bbox 782 681 1000 734; x_wconf 83' lang='lat' dir='ltr'><strong>salutis.</strong></span> 
     </span>
    </p>
   </div>
   <div class='ocr_carea' id='block_1_9' title="bbox 536 1076 2049 1150">
    <p class='ocr_par' dir='ltr' id='par_1_9' title="bbox 536 1076 2049 1150">
     <span class='ocr_line' id='line_1_9' title="bbox 536 1076 2049 1150; baseline -0.003 -14"><span class='ocrx_word' id='word_1_40' title='bbox 536 1081 589 1136; x_wconf 83' lang='lat'><strong>5.</strong></span> <span class='ocrx_word' id='word_1_41' title='bbox 628 1079 918 1150; x_wconf 79' lang='lat' dir='ltr'><strong>Nunquam</strong></span> <span class='ocrx_word' id='word_1_42' title='bbox 954 1079 1251 1150; x_wconf 78' lang='lat' dir='ltr'><strong>desperans</strong></span> <span class='ocrx_word' id='word_1_43' title='bbox 1269 1077 1534 1141; x_wconf 84' lang='lat' dir='ltr'><strong>diabolus,</strong></span> <span class='ocrx_word' id='word_1_44' title='bbox 1567 1078 1662 1132; x_wconf 77' lang='lat' dir='ltr'><strong>sed</strong></span> <span class='ocrx_word' id='word_1_45' title='bbox 1693 1076 1891 1147; x_wconf 83' lang='lat' dir='ltr'><strong>ubique</strong></span> <span class='ocrx_word' id='word_1_46' title='bbox 1912 1078 2049 1132; x_wconf 84' lang='lat' dir='ltr'><strong>retia</strong></span> 
     </span>
    </p>
   </div>
   <div class='ocr_carea' id='block_1_10' title="bbox 461 1169 2051 1242">
    <p class='ocr_par' dir='ltr' id='par_1_10' title="bbox 461 1169 2051 1242">
     <span class='ocr_line' id='line_1_10' title="bbox 461 1169 2051 1242; baseline -0.003 -18"><span class='ocrx_word' id='word_1_47' title='bbox 461 1183 516 1225; x_wconf 83' lang='lat' dir='ltr'><strong>et</strong></span> <span class='ocrx_word' id='word_1_48' title='bbox 573 1173 845 1242; x_wconf 74' lang='lat' dir='ltr'><strong>tlecipnlas</strong></span> <span class='ocrx_word' id='word_1_49' title='bbox 900 1171 1054 1225; x_wconf 88' lang='lat' dir='ltr'><strong>nobis</strong></span> <span class='ocrx_word' id='word_1_50' title='bbox 1106 1173 1352 1235; x_wconf 86' lang='lat' dir='ltr'><strong>tendens,</strong></span> <span class='ocrx_word' id='word_1_51' title='bbox 1408 1184 1532 1223; x_wconf 88' lang='lat' dir='ltr'><strong>cum</strong></span> <span class='ocrx_word' id='word_1_52' title='bbox 1587 1169 1686 1224; x_wconf 90' lang='lat' dir='ltr'><strong>hoc</strong></span> <span class='ocrx_word' id='word_1_53' title='bbox 1736 1169 1897 1222; x_wconf 81' lang='lat' dir='ltr'><strong>modo</strong></span> <span class='ocrx_word' id='word_1_54' title='bbox 1956 1185 2051 1220; x_wconf 90' lang='lat' dir='ltr'><strong>ne-</strong></span> 
     </span>
    </p>
   </div>
   <div class='ocr_carea' id='block_1_11' title="bbox 459 1259 2047 1330">
    <p class='ocr_par' dir='ltr' id='par_1_11' title="bbox 459 1259 2047 1330">
     <span class='ocr_line' id='line_1_11' title="bbox 459 1259 2047 1330; baseline -0.003 -18"><span class='ocrx_word' id='word_1_55' title='bbox 459 1271 627 1329; x_wconf 83' lang='lat' dir='ltr'><strong>queat</strong></span> <span class='ocrx_word' id='word_1_56' title='bbox 660 1263 831 1324; x_wconf 85' lang='lat' dir='ltr'><strong>vinci,</strong></span> <span class='ocrx_word' id='word_1_57' title='bbox 861 1262 1197 1315; x_wconf 77' lang='lat' dir='ltr'><strong>contrariam</strong></span> <span class='ocrx_word' id='word_1_58' title='bbox 1228 1262 1373 1316; x_wconf 89' lang='lat' dir='ltr'><strong>viam</strong></span> <span class='ocrx_word' id='word_1_59' title='bbox 1405 1259 1731 1330; x_wconf 78' lang='lat' dir='ltr'><strong>ingrediens,</strong></span> <span class='ocrx_word' id='word_1_60' title='bbox 1759 1268 2047 1328; x_wconf 78' lang='lat' dir='ltr'><strong>postquam</strong></span> 
     </span>
    </p>
   </div>
   <div class='ocr_carea' id='block_1_12' title="bbox 461 1352 2050 1421">
    <p class='ocr_par' dir='ltr' id='par_1_12' title="bbox 461 1352 2050 1421">
     <span class='ocr_line' id='line_1_12' title="bbox 461 1352 2050 1421; baseline -0.005 -12"><span class='ocrx_word' id='word_1_61' title='bbox 461 1352 655 1409; x_wconf 82' lang='lat' dir='ltr'><strong>Jubnm</strong></span> <span class='ocrx_word' id='word_1_62' title='bbox 718 1355 913 1407; x_wconf 90' lang='lat' dir='ltr'><strong>viderit</strong></span> <span class='ocrx_word' id='word_1_63' title='bbox 971 1369 1310 1421; x_wconf 83' lang='lat' dir='ltr'><strong>nequaquam</strong></span> <span class='ocrx_word' id='word_1_64' title='bbox 1368 1352 1578 1407; x_wconf 82' lang='lat' dir='ltr'><strong>divitiis</strong></span> <span class='ocrx_word' id='word_1_65' title='bbox 1641 1352 1887 1413; x_wconf 82' lang='lat' dir='ltr'><strong>victum,</strong></span> <span class='ocrx_word' id='word_1_66' title='bbox 1954 1365 2050 1417; x_wconf 59' lang='lat' dir='ltr'><strong>per</strong></span> 
     </span>
    </p>
   </div>
   <div class='ocr_carea' id='block_1_13' title="bbox 464 1443 2048 1512">
    <p class='ocr_par' dir='ltr' id='par_1_13' title="bbox 464 1443 2048 1512">
     <span class='ocr_line' id='line_1_13' title="bbox 464 1443 2048 1512; baseline -0.001 -16"><span class='ocrx_word' id='word_1_67' title='bbox 464 1444 697 1511; x_wconf 80' lang='lat' dir='ltr'><strong>irmpiam</strong></span> <span class='ocrx_word' id='word_1_68' title='bbox 717 1443 997 1509; x_wconf 74' lang='lat' dir='ltr'><strong>explicavit</strong></span> <span class='ocrx_word' id='word_1_69' title='bbox 1022 1446 1177 1507; x_wconf 88' lang='lat' dir='ltr'><strong>retia,</strong></span> <span class='ocrx_word' id='word_1_70' title='bbox 1201 1443 1324 1498; x_wconf 88' lang='lat' dir='ltr'><strong>inde</strong></span> <span class='ocrx_word' id='word_1_71' title='bbox 1343 1444 1492 1498; x_wconf 90' lang='lat' dir='ltr'><strong>illum</strong></span> <span class='ocrx_word' id='word_1_72' title='bbox 1518 1457 1778 1512; x_wconf 88' lang='lat' dir='ltr'><strong>superare</strong></span> <span class='ocrx_word' id='word_1_73' title='bbox 1797 1455 2048 1509; x_wconf 81' lang='lat' dir='ltr'><strong>sperans.</strong></span> 
     </span>
    </p>
   </div>
   <div class='ocr_carea' id='block_1_14' title="bbox 465 1532 2047 1606">
    <p class='ocr_par' dir='ltr' id='par_1_14' title="bbox 465 1532 2047 1606">
     <span class='ocr_line' id='line_1_14' title="bbox 465 1532 2047 1606; baseline -0.001 -18"><span class='ocrx_word' id='word_1_74' title='bbox 465 1536 585 1601; x_wconf 86' lang='lat' dir='ltr'><strong>Quo</strong></span> <span class='ocrx_word' id='word_1_75' title='bbox 618 1537 743 1606; x_wconf 86' lang='lat' dir='ltr'><strong>quid</strong></span> <span class='ocrx_word' id='word_1_76' title='bbox 778 1537 875 1591; x_wconf 80' lang='lat' dir='ltr'><strong>ﬁat</strong></span> <span class='ocrx_word' id='word_1_77' title='bbox 904 1535 1277 1591; x_wconf 86' lang='lat' dir='ltr'><strong>incredibilius</strong></span> <span class='ocrx_word' id='word_1_78' title='bbox 1298 1536 1321 1589; x_wconf 68' lang='grc' dir='ltr'><em>ἲ</em></span> <span class='ocrx_word' id='word_1_79' title='bbox 1340 1536 1439 1601; x_wconf 87' lang='lat' dir='ltr'><strong>Qui</strong></span> <span class='ocrx_word' id='word_1_80' title='bbox 1465 1535 1610 1590; x_wconf 92' lang='lat' dir='ltr'><strong>enim</strong></span> <span class='ocrx_word' id='word_1_81' title='bbox 1637 1532 2047 1604; x_wconf 55' lang='lat' dir='ltr'><strong>potuitzdivitias</strong></span> 
     </span>
    </p>
   </div>
   <div class='ocr_carea' id='block_1_15' title="bbox 467 1624 2045 1697">
    <p class='ocr_par' dir='ltr' id='par_1_15' title="bbox 467 1624 2045 1697">
     <span class='ocr_line' id='line_1_15' title="bbox 467 1624 2045 1697; baseline -0.002 -18"><span class='ocrx_word' id='word_1_82' title='bbox 467 1628 607 1682; x_wconf 79' lang='lat' dir='ltr'><strong>ferre</strong></span> <span class='ocrx_word' id='word_1_83' title='bbox 630 1631 924 1696; x_wconf 72' lang='lat' dir='ltr'><strong>sapienter,</strong></span> <span class='ocrx_word' id='word_1_84' title='bbox 951 1628 1120 1682; x_wconf 84' lang='lat' dir='ltr'><strong>multo</strong></span> <span class='ocrx_word' id='word_1_85' title='bbox 1138 1628 1454 1697; x_wconf 77' lang='lat' dir='ltr'><strong>generosius</strong></span> <span class='ocrx_word' id='word_1_86' title='bbox 1480 1635 1854 1695; x_wconf 84' lang='lat' dir='ltr'><strong>paupertatem</strong></span> <span class='ocrx_word' id='word_1_87' title='bbox 1876 1624 2045 1689; x_wconf 79' lang='lat' dir='ltr'><strong>feret;</strong></span> 
     </span>
    </p>
   </div>
   <div class='ocr_carea' id='block_1_16' title="bbox 460 1720 2047 1789">
    <p class='ocr_par' dir='ltr' id='par_1_16' title="bbox 460 1720 2047 1789">
     <span class='ocr_line' id='line_1_16' title="bbox 460 1720 2047 1789; baseline -0.003 -15"><span class='ocrx_word' id='word_1_88' title='bbox 460 1729 516 1774; x_wconf 91' lang='lat' dir='ltr'><strong>et</strong></span> <span class='ocrx_word' id='word_1_89' title='bbox 544 1720 634 1789; x_wconf 89' lang='lat' dir='ltr'><strong>qui</strong></span> <span class='ocrx_word' id='word_1_90' title='bbox 683 1723 1043 1787; x_wconf 68' lang='lat' dir='ltr'><strong>praesentibus</strong></span> <span class='ocrx_word' id='word_1_91' title='bbox 1101 1721 1255 1776; x_wconf 90' lang='lat' dir='ltr'><strong>bonis</strong></span> <span class='ocrx_word' id='word_1_92' title='bbox 1309 1737 1415 1774; x_wconf 91' lang='lat' dir='ltr'><strong>non</strong></span> <span class='ocrx_word' id='word_1_93' title='bbox 1473 1720 1687 1773; x_wconf 69' lang='lat' dir='ltr'><strong>laetatus</strong></span> <span class='ocrx_word' id='word_1_94' title='bbox 1732 1725 1834 1781; x_wconf 87' lang='lat' dir='ltr'><strong>est,</strong></span> <span class='ocrx_word' id='word_1_95' title='bbox 1873 1730 2047 1784; x_wconf 87' lang='lat' dir='ltr'><strong>neque</strong></span> 
     </span>
    </p>
   </div>
   <div class='ocr_carea' id='block_1_17' title="bbox 2154 478 3744 552">
    <p class='ocr_par' dir='ltr' id='par_1_17' title="bbox 2154 478 3744 552">
     <span class='ocr_line' id='line_1_17' title="bbox 2154 478 3744 552; baseline -0.004 -18"><span class='ocrx_word' id='word_1_96' title='bbox 2154 483 2232 552; x_wconf 83' lang='grc' dir='ltr'>τῷ</span> <span class='ocrx_word' id='word_1_97' title='bbox 2287 482 2540 552; x_wconf 82' lang='grc' dir='ltr'>διαϐόλῳ,</span> <span class='ocrx_word' id='word_1_98' title='bbox 2594 481 2786 536; x_wconf 84' lang='grc' dir='ltr'>τούτου</span> <span class='ocrx_word' id='word_1_99' title='bbox 2840 481 2907 535; x_wconf 85' lang='grc' dir='ltr'><strong>τά</strong></span> <span class='ocrx_word' id='word_1_100' title='bbox 2940 482 3226 549; x_wconf 75' lang='grc' dir='ltr'>γυμνάσια</span> <span class='ocrx_word' id='word_1_101' title='bbox 3284 479 3450 532; x_wconf 77' lang='grc' dir='ltr'>εἰδότι</span> <span class='ocrx_word' id='word_1_102' title='bbox 3510 478 3744 546; x_wconf 78' lang='grc' dir='ltr'><strong>κινῆσαι</strong></span> 
     </span>
    </p>
   </div>
   <div class='ocr_carea' id='block_1_18' title="bbox 2154 569 3745 644">
    <p class='ocr_par' dir='ltr' id='par_1_18' title="bbox 2154 569 3745 644">
     <span class='ocr_line' id='line_1_18' title="bbox 2154 569 3745 644; baseline -0.004 -17"><span class='ocrx_word' id='word_1_103' title='bbox 2154 574 2294 644; x_wconf 74' lang='grc' dir='ltr'>πρὸς</span> <span class='ocrx_word' id='word_1_104' title='bbox 2328 574 2455 636; x_wconf 67' lang='grc' dir='ltr'>τοὺς</span> <span class='ocrx_word' id='word_1_105' title='bbox 2484 573 2727 642; x_wconf 81' lang='grc' dir='ltr'>ἀγῶνας.</span> <span class='ocrx_word' id='word_1_106' title='bbox 2756 572 2927 627; x_wconf 84' lang='grc' dir='ltr'>Πόθεν</span> <span class='ocrx_word' id='word_1_107' title='bbox 2959 569 3052 627; x_wconf 82' lang='grc' dir='ltr'><strong>οὖν</strong></span> <span class='ocrx_word' id='word_1_108' title='bbox 3075 571 3276 642; x_wconf 71' lang='grc' dir='ltr'>ἐπῆλθε</span> <span class='ocrx_word' id='word_1_109' title='bbox 3302 589 3318 635; x_wconf 84' lang='grc'><strong>;</strong></span> <span class='ocrx_word' id='word_1_110' title='bbox 3352 571 3593 641; x_wconf 82' lang='grc' dir='ltr'>πονηρόν</span> <span class='ocrx_word' id='word_1_111' title='bbox 3622 572 3745 621; x_wconf 72' lang='grc' dir='ltr'>ἐστι</span> 
     </span>
    </p>
   </div>
   <div class='ocr_carea' id='block_1_19' title="bbox 2151 662 3745 737">
    <p class='ocr_par' dir='ltr' id='par_1_19' title="bbox 2151 662 3745 737">
     <span class='ocr_line' id='line_1_19' title="bbox 2151 662 3745 737; baseline -0.005 -18"><span class='ocrx_word' id='word_1_112' title='bbox 2151 666 2211 719; x_wconf 85' lang='grc' dir='ltr'>τὸ</span> <span class='ocrx_word' id='word_1_113' title='bbox 2252 665 2478 737; x_wconf 81' lang='grc' dir='ltr'><strong>θηρίον·</strong></span> <span class='ocrx_word' id='word_1_114' title='bbox 2510 666 2770 720; x_wconf 65' lang='grc' dir='ltr'>οὐδέποτε</span> <span class='ocrx_word' id='word_1_115' title='bbox 2798 665 3211 733; x_wconf 84' lang='grc' dir='ltr'>ἀπογινώσκει·</span> <span class='ocrx_word' id='word_1_116' title='bbox 3240 663 3269 716; x_wconf 83' lang='grc' dir='ltr'><strong>ὃ</strong></span> <span class='ocrx_word' id='word_1_117' title='bbox 3302 664 3569 733; x_wconf 82' lang='grc' dir='ltr'>μέγιστον</span> <span class='ocrx_word' id='word_1_118' title='bbox 3608 662 3745 729; x_wconf 74' lang='grc' dir='ltr'>ἡμῖν</span> 
     </span>
    </p>
   </div>
   <div class='ocr_carea' id='block_1_20' title="bbox 2152 750 3745 830">
    <p class='ocr_par' dir='ltr' id='par_1_20' title="bbox 2152 750 3745 830">
     <span class='ocr_line' id='line_1_20' title="bbox 2152 750 3745 830; baseline -0.005 -20"><span class='ocrx_word' id='word_1_119' title='bbox 2152 760 2480 830; x_wconf 78' lang='grc' dir='ltr'><strong>κατάκριμα</strong></span> <span class='ocrx_word' id='word_1_120' title='bbox 2514 759 2748 827; x_wconf 78' lang='grc' dir='ltr'>γίνεται,</span> <span class='ocrx_word' id='word_1_121' title='bbox 2775 760 2859 811; x_wconf 82' lang='grc' dir='ltr'>ὅτι</span> <span class='ocrx_word' id='word_1_122' title='bbox 2902 761 3108 817; x_wconf 81' lang='grc' dir='ltr'>ἐκεῖνος</span> <span class='ocrx_word' id='word_1_123' title='bbox 3151 757 3251 826; x_wconf 77' lang='grc' dir='ltr'>μὲν</span> <span class='ocrx_word' id='word_1_124' title='bbox 3278 756 3537 807; x_wconf 70' lang='grc' dir='ltr'>οὐδέποτε</span> <span class='ocrx_word' id='word_1_125' title='bbox 3569 750 3745 804; x_wconf 71' lang='grc' dir='ltr'>ἀττελ-</span> 
     </span>
    </p>
   </div>
   <div class='ocr_carea' id='block_1_21' title="bbox 2150 845 3745 920">
    <p class='ocr_par' dir='ltr' id='par_1_21' title="bbox 2150 845 3745 920">
     <span class='ocr_line' id='line_1_21' title="bbox 2150 845 3745 920; baseline -0.005 -16"><span class='ocrx_word' id='word_1_126' title='bbox 2150 850 2300 914; x_wconf 77' lang='grc' dir='ltr'>πίζει</span> <span class='ocrx_word' id='word_1_127' title='bbox 2355 852 2456 920; x_wconf 81' lang='grc' dir='ltr'>τῆς</span> <span class='ocrx_word' id='word_1_128' title='bbox 2502 851 2780 914; x_wconf 80' lang='grc' dir='ltr'><strong>ἀπωλείας</strong></span> <span class='ocrx_word' id='word_1_129' title='bbox 2831 850 3013 920; x_wconf 75' lang='grc' dir='ltr'>ἡμῶν,</span> <span class='ocrx_word' id='word_1_130' title='bbox 3054 850 3217 920; x_wconf 87' lang='grc' dir='ltr'>ήμεῖς</span> <span class='ocrx_word' id='word_1_131' title='bbox 3264 847 3321 901; x_wconf 76' lang='grc' dir='ltr'><strong>δὲ</strong></span> <span class='ocrx_word' id='word_1_132' title='bbox 3375 846 3475 919; x_wconf 80' lang='grc' dir='ltr'>τὴν</span> <span class='ocrx_word' id='word_1_133' title='bbox 3525 845 3745 898; x_wconf 76' lang='grc' dir='ltr'>ἑαυτῶν</span> 
     </span>
    </p>
   </div>
   <div class='ocr_carea' id='block_1_22' title="bbox 2148 941 2938 1013">
    <p class='ocr_par' dir='ltr' id='par_1_22' title="bbox 2148 941 2938 1013">
     <span class='ocr_line' id='line_1_22' title="bbox 2148 941 2938 1013; baseline 0.001 -18"><span class='ocrx_word' id='word_1_134' title='bbox 2148 941 2613 1012; x_wconf 84' lang='grc' dir='ltr'>ἁπογινώσκομεν</span> <span class='ocrx_word' id='word_1_135' title='bbox 2643 942 2938 1013; x_wconf 78' lang='grc' dir='ltr'><strong>σωτηρίαν.</strong></span> 
     </span>
    </p>
   </div>
   <div class='ocr_carea' id='block_1_23' title="bbox 2217 1076 3744 1147">
    <p class='ocr_par' dir='ltr' id='par_1_23' title="bbox 2217 1076 3744 1147">
     <span class='ocr_line' id='line_1_23' title="bbox 2217 1076 3744 1147; baseline -0.001 -16"><span class='ocrx_word' id='word_1_136' title='bbox 2217 1084 2280 1134; x_wconf 91' lang='grc' dir='ltr'><strong>ε’.</strong></span> <span class='ocrx_word' id='word_1_137' title='bbox 2310 1076 2603 1147; x_wconf 81' lang='grc' dir='ltr'>Μηδέποτε</span> <span class='ocrx_word' id='word_1_138' title='bbox 2631 1078 2687 1131; x_wconf 82' lang='grc' dir='ltr'><strong>δὲ</strong></span> <span class='ocrx_word' id='word_1_139' title='bbox 2715 1077 3037 1141; x_wconf 79' lang='grc' dir='ltr'>ἀπελπίζων</span> <span class='ocrx_word' id='word_1_140' title='bbox 3068 1080 3097 1131; x_wconf 80' lang='grc' dir='ltr'><strong>ὁ</strong></span> <span class='ocrx_word' id='word_1_141' title='bbox 3127 1077 3399 1143; x_wconf 80' lang='grc' dir='ltr'>διάϐολος,</span> <span class='ocrx_word' id='word_1_142' title='bbox 3429 1078 3568 1131; x_wconf 83' lang='grc' dir='ltr'><strong>ἀλλά</strong></span> <span class='ocrx_word' id='word_1_143' title='bbox 3598 1078 3744 1132; x_wconf 80' lang='grc' dir='ltr'>πάν-</span> 
     </span>
    </p>
   </div>
   <div class='ocr_carea' id='block_1_24' title="bbox 2147 1170 3742 1242">
    <p class='ocr_par' dir='ltr' id='par_1_24' title="bbox 2147 1170 3742 1242">
     <span class='ocr_line' id='line_1_24' title="bbox 2147 1170 3742 1242; baseline 0.003 -23"><span class='ocrx_word' id='word_1_144' title='bbox 2147 1186 2271 1223; x_wconf 84' lang='grc' dir='ltr'>τοτε</span> <span class='ocrx_word' id='word_1_145' title='bbox 2330 1170 2566 1239; x_wconf 78' lang='grc' dir='ltr'><strong>παγίδας</strong></span> <span class='ocrx_word' id='word_1_146' title='bbox 2597 1170 2692 1223; x_wconf 70' lang='grc' dir='ltr'>καὶ</span> <span class='ocrx_word' id='word_1_147' title='bbox 2728 1170 2983 1242; x_wconf 75' lang='grc' dir='ltr'><strong>θήρατρα</strong></span> <span class='ocrx_word' id='word_1_148' title='bbox 3031 1170 3157 1224; x_wconf 81' lang='grc' dir='ltr'>καθ’</span> <span class='ocrx_word' id='word_1_149' title='bbox 3190 1171 3354 1241; x_wconf 79' lang='grc' dir='ltr'>ήμῶν</span> <span class='ocrx_word' id='word_1_150' title='bbox 3396 1170 3592 1235; x_wconf 70' lang='grc' dir='ltr'>τιθεὶς,</span> <span class='ocrx_word' id='word_1_151' title='bbox 3628 1172 3742 1225; x_wconf 70' lang='grc' dir='ltr'>κᾶν</span> 
     </span>
    </p>
   </div>
   <div class='ocr_carea' id='block_1_25' title="bbox 2152 1257 3739 1330">
    <p class='ocr_par' dir='ltr' id='par_1_25' title="bbox 2152 1257 3739 1330">
     <span class='ocr_line' id='line_1_25' title="bbox 2152 1257 3739 1330; baseline 0 -19"><span class='ocrx_word' id='word_1_152' title='bbox 2152 1258 2227 1328; x_wconf 83' lang='grc' dir='ltr'><strong>μὴ</strong></span> <span class='ocrx_word' id='word_1_153' title='bbox 2267 1259 2472 1330; x_wconf 79' lang='grc' dir='ltr'>δυνηθῇ</span> <span class='ocrx_word' id='word_1_154' title='bbox 2497 1259 2586 1312; x_wconf 85' lang='grc' dir='ltr'>διὰ</span> <span class='ocrx_word' id='word_1_155' title='bbox 2628 1257 2782 1311; x_wconf 82' lang='grc' dir='ltr'>τοῦδε</span> <span class='ocrx_word' id='word_1_156' title='bbox 2809 1260 2906 1312; x_wconf 86' lang='grc' dir='ltr'>τοῦ</span> <span class='ocrx_word' id='word_1_157' title='bbox 2932 1261 3137 1330; x_wconf 83' lang='grc' dir='ltr'><strong>τρόπου</strong></span> <span class='ocrx_word' id='word_1_158' title='bbox 3165 1262 3411 1329; x_wconf 83' lang='grc' dir='ltr'>νικῆσαι,</span> <span class='ocrx_word' id='word_1_159' title='bbox 3442 1262 3542 1330; x_wconf 81' lang='grc' dir='ltr'>τὴν</span> <span class='ocrx_word' id='word_1_160' title='bbox 3574 1261 3739 1313; x_wconf 77' lang='grc' dir='ltr'>ὲνανο</span> 
     </span>
    </p>
   </div>
   <div class='ocr_carea' id='block_1_26' title="bbox 2147 1347 3739 1422">
    <p class='ocr_par' dir='ltr' id='par_1_26' title="bbox 2147 1347 3739 1422">
     <span class='ocr_line' id='line_1_26' title="bbox 2147 1347 3739 1422; baseline 0.001 -20"><span class='ocrx_word' id='word_1_161' title='bbox 2147 1350 2268 1402; x_wconf 85' lang='grc' dir='ltr'>τίαν</span> <span class='ocrx_word' id='word_1_162' title='bbox 2308 1350 2427 1403; x_wconf 78' lang='grc' dir='ltr'>ὁδὸν</span> <span class='ocrx_word' id='word_1_163' title='bbox 2465 1351 2784 1419; x_wconf 78' lang='grc' dir='ltr'><strong>ἐρχόμενος,</strong></span> <span class='ocrx_word' id='word_1_164' title='bbox 2815 1352 3049 1422; x_wconf 76' lang='grc' dir='ltr'>ἐπείπερ</span> <span class='ocrx_word' id='word_1_165' title='bbox 3072 1347 3181 1404; x_wconf 75' lang='grc' dir='ltr'>εἶδε</span> <span class='ocrx_word' id='word_1_166' title='bbox 3218 1354 3312 1404; x_wconf 77' lang='grc' dir='ltr'><strong>τὸν</strong></span> <span class='ocrx_word' id='word_1_167' title='bbox 3350 1350 3471 1404; x_wconf 84' lang='grc' dir='ltr'><strong>Ἰὼϐ</strong></span> <span class='ocrx_word' id='word_1_168' title='bbox 3500 1352 3739 1415; x_wconf 71' lang='grc' dir='ltr'>οὖδόλως</span> 
     </span>
    </p>
   </div>
   <div class='ocr_carea' id='block_1_27' title="bbox 2148 1439 3739 1513">
    <p class='ocr_par' dir='ltr' id='par_1_27' title="bbox 2148 1439 3739 1513">
     <span class='ocr_line' id='line_1_27' title="bbox 2148 1439 3739 1513; baseline 0.001 -20"><span class='ocrx_word' id='word_1_169' title='bbox 2148 1439 2255 1493; x_wconf 77' lang='grc' dir='ltr'>ὑπὸ</span> <span class='ocrx_word' id='word_1_170' title='bbox 2293 1439 2388 1493; x_wconf 80' lang='grc' dir='ltr'>τοῦ</span> <span class='ocrx_word' id='word_1_171' title='bbox 2425 1440 2665 1495; x_wconf 88' lang='grc' dir='ltr'>πλούτου</span> <span class='ocrx_word' id='word_1_172' title='bbox 2700 1442 3020 1511; x_wconf 70' lang='grc' dir='ltr'>νικηθέντα,</span> <span class='ocrx_word' id='word_1_173' title='bbox 3066 1443 3154 1496; x_wconf 83' lang='grc' dir='ltr'><strong>διὰ</strong></span> <span class='ocrx_word' id='word_1_174' title='bbox 3180 1446 3282 1513; x_wconf 81' lang='grc' dir='ltr'>τῆς</span> <span class='ocrx_word' id='word_1_175' title='bbox 3312 1443 3507 1507; x_wconf 77' lang='grc' dir='ltr'>πενίας</span> <span class='ocrx_word' id='word_1_176' title='bbox 3537 1444 3739 1505; x_wconf 72' lang='grc' dir='ltr'>ἔπλεξε</span> 
     </span>
    </p>
   </div>
   <div class='ocr_carea' id='block_1_28' title="bbox 2147 1532 3736 1607">
    <p class='ocr_par' dir='ltr' id='par_1_28' title="bbox 2147 1532 3736 1607">
     <span class='ocr_line' id='line_1_28' title="bbox 2147 1532 3736 1607; baseline 0.001 -22"><span class='ocrx_word' id='word_1_177' title='bbox 2147 1532 2215 1585; x_wconf 82' lang='grc' dir='ltr'><strong>τά</strong></span> <span class='ocrx_word' id='word_1_178' title='bbox 2246 1532 2477 1598; x_wconf 77' lang='grc' dir='ltr'>δύκτυα,</span> <span class='ocrx_word' id='word_1_179' title='bbox 2510 1534 2726 1587; x_wconf 78' lang='grc' dir='ltr'>ἐκεῖθεν</span> <span class='ocrx_word' id='word_1_180' title='bbox 2750 1535 2920 1588; x_wconf 75' lang='grc' dir='ltr'>αὑτοῦ</span> <span class='ocrx_word' id='word_1_181' title='bbox 2951 1538 3339 1607; x_wconf 77' lang='grc' dir='ltr'>περιγενέσθαι</span> <span class='ocrx_word' id='word_1_182' title='bbox 3366 1536 3689 1607; x_wconf 74' lang='grc' dir='ltr'>προσδοκῶν</span> <span class='ocrx_word' id='word_1_183' title='bbox 3714 1551 3736 1570; x_wconf 79' lang='grc' dir='ltr'><strong><em>ο</em></strong></span> 
     </span>
    </p>
   </div>
   <div class='ocr_carea' id='block_1_29' title="bbox 2145 1624 3738 1699">
    <p class='ocr_par' dir='ltr' id='par_1_29' title="bbox 2145 1624 3738 1699">
     <span class='ocr_line' id='line_1_29' title="bbox 2145 1624 3738 1699; baseline 0.001 -21"><span class='ocrx_word' id='word_1_184' title='bbox 2145 1624 2205 1678; x_wconf 76' lang='grc' dir='ltr'>οὗ</span> <span class='ocrx_word' id='word_1_185' title='bbox 2235 1626 2289 1679; x_wconf 91' lang='grc' dir='ltr'><strong>τί</strong></span> <span class='ocrx_word' id='word_1_186' title='bbox 2310 1625 2512 1694; x_wconf 83' lang='grc' dir='ltr'>γένοιτ’</span> <span class='ocrx_word' id='word_1_187' title='bbox 2543 1627 2611 1680; x_wconf 76' lang='grc' dir='ltr'>ἂν</span> <span class='ocrx_word' id='word_1_188' title='bbox 2642 1628 3041 1698; x_wconf 74' lang='grc' dir='ltr'>ἀνοητότερονς</span> <span class='ocrx_word' id='word_1_189' title='bbox 3087 1627 3145 1681; x_wconf 83' lang='lat'><strong>&#39;0</strong></span> <span class='ocrx_word' id='word_1_190' title='bbox 3175 1629 3286 1699; x_wconf 85' lang='grc' dir='ltr'>γὰρ</span> <span class='ocrx_word' id='word_1_191' title='bbox 3308 1630 3540 1682; x_wconf 75' lang='grc' dir='ltr'>πλοῦτον</span> <span class='ocrx_word' id='word_1_192' title='bbox 3570 1629 3738 1697; x_wconf 86' lang='grc' dir='ltr'>δυνη-</span> 
     </span>
    </p>
   </div>
   <div class='ocr_carea' id='block_1_30' title="bbox 2149 1715 3712 1790">
    <p class='ocr_par' dir='ltr' id='par_1_30' title="bbox 2149 1715 3712 1790">
     <span class='ocr_line' id='line_1_30' title="bbox 2149 1715 3712 1790; baseline 0.001 -21"><span class='ocrx_word' id='word_1_193' title='bbox 2149 1715 2264 1778; x_wconf 76' lang='grc' dir='ltr'>θεὶς</span> <span class='ocrx_word' id='word_1_194' title='bbox 2295 1719 2544 1786; x_wconf 63' lang='grc' dir='ltr'>ἐνεγκεῖν</span> <span class='ocrx_word' id='word_1_195' title='bbox 2575 1721 2893 1787; x_wconf 68' lang='grc' dir='ltr'>σωφρόνως,</span> <span class='ocrx_word' id='word_1_196' title='bbox 2927 1718 3113 1790; x_wconf 84' lang='grc' dir='ltr'>πολλῷ</span> <span class='ocrx_word' id='word_1_197' title='bbox 3143 1721 3345 1789; x_wconf 81' lang='grc' dir='ltr'>μᾶλλον</span> <span class='ocrx_word' id='word_1_198' title='bbox 3373 1720 3572 1773; x_wconf 68' lang='grc' dir='ltr'>πενίαν</span> <span class='ocrx_word' id='word_1_199' title='bbox 3594 1722 3712 1772; x_wconf 74' lang='grc' dir='ltr'>οἶσε</span> 
     </span>
    </p>
   </div>
   <div class='ocr_carea' id='block_1_31' title="bbox 458 1796 2036 1882">
    <p class='ocr_par' dir='ltr' id='par_1_31' title="bbox 458 1809 2036 1882">
     <span class='ocr_line' id='line_1_31' title="bbox 458 1809 2036 1882; baseline -0.003 -18"><span class='ocrx_word' id='word_1_200' title='bbox 458 1813 704 1867; x_wconf 85' lang='lat' dir='ltr'><strong>absentia</strong></span> <span class='ocrx_word' id='word_1_201' title='bbox 741 1822 971 1879; x_wconf 68' lang='lat' dir='ltr'><strong>quaeret.</strong></span> <span class='ocrx_word' id='word_1_202' title='bbox 1010 1813 1078 1869; x_wconf 84' lang='lat' dir='ltr'><strong>Ut</strong></span> <span class='ocrx_word' id='word_1_203' title='bbox 1128 1827 1258 1882; x_wconf 78' lang='lat' dir='ltr'><strong>ergo</strong></span> <span class='ocrx_word' id='word_1_204' title='bbox 1309 1829 1411 1866; x_wconf 87' lang='lat' dir='ltr'><strong>non</strong></span> <span class='ocrx_word' id='word_1_205' title='bbox 1465 1810 1594 1866; x_wconf 78' lang='lat' dir='ltr'><strong>felix</strong></span> <span class='ocrx_word' id='word_1_206' title='bbox 1634 1819 1760 1863; x_wconf 91' lang='lat' dir='ltr'><strong>tunc</strong></span> <span class='ocrx_word' id='word_1_207' title='bbox 1791 1818 1929 1875; x_wconf 87' lang='lat' dir='ltr'><strong>erat,</strong></span> <span class='ocrx_word' id='word_1_208' title='bbox 1968 1809 2036 1863; x_wconf 83' lang='lat' dir='ltr'><strong>ita</strong></span> 
     </span>
    </p>
   </div>
   <div class='ocr_carea' id='block_1_32' title="bbox 2146 1796 3734 1882">
    <p class='ocr_par' dir='ltr' id='par_1_32' title="bbox 2146 1808 3734 1882">
     <span class='ocr_line' id='line_1_32' title="bbox 2146 1808 3734 1882; baseline 0.001 -21"><span class='ocrx_word' id='word_1_209' title='bbox 2146 1808 2412 1877; x_wconf 84' lang='grc' dir='ltr'>γενναίως</span> <span class='ocrx_word' id='word_1_210' title='bbox 2432 1824 2448 1843; x_wconf 78' lang='grc'><strong>⁸</strong></span> <span class='ocrx_word' id='word_1_211' title='bbox 2498 1811 2593 1864; x_wconf 77' lang='grc' dir='ltr'><strong>καὶ</strong></span> <span class='ocrx_word' id='word_1_212' title='bbox 2625 1813 2655 1865; x_wconf 86' lang='grc' dir='ltr'><strong>ὁ</strong></span> <span class='ocrx_word' id='word_1_213' title='bbox 2688 1813 2975 1881; x_wconf 73' lang='grc' dir='ltr'>παρόντων</span> <span class='ocrx_word' id='word_1_214' title='bbox 3017 1814 3318 1882; x_wconf 85' lang='grc' dir='ltr'>χρημάτων</span> <span class='ocrx_word' id='word_1_215' title='bbox 3351 1815 3451 1865; x_wconf 82' lang='grc' dir='ltr'><strong>οὐκ</strong></span> <span class='ocrx_word' id='word_1_216' title='bbox 3501 1813 3734 1880; x_wconf 50' lang='lat' dir='ltr'><strong>caepa-.-</strong></span> 
     </span>
    </p>
   </div>
   <div class='ocr_carea' id='block_1_33' title="bbox 460 1899 2039 1970">
    <p class='ocr_par' dir='ltr' id='par_1_33' title="bbox 460 1899 2039 1970">
     <span class='ocr_line' id='line_1_33' title="bbox 460 1899 2039 1970; baseline 0.002 -20"><span class='ocrx_word' id='word_1_217' title='bbox 460 1900 638 1969; x_wconf 77' lang='lat' dir='ltr'><strong>inopia</strong></span> <span class='ocrx_word' id='word_1_218' title='bbox 681 1900 941 1955; x_wconf 73' lang='lat' dir='ltr'><strong>illustrior</strong></span> <span class='ocrx_word' id='word_1_219' title='bbox 969 1912 1208 1956; x_wconf 87' lang='lat' dir='ltr'><strong>econtra</strong></span> <span class='ocrx_word' id='word_1_220' title='bbox 1246 1903 1357 1957; x_wconf 79' lang='lat' dir='ltr'><strong>ﬁet.</strong></span> <span class='ocrx_word' id='word_1_221' title='bbox 1394 1902 1537 1955; x_wconf 84' lang='lat' dir='ltr'><strong>Bona</strong></span> <span class='ocrx_word' id='word_1_222' title='bbox 1574 1901 1789 1970; x_wconf 86' lang='lat' dir='ltr'><strong>quidem</strong></span> <span class='ocrx_word' id='word_1_223' title='bbox 1822 1899 2039 1953; x_wconf 81' lang='lat' dir='ltr'><strong>auferre</strong></span> 
     </span>
    </p>
   </div>
   <div class='ocr_carea' id='block_1_34' title="bbox 459 1994 2036 2063">
    <p class='ocr_par' dir='ltr' id='par_1_34' title="bbox 459 1994 2036 2063">
     <span class='ocr_line' id='line_1_34' title="bbox 459 1994 2036 2063; baseline 0.001 -21"><span class='ocrx_word' id='word_1_224' title='bbox 459 1994 627 2046; x_wconf 83' lang='lat' dir='ltr'><strong>valuit</strong></span> <span class='ocrx_word' id='word_1_225' title='bbox 662 2010 863 2063; x_wconf 89' lang='lat' dir='ltr'><strong>pravus</strong></span> <span class='ocrx_word' id='word_1_226' title='bbox 912 1995 1165 2051; x_wconf 80' lang='lat' dir='ltr'><strong>diabolus</strong></span> <span class='ocrx_word' id='word_1_227' title='bbox 1211 1996 1320 2059; x_wconf 85' lang='lat' dir='ltr'><strong>ille,</strong></span> <span class='ocrx_word' id='word_1_228' title='bbox 1370 1996 1652 2048; x_wconf 85' lang='lat' dir='ltr'><strong>caritatem</strong></span> <span class='ocrx_word' id='word_1_229' title='bbox 1702 2004 1879 2048; x_wconf 89' lang='lat' dir='ltr'><strong>autem</strong></span> <span class='ocrx_word' id='word_1_230' title='bbox 1912 2008 2036 2060; x_wconf 74' lang='lat' dir='ltr'><strong>erga</strong></span> 
     </span>
    </p>
   </div>
   <div class='ocr_carea' id='block_1_35' title="bbox 460 2084 2039 2151">
    <p class='ocr_par' dir='ltr' id='par_1_35' title="bbox 460 2084 2039 2151">
     <span class='ocr_line' id='line_1_35' title="bbox 460 2084 2039 2151; baseline 0 -14"><span class='ocrx_word' id='word_1_231' title='bbox 460 2085 625 2140; x_wconf 78' lang='lat' dir='ltr'><strong>Deum</strong></span> <span class='ocrx_word' id='word_1_232' title='bbox 664 2105 768 2140; x_wconf 85' lang='lat' dir='ltr'><strong>non</strong></span> <span class='ocrx_word' id='word_1_233' title='bbox 800 2091 960 2141; x_wconf 87' lang='lat' dir='ltr'><strong>modo</strong></span> <span class='ocrx_word' id='word_1_234' title='bbox 989 2089 1204 2142; x_wconf 72' lang='lat' dir='ltr'><strong>auferre</strong></span> <span class='ocrx_word' id='word_1_235' title='bbox 1236 2104 1338 2141; x_wconf 88' lang='lat' dir='ltr'><strong>non</strong></span> <span class='ocrx_word' id='word_1_236' title='bbox 1378 2088 1565 2151; x_wconf 81' lang='lat' dir='ltr'><strong>valuit,</strong></span> <span class='ocrx_word' id='word_1_237' title='bbox 1601 2091 1693 2141; x_wconf 88' lang='lat' dir='ltr'><strong>sed</strong></span> <span class='ocrx_word' id='word_1_238' title='bbox 1721 2098 1773 2141; x_wconf 85' lang='lat' dir='ltr'><strong>ct</strong></span> <span class='ocrx_word' id='word_1_239' title='bbox 1811 2084 2039 2139; x_wconf 83' lang='lat' dir='ltr'><strong>validio-</strong></span> 
     </span>
    </p>
   </div>
   <div class='ocr_carea' id='block_1_36' title="bbox 460 2172 2037 2244">
    <p class='ocr_par' dir='ltr' id='par_1_36' title="bbox 460 2172 2037 2244">
     <span class='ocr_line' id='line_1_36' title="bbox 460 2172 2037 2244; baseline 0.001 -19"><span class='ocrx_word' id='word_1_240' title='bbox 460 2192 571 2229; x_wconf 89' lang='lat' dir='ltr'><strong>rcm</strong></span> <span class='ocrx_word' id='word_1_241' title='bbox 607 2176 810 2239; x_wconf 68' lang='lat' dir='ltr'><strong>ell‘i-eit,</strong></span> <span class='ocrx_word' id='word_1_242' title='bbox 857 2186 911 2229; x_wconf 89' lang='lat' dir='ltr'><strong>et</strong></span> <span class='ocrx_word' id='word_1_243' title='bbox 958 2177 1214 2230; x_wconf 84' lang='lat' dir='ltr'><strong>omnibus</strong></span> <span class='ocrx_word' id='word_1_244' title='bbox 1253 2178 1488 2244; x_wconf 83' lang='lat' dir='ltr'><strong>propriis</strong></span> <span class='ocrx_word' id='word_1_245' title='bbox 1519 2192 1641 2228; x_wconf 90' lang='lat' dir='ltr'><strong>eum</strong></span> <span class='ocrx_word' id='word_1_246' title='bbox 1676 2176 1886 2229; x_wconf 87' lang='lat' dir='ltr'><strong>nudans</strong></span> <span class='ocrx_word' id='word_1_247' title='bbox 1920 2172 2037 2241; x_wconf 85' lang='lat' dir='ltr'><strong>plu-</strong></span> 
     </span>
    </p>
   </div>
   <div class='ocr_carea' id='block_1_37' title="bbox 459 2266 2039 2323">
    <p class='ocr_par' dir='ltr' id='par_1_37' title="bbox 459 2266 2039 2323">
     <span class='ocr_line' id='line_1_37' title="bbox 459 2266 2039 2323; baseline -0.001 -4"><span class='ocrx_word' id='word_1_248' title='bbox 459 2270 608 2323; x_wconf 85' lang='lat' dir='ltr'><strong>ribus</strong></span> <span class='ocrx_word' id='word_1_249' title='bbox 641 2283 762 2321; x_wconf 85' lang='lat' dir='ltr'><strong>eum</strong></span> <span class='ocrx_word' id='word_1_250' title='bbox 798 2269 952 2323; x_wconf 85' lang='lat' dir='ltr'><strong>bonis</strong></span> <span class='ocrx_word' id='word_1_251' title='bbox 983 2269 1256 2322; x_wconf 79' lang='lat' dir='ltr'><strong>luxuriare</strong></span> <span class='ocrx_word' id='word_1_252' title='bbox 1291 2268 1437 2321; x_wconf 81' lang='lat' dir='ltr'><strong>fecit.</strong></span> <span class='ocrx_word' id='word_1_253' title='bbox 1474 2268 1603 2321; x_wconf 82' lang='lat' dir='ltr'><strong>ideo</strong></span> <span class='ocrx_word' id='word_1_254' title='bbox 1633 2276 1686 2320; x_wconf 88' lang='lat' dir='ltr'><strong>et</strong></span> <span class='ocrx_word' id='word_1_255' title='bbox 1709 2266 1827 2321; x_wconf 92' lang='lat' dir='ltr'><strong>siue</strong></span> <span class='ocrx_word' id='word_1_256' title='bbox 1849 2266 2039 2320; x_wconf 87' lang='lat' dir='ltr'><strong>mediis</strong></span> 
     </span>
    </p>
   </div>
   <div class='ocr_carea' id='block_1_38' title="bbox 456 2356 2038 2428">
    <p class='ocr_par' dir='ltr' id='par_1_38' title="bbox 456 2356 2038 2428">
     <span class='ocr_line' id='line_1_38' title="bbox 456 2356 2038 2428; baseline -0.001 -18"><span class='ocrx_word' id='word_1_257' title='bbox 456 2368 574 2413; x_wconf 72' lang='lat' dir='ltr'><strong>erat</strong></span> <span class='ocrx_word' id='word_1_258' title='bbox 607 2377 623 2416; x_wconf 86' lang='lat'><strong>:</strong></span> <span class='ocrx_word' id='word_1_259' title='bbox 661 2374 769 2428; x_wconf 90' lang='lat' dir='ltr'><strong>quo</strong></span> <span class='ocrx_word' id='word_1_260' title='bbox 816 2361 968 2428; x_wconf 87' lang='lat' dir='ltr'><strong>plura</strong></span> <span class='ocrx_word' id='word_1_261' title='bbox 1003 2360 1147 2413; x_wconf 90' lang='lat' dir='ltr'><strong>enim</strong></span> <span class='ocrx_word' id='word_1_262' title='bbox 1190 2358 1451 2414; x_wconf 81' lang='lat' dir='ltr'><strong>all‘erebat</strong></span> <span class='ocrx_word' id='word_1_263' title='bbox 1481 2358 1723 2423; x_wconf 82' lang='lat' dir='ltr'><strong>vulnera,</strong></span> <span class='ocrx_word' id='word_1_264' title='bbox 1751 2374 1813 2413; x_wconf 89' lang='lat' dir='ltr'><strong>eo</strong></span> <span class='ocrx_word' id='word_1_265' title='bbox 1847 2356 2038 2411; x_wconf 77' lang='lat' dir='ltr'><strong>fortio-</strong></span> 
     </span>
    </p>
   </div>
   <div class='ocr_carea' id='block_1_39' title="bbox 458 2452 2037 2523">
    <p class='ocr_par' dir='ltr' id='par_1_39' title="bbox 458 2452 2037 2523">
     <span class='ocr_line' id='line_1_39' title="bbox 458 2452 2037 2523; baseline -0.003 -17"><span class='ocrx_word' id='word_1_266' title='bbox 458 2468 570 2508; x_wconf 88' lang='lat' dir='ltr'><strong>rem</strong></span> <span class='ocrx_word' id='word_1_267' title='bbox 601 2454 803 2506; x_wconf 81' lang='lat' dir='ltr'><strong>factum</strong></span> <span class='ocrx_word' id='word_1_268' title='bbox 826 2470 946 2506; x_wconf 87' lang='lat' dir='ltr'><strong>eum</strong></span> <span class='ocrx_word' id='word_1_269' title='bbox 972 2454 1193 2508; x_wconf 83' lang='lat' dir='ltr'><strong>videbat</strong></span> <span class='ocrx_word' id='word_1_270' title='bbox 1218 2462 1583 2523; x_wconf 82' lang='lat' dir='ltr'><strong>:quapruptcr</strong></span> <span class='ocrx_word' id='word_1_271' title='bbox 1603 2463 1795 2506; x_wconf 87' lang='lat' dir='ltr'><strong>cuncta</strong></span> <span class='ocrx_word' id='word_1_272' title='bbox 1826 2452 2037 2514; x_wconf 81' lang='lat' dir='ltr'><strong>adiens,</strong></span> 
     </span>
    </p>
   </div>
   <div class='ocr_carea' id='block_1_40' title="bbox 450 2544 2033 2613">
    <p class='ocr_par' dir='ltr' id='par_1_40' title="bbox 450 2544 2033 2613">
     <span class='ocr_line' id='line_1_40' title="bbox 450 2544 2033 2613; baseline -0.001 -15"><span class='ocrx_word' id='word_1_273' title='bbox 450 2555 506 2600; x_wconf 86' lang='lat' dir='ltr'><strong>ct</strong></span> <span class='ocrx_word' id='word_1_274' title='bbox 579 2559 906 2613; x_wconf 86' lang='lat' dir='ltr'><strong>pcrsonans,</strong></span> <span class='ocrx_word' id='word_1_275' title='bbox 975 2560 1098 2599; x_wconf 81' lang='lat' dir='ltr'><strong>cum</strong></span> <span class='ocrx_word' id='word_1_276' title='bbox 1169 2545 1305 2600; x_wconf 84' lang='lat' dir='ltr'><strong>nihil</strong></span> <span class='ocrx_word' id='word_1_277' title='bbox 1382 2544 1700 2613; x_wconf 73' lang='lat' dir='ltr'><strong>profecisset</strong></span> <span class='ocrx_word' id='word_1_278' title='bbox 1770 2545 2033 2613; x_wconf 89' lang='lat' dir='ltr'><strong>amplius,</strong></span> 
     </span>
    </p>
   </div>
   <div class='ocr_carea' id='block_1_41' title="bbox 449 2637 2039 2706">
    <p class='ocr_par' dir='ltr' id='par_1_41' title="bbox 449 2637 2039 2706">
     <span class='ocr_line' id='line_1_41' title="bbox 449 2637 2039 2706; baseline -0.002 -15"><span class='ocrx_word' id='word_1_279' title='bbox 449 2640 516 2691; x_wconf 80' lang='lat' dir='ltr'><strong>ad</strong></span> <span class='ocrx_word' id='word_1_280' title='bbox 578 2648 759 2693; x_wconf 75' lang='lat' dir='ltr'><strong>vetera</strong></span> <span class='ocrx_word' id='word_1_281' title='bbox 820 2638 1048 2693; x_wconf 84' lang='lat' dir='ltr'><strong>recurrit</strong></span> <span class='ocrx_word' id='word_1_282' title='bbox 1089 2653 1261 2703; x_wconf 87' lang='lat' dir='ltr'><strong>arma,</strong></span> <span class='ocrx_word' id='word_1_283' title='bbox 1321 2637 1599 2691; x_wconf 85' lang='lat' dir='ltr'><strong>mulierem</strong></span> <span class='ocrx_word' id='word_1_284' title='bbox 1656 2654 1671 2690; x_wconf 88' lang='lat'><strong>:</strong></span> <span class='ocrx_word' id='word_1_285' title='bbox 1730 2645 1785 2691; x_wconf 90' lang='lat' dir='ltr'><strong>et</strong></span> <span class='ocrx_word' id='word_1_286' title='bbox 1845 2651 2039 2706; x_wconf 84' lang='lat' dir='ltr'><strong>perso-</strong></span> 
     </span>
    </p>
   </div>
   <div class='ocr_carea' id='block_1_42' title="bbox 448 2726 2039 2796">
    <p class='ocr_par' dir='ltr' id='par_1_42' title="bbox 448 2726 2039 2796">
     <span class='ocr_line' id='line_1_42' title="bbox 448 2726 2039 2796; baseline -0.003 -12"><span class='ocrx_word' id='word_1_287' title='bbox 448 2745 574 2784; x_wconf 88' lang='lat' dir='ltr'><strong>nam</strong></span> <span class='ocrx_word' id='word_1_288' title='bbox 606 2728 826 2783; x_wconf 85' lang='lat' dir='ltr'><strong>iudutus</strong></span> <span class='ocrx_word' id='word_1_289' title='bbox 881 2727 1267 2784; x_wconf 88' lang='lat' dir='ltr'><strong>sollicitudinis</strong></span> <span class='ocrx_word' id='word_1_290' title='bbox 1320 2726 1475 2781; x_wconf 76' lang='lat' dir='ltr'><strong>valde</strong></span> <span class='ocrx_word' id='word_1_291' title='bbox 1527 2727 1918 2782; x_wconf 85' lang='lat' dir='ltr'><strong>miserabiliter</strong></span> <span class='ocrx_word' id='word_1_292' title='bbox 1938 2739 2039 2796; x_wconf 89' lang='lat' dir='ltr'><strong>per</strong></span> 
     </span>
    </p>
   </div>
   <div class='ocr_carea' id='block_1_43' title="bbox 445 2816 2037 2889">
    <p class='ocr_par' dir='ltr' id='par_1_43' title="bbox 445 2816 2037 2889">
     <span class='ocr_line' id='line_1_43' title="bbox 445 2816 2037 2889; baseline -0.001 -16"><span class='ocrx_word' id='word_1_293' title='bbox 445 2835 567 2873; x_wconf 87' lang='lat' dir='ltr'><strong>eam</strong></span> <span class='ocrx_word' id='word_1_294' title='bbox 619 2819 741 2889; x_wconf 85' lang='lat' dir='ltr'><strong>ejus</strong></span> <span class='ocrx_word' id='word_1_295' title='bbox 804 2833 964 2873; x_wconf 81' lang='lat' dir='ltr'><strong>casus</strong></span> <span class='ocrx_word' id='word_1_296' title='bbox 1038 2816 1492 2886; x_wconf 68' lang='lat' dir='ltr'><strong>repraesentavit,</strong></span> <span class='ocrx_word' id='word_1_297' title='bbox 1554 2816 2037 2886; x_wconf 84' lang='lat' dir='ltr'><strong>liberationemque</strong></span> 
     </span>
    </p>
   </div>
   <div class='ocr_carea' id='block_1_44' title="bbox 449 2911 2035 2978">
    <p class='ocr_par' dir='ltr' id='par_1_44' title="bbox 449 2911 2035 2978">
     <span class='ocr_line' id='line_1_44' title="bbox 449 2911 2035 2978; baseline 0.001 -13"><span class='ocrx_word' id='word_1_298' title='bbox 449 2914 636 2968; x_wconf 87' lang='lat' dir='ltr'><strong>volens</strong></span> <span class='ocrx_word' id='word_1_299' title='bbox 692 2914 960 2967; x_wconf 88' lang='lat' dir='ltr'><strong>malorum</strong></span> <span class='ocrx_word' id='word_1_300' title='bbox 1009 2911 1190 2976; x_wconf 86' lang='lat' dir='ltr'><strong>istius,</strong></span> <span class='ocrx_word' id='word_1_301' title='bbox 1226 2912 1453 2965; x_wconf 86' lang='lat' dir='ltr'><strong>tentavit</strong></span> <span class='ocrx_word' id='word_1_302' title='bbox 1503 2911 1861 2978; x_wconf 90' lang='lat' dir='ltr'><strong>perniciosum</strong></span> <span class='ocrx_word' id='word_1_303' title='bbox 1907 2911 2035 2966; x_wconf 89' lang='lat' dir='ltr'><strong>illud</strong></span> 
     </span>
    </p>
   </div>
   <div class='ocr_carea' id='block_1_45' title="bbox 444 3003 2035 3073">
    <p class='ocr_par' dir='ltr' id='par_1_45' title="bbox 444 3003 2035 3073">
     <span class='ocr_line' id='line_1_45' title="bbox 444 3003 2035 3073; baseline -0.001 -16"><span class='ocrx_word' id='word_1_304' title='bbox 444 3007 735 3060; x_wconf 79' lang='lat' dir='ltr'><strong>roosilium</strong></span> <span class='ocrx_word' id='word_1_305' title='bbox 763 3006 1012 3073; x_wconf 74' lang='lat' dir='ltr'><strong>ingerere</strong></span> <span class='ocrx_word' id='word_1_306' title='bbox 1046 3020 1061 3057; x_wconf 88' lang='lat'><strong>:</strong></span> <span class='ocrx_word' id='word_1_307' title='bbox 1093 3006 1189 3058; x_wconf 71' lang='lat' dir='ltr'><strong>secl</strong></span> <span class='ocrx_word' id='word_1_308' title='bbox 1223 3019 1398 3072; x_wconf 88' lang='lat' dir='ltr'><strong>neque</strong></span> <span class='ocrx_word' id='word_1_309' title='bbox 1428 3004 1529 3058; x_wconf 86' lang='lat' dir='ltr'><strong>hoc</strong></span> <span class='ocrx_word' id='word_1_310' title='bbox 1563 3004 1723 3058; x_wconf 78' lang='lat' dir='ltr'><strong>inodo</strong></span> <span class='ocrx_word' id='word_1_311' title='bbox 1754 3003 2035 3059; x_wconf 76' lang='lat' dir='ltr'><strong>victoriam</strong></span> 
     </span>
    </p>
   </div>
   <div class='ocr_carea' id='block_1_46' title="bbox 2147 1899 3734 1973">
    <p class='ocr_par' dir='ltr' id='par_1_46' title="bbox 2147 1899 3734 1973">
     <span class='ocr_line' id='line_1_46' title="bbox 2147 1899 3734 1973; baseline 0.001 -20"><span class='ocrx_word' id='word_1_312' title='bbox 2147 1903 2396 1970; x_wconf 86' lang='grc' dir='ltr'>νόμενος,</span> <span class='ocrx_word' id='word_1_313' title='bbox 2445 1902 2567 1957; x_wconf 77' lang='grc' dir='ltr'>οὐδὲ</span> <span class='ocrx_word' id='word_1_314' title='bbox 2612 1903 2825 1957; x_wconf 85' lang='grc' dir='ltr'>ἀπόντα</span> <span class='ocrx_word' id='word_1_315' title='bbox 2881 1904 3108 1973; x_wconf 78' lang='grc' dir='ltr'>ζητήσει</span> <span class='ocrx_word' id='word_1_316' title='bbox 3144 1904 3353 1956; x_wconf 84' lang='grc' dir='ltr'>ταῦτα·</span> <span class='ocrx_word' id='word_1_317' title='bbox 3385 1903 3583 1973; x_wconf 72' lang='grc' dir='ltr'>ῶσπερ</span> <span class='ocrx_word' id='word_1_318' title='bbox 3635 1899 3734 1956; x_wconf 75' lang='grc' dir='ltr'><strong>οὖν</strong></span> 
     </span>
    </p>
   </div>
   <div class='ocr_carea' id='block_1_47' title="bbox 2143 1993 3733 2063">
    <p class='ocr_par' dir='ltr' id='par_1_47' title="bbox 2143 1993 3733 2063">
     <span class='ocr_line' id='line_1_47' title="bbox 2143 1993 3733 2063; baseline 0.001 -18"><span class='ocrx_word' id='word_1_319' title='bbox 2143 1993 2271 2046; x_wconf 75' lang='grc' dir='ltr'>οὐδὲ</span> <span class='ocrx_word' id='word_1_320' title='bbox 2298 1996 2325 2047; x_wconf 89' lang='grc' dir='ltr'><strong>ὁ</strong></span> <span class='ocrx_word' id='word_1_321' title='bbox 2359 1996 2632 2063; x_wconf 83' lang='grc' dir='ltr'>μακάριος</span> <span class='ocrx_word' id='word_1_322' title='bbox 2666 1998 2788 2049; x_wconf 88' lang='grc' dir='ltr'>τότε</span> <span class='ocrx_word' id='word_1_323' title='bbox 2822 1999 3051 2057; x_wconf 82' lang='grc' dir='ltr'>ἐκεῖνος,</span> <span class='ocrx_word' id='word_1_324' title='bbox 3088 1996 3206 2048; x_wconf 81' lang='grc' dir='ltr'>ἀλλ’</span> <span class='ocrx_word' id='word_1_325' title='bbox 3233 1996 3345 2048; x_wconf 79' lang='grc' dir='ltr'>ἀπὸ</span> <span class='ocrx_word' id='word_1_326' title='bbox 3386 1996 3484 2063; x_wconf 83' lang='grc' dir='ltr'>τῆς</span> <span class='ocrx_word' id='word_1_327' title='bbox 3536 1996 3733 2058; x_wconf 79' lang='grc' dir='ltr'>πενίας</span> 
     </span>
    </p>
   </div>
   <div class='ocr_carea' id='block_1_48' title="bbox 2145 2084 3733 2157">
    <p class='ocr_par' dir='ltr' id='par_1_48' title="bbox 2145 2084 3733 2157">
     <span class='ocr_line' id='line_1_48' title="bbox 2145 2084 3733 2157; baseline 0.003 -20"><span class='ocrx_word' id='word_1_328' title='bbox 2145 2084 2531 2157; x_wconf 80' lang='grc' dir='ltr'>λαμπρότερος</span> <span class='ocrx_word' id='word_1_329' title='bbox 2564 2088 2776 2154; x_wconf 78' lang='grc' dir='ltr'>ἐγίνετο</span> <span class='ocrx_word' id='word_1_330' title='bbox 2826 2088 3012 2141; x_wconf 76' lang='grc' dir='ltr'>πάλιν.</span> <span class='ocrx_word' id='word_1_331' title='bbox 3059 2089 3139 2141; x_wconf 87' lang='grc' dir='ltr'><strong>Τά</strong></span> <span class='ocrx_word' id='word_1_332' title='bbox 3170 2091 3269 2157; x_wconf 79' lang='grc' dir='ltr'>μὲν</span> <span class='ocrx_word' id='word_1_333' title='bbox 3309 2089 3419 2157; x_wconf 73' lang='grc' dir='ltr'>γὰρ</span> <span class='ocrx_word' id='word_1_334' title='bbox 3464 2089 3733 2157; x_wconf 86' lang='grc' dir='ltr'>χρήματα</span> 
     </span>
    </p>
   </div>
   <div class='ocr_carea' id='block_1_49' title="bbox 2148 2180 3735 2250">
    <p class='ocr_par' dir='ltr' id='par_1_49' title="bbox 2148 2180 3735 2250">
     <span class='ocr_line' id='line_1_49' title="bbox 2148 2180 3735 2250; baseline -0.001 -17"><span class='ocrx_word' id='word_1_335' title='bbox 2148 2180 2371 2249; x_wconf 74' lang='grc' dir='ltr'>ἴσχυσεν</span> <span class='ocrx_word' id='word_1_336' title='bbox 2404 2181 2705 2250; x_wconf 77' lang='grc' dir='ltr'>ἀφελέσθαι</span> <span class='ocrx_word' id='word_1_337' title='bbox 2736 2182 2766 2233; x_wconf 84' lang='grc' dir='ltr'><strong>ό</strong></span> <span class='ocrx_word' id='word_1_338' title='bbox 2821 2182 3060 2250; x_wconf 73' lang='grc' dir='ltr'>πονηρὸς</span> <span class='ocrx_word' id='word_1_339' title='bbox 3104 2181 3320 2249; x_wconf 83' lang='grc' dir='ltr'>δαίμων</span> <span class='ocrx_word' id='word_1_340' title='bbox 3365 2183 3593 2242; x_wconf 72' lang='grc' dir='ltr'>ὶκεῖνος,</span> <span class='ocrx_word' id='word_1_341' title='bbox 3630 2182 3735 2249; x_wconf 76' lang='grc' dir='ltr'>τὴν</span> 
     </span>
    </p>
   </div>
   <div class='ocr_carea' id='block_1_50' title="bbox 2143 2272 3733 2344">
    <p class='ocr_par' dir='ltr' id='par_1_50' title="bbox 2143 2272 3733 2344">
     <span class='ocr_line' id='line_1_50' title="bbox 2143 2272 3733 2344; baseline -0.001 -19"><span class='ocrx_word' id='word_1_342' title='bbox 2143 2272 2202 2326; x_wconf 82' lang='grc' dir='ltr'><strong>δὲ</strong></span> <span class='ocrx_word' id='word_1_343' title='bbox 2232 2274 2458 2343; x_wconf 78' lang='grc' dir='ltr'>ἀγάπην</span> <span class='ocrx_word' id='word_1_344' title='bbox 2490 2276 2592 2335; x_wconf 77' lang='grc' dir='ltr'><strong>τὴν</strong></span> <span class='ocrx_word' id='word_1_345' title='bbox 2627 2274 2765 2344; x_wconf 85' lang='grc' dir='ltr'>πρὸς</span> <span class='ocrx_word' id='word_1_346' title='bbox 2792 2280 2885 2326; x_wconf 76' lang='grc' dir='ltr'>τὸν</span> <span class='ocrx_word' id='word_1_347' title='bbox 2915 2274 3049 2327; x_wconf 80' lang='grc' dir='ltr'>Θεὸν</span> <span class='ocrx_word' id='word_1_348' title='bbox 3082 2275 3143 2325; x_wconf 82' lang='grc' dir='ltr'><strong>οὐ</strong></span> <span class='ocrx_word' id='word_1_349' title='bbox 3180 2274 3343 2341; x_wconf 87' lang='grc' dir='ltr'>μόνον</span> <span class='ocrx_word' id='word_1_350' title='bbox 3376 2273 3599 2341; x_wconf 78' lang='grc' dir='ltr'>ἀφελεῖν</span> <span class='ocrx_word' id='word_1_351' title='bbox 3630 2273 3733 2324; x_wconf 69' lang='grc' dir='ltr'>οὐκ</span> 
     </span>
    </p>
   </div>
   <div class='ocr_carea' id='block_1_51' title="bbox 2144 2361 3734 2434">
    <p class='ocr_par' dir='ltr' id='par_1_51' title="bbox 2144 2361 3734 2434">
     <span class='ocr_line' id='line_1_51' title="bbox 2144 2361 3734 2434; baseline 0 -19"><span class='ocrx_word' id='word_1_352' title='bbox 2144 2361 2410 2433; x_wconf 74' lang='grc' dir='ltr'>ἠδυνήθη,</span> <span class='ocrx_word' id='word_1_353' title='bbox 2441 2363 2580 2417; x_wconf 89' lang='grc' dir='ltr'><strong>ἀλλά</strong></span> <span class='ocrx_word' id='word_1_354' title='bbox 2614 2365 2710 2417; x_wconf 82' lang='grc' dir='ltr'><strong>καὶ</strong></span> <span class='ocrx_word' id='word_1_355' title='bbox 2741 2366 3124 2434; x_wconf 82' lang='grc' dir='ltr'>δυνατωτέραν</span> <span class='ocrx_word' id='word_1_356' title='bbox 3169 2365 3417 2434; x_wconf 63' lang='grc' dir='ltr'>ἐποίησε,</span> <span class='ocrx_word' id='word_1_357' title='bbox 3456 2364 3547 2415; x_wconf 73' lang='grc' dir='ltr'><strong>καὶ</strong></span> <span class='ocrx_word' id='word_1_358' title='bbox 3593 2365 3734 2416; x_wconf 79' lang='grc' dir='ltr'>πάν-</span> 
     </span>
    </p>
   </div>
   <div class='ocr_carea' id='block_1_52' title="bbox 2143 2454 3735 2526">
    <p class='ocr_par' dir='ltr' id='par_1_52' title="bbox 2143 2454 3735 2526">
     <span class='ocr_line' id='line_1_52' title="bbox 2143 2454 3735 2526; baseline -0.001 -19"><span class='ocrx_word' id='word_1_359' title='bbox 2143 2471 2253 2507; x_wconf 85' lang='grc' dir='ltr'><strong>των</strong></span> <span class='ocrx_word' id='word_1_360' title='bbox 2301 2456 2414 2507; x_wconf 84' lang='grc' dir='ltr'><strong>τῶν</strong></span> <span class='ocrx_word' id='word_1_361' title='bbox 2471 2456 2833 2526; x_wconf 80' lang='grc' dir='ltr'>ὑπαρχόντων</span> <span class='ocrx_word' id='word_1_362' title='bbox 2888 2457 3050 2511; x_wconf 70' lang='grc' dir='ltr'>αὐτὸν</span> <span class='ocrx_word' id='word_1_363' title='bbox 3104 2455 3422 2525; x_wconf 82' lang='grc' dir='ltr'>γυμνώσας,</span> <span class='ocrx_word' id='word_1_364' title='bbox 3481 2454 3735 2507; x_wconf 72' lang='grc' dir='ltr'>πλεὲοσιν</span> 
     </span>
    </p>
   </div>
   <div class='ocr_carea' id='block_1_53' title="bbox 2144 2544 3731 2619">
    <p class='ocr_par' dir='ltr' id='par_1_53' title="bbox 2144 2544 3731 2619">
     <span class='ocr_line' id='line_1_53' title="bbox 2144 2544 3731 2619; baseline -0.001 -20"><span class='ocrx_word' id='word_1_365' title='bbox 2144 2547 2374 2615; x_wconf 77' lang='grc' dir='ltr'>ἐποίησε</span> <span class='ocrx_word' id='word_1_366' title='bbox 2432 2551 2612 2619; x_wconf 79' lang='grc' dir='ltr'>κομᾷν</span> <span class='ocrx_word' id='word_1_367' title='bbox 2646 2550 2894 2617; x_wconf 81' lang='grc' dir='ltr'>ἀγαθοῖς.</span> <span class='ocrx_word' id='word_1_368' title='bbox 2922 2549 3015 2601; x_wconf 79' lang='grc' dir='ltr'><strong>Διὸ</strong></span> <span class='ocrx_word' id='word_1_369' title='bbox 3057 2550 3151 2602; x_wconf 75' lang='grc' dir='ltr'><strong>καὶ</strong></span> <span class='ocrx_word' id='word_1_370' title='bbox 3198 2550 3256 2601; x_wconf 79' lang='grc' dir='ltr'>ἐν</span> <span class='ocrx_word' id='word_1_371' title='bbox 3304 2548 3591 2618; x_wconf 75' lang='grc' dir='ltr'>ἀμηχανία</span> <span class='ocrx_word' id='word_1_372' title='bbox 3620 2544 3731 2616; x_wconf 69' lang='grc' dir='ltr'><strong>ἦν’</strong></span> 
     </span>
    </p>
   </div>
   <div class='ocr_carea' id='block_1_54' title="bbox 2142 2639 3734 2713">
    <p class='ocr_par' dir='ltr' id='par_1_54' title="bbox 2142 2639 3734 2713">
     <span class='ocr_line' id='line_1_54' title="bbox 2142 2639 3734 2713; baseline -0.001 -20"><span class='ocrx_word' id='word_1_373' title='bbox 2142 2640 2254 2710; x_wconf 77' lang='grc' dir='ltr'><strong>ὅσῳ</strong></span> <span class='ocrx_word' id='word_1_374' title='bbox 2295 2641 2406 2711; x_wconf 67' lang='grc' dir='ltr'><strong>γὰρ</strong></span> <span class='ocrx_word' id='word_1_375' title='bbox 2460 2640 2680 2703; x_wconf 87' lang='grc' dir='ltr'>πλείους</span> <span class='ocrx_word' id='word_1_376' title='bbox 2709 2642 2967 2713; x_wconf 85' lang='grc' dir='ltr'>ἀπήγαγε</span> <span class='ocrx_word' id='word_1_377' title='bbox 3018 2639 3258 2708; x_wconf 78' lang='grc' dir='ltr'>πληγὰς,</span> <span class='ocrx_word' id='word_1_378' title='bbox 3305 2639 3549 2708; x_wconf 83' lang='grc' dir='ltr'>τοσούτῳ</span> <span class='ocrx_word' id='word_1_379' title='bbox 3602 2642 3734 2693; x_wconf 76' lang='grc' dir='ltr'>τότε</span> 
     </span>
    </p>
   </div>
   <div class='ocr_carea' id='block_1_55' title="bbox 2141 2730 3736 2802">
    <p class='ocr_par' dir='ltr' id='par_1_55' title="bbox 2141 2730 3736 2802">
     <span class='ocr_line' id='line_1_55' title="bbox 2141 2730 3736 2802; baseline 0 -17"><span class='ocrx_word' id='word_1_380' title='bbox 2141 2731 2516 2802; x_wconf 79' lang='grc' dir='ltr'>δυνατώτερον</span> <span class='ocrx_word' id='word_1_381' title='bbox 2548 2730 2697 2801; x_wconf 85' lang='grc' dir='ltr'>έώρα</span> <span class='ocrx_word' id='word_1_382' title='bbox 2728 2733 3016 2802; x_wconf 84' lang='grc' dir='ltr'>γινόμενον</span> <span class='ocrx_word' id='word_1_383' title='bbox 3041 2748 3057 2765; x_wconf 87' lang='grc'><strong>·</strong></span> <span class='ocrx_word' id='word_1_384' title='bbox 3100 2732 3183 2785; x_wconf 73' lang='grc' dir='ltr'>διὸ</span> <span class='ocrx_word' id='word_1_385' title='bbox 3233 2731 3299 2799; x_wconf 79' lang='grc' dir='ltr'><strong>δὴ</strong></span> <span class='ocrx_word' id='word_1_386' title='bbox 3340 2731 3522 2785; x_wconf 82' lang='grc' dir='ltr'>πάντα</span> <span class='ocrx_word' id='word_1_387' title='bbox 3564 2733 3736 2785; x_wconf 75' lang='grc' dir='ltr'>ἐπελ-</span> 
     </span>
    </p>
   </div>
   <div class='ocr_carea' id='block_1_56' title="bbox 2145 2822 3731 2893">
    <p class='ocr_par' dir='ltr' id='par_1_56' title="bbox 2145 2822 3731 2893">
     <span class='ocr_line' id='line_1_56' title="bbox 2145 2822 3731 2893; baseline -0.001 -17"><span class='ocrx_word' id='word_1_388' title='bbox 2145 2822 2279 2884; x_wconf 88' lang='grc' dir='ltr'>θὼν,</span> <span class='ocrx_word' id='word_1_389' title='bbox 2333 2825 2430 2876; x_wconf 70' lang='grc' dir='ltr'>καὶ</span> <span class='ocrx_word' id='word_1_390' title='bbox 2487 2823 2937 2892; x_wconf 84' lang='grc' dir='ltr'>διακωδωνήσας,</span> <span class='ocrx_word' id='word_1_391' title='bbox 2987 2822 3065 2887; x_wconf 84' lang='grc' dir='ltr'>ὡς</span> <span class='ocrx_word' id='word_1_392' title='bbox 3118 2822 3273 2877; x_wconf 79' lang='grc' dir='ltr'>οὐδὲν</span> <span class='ocrx_word' id='word_1_393' title='bbox 3312 2823 3478 2893; x_wconf 80' lang='grc' dir='ltr'>ήνυσε</span> <span class='ocrx_word' id='word_1_394' title='bbox 3535 2824 3731 2890; x_wconf 76' lang='grc' dir='ltr'>πλέον,</span> 
     </span>
    </p>
   </div>
   <div class='ocr_carea' id='block_1_57' title="bbox 2143 2913 3730 2985">
    <p class='ocr_par' dir='ltr' id='par_1_57' title="bbox 2143 2913 3730 2985">
     <span class='ocr_line' id='line_1_57' title="bbox 2143 2913 3730 2985; baseline 0.001 -19"><span class='ocrx_word' id='word_1_395' title='bbox 2143 2914 2236 2967; x_wconf 60' lang='grc' dir='ltr'><strong>ἰπὶ</strong></span> <span class='ocrx_word' id='word_1_396' title='bbox 2259 2914 2320 2968; x_wconf 83' lang='grc' dir='ltr'>τὸ</span> <span class='ocrx_word' id='word_1_397' title='bbox 2350 2915 2580 2968; x_wconf 71' lang='grc' dir='ltr'>παλαιὸν</span> <span class='ocrx_word' id='word_1_398' title='bbox 2600 2915 2764 2969; x_wconf 85' lang='grc' dir='ltr'>ὅπλον</span> <span class='ocrx_word' id='word_1_399' title='bbox 2791 2915 2994 2984; x_wconf 77' lang='grc' dir='ltr'>έδραμε</span> <span class='ocrx_word' id='word_1_400' title='bbox 3017 2913 3117 2985; x_wconf 80' lang='grc' dir='ltr'>τὴν</span> <span class='ocrx_word' id='word_1_401' title='bbox 3136 2916 3369 2983; x_wconf 85' lang='grc' dir='ltr'>γυναῖκα</span> <span class='ocrx_word' id='word_1_402' title='bbox 3395 2933 3411 2948; x_wconf 77' lang='grc' dir='ltr'><strong><em>ο</em></strong></span> <span class='ocrx_word' id='word_1_403' title='bbox 3440 2916 3535 2967; x_wconf 77' lang='grc' dir='ltr'><strong>καὶ</strong></span> <span class='ocrx_word' id='word_1_404' title='bbox 3553 2932 3730 2983; x_wconf 78' lang='grc' dir='ltr'>προσ-</span> 
     </span>
    </p>
   </div>
   <div class='ocr_carea' id='block_1_58' title="bbox 2141 3006 3733 3080">
    <p class='ocr_par' dir='ltr' id='par_1_58' title="bbox 2141 3006 3733 3080">
     <span class='ocr_line' id='line_1_58' title="bbox 2141 3006 3733 3080; baseline -0.001 -20"><span class='ocrx_word' id='word_1_405' title='bbox 2141 3009 2342 3060; x_wconf 82' lang='grc' dir='ltr'>ωπεῖον</span> <span class='ocrx_word' id='word_1_406' title='bbox 2391 3008 2595 3070; x_wconf 81' lang='grc' dir='ltr'>ὑποδὺς</span> <span class='ocrx_word' id='word_1_407' title='bbox 2651 3006 2984 3078; x_wconf 75' lang='grc' dir='ltr'>κηδεμονίας</span> <span class='ocrx_word' id='word_1_408' title='bbox 3040 3007 3178 3075; x_wconf 80' lang='grc' dir='ltr'>ἄγαν</span> <span class='ocrx_word' id='word_1_409' title='bbox 3212 3006 3461 3070; x_wconf 78' lang='grc' dir='ltr'>ἐλεεινῶς</span> <span class='ocrx_word' id='word_1_410' title='bbox 3503 3008 3733 3080; x_wconf 77' lang='grc' dir='ltr'>ἐξετρα-</span> 
     </span>
    </p>
   </div>
   <div class='ocr_carea' id='block_1_59' title="bbox 446 3095 2036 3170">
    <p class='ocr_par' dir='ltr' id='par_1_59' title="bbox 446 3095 2032 3165">
     <span class='ocr_line' id='line_1_59' title="bbox 446 3095 2032 3165; baseline -0.003 -13"><span class='ocrx_word' id='word_1_411' title='bbox 446 3097 650 3152; x_wconf 84' lang='lat' dir='ltr'><strong>retulit.</strong></span> <span class='ocrx_word' id='word_1_412' title='bbox 706 3095 916 3149; x_wconf 84' lang='lat' dir='ltr'><strong>Etenim</strong></span> <span class='ocrx_word' id='word_1_413' title='bbox 987 3096 1164 3165; x_wconf 86' lang='lat' dir='ltr'><strong>ipsius</strong></span> <span class='ocrx_word' id='word_1_414' title='bbox 1217 3095 1418 3149; x_wconf 85' lang='lat' dir='ltr'><strong>diaboli</strong></span> <span class='ocrx_word' id='word_1_415' title='bbox 1482 3096 1722 3151; x_wconf 81' lang='lat' dir='ltr'><strong>fraudem</strong></span> <span class='ocrx_word' id='word_1_416' title='bbox 1782 3095 2032 3162; x_wconf 72' lang='lat' dir='ltr'><strong>cognorit</strong></span> 
     </span>
    </p>
   </div>
   <div class='ocr_carea' id='block_1_60' title="bbox 2146 3095 3732 3170">
    <p class='ocr_par' dir='ltr' id='par_1_60' title="bbox 2146 3097 3732 3170">
     <span class='ocr_line' id='line_1_60' title="bbox 2146 3097 3732 3170; baseline 0.001 -19"><span class='ocrx_word' id='word_1_417' title='bbox 2146 3097 2357 3169; x_wconf 83' lang='grc' dir='ltr'>γῲδησε</span> <span class='ocrx_word' id='word_1_418' title='bbox 2398 3099 2465 3152; x_wconf 81' lang='grc' dir='ltr'><strong>δι’</strong></span> <span class='ocrx_word' id='word_1_419' title='bbox 2500 3098 2716 3170; x_wconf 78' lang='grc' dir='ltr'>ἐκείνης</span> <span class='ocrx_word' id='word_1_420' title='bbox 2756 3100 2853 3163; x_wconf 83' lang='grc' dir='ltr'><strong>τὰς</strong></span> <span class='ocrx_word' id='word_1_421' title='bbox 2876 3099 3049 3152; x_wconf 66' lang='grc' dir='ltr'>αὐτοῦ</span> <span class='ocrx_word' id='word_1_422' title='bbox 3072 3100 3382 3169; x_wconf 67' lang='grc' dir='ltr'>συμφορὰς,</span> <span class='ocrx_word' id='word_1_423' title='bbox 3416 3099 3513 3151; x_wconf 74' lang='grc' dir='ltr'><strong>καὶ</strong></span> <span class='ocrx_word' id='word_1_424' title='bbox 3546 3115 3732 3168; x_wconf 71' lang='grc' dir='ltr'>προσ-</span> 
     </span>
    </p>
   </div>
   <div class='ocr_carea' id='block_1_61' title="bbox 446 3162 2036 3260">
    <p class='ocr_par' dir='ltr' id='par_1_61' title="bbox 446 3162 2036 3257">
     <span class='ocr_line' id='line_1_61' title="bbox 446 3162 2036 3257; baseline -0.001 -16"><span class='ocrx_word' id='word_1_425' title='bbox 446 3187 714 3242; x_wconf 85' lang='lat' dir='ltr'><strong>mirabilis</strong></span> <span class='ocrx_word' id='word_1_426' title='bbox 742 3197 798 3241; x_wconf 91' lang='lat' dir='ltr'><strong>et</strong></span> <span class='ocrx_word' id='word_1_427' title='bbox 831 3162 1057 3257; x_wconf 80' lang='lat' dir='ltr'><strong>magnus</strong></span> <span class='ocrx_word' id='word_1_428' title='bbox 1083 3186 1221 3254; x_wconf 84' lang='lat' dir='ltr'><strong>Job,</strong></span> <span class='ocrx_word' id='word_1_429' title='bbox 1266 3197 1322 3242; x_wconf 88' lang='lat' dir='ltr'><strong>et</strong></span> <span class='ocrx_word' id='word_1_430' title='bbox 1374 3187 1542 3241; x_wconf 90' lang='lat' dir='ltr'><strong>multo</strong></span> <span class='ocrx_word' id='word_1_431' title='bbox 1572 3204 1694 3244; x_wconf 90' lang='lat' dir='ltr'><strong>cum</strong></span> <span class='ocrx_word' id='word_1_432' title='bbox 1725 3202 1886 3241; x_wconf 87' lang='lat' dir='ltr'><strong>sensu</strong></span> <span class='ocrx_word' id='word_1_433' title='bbox 1926 3203 2036 3239; x_wconf 89' lang='lat' dir='ltr'><strong>nm-</strong></span> 
     </span>
    </p>
   </div>
   <div class='ocr_carea' id='block_1_62' title="bbox 2146 3162 3735 3260">
    <p class='ocr_par' dir='ltr' id='par_1_62' title="bbox 2146 3162 3735 3260">
     <span class='ocr_line' id='line_1_62' title="bbox 2146 3162 3735 3260; baseline 0 -20"><span class='ocrx_word' id='word_1_434' title='bbox 2146 3162 2301 3257; x_wconf 79' lang='grc' dir='ltr'>εποιή</span> <span class='ocrx_word' id='word_1_435' title='bbox 2313 3207 2441 3243; x_wconf 79' lang='grc' dir='ltr'>σατο</span> <span class='ocrx_word' id='word_1_436' title='bbox 2471 3190 2613 3260; x_wconf 77' lang='grc' dir='ltr'>ὑπὲρ</span> <span class='ocrx_word' id='word_1_437' title='bbox 2636 3162 2967 3260; x_wconf 67' lang='grc' dir='ltr'>ἀπαλλαγῆς</span> <span class='ocrx_word' id='word_1_438' title='bbox 3019 3162 3364 3245; x_wconf 39' lang='grc' dir='ltr'>τῶν-τούτου</span> <span class='ocrx_word' id='word_1_439' title='bbox 3394 3162 3608 3252; x_wconf 62' lang='grc' dir='ltr'>κακῶν,</span> <span class='ocrx_word' id='word_1_440' title='bbox 3628 3191 3735 3260; x_wconf 79' lang='grc' dir='ltr'>τὴν</span> 
     </span>
    </p>
   </div>
   <div class='ocr_carea' id='block_1_63' title="bbox 446 3279 2045 3349">
    <p class='ocr_par' dir='ltr' id='par_1_63' title="bbox 446 3279 2045 3349">
     <span class='ocr_line' id='line_1_63' title="bbox 446 3279 2045 3349; baseline 0 -16"><span class='ocrx_word' id='word_1_441' title='bbox 446 3281 596 3335; x_wconf 89' lang='lat' dir='ltr'><strong>lieris</strong></span> <span class='ocrx_word' id='word_1_442' title='bbox 659 3295 725 3334; x_wconf 79' lang='lat' dir='ltr'><strong>ex</strong></span> <span class='ocrx_word' id='word_1_443' title='bbox 783 3280 875 3334; x_wconf 92' lang='lat' dir='ltr'><strong>illo</strong></span> <span class='ocrx_word' id='word_1_444' title='bbox 925 3279 1194 3348; x_wconf 82' lang='lat' dir='ltr'><strong>loquentis</strong></span> <span class='ocrx_word' id='word_1_445' title='bbox 1245 3295 1306 3335; x_wconf 92' lang='lat' dir='ltr'><strong>os</strong></span> <span class='ocrx_word' id='word_1_446' title='bbox 1356 3281 1822 3349; x_wconf 79' lang='lat' dir='ltr'><strong>obturavitzquia</strong></span> <span class='ocrx_word' id='word_1_447' title='bbox 1859 3280 2045 3348; x_wconf 82' lang='lat' dir='ltr'><strong>dilige-</strong></span> 
     </span>
    </p>
   </div>
   <div class='ocr_carea' id='block_1_64' title="bbox 448 3370 2036 3438">
    <p class='ocr_par' dir='ltr' id='par_1_64' title="bbox 448 3370 2036 3438">
     <span class='ocr_line' id='line_1_64' title="bbox 448 3370 2036 3438; baseline 0 -14"><span class='ocrx_word' id='word_1_448' title='bbox 448 3372 538 3425; x_wconf 78' lang='lat' dir='ltr'><strong>hat</strong></span> <span class='ocrx_word' id='word_1_449' title='bbox 569 3386 687 3426; x_wconf 76' lang='lat' dir='ltr'><strong>eam</strong></span> <span class='ocrx_word' id='word_1_450' title='bbox 720 3385 828 3424; x_wconf 91' lang='lat' dir='ltr'><strong>non</strong></span> <span class='ocrx_word' id='word_1_451' title='bbox 861 3386 1025 3438; x_wconf 78' lang='lat' dir='ltr'><strong>supra</strong></span> <span class='ocrx_word' id='word_1_452' title='bbox 1075 3370 1315 3431; x_wconf 88' lang='lat' dir='ltr'><strong>modum,</strong></span> <span class='ocrx_word' id='word_1_453' title='bbox 1352 3380 1407 3423; x_wconf 88' lang='lat' dir='ltr'><strong>ttt</strong></span> <span class='ocrx_word' id='word_1_454' title='bbox 1457 3371 1716 3430; x_wconf 80' lang='lat' dir='ltr'><strong>diximus.</strong></span> <span class='ocrx_word' id='word_1_455' title='bbox 1768 3372 1861 3423; x_wconf 77' lang='lat' dir='ltr'><strong>sed</strong></span> <span class='ocrx_word' id='word_1_456' title='bbox 1895 3371 2036 3424; x_wconf 78' lang='lat' dir='ltr'><strong>sicut</strong></span> 
     </span>
    </p>
   </div>
   <div class='ocr_carea' id='block_1_65' title="bbox 442 3462 2034 3530">
    <p class='ocr_par' dir='ltr' id='par_1_65' title="bbox 442 3462 2034 3530">
     <span class='ocr_line' id='line_1_65' title="bbox 442 3462 2034 3530; baseline -0.002 -15"><span class='ocrx_word' id='word_1_457' title='bbox 442 3468 599 3517; x_wconf 83' lang='lat' dir='ltr'><strong>decet</strong></span> <span class='ocrx_word' id='word_1_458' title='bbox 648 3463 923 3517; x_wconf 82' lang='lat' dir='ltr'><strong>mulierem</strong></span> <span class='ocrx_word' id='word_1_459' title='bbox 960 3479 976 3530; x_wconf 88' lang='lat'><strong>;</strong></span> <span class='ocrx_word' id='word_1_460' title='bbox 1007 3464 1075 3515; x_wconf 84' lang='lat' dir='ltr'><strong>ita</strong></span> <span class='ocrx_word' id='word_1_461' title='bbox 1119 3473 1237 3517; x_wconf 84' lang='lat' dir='ltr'><strong>erat</strong></span> <span class='ocrx_word' id='word_1_462' title='bbox 1280 3462 1384 3517; x_wconf 84' lang='lat' dir='ltr'><strong>Job</strong></span> <span class='ocrx_word' id='word_1_463' title='bbox 1434 3464 1668 3529; x_wconf 69' lang='lat' dir='ltr'><strong>diligens</strong></span> <span class='ocrx_word' id='word_1_464' title='bbox 1722 3475 1911 3517; x_wconf 78' lang='lat' dir='ltr'><strong>custos</strong></span> <span class='ocrx_word' id='word_1_465' title='bbox 1942 3480 2034 3516; x_wconf 76' lang='lat' dir='ltr'><strong>su-</strong></span> 
     </span>
    </p>
   </div>
   <div class='ocr_carea' id='block_1_66' title="bbox 445 3554 2029 3625">
    <p class='ocr_par' dir='ltr' id='par_1_66' title="bbox 445 3554 2029 3625">
     <span class='ocr_line' id='line_1_66' title="bbox 445 3554 2029 3625; baseline 0.001 -19"><span class='ocrx_word' id='word_1_466' title='bbox 445 3555 661 3625; x_wconf 70' lang='lat' dir='ltr'><strong>pientite</strong></span> <span class='ocrx_word' id='word_1_467' title='bbox 700 3557 766 3609; x_wconf 89' lang='lat' dir='ltr'><strong>ab</strong></span> <span class='ocrx_word' id='word_1_468' title='bbox 807 3554 983 3619; x_wconf 89' lang='lat' dir='ltr'><strong>initio,</strong></span> <span class='ocrx_word' id='word_1_469' title='bbox 1027 3563 1172 3607; x_wconf 79' lang='lat' dir='ltr'><strong>utex</strong></span> <span class='ocrx_word' id='word_1_470' title='bbox 1230 3554 1351 3623; x_wconf 85' lang='lat' dir='ltr'><strong>ejus</strong></span> <span class='ocrx_word' id='word_1_471' title='bbox 1406 3556 1588 3608; x_wconf 80' lang='lat' dir='ltr'><strong>verbis</strong></span> <span class='ocrx_word' id='word_1_472' title='bbox 1657 3564 1712 3608; x_wconf 90' lang='lat' dir='ltr'><strong>et</strong></span> <span class='ocrx_word' id='word_1_473' title='bbox 1768 3555 2029 3621; x_wconf 79' lang='lat' dir='ltr'><strong>Operibus</strong></span> 
     </span>
    </p>
   </div>
   <div class='ocr_carea' id='block_1_67' title="bbox 441 3658 683 3716">
    <p class='ocr_par' dir='ltr' id='par_1_67' title="bbox 441 3658 683 3716">
     <span class='ocr_line' id='line_1_67' title="bbox 441 3658 683 3716; baseline 0.017 -19"><span class='ocrx_word' id='word_1_474' title='bbox 441 3658 683 3716; x_wconf 85' lang='lat' dir='ltr'><strong>apparet.</strong></span> 
     </span>
    </p>
   </div>
   <div class='ocr_carea' id='block_1_68' title="bbox 2141 3279 3731 3353">
    <p class='ocr_par' dir='ltr' id='par_1_68' title="bbox 2141 3279 3731 3353">
     <span class='ocr_line' id='line_1_68' title="bbox 2141 3279 3731 3353; baseline 0.002 -21"><span class='ocrx_word' id='word_1_475' title='bbox 2141 3279 2400 3350; x_wconf 72' lang='grc' dir='ltr'>ὀλεθρίαν</span> <span class='ocrx_word' id='word_1_476' title='bbox 2445 3283 2666 3353; x_wconf 74' lang='grc' dir='ltr'>ἐκείνην</span> <span class='ocrx_word' id='word_1_477' title='bbox 2720 3284 2964 3351; x_wconf 73' lang='grc' dir='ltr'>εἰσάγειν</span> <span class='ocrx_word' id='word_1_478' title='bbox 3018 3283 3363 3353; x_wconf 89' lang='grc' dir='ltr'>συμϐουλήν·</span> <span class='ocrx_word' id='word_1_479' title='bbox 3418 3281 3539 3337; x_wconf 79' lang='grc' dir='ltr'>ἀλλ’</span> <span class='ocrx_word' id='word_1_480' title='bbox 3599 3283 3731 3335; x_wconf 73' lang='grc' dir='ltr'>οὐδὲ</span> 
     </span>
    </p>
   </div>
   <div class='ocr_carea' id='block_1_69' title="bbox 2140 3371 3731 3447">
    <p class='ocr_par' dir='ltr' id='par_1_69' title="bbox 2140 3371 3731 3447">
     <span class='ocr_line' id='line_1_69' title="bbox 2140 3371 3731 3447; baseline 0.002 -25"><span class='ocrx_word' id='word_1_481' title='bbox 2140 3371 2316 3436; x_wconf 74' lang='grc' dir='ltr'>οὕτως</span> <span class='ocrx_word' id='word_1_482' title='bbox 2368 3374 2669 3444; x_wconf 65' lang='grc' dir='ltr'>ἐκράτησε.</span> <span class='ocrx_word' id='word_1_483' title='bbox 2707 3376 2818 3428; x_wconf 79' lang='grc' dir='ltr'><strong>Καὶ</strong></span> <span class='ocrx_word' id='word_1_484' title='bbox 2854 3375 2964 3447; x_wconf 88' lang='grc' dir='ltr'><strong>γάρ</strong></span> <span class='ocrx_word' id='word_1_485' title='bbox 3011 3377 3253 3429; x_wconf 82' lang='grc' dir='ltr'>συνεῖδεν</span> <span class='ocrx_word' id='word_1_486' title='bbox 3279 3374 3444 3428; x_wconf 78' lang='grc' dir='ltr'>αὐτοῦ</span> <span class='ocrx_word' id='word_1_487' title='bbox 3486 3373 3580 3427; x_wconf 83' lang='grc' dir='ltr'><strong>τοῦ</strong></span> <span class='ocrx_word' id='word_1_488' title='bbox 3605 3374 3731 3426; x_wconf 68' lang='grc' dir='ltr'><strong>δι)-</strong></span> 
     </span>
    </p>
   </div>
   <div class='ocr_carea' id='block_1_70' title="bbox 2139 3462 3729 3535">
    <p class='ocr_par' dir='ltr' id='par_1_70' title="bbox 2139 3462 3729 3535">
     <span class='ocr_line' id='line_1_70' title="bbox 2139 3462 3729 3535; baseline 0 -19"><span class='ocrx_word' id='word_1_489' title='bbox 2139 3462 2298 3516; x_wconf 61' lang='grc' dir='ltr'>δόλου</span> <span class='ocrx_word' id='word_1_490' title='bbox 2330 3464 2390 3515; x_wconf 87' lang='grc' dir='ltr'>τὸ</span> <span class='ocrx_word' id='word_1_491' title='bbox 2439 3464 2635 3535; x_wconf 76' lang='grc' dir='ltr'>δέλεαρ</span> <span class='ocrx_word' id='word_1_492' title='bbox 2664 3466 2691 3519; x_wconf 87' lang='grc' dir='ltr'><strong>ό</strong></span> <span class='ocrx_word' id='word_1_493' title='bbox 2743 3464 3061 3534; x_wconf 81' lang='grc' dir='ltr'>θαυμαστὸς</span> <span class='ocrx_word' id='word_1_494' title='bbox 3090 3466 3185 3520; x_wconf 74' lang='grc' dir='ltr'><strong>καὶ</strong></span> <span class='ocrx_word' id='word_1_495' title='bbox 3237 3466 3412 3535; x_wconf 78' lang='grc' dir='ltr'>μέγας</span> <span class='ocrx_word' id='word_1_496' title='bbox 3457 3464 3600 3530; x_wconf 74' lang='grc' dir='ltr'>Ἰὼϐ,</span> <span class='ocrx_word' id='word_1_497' title='bbox 3626 3467 3729 3517; x_wconf 75' lang='grc' dir='ltr'><strong>καὶ</strong></span> 
     </span>
    </p>
   </div>
   <div class='ocr_carea' id='block_1_71' title="bbox 2149 3555 3731 3636">
    <p class='ocr_par' dir='ltr' id='par_1_71' title="bbox 2149 3555 3731 3636">
     <span class='ocr_line' id='line_1_71' title="bbox 2149 3555 3731 3636; baseline 0.001 -29"><span class='ocrx_word' id='word_1_498' title='bbox 2149 3557 2290 3624; x_wconf 87' lang='grc' dir='ltr'><strong>μετά</strong></span> <span class='ocrx_word' id='word_1_499' title='bbox 2328 3555 2532 3627; x_wconf 82' lang='grc' dir='ltr'>πολλῆς</span> <span class='ocrx_word' id='word_1_500' title='bbox 2570 3558 2668 3626; x_wconf 82' lang='grc' dir='ltr'>τῆς</span> <span class='ocrx_word' id='word_1_501' title='bbox 2706 3559 2975 3622; x_wconf 84' lang='grc' dir='ltr'>συνέσεως</span> <span class='ocrx_word' id='word_1_502' title='bbox 3007 3558 3115 3628; x_wconf 64' lang='grc' dir='ltr'>τὴν,</span> <span class='ocrx_word' id='word_1_503' title='bbox 3142 3558 3202 3624; x_wconf 77' lang='grc' dir='ltr'><strong>ἐξ</strong></span> <span class='ocrx_word' id='word_1_504' title='bbox 3246 3560 3459 3613; x_wconf 77' lang='grc' dir='ltr'>ἐκείνου</span> <span class='ocrx_word' id='word_1_505' title='bbox 3486 3559 3731 3636; x_wconf 84' lang='grc' dir='ltr'>φθεγγο-</span> 
     </span>
    </p>
   </div>
   <div class='ocr_carea' id='block_1_72' title="bbox 2138 3649 3727 3721">
    <p class='ocr_par' dir='ltr' id='par_1_72' title="bbox 2138 3649 3727 3721">
     <span class='ocr_line' id='line_1_72' title="bbox 2138 3649 3727 3721; baseline 0.002 -22"><span class='ocrx_word' id='word_1_506' title='bbox 2138 3649 2314 3713; x_wconf 72' lang='grc' dir='ltr'>μένην</span> <span class='ocrx_word' id='word_1_507' title='bbox 2352 3652 2590 3713; x_wconf 82' lang='grc' dir='ltr'>γυναῖκα</span> <span class='ocrx_word' id='word_1_508' title='bbox 2620 3649 3016 3721; x_wconf 71' lang='grc' dir='ltr'>ἐπεστόμισενσ</span> <span class='ocrx_word' id='word_1_509' title='bbox 3067 3650 3369 3721; x_wconf 71' lang='grc' dir='ltr'>ἐπειδήπερ</span> <span class='ocrx_word' id='word_1_510' title='bbox 3417 3650 3590 3719; x_wconf 81' lang='grc' dir='ltr'>φιλῶν</span> <span class='ocrx_word' id='word_1_511' title='bbox 3620 3650 3727 3702; x_wconf 80' lang='grc' dir='ltr'><strong>αὺ-</strong></span> 
     </span>
    </p>
   </div>
   <div class='ocr_carea' id='block_1_73' title="bbox 440 3739 3732 3815">
    <p class='ocr_par' dir='ltr' id='par_1_73' title="bbox 440 3739 3732 3815">
     <span class='ocr_line' id='line_1_73' title="bbox 440 3739 3732 3815; baseline -0 -19"><span class='ocrx_word' id='word_1_512' title='bbox 440 3745 540 3813; x_wconf 78' lang='grc' dir='ltr'>τὴν</span> <span class='ocrx_word' id='word_1_513' title='bbox 573 3743 671 3811; x_wconf 79' lang='grc' dir='ltr'><strong>οὐχ</strong></span> <span class='ocrx_word' id='word_1_514' title='bbox 704 3742 845 3812; x_wconf 79' lang='grc' dir='ltr'>ὑπὲρ</span> <span class='ocrx_word' id='word_1_515' title='bbox 876 3742 937 3795; x_wconf 80' lang='grc' dir='ltr'>τὸ</span> <span class='ocrx_word' id='word_1_516' title='bbox 986 3742 1187 3812; x_wconf 84' lang='grc' dir='ltr'>μέτρον</span> <span class='ocrx_word' id='word_1_517' title='bbox 1236 3739 1433 3810; x_wconf 68' lang='grc' dir='ltr'>ιφίλει,</span> <span class='ocrx_word' id='word_1_518' title='bbox 1467 3740 1584 3794; x_wconf 84' lang='grc' dir='ltr'>ἀλλ’</span> <span class='ocrx_word' id='word_1_519' title='bbox 1623 3740 1699 3805; x_wconf 84' lang='grc' dir='ltr'>ὡς</span> <span class='ocrx_word' id='word_1_520' title='bbox 1744 3740 1892 3805; x_wconf 76' lang='grc' dir='ltr'>είκδς</span> <span class='ocrx_word' id='word_1_521' title='bbox 1925 3744 2185 3809; x_wconf 83' lang='grc' dir='ltr'>γυναῖκα,</span> <span class='ocrx_word' id='word_1_522' title='bbox 2220 3742 2473 3813; x_wconf 83' lang='grc' dir='ltr'>καθάπερ</span> <span class='ocrx_word' id='word_1_523' title='bbox 2504 3743 2737 3813; x_wconf 77' lang='grc' dir='ltr'>εἴπομεν</span> <span class='ocrx_word' id='word_1_524' title='bbox 2762 3759 2775 3774; x_wconf 80' lang='grc'><strong><em>⁸</em></strong></span> <span class='ocrx_word' id='word_1_525' title='bbox 2848 3743 3023 3806; x_wconf 80' lang='grc' dir='ltr'>οὕτως</span> <span class='ocrx_word' id='word_1_526' title='bbox 3090 3739 3158 3814; x_wconf 80' lang='grc' dir='ltr'>ἦν</span> <span class='ocrx_word' id='word_1_527' title='bbox 3224 3746 3252 3796; x_wconf 86' lang='grc' dir='ltr'>ὁ</span> <span class='ocrx_word' id='word_1_528' title='bbox 3296 3744 3417 3797; x_wconf 77' lang='grc' dir='ltr'><strong>Ἰὼϐ</strong></span> <span class='ocrx_word' id='word_1_529' title='bbox 3491 3742 3732 3815; x_wconf 74' lang='grc' dir='ltr'>ἀκριϐὴς</span> 
     </span>
    </p>
   </div>
   <div class='ocr_carea' id='block_1_74' title="bbox 437 3836 3316 3911">
    <p class='ocr_par' dir='ltr' id='par_1_74' title="bbox 437 3836 3316 3911">
     <span class='ocr_line' id='line_1_74' title="bbox 437 3836 3316 3911; baseline -0.001 -16"><span class='ocrx_word' id='word_1_530' title='bbox 437 3841 614 3910; x_wconf 80' lang='grc' dir='ltr'>φύλαξ</span> <span class='ocrx_word' id='word_1_531' title='bbox 644 3842 745 3911; x_wconf 80' lang='grc' dir='ltr'><strong>τῆς</strong></span> <span class='ocrx_word' id='word_1_532' title='bbox 778 3838 1137 3911; x_wconf 76' lang='grc' dir='ltr'>σωφροσύνης</span> <span class='ocrx_word' id='word_1_533' title='bbox 1171 3836 1232 3904; x_wconf 75' lang='grc' dir='ltr'><strong>ἐξ</strong></span> <span class='ocrx_word' id='word_1_534' title='bbox 1261 3836 1459 3908; x_wconf 75' lang='grc' dir='ltr'>ἀρχῆς,</span> <span class='ocrx_word' id='word_1_535' title='bbox 1489 3837 1681 3910; x_wconf 87' lang='grc' dir='ltr'>ῶσπερ</span> <span class='ocrx_word' id='word_1_536' title='bbox 1730 3838 1796 3893; x_wconf 77' lang='grc' dir='ltr'>ἐκ</span> <span class='ocrx_word' id='word_1_537' title='bbox 1827 3857 1887 3892; x_wconf 90' lang='grc' dir='ltr'><strong>τε</strong></span> <span class='ocrx_word' id='word_1_538' title='bbox 1913 3838 2022 3893; x_wconf 90' lang='grc' dir='ltr'><strong>τῶν</strong></span> <span class='ocrx_word' id='word_1_539' title='bbox 2057 3839 2236 3907; x_wconf 86' lang='grc' dir='ltr'>λόγων</span> <span class='ocrx_word' id='word_1_540' title='bbox 2267 3840 2430 3892; x_wconf 70' lang='grc' dir='ltr'>αὐτοῦ</span> <span class='ocrx_word' id='word_1_541' title='bbox 2462 3840 2559 3894; x_wconf 70' lang='grc' dir='ltr'><strong>καὶ</strong></span> <span class='ocrx_word' id='word_1_542' title='bbox 2586 3840 2697 3893; x_wconf 88' lang='grc' dir='ltr'><strong>τῶν</strong></span> <span class='ocrx_word' id='word_1_543' title='bbox 2726 3838 2906 3910; x_wconf 74' lang='grc' dir='ltr'>ἔργων</span> <span class='ocrx_word' id='word_1_544' title='bbox 2932 3839 3316 3908; x_wconf 77' lang='grc' dir='ltr'>ἀναφαίνεται.</span> 
     </span>
    </p>
   </div>
   <div class='ocr_carea' id='block_1_75' title="bbox 506 3970 2030 4040">
    <p class='ocr_par' dir='ltr' id='par_1_75' title="bbox 506 3970 2030 4040">
     <span class='ocr_line' id='line_1_75' title="bbox 506 3970 2030 4040; baseline 0.002 -15"><span class='ocrx_word' id='word_1_545' title='bbox 506 3971 561 4025; x_wconf 85' lang='grc' dir='ltr'><strong>ϐ.</strong></span> <span class='ocrx_word' id='word_1_546' title='bbox 602 3975 672 4026; x_wconf 84' lang='lat' dir='ltr'><strong>At</strong></span> <span class='ocrx_word' id='word_1_547' title='bbox 728 3986 928 4040; x_wconf 81' lang='lat' dir='ltr'><strong>corpus</strong></span> <span class='ocrx_word' id='word_1_548' title='bbox 1009 3970 1302 4026; x_wconf 83' lang='lat' dir='ltr'><strong>invalidum</strong></span> <span class='ocrx_word' id='word_1_549' title='bbox 1387 3982 1442 4025; x_wconf 86' lang='lat' dir='ltr'><strong>et</strong></span> <span class='ocrx_word' id='word_1_550' title='bbox 1524 3972 1807 4028; x_wconf 82' lang='lat' dir='ltr'><strong>tabescens</strong></span> <span class='ocrx_word' id='word_1_551' title='bbox 1874 3973 2030 4028; x_wconf 82' lang='lat' dir='ltr'><strong>video</strong></span> 
     </span>
    </p>
   </div>
   <div class='ocr_carea' id='block_1_76' title="bbox 436 4064 2027 4135">
    <p class='ocr_par' dir='ltr' id='par_1_76' title="bbox 436 4064 2027 4135">
     <span class='ocr_line' id='line_1_76' title="bbox 436 4064 2027 4135; baseline 0.003 -18"><span class='ocrx_word' id='word_1_552' title='bbox 436 4065 707 4132; x_wconf 81' lang='lat' dir='ltr'><strong>quomodo</strong></span> <span class='ocrx_word' id='word_1_553' title='bbox 756 4064 979 4119; x_wconf 89' lang='lat' dir='ltr'><strong>curabat</strong></span> <span class='ocrx_word' id='word_1_554' title='bbox 1026 4079 1200 4119; x_wconf 90' lang='lat' dir='ltr'><strong>:cum</strong></span> <span class='ocrx_word' id='word_1_555' title='bbox 1254 4064 1397 4118; x_wconf 91' lang='lat' dir='ltr'><strong>enim</strong></span> <span class='ocrx_word' id='word_1_556' title='bbox 1452 4065 1567 4130; x_wconf 91' lang='lat' dir='ltr'><strong>ipse</strong></span> <span class='ocrx_word' id='word_1_557' title='bbox 1612 4066 1744 4119; x_wconf 89' lang='lat' dir='ltr'><strong>nihil</strong></span> <span class='ocrx_word' id='word_1_558' title='bbox 1791 4082 2027 4135; x_wconf 83' lang='lat' dir='ltr'><strong>unquam</strong></span> 
     </span>
    </p>
   </div>
   <div class='ocr_carea' id='block_1_77' title="bbox 436 4156 2027 4219">
    <p class='ocr_par' dir='ltr' id='par_1_77' title="bbox 436 4156 2027 4219">
     <span class='ocr_line' id='line_1_77' title="bbox 436 4156 2027 4219; baseline 0.001 -7"><span class='ocrx_word' id='word_1_559' title='bbox 436 4158 543 4212; x_wconf 83' lang='lat' dir='ltr'><strong>tale</strong></span> <span class='ocrx_word' id='word_1_560' title='bbox 569 4156 845 4219; x_wconf 80' lang='lat' dir='ltr'><strong>subiisset,</strong></span> <span class='ocrx_word' id='word_1_561' title='bbox 896 4158 988 4211; x_wconf 89' lang='lat' dir='ltr'><strong>scd</strong></span> <span class='ocrx_word' id='word_1_562' title='bbox 1025 4158 1077 4212; x_wconf 93' lang='lat' dir='ltr'><strong>in</strong></span> <span class='ocrx_word' id='word_1_563' title='bbox 1107 4158 1313 4211; x_wconf 85' lang='lat' dir='ltr'><strong>divitiis</strong></span> <span class='ocrx_word' id='word_1_564' title='bbox 1367 4168 1421 4210; x_wconf 92' lang='lat' dir='ltr'><strong>et</strong></span> <span class='ocrx_word' id='word_1_565' title='bbox 1467 4159 1677 4212; x_wconf 83' lang='lat' dir='ltr'><strong>deliciis</strong></span> <span class='ocrx_word' id='word_1_566' title='bbox 1712 4168 1769 4213; x_wconf 93' lang='lat' dir='ltr'><strong>et</strong></span> <span class='ocrx_word' id='word_1_567' title='bbox 1815 4160 2027 4214; x_wconf 62' lang='lat' dir='ltr'><strong>exteris</strong></span> 
     </span>
    </p>
   </div>
   <div class='ocr_carea' id='block_1_78' title="bbox 436 4247 2028 4317">
    <p class='ocr_par' dir='ltr' id='par_1_78' title="bbox 436 4247 2028 4317">
     <span class='ocr_line' id='line_1_78' title="bbox 436 4247 2028 4317; baseline 0.003 -16"><span class='ocrx_word' id='word_1_568' title='bbox 436 4247 819 4316; x_wconf 75' lang='lat' dir='ltr'><strong>Splendorilttts</strong></span> <span class='ocrx_word' id='word_1_569' title='bbox 876 4248 1247 4302; x_wconf 77' lang='lat' dir='ltr'><strong>(&#39;il&#39;CllttIt‘l‘tltlS</strong></span> <span class='ocrx_word' id='word_1_570' title='bbox 1316 4250 1476 4302; x_wconf 90' lang='lat' dir='ltr'><strong>vitam</strong></span> <span class='ocrx_word' id='word_1_571' title='bbox 1541 4249 1782 4317; x_wconf 85' lang='lat' dir='ltr'><strong>degeret,</strong></span> <span class='ocrx_word' id='word_1_572' title='bbox 1822 4251 2028 4306; x_wconf 79' lang='lat' dir='ltr'><strong>alienos</strong></span> 
     </span>
    </p>
   </div>
   <div class='ocr_carea' id='block_1_79' title="bbox 438 4340 2033 4408">
    <p class='ocr_par' dir='ltr' id='par_1_79' title="bbox 438 4340 2033 4408">
     <span class='ocr_line' id='line_1_79' title="bbox 438 4340 2033 4408; baseline 0.002 -15"><span class='ocrx_word' id='word_1_573' title='bbox 438 4355 604 4393; x_wconf 77' lang='lat' dir='ltr'><strong>n.um</strong></span> <span class='ocrx_word' id='word_1_574' title='bbox 664 4351 780 4408; x_wconf 79' lang='lat' dir='ltr'><strong>post</strong></span> <span class='ocrx_word' id='word_1_575' title='bbox 805 4340 1032 4391; x_wconf 85' lang='lat' dir='ltr'><strong>alterum</strong></span> <span class='ocrx_word' id='word_1_576' title='bbox 1055 4355 1210 4393; x_wconf 81' lang='lat' dir='ltr'><strong>casus</strong></span> <span class='ocrx_word' id='word_1_577' title='bbox 1231 4340 1639 4403; x_wconf 77' lang='lat' dir='ltr'><strong>sonmi.ibai,et</strong></span> <span class='ocrx_word' id='word_1_578' title='bbox 1690 4342 1792 4395; x_wconf 88' lang='lat' dir='ltr'><strong>hoe</strong></span> <span class='ocrx_word' id='word_1_579' title='bbox 1846 4354 2033 4397; x_wconf 86' lang='lat' dir='ltr'><strong>osten-</strong></span> 
     </span>
    </p>
   </div>
   <div class='ocr_carea' id='block_1_80' title="bbox 435 4429 2032 4500">
    <p class='ocr_par' dir='ltr' id='par_1_80' title="bbox 435 4429 2032 4500">
     <span class='ocr_line' id='line_1_80' title="bbox 435 4429 2032 4500; baseline 0.001 -14"><span class='ocrx_word' id='word_1_580' title='bbox 435 4430 574 4486; x_wconf 84' lang='lat' dir='ltr'><strong>dens</strong></span> <span class='ocrx_word' id='word_1_581' title='bbox 632 4432 843 4484; x_wconf 81' lang='lat' dir='ltr'><strong>dicebat</strong></span> <span class='ocrx_word' id='word_1_582' title='bbox 875 4448 889 4485; x_wconf 90' lang='lat'><strong>:</strong></span> <span class='ocrx_word' id='word_1_583' title='bbox 924 4429 1109 4483; x_wconf 86' lang='lat' dir='ltr'><strong>Timor</strong></span> <span class='ocrx_word' id='word_1_584' title='bbox 1153 4445 1313 4500; x_wconf 89' lang='lat' dir='ltr'><strong>quem</strong></span> <span class='ocrx_word' id='word_1_585' title='bbox 1379 4432 1655 4497; x_wconf 83' lang='lat' dir='ltr'><strong>timebam,</strong></span> <span class='ocrx_word' id='word_1_586' title='bbox 1685 4433 1833 4488; x_wconf 87' lang='lat' dir='ltr'><strong>venit</strong></span> <span class='ocrx_word' id='word_1_587' title='bbox 1878 4435 2032 4500; x_wconf 87' lang='lat' dir='ltr'><strong>mihi,</strong></span> 
     </span>
    </p>
   </div>
   <div class='ocr_carea' id='block_1_81' title="bbox 438 4522 2032 4598">
    <p class='ocr_par' dir='ltr' id='par_1_81' title="bbox 438 4522 2032 4598">
     <span class='ocr_line' id='line_1_81' title="bbox 438 4522 2032 4598; baseline 0.003 -23"><span class='ocrx_word' id='word_1_588' title='bbox 438 4535 487 4578; x_wconf 87' lang='lat' dir='ltr'><strong>et</strong></span> <span class='ocrx_word' id='word_1_589' title='bbox 524 4538 685 4593; x_wconf 88' lang='lat' dir='ltr'><strong>quem</strong></span> <span class='ocrx_word' id='word_1_590' title='bbox 721 4524 1029 4577; x_wconf 80' lang='lat' dir='ltr'><strong>metuebam</strong></span> <span class='ocrx_word' id='word_1_591' title='bbox 1063 4523 1302 4576; x_wconf 82' lang='lat' dir='ltr'><strong>obviavit</strong></span> <span class='ocrx_word' id='word_1_592' title='bbox 1345 4524 1495 4576; x_wconf 87' lang='lat' dir='ltr'><strong>mihi.</strong></span> <span class='ocrx_word' id='word_1_593' title='bbox 1554 4522 1618 4577; x_wconf 78' lang='lat' dir='ltr'><strong>Et</strong></span> <span class='ocrx_word' id='word_1_594' title='bbox 1645 4538 1879 4581; x_wconf 83' lang='lat' dir='ltr'><strong>rursus:</strong></span> <span class='ocrx_word' id='word_1_595' title='bbox 1920 4526 2032 4598; x_wconf 79' lang='lat' dir='ltr'><strong>Ego</strong></span> 
     </span>
    </p>
   </div>
   <div class='ocr_carea' id='block_1_82' title="bbox 2217 3971 3736 4043">
    <p class='ocr_par' dir='ltr' id='par_1_82' title="bbox 2217 3971 3736 4043">
     <span class='ocr_line' id='line_1_82' title="bbox 2217 3971 3736 4043; baseline 0 -16"><span class='ocrx_word' id='word_1_596' title='bbox 2217 3979 2294 4038; x_wconf 80' lang='grc' dir='ltr'><strong>ς’.</strong></span> <span class='ocrx_word' id='word_1_597' title='bbox 2342 3972 2503 4027; x_wconf 82' lang='grc' dir='ltr'>Ἀλλά</span> <span class='ocrx_word' id='word_1_598' title='bbox 2534 3975 2629 4027; x_wconf 69' lang='grc' dir='ltr'>καὶ</span> <span class='ocrx_word' id='word_1_599' title='bbox 2661 3972 2911 4043; x_wconf 82' lang='grc' dir='ltr'>σώματος</span> <span class='ocrx_word' id='word_1_600' title='bbox 2947 3974 3199 4043; x_wconf 89' lang='grc' dir='ltr'>πήρωσιν</span> <span class='ocrx_word' id='word_1_601' title='bbox 3230 3974 3327 4025; x_wconf 79' lang='grc' dir='ltr'>καὶ</span> <span class='ocrx_word' id='word_1_602' title='bbox 3367 3971 3555 4042; x_wconf 81' lang='grc' dir='ltr'>λώϐην</span> <span class='ocrx_word' id='word_1_603' title='bbox 3599 3973 3736 4027; x_wconf 81' lang='grc' dir='ltr'>σκό-</span> 
     </span>
    </p>
   </div>
   <div class='ocr_carea' id='block_1_83' title="bbox 2142 4065 3734 4136">
    <p class='ocr_par' dir='ltr' id='par_1_83' title="bbox 2142 4065 3734 4136">
     <span class='ocr_line' id='line_1_83' title="bbox 2142 4065 3734 4136; baseline 0 -19"><span class='ocrx_word' id='word_1_604' title='bbox 2142 4083 2237 4118; x_wconf 80' lang='grc' dir='ltr'><strong>πει</strong></span> <span class='ocrx_word' id='word_1_605' title='bbox 2269 4066 2386 4129; x_wconf 83' lang='grc' dir='ltr'><strong>πῶς</strong></span> <span class='ocrx_word' id='word_1_606' title='bbox 2443 4066 2713 4136; x_wconf 73' lang='grc' dir='ltr'>ὲμελέτατ</span> <span class='ocrx_word' id='word_1_607' title='bbox 2760 4065 2952 4136; x_wconf 76' lang='grc' dir='ltr'>ἐπειδὴ</span> <span class='ocrx_word' id='word_1_608' title='bbox 3000 4067 3110 4135; x_wconf 76' lang='grc' dir='ltr'><strong>γάρ</strong></span> <span class='ocrx_word' id='word_1_609' title='bbox 3166 4065 3331 4128; x_wconf 69' lang='grc' dir='ltr'>αὐτὸς</span> <span class='ocrx_word' id='word_1_610' title='bbox 3377 4065 3637 4118; x_wconf 79' lang='grc' dir='ltr'>οὐδέποτέ</span> <span class='ocrx_word' id='word_1_611' title='bbox 3676 4082 3734 4119; x_wconf 87' lang='grc' dir='ltr'><strong>τι</strong></span> 
     </span>
    </p>
   </div>
   <div class='ocr_carea' id='block_1_84' title="bbox 2142 4156 3734 4228">
    <p class='ocr_par' dir='ltr' id='par_1_84' title="bbox 2142 4156 3734 4228">
     <span class='ocr_line' id='line_1_84' title="bbox 2142 4156 3734 4228; baseline -0.001 -17"><span class='ocrx_word' id='word_1_612' title='bbox 2142 4159 2391 4211; x_wconf 81' lang='grc' dir='ltr'>τοιοῦτον</span> <span class='ocrx_word' id='word_1_613' title='bbox 2425 4158 2742 4226; x_wconf 77' lang='grc' dir='ltr'>ὑπέμεινεν,</span> <span class='ocrx_word' id='word_1_614' title='bbox 2776 4156 2893 4209; x_wconf 86' lang='grc' dir='ltr'>ἀλλ’</span> <span class='ocrx_word' id='word_1_615' title='bbox 2927 4158 2986 4208; x_wconf 83' lang='grc' dir='ltr'><strong>ἐν</strong></span> <span class='ocrx_word' id='word_1_616' title='bbox 3031 4156 3251 4228; x_wconf 82' lang='grc' dir='ltr'>πλούτῳ</span> <span class='ocrx_word' id='word_1_617' title='bbox 3282 4158 3375 4210; x_wconf 73' lang='grc' dir='ltr'><strong>καὶ</strong></span> <span class='ocrx_word' id='word_1_618' title='bbox 3409 4159 3591 4226; x_wconf 72' lang='grc' dir='ltr'>τρυφῇ</span> <span class='ocrx_word' id='word_1_619' title='bbox 3626 4159 3734 4209; x_wconf 71' lang='grc' dir='ltr'>καὶ</span> 
     </span>
    </p>
   </div>
   <div class='ocr_carea' id='block_1_85' title="bbox 2140 4248 3732 4321">
    <p class='ocr_par' dir='ltr' id='par_1_85' title="bbox 2140 4248 3732 4321">
     <span class='ocr_line' id='line_1_85' title="bbox 2140 4248 3732 4321; baseline 0 -20"><span class='ocrx_word' id='word_1_620' title='bbox 2140 4252 2207 4320; x_wconf 84' lang='grc' dir='ltr'><strong>τῇ</strong></span> <span class='ocrx_word' id='word_1_621' title='bbox 2259 4250 2398 4321; x_wconf 79' lang='grc' dir='ltr'>ἄλλῃ</span> <span class='ocrx_word' id='word_1_622' title='bbox 2442 4250 2776 4321; x_wconf 79' lang='grc' dir='ltr'>περιφανείᾳ</span> <span class='ocrx_word' id='word_1_623' title='bbox 2807 4249 3037 4302; x_wconf 80' lang='grc' dir='ltr'>διετέλει</span> <span class='ocrx_word' id='word_1_624' title='bbox 3095 4249 3224 4315; x_wconf 80' lang='grc' dir='ltr'>ζῶν,</span> <span class='ocrx_word' id='word_1_625' title='bbox 3273 4249 3375 4312; x_wconf 88' lang='grc' dir='ltr'><strong>τάς</strong></span> <span class='ocrx_word' id='word_1_626' title='bbox 3430 4248 3732 4317; x_wconf 74' lang='grc' dir='ltr'>ἀλλοτρίας</span> 
     </span>
    </p>
   </div>
   <div class='ocr_carea' id='block_1_86' title="bbox 2112 4340 3733 4411">
    <p class='ocr_par' dir='ltr' id='par_1_86' title="bbox 2112 4340 3733 4411">
     <span class='ocr_line' id='line_1_86' title="bbox 2112 4340 3733 4411; baseline -0.002 -16"><span class='ocrx_word' id='word_1_627' title='bbox 2112 4368 2115 4371; x_wconf 94' lang='grc'>·</span> <span class='ocrx_word' id='word_1_628' title='bbox 2143 4342 2497 4411; x_wconf 81' lang='grc' dir='ltr'>καθεκάστην</span> <span class='ocrx_word' id='word_1_629' title='bbox 2533 4341 2891 4411; x_wconf 76' lang='grc' dir='ltr'>ὠνειροπόλει</span> <span class='ocrx_word' id='word_1_630' title='bbox 2934 4342 3224 4410; x_wconf 79' lang='grc' dir='ltr'>συμφοράς</span> <span class='ocrx_word' id='word_1_631' title='bbox 3252 4356 3268 4373; x_wconf 77' lang='grc' dir='ltr'><strong>ο</strong></span> <span class='ocrx_word' id='word_1_632' title='bbox 3315 4341 3409 4393; x_wconf 69' lang='grc' dir='ltr'>καὶ</span> <span class='ocrx_word' id='word_1_633' title='bbox 3436 4340 3598 4394; x_wconf 81' lang='grc' dir='ltr'>τοῦτο</span> <span class='ocrx_word' id='word_1_634' title='bbox 3627 4342 3733 4410; x_wconf 79' lang='grc' dir='ltr'><strong>δη-</strong></span> 
     </span>
    </p>
   </div>
   <div class='ocr_carea' id='block_1_87' title="bbox 2142 4426 3729 4503">
    <p class='ocr_par' dir='ltr' id='par_1_87' title="bbox 2142 4426 3729 4503">
     <span class='ocr_line' id='line_1_87' title="bbox 2142 4426 3729 4503; baseline -0.002 -17"><span class='ocrx_word' id='word_1_635' title='bbox 2142 4433 2272 4497; x_wconf 85' lang='grc' dir='ltr'>λῶν,</span> <span class='ocrx_word' id='word_1_636' title='bbox 2325 4433 2480 4499; x_wconf 73' lang='grc' dir='ltr'>ἔλεγε</span> <span class='ocrx_word' id='word_1_637' title='bbox 2506 4450 2521 4466; x_wconf 92' lang='grc'><strong>·</strong></span> <span class='ocrx_word' id='word_1_638' title='bbox 2555 4432 2725 4496; x_wconf 80' lang='grc' dir='ltr'>Φόϐος</span> <span class='ocrx_word' id='word_1_639' title='bbox 2756 4433 2889 4502; x_wconf 78' lang='grc' dir='ltr'>γὰρ,</span> <span class='ocrx_word' id='word_1_640' title='bbox 2940 4433 3001 4486; x_wconf 78' lang='grc' dir='ltr'><strong>εν</strong></span> <span class='ocrx_word' id='word_1_641' title='bbox 3035 4430 3377 4503; x_wconf 67' lang='grc' dir='ltr'>ἐφοϐούμην,</span> <span class='ocrx_word' id='word_1_642' title='bbox 3409 4426 3542 4502; x_wconf 83' lang='grc' dir='ltr'>ἦλθέ</span> <span class='ocrx_word' id='word_1_643' title='bbox 3579 4447 3676 4500; x_wconf 83' lang='grc' dir='ltr'><strong>μοι</strong></span> <span class='ocrx_word' id='word_1_644' title='bbox 3707 4449 3729 4465; x_wconf 87' lang='grc'><strong>·</strong></span> 
     </span>
    </p>
   </div>
   <div class='ocr_carea' id='block_1_88' title="bbox 2144 4521 3731 4595">
    <p class='ocr_par' dir='ltr' id='par_1_88' title="bbox 2144 4521 3731 4595">
     <span class='ocr_line' id='line_1_88' title="bbox 2144 4521 3731 4595; baseline 0.002 -20"><span class='ocrx_word' id='word_1_645' title='bbox 2144 4525 2240 4576; x_wconf 70' lang='grc' dir='ltr'><strong>καὶ</strong></span> <span class='ocrx_word' id='word_1_646' title='bbox 2268 4522 2327 4575; x_wconf 82' lang='grc' dir='ltr'>δν</span> <span class='ocrx_word' id='word_1_647' title='bbox 2353 4521 2666 4588; x_wconf 75' lang='grc' dir='ltr'>ἐδεδοίκειν,</span> <span class='ocrx_word' id='word_1_648' title='bbox 2703 4525 3010 4595; x_wconf 82' lang='grc' dir='ltr'>συνήντησέ</span> <span class='ocrx_word' id='word_1_649' title='bbox 3045 4540 3162 4594; x_wconf 89' lang='grc' dir='ltr'>μοι.</span> <span class='ocrx_word' id='word_1_650' title='bbox 3191 4525 3303 4577; x_wconf 76' lang='grc' dir='ltr'><strong>Καὶ</strong></span> <span class='ocrx_word' id='word_1_651' title='bbox 3335 4525 3534 4577; x_wconf 80' lang='grc' dir='ltr'>πάλινο</span> <span class='ocrx_word' id='word_1_652' title='bbox 3576 4524 3731 4591; x_wconf 81' lang='grc' dir='ltr'><strong>Ἐγὼ</strong></span> 
     </span>
    </p>
   </div>
   <div class='ocr_carea' id='block_1_89' title="bbox 433 4612 2036 4686">
    <p class='ocr_par' dir='ltr' id='par_1_89' title="bbox 433 4614 2033 4686">
     <span class='ocr_line' id='line_1_89' title="bbox 433 4614 2033 4686; baseline 0.001 -18"><span class='ocrx_word' id='word_1_653' title='bbox 433 4630 595 4669; x_wconf 89' lang='lat' dir='ltr'><strong>omne</strong></span> <span class='ocrx_word' id='word_1_654' title='bbox 620 4614 759 4685; x_wconf 86' lang='lat' dir='ltr'><strong>quod</strong></span> <span class='ocrx_word' id='word_1_655' title='bbox 799 4616 911 4668; x_wconf 86' lang='lat' dir='ltr'><strong>iieri</strong></span> <span class='ocrx_word' id='word_1_656' title='bbox 951 4616 1227 4684; x_wconf 79' lang='lat' dir='ltr'><strong>nequibat,</strong></span> <span class='ocrx_word' id='word_1_657' title='bbox 1272 4614 1426 4681; x_wconf 83' lang='lat' dir='ltr'><strong>ﬂevi;</strong></span> <span class='ocrx_word' id='word_1_658' title='bbox 1464 4617 1700 4686; x_wconf 80' lang='lat' dir='ltr'><strong>ingemui</strong></span> <span class='ocrx_word' id='word_1_659' title='bbox 1759 4618 2033 4671; x_wconf 85' lang='lat' dir='ltr'><strong>hominem</strong></span> 
     </span>
    </p>
   </div>
   <div class='ocr_carea' id='block_1_90' title="bbox 2146 4612 3730 4686">
    <p class='ocr_par' dir='ltr' id='par_1_90' title="bbox 2146 4612 3730 4685">
     <span class='ocr_line' id='line_1_90' title="bbox 2146 4612 3730 4685; baseline 0.004 -22"><span class='ocrx_word' id='word_1_660' title='bbox 2146 4612 2199 4664; x_wconf 79' lang='grc' dir='ltr'>δὲ</span> <span class='ocrx_word' id='word_1_661' title='bbox 2230 4613 2322 4665; x_wconf 67' lang='grc' dir='ltr'>ἐπὶ</span> <span class='ocrx_word' id='word_1_662' title='bbox 2347 4614 2514 4665; x_wconf 79' lang='grc' dir='ltr'>παντὶ</span> <span class='ocrx_word' id='word_1_663' title='bbox 2572 4613 2819 4685; x_wconf 83' lang='grc' dir='ltr'>ἀδυνάτῳ</span> <span class='ocrx_word' id='word_1_664' title='bbox 2852 4613 3116 4682; x_wconf 78' lang='grc' dir='ltr'>ἔκλαυσα,</span> <span class='ocrx_word' id='word_1_665' title='bbox 3174 4614 3434 4681; x_wconf 76' lang='grc' dir='ltr'>ὲστέναξα</span> <span class='ocrx_word' id='word_1_666' title='bbox 3478 4614 3535 4668; x_wconf 81' lang='grc' dir='ltr'><strong>δὲ</strong></span> <span class='ocrx_word' id='word_1_667' title='bbox 3593 4615 3730 4669; x_wconf 86' lang='grc' dir='ltr'>ίδὼν</span> 
     </span>
    </p>
   </div>
   <div class='ocr_carea' id='block_1_91' title="bbox 438 4707 2037 4777">
    <p class='ocr_par' dir='ltr' id='par_1_91' title="bbox 438 4707 2037 4777">
     <span class='ocr_line' id='line_1_91' title="bbox 438 4707 2037 4777; baseline 0.002 -17"><span class='ocrx_word' id='word_1_668' title='bbox 438 4708 630 4761; x_wconf 85' lang='lat' dir='ltr'><strong>videns</strong></span> <span class='ocrx_word' id='word_1_669' title='bbox 695 4708 747 4761; x_wconf 90' lang='lat' dir='ltr'><strong>in</strong></span> <span class='ocrx_word' id='word_1_670' title='bbox 801 4708 1065 4777; x_wconf 78' lang='lat' dir='ltr'><strong>angustiis</strong></span> <span class='ocrx_word' id='word_1_671' title='bbox 1101 4707 1532 4773; x_wconf 82' lang='lat' dir='ltr'><strong>:Quamobrem,</strong></span> <span class='ocrx_word' id='word_1_672' title='bbox 1581 4710 1724 4762; x_wconf 83' lang='lat' dir='ltr'><strong>nulla</strong></span> <span class='ocrx_word' id='word_1_673' title='bbox 1789 4710 2037 4763; x_wconf 87' lang='lat' dir='ltr'><strong>inciden-</strong></span> 
     </span>
    </p>
   </div>
   <div class='ocr_carea' id='block_1_92' title="bbox 436 4795 2035 4863">
    <p class='ocr_par' dir='ltr' id='par_1_92' title="bbox 436 4795 2035 4863">
     <span class='ocr_line' id='line_1_92' title="bbox 436 4795 2035 4863; baseline 0 -13"><span class='ocrx_word' id='word_1_674' title='bbox 436 4799 568 4852; x_wconf 90' lang='lat' dir='ltr'><strong>tium</strong></span> <span class='ocrx_word' id='word_1_675' title='bbox 647 4812 823 4851; x_wconf 86' lang='lat' dir='ltr'><strong>rerutn</strong></span> <span class='ocrx_word' id='word_1_676' title='bbox 897 4812 1211 4863; x_wconf 78' lang='lat' dir='ltr'><strong>magnarum</strong></span> <span class='ocrx_word' id='word_1_677' title='bbox 1288 4795 1503 4849; x_wconf 89' lang='lat' dir='ltr'><strong>illarum</strong></span> <span class='ocrx_word' id='word_1_678' title='bbox 1577 4805 1632 4849; x_wconf 85' lang='lat' dir='ltr'><strong>et</strong></span> <span class='ocrx_word' id='word_1_679' title='bbox 1721 4796 2035 4850; x_wconf 81' lang='lat' dir='ltr'><strong>intolerabi-</strong></span> 
     </span>
    </p>
   </div>
   <div class='ocr_carea' id='block_1_93' title="bbox 431 4887 2035 4956">
    <p class='ocr_par' dir='ltr' id='par_1_93' title="bbox 431 4887 2035 4956">
     <span class='ocr_line' id='line_1_93' title="bbox 431 4887 2035 4956; baseline -0.003 -11"><span class='ocrx_word' id='word_1_680' title='bbox 431 4892 562 4945; x_wconf 25' lang='lat' dir='ltr'><strong>ltum</strong></span> <span class='ocrx_word' id='word_1_681' title='bbox 596 4891 935 4943; x_wconf 75' lang='lat' dir='ltr'><strong>turbabatur.</strong></span> <span class='ocrx_word' id='word_1_682' title='bbox 964 4887 1077 4942; x_wconf 67' lang='lat' dir='ltr'><strong>Non</strong></span> <span class='ocrx_word' id='word_1_683' title='bbox 1119 4891 1260 4942; x_wconf 90' lang='lat' dir='ltr'><strong>enim</strong></span> <span class='ocrx_word' id='word_1_684' title='bbox 1293 4890 1517 4941; x_wconf 78' lang='lat' dir='ltr'><strong>attendo</strong></span> <span class='ocrx_word' id='word_1_685' title='bbox 1586 4889 1848 4942; x_wconf 88' lang='lat' dir='ltr'><strong>bonorum</strong></span> <span class='ocrx_word' id='word_1_686' title='bbox 1911 4904 2035 4956; x_wconf 86' lang='lat' dir='ltr'><strong>per-</strong></span> 
     </span>
    </p>
   </div>
   <div class='ocr_carea' id='block_1_94' title="bbox 432 4982 2032 5049">
    <p class='ocr_par' dir='ltr' id='par_1_94' title="bbox 432 4982 2032 5049">
     <span class='ocr_line' id='line_1_94' title="bbox 432 4982 2032 5049; baseline 0.002 -16"><span class='ocrx_word' id='word_1_687' title='bbox 432 4982 734 5043; x_wconf 78' lang='lat' dir='ltr'><strong>ditionem,</strong></span> <span class='ocrx_word' id='word_1_688' title='bbox 785 4996 887 5033; x_wconf 89' lang='lat' dir='ltr'><strong>non</strong></span> <span class='ocrx_word' id='word_1_689' title='bbox 955 4996 1241 5049; x_wconf 85' lang='lat' dir='ltr'><strong>puerorum</strong></span> <span class='ocrx_word' id='word_1_690' title='bbox 1306 4982 1795 5043; x_wconf 84' lang='lat' dir='ltr'><strong>substractionem,</strong></span> <span class='ocrx_word' id='word_1_691' title='bbox 1859 4996 2032 5049; x_wconf 71' lang='lat' dir='ltr'><strong>neque</strong></span> 
     </span>
    </p>
   </div>
   <div class='ocr_carea' id='block_1_95' title="bbox 348 5073 2021 5141">
    <p class='ocr_par' dir='ltr' id='par_1_95' title="bbox 348 5073 2021 5141">
     <span class='ocr_line' id='line_1_95' title="bbox 348 5073 2021 5141; baseline 0.001 -13"><span class='ocrx_word' id='word_1_692' title='bbox 348 5107 373 5128; x_wconf 77' lang='grc' dir='ltr'><strong>ο</strong></span> <span class='ocrx_word' id='word_1_693' title='bbox 446 5075 658 5141; x_wconf 70' lang='lat' dir='ltr'><strong>plagam</strong></span> <span class='ocrx_word' id='word_1_694' title='bbox 692 5073 837 5125; x_wconf 90' lang='lat' dir='ltr'><strong>illam</strong></span> <span class='ocrx_word' id='word_1_695' title='bbox 873 5073 1254 5137; x_wconf 70' lang='lat' dir='ltr'><strong>insanabilem,</strong></span> <span class='ocrx_word' id='word_1_696' title='bbox 1296 5088 1471 5138; x_wconf 86' lang='lat' dir='ltr'><strong>neque</strong></span> <span class='ocrx_word' id='word_1_697' title='bbox 1502 5074 1747 5126; x_wconf 79' lang='lat' dir='ltr'><strong>mulieris</strong></span> <span class='ocrx_word' id='word_1_698' title='bbox 1775 5074 2021 5137; x_wconf 74' lang='lat' dir='ltr'><strong>insidias,</strong></span> 
     </span>
    </p>
   </div>
   <div class='ocr_carea' id='block_1_96' title="bbox 431 5163 2023 5232">
    <p class='ocr_par' dir='ltr' id='par_1_96' title="bbox 431 5163 2023 5232">
     <span class='ocr_line' id='line_1_96' title="bbox 431 5163 2023 5232; baseline -0.001 -15"><span class='ocrx_word' id='word_1_699' title='bbox 431 5165 525 5217; x_wconf 74' lang='lat' dir='ltr'><strong>Sed</strong></span> <span class='ocrx_word' id='word_1_700' title='bbox 577 5164 662 5217; x_wconf 85' lang='lat' dir='ltr'><strong>bis</strong></span> <span class='ocrx_word' id='word_1_701' title='bbox 758 5163 928 5216; x_wconf 88' lang='lat' dir='ltr'><strong>multo</strong></span> <span class='ocrx_word' id='word_1_702' title='bbox 986 5164 1318 5217; x_wconf 69' lang='lat' dir='ltr'><strong>molestiora.</strong></span> <span class='ocrx_word' id='word_1_703' title='bbox 1357 5165 1418 5217; x_wconf 68' lang='lat' dir='ltr'><strong>lit</strong></span> <span class='ocrx_word' id='word_1_704' title='bbox 1471 5164 1600 5232; x_wconf 80' lang='lat' dir='ltr'><strong>quid</strong></span> <span class='ocrx_word' id='word_1_705' title='bbox 1652 5165 1789 5222; x_wconf 80' lang='lat' dir='ltr'><strong>istis.</strong></span> <span class='ocrx_word' id='word_1_706' title='bbox 1825 5166 2023 5231; x_wconf 85' lang='lat' dir='ltr'><strong>inquis,</strong></span> 
     </span>
    </p>
   </div>
   <div class='ocr_carea' id='block_1_97' title="bbox 431 5253 2029 5323">
    <p class='ocr_par' dir='ltr' id='par_1_97' title="bbox 431 5253 2029 5323">
     <span class='ocr_line' id='line_1_97' title="bbox 431 5253 2029 5323; baseline -0.001 -13"><span class='ocrx_word' id='word_1_707' title='bbox 431 5256 712 5311; x_wconf 74' lang='lat' dir='ltr'><strong>molestius</strong></span> <span class='ocrx_word' id='word_1_708' title='bbox 786 5253 891 5310; x_wconf 81' lang='lat' dir='ltr'><strong>Job</strong></span> <span class='ocrx_word' id='word_1_709' title='bbox 954 5271 1144 5323; x_wconf 56' lang='lat' dir='ltr'><strong>passus</strong></span> <span class='ocrx_word' id='word_1_710' title='bbox 1203 5256 1323 5309; x_wconf 78' lang='lat' dir='ltr'><strong>est?</strong></span> <span class='ocrx_word' id='word_1_711' title='bbox 1382 5257 1463 5307; x_wconf 81' lang='lat' dir='ltr'><strong>Ab</strong></span> <span class='ocrx_word' id='word_1_712' title='bbox 1506 5256 1728 5309; x_wconf 85' lang='lat' dir='ltr'><strong>historia</strong></span> <span class='ocrx_word' id='word_1_713' title='bbox 1767 5255 1897 5307; x_wconf 81' lang='lat' dir='ltr'><strong>nihil</strong></span> <span class='ocrx_word' id='word_1_714' title='bbox 1945 5255 2029 5309; x_wconf 85' lang='lat' dir='ltr'><strong>his</strong></span> 
     </span>
    </p>
   </div>
   <div class='ocr_carea' id='block_1_98' title="bbox 430 5346 2028 5415">
    <p class='ocr_par' dir='ltr' id='par_1_98' title="bbox 430 5346 2028 5415">
     <span class='ocr_line' id='line_1_98' title="bbox 430 5346 2028 5415; baseline 0 -16"><span class='ocrx_word' id='word_1_715' title='bbox 430 5347 660 5415; x_wconf 81' lang='lat' dir='ltr'><strong>amplius</strong></span> <span class='ocrx_word' id='word_1_716' title='bbox 710 5347 1034 5413; x_wconf 56' lang='lat' dir='ltr'><strong>accepimus.</strong></span> <span class='ocrx_word' id='word_1_717' title='bbox 1087 5347 1262 5411; x_wconf 76' lang='lat' dir='ltr'><strong>Quum</strong></span> <span class='ocrx_word' id='word_1_718' title='bbox 1322 5347 1621 5399; x_wconf 78' lang='lat' dir='ltr'><strong>dormimus</strong></span> <span class='ocrx_word' id='word_1_719' title='bbox 1675 5346 1808 5399; x_wconf 79' lang='lat' dir='ltr'><strong>nihil</strong></span> <span class='ocrx_word' id='word_1_720' title='bbox 1858 5347 2028 5399; x_wconf 69' lang='lat' dir='ltr'><strong>disd-</strong></span> 
     </span>
    </p>
   </div>
   <div class='ocr_carea' id='block_1_99' title="bbox 429 5432 2030 5503">
    <p class='ocr_par' dir='ltr' id='par_1_99' title="bbox 429 5432 2030 5503">
     <span class='ocr_line' id='line_1_99' title="bbox 429 5432 2030 5503; baseline 0.001 -15"><span class='ocrx_word' id='word_1_721' title='bbox 429 5452 567 5489; x_wconf 81' lang='lat' dir='ltr'><strong>nus.</strong></span> <span class='ocrx_word' id='word_1_722' title='bbox 616 5432 685 5489; x_wconf 89' lang='lat' dir='ltr'><strong>Ut</strong></span> <span class='ocrx_word' id='word_1_723' title='bbox 751 5450 937 5489; x_wconf 87' lang='lat' dir='ltr'><strong>curam</strong></span> <span class='ocrx_word' id='word_1_724' title='bbox 998 5434 1203 5487; x_wconf 84' lang='lat' dir='ltr'><strong>habens</strong></span> <span class='ocrx_word' id='word_1_725' title='bbox 1261 5446 1309 5489; x_wconf 90' lang='lat' dir='ltr'><strong>et</strong></span> <span class='ocrx_word' id='word_1_726' title='bbox 1374 5436 1718 5503; x_wconf 62' lang='lat' dir='ltr'><strong>natgaiitam</strong></span> <span class='ocrx_word' id='word_1_727' title='bbox 1781 5447 2030 5489; x_wconf 72' lang='lat' dir='ltr'><strong>scrutaris</strong></span> 
     </span>
    </p>
   </div>
   <div class='ocr_carea' id='block_1_100' title="bbox 427 5526 2028 5598">
    <p class='ocr_par' dir='ltr' id='par_1_100' title="bbox 427 5526 2028 5598">
     <span class='ocr_line' id='line_1_100' title="bbox 427 5526 2028 5598; baseline 0 -18"><span class='ocrx_word' id='word_1_728' title='bbox 427 5530 596 5580; x_wconf 86' lang='lat' dir='ltr'><strong>multo</strong></span> <span class='ocrx_word' id='word_1_729' title='bbox 633 5527 839 5598; x_wconf 80' lang='lat' dir='ltr'><strong>majora</strong></span> <span class='ocrx_word' id='word_1_730' title='bbox 881 5528 964 5581; x_wconf 87' lang='lat' dir='ltr'><strong>Itis</strong></span> <span class='ocrx_word' id='word_1_731' title='bbox 1014 5526 1062 5578; x_wconf 87' lang='lat' dir='ltr'><strong>vi</strong></span> <span class='ocrx_word' id='word_1_732' title='bbox 1088 5527 1259 5581; x_wconf 83' lang='lat' dir='ltr'><strong>dcuit.</strong></span> <span class='ocrx_word' id='word_1_733' title='bbox 1309 5526 1615 5581; x_wconf 78' lang='lat' dir='ltr'><strong>Molestiora</strong></span> <span class='ocrx_word' id='word_1_734' title='bbox 1648 5529 1792 5581; x_wconf 81' lang='lat' dir='ltr'><strong>enim</strong></span> <span class='ocrx_word' id='word_1_735' title='bbox 1824 5538 1879 5582; x_wconf 90' lang='lat' dir='ltr'><strong>et</strong></span> <span class='ocrx_word' id='word_1_736' title='bbox 1903 5538 2028 5595; x_wconf 80' lang='lat' dir='ltr'><strong>apta</strong></span> 
     </span>
    </p>
   </div>
   <div class='ocr_carea' id='block_1_101' title="bbox 428 5614 2024 5688">
    <p class='ocr_par' dir='ltr' id='par_1_101' title="bbox 428 5614 2024 5688">
     <span class='ocr_line' id='line_1_101' title="bbox 428 5614 2024 5688; baseline 0.001 -19"><span class='ocrx_word' id='word_1_737' title='bbox 428 5622 495 5670; x_wconf 75' lang='lat' dir='ltr'><strong>ad</strong></span> <span class='ocrx_word' id='word_1_738' title='bbox 527 5618 787 5688; x_wconf 69' lang='lat' dir='ltr'><strong>majorem</strong></span> <span class='ocrx_word' id='word_1_739' title='bbox 820 5614 1177 5672; x_wconf 75' lang='lat' dir='ltr'><strong>ittcuticudatu</strong></span> <span class='ocrx_word' id='word_1_740' title='bbox 1232 5616 1622 5678; x_wconf 48' lang='lat' dir='ltr'><strong>tttrb&#39;tiouem,</strong></span> <span class='ocrx_word' id='word_1_741' title='bbox 1665 5616 1768 5668; x_wconf 72' lang='lat' dir='ltr'><strong>alia</strong></span> <span class='ocrx_word' id='word_1_742' title='bbox 1826 5631 2024 5676; x_wconf 59' lang='lat' dir='ltr'><strong>erant:</strong></span> 
     </span>
    </p>
   </div>
   <div class='ocr_carea' id='block_1_102' title="bbox 2143 4701 3731 4775">
    <p class='ocr_par' dir='ltr' id='par_1_102' title="bbox 2143 4701 3731 4775">
     <span class='ocr_line' id='line_1_102' title="bbox 2143 4701 3731 4775; baseline 0.003 -21"><span class='ocrx_word' id='word_1_743' title='bbox 2143 4701 2318 4771; x_wconf 78' lang='grc' dir='ltr'>ἄνδρα</span> <span class='ocrx_word' id='word_1_744' title='bbox 2355 4704 2415 4755; x_wconf 79' lang='grc' dir='ltr'>ὲν</span> <span class='ocrx_word' id='word_1_745' title='bbox 2440 4702 2732 4770; x_wconf 84' lang='grc' dir='ltr'>ἀνάγκαις.</span> <span class='ocrx_word' id='word_1_746' title='bbox 2772 4704 2874 4757; x_wconf 86' lang='grc' dir='ltr'>Διά</span> <span class='ocrx_word' id='word_1_747' title='bbox 2917 4703 3095 4769; x_wconf 83' lang='grc' dir='ltr'>τοῦτο,</span> <span class='ocrx_word' id='word_1_748' title='bbox 3130 4705 3286 4758; x_wconf 70' lang='grc' dir='ltr'>οὐδέν</span> <span class='ocrx_word' id='word_1_749' title='bbox 3314 4705 3481 4758; x_wconf 71' lang='grc' dir='ltr'>αὐτὸν</span> <span class='ocrx_word' id='word_1_750' title='bbox 3521 4706 3731 4775; x_wconf 77' lang='grc' dir='ltr'>ἐθορύ-</span> 
     </span>
    </p>
   </div>
   <div class='ocr_carea' id='block_1_103' title="bbox 2142 4794 3731 4866">
    <p class='ocr_par' dir='ltr' id='par_1_103' title="bbox 2142 4794 3731 4866">
     <span class='ocr_line' id='line_1_103' title="bbox 2142 4794 3731 4866; baseline 0.005 -21"><span class='ocrx_word' id='word_1_751' title='bbox 2142 4794 2229 4846; x_wconf 86' lang='grc' dir='ltr'><strong>ϐει</strong></span> <span class='ocrx_word' id='word_1_752' title='bbox 2255 4795 2366 4846; x_wconf 87' lang='grc' dir='ltr'><strong>τῶν</strong></span> <span class='ocrx_word' id='word_1_753' title='bbox 2412 4797 2871 4866; x_wconf 73' lang='grc' dir='ltr'>προσπιπτόντων</span> <span class='ocrx_word' id='word_1_754' title='bbox 2908 4797 3020 4849; x_wconf 88' lang='grc' dir='ltr'><strong>τῶν</strong></span> <span class='ocrx_word' id='word_1_755' title='bbox 3072 4798 3327 4866; x_wconf 81' lang='grc' dir='ltr'>μεγάλων</span> <span class='ocrx_word' id='word_1_756' title='bbox 3364 4798 3589 4852; x_wconf 69' lang='grc' dir='ltr'>ἐκείνων</span> <span class='ocrx_word' id='word_1_757' title='bbox 3622 4801 3731 4854; x_wconf 78' lang='grc' dir='ltr'>καὶ</span> 
     </span>
    </p>
   </div>
   <div class='ocr_carea' id='block_1_104' title="bbox 2141 4886 3728 4962">
    <p class='ocr_par' dir='ltr' id='par_1_104' title="bbox 2141 4886 3728 4962">
     <span class='ocr_line' id='line_1_104' title="bbox 2141 4886 3728 4962; baseline 0.002 -23"><span class='ocrx_word' id='word_1_758' title='bbox 2141 4886 2434 4957; x_wconf 68' lang='grc' dir='ltr'>ἀφορήτων</span> <span class='ocrx_word' id='word_1_759' title='bbox 2460 4904 2475 4921; x_wconf 89' lang='grc'><strong>·</strong></span> <span class='ocrx_word' id='word_1_760' title='bbox 2512 4888 2588 4957; x_wconf 84' lang='grc' dir='ltr'>μὴ</span> <span class='ocrx_word' id='word_1_761' title='bbox 2628 4888 2731 4959; x_wconf 83' lang='grc' dir='ltr'><strong>γάρ</strong></span> <span class='ocrx_word' id='word_1_762' title='bbox 2761 4905 2851 4956; x_wconf 86' lang='grc' dir='ltr'><strong>μοι</strong></span> <span class='ocrx_word' id='word_1_763' title='bbox 2881 4889 2979 4959; x_wconf 83' lang='grc' dir='ltr'><strong>τὴν</strong></span> <span class='ocrx_word' id='word_1_764' title='bbox 3008 4887 3286 4943; x_wconf 84' lang='grc' dir='ltr'>ἀπώλειαν</span> <span class='ocrx_word' id='word_1_765' title='bbox 3309 4891 3426 4962; x_wconf 63' lang='lat' dir='ltr'><strong>(an;</strong></span> <span class='ocrx_word' id='word_1_766' title='bbox 3451 4891 3558 4943; x_wconf 80' lang='grc' dir='ltr'><strong>τῶν</strong></span> <span class='ocrx_word' id='word_1_767' title='bbox 3578 4908 3689 4961; x_wconf 80' lang='grc' dir='ltr'>χρη</span> <span class='ocrx_word' id='word_1_768' title='bbox 3706 4921 3728 4933; x_wconf 86' lang='lat'><strong>-</strong></span> 
     </span>
    </p>
   </div>
   <div class='ocr_carea' id='block_1_105' title="bbox 2143 4978 3727 5052">
    <p class='ocr_par' dir='ltr' id='par_1_105' title="bbox 2143 4978 3727 5052">
     <span class='ocr_line' id='line_1_105' title="bbox 2143 4978 3727 5052; baseline 0.004 -23"><span class='ocrx_word' id='word_1_769' title='bbox 2143 4978 2353 5045; x_wconf 86' lang='grc' dir='ltr'>μάτων,</span> <span class='ocrx_word' id='word_1_770' title='bbox 2390 4979 2526 5047; x_wconf 77' lang='grc' dir='ltr'>μηδὲ</span> <span class='ocrx_word' id='word_1_771' title='bbox 2577 4978 2676 5049; x_wconf 77' lang='grc' dir='ltr'>τὴν</span> <span class='ocrx_word' id='word_1_772' title='bbox 2702 4981 2812 5032; x_wconf 81' lang='grc' dir='ltr'><strong>τῶν</strong></span> <span class='ocrx_word' id='word_1_773' title='bbox 2848 4982 3052 5033; x_wconf 77' lang='grc' dir='ltr'>παίδων</span> <span class='ocrx_word' id='word_1_774' title='bbox 3094 4982 3404 5052; x_wconf 56' lang='grc' dir='ltr'>ἀραίρεσιν,</span> <span class='ocrx_word' id='word_1_775' title='bbox 3451 4984 3586 5051; x_wconf 78' lang='grc' dir='ltr'>μηδὲ</span> <span class='ocrx_word' id='word_1_776' title='bbox 3619 4983 3727 5051; x_wconf 73' lang='grc' dir='ltr'>τὴν</span> 
     </span>
    </p>
   </div>
   <div class='ocr_carea' id='block_1_106' title="bbox 2135 5070 3725 5144">
    <p class='ocr_par' dir='ltr' id='par_1_106' title="bbox 2135 5070 3725 5144">
     <span class='ocr_line' id='line_1_106' title="bbox 2135 5070 3725 5144; baseline 0.004 -25"><span class='ocrx_word' id='word_1_777' title='bbox 2135 5070 2354 5139; x_wconf 78' lang='grc' dir='ltr'>πληγὴν</span> <span class='ocrx_word' id='word_1_778' title='bbox 2395 5070 2611 5141; x_wconf 78' lang='grc' dir='ltr'>ἐκείνην</span> <span class='ocrx_word' id='word_1_779' title='bbox 2635 5071 2734 5141; x_wconf 83' lang='grc' dir='ltr'><strong>τὴν</strong></span> <span class='ocrx_word' id='word_1_780' title='bbox 2767 5073 3004 5134; x_wconf 83' lang='grc' dir='ltr'>ἀνίατον,</span> <span class='ocrx_word' id='word_1_781' title='bbox 3038 5074 3174 5142; x_wconf 75' lang='grc' dir='ltr'>μηδὲ</span> <span class='ocrx_word' id='word_1_782' title='bbox 3199 5075 3301 5144; x_wconf 81' lang='grc' dir='ltr'><strong>τὴν</strong></span> <span class='ocrx_word' id='word_1_783' title='bbox 3326 5076 3424 5141; x_wconf 77' lang='grc' dir='ltr'><strong>τῆς</strong></span> <span class='ocrx_word' id='word_1_784' title='bbox 3453 5074 3725 5141; x_wconf 70' lang='grc' dir='ltr'>γυναικὸς</span> 
     </span>
    </p>
   </div>
   <div class='ocr_carea' id='block_1_107' title="bbox 2135 5161 3721 5235">
    <p class='ocr_par' dir='ltr' id='par_1_107' title="bbox 2135 5161 3721 5235">
     <span class='ocr_line' id='line_1_107' title="bbox 2135 5161 3721 5235; baseline 0.003 -23"><span class='ocrx_word' id='word_1_785' title='bbox 2135 5161 2458 5231; x_wconf 64' lang='grc' dir='ltr'>ἐπιϐουλὴν,</span> <span class='ocrx_word' id='word_1_786' title='bbox 2511 5163 2649 5215; x_wconf 81' lang='grc' dir='ltr'>ὀλλά</span> <span class='ocrx_word' id='word_1_787' title='bbox 2706 5164 2775 5219; x_wconf 80' lang='grc' dir='ltr'><strong>τὰ</strong></span> <span class='ocrx_word' id='word_1_788' title='bbox 2826 5164 3008 5233; x_wconf 82' lang='grc' dir='ltr'>πολλῷ</span> <span class='ocrx_word' id='word_1_789' title='bbox 3057 5165 3267 5217; x_wconf 87' lang='grc' dir='ltr'>τούτων</span> <span class='ocrx_word' id='word_1_790' title='bbox 3316 5165 3721 5235; x_wconf 78' lang='grc' dir='ltr'>χαλεπώτερα·</span> 
     </span>
    </p>
   </div>
   <div class='ocr_carea' id='block_1_108' title="bbox 2135 5254 3722 5326">
    <p class='ocr_par' dir='ltr' id='par_1_108' title="bbox 2135 5254 3722 5326">
     <span class='ocr_line' id='line_1_108' title="bbox 2135 5254 3722 5326; baseline 0.002 -21"><span class='ocrx_word' id='word_1_791' title='bbox 2135 5254 2232 5305; x_wconf 78' lang='grc' dir='ltr'>καὶ</span> <span class='ocrx_word' id='word_1_792' title='bbox 2261 5255 2314 5305; x_wconf 89' lang='grc' dir='ltr'><strong>τί</strong></span> <span class='ocrx_word' id='word_1_793' title='bbox 2348 5255 2579 5315; x_wconf 79' lang='grc' dir='ltr'>τούτων,</span> <span class='ocrx_word' id='word_1_794' title='bbox 2613 5256 2769 5324; x_wconf 73' lang='grc' dir='ltr'>φησὶ,</span> <span class='ocrx_word' id='word_1_795' title='bbox 2813 5256 3201 5326; x_wconf 76' lang='grc' dir='ltr'>χαλεπώτερον</span> <span class='ocrx_word' id='word_1_796' title='bbox 3241 5257 3443 5310; x_wconf 76' lang='grc' dir='ltr'>ἔπαθεν</span> <span class='ocrx_word' id='word_1_797' title='bbox 3474 5259 3503 5309; x_wconf 85' lang='grc' dir='ltr'>ὁ</span> <span class='ocrx_word' id='word_1_798' title='bbox 3554 5257 3722 5323; x_wconf 77' lang='grc' dir='ltr'><strong>Ὶὼϐς</strong></span> 
     </span>
    </p>
   </div>
   <div class='ocr_carea' id='block_1_109' title="bbox 2137 5345 3729 5419">
    <p class='ocr_par' dir='ltr' id='par_1_109' title="bbox 2137 5345 3729 5419">
     <span class='ocr_line' id='line_1_109' title="bbox 2137 5345 3729 5419; baseline 0.004 -22"><span class='ocrx_word' id='word_1_799' title='bbox 2137 5346 2295 5415; x_wconf 81' lang='grc' dir='ltr'>Παρὰ</span> <span class='ocrx_word' id='word_1_800' title='bbox 2322 5345 2430 5415; x_wconf 81' lang='grc' dir='ltr'>γὰρ</span> <span class='ocrx_word' id='word_1_801' title='bbox 2466 5345 2563 5409; x_wconf 76' lang='grc' dir='ltr'><strong>τῆς</strong></span> <span class='ocrx_word' id='word_1_802' title='bbox 2596 5347 2861 5416; x_wconf 76' lang='grc' dir='ltr'>ἱστορίας,</span> <span class='ocrx_word' id='word_1_803' title='bbox 2888 5347 3044 5401; x_wconf 69' lang='grc' dir='ltr'>οὐδὲν</span> <span class='ocrx_word' id='word_1_804' title='bbox 3076 5348 3283 5401; x_wconf 77' lang='grc' dir='ltr'>τούτων</span> <span class='ocrx_word' id='word_1_805' title='bbox 3307 5348 3470 5401; x_wconf 83' lang='grc' dir='ltr'>πλέον</span> <span class='ocrx_word' id='word_1_806' title='bbox 3505 5349 3729 5419; x_wconf 63' lang='grc' dir='ltr'>μακθά-</span> 
     </span>
    </p>
   </div>
   <div class='ocr_carea' id='block_1_110' title="bbox 2136 5436 3725 5509">
    <p class='ocr_par' dir='ltr' id='par_1_110' title="bbox 2136 5436 3725 5509">
     <span class='ocr_line' id='line_1_110' title="bbox 2136 5436 3725 5509; baseline 0.004 -23"><span class='ocrx_word' id='word_1_807' title='bbox 2136 5451 2304 5503; x_wconf 87' lang='grc' dir='ltr'>νομεν</span> <span class='ocrx_word' id='word_1_808' title='bbox 2335 5452 2347 5465; x_wconf 89' lang='grc'><strong>·</strong></span> <span class='ocrx_word' id='word_1_809' title='bbox 2380 5436 2568 5506; x_wconf 80' lang='grc' dir='ltr'>ἐπειδὴ</span> <span class='ocrx_word' id='word_1_810' title='bbox 2598 5437 2956 5508; x_wconf 74' lang='grc' dir='ltr'>καθεύδομεν,</span> <span class='ocrx_word' id='word_1_811' title='bbox 2983 5440 3043 5491; x_wconf 81' lang='grc' dir='ltr'><strong>οὐ</strong></span> <span class='ocrx_word' id='word_1_812' title='bbox 3079 5440 3463 5509; x_wconf 57' lang='grc' dir='ltr'>μανθάνομεν</span> <span class='ocrx_word' id='word_1_813' title='bbox 3493 5442 3568 5501; x_wconf 82' lang='grc' dir='ltr'><strong>ῶς</strong></span> <span class='ocrx_word' id='word_1_814' title='bbox 3596 5442 3624 5492; x_wconf 76' lang='grc' dir='ltr'>ὃ</span> <span class='ocrx_word' id='word_1_815' title='bbox 3653 5458 3725 5506; x_wconf 75' lang='grc' dir='ltr'><strong>γε</strong></span> 
     </span>
    </p>
   </div>
   <div class='ocr_carea' id='block_1_111' title="bbox 2143 5525 3727 5609">
    <p class='ocr_par' dir='ltr' id='par_1_111' title="bbox 2143 5525 3727 5609">
     <span class='ocr_line' id='line_1_111' title="bbox 2143 5525 3727 5609; baseline 0.004 -32"><span class='ocrx_word' id='word_1_816' title='bbox 2143 5525 2451 5597; x_wconf 81' lang='grc' dir='ltr'>μεριμνῶν,</span> <span class='ocrx_word' id='word_1_817' title='bbox 2488 5528 2582 5581; x_wconf 72' lang='grc' dir='ltr'>καὶ</span> <span class='ocrx_word' id='word_1_818' title='bbox 2612 5528 2705 5581; x_wconf 70' lang='grc' dir='ltr'>τὸν</span> <span class='ocrx_word' id='word_1_819' title='bbox 2736 5531 3082 5600; x_wconf 84' lang='grc' dir='ltr'>μαργαρίτην</span> <span class='ocrx_word' id='word_1_820' title='bbox 3119 5530 3300 5609; x_wconf 81' lang='grc' dir='ltr'>καλῶς</span> <span class='ocrx_word' id='word_1_821' title='bbox 3345 5530 3727 5600; x_wconf 76' lang='grc' dir='ltr'>διερευνώμε-</span> 
     </span>
    </p>
   </div>
   <div class='ocr_carea' id='block_1_112' title="bbox 2142 5615 3730 5690">
    <p class='ocr_par' dir='ltr' id='par_1_112' title="bbox 2142 5615 3730 5690">
     <span class='ocr_line' id='line_1_112' title="bbox 2142 5615 3730 5690; baseline 0.004 -22"><span class='ocrx_word' id='word_1_822' title='bbox 2142 5634 2253 5681; x_wconf 84' lang='grc' dir='ltr'>νος,</span> <span class='ocrx_word' id='word_1_823' title='bbox 2303 5615 2486 5687; x_wconf 80' lang='grc' dir='ltr'>πολλῷ</span> <span class='ocrx_word' id='word_1_824' title='bbox 2520 5616 2741 5671; x_wconf 82' lang='grc' dir='ltr'>πλείονα</span> <span class='ocrx_word' id='word_1_825' title='bbox 2785 5620 2988 5674; x_wconf 69' lang='grc' dir='ltr'>τούτων</span> <span class='ocrx_word' id='word_1_826' title='bbox 3015 5622 3250 5675; x_wconf 65' lang='grc' dir='ltr'>εἴσεται·</span> <span class='ocrx_word' id='word_1_827' title='bbox 3297 5622 3365 5675; x_wconf 77' lang='grc' dir='ltr'>τὰ</span> <span class='ocrx_word' id='word_1_828' title='bbox 3395 5621 3505 5690; x_wconf 71' lang='grc' dir='ltr'>γὰρ</span> <span class='ocrx_word' id='word_1_829' title='bbox 3555 5620 3730 5690; x_wconf 81' lang='grc' dir='ltr'>χαλε-</span> 
     </span>
    </p>
   </div>
  </div>
