4050 6210
385 267 492 328 933

1721 275 2044 338 ETllICJN
2089 281 2128 338 ι’
2145 279 2190 340 l.

3519 311 3632 390 est,

383 381 536 446 ζουσι
563 381 784 452 βλέπειν
815 383 908 435 καὶ
945 381 1044 452 τὴν
1079 385 1310 452 κοπρίαν
1357 384 1594 456 ἐκείνην,
1633 389 1728 440 καὶ
1759 387 1910 440 τοῦτο

2012 391 2301 460 ,ριτιειὶιιςῖε
2369 407 2642 458 ornatum,
2712 411 2762 454 et
2823 406 3003 460 nescio
3061 410 3466 478 quidzetenim
3519 438 3623 477 non

381 478 442 526 ἐν
474 475 614 546 μέσῃ
657 477 724 544 τῇ
760 475 964 546 κοπρίᾳ
1010 477 1346 544 καθήμενον,
1377 477 1470 530 τὸν
1507 478 1804 548 ἀνδριάντα
1855 481 1946 534 τὸν

379 568 636 638 χρυσοῦν,
673 568 764 620 τὸν
795 567 1052 626 διάλιθον,
1091 569 1182 620 τὸν
1216 571 1316 621 οὑκ
1347 565 1465 623 οἶδα
1497 571 1614 634 πῶς
1646 573 1786 624 εἴπω
1810 589 1822 601 '
1852 573 1946 625 καὶ

377 661 486 730 γὰρ
508 660 608 712 οὐκ
637 661 744 730 ἔχω
781 661 970 728 τιμίαν
1004 661 1173 722 οὕτως
1209 661 1338 730 ὓλην
1370 663 1571 730 εὑρεῖν,
1603 663 1676 725 ὼς
1711 665 1948 734 δυνηθῇ.

375 769 466 804 ναι
511 752 850 820 παραϐαλεῖν
885 753 945 804 τὸ
993 751 1312 822 ᾑμαγμένον
1362 754 1540 806 ἐκεῖνο
1570 757 1728 824 σῶμα
1751 771 1764 786 ·
1802 755 1945 808 οὑτω

373 844 557 911 πάσης
609 844 740 912 ὕλης
781 843 966 910 τιμίας
1014 846 1078 896 ἐκ
1125 843 1324 896 πολλοῦ
1357 843 1454 896 τοῦ
1510 847 1816 914 περιόντος,
1848 848 1944 915 τῆς

377 935 580 1003 σαρκὸς
609 935 826 1004 ἐκείνης
856 936 890 1005 ἠ
925 934 1085 1002 φύσις
1125 937 1400 989 ἐδείκνυτο
1433 935 1814 1008 λαμπροτέρα,
1851 943 1944 992 καὶ

369 1027 440 1081 τὰ
470 1025 759 1096 τραύματα
788 1025 900 1078 τῶν
929 1027 1170 1096 ἡλιακῶν
1199 1027 1438 1082 ἀκτίνων
1469 1027 1821 1100 φαιδρότερα.

443 1163 524 1218 ιδ’.
565 1165 676 1216 Καὶ
733 1163 878 1234 μάλα
917 1163 1184 1228 εἰκότωςο
1219 1158 1378 1219 αὗται
1425 1165 1528 1234 μέν
1571 1167 1681 1236 γὰρ
1715 1169 1812 1230 τὰς
1843 1168 1938 1221 τοῦ

367 1256 620 1325 σώματος
644 1256 1086 1324 καταυγάζουσιν
1111 1257 1282 1326 ὄψεις,
1314 1257 1500 1310 ἐκεῖνα
1526 1258 1583 1311 δὲ
1605 1261 1671 1312 τά
1697 1259 1795 1329 τῆς
1823 1261 1938 1312 δια-

366 1349 518 1409 νοίας
547 1347 708 1416 ἡμῶν
739 1347 1072 1414 φωτίζουσιν
1104 1347 1331 1416 ὄμματα
1351 1365 1366 1380 ·
1407 1349 1489 1400 διὸ
1521 1349 1732 1402 δίκαιον
1763 1349 1936 1404 ταῦτα

367 1435 659 1506 περιφέρει
683 1437 829 1508 ἡμᾶς
858 1438 915 1488 ἐν
947 1435 1020 1506 νῷ
1042 1451 1057 1468 ο
1085 1439 1178 1490 καὶ
1206 1439 1331 1490 ὅταν
1366 1441 1422 1505 ἐξ
1446 1439 1632 1508 οὑρίας
1662 1439 1934 1508 πλέωμεν,

364 1527 428 1578 τὸ
456 1529 714 1596 ναυάγιον
748 1526 1144 1598 φοϐουμένους·
1176 1530 1268 1582 καὶ
1304 1530 1430 1582 ὅταν
1473 1533 1804 1601 πειρασμοῖς
1843 1549 1937 1584 πε-

367 1621 742 1690 ριπίπτωμεν,
772 1621 832 1671 τὸ
857 1620 922 1672 ἐκ
943 1621 1042 1688 τῆς
1071 1619 1349 1691 ὑπομονῆς
1373 1623 1686 1684 ἐννοοῦντας
1709 1624 1930 1693 κέρδος·

2048 483 2199 534 valeo
2230 483 2443 554 dig-mm
2479 491 2611 544 satis
2645 495 2936 549 materiam
2969 503 3206 568 reperire
3222 521 3382 572 quam
3412 517 3624 580 c0rpori

2047 571 2134 625 i5ti
2175 577 2471 642 sanguineo
2508 582 2753 640 conferre
2785 591 2982 654 possim
3014 609 3027 654 ;
3059 593 3129 646 ita
3173 571 3365 654 cuncta
3390 571 3624 662 pretiosa

2050 667 2274 720 materia
2307 685 2370 721 ex
2408 672 2585 725 multis
2617 691 2736 742 qua}
2767 681 3010 735 ambiunt
3039 689 3218 742 carnis
3244 691 3398 746 istius
3422 707 3613 750 natura

2047 755 2305 812 illustrior
2357 765 2669 830 apparebat,
2722 777 2774 822 et
2823 773 3045 830 vulnera
3092 779 3223 834 solis
3285 784 3450 842 radiis
3506 777 3634 844 cla?

2045 865 2212 906 nora.

2116 1165 2202 1220 M.
2248 1169 2314 1222 Et
2345 1170 2500 1227 valde
2526 1187 2652 1228 vere
2689 1191 2701 1228 :
2739 1175 2790 1231 hi
2821 1181 2964 1234 enim
2999 1186 3244 1254 corporis
3283 1189 3454 1245 visum
3495 1187 3614 1247 illu-

2041 1256 2272 1321 minant,
2307 1261 2394 1314 illa
2429 1261 2797 1334 intelligentia:
2833 1281 3030 1326 nostra:
3079 1275 3264 1332 oeulos
3306 1279 3570 1335 illustrant
3599 1305 3612 1341 ;

2041 1345 2160 1398 ideo
2213 1349 2358 1416 juste
2411 1351 2526 1406 luce
2587 1369 2682 1409 nos
2755 1357 3146 1418 circumferunt
3199 1368 3250 1420 iu
3308 1381 3486 1426 mente
3521 1385 3612 1438 ;e'

2036 1441 2250 1506 quando
2282 1451 2441 1494 vento
2467 1459 2726 1514 pr05pero
2769 1453 3104 1520 navigamus,
3159 1460 3498 1530 naufragium
3545 1471 3608 1520 ti-

2037 1541 2274 1598 mentes;
2303 1543 2352 1584 et
2377 1540 2587 1602 quando
2607 1543 2986 1598 teut-itionibus
3037 1549 3338 1614 obruimur,
3366 1568 3608 1622 questum

2037 1635 2066 1674 e
2098 1623 2351 1688 patientia
2397 1626 2686 1686 intuentes.
2753 1633 2818 1688 Ut
2860 1639 3000 1689 enim
3057 1639 3106 1692 iu
3157 1657 3315 1696 arena
3352 1647 3606 1702 athletam

362 1714 440 1775 ὡς
469 1714 576 1782 γάρ
607 1714 666 1764 ἐν
691 1713 767 1780 τῷ
798 1716 1084 1782 σκάμματι
1115 1713 1204 1766 τὸν
1229 1713 1466 1784 ἀθλητὴν
1493 1715 1588 1768 καὶ
1621 1715 1807 1784 ἱδρῶτι
1839 1733 1910 1768 κα

2037 1725 2252 1779 oportet
2283 1729 2338 1772 et
2369 1722 2566 1774 Sudore
2589 1735 2640 1774 et
2681 1725 2898 1791 pulvere
2931 1739 2983 1780 et
3019 1731 3200 1786 calore
3236 1739 3422 1800 multo,
3453 1751 3504 1792 (ιι
3538 1741 3604 1792 Ia-

358 1805 507 1858 κόνει
535 1807 628 1860 καὶ
661 1803 836 1874 Θέρμῃ
864 1805 1052 1874 πολλῇ,
1079 1807 1173 1860 καὶ
1197 1805 1377 1869 πόνοις
1409 1807 1500 1859 καὶ
1529 1807 1926 1875 ταλαιπωςίαις

360 1893 636 1963 μάχεσθαι
688 1895 787 1958 δεῖ,
830 1894 969 1948 οὕτω
995 1897 1089 1949 καὶ
1144 1897 1236 1949 τὸν
1280 1899 1504 1962 ἄριστον
1532 1899 1626 1951 τοῦ
1684 1901 1924 1971 Χριστοῦ

357 1986 702 2057 στρατιώτην
742 1989 912 2041 πολλὰ
956 1988 1136 2059 χρεὼν
1182 1991 1476 2060 ὑπομένειν
1525 1991 1780 2056 ἐνταῦθα,
1831 1996 1924 2046 καὶ

355 2083 538 2131 πάντα
566 2080 754 2148 φέρειν
780 2082 1063 2148 γενναίως,
1095 2081 1148 2134 εί
1175 2097 1238 2148 γε
1267 2081 1451 2151 μέλλοι
1481 2081 1768 2152 λαμπροὺς
1791 2085 1923 2136 ἀπο-

353 2169 622 2238 λήψεσθαι
652 2172 780 2233 τοὺς
817 2174 1135 2240 στεφάνους.
1163 2173 1224 2225 Εἰ
1256 2171 1362 2241 γὰρ
1394 2173 1456 2243 δὴ
1486 2175 1645 2243 σῶμα
1679 2177 1922 2244 μακαρί-

355 2261 546 2330 ζομεν,
575 2263 636 2315 τὸ
683 2263 984 2332 δυνάμενον
1011 2263 1182 2332 ψύχος
1225 2267 1320 2316 καὶ
1350 2261 1540 2330 καῦμα
1574 2265 1763 2332 φέρειν
1791 2264 1920 2317 ἀλύ-

353 2373 494 2416 πως,
541 2355 636 2408 καὶ
687 2356 869 2422 λιμὸν,
916 2357 1011 2409 καὶ
1047 2357 1279 2422 ἔνδειαν,
1323 2357 1416 2408 καὶ
1462 2357 1792 2426 ὁδοιπορίαν,
1828 2357 1922 2410 καὶ

347 2445 726 2517 ταλαιπωρίας
757 2449 972 2518 ἐτέρας,
1015 2450 1194 2516 πολλῷ
1227 2449 1426 2518 μᾶλλον
1470 2451 1552 2503 δεῖ
1597 2449 1920 2518 μακαρίζειν

343 2538 524 2608 ψυχὴν
553 2539 652 2610 τὴν
700 2539 1007 2610 δυναμένην
1043 2543 1330 2610 καρτερῶς
1361 2542 1456 2594 καὶ
1497 2537 1761 2610 γενναίως
1805 2541 1916 2594 τῶν

345 2632 535 2683 δεινῶν
565 2633 664 2692 τὰς
699 2632 1007 2700 προσϐολὰς
1055 2633 1352 2701 ὑπομένειν
1385 2633 1626 2697 ἁπάσας,
1679 2631 1772 2685 καὶ
1803 2633 1917 2684 δια-

348 2726 538 2791 τηρεῖν
589 2725 890 2776 ἀδούλωτον
935 2725 1104 2794 αὑτῆς
1140 2727 1228 2780 διὰ
1281 2727 1504 2778 πάντων
1541 2726 1602 2777 τὸ
1633 2725 1914 2796 φρόνημα.

347 2818 562 2886 ’Ὠσπερ
595 2815 687 2871 οὖν
715 2819 748 2888 ή
774 2820 972 2888 ἀργίας
1007 2821 1100 2872 καὶ
1135 2819 1320 2882 ἀδείας
1365 2819 1716 2872 ἀπολαύουσα
1746 2817 1914 2887 ψυχὴ.

347 2909 586 2970 εὑκέλως
619 2909 719 2960 ὑπδ
751 2927 858 2961 των
893 2908 1080 2960 παθῶν
1131 2909 1430 2966 ἁλίσκεται.
1463 2907 1637 2969 οὕτως
1672 2909 1704 2976 ἠ
1737 2909 1916 2977 διηνε-

348 3000 460 3061 κῶς
489 3001 602 3062 τοῖς
635 3002 774 3071 ὑπὲρ
805 3000 904 3068 τῆς
933 3000 1134 3070 ἀρετῆς
1167 3003 1374 3068 ἀγῶσιν
1415 3001 1760 3069 ὲσχολακυϊα,
1790 3001 1908 3052 οὑδὲ

2032 1806 2255 1863 bmilius
2286 1817 2336 1863 et
2393 1813 2626 1866 miseriis
2683 1830 2942 1885 pugnare,
3009 1821 3081 1875 ita
3153 1825 3370 1880 militem
3404 1831 3604 1884 Christi

2026 1897 2310 1962 Optimum,
2371 1901 2458 1968 qui
2522 1903 2683 1956 multa
2743 1908 2898 1960 debet
2957 1911 3063 1978 pati
3126 1913 3174 1967 iu
3232 1916 3330 1972 bac
3383 1921 3508 1985 vita,
3546 1936 3602 1980 ei

2027 1990 2204 2041 omnia
2236 2005 2498 2057 generose
2547 1993 2712 2060 ferre,
2749 1999 2792 2053 si
2843 2015 3072 2058 coronas
3122 2010 3366 2074 accipere
3413 2016 3598 2071 debeat

2029 2077 2250 2177 multas.
2289 2082 2344 2135 Si
2377 2085 2518 2136 enim
2549 2101 2749 2156 corpus
2795 2091 3008 2147 beatum
3049 2097 3277 2156 dicimus
3319 2107 3460 2172 quod
3507 2125 3602 2177 p0-

2029 2178 2133 2220 te<t
2169 2169 2336 2234 frigus
2361 2185 2412 2226 et
2447 2177 2678 2230 calorem
2707 2179 2822 2232 sine
2854 2185 3066 2238 tristitia
3106 2186 3268 2254 ferre,
3296 2169 3350 2248 ei
3383 2169 3600 2264 famem,

2024 2266 2077 2308 et
2109 2257 2361 2325 inepiam,
2399 2271 2449 2312 et
2496 2263 2596 2317 iter
2625 2274 2678 2318 et
2727 2269 2972 2325 miserias
2997 2275 3148 2339 alias,
3207 2283 3376 2337 multo
3434 2257 3598 2356 magis

2023 2349 2180 2404 beata
2209 2355 2432 2408 dicenda
2465 2367 2546 2410 est
2579 2359 2762 2413 anima
2787 2380 2904 2431 qua:
2929 2367 3067 2421 valrt
3105 2371 3321 2428 fortiter
3355 2388 3408 2430 et
3439 2349 3598 2446 gerie-

2023 2443 2588 2501 rosciufortuniorum
2649 2466 2938 2519 aggressus
2985 2475 3173 2515 omnes
3229 2443 3516 2534 sustinere,
3547 2481 3598 2526 et

2025 2549 2121 2598 per
2151 2537 2330 2588 omnia
2368 2540 2690 2594 sententiam
2732 2558 2886 2597 suam
2935 2561 3086 2602 extra
3137 2556 3448 2614 servimtem
3483 2577 3596 2614 ser-

2023 2641 2174 2680 vare.
2209 2627 2278 2682 Ut
2327 2630 2470 2682 enim
2527 2633 2718 2688 ittertia
2769 2645 2823 2689 et
2878 2641 3166 2696 securitate
3201 2644 3384 2702 fruens
3413 2653 3595 2705 anima

2023 2718 2178 2774 facile
2207 2719 2585 2776 afﬂictionibus
2628 2738 2952 2793 occupatur,
2988 2731 3060 2784 ita
3103 2737 3442 2806 quaejugiter
3475 2758 3592 2798 ver-

2019 2820 2174 2863 satur
2229 2811 2282 2864 in
2341 2813 2558 2868 virtutis
2617 2817 2831 2886 pugnis,
2890 2835 3060 2890 neque
3111 2823 3305 2881 intueri
3355 2847 3592 2901 unquam

2019 2903 2334 2957 certaminis
2371 2918 2556 2958 curant
2609 2918 2784 2971 vacat,
2836 2925 2957 2964 cum
2995 2929 3054 2967 se
3083 2917 3151 2970 ab
3202 2919 3286 2972 bis
3337 2925 3590 2980 omnibus

2018 2993 2363 3048 abstraxerit.
2397 2993 2513 3050 Non
2572 2999 2712 3051 enim
2741 2999 2876 3056 bene
2918 3019 3080 3072 agere
3139 3018 3368 3074 tantum,
3393 3016 3484 3067 sed
3535 3028 3588 3072 et

347 3093 544 3162 σχολὴν
584 3093 706 3158 άγει
736 3091 907 3144 ταῦτα
951 3093 1198 3160 ἐννοῆσαί
1243 3109 1373 3142 ποτε
1409 3091 1506 3159 τῆς
1537 3093 1665 3160 περὶ
1697 3091 1766 3144 τά
1803 3109 1904 3144 πα-

2012 3085 2132 3137 mali
2165 3085 2289 3152 quid
2333 3089 2440 3154 pati
2473 3091 2693 3143 multam
2733 3096 3032 3148 mercedem
3059 3097 3279 3157 habent.
3312 3103 3587 3169 Quamob-

345 3184 624 3252 λαίσματα
655 3189 946 3254 μερίμνης,
981 3185 1202 3236 πάντων
1223 3183 1389 3252 αὐτὴν
1425 3183 1744 3251 ἀπαγούσης
1769 3184 1900 3236 ἐκεί-

345 3293 452 3328 νων
472 3291 486 3304 ’
519 3275 580 3327 οὑ
611 3277 716 3345 γὰρ
738 3275 798 3326 τὸ
824 3275 1048 3344 ποιῆσαί
1078 3293 1128 3326 τι
1165 3275 1404 3344 χρηστὸν
1437 3275 1622 3342 μόνον,
1655 3273 1792 3328 άλλά
1819 3275 1908 3326 καὶ

344 3367 408 3416 τὸ
433 3365 624 3418 παθεῖν
653 3383 706 3416 τι
750 3367 936 3428 κακὸν,
971 3365 1170 3426 πολλὰς
1201 3365 1315 3432 ἔχει
1363 3367 1460 3426 τάς
1509 3363 1769 3432 ἀμοιϐάς.
1809 3363 1909 3414 Διά

343 3457 409 3528 δὴ
463 3458 617 3511 τοῦτο
657 3455 750 3510 καὶ
803 3457 1079 3526 συγχωρεῖ
1137 3453 1400 3516 πολλάκις
1447 3455 1474 3506 ὁ
1526 3451 1909 3522 φιλάνθρωπος

2021 3193 2136 3230 rem
2169 3192 2309 3246 sa'pe
2371 3179 2651 3234 hominum
2689 3194 2896 3236 amator
2927 3185 3062 3240 Deus
3081 3189 3345 3256 gloriosos
3382 3195 3432 3248 itt
3469 3198 3587 3253 vitae

2019 3269 2264 3322 claritate
2310 3269 2591 3322 innumera
2647 3271 2732 3326 hic
2788 3275 2894 3339 pati
2952 3275 3249 3333 infortunia
3297 3285 3584 3352 permittit,

2017 3375 2111 3412 eos
2146 3359 2299 3414 Vultiu
2336 3360 2582 3427 diligens,
2616 3369 2826 3430 utquos
2856 3377 2954 3432 per
2985 3367 3096 3422 inec
3123 3373 3348 3429 adversa
3379 3388 3585 3432 amatos

2017 3449 2275 3513 cﬂ'ecerit,
2303 3449 2624 3506 illustriores
2655 3455 2843 3509 melius
2870 3469 3114 3512 coronet.

344 3553 474 3614 θεὸς
525 3555 649 3614 τοὺς
688 3553 1014 3619 εὐδοκίμους
1059 3553 1114 3602 ἐν
1165 3549 1280 3618 βίου
1331 3549 1680 3619 λαμπρότητι
1733 3547 1906 3616 μυρία
1947 3546 2177 3614 πάσχειν
2209 3543 2446 3598 ἐνταῦθα
2465 3545 2634 3608 δεινὰ,
2664 3549 2872 3618 σφόδρα
2899 3551 3069 3618 φιλῶν
3095 3553 3314 3622 αὐτοὺς,
3371 3557 3452 3622 5i);
3514 3562 3582 3614 ἂν

339 3643 428 3694 διὰ
453 3644 558 3695 τῶν
588 3645 777 3698 δεινῶν
801 3645 1010 3696 τούτων
1039 3645 1162 3706 τοὺς
1193 3643 1552 3712 ψιλουμένους
1586 3639 1970 3708 ἐργασάμενος
2001 3639 2442 3709 λαμπροτέρους,
2472 3640 2796 3712 στεφανώσῃ
2830 3645 3123 3711 μειζόνως.

415 3783 494 3833 ιε’.
531 3780 627 3830 Ἂν
667 3779 848 3831 τοίνυν
893 3777 1134 3848 ἀπολέσῃ
1190 3795 1274 3839 τις
1316 3779 1608 3846 χρήματα,
1661 3775 1904 3845 μηδό).ως

333 3871 736 3940 δυσχερανάτω.
793 3869 928 3922 ἁ).λά
977 3871 1240 3937 γενναίως
1294 3869 1532 3937 ἐνεγκὼν
1569 3869 1898 3938 εὐχαριστη-

335 3967 484 4016 σάτω
510 3965 590 4031 τῷ
617 3963 756 4032 Θεῷ,
785 3965 925 4016 κατὰ
945 3963 1034 4016 τὸν
1073 3962 1194 4015 Ἰὼϐ
1217 3961 1408 4028 είπὼν,
1448 3963 1508 4014 'O
1535 3962 1732 4030 Κύριος
1763 3961 1894 4013 ἐδω-

331 4077 450 4122 κεν,
482 4061 508 4109 δ
551 4059 752 4128 Κύριος
795 4058 1013 4126 ἀφεῖλε’
1046 4058 1122 4120 ὡς
1159 4058 1234 4125 τῷ
1271 4057 1460 4126 Κυρίῳ
1491 4056 1686 4121 ἔδοξεν,
1723 4054 1896 4116 οὕτως

329 4152 426 4203 καὶ
452 4151 701 4218 ἐγένετο·
734 4149 818 4218 εἴη
859 4150 918 4201 τὸ
963 4150 1137 4217 ὄνομα
1169 4149 1374 4218 Κυρίου
1405 4147 1776 4216 ηὑλογημένον
1814 4147 1894 4206 είς

327 4245 419 4296 τὸν
448 4244 646 4294 αἰῶνα·
682 4245 775 4295 καὶ
819 4243 1008 4310 κέρδος
1043 4243 1144 4310 τὴν
1175 4242 1380 4309 ζημίαν
1410 4239 1497 4292 διὰ
1531 4239 1630 4308 τῆς
1673 4237 1894 4306 εὐχαρι-

328 4335 480 4394 στίας
513 4335 773 4400 ποιήσει’
809 4335 884 4402 μὴ
928 4335 1137 4387 εἰπάτω
1171 4335 1250 4386 ὅτι
1295 4335 1582 4402 ἄνθρωπος
1633 4331 1892 4396 ἀφείλατο

327 4423 502 4476 ταῦτα
533 4425 794 4492 ἀδικήσας
817 4441 830 4454 ·
863 4426 956 4476 καὶ
1010 4425 1128 4486 πῶς
1170 4425 1467 4492 δυνήσομαι
1502 4423 1696 4486 εἰπεῖν,
1727 4423 1752 4472 ὁ
1783 4421 1894 4473 Κύ-

329 4533 444 4584 ριος
477 4517 766 4584 (inpellere;
802 4524 895 4569 καὶ
936 4519 962 4569 ὁ
1005 4515 1122 4569 Ἰὼϐ
1151 4519 1257 4586 γὰρ
1303 4516 1336 4568 ἃ
1375 4519 1400 4566 ὁ
1435 4515 1678 4576 διάϐολος
1709 4513 1888 4578 ἔλαϐε,

321 4605 496 4658 ταῦτα
525 4605 728 4674 ἔφησεν
759 4609 838 4660 ὅτι
875 4610 903 4660 ὁ
956 4607 1157 4676 Κύριος
1193 4609 1446 4674 ἀφείλετο
1471 4624 1484 4638 ο
1537 4607 1671 4673 μηδὲ
1724 4604 1891 4658 πάλιν

321 4697 534 4748 εἰπάτω
563 4715 668 4762 τις,
702 4699 784 4751 ὃτι
812 4699 912 4751 οὑκ
955 4699 1157 4762 είδότος
1185 4699 1308 4751 οὑδὲ
1358 4699 1687 4766 βουλομένου
1720 4713 1823 4766 μου
1863 4697 1891 4748 ὀ

322 4787 524 4857 inst-i1;
563 4790 720 4840 ἔλαϐε
770 4794 966 4854 ταῦτα,
995 4793 1088 4844 καὶ
1137 4794 1290 4854 ποῖος
1341 4792 1493 4842 ἔσται
1541 4807 1632 4859 μοι
1670 4789 1884 4856 μισθὸς,

323 4879 424 4930 οὑκ
467 4881 605 4947 ἐμῆς
649 4881 870 4950 γνώμης
900 4879 995 4933 τοῦ
1048 4881 1367 4952 πράγματος
1418 4883 1600 4944 δντος;
1628 4879 1750 4932 οὑδὲ
1779 4881 1890 4948 γὰρ

319 4971 414 5022 τοῦ
456 4971 575 5023 Ἰὼϐ
628 4972 826 5034 εἰδότος
872 4973 990 5024 οὐδὲ
1035 4973 1357 5042 βουλομένου
1405 4971 1578 5024 ταῦτα
1625 4971 1883 5038 ἐγένετο·

314 5061 438 5114 ἀλλ’
462 5063 608 5130 ὅμως
632 5063 730 5116 οὑκ
759 5063 980 5115 ἔλαττον
1012 5065 1122 5132 ἔχει
1147 5065 1255 5117 τῶν
1283 5063 1658 5132 ἐλεημοσύνην
1687 5063 1886 5116 δόντων

317 5152 524 5212 ἐκεῖνος
559 5155 586 5206 ὁ
623 5152 698 5220 μὴ
727 5153 850 5214 δοὺς
879 5153 1000 5206 τότε
1027 5169 1040 5182 '
1087 5154 1491 5222 Παραπλησίως
1529 5147 1622 5204 οὖν
1651 5151 1744 5204 καὶ
1778 5152 1885 5214 πᾶς

315 5261 399 5305 τις
437 5245 590 5306 ἄλλος
621 5247 940 5312 ἀφαιρεθεὶς
987 5247 1245 5315 χρήματα
1292 5247 1385 5297 καὶ
1419 5243 1742 5312 ὑπομείνας,
1793 5261 1884 5297 τοι

318 5335 506 5386 σοῦτον
560 5337 788 5404 λήψεται
840 5337 1052 5406 μισθὸν,
1102 5339 1227 5390 ὅσον
1269 5339 1335 5390 ἂν
1385 5339 1433 5390 εἰ
1492 5334 1636 5389 ἐκὼν
1689 5335 1884 5405 ἔρριψε

313 5427 512 5494 ταῦτα,
551 5431 600 5481 εἱ
629 5429 766 5500 πρὸς
801 5431 1038 5498 πένητας
1072 5431 1410 5499 δεδαπάνηκε
1440 5445 1454 5461 ’
1483 5429 1578 5482 καὶ
1609 5429 1838 5491 εἰκότως
1866 5444 1879 5458 ·

313 5517 502 5571 τοῦτον
533 5523 626 5574 καλ⁸
659 5523 766 5592 γάρ
814 5521 1169 5592 θαυμάζομεν
1219 5523 1422 5590 μᾶλλον
1473 5521 1568 5574 τὸν
1615 5521 1882 5592 ἐπηρείας

315 5609 651 5682 εὐχαρίστως
693 5613 946 5686 φέροντα,
1003 5615 1034 5684 ἢ
1079 5613 1168 5667 τὸν
1215 5615 1404 5668 ἑκόντα
1441 5613 1652 5670 διδόντα
1678 5629 1692 5646 ⁶
1729 5613 1782 5666 τί
1816 5613 1878 5682 δή

2086 3773 2170 3828 i5.
2213 3774 2268 3828 Si
2303 3774 2464 3843 igitur
2487 3779 2607 3844 quis
2635 3776 2770 3831 bona
2795 3778 3036 3832 amiserit
3073 3796 3408 3850 nequaquam
3435 3803 3578 3856 aegre

2006 3867 2164 3930 furat,
2198 3867 2290 3919 sed
2325 3883 2582 3936 generose
2611 3870 2787 3924 ferens
2833 3870 2940 3926 Deo
2969 3874 3169 3940 gratias
3209 3888 3352 3943 agat,
3379 3879 3452 3932 ttti
3476 3880 3575 3935 Job

2005 3956 2232 4018 dicens;
2267 3955 2522 4010 Dominus
2567 3959 2736 4020 dedit.
2777 3959 3032 4016 Dominus
3074 3963 3336 4030 abstulit;
3377 3979 3433 4022 ut
3473 3970 3576 4022 Do—

2003 4049 2151 4100 mino
2181 4046 2402 4114 placuit.
2441 4049 2640 4102 factum
2671 4061 2752 4104 est
2785 4067 2800 4112 ;
2835 4055 2904 4106 sit
2935 4069 3128 4108 nomen
3173 4055 3380 4112 Domini
3409 4060 3572 4116 bene-

2001 4139 2203 4192 dictum
2253 4141 2303 4193 in
2361 4151 2642 4196 aeternum.
2694 4143 2865 4212 Atque
2911 4143 3114 4200 lucrum
3173 4149 3428 4206 damnum
3477 4169 3572 4222 per

1999 4233 2296 4297 gratiarum
2333 4233 2597 4288 actiouem
2653 4235 2864 4290 elliciet.
2912 4233 2990 4292 Ne
3031 4239 3172 4293 dicat
3224 4241 3326 4295 sibi
3373 4243 3570 4312 injuste

1927 4307 1968 4362 D
1999 4325 2067 4378 ab
2097 4325 2314 4379 homine
2349 4327 2459 4380 baro
2493 4337 2644 4394 rapta
2693 4329 2902 4396 fuisse;
2938 4347 3056 4384 nam
3094 4336 3361 4401 quomodo
3388 4337 3569 4392 dicere

1997 4417 2240 4486 possim:
2275 4417 2530 4471 Dominus
2566 4419 2824 4474 abstulit?
2847 4419 2946 4475 Job
2980 4425 3122 4477 enim
3154 4442 3276 4492 quae
3321 4427 3568 4483 diabolus

1997 4511 2194 4578 rapuit,
2233 4510 2346 4562 haec
2389 4510 2522 4562 dixit
2581 4525 2608 4564 a
2657 4511 2882 4566 Domino
2935 4515 3131 4570 ablata.
3163 4517 3348 4586 Neque
3379 4536 3566 4577 l'lllSllS

1993 4601 2288 4670 dicatquis
2327 4616 2341 4654 :
2383 4599 2565 4668 Neque
2613 4604 2812 4657 sciente
2847 4619 3019 4672 neque
3065 4607 3272 4660 volente.
3298 4627 3380 4664 me
3429 4613 3564 4664 latro

1991 4695 2106 4747 ba'c
2127 4695 2299 4764 cepit;
2329 4703 2382 4746 et
2413 4693 2590 4760 qualis
2619 4695 2720 4748 erit
2756 4695 2882 4748 Inibi
2917 4697 3237 4765 stipendium
3271 4701 3312 4754 si
3355 4703 3453 4756 hoc
3479 4721 3562 4762 tuo

1991 4787 2160 4842 inscio
2217 4788 2346 4841 fiat?
2377 4787 2492 4841 Non
2551 4787 2694 4841 enim
2754 4790 2957 4842 sciente
3002 4789 3102 4843 Job
3127 4807 3298 4860 neque
3347 4796 3560 4850 volente

1993 4879 2104 4934 lucc
2137 4879 2276 4934 facta
2330 4890 2490 4944 sunt;
2545 4889 2781 4932 attamen
2839 4895 2942 4933 non
2999 4881 3222 4936 inferior
3251 4895 3330 4938 cst
3357 4885 3437 4938 bis
3467 4890 3556 4956 qui

1988 4972 2378 5040 eleemosynam
2409 4970 2608 5025 faciunt
2636 4971 2746 5040 ipse
2772 4971 2902 5024 nihil
2931 4977 3085 5028 dans.
3120 4973 3378 5031 Similiter
3399 4981 3563 5049 igitur

1988 5061 2165 5131 Qili\i8
2214 5063 2350 5117 alius
2403 5063 2558 5116 bonis
2607 5063 2848 5132 privatus
2895 5077 2947 5116 et
2983 5067 3193 5132 patiens
3233 5073 3556 5126 tantutusti-

1989 5153 2238 5224 pendium
2266 5156 2771 5224 accipietquantum
2801 5155 2846 5209 si
2887 5155 2999 5212 haec
3031 5158 3262 5212 libenter
3289 5163 3556 5226 eiecisset,

1987 5249 2028 5301 si
2089 5247 2411 5316 pauperibus
2462 5255 2736 5314 erOgassct
2785 5257 2894 5312 ;ct
2955 5249 3164 5303 merito.
3221 5250 3354 5303 Eum
3408 5253 3554 5308 enim

1987 5337 2156 5404 magis
2190 5341 2450 5388 miramur
2480 5337 2568 5404 qui
2595 5337 2948 5404 privationem
2981 5339 3134 5393 lactus
3161 5341 3364 5404 suli'ert,
3389 5357 3548 5410 quam

1984 5444 2103 5480 eum
2137 5427 2224 5494 qui
2266 5427 2356 5480 dat
2378 5428 2624 5482 libenter.
2657 5427 2764 5483 Cur
2790 5429 2998 5498 igitur?
3023 5431 3154 5497 Quia
3185 5431 3276 5483 ille
3303 5431 3550 5484 laudibus

1983 5519 2252 5574 enutritur
2306 5521 2648 5574 conscientia:
2703 5532 2756 5576 et
2799 5523 2992 5576 bonam
3045 5537 3191 5590 spem
3248 5523 3406 5575 habet.
3445 5531 3548 5575 :et

1986 5615 2135 5686 prius
2171 5628 2428 5684 generoso
2473 5613 2672 5680 ferens,
2718 5619 2978 5670 bonurqu
3027 5615 3378 5683 privationem
3418 5623 3550 5666 tunc
3639 5689 3660 5698 -
