4050 6210
563 317 669 388 935
1687 319 2082 382 THEODORI
2123 319 2460 381 MELl‘I‘EN
2478 315 2671 377 lO'l‘rE
3681 308 3778 367 936

566 439 654 492 illa
684 433 860 504 eiecit.
889 434 985 489 llic
1018 447 1145 490 vero
1165 432 1344 488 adhuc
1371 429 1620 502 alligatus
1643 432 1907 488 violenter
1932 432 2130 501 spolia-
2161 489 2165 499 ι

2184 446 2206 500 ι
2239 448 2404 494 ποτε;
2441 431 2523 483 ὅτι
2565 431 2770 488 ἐκεῖνος
2815 425 2916 494 μὲν
2946 426 3056 485 τοῖς
3103 423 3349 483 ἐπαίνοις
3390 421 3673 489 τρέφεται,
3704 425 3783 471 καὶ

567 537 655 582 tus
679 536 780 582 est.
810 525 926 580 Non
961 534 1140 579 autem
1177 539 1276 592 par
1321 532 1404 577 est
1455 523 1606 592 prius
1634 538 1952 593 persuasum
1983 526 2138 578 bonis

2233 523 2311 592 τῷ
2345 522 2631 585 συνειδότι,
2671 521 2764 574 καὶ
2810 516 3050 588 χρηστὰς
3104 516 3219 585 ἔχει
3251 515 3352 576 τὰς
3403 512 3655 572 ἐλπίδαςο
3701 515 3784 563 καὶ

569 619 850 683 recedere,
874 627 929 673 et
975 626 1102 671 tunc
1165 617 1246 670 eis
1289 617 1560 680 evacuari,
1596 617 1708 671 haec
1751 625 1930 670 autem
1965 617 2139 670 adhuc

2237 615 2502 684 πρότερον
2539 612 2800 679 γενναίως
2841 608 3081 676 ἐνεγκὼν
3119 608 3218 676 τὴν
3248 606 3502 674 στέρησιν
3539 604 3647 656 τῶν
3669 619 3783 672 χρη-

569 711 873 781 cupientem
922 709 1184 778 Spoliari;
1225 724 1397 777 neque
1460 723 1650 762 rursus
1694 709 1862 762 multo
1903 717 2142 775 tempore

2240 706 2448 777 μάτων,
2481 705 2599 757 τότε
2630 703 2770 756 αὐτὰ
2815 689 3042 773 ἔρριψεν
3067 716 3083 732 ο
3116 699 3271 760 οὗτος
3301 697 3358 750 δὲ
3405 698 3484 750 ἔτι
3515 695 3785 765 προσδεδε-

572 811 934 870 contemptum
975 801 1236 854 bonorum
1271 801 1516 855 meditari
1555 809 1610 853 et
1636 800 1856 854 crudele
1887 802 2138 854 damnum

2242 816 2401 867 μενος
2424 797 2676 868 ἀφῃρέθη
2705 797 2819 867 βῖᾳ.
2847 794 2962 849 Οὐκ
2992 793 3110 846 ἐστι
3141 792 3202 844 δὲ
3239 792 3354 844 ῐσον
3384 788 3649 858 πρότερον
3677 802 3784 838 πει-

570 893 818 947 accidens
857 891 1100 945 sull'erre.

2241 893 2436 944 σθέντα
2468 892 2774 958 ἀποστῆναι
2802 888 3128 958 χρημάτων,
3158 885 3330 945 οὓτως
3357 883 3496 934 αὐτὰ
3539 881 3784 941 κενῶσαι,

571 989 666 1041 καὶ
703 988 783 1038 ἔτι
814 986 990 1040 αὐτῶν
1020 986 1289 1038 ποθοῦντα
1341 985 1824 1055 ἀποστερηθῆναι·
1895 985 2020 1039 οὐδὲ
2093 987 2256 1040 πάλιν
2293 989 2350 1041 ὲν
2391 989 2570 1058 πολλῷ
2657 988 2833 1058 χρόνῳ
2884 985 3181 1057 μελετῆσαι
3225 981 3636 1049 καταφρονῆσαι
3697 978 3790 1030 τῶν

572 1082 890 1149 χρημάτων,
922 1084 1018 1134 καὶ
1054 1082 1252 1152 ἀθρόον
1299 1081 1504 1151 ζημίαν
1559 1079 1850 1149 συμϐᾶσαν
1908 1083 2254 1149 ὑπενεγκεῖν.

645 1221 731 1274 16.
782 1219 840 1273 Si
881 1220 1002 1288 quis
1040 1219 1175 1272 alius
1227 1219 1488 1288 inglorius
1527 1234 1556 1269 e
1586 1219 1826 1288 glorioso
1903 1219 2013 1282 fiat,
2052 1221 2135 1274 vel

2315 1221 2412 1286 ις’.
2453 1223 2549 1274 "Av
2574 1219 2761 1292 ἕτερός
2787 1234 2872 1280 τις
2897 1202 3062 1267 πάλιν
3089 1211 3275 1275 ἄδοξος
3305 1209 3365 1273 ἐξ
3393 1207 3607 1271 ὶνδόξου
3640 1205 3786 1273 γένη-

574 1311 760 1364 morbo
787 1309 948 1380 longe
983 1322 1035 1364 et
1055 1311 1280 1364 terribili
1313 1312 1474 1375 lucta,
1507 1310 1586 1363 vel
1625 1310 1767 1363 aliud
1807 1311 2081 1380 quidpiam
2105 1326 2137 1366 e

2243 1333 2353 1379 ται,
2385 1316 2417 1386 ἢ
2460 1315 2596 1381 νόσῳ
2627 1312 2816 1382 μακρᾷ
2843 1311 2939 1362 κα)⁸
2975 1307 3121 1374 δεινῇ
3150 1303 3377 1372 παλαίῃ,
3405 1300 3437 1370 ἢ
3470 1300 3599 1353 ἄλλο
3626 1314 3677 1349 τι
3708 1296 3793 1348 πέ-

573 1401 696 1453 vita:
732 1401 890 1452 malis
920 1411 1112 1468 passus
1145 1399 1324 1462 luerit,
1352 1395 1592 1451 nonJohi
1627 1398 1783 1450 modo
1811 1397 2137 1460 meminerit,

2247 1407 2406 1460 πονθε
2449 1407 2554 1459 τῶν
2606 1405 2701 1458 τοῦ
2746 1403 2864 1473 βίου
2923 1398 3132 1462 κακῶν,
3188 1397 3264 1467 μὴ
3329 1393 3424 1446 τοῦ
3476 1391 3595 1445 Ἰὼϐ
3650 1391 3792 1460 μόνον

575 1491 876 1545 innumeris
945 1491 1102 1544 malis
1162 1491 1396 1555 luctati,
1452 1490 1551 1543 etsi
1620 1489 1814 1543 virtute
1885 1490 2140 1556 prteditus

2247 1499 2676 1568 ἀναμνησθήτω,
2726 1496 2940 1566 μυρίοις
2997 1493 3192 1553 δεινοῖς
3247 1487 3676 1547 πυκτεύσαντος,
3707 1486 3790 1536 καὶ

575 1582 745 1646 vivat,
783 1583 874 1636 sed
907 1593 956 1635 et
989 1583 1372 1651 prophetarqu
1412 1593 1462 1635 et
1481 1581 1750 1649 justorum
1780 1586 1836 1632 et
1865 1579 2140 1649 apostolo-

2247 1593 2417 1646 ταῦτα
2443 1591 2648 1655 ζῶντος
2699 1590 2755 1641 ἐν
2786 1589 2982 1657 ἀρετῇ,
3011 1583 3148 1637 ἀλλὰ
3200 1582 3295 1634 καὶ
3326 1578 3434 1632 τῶν
3486 1575 3785 1648 προφητῶν,

514 1695 522 1750 ;
575 1689 696 1726 rum
731 1676 967 1740 ipsorum
1003 1691 1016 1725 :
1057 1683 1107 1725 et
1135 1688 1324 1726 omnes
1360 1672 1492 1726 istos
1527 1674 1802 1742 reperiens
1841 1689 1944 1727 non
1999 1673 2109 1724 inte

2247 1687 2343 1738 καὶ
2385 1684 2492 1738 τῶν
2543 1681 2765 1735 δικαίων
2793 1678 3028 1732 καὶτῶν
3079 1673 3396 1728 ἀποστόλων
3429 1671 3610 1724 αὐτῶν
3641 1684 3656 1699 ο
3713 1669 3793 1719 καὶ

578 1765 790 1829 divites,
831 1775 925 1818 aut
958 1763 1010 1816 in
1044 1763 1250 1817 deliciis
1282 1766 1545 1827 viventes,
1586 1765 1682 1817 sed
1712 1767 1850 1818 inter
1881 1778 2143 1833 pauperes

2247 1777 2459 1838 πάντας
2489 1773 2716 1836 τούτους
2746 1769 2920 1840 εὐρὼν
2961 1768 3023 1822 οὐ
3051 1767 3158 1819 τῶν
3198 1762 3576 1816 πλουτούντων
3607 1759 3666 1812 οὐ
3698 1758 3794 1810 τῶν

577 1868 632 1910 et
676 1856 924 1921 aﬂlictos,
982 1866 1035 1910 et
1072 1855 1334 1926 angustiis
1386 1871 1618 1924 pressos,
1677 1858 1727 1908 iu
1794 1858 1969 1922 fatue,
2031 1858 2143 1918 siti.

2193 1909 2218 1934 η
2247 1865 2599 1934 τρυφώντων,
2627 1861 2763 1915 ἀλλὰ
2793 1861 2902 1912 τῶν
2932 1857 3271 1925 πενομένων,
3302 1853 3414 1906 τῶν
3453 1851 3792 1918 θλιϐομένων,

582 1952 634 2002 iu
712 1949 955 2002 nuditate
1010 1909 1287 2018 degentes,
1329 1909 1530 2017 gratias
1589 1957 1711 2016 agat
1769 1947 2014 2013 Domino,
2050 1909 2181 2018 quil

2258 1909 2599 1934 'V'T“""'1
2629 1909 2763 1915 *τη-’τ
2807 1909 2891 1912 ἠν
2962 1909 2967 1910 ν
3052 1909 3082 1925 ⁷ι
3261 1909 3270 1916 -
3618 1909 3626 1918 .

2197 1909 2219 1964 ³
2249 1957 2358 2008 τῶν
2413 1953 2956 2026 στενοχωρουμένων,
2992 1949 3102 2002 τῶν
3135 1949 3191 2000 ἐν
3239 1945 3384 2015 λιμῷ
3418 1945 3516 1998 καὶ
3548 1942 3668 2012 δίψη
3717 1941 3796 1993 καὶ

579 2041 745 2094 fatum
781 2041 881 2095 hoc
927 2039 1028 2092 sibi
1049 2041 1214 2101 dedit,
1276 2055 1380 2092 non
1436 2040 1559 2093 odio
1592 2041 1811 2105 habens,
1852 2041 1945 2094 sed
1989 2041 2146 2094 valde

2247 2046 2550 2114 γυμνότητι
2579 2044 2877 2110 διαγόντων
2905 2041 3087 2102 ὄντας,
3133 2035 3586 2109 εὐχαριστησάτω
3620 2034 3691 2102 τῷ
3715 2036 3795 2084 Δε-

582 2135 831 2199 diligens,
867 2141 920 2184 et
972 2131 1169 2184 multas
1210 2131 1258 2183 ei
1293 2146 1520 2183 coronas
1555 2128 1818 2200 prwb't-ns.
1859 2131 1992 2186 Cum
2044 2133 2148 2185 illis

2250 2139 2446 2209 σπότῃ,
2487 2138 2568 2190 ὅτι
2601 2137 2698 2204 τῆς
2723 2137 2922 2205 μοίρας
2948 2133 3152 2200 ταύτης
3180 2131 3342 2183 αὐτὸν
3381 2128 3664 2194 ἐποίησεν,
3692 2123 3797 2190 οὐχὶ

587 2239 690 2278 neu
735 2223 860 2276 odio
911 2223 1117 2276 habens
1151 2231 1294 2274 tanta
1351 2223 1577 2275 adversa
1617 2223 1868 2290 patienda
1922 2223 2146 2286 miserit,

2253 2229 2452 2297 μισῶν,
2484 2229 2620 2280 ἀλλὰ
2658 2228 2753 2278 καὶ¹
2786 2226 2992 2294 σφόδρα
3024 2224 3218 2292 φιλῶν,
3249 2223 3343 2274 καὶ
3373 2219 3606 2277 πολλοὺς
3638 2213 3796 2267 ἐντεῦ-

587 2316 677 2368 scd
706 2314 827 2381 quia
875 2314 1102 2365 mullum
1134 2327 1227 2365 eos
1260 2313 1496 2374 amabat,
1538 2311 1861 2366 illustriores
1907 2327 2000 2365 eos
2055 2328 2150 2379 per

2251 2318 2344 2369 θεν
2381 2317 2527 2385 αὐτῷ
2557 2316 2837 2386 προξενῶν
2865 2317 3167 2383 στεφάνους
3193 2331 3207 2346 ο
3237 2313 3358 2364 ἐπεὶ
3386 2308 3671 2368 κάκείνους
3693 2305 3796 2372 οὐχὶ

587 2409 813 2460 adversa
851 2406 939 2457 illa
975 2403 1176 2457 eﬂ‘ecit.
1221 2403 1330 2456 Etsi
1372 2404 1492 2470 quis
1543 2419 1650 2456 non
1702 2418 1730 2454 a
1776 2402 1881 2456 Deo
1924 2407 2146 2456 adversa

2255 2407 2430 2475 μισῶν
2477 2407 2628 2475 ἠφίει
2676 2405 2918 2459 τοσαῦτα
2974 2406 3205 2473 πάσχειν
3250 2403 3420 2463 δεινὰ,
3461 2398 3582 2453 ἀλλ’
3634 2396 3797 2462 ἐπειδὴ

583 2501 826 2566 quaedam
888 2498 1146 2564 patiatur,
1200 2498 1292 2548 sed
1338 2511 1399 2546 ex
1463 2495 1742 2548 hominum
1803 2495 2144 2562 spoliatione,

2255 2497 2460 2565 σφόδρα
2490 2497 2688 2568 ἐφίλει,
2708 2497 3126 2565 λαμπροτέρους
3155 2492 3352 2553 αὐτοὺς
3383 2491 3472 2542 διὰ
3499 2492 3609 2542 τῶν
3631 2485 3797 2539 δεινῶν

587 2590 788 2653 gratias
821 2599 960 2659 aget,
1008 2597 1060 2640 et
1109 2599 1212 2640 n0n
1264 2587 1725 2654 blasphemahitnr
1775 2586 1824 2638 in
1877 2602 1997 2638 eum
2054 2587 2146 2654 qui

2251 2589 2460 2642 τούτων
2483 2588 2775 2657 εἰργάζετο
2799 2603 2814 2618 ο
2846 2588 2950 2640 κᾶν
2983 2586 3094 2656 γὰρ
3133 2587 3208 2654 μὴ
3241 2584 3328 2637 διά
3369 2583 3460 2634 τὸν
3493 2581 3630 2633 Θεὸν
3675 2579 3799 2644 πάθῃ

587 2678 846 2744 impedire
881 2685 1082 2745 potest.
1114 2680 1205 2730 sed
1234 2675 1489 2743 patientis
1519 2678 1587 2728 ob
1617 2675 1838 2745 gloriam
1866 2675 2148 2744 permittit.

2253 2685 2339 2748 τίς
2370 2702 2422 2736 τι
2452 2685 2561 2737 τῶν
2591 2684 2803 2748 δεινῶν,
2832 2682 2945 2735 ἀλλ’
2977 2679 3036 2743 ἐξ
3074 2678 3378 2747 ἀνθρώπων
3416 2676 3524 2742 ὲτιη
3538 2673 3705 2740 ρείας.
3732 2670 3799 2720 εὐ-

589 2767 747 2820 Velut
791 2770 823 2822 ii
856 2771 944 2834 qui
998 2784 1027 2822 a
1071 2767 1180 2822 Deo
1215 2767 1522 2836 allliguntur
1571 2783 1823 2821 coronam
1855 2767 2150 2835 accipiunt,

2255 2776 2581 2846 χαριστήσει
2618 2775 2674 2828 δὲ
2712 2777 2809 2828 καὶ
2847 2775 2920 2843 μὴ
2963 2771 3348 2842 βλασφημήσει
3391 2768 3483 2820 τὸν
3532 2765 3800 2831 δυνάμενοι

585 2862 658 2914 ita
690 2863 800 2930 ipse
823 2862 1065 2915 eumdem
1099 2864 1400 2913 mercedem
1434 2859 1692 2927 attinget;
1719 2859 1846 2929 quia
1874 2861 1942 2912 ab
1974 2860 2149 2912 homi-

2259 2869 2359 2937 μὲν
2397 2867 2666 2930 κωλύσαι,
2719 2865 2924 2933 ἀφέντα
2950 2863 3006 2915 δὲ
3039 2863 3138 2932 τῆς
3169 2861 3263 2914 τοῦ
3297 2858 3635 2918 πεπονθότος
3667 2855 3799 2906 ἕνεκα

591 2956 748 3006 nihns
782 2953 958 3006 illatns
999 2965 1158 3005 casus
1205 2965 1463 3018 generose
1522 2952 1726 3015 tulerit,
1763 2962 1816 3003 et
1859 2951 1906 3005 ei
1935 2953 2022 3021 qui
2057 2953 2156 3006 im-

2257 2961 2508 3031 δοκιμῆς,
2551 2959 2740 3027 ῶσπερ
2770 2959 2820 3011 οἱ
2871 2957 2960 3010 διὰ
2992 2958 3084 3008 τὸν
3117 2955 3247 3007 Θεὸν
3286 2953 3579 3010 παθόντες,
3629 2963 3799 3014 στεφα-

591 3044 769 3114 pedire
801 3051 979 3112 potest
1011 3043 1102 3096 sed
1137 3058 1243 3095 non
1280 3043 1392 3094 vult
1425 3044 1628 3110 gratias
1659 3044 1851 3111 egerit.

2259 3053 2473 3105 νοῦνται
2498 3068 2512 3084 ⁸
2550 3050 2723 3112 οὕτως
2770 3049 2934 3111 αὐτὸς
2982 3048 3091 3099 τῶν
3127 3046 3301 3100 αὐτῶν
3352 3043 3697 3108 ὲπιτεύξεται
3730 3059 3797 3109 μι-

695 3135 894 3186 Deinde
961 3133 1326 3200 unusquisque
1404 3133 1571 3186 nostri
1658 3133 2017 3200 recordetur,
2098 3143 2157 3188 ttt
2261 3163 2292 3197 σ

2261 3144 2424 3204 σθῶν,
2459 3145 2541 3197 ὅτι
2585 3148 2686 3206 τὰς
2736 3141 2888 3211 παρὰ
2938 3139 3244 3209 ἀνθρώπων
3295 3137 3634 3207 ἐπαχθείσας
3680 3133 3798 3202 αὐτᾷ

589 3227 869 3290 studiosis,
931 3234 984 3278 et
1041 3227 1106 3277 ab
1145 3225 1502 3294 allligcutibus
1564 3224 1773 3279 lucrum
1825 3235 2104 3292 reportare
2139 3243 2188 3280 εχ

2201 3241 2229 3299 Β
2265 3239 2548 3307 συμφορὰς
2596 3238 2794 3307 ἤνεγκε
2821 3235 3084 3302 γενναίως
3109 3249 3122 3262 ⁸
3169 3233 3264 3286 καὶ
3288 3234 3367 3301 τῷ
3407 3232 3694 3303 δυναμένῳ
3727 3229 3800 3298 μὶν.

588 3318 840 3388 jejunans
869 3317 1010 3371 enim
1042 3329 1092 3369 et
1128 3317 1356 3387 vigilans
1415 3319 1594 3369 anima
1627 3332 1732 3370 non
1763 3318 1922 3370 modo
1947 3320 2163 3386 quando

2262 3331 2464 3391 ταύτας
2493 3328 2757 3388 κωλῦσαι,
2800 3327 2873 3396 μὴ
2917 3325 3233 3396 βουληθέντι
3267 3325 3344 3387 δὲ,
3379 3324 3800 3394 ηὐχαρίστησεν·

595 3425 848 3478 pr0spere
881 3426 966 3463 res
1023 3409 1272 3463 feruntur
1322 3412 1644 3481 sapientiam
1713 3413 1954 3465 ostendit
1988 3449 2002 3472 ,
2066 3411 2160 3463 St'd

2263 3421 2345 3473 ἔτι
2396 3422 2626 3482 ἕκαστος
2658 3421 2816 3488 ήμῶν
2861 3418 3387 3490 ἁναμιμνησκέσθω,
3440 3417 3528 3469 ὅτι
3582 3417 3799 3483 καθάπερ

592 3504 806 3572 quando
870 3517 1048 3555 rerum
1111 3502 1380 3554 contraria
1445 3503 1690 3570 qnazdatu
1741 3505 1890 3555 adest
1927 3503 2163 3555 circnm-

2260 3514 2310 3563 οί
2346 3511 2758 3574 σπουδάζοντες,
2800 3511 2895 3563 καὶ
2945 3511 3053 3562 ἀπὸ
3088 3508 3197 3562 τῶν
3246 3508 3564 3562 λυποῦντων
3615 3507 3786 3578 κερδαί
3827 3514 3831 3518 “

594 3598 834 3660 Stantia,
887 3604 1011 3648 tunc
1063 3608 1246 3660 parem
1298 3591 1589 3661 gratiarum
1648 3596 1912 3647 actionem
1947 3594 2164 3659 referet,

2263 3615 2447 3650 νουσιν
2477 3613 2490 3628 ·
2520 3600 2552 3666 ἡ
2578 3599 2688 3666 γὰρ
2723 3599 2969 3665 νήφουσα
3023 3598 3120 3650 καὶ
3167 3597 3502 3666 ὲγρηγορυῖα
3535 3595 3700 3665 ψυχή,
3745 3594 3800 3660 μί

595 3689 739 3742 ιιιιΙΙο
791 3688 949 3740 modo
1000 3701 1177 3740 rerum
1218 3687 1518 3738 mutatione
1569 3687 1810 3740 emollita
1850 3686 1970 3740 :ita
2035 3686 2155 3739 ani-

2267 3689 2426 3756 μόνον
2453 3688 2671 3739 ἐπειδὰν
2701 3689 2841 3739 κατὰ
2875 3686 3002 3758 ῥοῦν
3029 3688 3261 3756 φέρηται
3285 3687 3352 3738 τά
3379 3686 3704 3755 πράγματα.
3725 3685 3798 3752 rip

593 3797 738 3834 munt
773 3777 1167 3848 despondentes
1195 3791 1260 3830 ne
1295 3776 1555 3832 secundis
1592 3778 1808 3847 quidem
1845 3777 2005 3833 rebus
2040 3792 2156 3831 me-

2266 3779 2694 3850 εὐγνωμοσύνην
2731 3781 3122 3842 ἐπιδείκνυται,
3167 3780 3304 3832 ἀλλὰ
3356 3779 3458 3833 κᾶν
3493 3779 3714 3832 ἐναντία
3737 3792 3809 3836 τις

595 3874 760 3925 liores
790 3872 944 3924 ﬁunt.

2270 3871 2615 3940 πραγμάτων
2662 3871 2984 3940 περίστασις
3041 3869 3525 3941 παρακολουθήσῃ,
3575 3871 3682 3922 ’καὶ
3711 3869 3815 3920 τότε

592 3968 692 4033 τὴν
730 3965 851 4034 ίσην
876 3963 1225 4033 εὐχαριστίαν
1271 3966 1556 4032 ἀναφέρει,
1593 3965 1756 4034 μηδὲν
1789 3966 1898 4020 ἀπὸ
1925 3968 2024 4036 τῆς
2050 3966 2159 4018 τῶν
2205 3967 2547 4035 πραγμάτων
2621 3964 2928 4035 μεταϐολῆς
2993 3965 3354 4034 χαυνουμένη.
3410 3966 3586 4029 οὓτως
3643 3969 3691 4020 cl
3737 3969 3816 4036 ρᾳ-

595 4058 896 4128 θυμοῦντες
923 4057 1045 4108 οὐδὲ
1090 4056 1199 4109 ἀπὸ
1229 4055 1336 4110 τῶν
1363 4056 1718 4127 ὠφελούντων
1771 4057 2033 4127 ἀμείνους
2088 4057 2358 4126 γίνονται.

680 4194 763 4246 l7.
826 4193 1116 4260 Propterea
1181 4192 1273 4246 Dei
1341 4194 1721 4249 educationem
1759 4210 1866 4248 non
1929 4193 2164 4249 ferentes

2349 4197 2434 4261 ιζ’.
2471 4198 2570 4250 Διὰ
2616 4195 2778 4249 τοῦτο
2809 4197 2858 4248 οἱ
2892 4196 2989 4263 τὴν
3019 4195 3114 4248 τοῦ
3159 4196 3298 4250 Θεοῦ
3329 4197 3583 4250 παιδείαν
3613 4198 3686 4266 μή
3715 4195 3814 4264 μετ’

599 4296 773 4355 grate,
827 4288 919 4337 sed
953 4300 1094 4354 a'gre
1129 4285 1419 4353 patientes,
1473 4298 1735 4355 praeterea
1761 4287 1902 4354 quod
1955 4289 2160 4342 nullum

2251 4287 2619 4358 ἐὐχαριστίας
2649 4287 2928 4357 φέροντες,
2963 4287 3097 4339 ἀλλά
3128 4287 3674 4354 δυσανασχετοῦντες,
3702 4285 3818 4355 πρὸς

600 4395 663 4430 ex
707 4393 768 4430 ea
819 4376 1052 4429 fructum
1093 4378 1330 4444 capiant,
1381 4381 1638 4430 extremis
1690 4378 1899 4446 seipsos
1926 4378 2158 4432 circum-
2196 4393 2199 4419 ι

2220 4376 2239 4432 Ξ
2271 4380 2348 4451 τῷ
2378 4381 2543 4450 μηδὲν
2569 4379 2627 4443 ἐξ
2655 4379 2824 4443 αὐτῆς
2855 4377 3276 4445 καρπώσασθαι,
3310 4379 3402 4430 καὶ
3432 4380 3554 4438 ταῖς
3582 4376 3819 4446 ἐσχάταις

601 4473 732 4524 dant
759 4471 1022 4524 adVersis.
1049 4469 1160 4523 Hoc
1198 4473 1569 4538 unusquisque
1590 4485 1655 4523 ex
1699 4471 1857 4524 nobis
1903 4473 2172 4541 evangell-

2274 4473 2499 4535 ἑαυτοὺς
2539 4471 2924 4542 περιϐάλλουσι
2970 4475 3313 4540 συμφοραῖς·
3364 4470 3652 4522 καὶτοῦτο
3704 4468 3818 4520 ἱκα-

601 4569 754 4615 latus
801 4576 908 4613 non
968 4560 1380 4626 blaSphetnetur
1433 4558 1868 4614 benefacientem
1915 4559 2076 4615 nobis
2121 4571 2174 4613 et

2274 4581 2396 4626 στος
2447 4565 2602 4632 ἡμῶν
2652 4563 3138 4630 εὐαγγελιζόμενος
3185 4561 3258 4629 μὴ
3311 4559 3704 4629 βλασφημείτω
3743 4560 3823 4610 τὸν

603 4654 924 4706 salvatorem
950 4661 1004 4705 et
1037 4660 1267 4705 tutorem
1299 4651 1351 4704 in
1400 4653 1644 4706 adversis
1673 4654 1898 4720 positus,
1925 4668 1990 4705 ue
2021 4653 2172 4705 labo-

2272 4656 2567 4723 εὐεργέτην
2598 4659 2692 4708 καὶ
2740 4657 2960 4724 σωτῆρα
3007 4655 3103 4706 καὶ
3149 4655 3426 4723 κηδεμόνα
3461 4655 3747 4722 γενόμενος
3773 4653 3823 4704 ἐν

606 4761 713 4797 retu
745 4745 968 4796 istorum
1003 4746 1217 4808 subeat,
1266 4743 1384 4811 ejus
1413 4758 1547 4795 vero
1582 4742 1735 4795 lucro
1780 4745 1848 4795 oh
1889 4743 2175 4810 impatien-

2273 4746 2488 4811 δεινοῖς,
2521 4747 2607 4799 ’ίνα
2661 4748 2736 4816 μῆ
2768 4749 2860 4800 τὸν
2900 4747 3062 4798 πόνον
3097 4747 3196 4814 μὲν
3229 4747 3436 4799 τούτων
3481 4748 3708 4815 ὐποστῇ,
3742 4745 3823 4796 τοῦ

604 4839 732 4890 tiatu
771 4838 1030 4905 privetur,
1062 4845 1116 4888 et
1153 4836 1203 4886 in
1242 4836 1502 4906 abyssum
1536 4847 1794 4887 extrema)
1848 4834 2174 4900 perditionis

2273 4839 2330 4892 δὲ
2361 4840 2420 4903 ἐξ
2450 4839 2615 4892 αὐτοῦ
2643 4841 2731 4892 διὰ
2768 4841 2865 4908 τῆς
2895 4839 3177 4906 ὑπομονῆς
3207 4838 3436 4904 κέρδους
3467 4837 3823 4906 άποστερηθῇ.

604 4929 961 4995 deprimatur,
1025 4929 1150 4997 quia
1179 4929 1436 4980 auxilium
1473 4927 1563 4980 Dei
1617 4927 1893 4995 repnlerit,
1927 4936 1980 4980 et
2011 4929 2175 4979 vehe-

2275 4935 2372 4984 καί⁵
2414 4932 2549 5001 πρὸς
2615 4931 2889 5002 βάραθρον
2919 4931 3112 4983 ἑαυτὸν
3157 4933 3257 4998 τῆς
3299 4933 3534 4999 ἐσχάτης
3571 4930 3825 4984 ἀπωλείας

605 5017 922 5072 tuentlorem
964 5017 1252 5072 adversum
1313 5036 1370 5074 se
1423 5019 1692 5073 diabolqu
1754 5019 1996 5073 ell‘ecerit
2028 5037 2042 5086 ;
2079 5023 2174 5074 sed

2274 5025 2485 5094 ὠθήσῃ,
2521 5025 2619 5093 τήν
2670 5026 2766 5094 μὲν
2799 5024 2891 5076 τοῦ
2935 5022 3071 5075 Θεοῦ
3117 5026 3438 5092 συμμαχίαν
3496 5020 3826 5090 ἀποκρουσά-

607 5120 836 5164 cunctos
890 5126 1011 5164 cum
1067 5115 1364 5177 gratiarum
1412 5113 1624 5166 aetioue
1677 5113 1817 5164 [erat
1870 5122 2168 5179 pra-sentes

2279 5131 2462 5183 μενος,
2517 5112 2873 5182 σφοδρότερον
2920 5112 2977 5163 δὲ
3028 5110 3150 5164 καθ’
3199 5110 3396 5162 ἑαυτοῦ
3449 5109 3539 5161 τδν
3593 5107 3822 5161 διάϐολον

609 5203 856 5263 doleres.
887 5211 944 5255 ut
998 5203 1196 5255 exhinc
1259 5209 1597 5256 commodum
1660 5213 1714 5256 et
1760 5203 1986 5256 salutem
2035 5203 2174 5256 mul-

2277 5205 2693 5273 ἐργασάμενοςο
2729 5205 2864 5258 ἀλλὰ
2909 5206 3085 5258 πάντα
3128 5205 3469 5275 εὐχαρίστως
3516 5203 3729 5270 φερέτω
3769 5197 3827 5248 τὰ

615 5307 722 5347 tam
764 5296 1022 5358 lucretur,
1065 5295 1280 5348 insidiis
1325 5294 1524 5347 diaboli
1578 5297 1832 5362 repuls-s,
1888 5295 1979 5348 Dei
2047 5310 2175 5348 vero

2280 5295 2514 5347 ἐνταῦθα
2549 5297 2866 5365 παθήματα,
2899 5297 2966 5350 ἶν’
3001 5295 3252 5349 ἐντεῦθεν
3293 5295 3564 5362 ὠφέλειαν
3607 5293 3699 5345 καὶ
3735 5307 3826 5342 σω·

609 5401 740 5438 cnra
778 5386 828 5437 in
850 5402 908 5440 se
938 5386 1166 5438 adducta
1201 5384 1491 5440 :diabolus
1515 5387 1656 5440 enim
1682 5387 1968 5440 innumera
1994 5385 2176 5438 hotui-

2278 5387 2474 5456 τηρίαν
2506 5387 2706 5458 πολλὴν
2745 5390 3004 5461 κερδάνῃ,
3036 5390 3133 5451 τὰς
3168 5390 3266 5458 μὲν
3302 5388 3593 5448 ἐπιϐουλάς
3625 5387 3718 5436 τοῦ
3748 5397 3829 5434 πο-

607 5479 765 5530 nihus
793 5478 1017 5530 adversa
1052 5477 1250 5548 ingerit
1274 5488 1331 5530 ut
1376 5491 1473 5532 eos
1527 5477 1882 5550 inaltyssum
1915 5478 2179 5546 perditio-

2280 5480 2447 5548 νηροῦ
2478 5479 2732 5549 δαίμονος
2781 5483 3288 5550 άποκρουσάμενος,
3321 5483 3422 5551 τήν
3453 5482 3506 5534 δὲ
3547 5478 3644 5532 τοῦ
3689 5475 3827 5543 κηδε-

609 5566 692 5619 nis
731 5568 983 5630 deducat,
1013 5569 1232 5635 quando
1262 5565 1476 5634 quidem
1530 5567 1677 5620 videt
1733 5567 1894 5620 lacile
1928 5567 2180 5634 blasphe-

2283 5572 2443 5639 μόνος
2471 5572 2606 5624 θεοῦ
2643 5575 2934 5642 θεραπείαν
2964 5575 3097 5642 πρὸς
3136 5575 3325 5626 ἑαυτὸν
3357 5570 3822 5638 ἐπισπασάμενος·

610 5656 843 5712 tuantem
874 5675 998 5713 eum
1033 5659 1124 5728 qui
1161 5657 1488 5713 adversitate
1522 5660 1751 5727 quadam
1775 5659 2170 5723 circumdatur,

2281 5665 2309 5716 ὁ
2336 5666 2444 5734 γάρ
2476 5666 2721 5729 διάϐολος
2747 5668 2836 5722 διὰ
2859 5667 3016 5721 τοῦτο
3045 5668 3215 5738 μυρία
3254 5671 3365 5731 τοῖς
3404 5663 3705 5736 ἀνθρώποις
3745 5660 3830 5709 ἐπ’
