4050 6210
323 326 427 388 937

1713 334 1868 399 ETH
1881 335 2050 400 lCON
2093 337 2184 400 VI-

3479 343 3587 406 938

321 448 473 516 ἀγων
497 445 669 508 δεινὰ,
689 447 776 501 ἵνα
807 449 942 519 πριις
977 448 1252 521 βάραθρον
1267 449 1545 514 ἀπωλείας
1568 451 1768 518 αὐτοὺς
1803 471 1875 507 κα

1977 464 2203 521 ,augete
2227 452 2492 521 dolorem,
2525 461 2581 509 et
2607 451 2864 521 majorem
2897 449 3095 517 reddit,
3160 461 3220 506 ut
3267 452 3359 508 ille
3390 454 3584 509 Stimu-

317 537 558 610 ταγάγῃ,
609 540 738 594 ὅταν
766 542 867 610 μὲν
922 543 1006 612 ίδῃ
1061 542 1492 614 βλασφημοῦντα
1543 545 1745 615 ῥᾳδίως
1805 546 1899 599 τὸν

315 628 478 699 δεινῷ
510 647 620 683 τινι
649 635 1136 702 περιπεπτωκότα,
1173 634 1330 700 αὔξει
1358 637 1456 704 τὴν
1485 635 1775 705 ἀλγηδόνα,
1804 638 1900 691 καὶ

319 719 545 788 μείζονα
576 725 742 785 ποιεῖ,
789 725 875 777 ἵνα
908 726 1272 796 κεντούμενος
1323 729 1534 792 ἐκεῖνος
1585 729 1900 782 ἀποδυσπε-

314 813 460 885 τήσῃ
486 815 651 868 πάλιν
675 831 689 844 ο
723 817 851 870 ὅταν
877 818 934 871 δὲ
967 819 1051 890 ἴδῃ
1076 821 1341 886 γενναίως
1371 821 1630 888 φέροντα,
1663 824 1754 875 καὶ
1785 822 1898 890 ὅσῳ

313 906 377 958 τὸ
411 908 584 970 πάθος
612 909 963 977 ἐπιτείνεται,
988 912 1210 967 τοσοῦτο
1242 913 1446 983 μᾶλλον
1466 914 1895 985 εὐχαριστοῦντα

313 1003 792 1076 εδρεύωνθοιπόν.

388 1096 481 1167 ιη’.
523 1098 710 1151 Ἱκανὰ
745 1098 848 1168 μὲν
877 1094 970 1152 οὖν
1006 1101 1074 1153 τὰ
1114 1101 1386 1173 εἰρημένα
1431 1108 1573 1174 πρὸς
1600 1108 1893 1176 παράκλη-

313 1207 402 1243 σιν
434 1191 715 1260 ὑπομονῆς
739 1206 754 1220 θ
784 1191 935 1256 ἄξιον
969 1192 1024 1245 δέ
1055 1193 1265 1256 τούτοις
1316 1199 1636 1264 προσθεῖναι
1670 1200 1763 1251 καὶ
1796 1200 1894 1269 τὴν

311 1283 458 1334 κατὰ
503 1283 594 1335 τὸν
630 1282 794 1336 Δαϐὶδ
842 1283 1106 1354 ἱστορίαν,
1139 1286 1208 1339 τὰ
1250 1289 1460 1356 μεγάλα
1511 1290 1894 1362 συμϐαλλομέ-

311 1389 413 1440 νην
441 1389 458 1404 ο
491 1373 720 1437 ἐξέπεσε
747 1375 854 1445 γάρ
885 1393 1014 1429 ποτε
1050 1379 1144 1431 καὶ
1173 1372 1326 1446 οὗτος
1359 1381 1459 1450 τῆς
1508 1383 1768 1452 πατρίδος
1798 1383 1892 1437 καὶ

311 1466 412 1534 τῆς
441 1467 641 1534 ἀρχῆς,
675 1470 769 1520 καὶ
800 1468 934 1538 περὶ
966 1468 1064 1538 τῆς
1099 1468 1414 1542 ἐλευθερίας
1459 1476 1553 1526 καὶ
1583 1476 1681 1544 τῆς
1711 1476 1890 1545 ψυχῆς

310 1558 477 1628 αὐτῆς
503 1558 866 1622 ἐκινδύνευσε,
896 1558 990 1611 τοῦ
1040 1561 1158 1612 υίοῦ
1194 1560 1363 1614 αὑτοῦ
1397 1562 1490 1616 τοῦ
1530 1564 1888 1636 Ἀὄεσσαλὼμ

2005 546 2151 602 latus
2175 545 2408 602 desistat
2439 561 2631 601 rursus
2664 561 2682 606 :
2717 560 2844 600 cum
2895 555 3077 599 autem
3116 545 3264 599 videt
3324 561 3585 616 generese

2007 638 2297 705 ferentem,
2330 649 2384 694 et
2420 654 2529 710 quo
2557 641 2728 710 magis
2753 639 2910 695 dolor
2951 641 3284 703 extenditur,
3311 655 3377 696 eo
3418 617 3588 709 magis

2005 733 2208 800 gratias
2232 741 2478 800 agentem
2505 732 2640 797 Deo,
2667 735 2775 788 cito
2801 732 3022 789 desistit
3057 735 3281 805 reliquis
3326 746 3582 807 tauquam

2004 821 2211 878 frustra
2239 835 2292 878 et
2319 824 2592 879 incassum
2630 826 2909 880 insistens.

1933 917 2011 988 τῷ
2031 915 2172 987 Θεῷ,
2193 917 2489 985 ἀφίσταται
2507 918 2731 985 εὐθέως,
2783 919 2858 983 ὡς
2880 918 3006 990 τίκῆ
3073 921 3169 975 καὶ
3215 920 3395 992 μάτην
3439 941 3584 994 παρά

2082 1105 2170 1159 18.
2201 1103 2400 1160 Idonea
2443 1104 2662 1171 quidem
2704 1105 3002 1159 suntdicta
3049 1108 3116 1160 ad
3145 1105 3579 1161 exhortationem

2003 1198 2280 1264 patientia:
2324 1211 2339 1249 :
2385 1211 2565 1265 opera!
2613 1207 2796 1249 autem
2849 1197 3082 1266 pretium
3112 1207 3194 1252 est
3248 1199 3330 1252 his
3384 1200 3582 1254 addere

2002 1288 2224 1342 Davidis
2281 1288 2570 1343 historiam
2620 1303 2816 1358 magna
2848 1305 2910 1342 ex
2950 1299 3102 1358 parte
3143 1299 3576 1361 coiigruentetn:

1999 1384 2201 1439 decidit
2237 1385 2382 1439 enim
2426 1384 2716 1454 aliquando
2756 1384 2858 1439 iste
2879 1397 2908 1438 a
2939 1386 3282 1452 possessiOne
3313 1385 3500 1453 patria:
3524 1396 3580 1439 et

2002 1474 2234 1545 imperii,
2303 1485 2352 1530 et
2390 1491 2491 1546 pro
2528 1477 2776 1531 libertate
2807 1486 2863 1531 et
2909 1477 3091 1530 anima
3153 1477 3268 1543 ipsa
3317 1477 3427 1531 tilio
3479 1493 3579 1531 suo

1996 1567 2252 1623 Absalom
2297 1569 2350 1622 in
2396 1583 2454 1623 se
2485 1567 2840 1638 insurgentc;
2885 1575 2940 1623 et
2976 1569 3218 1622 exercitu
3249 1583 3371 1621 cum
3420 1569 3579 1621 indu-

308 1654 814 1717 κατεξαναστάντος
845 1655 1042 1708 αὑτοῦ·
1080 1658 1174 1710 καὶ
1207 1656 1301 1710 τοῦ
1353 1661 1721 1728 στρατοπέδου
1749 1662 1875 1730 πρὸς

1996 1661 2132 1714 mito
2165 1661 2270 1715 isto
2301 1660 2523 1728 juvene,
2575 1669 2812 1732 tyranno
2856 1669 2911 1715 et
2968 1661 3240 1730 parricida
3284 1660 3577 1718 instructo.

304 1746 401 1797 τὸν
431 1745 735 1798 ἀκόλαστον
764 1746 1068 1812 νεανίσκον,
1102 1748 1194 1800 τὸν
1239 1747 1505 1819 τύραννον
1546 1752 1758 1805 ἐκεῖνον
1791 1755 1884 1808 καὶ

306 1839 666 1908 πατραλοίαν,
690 1838 1159 1908 μεταταξαμὲνου,
1189 1841 1462 1894 ἐπλανᾶτο
1485 1842 1624 1896 κατὰ
1641 1844 1738 1914 τὴν
1756 1843 1882 1914 ἓρηυ

308 1945 432 2000 μον,
463 1933 558 1982 καὶ
591 1929 692 1981 οῦκ
727 1930 1108 1998 ἐδυσχέρανεν,
1141 1931 1260 1984 οὐδὲ
1291 1933 1712 2004 ἀπεδυσπέτησε
1743 1936 1882 2005 πρὸς

303 2020 399 2073 τὸν
436 2019 592 2083 Θεὸν,
622 2019 744 2072 οὐδὲ
789 2016 934 2083 εἷπε,
973 2019 1039 2072 τί
1088 2037 1218 2074 ποτε
1249 2021 1410 2075 τοῦτό
1462 2025 1651 2090 ἐστιν;
1689 2027 1717 2078 ὁ
1750 2027 1881 2090 Θεὸς

309 2113 660 2184 συνεχώρησε
688 2114 766 2182 τῷ
799 2113 951 2166 παιδὶ
975 2113 1149 2167 ταῦτα
1184 2116 1326 2168 κατὰ
1354 2115 1450 2168 τοῦ
1486 2120 1880 2187 γεγεννηκότος

303 2208 684 2276 ἐργάσασθαι,
745 2209 937 2262 Καίτοι
980 2207 1076 2260 καὶ
1120 2208 1168 2260 εί
1217 2208 1400 2260 δίκαια
1437 2210 1694 2277 ἐγκαλεῖν
1734 2205 1881 2281 εἶχεν

299 2305 329 2354 ὁ
358 2301 494 2366 υἱὸς,
524 2301 648 2354 οὐδὲ
687 2299 832 2352 οὕτω
877 2299 1044 2352 ταῦτα
1086 2301 1344 2368 γενέσθαι
1385 2301 1514 2356 ἔδει.
1555 2299 1692 2357 Νυνὶ
1731 2303 1786 2356 δὲ
1817 2304 1878 2357 οὐ

306 2393 526 2462 μικρὸν,
562 2391 623 2444 οὗ
651 2391 818 2459 μέγα,
859 2390 994 2461 παρ’
1024 2389 1180 2460 ἡμῶν
1207 2392 1538 2460 ἠδικημένος
1583 2394 1878 2464 περιέρχε-

301 2500 418 2547 ται,
445 2483 543 2546 τὴν
572 2483 756 2548 δεξιὰν
789 2482 1078 2551 ἐπιθυμῶν
1109 2483 1305 2552 αἵματι
1339 2479 1569 2552 μολῦναι
1597 2485 1874 2554 πατρικῷ,

295 2575 401 2628 τοῦ
425 2575 563 2628 Θεοῦ
599 2576 667 2627 τὰ
699 2576 964 2644 γινόμενα
1007 2577 1142 2647 όρᾷν
1176 2577 1544 2646 ἀνεχομένους
1582 2576 1699 2629 ἀλλ’
1722 2576 1878 2630 οὐδὲν

297 2667 507 2719 τούτων
536 2663 658 2718 εἷπε
685 2683 700 2697 °
755 2667 849 2718 καὶ
883 2664 946 2719 τδ
973 2666 1036 2734 δὴ
1070 2667 1257 2733 μεῖζον
1295 2667 1390 2719 καὶ
1414 2666 1750 2736 Θαυμαστὸν,
1793 2670 1874 2722 ὅτι

295 2759 648 2828 πλανωμένῳ
678 2758 772 2812 καὶ
806 2760 1028 2811 πάντων
1061 2759 1446 2812 ἐκπεπτωκότι
1474 2761 1552 2828 τῷ
1584 2760 1876 2832 θαυμασῑῳ

296 2851 483 2913 Δαεὶδ,
535 2851 730 2920 Σεμεεί
777 2868 858 2914 τις
900 2851 1186 2920 ἄνθρωπος
1239 2847 1332 2903 καὶ
1381 2852 1578 2922 μιαρὸς
1624 2853 1872 2917 ἐπέθετο,

305 2944 597 3013 μιαιφόνον
623 2943 920 2996 ἀποκαλῶν
944 2944 1035 2995 καὶ
1063 2943 1256 3012 ἀσεϐῆ,
1285 2944 1380 2996 καὶ
1405 2943 1473 2997 τὰ
1505 2944 1678 3016 μυρία
1705 2944 1871 2998 κακά’

1990 1755 2210 1806 errabat
2275 1768 2372 1821 per
2399 1753 2698 1817 desertum,
2757 1768 2867 1807 non
2925 1768 3070 1823 πει-ε
3115 1753 3345 1812 ferebat.
3389 1769 3566 1821 neque

1989 1842 2302 1913 indignatus
2345 1852 2424 1898 est
2467 1843 2520 1897 in
2555 1841 2749 1908 Deum,
2783 1860 2883 1898 nec
2918 1844 3054 1898 dixit
3091 1841 3247 1898 :Cur
3280 1843 3446 1913 igitur
3473 1845 3575 1898 hoc

1987 1934 2086 1987 iit?
2113 1933 2253 1989 Deus
2281 1935 2551 1990 concessit
2581 1934 2689 1988 lilio
2720 1937 2830 1988 ltzee
2855 1936 3114 1990 adversus
3149 1945 3352 2005 patrem
3377 1936 3576 2006 agere?

1983 2023 2142 2079 Certe
2165 2024 2266 2078 etsi
2295 2024 2438 2094 justa
2500 2025 2757 2079 invocare
2811 2023 3093 2080 habuisset
3146 2027 3309 2088 illius.
3345 2042 3448 2080 non
3499 2028 3571 2081 ita

1989 2115 2102 2170 haec
2163 2115 2278 2170 fieri
2333 2115 2626 2170 debebant.
2685 2113 2840 2169 Nunc
2888 2129 3066 2169 autem
3121 2132 3297 2172 nonne
3327 2133 3570 2187 parram,

1985 2221 2090 2259 non
2121 2220 2399 2274 magnam,
2454 2219 2484 2258 a
2542 2205 2702 2260 nobis
2768 2206 3092 2273 injustitiam
3144 2223 3335 2272 passus
3377 2209 3574 2264 circuit

1986 2295 2267 2351 dexteram
2299 2297 2524 2366 cupiens
2555 2296 2822 2364 sanguine
2856 2306 3080 2363 paterno
3113 2298 3414 2365 inquinare,
3463 2300 3572 2352 Dt-n

1993 2389 2323 2458 impediente
2353 2404 2420 2443 ne
2455 2390 2635 2444 videat
2685 2405 2805 2460 qua:
2843 2385 3018 2443 ﬁunt?
3063 2389 3167 2447 Sed
3204 2393 3340 2446 nihil
3379 2407 3444 2447 ex
3487 2393 3570 2446 his

1982 2480 2122 2535 dixit
2156 2495 2171 2534 :
2206 2491 2260 2534 et
2289 2479 2432 2548 quod
2485 2482 2660 2548 majus
2689 2490 2770 2534 est
2800 2488 2855 2533 et
2897 2480 3168 2542 mirabile,
3233 2482 3565 2536 inerrantein

1980 2583 2029 2628 et
2059 2573 2312 2628 omnibus
2345 2572 2660 2626 destitutum
2695 2571 3069 2627 admirabilem
3096 2573 3348 2629 Davidem
3383 2573 3566 2629 Semel

1980 2665 2200 2734 quidam
2255 2664 2418 2717 homo
2447 2663 2714 2719 scelestus
2769 2663 2950 2718 illatus
2975 2673 3059 2718 est
3096 2662 3426 2721 homicidam
3467 2679 3564 2720 Vn-

1927 2759 1938 2770 ’
1979 2772 2112 2811 cans
2143 2769 2195 2812 et
2231 2755 2480 2825 impittm,
2530 2765 2586 2810 et
2632 2755 2803 2810 millia
2838 2769 3117 2826 perversa.
3173 2757 3344 2814 Porro
3386 2774 3564 2828 neque

1980 2861 2167 2918 postea
2220 2850 2394 2904 iratus
2434 2856 2560 2916 est;
2609 2848 2704 2902 sed
2736 2857 2792 2903 et
2837 2848 2971 2902 duce
3001 2850 3274 2906 exercitus
3303 2851 3564 2917 oninante

1979 2941 2095 2998 fore
2130 2952 2186 2996 ut
2241 2949 2653 2997 converteretur
2708 2943 2776 2996 ad
2826 2940 3237 3011 perforandum,
3295 2955 3351 2998 et
3401 2959 3562 3014 caput

294 3037 395 3090 καὶ
428 3036 549 3089 οὐδὲ
578 3033 753 3097 οὕτως
781 3036 1047 3105 ὴγρίανεν
1071 3050 1085 3066 ⁸
1117 3035 1256 3088 ἀλλὰ
1297 3035 1393 3088 καὶ
1420 3035 1514 3089 τοῦ
1559 3037 1871 3106 στρατηγοῦ

1977 3036 2094 3103 ejus
2123 3034 2581 3096 abscindendum.
2618 3049 2727 3088 non
2769 3035 2928 3088 modo
2978 3050 3084 3088 non
3129 3035 3408 3101 incitavit,
3464 3042 3559 3090 sed

291 3127 574 3195 ἀξιοῦντος
621 3130 996 3199 ἐπιτραπῆναι
1040 3127 1320 3198 διαϐῆναι,
1353 3129 1449 3182 καὶ
1497 3128 1595 3198 τὴν
1625 3129 1870 3199 κεφαλὴν

288 3223 595 3290 ἀποτεμεῖν
646 3220 880 3281 ἐκείνου,
916 3221 978 3274 οῦ
1019 3221 1179 3290 μόνον
1223 3222 1320 3274 οὐκ
1373 3221 1696 3292 ἐπέτρεψεν,
1731 3223 1871 3278 ἀλλὰ

289 3313 392 3366 xui.
422 3313 749 3382 ἐδυσχέρανε
771 3313 947 3381 λέγων
969 3329 982 3343 ·
1007 3313 1075 3366 Τί
1095 3313 1218 3383 ἐμοὶ
1242 3314 1334 3366 καὶ¹
1358 3318 1460 3378 σοὶ,
1492 3315 1574 3368 υίέ
1595 3317 1829 3388 Σαρουῐα
1851 3333 1865 3384 ;

291 3401 499 3471 ’Λφετε
525 3403 686 3456 αὑτὸν
705 3402 1068 3471 καταρᾶσθαι,
1107 3404 1256 3466 ὅπως
1293 3404 1377 3476 ίδῃ
1405 3406 1503 3478 τὴν
1536 3408 1868 3462 ταπείνωσιν

291 3513 402 3565 μου
437 3496 661 3565 Κύριος,
695 3495 789 3548 καὶ
835 3496 1191 3568 ἀνταποδὼσῃ
1244 3513 1336 3565 μοι
1386 3498 1568 3566 ἀγαθὰ
1599 3501 1721 3554 ἀντὶ
1766 3503 1869 3570 τῆς

289 3586 543 3656 κατάρας
593 3586 783 3640 αῦτοῦ.
827 3586 990 3658 Ὁρᾷς
1024 3588 1174 3650 ὅπως
1215 3584 1357 3642 οἶδεν
1383 3590 1412 3642 ὁ
1439 3590 1666 3660 δίκαιος,
1699 3593 1868 3649 ὅτιτὸ

286 3682 484 3750 φέρειν
517 3681 782 3749 γενναίως
808 3681 905 3743 τὰς
935 3681 1224 3751 λοιδορίας,
1250 3684 1475 3754 ἀφορμὴ
1508 3687 1754 3750 πλείονος
1780 3689 1868 3741 εὐ-

285 3775 632 3844 δοκιμήσεως
684 3774 932 3840 γίνεταις
969 3775 1079 3828 Καὶ
1105 3775 1215 3844 γὰρ
1243 3775 1415 3839 οὕτως
1446 3777 1559 3846 ἔχει
1587 3795 1604 3812 ο
1644 3780 1868 3833 ἐπειδὰν

282 3868 693 3939 λοιδορηθέντες
719 3869 812 3921 καὶ
849 3869 1020 3938 μυρία
1055 3869 1320 3932 παθόντες
1367 3869 1538 3934 δεινὰ,
1566 3873 1693 3935 τοὺς
1722 3873 1864 3925 ὀνιιο

281 3956 539 4020 δίζοντας
562 3958 818 4028 φέρωμεν
848 3959 1134 4028 γενναίως,
1167 3960 1391 4028 μείζονα
1425 3961 1578 4030 παρὰ
1608 3962 1702 4017 τοῦ
1725 3963 1866 4016 Θεοῦ

282 4050 388 4119 τὴν
419 4048 635 4103 εὔνοιαν
672 4050 1055 4122 ἐπισπώμεθα.
1107 4051 1276 4106 Ταῦτ’
1309 4051 1402 4106 οὖν
1449 4053 1694 4119 ἅπαντες
1725 4057 1863 4110 είδόδ-

279 4159 399 4207 τες,
435 4143 581 4196 κατά
610 4145 735 4206 τοὺς
767 4144 1122 4212 εὐγνώμονας
1152 4144 1324 4211 υῖοὺς,
1354 4145 1405 4198 οἶ
1449 4147 1558 4200 τῶν
1601 4150 1863 4220 πατέρων

279 4236 550 4299 πολλάκις
579 4237 700 4289 οὐδὲ
755 4235 983 4297 δεόντως
1019 4234 1360 4300 κολαζόντων
1415 4237 1614 4302 αὐτοὺς
1657 4239 1863 4311 ὑπομέ-

277 4345 492 4391 νουσιν,
532 4327 860 4396 ἀνεχώμεθα
885 4327 983 4380 τοῦ
1014 4327 1150 4381 Θεοῦ
1189 4327 1540 4392 παιδεύοντος
1564 4331 1734 4400 ἡμᾶς,
1767 4332 1860 4384 τοῦ

278 4421 377 4472 καὶ
431 4422 684 4488 πατέρων
741 4421 940 4489 μᾶλλον
992 4421 1144 4488 ἡμᾶς
1190 4421 1498 4488 φιλοῦντος,
1554 4423 1646 4474 καὶ
1683 4424 1859 4476 πάντα

277 4512 417 4578 apii;
457 4511 518 4564 τὸ
571 4512 854 4580 συμφέρον
908 4514 1472 4582 πραγματευομένου,
1504 4513 1590 4565 ῖνα
1639 4515 1737 4581 τὴν
1764 4513 1858 4566 τοῦ

290 4603 438 4665 Ἰὼϐ,
485 4605 583 4656 καὶ
628 4603 724 4656 τοῦ
756 4604 943 4670 Δαιΰὶδ,
982 4606 1075 4657 καὶ
1121 4605 1228 4657 τῶν
1283 4607 1399 4659 ὅσοι
1457 4604 1580 4658 κατ’
1615 4608 1860 4670 ἐκείνους

277 4697 507 4766 ἀνδρίαν
548 4700 642 4748 καὶ
679 4699 985 4749 ἐπιείκειαν
1013 4700 1107 4750 καὶ
1139 4699 1420 4768 ὑπομονὴν
1458 4697 1854 4768 ἐνδειξάμενοι,

1973 3126 2255 3193 ιοέτειιιιίι
2292 3125 2483 3181 dicens
2517 3137 2533 3180 :
2566 3123 2710 3192 Quid
2753 3124 2845 3180 tibi
2898 3134 2953 3180 et
3011 3125 3165 3190 mihi,
3222 3128 3293 3180 [ili
3331 3125 3559 3184 Sarvia?

1975 3219 2136 3273 sinite
2193 3219 2344 3273 illum
2416 3218 2761 3282 maledicere.
2821 3227 2883 3272 ut
2951 3218 3132 3273 rideat
3196 3220 3555 3276 humilitatem

1974 3327 2147 3366 meam
2188 3311 2449 3366 Dominus
2495 3321 2549 3364 et
2577 3312 2772 3366 reddat
2805 3311 2935 3364 mihi
2979 3312 3119 3365 bona
3147 3327 3243 3381 pro
3270 3314 3410 3368 illius
3439 3333 3555 3369 ina-

1972 3403 2279 3458 ledictione.
2315 3401 2550 3460 Videsne
2604 3405 2878 3473 quomodo
2933 3405 3069 3458 sciat
3109 3404 3285 3471 justus
3329 3407 3558 3472 injurias

1972 3511 2232 3563 generose
2283 3497 2426 3554 ferre
2460 3498 2665 3551 aditum
2705 3511 2829 3552 esse
2878 3496 2944 3550 ad
2991 3496 3249 3566 majorem
3287 3499 3556 3568 gloriam?

1971 3590 2182 3644 Etenim
2215 3591 2286 3644 ita
2325 3604 2386 3644 se
2414 3605 2502 3646 res
2532 3589 2716 3645 habet.
2769 3588 3066 3660 Postquam
3100 3589 3353 3659 injuriain
3406 3593 3550 3658 pani

1972 3693 2024 3737 et
2054 3682 2340 3738 inmunera
2373 3683 2586 3753 experti
2615 3682 2845 3737 adversa
2887 3694 3152 3752 generose
3185 3678 3424 3733 feratnus
3453 3681 3555 3735 im-

1969 3776 2221 3847 properis
2249 3775 2533 3839 facientes.
2572 3775 2832 3845 majorem
2887 3789 2916 3826 a
2955 3773 3062 3827 Deo
3116 3771 3550 3826 benevolentiam

1969 3870 2126 3924 nobis
2161 3869 2504 3924 attrahimus.
2538 3867 2664 3923 Haec
2705 3868 2868 3937 igitur
2893 3879 3088 3921 omnes
3118 3865 3378 3928 scientes,
3398 3863 3552 3929 jnx'a

1971 3965 2264 4032 prudentes
2297 3961 2459 4025 ﬁlios,
2511 3962 2628 4031 qui,
2658 3958 2907 4028 patribus
2964 3971 3106 4026 saepe
3136 3971 3202 4011 ne
3250 3965 3551 4025 opportune

1967 4051 2629 4122 quidemcastigantibus,
2686 4064 2782 4104 eos
2831 4050 3134 4119 patiuntur,
3168 4046 3544 4102 sustineamus

1968 4143 2138 4198 Deum
2166 4143 2532 4213 corrigentem
2575 4156 2702 4206 nos,
2731 4143 2904 4210 magis
2937 4155 3099 4209 quam
3134 4150 3318 4209 patres
3341 4153 3440 4192 nos
3461 4139 3550 4190 di-

1967 4236 2244 4306 ligentem,
2291 4240 2346 4290 et
2375 4233 2556 4290 omnia
2590 4234 2656 4287 ad
2684 4233 2974 4288 utilitatem
3035 4231 3415 4301 διεροιιοιιιειιι
3484 4241 3546 4284 tit

1964 4328 2106 4394 Jobi,
2140 4328 2354 4383 stidis
2376 4335 2432 4383 et
2450 4327 2692 4382 omnium
2738 4328 2850 4397 qui,
2888 4336 2943 4380 ttt
2967 4326 3075 4389 isti,
3132 4325 3536 4387 fortitudinem,

1967 4423 2286 4478 molestiam
2311 4429 2366 4476 et
2398 4422 2715 4490 patientiam
2741 4421 3116 4483 ostenderunt,
3160 4419 3358 4472 exhinc
3411 4433 3540 4486 pos-

1959 4515 2133 4568 simus
2167 4529 2290 4567 cunt
2324 4514 2456 4582 ipsis
2524 4523 2852 4568 teter-norum
2892 4521 2950 4565 et
3004 4512 3287 4564 beatorum
3314 4525 3544 4564 consor-

1961 4615 2039 4659 tes
2063 4618 2182 4657 esse
2211 4605 2706 4666 tabernaculorum,
2743 4603 2887 4670 quod
2919 4601 3138 4654 eveniat
3195 4614 3294 4652 nos
3351 4613 3543 4653 omnes

1957 4699 2273 4768 contingere
2320 4697 2498 4766 gratia
2535 4705 2590 4749 et
2640 4695 2883 4748 bonitate
2917 4691 3132 4745 Domini
3184 4691 3354 4745 nostri
3411 4690 3538 4744 Jestt

270 4789 598 4858 δυνηθῶμεν
649 4789 900 4842 ἐντεῦθεν
947 4791 1134 4852 αὐτοῖς
1183 4790 1544 4859 κοινωνῆσαι,
1595 4793 1688 4844 καὶ
1748 4792 1857 4844 τῶν

1977 4791 2159 4845 Sliristi
2193 4805 2290 4860 per
2316 4804 2478 4858 quem
2520 4797 2574 4842 et
2597 4799 2832 4858 quocum
2865 4785 2934 4840 sit
2957 4783 3105 4837 Patri
3158 4782 3352 4850 gloria,
3377 4781 3538 4835 simul

266 4883 513 4932 αἰωνίων
545 4882 639 4934 καὶ
690 4881 978 4951 μακαρίων
1011 4883 1227 4950 σκηνῶν
1249 4897 1263 4913 ο
1293 4881 1353 4935 οῦ
1401 4883 1610 4950 γένοιτο
1640 4883 1852 4945 πάντας

267 4975 424 5041 ἡμᾶς
464 4976 744 5044 ἐπιτυχεῖν
801 4976 984 5044 χάριτι
1040 4975 1135 5026 καὶ
1193 4975 1573 5045 φιλανθρωπίᾳ
1603 4974 1700 5026 τοῦ
1736 4976 1851 5028 Κυ-

1962 4897 2084 4936 cum
2106 4880 2452 4936 sanctissimo
2483 4877 2688 4948 Spiritu
2721 4892 2862 4932 nunc
2886 4886 2944 4932 et
2977 4889 3212 4944 semper,
3259 4883 3315 4929 et
3343 4873 3395 4928 in
3429 4888 3539 4929 sae-

1960 4975 2079 5027 cula
2140 4972 2484 5028 saeculorum.
2525 4974 2721 5026 Amen.

266 5071 395 5135 ρίου
451 5069 608 5136 ἡμῶν
660 5070 834 5139 Ἰητού
888 5071 1148 5139 Χριστοῦ,
1203 5067 1271 5122 δι’
1314 5063 1376 5120 οὗ
1422 5071 1516 5122 καὶ
1551 5067 1672 5139 μεθ’
1702 5067 1762 5122 οῦ
1797 5067 1875 5137 τῷ
1915 5065 2092 5136 Πατρὶ
2123 5067 2158 5137 ἡ
2191 5065 2340 5134 δόξα,
2375 5067 2491 5137 ἅμα
2526 5065 2604 5137 τῷ
2635 5062 2888 5134 παναγίῳ
2921 5061 3215 5132 Πνεῦματι,
3271 5058 3366 5114 νῦν
3436 5072 3534 5131 και

265 5165 361 5217 ἀεὶ
391 5167 505 5228 καὶ,
537 5164 616 5225 είς
651 5168 774 5227 τοὺς
813 5166 1014 5228 αἰῶνας
1049 5157 1159 5218 τῶν
1186 5164 1429 5219 αἰώνων.
1483 5162 1676 5234 ’Λμήν.

595 5793 863 5856 ΡΑτιιοι..
899 5795 991 5856 Gn
1066 5790 1333 5858 CXLIX.

2978 5782 3061 5843 30
