4050 6210
351 345 466 433 sta

1690 366 2021 428 ETHICON
2069 365 2228 429 VIII.

3525 377 3624 436 956

359 475 634 532 ποιεῖσθαι
666 474 1000 543 πιστεύομεν
1022 491 1035 506 ·
1071 477 1166 532 καὶ
1191 476 1392 548 ὁμοίως
1417 478 1510 532 τὸν
1551 471 1696 532 οἶνόν
1733 495 1794 531 τε
1847 480 1940 532 καὶ

2054 480 2268 542 tlimus;
2299 477 2601 549 vinumque
2625 493 2750 536 cum
2772 493 2913 552 aqua
2937 481 3148 550 pariter
3179 483 3230 536 in
3259 486 3622 554 sanguinem:

357 569 420 622 τδ
447 569 596 638 ὕδωρ
622 568 702 630 είς
726 565 863 638 αἷμα
881 555 912 619 ἶ
943 569 1067 622 ἐπεὶ
1094 570 1316 623 κάκεῖνο
1341 571 1402 622 τὸ
1433 570 1595 640 σῶμα
1621 573 1687 642 τῇ
1713 575 1946 639 ἐπισκη-

359 660 522 713 νὼσει
545 659 640 712 τοῦ
667 661 840 727 Λόγου
863 660 958 713 τοῦ
995 662 1477 732 ὲπισκηνὼσαντος
1504 663 1562 714 ὲν
1605 661 1754 730 αὐτῷ
1775 661 1946 713 καθα-

359 751 584 819 γ,ασθὲν
632 749 796 820 ἄρτος
827 752 920 804 καὶ
945 747 1089 815 οἶνος
1113 753 1204 805 καὶ
1235 751 1382 826 ὕδωρ
1415 749 1484 823 ἦν
1524 749 1622 824 τῇ“
1656 753 1888 822 δυνάμει
1929 767 1944 786 ο

364 845 458 897 καὶ
493 845 604 912 γὰρ
635 845 698 895 ἐκ
720 844 926 899 τούτων
963 848 1163 909 παντὸς
1205 848 1548 918 ἀνθρωπίνου
1603 848 1856 917 σώματος
1907 848 1941 917 ἡ

359 937 660 998 ὑπόστασις
691 953 706 968 ο
735 940 829 990 καὶ
865 938 892 989 ό
929 939 1062 1006 πρὸς
1093 943 1265 994 ταῦτα
1294 940 1508 1011 βλέπων
1529 942 1760 1012 δυνάμει
1805 943 1943 1011 πρὸς

357 1026 448 1078 τὶν
463 1026 630 1094 ὄγκον
646 1024 738 1077 τοῦ
757 1027 1026 1095 ἡμετέρου
1052 1026 1303 1099 σώματος
1324 1031 1512 1099 βλέπει
1537 1046 1554 1064 ο
1575 1031 1658 1084 ὅτι
1684 1033 1743 1084 ὲν
1769 1033 1944 1101 τούτῳ

361 1120 546 1172 ἐκεῖνα
565 1119 852 1186 γενόμενα,
879 1120 1034 1172 τοῦτο
1057 1121 1287 1187 γίνεται,
1321 1123 1416 1174 καὶ
1440 1124 1642 1194 τρόπον
1669 1123 1790 1177 τινὰ
1813 1140 1945 1176 ταυ-

359 1211 452 1261 τόν
481 1212 628 1262 ἐστιν
661 1211 889 1272 ἐκείνοις
907 1212 966 1262 τὸ
981 1211 1153 1264 ταῦτα
1173 1213 1626 1282 παραδεξάμενον
1641 1215 1821 1284 σῶμα,
1845 1214 1946 1284 τῆς

360 1305 590 1370 τροφῆς,
621 1301 810 1372 ὥσπερ
835 1305 1074 1373 εἴρηται,
1093 1305 1229 1375 πρὸς
1251 1306 1348 1374 τὴν
1377 1305 1472 1357 τοῦ
1509 1305 1760 1377 σώματος
1784 1307 1944 1374 φύσιν

363 1392 450 1444 διὰ
478 1397 576 1462 τῆς
607 1394 962 1462 ὰλλοιωτικῆς
989 1395 1274 1460 δυνάμεως
1305 1397 1658 1468 καταλλήλως
1680 1398 1946 1467 μεθιστα-

367 1486 534 1554 μένης
563 1502 576 1516 ·
603 1485 724 1538 ὅθεν
760 1487 868 1554 γὰρ
898 1487 926 1537 ὁ
944 1489 1000 1538 ὲν
1015 1487 1208 1556 ἐκείνῳ
1226 1487 1301 1557 τῷ
1317 1489 1530 1558 σώματι
1555 1487 1946 1557 μεταποιηθεὶς

363 1577 524 1646 ἄρτος
543 1579 620 1639 είς
641 1579 792 1629 θείαν
813 1579 1050 1648 μετέστη
1070 1579 1322 1648 δύναμιν,
1339 1580 1426 1634 διὰ
1445 1581 1539 1632 τοῦ
1557 1579 1719 1633 αὐτοῦ
1738 1580 1832 1633 καὶ¹
1853 1578 1947 1632 νῦν

363 1672 422 1721 τὸ
441 1671 555 1722 ἴσον
577 1671 786 1736 γίνεται
819 1686 832 1700 ·
863 1671 982 1724 ἐκεῖ
1009 1687 1067 1723 τε
1095 1673 1205 1741 γὰρ
1228 1674 1260 1741 ἡ
1287 1671 1378 1724 τοῦ
1397 1673 1570 1740 Λόγου
1601 1673 1762 1743 χάρις
1791 1673 1947 1739 ἅγιον

369 1763 543 1814 ἐποίει
580 1761 639 1814 τὺ
671 1761 852 1830 σῶμα,
883 1756 926 1830 ᾧ
961 1765 1026 1816 ἐκ
1054 1764 1148 1816 τοῦ
1181 1765 1350 1833 ἄρτου
1381 1767 1478 1816 καῖ
1507 1763 1601 1816 τοῦ
1651 1765 1792 1816 οἴνου
1849 1765 1945 1816 καὶ

2048 569 2501 642 quandoquidem
2550 579 2605 625 et
2657 586 2860 640 corpus
2892 573 3050 638 illud,
3093 573 3256 629 Verbi
3303 575 3624 628 habitaculu

2046 663 2192 732 quod
2230 665 2284 718 in
2315 679 2386 719 eo
2417 661 2699 716 residebat
2735 665 3162 728 sanctificatum,
3198 667 3356 733 panis
3393 669 3621 736 vinique

2045 769 2170 809 cum
2222 771 2362 825 aqua
2411 755 2522 811 vim
2580 755 2861 811 habebat:
2906 773 3146 826 namque
3201 757 3286 811 his
3341 760 3622 812 alimentis

2045 861 2209 901 omne
2267 863 2471 918 corpus
2535 846 2840 904 humanum
2893 835 3146 903 subsistit
3193 869 3206 902 ι
3266 857 3321 902 et
3374 851 3466 918 qui
3507 851 3623 906 htec

2047 950 2282 1009 spectat,
2331 943 2564 1010 perinde
2595 954 2676 996 est
2725 956 2788 994 ac
2821 941 2864 994 si
2915 941 3382 1009 corporisnostri
3440 945 3625 996 incre-

2047 1043 2294 1088 mentum
2337 1045 2548 1103 spectet
2596 1053 2610 1090 :
2669 1035 2802 1105 quia
2849 1033 2990 1086 intra
3039 1033 3141 1086 hoc
3195 1034 3288 1087 illa
3343 1045 3620 1102 suscepta,

2048 1139 2252 1192 corpus
2299 1141 2493 1179 revera
2543 1125 2702 1193 fiunt,
2750 1139 2805 1182 et
2845 1123 2990 1181 idem
3037 1125 3449 1194 quodammodo
3499 1142 3623 1179 cum

2049 1215 2160 1269 illis
2207 1217 2264 1268 fit
2314 1231 2518 1284 corpus
2556 1219 2746 1272 eadem
2778 1217 3100 1288 excipiens;
3138 1217 3285 1278 cibo,
3321 1228 3382 1270 ut
3416 1199 3640 1272 dictum

2047 1315 2152 1366 est,
2204 1307 2258 1360 in
2293 1311 2542 1376 corporis
2579 1321 2855 1384 naturam,
2887 1327 2984 1380 per
3029 1309 3140 1365 vim
3178 1311 3623 1370 convcrtihilem,

2048 1406 2423 1463 congruenter
2473 1399 2889 1454 transformato.
2946 1401 3100 1456 Sicut
3148 1415 3286 1473 ergo
3325 1401 3377 1453 in
3420 1401 3622 1452 Christi

2049 1501 2281 1556 corpore
2330 1499 2706 1546 commutatus
2754 1494 2914 1563 panis
2949 1495 3003 1548 iu
3035 1495 3277 1549 divinam
3301 1491 3412 1548 vim
3447 1501 3626 1546 trausc

2047 1579 2184 1645 ibat,
2231 1581 2304 1634 ita
2350 1590 2404 1636 et
2457 1599 2606 1638 nunc
2662 1587 2944 1656 contingit
2988 1587 3265 1642 similiter.
3319 1584 3626 1641 Illiuveuim

2049 1671 2222 1741 gratia
2255 1673 2417 1726 Verbi
2451 1684 2708 1729 sancturu
2733 1677 3006 1731 eﬂiciebat
3029 1693 3254 1746 corpus,
3287 1679 3458 1732 cuiex
3485 1691 3626 1748 pane

2051 1764 2294 1832 vinoque
2319 1775 2372 1818 et
2396 1781 2537 1831 aqua
2572 1769 2934 1822 subsistentia
2956 1769 3254 1835 contiebat,
3285 1769 3357 1822 ita
3393 1781 3450 1822 ut
3479 1770 3621 1823 idem

367 1852 463 1906 τοῦ
493 1851 688 1916 ὕδατος
721 1856 753 1922 ἠ
790 1854 1052 1917 σύστασις
1081 1851 1172 1925 ἦν,
1202 1855 1299 1908 καὶ
1328 1855 1528 1925 τρόπον
1561 1856 1684 1908 τινὰ
1705 1857 1802 1908 καὶ
1851 1856 1945 1908 αὕ-

2054 1871 2255 1924 corpus
2290 1859 2448 1925 panis
2479 1860 2890 1926 quodammodo
2914 1876 2978 1915 ac
3005 1862 3194 1914 vinum
3216 1873 3270 1915 ct
3295 1877 3433 1930 aqua
3455 1873 3620 1916 esset.

365 1946 426 1996 τὸ
467 1945 628 2013 ἄρτος
661 1947 754 1998 καὶ
779 1941 928 2007 οἶνος
960 1946 1055 1998 καὶ
1090 1945 1235 2015 ὕδωρ
1261 1941 1349 2016 ἦν,
1389 1945 1622 2000 ἐνταῦθά
1655 1963 1714 1998 τε
1767 1945 1948 1999 ὡσαύ-

367 2039 516 2098 τωςὸ
546 2038 706 2106 ἄρτος
738 2038 832 2089 καὶ
870 2039 896 2090 ό
930 2034 1073 2100 οίνος
1103 2039 1194 2089 καὶ
1223 2037 1281 2089 τὸ
1323 2037 1487 2108 ὕδωρ,
1518 2039 1660 2092 καθά
1711 2055 1874 2109 φησιν
1920 2041 1948 2091 ὁ

381 2127 717 2190 Ἀπόστολος,
755 2129 1072 2194 ἀγιάζονται
1104 2129 1192 2180 διὰ
1242 2129 1402 2195 λόγου
1434 2129 1571 2182 Θεοῦ
1629 2131 1721 2182 καὶ
1763 2129 1947 2181 ἐντεύ-

373 2217 524 2282 ξεως,
551 2220 610 2270 οὗ
639 2220 726 2270 διὰ
760 2219 1012 2288 βρώσεως
1038 2221 1294 2286 προϊόντα
1317 2221 1396 2282 εἰς
1420 2221 1479 2272 τὸ
1506 2221 1663 2290 σῶμα
1689 2222 1946 2288 γενέσθαι

370 2311 460 2365 7":
493 2312 831 2382 .‘..':‘.5'J'J._i.l.‘A‘
866 2311 1126 2379 εὕθςῦς.,είς
1161 2313 1222 2368 τ’),
1609 2314 1701 2369 τοῦ
1769 2315 1943 2385 Δὸἶζχο)

375 2425 508 2477 μετα
520 2409 832 2477 ποιούμενα.

441 2497 502 2550 δ’·
541 2500 712 2552 Τοῦτο
741 2506 829 2552 καὶ
873 2503 962 2553 ἐπὶ
987 2501 1082 2554 τοῦ
1112 2503 1256 2555 θείου
1286 2503 1658 2574 βαπτίσματος
1690 2510 1899 2574 γίνεται
1929 2523 1944 2539 ·

373 2594 433 2645 τὺ
463 2594 571 2663 γὰρ
603 2594 784 2648 κοινὸν
817 2593 985 2664 ὕδωρ,
1020 2598 1114 2649 καὶ
1145 2597 1328 2664 ὀλίγου
1357 2599 1504 2660 τινὸς
1537 2601 1688 2666 ἀξιον
1717 2603 1824 2672 πρὸ
1847 2603 1945 2669 τῆς

373 2687 642 2754 εὐλογίας,
675 2689 812 2756 μετά
839 2687 930 2739 τὸν
978 2689 1248 2757 ἁγιασμδν
1303 2692 1394 2744 τὶν
1434 2692 1584 2760 παρὰ
1641 2691 1732 2744 τοῦ
1798 2693 1942 2745 θείου

377 2779 686 2845 Πνεύματος
712 2779 857 2831 θεῖον
879 2781 1088 2845 γίνεται
1121 2780 1215 2832 καὶ
1244 2781 1408 2850 ἱερὸν,
1444 2783 1704 2851 ἐνεργοῦν
1737 2786 1946 2853 μεγάλα

375 2873 466 2922 καὶ
497 2871 807 2938 θαυμαστὰ,
840 2871 983 2938 λέγω
1003 2873 1066 2941 δὴ
1098 2873 1367 2942 κάθαρσιν
1445 2875 1758 2946 ἁμαρτιῶν,
1819 2879 1948 2929 ἁνα-

376 2963 663 3031 καινισμὸν
695 2963 788 3016 καὶ
811 2964 1190 3033 ἀναγέννησιν,
1216 2967 1430 3028 πάντως
1455 2969 1574 3035 οὐχὶ
1605 2967 1944 3038 σωματικὴν,

375 3057 472 3109 καὶ
503 3057 566 3126 ἣν
595 3057 622 3108 ὁ
655 3057 960 3124 Νικόδημος
995 3058 1238 3124 ενόησεν,
1265 3057 1346 3110 ἔτι
1379 3061 1441 3128 τῇ
1471 3057 1566 3109 τοῦ
1631 3061 1798 3128 νόμου
1838 3076 1946 3111 πα-

2048 1947 2206 2001 Nunc
2255 1959 2442 2002 autem
2479 1951 2636 2018 panis
2671 1953 2928 2006 similiter
2963 1962 3019 2007 et
3056 1954 3248 2008 vinum
3296 1968 3419 2006 cum
3457 1967 3619 2022 aqua,

2048 2037 2194 2090 sicut
2241 2039 2317 2090 ait
2359 2040 2723 2107 Apostolus‘,
2775 2043 3198 2096 sanctificantur
3252 2057 3351 2112 per
3389 2043 3619 2096 verbum

2048 2129 2142 2181 Dei
2177 2140 2233 2183 et
2273 2131 2624 2198 orationem;
2661 2149 2840 2203 neque
2877 2138 2991 2189 haec
3017 2143 3202 2189 tamen
3239 2135 3288 2188 vi
3322 2135 3622 2188 manduca-

2049 2219 2220 2272 tionis
2257 2221 2310 2274 in
2343 2235 2546 2289 corpus
2579 2224 2738 2276 Verbi
2767 2235 3077 2290 transeunt,
3114 2226 3208 2280 sed
3243 2226 3390 2280 illico
3422 2225 3475 2279 in
3501 2241 3622 2279 cor-

2049 2325 2151 2382 pus
2183 2327 2211 2364 a
2243 2310 2423 2365 Verbo
2451 2327 2882 2370 coummtantur.

2117 2495 2171 2547 4.
2217 2494 2330 2548 Hoc
2363 2497 2528 2548 ctiam
2567 2495 2619 2548 in
2668 2496 2858 2550 divino
2894 2497 3224 2566 baptismate
3266 2499 3486 2554 accidit.
3522 2499 3617 2554 Et-

2047 2586 2194 2639 enim
2225 2603 2344 2654 qnz-t-
2385 2589 2624 2656 vulgat-is
2668 2599 2791 2641 erat
2826 2589 3064 2658 vilisque
3109 2591 3271 2659 pretii
3317 2608 3455 2660 aqua
3492 2602 3620 2646 ante

2049 2677 2538 2742 benedictionem,
2595 2688 2716 2746 post
2777 2681 3277 2739 sanctificationem
3334 2700 3363 2737 a
3431 2683 3620 2736 divino

2050 2768 2260 2838 Spiritu
2293 2769 2572 2831 collatam,
2601 2769 2786 2822 divina
2812 2785 3076 2838 sacraque
3105 2771 3182 2834 fit,
3213 2787 3405 2840 magna
3431 2783 3486 2827 ct
3519 2775 3621 2827 mi-

2049 2861 2242 2914 rabilia
2260 2875 2514 2929 operaus,
2535 2863 2939 2930 purgationem,
2969 2863 3217 2932 inquam,
3239 2873 3612 2933 peccatorum,

2051 2957 2464 3008 renovationem
2514 2964 2570 3008 et
2617 2955 3135 3023 regenerationem;
3169 2957 3314 3010 haud
3370 2957 3617 3026 profecto

2049 3046 2419 3114 corporalem,
2445 3045 2512 3100 de
2541 3061 2648 3115 qua
2675 3045 3007 3101 Nicodemus
3033 3048 3332 3116 cogitabat,
3366 3047 3460 3116 qui
3487 3048 3620 3116 lcgis

380 3143 762 3210 ρακαίεήμενος
811 3145 958 3212 σκιᾷ,
999 3145 1091 3194 καὶ
1128 3143 1292 3213 μηδὲν
1321 3145 1524 3214 ὑψηλὸν
1576 3146 1948 3214 φαντασθῆναι

2054 3139 2234 3192 adhuc
2263 3139 2471 3193 umbrae
2499 3139 2837 3201 adhaerebat,
2883 3139 3131 3208 nihilque
3163 3141 3441 3192 excelsum
3476 3139 3583 3191 ima
3605 3168 3618 3177 -

375 3233 688 3299 amcitiam,
721 3233 852 3285 ἀλλὰ
885 3235 1044 3303 ξένην
1071 3237 1190 3287 τινὰ
1213 3237 1304 3287 καὶ
1341 3238 1824 3307 παρηλλαγμένην,
1855 3239 1948 3291 καὶ

377 3325 674 3394 ὀφθαλμοῖς
707 3327 804 3394 μὲν
827 3327 1080 3392 οὐδαμῶς
1117 3327 1483 3398 βλεπομένην,
1517 3330 1696 3401 ἐννοίᾳ
1721 3330 1776 3381 δὲ
1815 3331 1952 3402 μόνῃ

381 3417 788 3486 θεωρουμένην,
815 3419 906 3470 καὶ
937 3419 1106 3480 ὅντως
1125 3439 1142 3468 ε
1163 3419 1282 3483 ξίαν
1311 3419 1405 3470 τοῦ
1447 3421 1652 3491 ταύτην
1673 3424 1807 3489 ἡμῖν
1856 3439 1951 3492 χα-

383 3512 680 3580 ρισαμένου
712 3511 973 3580 Χριστοῦ,
1002 3512 1068 3562 δι’
1097 3513 1246 3578 ἡμᾶς
1272 3513 1553 3580 γεγονότος
1605 3515 1726 3566 καθ’
1761 3515 1908 3585 ἡμᾶς
1931 3530 1950 3547 ·

380 3605 491 3670 ἵνα,
515 3603 706 3674 ὥσπερ
737 3603 1210 3670 ὲπεϐουλεύθημεν
1249 3604 1417 3656 πάλαι
1451 3605 1587 3672 μετὰ
1644 3608 1743 3673 τῆς
1797 3605 1954 3676 μερί-

386 3713 524 3765 μνης
551 3695 644 3746 τοῦ
695 3697 1132 3764 κακουργοῦντος
1195 3697 1514 3764 ὑποχθονίου
1568 3697 1816 3767 δαίμονος
1859 3700 1953 3752 καὶ

389 3789 663 3858 μοχθηροῦ
697 3788 792 3840 καὶ
851 3788 1148 3856 βασκάνου,
1181 3789 1554 3857 προκάλυμμα
1607 3793 1706 3858 τῆς
1757 3793 1952 3844 ἑνδτοῦ

381 3881 606 3948 γνώμης
631 3881 782 3940 ἄξιον
804 3881 1096 3948 εὑρηκότος
1131 3883 1222 3932 τὸν
1246 3881 1388 3948 ὅφιν,
1417 3882 1588 3950 όμοίῳ
1631 3897 1690 3933 τε
1741 3883 1955 3952 ἑρπετῷ

383 3973 786 4040 ὲνοικήσαντος,
811 3973 904 4023 καὶ
930 3973 1018 4024 διὰ
1056 3971 1250 4024 τούτου
1277 3975 1374 4042 τὴν
1418 3975 1558 4025 κατὰ
1611 3973 1704 4025 τοῦ
1760 3977 1953 4043 γένους

385 4064 540 4132 ἡμῶν
599 4063 876 4135 ἁμαρτίαν
942 4065 1456 4134 καινοτομήσαντος,
1511 4063 1683 4126 οὕτως
1731 4065 1956 4137 ὕστερον

387 4157 648 4224 σωθῶμεν
681 4157 820 4226 μετὰ
858 4156 958 4223 τῆς
1000 4159 1284 4224 φροντίδος
1337 4157 1432 4207 τοῦ
1476 4159 1809 4226 δημιουργοῦ
1862 4161 1956 4212 καὶ

387 4245 774 4314 φιλανθρώπου
805 4241 942 4294 Θεοῦ
991 4244 1194 4294 τέλειον
1231 4241 1516 4311 ἄνθρωπον
1576 4243 1953 4310 ἁναλαὸόντος,

387 4340 482 4390 καὶ
513 4339 656 4389 οῦτω
687 4336 782 4406 τὴν
812 4335 906 4389 τοῦ
931 4335 1132 4403 ἐχθροῦ
1167 4335 1432 4404 πονηρίαν
1453 4335 1955 4404 ἐπανορθώσαντος,

387 4431 481 4482 καὶ
513 4429 982 4498 αῦτουργήσαντος
1006 4425 1104 4496 τὴν
1129 4427 1290 4494 ἡμῶν
1327 4425 1602 4494 σωτηρίαν
1628 4440 1644 4455 ·
1676 4425 1768 4476 τὸν
1795 4425 1958 4478 αὑτὸν

2052 3233 2226 3302 ginari
2281 3231 2536 3286 valebat:
2571 3231 2667 3286 sed
2703 3233 3060 3301 peregrinam
3104 3232 3400 3300 quamdam
3435 3230 3623 3284 diver-

2052 3337 2314 3390 samque;
2377 3331 2432 3375 et
2471 3313 2668 3375 oculis
2720 3336 2852 3374 sane
2902 3321 3262 3385 invisibilem,
3319 3321 3435 3374 sola
3492 3337 3623 3374 vero

2053 3425 2240 3467 mente
2266 3411 2622 3481 spectabilem
2647 3427 2664 3476 ;
2689 3424 2928 3478 vereque
2951 3409 3170 3478 dignam
3201 3409 3425 3464 Christo
3447 3409 3622 3480 ipsum

2055 3507 2320 3570 donante,
2370 3506 2462 3574 qui
2513 3504 2688 3558 nostri
2735 3505 2908 3572 gratia
2956 3501 3136 3556 factus
3168 3511 3252 3556 est
3295 3503 3440 3558 sicut
3483 3519 3625 3556 unus

2055 3597 2122 3650 de
2157 3595 2334 3648 nobis.
2389 3593 2458 3648 Ut
2503 3596 2648 3648 sicut
2683 3594 2813 3646 olim
2849 3593 3071 3646 insidiis
3103 3593 3468 3646 circumventi
3516 3593 3626 3646 fui-

2057 3703 2200 3754 mus,
2237 3687 2473 3740 artificio
2502 3685 2731 3739 malefici
2766 3683 3052 3738 infernalis
3081 3681 3361 3748 draconis,
3391 3684 3624 3752 improbi

2057 3789 2113 3834 et
2145 3779 2338 3844 invidi,
2367 3779 2460 3847 qui
2493 3759 2818 3847 operculum
2851 3785 3034 3829 mente
3067 3789 3166 3829 sua
3203 3773 3430 3844 dignum
3469 3775 3628 3828 adin-

2057 3871 2212 3924 venit
2239 3877 2576 3946 serpentem,
2604 3879 2661 3922 et
2696 3869 2752 3921 in
2781 3867 2949 3922 simili
2975 3867 3078 3921 sibi
3105 3867 3288 3936 reptili
3323 3866 3624 3930 habitavit;

2058 3972 2116 4017 et
2143 3963 2306 4032 hujus
2335 3977 2501 4029 opera
2540 3961 2720 4029 primo
2743 3960 2798 4012 in
2834 3967 3089 4012 nostrum
3119 3975 3290 4029 genus
3318 3957 3629 4014 introduxit

2059 4061 2380 4123 peccatum;
2424 4053 2503 4106 sic
2550 4069 2650 4105 nos
2689 4061 2878 4122 postea
2907 4067 3038 4104 cura
3081 4053 3350 4106 creatoris
3377 4051 3626 4105 clemen-

2064 4146 2240 4214 tisque
2293 4145 2411 4208 Dei,
2453 4143 2548 4213 qui
2601 4143 2908 4212 perfectum
2955 4141 3240 4196 hominem
3290 4143 3628 4210 assumpsit,

2063 4247 2228 4306 atque
2280 4237 2351 4290 ita
2399 4235 2612 4290 inimici
2657 4235 2922 4288 malitiam
2969 4235 3232 4302 correxit,
3267 4245 3629 4302 nostramque

2059 4332 2292 4385 salutem
2337 4340 2600 4398 operatus
2639 4340 2752 4393 eat;
2805 4327 3220 4397 pari,inquam,
3262 4327 3424 4380 modo
3471 4327 3630 4396 panis

2063 4435 2285 4490 quoque
2323 4431 2380 4475 et
2409 4421 2600 4474 viuum
2633 4433 2760 4473 cum
2796 4431 2960 4487 aqua,
2987 4432 3112 4486 qua:
3137 4425 3298 4470 antea
3344 4431 3432 4469 res
3478 4431 3630 4468 eom-

388 4519 482 4576 οὖν
508 4522 708 4590 τρόπον
735 4521 830 4572 καὶ
853 4521 882 4570 ὁ
911 4520 1071 4588 ἄρτος
1104 4520 1198 4570 καὶ
1229 4519 1256 4570 ὁ
1286 4515 1428 4580 οἶνος
1487 4519 1606 4586 ἃμα
1656 4517 1734 4588 τῷ
1777 4517 1950 4581 ὕδατι,

2067 4515 2252 4568 munis
2283 4521 2470 4574 erant,
2501 4521 2792 4580 postquam
2823 4527 2886 4564 ea
2918 4509 3238 4579 mysterium
3272 4521 3631 4561 consecrave-

390 4613 547 4666 κοινὰ
574 4611 838 4680 πρότερον
855 4610 1009 4671 ὗντα,
1033 4609 1160 4661 ὃταν
1183 4611 1322 4661 αὑτὰ
1341 4609 1402 4661 τὺ
1427 4613 1722 4678 μυστήριον
1747 4609 1958 4678 ἱερουρ-

391 4706 559 4776 γήσῃ,
589 4704 750 4773 σῶμα
785 4705 878 4757 καὶ
924 4697 1063 4771 αἷμα
1113 4703 1352 4769 γίνονται
1401 4701 1494 4754 τοῦ
1543 4701 1803 4770 Χριστοῦ,
1857 4704 1958 4773 τῆς

391 4798 600 4851 ἄνωθεν
637 4798 860 4866 χάριτος
909 4795 1236 4864 εῦλογούσης
1272 4795 1429 4846 αὑτά.

460 4890 524 4944 ε’.
557 4892 662 4942 Καὶ
684 4891 822 4951 πῶς,
850 4891 1036 4957 φησὶν,
1069 4887 1188 4957 οὐχὶ
1221 4888 1502 4955 φαίνονται
1545 4889 1676 4954 ἡμῖν
1698 4885 1834 4955 σὰρξ
1865 4887 1956 4938 καί

393 4979 551 5052 αἷμα,
587 4982 702 5034 ἀλλ’
733 4983 895 5049 ἄρτος
918 4982 1009 5032 καὶ
1038 4977 1174 5039 οἶνος
1203 4997 1218 5042 ;
1248 4980 1347 5031 Διὰ
1391 4980 1450 5030 τὸ
1496 4979 1571 5047 μὴ
1613 4980 1758 5046 ἡμᾶς
1805 4977 1956 5046 ἀηδί-

393 5075 580 5135 ζεσθαι
609 5071 742 5140 πρὸς
766 5071 864 5138 τὴν
891 5072 1092 5139 βρῶσιν
1127 5087 1138 5100 ·
1170 5074 1216 5122 εί
1246 5071 1342 5136 μὲν
1371 5079 1480 5138 γαρ
1527 5070 1664 5136 σὰρξ
1696 5069 1788 5119 καὶ
1818 5061 1958 5134 αἷμα

395 5163 693 5227 ἐφαίνοντο,
729 5161 906 5228 ἀηδῶς
939 5160 1004 5211 ἂν
1029 5160 1342 5224 διεκείμεθα
1383 5161 1510 5226 περὶ
1531 5159 1628 5227 τὴν
1658 5157 1957 5226 μετάληψιν

395 5253 470 5311 ὼς
497 5250 743 5320 ἀσυνήθη
779 5251 854 5320 (1)
879 5265 892 5280 ·
927 5249 1022 5302 νῦν
1056 5250 1110 5300 δὲ
1138 5251 1395 5317 τοιαύτης
1425 5249 1756 5315 φαινομένης
1810 5249 1960 5315 ἡμῖν,

395 5338 634 5408 εὐχερῶς
667 5337 872 5406 ταύτης
908 5337 1422 5405 μεταλαμϐάνομεν.
1476 5335 1597 5388 υἷεε
1626 5338 1734 5404 γὰρ
1764 5339 1792 5388 ὁ
1831 5336 1963 5395 Θεὸς

397 5428 478 5481 ὅτι
507 5431 536 5496 ἡ
567 5428 878 5496 ἀνθρωπίνη
896 5428 1152 5479 ἀσθένεια
1183 5429 1438 5488 πολλάκις
1455 5429 1524 5480 τὰ
1545 5429 1782 5495 μὴκατὰ
1805 5429 1967 5495 συνήτ

403 5519 554 5572 θειαν
583 5520 922 5589 τετριμμένα
949 5521 1356 5587 ἀποστρέφεται
1387 5519 1813 5587 δυσχεραίνουσα
1841 5533 1856 5549 ⁸
1890 5519 1969 5570 διὸ

473 5660 496 5692 ⁸
529 5661 547 5712 l
574 5659 716 5713 Tim.
746 5674 822 5722 iv,
857 5657 908 5712 5.

2065 4603 2163 4665 rit,
2197 4613 2407 4669 corpus
2431 4611 2488 4653 et
2533 4601 2760 4662 sanguis
2795 4597 3004 4653 Christi
3037 4599 3199 4662 tiuut,
3225 4610 3465 4666 superna
3500 4595 3630 4665 ipsis

2064 4693 2431 4748 benedicente
2471 4691 2666 4762 gratia.

2135 4874 2188 4928 5.
2231 4871 2422 4940 Atqui,
2453 4869 2600 4924 dicet
2633 4868 2855 4938 aliquis,
2887 4883 2988 4922 cur
3021 4883 3152 4923 caro
3180 4877 3237 4922 et
3269 4867 3492 4936 sanguis
3521 4882 3630 4919 non

2064 4971 2332 5034 apparent
2366 4963 2548 5028 nobis,
2579 4963 2674 5016 sed
2703 4963 2862 5030 panis
2883 4961 3224 5029 vinumque?
3246 4960 3325 5015 Ne
3355 4977 3456 5014 nos
3481 4959 3630 5012 vide-

2064 5057 2214 5120 licet,
2266 5057 2512 5122 inquam,
2561 5069 2589 5108 a
2641 5055 2982 5108 comestione
3013 5053 3461 5106 abhorreremus.
3495 5051 3626 5104 Nam

2065 5151 2110 5202 si
2147 5165 2278 5201 raro
2322 5157 2379 5200 et
2407 5147 2632 5216 sanguis
2678 5153 3032 5216 apparerent,
3064 5145 3372 5198 insuaviter
3401 5157 3627 5212 prorsus

2067 5239 2133 5292 ad
2165 5239 2605 5308 participandqu
2641 5249 2748 5290 tam
2779 5236 3001 5291 insolita
3033 5235 3440 5289 accederemus.
3470 5233 3626 5284 Nunc

2067 5347 2218 5395 vero,
2256 5331 2346 5383 tali
2385 5330 2488 5384 sub
2520 5329 2694 5382 forma
2729 5343 2852 5381 cum
2899 5327 3060 5382 nobis
3104 5333 3430 5394 appareant,
3470 5321 3629 5374 facile

2073 5427 2188 5478 haec
2223 5425 2635 5493 participamus.
2664 5421 2781 5474 Scit
2821 5421 2968 5474 enim
3015 5420 3162 5474 Deus
3221 5419 3512 5472 humanam
3545 5414 3631 5464 iu-

2076 5517 2394 5570 firmitatetu
2427 5529 2568 5582 sarpe
2602 5527 2862 5582 respuere
2893 5527 3014 5582 qua:
3042 5511 3148 5566 sibi
3179 5523 3284 5564 non
3334 5513 3462 5561 sunt
3499 5517 3628 5558 cet:-

479 5774 552 5844 (t)
595 5773 840 5829 Imitatur
902 5771 1226 5826 Theodorus
1283 5777 1534 5826 sanctum
1582 5769 1844 5842 Cyrillum
1906 5769 1958 5826 in
2001 5746 2397 5830 commentario
2433 5777 2498 5831 ad
2534 5775 2757 5834 Lucam.
