4050 6210
476 306 573 367 9η

474 434 631 477 sueta
669 440 681 475 :

474 522 739 567 t'unsttt‘la
767 522 977 567 natura:
1009 512 1145 566 facit
1166 527 1227 567 ea
1250 527 1371 581 qua:
1400 521 1532 568 sont
1566 529 1729 583 supra
1760 523 2039 570 naturam.

473 609 627 663 Sicut
672 608 843 676 igitur
905 606 972 663 ia
1029 605 1381 676 baptismate,
1432 607 1697 676 quoniam
1751 607 2039 663 hominum

474 716 591 754 mos
631 708 717 753 est
764 713 904 767 aqua
936 684 1129 763 lavari,
1179 708 1236 753 et
1273 699 1397 755 oleo
1433 700 1595 769 ungi,
1643 716 1797 769 aqua:
1830 710 1887 754 et
1919 700 2041 755 oleo

473 791 705 859 μπυιίηιιι
748 790 989 859 Spiritus
1035 790 1355 851 immiscuit,
1391 794 1629 861 iecitque
1667 792 1779 846 haec
1811 807 2044 845 renova-

477 884 646 937 t.ouis
676 882 956 936 lavacrum
991 894 1043 937 et
1074 882 1545 952 regenerationis;
1583 899 1639 937 re
1669 884 1921 938 sensibili
1960 885 2044 938 in-

477 974 786 1030 tellectuale
817 973 1023 1028 donum
1054 975 1298 1029 ellicieus
1324 991 1337 1039 ;
1363 976 1478 1043 pari
1510 976 1744 1038 ratione,
1778 978 2038 1044 quoniam

474 1066 651 1120 solent
697 1066 950 1121 homines
996 1082 1193 1137 panem
1245 1066 1539 1121 comedere
1582 1067 1881 1135 vinumque
1915 1086 2039 1123 cum

474 1175 615 1228 aqua
643 1160 858 1225 bibere,
900 1161 987 1215 his
1013 1160 1297 1229 c0pulavit
1345 1160 1604 1214 deitatem
1637 1176 1793 1214 suam
1821 1179 1836 1225 ;
1865 1177 2041 1230 eaque

474 1266 678 1319 corpus
720 1267 880 1306 suum
913 1267 978 1307 ac
1009 1252 1334 1321 sanguinem
1368 1251 1634 1315 alliciens,
1673 1254 1827 1320 panis
1861 1264 2039 1309 tamen

473 1341 700 1411 \iuique
736 1343 1118 1412 apparentiam
1168 1343 1420 1408 retinuit,
1469 1351 1529 1395 ut
1576 1357 1604 1395 a
1650 1345 1933 1397 consuetis
1976 1361 2042 1398 ac

475 1432 821 1486 naturalibus
868 1432 935 1486 ad
982 1432 1431 1501 supernaturalia
1480 1433 1856 1488 sublevemur.
1892 1436 2042 1490 Nihil

476 1522 625 1574 enim
676 1523 936 1576 sensibile
986 1523 1149 1579 nobis
1205 1524 1461 1577 Christus
1514 1524 1760 1588 tradidit,
1808 1526 1903 1579 sed
1956 1541 2044 1581 res

476 1614 697 1677 quidem
754 1614 1082 1681 sensibiles;
1132 1616 1313 1670 omnia
1364 1625 1544 1670 tamen
1595 1616 2045 1671 intellectualiter

477 1706 822 1775 accipienda.
874 1706 1010 1762 Nam
1058 1708 1103 1762 si
1155 1709 1378 1774 quidem
1428 1708 1742 1778 incorporei
1773 1724 2042 1775 essemus,

480 1798 672 1867 utique
707 1797 1077 1866 incorporalia
1114 1799 1274 1854 nobis
1298 1798 1440 1853 dona
1470 1799 1717 1854 dedisset
1744 1818 1757 1853 :
1784 1799 1880 1854 sed
1915 1801 2043 1869 quia

476 1889 698 1959 corpori
733 1890 989 1959 copulata
1037 1901 1122 1945 est
1168 1892 1374 1955 anima,
1412 1891 1663 1945 sensibili
1716 1891 1819 1946 sub
1862 1893 2049 1961 specie

478 1984 876 2038 intellectualia
919 1984 1079 2039 nobis
1114 1984 1364 2039 tradidit.
1400 1984 1589 2053 Neque
1639 1986 1845 2039 idcirco
1893 1985 2049 2055 panis

478 2076 569 2130 ille
599 2085 655 2129 et
682 2076 871 2130 vinum
910 2093 1036 2131 cum
1087 2092 1251 2146 aqua,
1286 2093 1408 2146 quae
1442 2077 1494 2129 in
1528 2093 1689 2131 sacro
1731 2076 1888 2131 altari
1924 2092 2050 2130 san-

477 2166 827 2234 ctillcautur,
884 2176 1047 2239 typus
1087 2168 1312 2236 quidam
1359 2178 1487 2222 sunt
1537 2169 1743 2225 Christi
1801 2168 2050 2237 corporis

478 2255 917 2325 sanguinisque;
956 2255 1135 2307 absit!
1165 2255 1262 2309 sed
1292 2271 1491 2325 corpus
1516 2258 1696 2326 ipsum
1730 2271 1794 2311 ac
1824 2257 2048 2326 sanguis

478 2346 691 2399 Domini
724 2344 999 2400 deiﬁeata.
1036 2344 1339 2400 Caveamus
1371 2347 1551 2415 itaque
1577 2348 1875 2415 quominus
1932 2347 2049 2402 hac

478 2434 861 2489 tantummodo
892 2444 1055 2503 prout
1080 2435 1257 2490 oculis
1292 2446 1544 2505 prostant
1573 2450 1911 2505 spectemus,
1946 2437 2044 2492 sed

476 2527 680 2582 Christi
718 2527 883 2580 verba
935 2527 1258 2592 retinentes,
1294 2530 1726 2597 persuadeamus
1774 2530 2049 2584 nobismet

477 2630 643 2688 atque
669 2618 978 2680 credamus,
1002 2633 1175 2687 eaque
1204 2619 1400 2673 mentis
1422 2619 1596 2674 oculis
1617 2621 2045 2689 conspiciamus.

476 2712 610 2770 Nam
640 2725 823 2766 sermo
852 2711 971 2781 ejus
1003 2710 1312 2765 infallibilis
1340 2724 1459 2771 est;
1484 2726 1681 2766 sensus
1704 2727 1833 2766 vero
1859 2722 2049 2767 noster

478 2806 635 2860 facile
682 2805 1006 2877 decipitur:
1050 2804 1143 2859 ille
1194 2819 1477 2874 nunquam
1523 2805 1754 2868 excidit,
1801 2806 1891 2860 hic
1936 2805 2050 2876 ple-

477 2913 709 2967 rumque
744 2898 976 2952 fallitur.
1005 2895 1462 2965 Quandoquidem
1505 2897 1671 2966 igitur
1716 2912 1898 2950 sermo
1928 2899 2049 2968 ejus

475 2986 649 3043 dicit:
688 3004 706 3037 ι
746 2986 861 3040 lloc
885 2996 968 3039 est
998 3000 1198 3052 corpus
1229 3001 1434 3050 meum,
1473 3002 1491 3036 ι
1526 2996 1583 3039 et
1617 3005 1635 3037 ε
1678 2986 1777 3041 llic
1805 2996 1888 3041 est
1917 3002 2045 3042 san-

1612 305 2015 367 TIIEODORI
2056 305 2608 368 ΜΕῌΤΕΝΙΟΤΛΞ

734 422 969 491 ideoque
1015 421 1173 476 solita
1208 436 1308 477 sua
1343 421 1687 492 indulgentia
1724 433 1906 485 utens.
1944 440 2041 494 per

2153 430 2234 479 καὶ
2272 430 2337 497 τῇ
2373 427 2595 495 συνήθει
2626 423 2969 499 κεχρημένος
3020 421 3447 489 συγκαταὸάσει,
3490 419 3580 475 διὰ
3620 420 3725 472 τῶν

3623 302 3725 362 952

2151 520 2401 590 συνήθων
2445 520 2545 589 τῆς
2613 518 2834 589 φύσεως
2895 508 3131 569 ποιεῖται
3185 516 3254 568 τά
3315 513 3454 582 ὑπὲρ
3512 511 3721 580 φύσι-ι’

2152 612 2343 682 ὥσπερ
2363 611 2455 665 οὖν
2475 611 2569 665 ἐπὶ
2596 610 2691 664 τοῦ
2722 594 3121 680 βαπτίσματος,
3143 608 3237 659 lue
3249 606 3330 677 ιδή
3343 622 3445 672 περ
3478 604 3597 656 ἐστὶ
3614 604 3724 665 τοῖς

2150 705 2464 775 ἀνθρώποις
2514 703 2636 766 ἔθος
2693 701 2849 756 ὕδατι
2908 700 3167 755 λούεσθαι
3210 699 3306 753 καὶ
3365 698 3530 765 ἐλαίῳ
3583 697 3726 766 χρίε·

2148 797 2297 861 σθαι,
2347 794 2601 863 συνέμιξε
2650 794 2729 864 τῷ
2775 793 2927 849 ὕδατι
2979 793 3071 846 καὶ
3113 792 3191 862 τῷ
3228 793 3394 861 ἐλαίῳ
3426 792 3527 862 τὴν
3563 792 3721 860 χάριν

2147 889 2240 940 τοῦ
2272 888 2610 955 Πνεύματος,
2638 887 2731 939 καὶ
2763 887 2988 956 ἐποίησε
3012 885 3188 938 ταῦτα
3218 885 3441 953 λουτρὸν
3499 886 3725 949 ἀναγενο

2148 979 2357 1048 νήσεως
2389 980 2483 1030 καὶ
2510 978 2933 1041 ἀνακαινίσεως,
2979 976 3047 1029 δι’
3078 976 3340 1045 αίσθητοῦ
3404 974 3725 1045 πράγματος

2148 1068 2337 1135 νοητὸν
2364 1068 2536 1137 δῶρον
2559 1066 2843 1119 ἀποτελῶν
2886 1082 2899 1096 ·
2933 1065 3105 1129 οὕτως
3144 1064 3406 1126 ἐνταῦθα,
3451 1066 3576 1127 ἐπεὶ
3617 1064 3724 1123 τοῖς

2148 1158 2458 1226 ἀνθρώποις
2482 1158 2602 1219 ἔθος
2624 1156 2789 1226 ἄρτον
2813 1156 3035 1219 ἐσθίειν,
3069 1156 3164 1208 καὶ⁵
3221 1156 3401 1208 πίνειν
3430 1150 3575 1206 οἶνον
3607 1152 3707 1220 μεθ

2149 1248 2365 1311 ὓδατος,
2392 1248 2709 1312 συνέζευξεν
2739 1248 2924 1310 αὐτοῖς
2967 1249 3069 1317 τὴν
3099 1245 3267 1299 αὐτοῦ
3300 1246 3531 1313 θεότητα
3573 1262 3588 1276 ·
3637 1245 3725 1295 καὶ

2148 1342 2379 1411 ποιήσας
2410 1340 2550 1392 αὑτά
2584 1340 2744 1406 σῶμα
2778 1340 2874 1391 καὶ
2927 1332 3068 1405 αἷμα
3101 1336 3292 1399 αὐτοῦ,
3324 1337 3383 1389 τὸ
3440 1335 3578 1397 εἶδος
3636 1332 3727 1385 τοῦ

2148 1433 2314 1502 ἄρτου
2344 1430 2445 1484 καὶ
2471 1430 2565 1482 τοῦ
2594 1429 2736 1483 οῐνου
2773 1429 3063 1496 ἐφύλαξεν,
3094 1428 3179 1481 ἵνα
3209 1428 3297 1480 διὰ
3328 1427 3438 1479 τῶν
3482 1425 3730 1493 συνήθων

2149 1522 2247 1576 καὶ
2278 1523 2423 1575 κατά
2484 1522 2647 1590 φύσιν
2703 1524 2760 1575 ὲν
2812 1524 2923 1581 τοῖς
2976 1520 3115 1588 ὑπὲρ
3170 1520 3338 1588 φύσιν
3399 1518 3678 1586 γινώμεθα
3714 1532 3727 1545 ·

2147 1614 2300 1666 οὐδὲν
2322 1614 2433 1683 γὰρ
2463 1614 2728 1681 αἰσθητὸν
2758 1614 3079 1683 παρέδωκεν
3106 1614 3242 1681 ἡμῖν
3276 1615 3303 1665 6
3329 1610 3593 1681 Χριστὸς,
3618 1604 3731 1661 ἀλλ’

2149 1704 2384 1774 αίσθητά
2412 1704 2510 1773 μὲν
2543 1704 2874 1774 πράγματα,
2898 1705 3080 1757 πάντα
3108 1703 3164 1755 δὲ
3186 1703 3351 1770 νοητά
3374 1718 3388 1733 ·
3422 1703 3470 1754 εί
3501 1700 3605 1768 μὲν
3628 1700 3733 1765 γὰρ

2154 1797 2439 1866 ἀσώματοι
2466 1792 2633 1869 ἦμεν,
2660 1796 2848 1864 γυμνά
2876 1796 2943 1850 ἂν
2977 1798 3114 1864 ἡμῖν
3168 1795 3305 1849 αὐτὰ
3352 1794 3422 1846 τὰ
3466 1791 3730 1859 ἀσώματα

2152 1888 2443 1959 παρέδωκε
2480 1889 2629 1958 δῶρα
2658 1904 2673 1918 '
2708 1889 2834 1943 ἐπεὶ
2866 1888 2922 1941 δὲ
2965 1886 3177 1955 σώματι
3220 1885 3643 1954 συμπέπλεκται
3697 1882 3729 1951 ἡ

2150 1979 2322 2049 ψυχὴ,
2356 1980 2414 2031 ιν
2469 1980 2751 2046 αἰσθητοῖς
2804 1981 2938 2048 ἡμῖν
2992 1981 3061 2031 τὰ
3112 1978 3279 2048 νοητὰ
3328 1976 3729 2045 παραδίδωσιν.

2152 2072 2269 2125 Οὐκ
2294 2071 2400 2141 ἄρα
2443 2071 2612 2133 τύπος
2642 2072 2669 2123 6
2700 2071 2884 2140 ἄρτος.
2916 2070 3010 2120 καὶ
3044 2068 3070 2120 6
3097 2063 3237 2129 οἶνος
3274 2068 3389 2135 ἅμα
3425 2067 3503 2135 τῷ
3554 2066 3727 2122 ὕδατι.

2150 2165 2220 2219 τὰ
2248 2167 2309 2239 ιν
2331 2164 2409 2233 τῷ
2439 2163 2571 2233 θείῳ
2607 2163 2983 2229 θυσιαστηρίῳ
3015 2160 3358 2231 ἀγιαξόμενι
3387 2159 3482 2211 τοῦ
3543 2158 3732 2224 σῶμα·

2150 2274 2242 2319 τος
2272 2255 2367 2309 τοῦ
2400 2254 2640 2325 Χριστοῦ
2675 2258 2769 2308 καὶ
2792 2255 2888 2307 τοῦ
2929 2254 3181 2324 αἵματος,
3246 2254 3319 2322 μὴ
3350 2252 3591 2321 γένοιτο,
3622 2251 3733 2303 ἀλλ’

2151 2348 2285 2403 αὐτὸ
2317 2348 2378 2400 τὸ
2410 2347 2571 2415 σῶμα
2603 2346 2699 2401 καὶ
2736 2346 2799 2399 τὺ
2825 2341 2964 2415 αἷμα
2994 2344 3089 2399 τοῦ
3118 2344 3326 2415 Κυρίου
3374 2342 3691 2412 τεθεωμένα
3715 2356 3729 2372 ’

2149 2442 2229 2494 διὸ
2256 2440 2331 2511 μὴ
2362 2442 2473 2502 τοῖς
2499 2440 2776 2508 κειμένοις
2836 2439 2996 2507 μόνον
3026 2438 3419 2507 ὲμϐλέπωμεν,
3465 2438 3607 2489 ἀλλὰ
3666 2439 3731 2489 τὶ

2152 2532 2379 2601 ῥήματα
2399 2530 2563 2584 αὑτοῦ
2599 2531 2946 2603 κατέχοντες,
2982 2533 3077 2585 καὶ
3107 2529 3451 2598 πειθώμεθα,
3501 2530 3603 2581 καὶ
3650 2547 3737 2580 πιο

2151 2624 2457 2693 στεύωμεν,
2482 2624 2577 2677 καί
2618 2626 2831 2693 νοητοῖς
2878 2625 3018 2677 αὐτά
3052 2623 3339 2693 βλέπωμεν
3385 2621 3689 2689 ὀφθαλμοῖς
3715 2637 3728 2650 ·

2142 2719 2177 2783 ~6
2219 2717 2320 2786 μὲν
2341 2717 2449 2786 γὰρ
2516 2715 2677 2783 λόγος
2739 2714 2909 2768 αὐτοῦ
2961 2714 3401 2784 ἀπαραὶὸγιστος
3437 2711 3619 2782 (ί)’ὴ
3680 2711 3734 2764 δὲ

2150 2808 2407 2878 αἴσθησις
2436 2808 2596 2878 ἡμῶν
2630 2807 3038 2878 εὐεξαπάτητος
3068 2824 3082 2838 ο
3132 2800 3285 2869 οὗτος
3329 2807 3593 2859 οὐδέποτε
3628 2804 3735 2857 διέ-

2150 2918 2317 2954 πεσεν
2343 2916 2358 2932 ·
2392 2900 2533 2968 αὕτη
2560 2901 2615 2953 δὲ
2652 2900 2720 2954 τά
2774 2899 2999 2952 πλείονα
3031 2898 3354 2967 σφάλλεται.
3406 2898 3565 2951 Ἐπεὶ
3590 2894 3681 2949 οὖν
3708 2899 3735 2949 ὁ

2149 2991 2310 3062 λόγος
2340 2992 2505 3047 αὐτοῦ
2561 2994 2717 3064 φησὶ,
2755 3010 2773 3044 ι
2815 2992 2988 3047 Τοῦτό
3026 2994 3145 3045 ἐστι
3202 2993 3264 3045 τὸ
3319 2992 3483 3060 σῶμά
3534 3009 3668 3059 μου,
3711 3009 3727 3040 ι

475 3083 600 3151 guis
637 3094 815 3143 meus,
853 3096 873 3130 ›
913 3079 1020 3131 lteo
1046 3077 1362 3144 credamus,
1396 3088 1451 3131 et
1479 3078 1798 3134 nullatenus
1823 3090 2047 3136 contra-

2153 3088 2265 3149 καὶ,
2302 3104 2320 3139 ι
2350 3087 2523 3140 Τοῦτό
2576 3088 2695 3140 ἐστι
2750 3086 2812 3139 τὸ
2853 3080 2995 3153 αἷμά
3052 3104 3179 3155 μου.
3208 3104 3226 3138 ι
3274 3083 3603 3153 πειθώμεθα
3660 3085 3735 3152 τῷ

478 3174 728 3227 dicamus
760 3187 773 3223 :
800 3169 1019 3223 etiamsi
1049 3169 1246 3222 rationi
1281 3180 1485 3224 nostra:
1511 3170 1851 3224 contrarium
1881 3187 2049 3241 appa-

477 3273 599 3317 reat
630 3272 794 3332 atque
822 3261 967 3315 visui
997 3261 1048 3315 id
1092 3262 1240 3329 quod
1272 3261 1614 3316 allirmatur:
1656 3277 1720 3316 ac
1755 3262 2049 3317 ratiocinio

480 3370 710 3429 prorsus
743 3362 934 3410 nostro
963 3353 1194 3425 visuque
1228 3355 1501 3428 potiorem
1527 3354 1909 3410 existimemus
1938 3371 2053 3410 ser-

480 3463 697 3509 munem
731 3447 870 3518 ejus.

552 3542 604 3595 6.
647 3542 802 3608 Quod
830 3542 874 3596 si
908 3542 1157 3598 nonnulli
1182 3542 1427 3614 antitypa
1459 3543 1708 3614 corporis
1738 3542 2052 3613 sanguinis-

481 3647 590 3701 que
630 3630 848 3688 Domini
892 3632 1009 3687 haec
1050 3633 1493 3703 appellaverunt,
1534 3634 1703 3689 veluti
1756 3634 2053 3703 deiloquus

476 3726 727 3797 loquitur
778 3726 1016 3781 Basilius
1071 3726 1126 3779 in
1180 3726 1427 3796 mysticis
1483 3726 1743 3781 sacriﬁcii
1793 3726 2053 3797 precibus

480 3820 704 3875 dicens:
738 3839 755 3871 ι
796 3818 864 3874 Ει
886 3827 1258 3889 proponentes
1286 3818 1538 3890 antitypa
1571 3820 1828 3889 corporis
1850 3830 1905 3874 et
1927 3835 2055 3873 san-

478 3910 663 3979 guinis
687 3908 895 3963 Christi
926 3907 1045 3967 tui:
1084 3924 1102 3958 ι
1130 3906 1275 3960 haud
1303 3908 1561 3977 equidem
1599 3918 1722 3977 post
1747 3908 2054 3963 sanctiﬁca-

478 4002 713 4069 tiognem,
749 4002 977 4070 inquam
1007 4015 1133 4072 ego,
1166 4001 1265 4058 sed
1299 4011 1429 4055 ante
1470 3998 1970 4055 sanctiﬁcationem
1998 4011 2055 4054 et

479 4104 607 4151 ante
631 4105 943 4164 susceptam
981 4094 1238 4165 gratiam,
1272 4094 1352 4149 sic
1375 4108 1438 4149 ea
1472 4092 1923 4163 appellaverunt;
1962 4106 2054 4145 or-

480 4188 739 4242 dinantes
786 4186 1007 4256 egregie
1060 4184 1359 4241 admodum
1412 4184 1468 4239 lii
1518 4185 1627 4237 viri
1664 4184 1938 4253 inspirati,
1993 4192 2054 4241 ut

481 4293 584 4331 nos
621 4292 749 4331 cum
801 4290 990 4349 amore
1031 4291 1096 4331 ac
1148 4277 1258 4331 ﬁde
1304 4290 1654 4341 veneremur,
1704 4284 1835 4330 ante
1887 4276 2050 4330 etiam

479 4385 647 4439 quam
688 4379 1112 4434 consecrentur,
1168 4368 1358 4423 divina
1403 4368 1521 4422 haec
1566 4367 1734 4435 dona,
1790 4377 2052 4440 tanquam

2156 3178 2296 3247 Θεῷ.
2320 3179 2413 3230 καὶ
2446 3178 2521 3247 μὴ
2550 3178 2954 3246 ἀντιλέγωμεν.
2991 3177 3093 3231 κᾶν
3122 3177 3365 3231 ἐναντίον
3399 3172 3539 3228 εἶναι
3606 3177 3733 3245 δοκῇ

2156 3273 2270 3334 τοῖς
2300 3271 2593 3341 ἡμετέροις
2614 3270 2917 3337 λογισμοῖς,
2954 3272 3048 3323 καὶ
3080 3273 3201 3332 ταῖς
3228 3270 3383 3337 ὂψεσι
3412 3272 3471 3322 τὸ
3502 3271 3737 3337 λεγέμε-

2158 3381 2251 3417 νον
2284 3380 2299 3394 ⁸
2338 3364 2434 3417 καὶ
2462 3363 2739 3433 λογισμῶν
2770 3364 2864 3416 καὶ
2899 3363 3078 3433 ὄψεων
3126 3364 3463 3433 κυριώτερον
3515 3364 3737 3433 ἔχωμεν

2159 3456 2327 3511 αὑτοῦ
2360 3456 2450 3510 τὸν
2486 3456 2671 3523 λόγον.

2230 3546 2304 3614 ς’.
2338 3549 2400 3602 El
2431 3548 2486 3600 δὲ
2509 3547 2603 3600 καί
2630 3566 2776 3612 τινες
2803 3549 3072 3602 ἀντίτυπα
3100 3549 3196 3602 τοῦ
3232 3548 3481 3618 σώματος
3514 3549 3615 3599 καὶ
3641 3546 3733 3598 τοῦ

2161 3640 2395 3709 αῖματος
2427 3639 2523 3692 τοῦ
2564 3640 2771 3711 Κυρίου
2793 3642 2967 3695 ταῦτα
2999 3640 3290 3704 ἐκάλεσαν,
3338 3641 3414 3701 ὡς
3443 3642 3471 3693 6
3507 3640 3738 3705 θεοφάν-

2156 3747 2269 3800 τωρ
2299 3729 2403 3801 ἔφη
2431 3728 2709 3794 Βασίλειος
2737 3732 2793 3783 ιν
2822 3734 2940 3792 ταῖς
2977 3733 3266 3797 μυστικαῖς
3287 3730 3385 3797 τῆς
3419 3728 3737 3796 ἱερουργίας

2159 3825 2365 3894 εὐχαῖς,
2399 3822 2543 3878 οὕτω
2590 3822 2766 3889 λέγων
2790 3838 2805 3854 ο
2854 3840 2873 3875 ι
2908 3823 3019 3876 Καὶ
3049 3821 3344 3891 προθέντες
3368 3822 3436 3874 τὰ
3461 3822 3736 3874 ἀντίτυπα

2159 3915 2251 3969 τοῦ
2281 3913 2533 3984 σώματος
2562 3914 2658 3965 καὶ
2686 3914 2919 3983 αἵματος
2946 3913 3040 3965 τοῦ
3058 3914 3294 3983 Χριστοῦ
3324 3928 3444 3965 σουυ
3478 3932 3497 3963 ι
3531 3912 3654 3964 ἀλλ’
3676 3912 3734 3964 οὔ

2162 4008 2304 4079 μετά
2330 4008 2391 4060 τὸ
2424 4006 2776 4072 ἀγιασθῆναι,
2802 3999 2979 4067 εἷπον,
3006 4008 3112 4073 πρὸ
3142 4006 3325 4073 μέντοι
3347 4004 3438 4056 τοῦ
3471 4003 3739 4070 ἀγιασθῆ-

2159 4118 2268 4165 ναι,
2301 4101 2397 4154 καί¹
2428 4101 2535 4169 πρὸ
2572 4100 2667 4152 τοῦ
2694 4100 2793 4169 τὴν
2826 4100 2987 4168 χάριν
3029 4098 3233 4159 λαϐεῖν,
3262 4096 3433 4160 οὕτως
3465 4096 3736 4150 ἐκάλεσαν

2160 4194 2259 4264 (ἓ),
2289 4192 2672 4260 διαταξάμενοι
2708 4192 2856 4260 μάλα
2885 4192 3062 4252 καλῶς
3093 4192 3144 4244 oi
3180 4190 3465 4258 θεόληπτοι
3493 4206 3738 4257 προσκυ-

2159 4290 2271 4339 νεῖν
2301 4286 2447 4354 ήμᾶς
2482 4284 2621 4354 μετά
2653 4285 2818 4336 πόθου
2852 4284 2945 4336 καὶ
2977 4282 3237 4345 πίστεως,
3273 4283 3365 4333 καὶ
3388 4281 3497 4350 πρὸ
3520 4280 3619 4333 τοῦ
3650 4298 3736 4332 τε·

2159 4376 2454 4444 λειωθῆναι
2500 4373 2670 4426 ταῦτα
2699 4375 2766 4425 τὰ
2796 4375 2914 4425 θεία
2975 4371 3146 4439 δῶρα,
3176 4370 3251 4433 ὡς
3277 4370 3557 4422 ἀντίτυπα
3619 4369 3729 4420 τῶν

478 4464 726 4534 antitypa
760 4462 983 4518 illorum
1015 4477 1138 4532 quae
1178 4471 1449 4532 geruntur
1478 4462 1533 4517 in
1572 4476 1772 4532 magno
1799 4463 2047 4533 ingressu

2153 4471 2252 4538 τῆς
2292 4467 2539 4538 μεγάλης
2570 4465 2862 4534 γινομένης
2902 4462 3109 4515 εἰσόδου
3141 4462 3239 4532 (Ι),
3266 4461 3366 4528 τῆς
3416 4462 3476 4512 ὲν
3501 4463 3569 4531 τῇ
3606 4460 3727 4530 ἱερᾷ

477 4558 545 4614 ad
577 4572 791 4612 sacram
833 4554 1112 4625 liturgiam
1158 4572 1173 4608 :
1223 4568 1288 4610 ea
1312 4554 1548 4617 ratione.
1595 4569 1703 4623 qua
1752 4553 2047 4608 humanam

477 4665 699 4720 quoque
750 4648 846 4703 Dei
894 4645 1179 4701 humanatl
1223 4646 1404 4701 [ictam
1451 4646 1763 4715 pictamque
1794 4646 2046 4715 ﬁguram,

478 4754 736 4812 tanquam
769 4741 1015 4812 ejusdem
1054 4740 1386 4809 antitypum,
1420 4748 1773 4792 veneramur.
1801 4738 2049 4807 Namque

479 4834 740 4902 imaginis
774 4834 952 4889 honor
983 4830 1051 4886 ad
1077 4840 1427 4901 prototypum
1456 4830 1677 4893 transit,
1716 4838 1776 4883 ut
1816 4844 2050 4899 magnus

478 4926 662 4994 inquit
710 4925 965 4981 Basilius.
1004 4923 1315 4991 Caeteroqni
1379 4922 1522 4992 picta
1586 4921 1809 4989 quidem
1863 4920 2050 4975 Domi-

480 5021 620 5073 nicae
650 5018 837 5072 carnis
892 5016 1095 5086 imago.
1129 5015 1297 5086 hujus
1343 5012 1570 5071 omnino
1601 5013 1887 5084 antitypon
1944 5022 2050 5076 est,

480 5123 766 5180 nunquam
804 5118 984 5164 tamen
1013 5107 1121 5162 erit
1155 5107 1335 5176 ipsum
1365 5114 1716 5177 prototypon,
1739 5106 1789 5158 id
1818 5115 1903 5160 est
1934 5106 2052 5174 ipse

478 5200 757 5256 C.:ristus.
821 5197 946 5255 llam
989 5207 1174 5255 autem
1230 5197 1413 5254 divina
1446 5197 1615 5263 dona,
1660 5212 1783 5267 quae
1828 5205 2056 5253 eatenus

554 5338 629 5407 (l)
671 5337 761 5391 Sic
792 5337 953 5390 etiam
991 5336 1048 5389 S.
1088 5334 1346 5407 Cyrillus.

556 5401 633 5471 (Ξ)
674 5408 953 5461 Consonat
984 5401 1211 5474 prorsus
1239 5405 1395 5456 .loan.
1428 5402 1805 5474 Damascenus
1831 5402 1880 5454 in
1914 5401 2053 5456 Cor-

482 5482 708 5535 drriana
744 5477 953 5531 Catena
988 5473 1062 5543 7p.
1100 5475 1241 5529 755:
1276 5474 1337 5524 Et
1368 5474 1422 5524 δὲ
1456 5474 1547 5525 καί
1585 5489 1727 5533 τινες
1786 5473 2057 5543 ἀντίτυπα

482 5551 578 5602 τοῦ
612 5551 865 5615 σώματος
890 5545 982 5597 καὶ
1012 5542 1109 5597 τοῦ
1138 5545 1369 5615 αἵματος
1413 5542 1861 5615 τοῦλΚλυριου-τδν
1892 5542 2055 5615 ἄρτον

483 5626 577 5677 καὶ
599 5608 859 5670 τὸνόἷνον
895 5608 1278 5673 ἐκάλεσαν,ὀὺ
1314 5613 1453 5680 μετά
1484 5612 1543 5665 τὸ
1570 5608 1943 5678 ἁγιασθῆναιζ
1982 5608 2058 5662 εἷο

482 5690 603 5751 που),
631 5688 767 5739 ἀλλὰ
794 5688 922 5758 πρὶν
954 5682 1739 5755 ἁγιασθῆναιτὴνηπροσςοράν
1788 5681 1929 5733 οὕτω
1962 5699 2058 5734 κα-

483 5776 760 5825 θεῖα-ντες.

2154 4561 2492 4629 λειτουργίᾳ,
2521 4559 2778 4626 καθάπερ
2811 4555 3228 4626 προσκυνοῦμεν
3257 4556 3352 4608 καὶ
3382 4555 3481 4623 τῆς
3513 4554 3732 4623 ἀνθρω-

2159 4652 2324 4722 πίνης
2352 4651 2447 4704 τοῦ
2480 4649 2834 4719 θεανθρώπου
2866 4650 3043 4715 Λόγου
3070 4647 3285 4717 μορφῆς
3316 4646 3376 4699 τὸ
3406 4648 3729 4714 ἐκτὺπωμα,

2158 4743 2233 4806 ὡς
2251 4742 2462 4795 ἐκείνου
2502 4742 2801 4794 ἀντίτυπον
2834 4755 2848 4769 ο
2886 4741 2920 4808 ὴ
2954 4740 3061 4808 γὰρ
3092 4739 3226 4807 τιμὴ
3257 4738 3358 4807 τῆς
3396 4738 3605 4799 εἰκόνος
3637 4739 3733 4790 ἐπὶ

2156 4836 2219 4888 τὸ
2252 4835 2613 4903 πρωτότυπον
2655 4832 2946 4895 διαδαίνει,
2978 4833 3144 4901 φησίν
3177 4832 3205 4883 6
3236 4831 3411 4900 μέγας
3450 4831 3734 4893 Βασίλειος

2157 4925 2233 4995 (2)
2262 4943 2275 4957 ·
2312 4926 2490 4979 καίτοι
2520 4944 2583 4993 γε
2627 4928 2660 4994 ἡ
2701 4925 2799 4993 μὲν
2829 4923 3201 4994 γεγραμμένη
3234 4922 3334 4990 τῆς
3376 4922 3471 4976 τοῦ
3525 4924 3733 4991 Κυρίου

2157 5019 2363 5087 σαρκὸς
2389 5016 2575 5081 είκὼν,
2608 5016 2799 5069 τούτου
2834 5015 2922 5068 διὰ
2976 5014 3175 5077 παντὸς
3224 5015 3514 5074 ἀντίτυπος
3569 5014 3729 5076 οὖσα,

2156 5110 2257 5161 οὐκ
2297 5109 2446 5160 ἔσται
2480 5107 2613 5161 ποτὶ
2641 5107 2772 5160 αὐτὸ
2801 5108 2864 5160 τὸ
2896 5108 3271 5173 πρωτότυττον,
3330 5106 3498 5174 ἡγουν
3565 5105 3731 5167 αὐτὸς

2157 5204 2185 5254 6
2219 5201 2473 5270 Χριστός.
2500 5200 2689 5253 Ταῦτα
2718 5201 2775 5252 δὲ
2819 5201 2886 5253 τὰ
2915 5199 3033 5253 θεῖα
3066 5199 3214 5267 δῶρα
3250 5197 3414 5266 μέχρι
3458 5197 3602 5258 τινὲς
3633 5200 3733 5249 ἀν-

2236 5336 2312 5399 ('5)
2357 5335 2563 5402 Duplex
2617 5343 2701 5387 est
2735 5333 2801 5388 ad
2860 5334 3103 5387 Crzecam
3150 5332 3373 5385 missam
3426 5331 3725 5396 introitus;

2168 5408 2350 5458 minor
2388 5405 2547 5457 initio
2596 5406 2723 5457 dum
2756 5420 2908 5458 saera
2939 5405 3080 5455 (luna
3135 5402 3375 5456 nondum
3407 5411 3722 5455 consecrata

2166 5477 2231 5527 ad
2266 5490 2507 5527 IthllSalll
2531 5475 2887 5537 deferuntur;
2914 5474 3107 5543 major,
3134 5489 3256 5529 cum
3277 5473 3387 5543 jam
3408 5480 3725 5526 consecrata

2168 5546 2519 5598 deducuntur
2547 5546 2611 5596 ad
2648 5545 2842 5597 altare.

2244 5615 2321 5677 (ί)
2365 5615 2422 5665 S.
2477 5614 2659 5667 Basilii
2716 5615 2894 5666 locum
2947 5612 3147 5665 videsis
3180 5612 3285 5665 late
3338 5609 3642 5676 expositum
3692 5626 3725 5662 a

2172 5684 2227 5735 S.
2262 5684 2571 5750 Nierplmro
2606 5686 2657 5735 in
2693 5699 2858 5750 opere
2889 5693 3079 5733 contra
3134 5681 3543 5736 leonnmnchos.
3579 5680 3721 5747 apud
3818 5720 3821 5723 ‹

2172 5698 2227 5735 δ.
2262 5698 2387 5736 IVlCt‘
2414 5698 2571 5736 man
2606 5701 2657 5735 ιιι
2693 5699 2858 5750 opere
2889 5698 3079 5733 contra
3134 5698 3543 5736 teonnmucnos.
3579 5698 3614 5742 aj

2166 5770 2265 5813 nos
2300 5756 2352 5805 in
2395 5698 2493 5809 iiac
2527 5754 2779 5807 Bblioth.
2811 5752 2872 5805 T.
2904 5753 2964 5804 ν.
2998 5751 3363 5821 (Putrologia’,
3393 5760 3524 5804 tom.
3554 5750 3614 5805 Ο.
