4050 6210
327 347 430 410 951

1678 348 2014 432 ETHICON
2056 351 2222 414 VIII.

3488 358 3592 426 954

325 472 530 512 τιτυπα
551 454 684 509 ὄντα
715 454 818 526 τῆς
845 454 942 508 τοῦ
999 452 1210 526 Κυρίου
1249 452 1454 522 σαρκὸς
1503 453 1596 508 καὶ
1626 455 1720 508 τοῦ
1746 455 1914 524 αἵμα-

2023 459 2268 528 antitypa
2319 469 2540 516 merant
2593 461 2897 518 Dominicae
2939 462 3128 519 carnis
3172 475 3237 518 ac
3281 463 3590 534 sanguinis,

323 568 437 614 τος,
463 547 780 618 ἀγιάζονται
807 547 950 620 μετά
987 546 1178 613 ταῦτα,
1215 547 1310 600 καὶ
1337 546 1553 616 ἀληθῶς
1575 546 1708 601 αὐτὸ
1732 548 1910 616 τίνον-

323 659 416 696 ται
442 642 504 694 τὸ
539 641 922 710 πρωτὸτυπον,
945 640 1064 712 ἤτοι
1121 640 1156 710 ὴ
1185 637 1323 710 σὰρξ
1343 639 1479 710 αὐτὴ
1513 641 1610 692 καὶ
1657 639 1720 692 τὸ
1767 633 1912 708 αἷμα

324 738 420 792 τοῦ
443 735 710 806 Χριστοῦ,
743 735 832 788 διὰ
891 735 990 803 τῆς
1027 733 1300 805 μυστικῆς
1354 732 1630 802 εὐλογίας.
1666 733 1762 788 καὶ
1811 731 1912 800 τῆς

321 831 420 884 τοῦ
451 829 612 898 ἁγίου
671 827 987 898 Πνεύματος
1047 826 1453 895 ὲπιφοιτήσεως
1487 841 1502 858 ·
1550 825 1675 878 ὅθεν
1731 821 1912 894 χρεὼν

322 926 420 977 καὶ
443 924 532 976 διὰ
563 919 723 975 τοῦτο
751 920 892 990 μετὰ
927 917 1094 972 πόθου
1127 920 1222 970 καὶ.
1287 917 1525 978 πίστεως
1580 917 1912 987 προσκυνεῖν

319 1015 470 1086 ἡμᾶς
496 1013 688 1076 ταῦτα,
715 1013 852 1080 πρὸς
871 1011 934 1064 τὸ
961 1007 1312 1078 τελειωθῆναι
1331 1008 1692 1077 ἀγόμενα(5).
1748 1006 1912 1060 Δντί-

321 1123 474 1161 τυπα
501 1104 557 1157 δὲ
580 1103 690 1156 τῶν
713 1102 1021 1173 μελλόντων
1044 1101 1294 1168 λέγονται
1341 1097 1536 1160 ταῦτα,
1563 1097 1660 1166 οὐχ
1704 1097 1780 1160 ὡς
1833 1098 1908 1166 μὴ

321 1198 452 1250 ὅντα
485 1195 606 1247 κατ’
635 1193 899 1262 ἀλήθειαν
933 1191 1092 1262 σῶμα
1135 1190 1228 1242 καὶ
1278 1186 1417 1258 αἷμα
1475 1187 1740 1260 Χριστοῦ,
1791 1187 1912 1240 ἀλλ’

323 1286 526 1342 ὅτινῦν
555 1287 654 1357 μὲν
684 1285 754 1340 δι’
784 1283 965 1337 αὐτῶν
1005 1281 1312 1351 μετέχομεν
1368 1281 1466 1350 τῆς
1521 1279 1614 1332 τοῦ
1668 1277 1909 1350 Χριστοῦ

325 1377 604 1446 θεότητος,
635 1375 760 1428 τότε
784 1373 840 1428 δὲ
873 1373 1078 1438 νοητῶς
1108 1371 1196 1425 διὰ
1239 1371 1414 1441 μόνης
1464 1369 1567 1440 τῆς
1619 1371 1746 1432 θέας
1774 1387 1789 1400 ·
1821 1369 1912 1424 διά

322 1485 406 1522 τοι
439 1469 599 1521 τοῦτο
627 1467 724 1519 καὶ
755 1464 1010 1519 κοινωνία
1035 1463 1068 1534 ἡ
1092 1462 1542 1515 αὐτῶνκα).εἰτιι
1581 1459 1913 1530 μετάληψις,

325 1562 406 1614 ὅτι
436 1557 536 1628 τὴν
566 1558 704 1628 πρὸς
750 1555 841 1608 τὸν
873 1555 1108 1624 Χριστδν
1162 1555 1297 1624 ἡμῖν
1359 1551 1642 1622 χαρὲζεεεαι
1691 1551 1913 1612 ἕνωσιν,

329 1655 424 1708 καὶ
449 1651 744 1713 κοινωνοὺς
783 1650 930 1718 ἡμᾶς
965 1651 1112 1700 ποιεῖ
1141 1648 1238 1716 τῆς
1295 1645 1462 1699 αὑτοῦ
1503 1643 1782 1714 βασιλείας
1804 1660 1815 1672 ·
1849 1644 1910 1695 οὐ

330 1745 438 1816 μὴν
467 1745 523 1797 δὲ
554 1743 671 1797 ἀλλ’
722 1742 804 1795 ὅτι
859 1739 953 1793 καὶ
994 1741 1274 1794 κοινωνεῖν
1317 1736 1565 1790 ἐντεῦθεν
1623 1737 1772 1806 ἡμᾶς
1818 1737 1915 1789 καὶ

2019 549 2442 606 sanetillcantur
2493 561 2706 620 postea,
2745 569 2985 623 vereque
3035 554 3218 624 ipsum
3261 562 3592 624 prototypon

2017 643 2178 704 iinnt,
2211 643 2264 697 id
2289 653 2376 700 est
2407 659 2536 700 caro
2567 645 2684 716 ipsa
2715 655 2770 700 et
2811 645 3036 716 sanguis
3065 645 3296 710 Christi,
3329 659 3426 714 per
3479 660 3596 715 my-

2015 736 2211 790 sticam
2241 735 2684 792 benedictionem
2707 745 2764 793 et
2792 739 2966 792 sancti
3001 737 3242 808 Spiritus
3267 736 3589 790 adventum.

2017 827 2202 894 Quare
2239 829 2408 884 etiam
2441 839 2666 900 oportet
2709 845 2834 884 cum
2876 845 3064 884 amore
3099 845 3162 883 ac
3195 828 3302 884 [ide
3340 830 3456 882 haec
3491 845 3594 882 nos

2016 920 2272 974 venerari
2313 921 2442 974 dum
2501 920 2570 974 ad
2605 921 3097 976 sanctiiicationetn
3147 920 3460 990 pompatico
3495 919 3594 972 dc-

2014 1008 2314 1064 ducuntur.
2363 1009 2614 1079 Denique
2655 1011 2900 1082 antitypa
2935 1012 3103 1066 etiam
3156 1009 3468 1064 futurorum
3507 1009 3596 1059 tli-

2013 1109 2221 1154 cuntur
2273 1101 2412 1164 hazc,
2464 1117 2575 1154 non
2629 1101 2756 1170 quia
2809 1117 2940 1156 vere
2997 1117 3200 1170 corpus
3257 1109 3313 1154 et
3368 1100 3596 1168 sanguis

2011 1191 2216 1248 Christi
2255 1208 2366 1246 non
2399 1193 2490 1258 sit,
2517 1193 2614 1248 sed
2639 1194 2769 1262 quia
2793 1209 2940 1248 nunc
2965 1194 3188 1262 quidem
3221 1208 3316 1261 per
3343 1208 3406 1245 ea
3427 1193 3599 1260 parti-

2015 1283 2267 1352 cipamus
2318 1281 2528 1340 Christi
2559 1285 2930 1349 divinitatem,
2962 1295 3093 1340 tunc
3134 1294 3318 1338 autem
3381 1285 3596 1337 intelle-

2018 1376 2277 1431 ctualiter
2310 1392 2406 1446 per
2432 1377 2606 1430 solam
2641 1378 2936 1432 visionem.
2962 1380 3134 1444 Quam
3183 1379 3253 1432 ob
3305 1393 3416 1432 rem
3447 1393 3597 1432 com-

2017 1470 2210 1524 munio
2240 1485 2462 1548 quoque
2499 1471 2616 1524 haec
2639 1469 2992 1540 participatio
3021 1471 3250 1535 dicitur,
3281 1471 3410 1540 quia
3439 1471 3598 1522 unio-

2016 1575 2144 1615 nem
2180 1561 2341 1616 nobis
2389 1576 2514 1616 cum
2551 1559 2774 1616 Christo
2821 1561 3078 1630 largitur,
3121 1570 3178 1615 et
3205 1561 3272 1614 ad
3309 1559 3464 1630 regni
3511 1559 3598 1614 sui

2018 1652 2471 1708 communionem
2497 1651 2741 1707 admittit
2766 1669 2781 1706 :
2807 1664 2864 1706 et
2893 1661 3184 1722 praeterea,
3213 1651 3362 1720 quod
3389 1649 3470 1704 sic
3495 1664 3601 1704 nos

2020 1743 2255 1798 invicem
2330 1744 2744 1798 communicare
2809 1743 3179 1814 conjungique
3241 1741 3396 1794 facit.
3460 1739 3600 1806 Quia

327 1843 578 1910 ἀλλήλοις
605 1835 858 1892 ἑνοῦσθαι
890 1825 1303 1906 παρασκευάζει
1329 1849 1343 1863 '
1381 1833 1504 1885 ἐπεὶ
1535 1832 1644 1902 γὰρ
1679 1829 1738 1895 ἐξ
1795 1831 1914 1891 ἐνὸς

2022 1837 2168 1888 enim
2211 1853 2278 1892 ex
2315 1852 2424 1890 uno
2459 1851 2599 1906 pane
2629 1845 2683 1890 et
2711 1835 2883 1890 calice
2909 1833 3244 1903 percipimus
3273 1847 3488 1896 omnes,
3515 1845 3604 1884 se-

328 1935 500 2004 ᾶρτου
534 1933 628 1984 καὶ
658 1929 922 1998 ποτηρίου
955 1927 1450 1997 μεταλαμϐάνομεν
1499 1921 1762 1986 ἅπαντες,
1800 1921 1912 1974 λοι-

331 2027 436 2080 πὸν
475 2026 568 2078 καὶ
584 2023 642 2076 ἓν
677 2021 835 2086 σῶμα
867 2018 1129 2088 Χριστοῦ.
1161 2017 1256 2071 καὶ
1318 2016 1376 2068 ἓν
1412 2012 1574 2084 αἷμα,
1609 2017 1703 2069 καὶ
1747 2013 1914 2081 ἀλλή-

329 2119 444 2173 λων
479 2117 619 2188 μέρη
642 2112 930 2184 γινόμεθα,
971 2115 1035 2165 ἐκ
1060 2111 1159 2179 τῆς
1192 2109 1396 2180 σαρκὸς
1429 2107 1596 2161 αὐτοῦ
1657 2107 1751 2158 καὶ
1803 2105 1912 2158 τῶν

329 2213 536 2264 ὀστέων
588 2207 754 2261 αὐτοῦ
813 2205 1094 2274 σύσσωμοι
1143 2201 1384 2274 Χριστοῦ
1437 2199 1908 2272 χρηματίζοντες·

331 2305 394 2358 οὺ
429 2303 538 2374 γὰρ
570 2305 647 2364 εἰς
682 2299 971 2370 ἀφεδρῶνα
1010 2295 1248 2368 χωροῦσι
1280 2293 1454 2347 ταῦτα
1483 2292 1603 2345 οὐδὲ
1661 2289 1916 2359 φθείρον-

331 2415 446 2460 ται,
479 2395 600 2449 οὐδὲ
640 2392 1020 2455 δαπανῶνται,
1056 2390 1132 2460 μὴ
1156 2389 1386 2456 γένοιτο,
1417 2383 1534 2438 ἀλλ’
1587 2385 1666 2444 εἰς
1718 2382 1916 2433 σύστα-

334 2503 422 2539 σιν
451 2483 685 2552 οὖσιὼδη
715 2479 956 2552 χωροῦσι
983 2479 1092 2532 τῶν
1115 2473 1664 2547 μεταλαμϐανόντων,
1693 2473 1793 2540 τὴν
1813 2468 1914 2538 τῆς

332 2575 516 2648 ψυχῆς
543 2573 734 2628 οὐσίαν
759 2572 851 2624 καὶ
887 2569 982 2623 τοῦ
1015 2569 1270 2636 σώματος
1305 2559 1698 2632 συντηροῦνται.

407 2667 473 2732 ς’.
507 2667 616 2718 Καὶ
649 2664 722 2734 μή
756 2679 840 2726 τις
869 2660 1110 2738 ἀκοιξων,
1141 2656 1378 2726 Χριστον
1411 2658 1468 2708 ὲν
1501 2655 1632 2722 ἡμῖν
1665 2649 1914 2719 γίνεσθαι

333 2757 425 2812 διὰ
468 2757 565 2829 τῆς
617 2755 1002 2825 μεταλήψεως,
1053 2750 1300 2804 ἀπιστῶν
1324 2747 1532 2816 λεγέτω
1561 2761 1574 2776 ·
1607 2739 1678 2796 Ἀ
1694 2761 1760 2814 ρα
1790 2741 1912 2804 οὖν,

335 2850 528 2921 ἐπειδὴ
559 2851 658 2902 καὶ
685 2851 742 2901 ἐν
769 2848 906 2917 ἡμῖν
938 2841 1222 2908 αὐλίζεται
1250 2840 1348 2894 τοῦ
1379 2837 1518 2892 Θεοῦ
1541 2839 1567 2889 ὁ
1594 2837 1763 2903 Λόγος
1799 2834 1914 2902 ζωὴ

334 2942 676 3010 κατὰ,φύσιν
706 2939 990 3007 ὑπάρχων,
1023 2933 1288 3000 ζωοποιόν
1314 2933 1432 2984 ἐστι
1466 2929 1562 2984 καὶ
1587 2929 1647 2980 τὸ
1677 2928 1912 2980 ἑκάστου

337 3035 534 3104 σῶμας
567 3035 731 3086 Ἰστω
754 3031 812 3085 δὲ
846 3029 1072 3101 μᾶλλον,
1101 3027 1175 3088 ὡς
1207 3026 1394 3094 ἕτερον
1422 3029 1539 3076 ἐστι
1565 3021 1625 3074 τὸ
1653 3021 1794 3073 κατὰ
1818 3017 1914 3087 μέ-

2016 1929 2210 1998 quitur
2243 1937 2302 1982 ut
2331 1943 2499 1982 unum
2531 1942 2735 1998 corpus
2783 1927 3019 1990 Christi,
3053 1939 3315 1994 unusque
3353 1923 3600 1994 sanguis.

2017 2034 2070 2076 et
2105 2029 2298 2076 mutua
2330 2021 2577 2076 membra
2609 2021 2825 2086 ﬁamus,
2857 2036 2926 2075 ex
2965 2021 3112 2076 illius
3138 2033 3306 2074 carne
3337 2018 3601 2085 illiusque

2017 2113 2264 2174 ossibus.
2298 2113 2518 2168 Christo
2555 2113 2974 2182 concorporati.
3005 2111 3118 2166 Nec
3169 2125 3338 2180 porro
3369 2109 3499 2178 June
3545 2109 3604 2161 in

2018 2206 2398 2274 aphedronem
2431 2204 2724 2266 secedunt,
2759 2217 2942 2270 neque
2987 2210 3464 2268 corrumpuntur;
3499 2197 3600 2253 ab-

2016 2301 2092 2356 sit
2119 2301 2133 2354 l
2164 2301 2260 2354 sed
2293 2301 2348 2354 in
2397 2296 2824 2353 substantialem
2859 2293 3284 2348 consistentiam
3315 2297 3610 2346 transeunt.

2018 2392 2496 2464 participantium,
2525 2399 2582 2446 et
2607 2387 2807 2444 animae
2837 2383 3204 2457 corporisque
3231 2382 3600 2440 substantiam

2019 2493 2374 2544 conservant.

2090 2665 2145 2719 7.
2187 2663 2302 2733 Age
2331 2675 2485 2723 vero,
2511 2673 2582 2714 ne
2619 2660 2766 2712 forte
2821 2656 3026 2725 aliquis
3054 2656 3292 2712 audiens
3317 2653 3602 2708 Christum

2019 2757 2073 2810 in
2101 2755 2259 2808 nobis
2294 2751 2410 2806 ﬁeri
2443 2765 2540 2820 per
2566 2749 2716 2802 hanc
2741 2746 3250 2816 participationem,
3279 2743 3608 2798 incredulus.

2020 2847 2210 2901 dicat:
2242 2844 2480 2914 Ergone,
2515 2841 2646 2908 quia
2675 2838 2728 2892 in
2755 2838 2914 2892 nobis
2951 2836 3046 2890 Dei
3082 2834 3322 2889 Verbum
3364 2834 3600 2892 habitat,

2021 2935 2170 3008 quod
2237 2947 2322 2992 est
2379 2941 2578 3001 suapte
2637 2942 2836 2984 natura
2881 2929 3014 2992 vita,
3075 2935 3330 2981 nostrum
3380 2939 3606 2992 quoque

2024 3027 2461 3097 uniuscujusque
2501 3037 2708 3090 corpus
2737 3017 3018 3074 viviﬁcn'm
3047 3015 3249 3071 evadet
3275 3017 3292 3068 ἶ
3323 3013 3470 3097 Sciat
3500 3016 3603 3068 ita-

336 3089 486 3191 θεέιν
517 3089 774 3196 σχετικὴν
809 3089 957 3193 ἡμᾶς
984 3089 1130 3190 ἔχειν
1163 3121 1220 3171 ὲν
1245 3089 1462 3178 ἑαυτοῖς
1491 3114 1586 3167 τὸν
1619 3113 1748 3166 Υἱδν
1794 3107 1910 3182 [τοῦ

2022 3137 2124 3192 que
2163 3119 2251 3173 hic
2293 3117 2492 3187 potius,
2526 3112 2676 3168 aliud
2715 3127 2838 3166 esse
2886 3127 2986 3181 per
3035 3089 3342 3163 relativam’
3369 3105 3596 3175 ιιιπιίνὶ-

337 3219 520 3290 Θιοῦ],
569 3219 662 3271 καὶ
721 3217 910 3286 ἓτερον
959 3211 1270 3280 ὁλοτρόπως
1320 3211 1382 3260 τὸ
1411 3207 1601 3260 τοῦτον
1660 3203 1918 3272 γενέσθαι

341 3312 544 3380 σάρκα,
572 3307 856 3361 τουτέστιν
890 3304 1023 3357 ἴδιον
1058 3297 1392 3368 ποιήσασθαι
1421 3297 1606 3364 σῶμα,
1628 3294 1687 3345 τὸ
1721 3295 1785 3344 ὲκ
1818 3292 1918 3359 τῆς

340 3405 504 3470 ἁγίας
541 3399 822 3468 Παρθένου
877 3393 1106 3466 ληφθὲν,
1155 3393 1255 3446 καὶ
1301 3389 1477 3458 τούτῳ
1525 3386 1726 3440 amet»
1777 3383 1919 3452 ὑπὲρ

337 3495 530 3565 λόγον·
559 3495 620 3548 οὐ
651 3494 759 3564 γάρ
788 3493 848 3545 ἐν
873 3485 1351 3560 ἡμῖνίγενὸμενος,
1376 3480 1796 3548 ὲνανθρωπῆσαι
1826 3477 1920 3529 λέ-

348 3607 533 3657 γεται,
564 3589 660 3642 καὶ
685 3585 944 3657 γενέσθαι
976 3579 1133 3652 σὰρξ,
1165 3579 1322 3631 τοῦτο
1359 3579 1469 3646 γὰρ
1492 3574 1716 3642 γέγονεν
1748 3569 1915 3636 ἅπαξ,

337 3683 430 3736 ὅτι
481 3682 757 3751 προῆλθεν
803 3677 1114 3745 ἄνθρωπος,
1148 3673 1252 3725 οὐκ
1309 3667 1604 3724 ἀποϐαλὼν
1659 3668 1718 3717 τὸ
1778 3657 1919 3714 εἶναι

337 3775 502 3837 Θεός’
537 3773 673 3826 ἀλλὰ
707 3770 848 3824 κατὰ
883 3766 1104 3838 μέθεξιν
1137 3759 1396 3833 σχετικὴν
1424 3759 1642 3825 λέγεται
1663 3753 1920 3824 γενέσθαι

339 3867 660 3940 θεοπρεπῶς
709 3863 794 3916 διᾶι
827 3861 922 3914 τοῦ
976 3861 1134 3927 ἁγίου
1195 3853 1511 3923 Πνεύματος
1537 3866 1552 3881 °
1587 3849 1672 3902 ἵνα
1703 3848 1809 3916 γὰρ
1845 3847 1920 3916 μὴ

342 3961 504 4031 μόνον
535 3957 679 4012 κατά
722 3957 821 4026 τὴν
874 3955 1096 4023 ἀγάπην
1118 3950 1276 4003 τοῦτο
1323 3943 1634 4014 γενώμεθα,
1665 3939 1801 3993 ἀλλὰ
1827 3938 1922 3990 καὶ

337 4053 461 4105 κατ’
491 4049 624 4102 αὐτὸ
654 4047 713 4099 τὺ
754 4047 991 4116 πρᾶγμα
1039 4043 1176 4112 πρὸς
1199 4039 1419 4104 ἐκείνην
1446 4031 1920 4102 ἀνακεραοθῶμεν

337 4145 440 4212 τὴν
471 4145 672 4212 σάρκα,
702 4139 793 4192 διὰ
833 4139 933 4207 τῆς
982 4137 1190 4206 τροφῆς
1236 4131 1396 4184 τοῦτο
1431 4129 1665 4194 γίνεται,
1691 4127 1758 4194 ἢν
1793 4127 1922 4194 ἐχα-

345 4237 556 4310 ρίσατο,
607 4233 934 4304 βουλόμενος
987 4231 1120 4300 ἡμῖν
1151 4227 1322 4290 δεῖξαι
1361 4225 1454 4275 τὸν
1504 4219 1670 4274 πόθον
1703 4218 1763 4272 ὃν
1809 4218 1922 4286 ἔχει

343 4332 476 4398 περὶ
501 4329 642 4396 ἡμᾶς
663 4340 678 4354 '
706 4327 795 4377 διὰ
832 4323 992 4376 τοῦτο
1027 4319 1282 4388 ἀνέμιξεν
1331 4313 1526 4366 ἑαυτὸν
1553 4317 1618 4382 τῇ
1669 4309 1924 4378 ὲπικὴρῳ

343 4421 532 4487 φύσει,
564 4417 658 4469 καὶ
687 4416 857 4484 ἔσυρε
889 4413 948 4464 τὸ
981 4410 1140 4476 σῶμα
1199 4403 1364 4458 αὑτοῦ
1413 4403 1494 4465 εἰς
1547 4403 1716 4470 ἡμᾶς,
1749 4399 1837 4451 ἵνα
1865 4398 1924 4450 ἓν

2019 3211 2300 3282 palionem
2341 3207 2546 3260 habere
2589 3205 2734 3258 intra
2761 3217 2861 3254 nos
2889 3199 3086 3254 Filium
3121 3199 3214 3252 Dei
3243 3213 3257 3260 ;
3292 3197 3438 3249 aliud
3470 3209 3600 3246 vero

2021 3302 2247 3358 omnino
2278 3302 2426 3354 hunc
2454 3312 2680 3352 carnem
2720 3293 2864 3358 ﬁeri,
2903 3293 2952 3345 id
2990 3299 3076 3345 est
3119 3289 3411 3359 proprium
3461 3285 3602 3340 eﬂici

2022 3391 2154 3446 illud
2189 3403 2392 3460 corpus
2410 3387 2558 3457 quod
2585 3401 2652 3439 ex
2684 3392 2874 3438 sancta
2900 3380 3123 3449 Virgine
3154 3387 3460 3446 sumptum,
3489 3376 3601 3429 Deo

2022 3479 2523 3552 supernatnraliter
2561 3476 2780 3529 unitum
2825 3471 2952 3526 fuit.
2993 3469 3210 3523 Etenim
3252 3481 3599 3534 nequaquam

2021 3589 2146 3627 cum
2180 3573 2326 3625 intra
2357 3583 2460 3623 nos
2491 3575 2598 3630 est,
2626 3563 2918 3618 humanari
2956 3559 3184 3623 dicitur,
3213 3567 3268 3612 et
3302 3572 3433 3610 caro
3458 3555 3602 3620 ﬁeri;

2025 3663 2078 3717 id
2112 3663 2257 3716 enim
2309 3661 2480 3717 semel
2510 3658 2730 3722 accidit,
2761 3671 2885 3712 cum
2934 3655 3099 3706 homo
3135 3649 3430 3720 processit,
3466 3647 3602 3716 quin

2023 3756 2186 3810 simul
2217 3755 2498 3809 desineret
2535 3766 2656 3805 esse
2693 3753 2835 3804 Deus
2862 3764 2877 3801 :
2906 3748 3001 3800 sed
3040 3760 3132 3812 per
3161 3742 3444 3796 relativum
3476 3754 3602 3806 par-

2025 3847 2402 3916 ticipationem
2450 3843 2652 3898 dicitur
2699 3841 2752 3894 in
2805 3840 2966 3893 nobis
3013 3833 3230 3889 ratione
3281 3833 3390 3884 Deo
3438 3829 3604 3899 digna

2023 3943 2332 3996 consistere
2385 3951 2485 4006 per
2538 3943 2794 3988 sanctum
2838 3929 3130 4000 Spiritum.
3181 3925 3252 3982 Ut
3301 3923 3448 3980 enim
3493 3939 3603 3980 non

2024 4033 2292 4087 charitate
2323 4037 2535 4082 tantum
2574 4027 2678 4080 hoc
2707 4026 2922 4086 iiamns,
2953 4021 3046 4076 sed
3081 4037 3138 4075 re
3169 4021 3360 4080 etiam,
3391 4026 3446 4070 et
3474 4031 3604 4077 cum

2021 4127 2115 4179 illa
2150 4137 2316 4178 carne
2351 4120 2808 4190 permisceamur,
2853 4131 2942 4170 res
2977 4115 3094 4168 haec
3126 4112 3234 4166 cibi
3284 4123 3436 4164 niore
3483 4122 3609 4176 per-

2027 4218 2236 4281 ﬁcitur,
2283 4228 2447 4283 quem
2481 4211 2712 4281 largitus
2759 4217 2867 4269 est.
2903 4207 3098 4260 volens
3129 4219 3284 4258 suam
3320 4217 3449 4270 erga
3504 4213 3612 4256 nos

2027 4311 2354 4365 charitatem
2407 4307 2811 4362 demonstrare.
2851 4301 3151 4370 Pr0ptcrea
3201 4293 3510 4352 insinuavit
3545 4307 3611 4356 se

2029 4401 2250 4456 Caduca:
2285 4408 2519 4464 natura},
2552 4411 2830 4464 suumque
2859 4407 3066 4462 corpus
3096 4391 3386 4445 nobiscum
3421 4385 3612 4438 immi-t

348 4467 532 4487 Y""V
606 4467 632 4469 "
733 4469 740 4482 ι
799 4467 810 4484 ι
1068 4467 1078 4476 ι
1569 4467 1600 4470 --

341 4530 399 4564 τι
442 4508 731 4578 γενώμεθα
783 4504 1031 4572 καθάπερ
1081 4501 1240 4568 σῶμα
1287 4495 1499 4564 κεφαλῇ
1540 4491 1917 4560 συνημμένον·

2029 4491 2194 4554 seuit,
2227 4499 2290 4544 ut
2337 4505 2507 4543 unum
2540 4487 2676 4557 quid
2728 4487 3008 4544 lierelnns,
3058 4495 3158 4534 ceu
3203 4491 3408 4544 corpus
3439 4469 3608 4539 capiti

342 4603 454 4654 τῶν
478 4601 604 4670 γὰρ,
640 4597 844 4666 σφόδρα
879 4593 1190 4648 ποθούντων
1239 4589 1357 4640 ἐστὶ
1395 4587 1576 4644 τοῦτο,
1611 4585 1700 4635 καὶ
1730 4585 1795 4649 τῇ
1823 4581 1924 4649 τῆς

346 4695 604 4763 θεότητος
643 4708 761 4743 κοιν
783 4719 790 4730 ι
812 4690 902 4759 vit;
957 4679 1445 4748 συναποθεωθῆνειι
1473 4679 1532 4732 τι
1561 4675 1924 4746 ἀνθρώπινον.

345 4784 524 4838 Τοῦτο
554 4781 686 4851 γοῦν
709 4785 736 4834 ὁ
769 4779 888 4832 Ἰὼϐ
916 4775 1286 4844 αἰνιττόμενος
1316 4772 1468 4840 ἔλεγε
1507 4769 1767 4840 περὶτῶν
1796 4767 1926 4818 ἐαυ-

347 4879 444 4932 τοῦ
471 4877 722 4938 οἰκετῶν,
741 4871 819 4938 οἷς
847 4871 914 4944 ἦν
935 4871 1054 4942 μεθ’
1077 4867 1381 4938 ὑπερϐολῆς
1411 4864 1678 4924 ποθεινὸς,
1705 4881 1722 4912 ι
1750 4861 1791 4911 ll
1802 4875 1928 4930 ροσ-

349 4967 516 5034 φῦναι
569 4967 686 5028 ταῖς
745 4962 906 5031 σαρξί
959 4977 1060 5030 μου
1151 4959 1250 5010 οὑκ
1309 4958 1548 5023 ἀπέσχον
1598 4952 1848 5004 ὀδοῦσιν.
1901 4967 1919 5000 ι

363 5057 596 5108 Ἐκ;ῖνοι
623 5057 730 5123 γὰρ
763 5053 855 5105 τὸν
887 5051 1055 5104 πολὺν
1097 5048 1276 5102 αὐξῶν
1307 5043 1707 5112 ἐνδεικνύμενοι
1738 5040 1924 5103 πάοιιν,

355 5148 418 5202 ὃν
464 5141 632 5218 εἶχον,
676 5145 894 5214 ελεγον·
933 5161 952 5196 ι
999 5143 1092 5205 Τις
1127 5141 1192 5194 ἂν
1221 5139 1332 5208 δῴη
1386 5140 1518 5208 ἡμῖν
1555 5141 1665 5188 τῶν
1709 5137 1930 5205 σαρκῶν

352 5241 521 5298 αὑτοῦ
577 5239 1002 5311 ἐμπλησθῆναι;
1046 5253 1066 5287 ι
1115 5235 1204 5287 Διὸ
1250 5234 1315 5304 δὴ
1353 5235 1446 5286 καὶ
1474 5233 1502 5286 ὁ
1531 5231 1766 5302 Χριστος
1797 5231 1930 5284 αὐτὸ

425 5359 447 5391 ⁸
477 5355 600 5413 Job.
630 5371 740 5411 xix.
772 5353 864 5410 22..
942 5356 964 5386 ⁸
987 5352 1110 5408 Job.
1146 5369 1298 5416 xxxi,
1334 5351 1426 5405 5!.

431 5515 510 5583 ('5)
546 5515 815 5584 Loquitur
864 5512 932 5565 de
961 5507 1339 5584 _vencratione
1369 5503 1763 5584 Grzeei_p0pn_li
1799 5519 1928 5574 erga

357 5577 542 5642 oblata
576 5577 742 5640 etiam
784 5599 908 5638 cum
945 5581 1297 5634 deducuntur
1335 5578 1644 5645 putnpatice
1668 5577 1734 5628 ad
1769 5591 1928 5628 men-

355 5673 476 5712 sam
509 5665 568 5710 nt
600 5659 1036 5712 consecrantur;
1091 5648 1160 5702 de
1208 5661 1320 5718 quo
1367 5647 1476 5700 ritu
1527 5647 1659 5718 satis
1690 5655 1931 5718 contro-

355 5741 520 5782 verso
569 5726 700 5779 alibi
749 5738 850 5778 nos
882 5721 1050 5776 locuti
1090 5715 1306 5783 sumus,
1339 5718 1552 5772 scilicet
1598 5717 1653 5770 in
1689 5716 1794 5770 hac
1838 5715 1928 5768 Bi-

361 5801 560 5858 de'ull.
613 5807 652 5852 t.
701 5795 790 5860 lV',
828 5811 879 5864 p.
928 5792 1018 5860 61,
1059 5789 1150 5846 ubi
1185 5789 1516 5861 Eutychium
1557 5785 1926 5857 patriarcham

2021 4585 2300 4656 junctum.
2333 4581 2546 4634 Eximio
2585 4580 2734 4632 enim
2767 4576 3073 4630 amantium
3106 4573 3208 4624 hoc
3245 4582 3386 4636 opus
3413 4573 3518 4626 est,
3555 4572 3616 4618 ut

2032 4691 2129 4747 per
2155 4675 2378 4729 deitatis
2403 4671 2852 4726 communionem
2900 4665 3068 4721 simul
3107 4663 3274 4716 homo
3297 4657 3612 4718 tleilicetur.

2037 4768 2170 4821 lieni
2225 4765 2370 4818 hanc
2404 4761 2664 4816 videlicet
2693 4759 2867 4832 Johns
2899 4757 3161 4820 innuens,
3197 4751 3268 4806 de
3321 4747 3614 4806 familiari-

2035 4857 2141 4910 bus
2173 4857 2288 4910 suis
2335 4851 2544 4916 aiebat,
2579 4851 2786 4921 quibus
2821 4848 3022 4904 eximie
3068 4845 3272 4899 charos
3313 4848 3472 4895 erat:
3513 4857 3531 4889 ι
3571 4839 3614 4890 Α

2037 4950 2296 5004 carnibus
2353 4945 2492 5000 meis
2555 4943 2750 4998 dentes
2799 4957 2908 4995 non
2963 4937 3318 4992 abstinebant
3350 4934 3394 4986 ⁸.
3459 4949 3476 4982 ι
3529 4928 3616 4982 lili

2035 5039 2242 5109 quippe
2275 5047 2334 5089 ut
2371 5035 2604 5088 multum
2635 5047 2796 5087 suum
2841 5043 3086 5083 antorem
3115 5030 3459 5084 ostencrent,
3497 5019 3616 5072 aie-

2037 5137 2170 5190 bant
2203 5151 2216 5186 :
2253 5151 2270 5183 ι
2305 5131 2444 5195 Quis
2480 5131 2572 5184 det
2601 5127 2767 5181 nobis
2801 5137 2858 5179 ut
2895 5130 2962 5179 de
3007 5121 3274 5177 carnibus
3309 5119 3432 5188 ejus
3463 5123 3618 5168 satu-

2035 5243 2228 5284 rentur
2253 5227 2310 5278 ‘1'
2347 5243 2362 5275 ι
2400 5225 2586 5290 Quare
2629 5231 2686 5276 ct
2715 5219 2972 5274 Christus
3021 5217 3168 5272 idem
3209 5212 3363 5278 fecit,
3399 5207 3468 5263 ad
3501 5223 3618 5260 tna—

2037 5501 2406 5570 produximua
2435 5499 2486 5553 id
2522 5499 2706 5556 cultus
2739 5513 2912 5568 genus
2945 5493 3464 5570 reprehendentem.
3500 5489 3618 5570 lle-

2035 5561 2184 5640 liqna
2227 5589 2362 5627 vero
2420 5572 2584 5641 hujus
2627 5561 2850 5624 articuli
2910 5561 3086 5637 usque
3117 5567 3194 5641 _ad
3243 5581 3298 5617 ιι.
3355 5561 3622 5641 7._snﬂmit

2035 5629 2472 5769 Elia-(pilorussex
2491 5629 2866 5705 'Datnasceno,
2899 5629 3068 5710 pro-ut
3116 5637 3374 5703 leguntur
3403 5632 3458 5686 in
3489 5629 3616 5686 Cat.

2081 5729 2140 5768 or
2190 5755 2201 5767 .
2241 5731 2294 5784 p.
2335 5729 2352 5768 ι
2404 5733 2453 5771 ο.
2859 5769 2874 5782 ,
