4050 6210
515 331 619 412 959
723 360 766 399 ο

1605 321 2012 386 THEODORI
2055 322 2609 386 MELITENIOT/E

3673 328 3779 393 960

517 449 611 507 sed
646 445 776 518 quia
807 446 953 520 regis
986 454 1116 504 sunt
1155 445 1462 516 imagines:
1492 443 1579 501 sic
1608 453 1666 499 et
1712 444 1807 500 ille
1858 441 2083 513 sanguis

2202 457 2297 505 ρες,
2328 441 2472 496 οὕτω
2516 441 2580 510 δὴ
2626 438 2721 495 καὶ
2749 438 2809 494 τὸ
2840 435 2984 511 αἷμα
3023 440 3201 496 ἐκεῖνο
3229 443 3290 497 τὸ
3319 443 3658 518 ἀναίσθητον
3689 453 3780 503 καὶ

517 539 801 595 insensilis
831 548 887 594 et
913 538 1172 594 inanimis
1215 538 1496 592 animatos
1531 536 1759 592 salvavit
1803 536 2084 598 homines,

520 644 633 684 non
659 631 788 700 quia
822 631 1045 699 sanguis
1067 637 1208 692 erat,
1233 627 1330 683 sed
1353 627 1480 698 quia
1503 627 1772 683 Dominici
1799 626 2087 697 sanguinis

519 722 710 791 ﬁgura.
761 721 880 777 Jam
924 721 973 774 si
1011 721 1159 776 illius
1213 719 1383 791 ﬁgura
1436 730 1644 774 tantam
1705 720 1818 773 vim
1867 719 2085 782 habuit,

519 815 695 868 multo
726 815 987 882 majorem
1035 816 1258 868 veritas.
1309 815 1366 867 Si
1413 815 1639 883 angelus
1684 812 1864 866 visum
1899 811 2088 882 ﬁgurat

521 905 844 972 sanguinem
898 906 1174 958 reveritus
1215 915 1320 971 est,
1375 906 1550 959 multo
1585 906 1758 975 magis
1813 905 2086 967 diabolus,

520 997 877 1054 veritatis,id
932 1008 1016 1050 est
1064 996 1268 1052 Christi
1320 1000 1643 1068 sanguinem
1697 999 1914 1060 videns,
1979 1012 2088 1050 non

520 1089 703 1156 ianuis
758 1088 1090 1155 inspersum.
1149 1091 1242 1141 sed
1294 1089 1376 1141 ori
1430 1089 1698 1153 ﬁdelium,
1750 1089 1954 1158 januis,
2007 1089 2090 1141 in-

448 1213 450 1216 ›
520 1193 706 1245 quam,
739 1178 968 1232 animali
1007 1180 1196 1248 templi
1231 1179 1348 1243 Dei,
1385 1179 1557 1251 fugiet
1583 1181 1852 1251 longeque
1882 1196 1940 1238 se
1964 1181 2093 1236 sub-

520 1273 706 1324 ducet.

595 1363 683 1417 12.
722 1363 823 1418 llic
845 1365 974 1418 novi
999 1364 1252 1420 sacriﬁcii
1288 1367 1512 1435 sanguis
1531 1368 1742 1422 effusus
1773 1368 2092 1424 universum

521 1455 787 1509 mundum
844 1457 1040 1511 abluit.
1086 1458 1320 1527 Sanguis
1363 1459 1456 1514 hic
1503 1461 1556 1514 in
1608 1459 1802 1531 ﬁgura,
1837 1462 2001 1530 adyta
2037 1471 2096 1516 et

522 1543 724 1599 Sancta
769 1554 1087 1598 sanctorum
1138 1546 1503 1614 puriﬁcabat:
1540 1550 1763 1617 sanguis
1804 1550 1897 1604 hic
1941 1552 1996 1605 in
2032 1552 2097 1604 ﬁ-

423 1639 427 1643 ‘
522 1651 656 1706 gura
685 1638 854 1691 altare
888 1651 1119 1692 aureum
1171 1639 1592 1695 sanctilicabat:
1634 1642 1842 1711 absque
1879 1643 1988 1698 hoc
2037 1644 2091 1698 in

523 1727 798 1796 legalibus
827 1727 1056 1796 ﬁgurato
1101 1730 1393 1785 sacriﬁciis
1444 1747 1552 1784 non
1587 1732 1823 1788 audebat
1851 1734 2095 1802 pontifex

525 1803 583 1872 in
622 1817 780 1889 adyta
832 1820 1083 1888 ingredi:
1112 1824 1335 1892 sanguis
1363 1823 1452 1877 hic
1484 1823 1536 1877 in
1567 1824 1739 1894 ﬁgura
1782 1825 2097 1881 sacerdotes

524 1911 822 1967 ordinabat
864 1931 878 1968 :
927 1913 1018 1969 hic
1049 1917 1104 1968 in
1159 1914 1328 1984 ﬁgura
1364 1924 1586 1984 peccata
1625 1917 1909 1988 purgabat.
1941 1919 2094 1985 Quod

522 2003 575 2057 si
607 2003 653 2058 is
685 2005 738 2057 in
769 2004 939 2072 ﬁgura
975 2007 1136 2060 talem
1175 2017 1492 2076 tantamque
1517 2011 1628 2063 vim
1664 2011 1855 2064 habuit
1889 2020 2000 2064 tum
2040 2012 2094 2066 in

529 2096 732 2163 templo
772 2096 1152 2163 Hebraeorum,
1185 2110 1297 2153 tum
1344 2101 1506 2154 etiam
1552 2102 1608 2154 in
1642 2103 1820 2156 media
1864 2101 2098 2173 Egypto

531 2187 786 2254 [)OSIibUS
815 2189 1123 2255 inspersus,
1153 2199 1326 2243 multo
1372 2191 1546 2261 magis
1574 2207 1861 2262 postquam
1895 2193 2099 2249 veritas

529 2278 704 2338 venit,
749 2277 941 2330 umbra
991 2281 1368 2348 praeterlnpsa.
1411 2281 1468 2337 Si
1515 2283 1762 2337 umbram
1812 2293 2100 2350 tantopere

533 2382 685 2422 mors
722 2369 1034 2434 exhorruit,
1083 2371 1393 2435 veritatem,
1440 2388 1563 2435 oro,
1611 2373 1743 2444 quid
1784 2377 1838 2428 ni
1871 2375 2102 2430 extime-

537 2460 691 2513 scat?
727 2461 825 2516 ilic
851 2471 934 2516 est
959 2462 1267 2517 animarum
1295 2473 1607 2519 nostrarum
1640 2467 1788 2521 salus
1813 2485 1827 2521 :
1873 2467 1978 2522 hoc
2006 2468 2102 2522 de-

531 2553 772 2611 lectatur
801 2555 1006 2616 anima,
1031 2555 1137 2609 hoc
1161 2566 1414 2621 ornatur,
1443 2556 1547 2612 hoc
1577 2557 1948 2613 inflammatur
1973 2577 1988 2615 :
2011 2560 2101 2616 hic

527 2643 656 2709 igne
686 2644 1118 2714 splendidiorem
1164 2658 1403 2703 mentem
1440 2658 1686 2703 nostram
1723 2650 1904 2705 reddit
1935 2669 1948 2705 :
2011 2651 2102 2706 hic

535 2751 672 2790 auro
705 2737 1054 2808 fulgidiorcm
1087 2748 1332 2794 nostram
1375 2741 1612 2794 animam
1646 2742 1774 2796 facit
1811 2760 1825 2796 :
1876 2744 2102 2813 sanguis

535 2824 628 2880 hic
657 2827 952 2897 imaginem
983 2829 1142 2883 nobis
1171 2829 1420 2884 ﬁoridaru
1446 2840 1704 2900 operatur
1735 2842 1790 2884 et
1822 2833 2057 2902 regalem
2083 2851 2098 2888 :

536 2919 628 2974 hic
662 2921 1014 2991 pulchritudo
1064 2921 1465 2976 inaestimabilis
1503 2934 1584 2978 est
1613 2942 1626 2977 :
1659 2923 1749 2978 hic
1771 2923 2101 2982 ﬁacccscere

531 3018 732 3076 anima:
776 3018 1116 3072 nobilitatem
1155 3033 1261 3071 non
1305 3018 1460 3082 sinit,
1493 3019 1726 3089 irrigans
1758 3036 1876 3076 eam
1923 3021 2102 3076 conti-

2191 534 2397 604 ἄψυχον
2426 537 2554 598 τοὺς
2579 534 2760 605 ψυχὴν
2811 535 3038 606 ἔχοντας
3071 535 3396 606 ἀνθρώπους
3420 539 3528 593 ἔσω
3541 557 3654 601 τεν,
3684 543 3781 596 οὐκ

2189 625 2380 697 ἐπειδὴ
2405 624 2545 695 αἷμα
2572 621 2662 698 ἦν,
2694 624 2810 679 ἀλλ’
2841 625 3034 697 ἐπειδὴ
3062 627 3156 680 τοῦ
3188 628 3420 697 αἵματος
3449 630 3543 682 τοῦ
3584 631 3642 684 δε
3654 649 3781 683 σπο-

2189 716 2346 770 τικοῦ
2380 717 2553 780 τύπος
2596 713 2686 787 ἦν.
2746 715 2808 771 ΕΞ
2870 718 2926 771 δὲ
2979 719 3007 771 6
3063 718 3236 784 τύπος
3275 720 3442 774 αὑτοῦ
3493 723 3776 783 τοσαύτην

2193 807 2353 878 ἔσχεν
2377 811 2549 879 ίσχὺν,
2578 809 2760 879 πολλῷ
2791 810 2994 878 μᾶλλον
3025 811 3304 881 ήὰλήθεια
3335 811 3413 882 (1)
3436 827 3448 840 ·
3484 812 3580 866 είὸ
3603 815 3778 881 ἄγγε-

2190 903 2280 965 λος
2312 902 2433 956 ἰδὼν
2462 903 2522 955 τὸ
2553 897 2693 972 αἷμα
2723 903 2821 956 τοῦ
2851 904 3023 958 τύπου
3048 905 3273 975 ᾐδέσθη,
3299 903 3483 973 πολλῷ
3521 905 3779 973 parum

2191 993 2440 1055 διάϐολος
2467 992 2591 1046 ἰδὼν
2620 993 2679 1046 τὸ
2703 989 2841 1062 αἷμα
2867 994 2966 1060 τῆς
2996 993 3260 1062 ἀληθείας
3298 995 3360 1047 τὸ
3388 995 3482 1047 τοῦ
3514 994 3780 1063 Χριστοῦ.

2193 1086 2314 1153 ούχ¹ι
2349 1084 2547 1153 θύραις
2597 1085 3079 1153 ὲπικεχρισμένον,
3119 1084 3254 1138 ἀλλὰ
3286 1085 3363 1152 τῷ
3403 1087 3644 1153 στόματι
3672 1085 3784 1138 τῶν

2196 1175 2435 1238 πιστῶν,
2471 1177 2594 1237 ταῖς
2645 1175 2838 1243 θύραις
2870 1173 3015 1241 λέγω
3058 1173 3155 1226 τοῦ
3207 1175 3454 1245 ἐμψύχου
3497 1176 3634 1228 ναοῦ
3681 1173 3778 1228 τοῦ

2193 1263 2355 1329 θεοῦ,
2385 1264 2646 1332 φεύξεται
2686 1266 2783 1318 καὶ
2818 1263 3038 1335 μακράν
3080 1283 3183 1318 που
3220 1267 3538 1335 γενήσεται.

2272 1357 2360 1424 ιβ’.
2394 1356 2566 1410 Τοῦτο
2594 1356 2655 1409 τὸ
2685 1356 2786 1425 τῆς
2813 1357 3007 1424 καινῆς
3043 1357 3233 1420 θυσίας
3260 1354 3398 1426 αἷμα
3422 1357 3653 1427 ἐκχυθὲν
3682 1357 3785 1409 πᾶα

2197 1463 2296 1500 σαν
2321 1446 2419 1517 τὴν
2440 1447 2770 1516 οἰκουμένην
2803 1446 3064 1512 ἐξέπλυνε
3087 1460 3104 1474 ’
3133 1445 3292 1499 τοῦτο
3326 1447 3387 1498 τὸ
3417 1441 3558 1513 αἷμα
3588 1449 3648 1496 ἐν
3673 1448 3783 1506 τοῖς

2195 1538 2390 1599 τύποις
2432 1539 2500 1591 τὰ
2535 1539 2709 1592 ἄδυτα
2740 1540 2835 1592 καὶ
2861 1539 2928 1591 τὰ
2962 1541 3130 1606 Ἀγια
3152 1539 3264 1592 τῶν
3297 1536 3467 1605 ἀγίων
3497 1538 3743 1604 ἐκάθηρε
3765 1555 3780 1569 ·

2198 1631 2359 1684 τοῦτο
2387 1632 2448 1684 τὸ
2479 1626 2620 1701 αἷμα
2649 1631 2708 1683 ὲν
2737 1634 2853 1694 τοῖς
2890 1630 3086 1693 τύποις
3119 1631 3179 1684 τὸ
3210 1630 3445 1700 χρυσοῦν
3477 1629 3780 1696 θυσιαστὴ-

2203 1739 2318 1791 ριον
2346 1723 2541 1792 ἡγίασε
2570 1738 2583 1753 ο
2616 1721 2813 1775 τούτου
2846 1724 3021 1792 χωρὶς
3051 1723 3108 1774 ὲν
3139 1723 3263 1784 ταῖς
3289 1723 3549 1790 νομικοῖς
3573 1737 3780 1773 τυπου-

2203 1815 2368 1885 μένου
2398 1813 2614 1876 θυσίαις
2667 1814 2768 1868 οὐκ
2794 1815 2995 1882 ἐτόλμα
3027 1816 3055 1865 ὁ
3081 1813 3372 1884 ἀρχιερεὺς
3404 1813 3486 1874 είς
3512 1814 3585 1865 τὰ
3611 1812 3781 1867 ἄδυτα

2197 1903 2425 1956 εἰσιέναι
2451 1919 2465 1934 ·
2497 1903 2658 1956 τοῦτο
2703 1905 2766 1954 τὸ
2792 1899 2933 1970 αἷμα
2962 1904 3021 1956 ὲν
3051 1906 3162 1964 τοῖς
3199 1901 3392 1963 τύποις
3419 1902 3462 1954 ie
3475 1901 3609 1969 ρέας
3643 1902 3781 1968 ἒχειν

2201 1995 2405 2064 ροτὸνει
2429 2009 2444 2025 ⁶
2470 1995 2630 2048 τοῦτο
2665 1995 2943 2064 ἐκάθηρεν
2983 1994 3260 2064 ἁμαρτίας
3302 1995 3360 2046 ἐν
3405 1997 3520 2055 τοῖς
3566 1993 3776 2054 τύποις.

2199 2087 2265 2141 Et
2289 2085 2345 2138 δὲ
2376 2087 2434 2138 ὲν
2471 2088 2583 2147 τοῖς
2609 2085 2671 2138 τύ
2685 2103 2801 2148 ποις
2830 2085 3100 2152 τοσαύτην
3131 2084 3290 2153 ἔσχεν
3337 2083 3492 2151 ἰσχὺν
3517 2082 3582 2134 ἐν
3613 2100 3671 2134 τε
3702 2083 3776 2152 τῷ

2199 2178 2314 2247 ναῷ
2371 2178 2481 2230 τῶν
2519 2177 2811 2248 Ἐϐραίων,
2842 2177 2898 2229 ἐν
2961 2194 3020 2229 τε
3066 2175 3326 2243 Αἰγύπτῳ
3380 2175 3523 2244 μέση
3575 2175 3669 2228 ὅτε
3723 2177 3776 2226 αι

2201 2269 2355 2337 φλιαὶ
2392 2269 2662 2337 ἐχρίοντο,
2698 2268 2880 2338 πολλῷ
2912 2268 3116 2337 μᾶλλον
3149 2269 3238 2320 ὅτε
3262 2263 3471 2337 ἧλθενή
3519 2266 3770 2334 ἀλήθεια.

2198 2361 2299 2429 τῆς
2353 2361 2514 2422 σκιᾶς
2571 2359 3066 2428 παραδραμούσης.
3118 2357 3180 2410 Εἰ
3229 2355 3330 2426 τὴν
3366 2359 3525 2410 σκιὰν
3556 2356 3780 2417 οὖτωςό

2201 2451 2430 2514 θάνατος
2473 2450 2686 2520 ἔφριξε,
2719 2451 2818 2520 τὴν
2853 2451 3116 2520 ἀλήθειαν
3153 2449 3344 2518 αὐτὴν,
3371 2449 3494 2500 εὶπέ
3524 2465 3641 2517 μοι,
3671 2445 3782 2506 πῶς

2200 2545 2303 2597 οὐκ
2348 2544 2415 2598 ἂν
2463 2543 2743 2612 ὶφοσήθη;
2780 2540 2953 2596 Τοῦτο
2983 2543 3016 2613 ἡ
3050 2543 3294 2611 σωτηρία
3338 2541 3446 2593 τῶν
3493 2540 3782 2610 ἡμετέρων

2200 2632 2391 2703 ψυχῶν
2409 2648 2425 2664 ·
2453 2633 2628 2703 τούτῳ
2658 2632 2847 2702 ἥδεται
2870 2633 2904 2700 ἡ
2934 2632 3113 2702 ψυχή’
3136 2630 3313 2701 τούτῳ
3341 2630 3778 2692 καλλωπίζεται,

2200 2725 2378 2794 τούτῳ
2421 2722 2724 2795 πυροῦται·
2763 2722 2923 2776 τοῦτο
2956 2724 3130 2793 πυρὸς
3177 2723 3558 2792 λαμπρότερον
3620 2720 3780 2791 ἔργά-

2202 2815 2354 2878 {erat
2377 2816 2469 2868 τὸν
2492 2815 2616 2868 νοῦν
2645 2814 2739 2868 τὸν
2763 2815 3042 2886 ἡμέτερον
3065 2828 3082 2846 ο
3113 2814 3273 2867 τοῦτο
3312 2813 3538 2884 χρυσίου
3566 2812 3782 2880 φαιδρο-

2201 2907 2367 2976 τέραν
2414 2906 2510 2977 τὴν
2561 2906 2743 2977 ψυχὴν
2797 2910 2974 2958 ποιεῖ·
3009 2905 3170 2958 τοῦτο
3197 2905 3260 2957 ea
3295 2900 3435 2974 αἷμα
3465 2905 3566 2973 τὴν
3597 2903 3778 2956 είκόνα

2203 2999 2335 3068 ἡμῖν
2364 2998 2609 3069 ἀνθηρὰν
2638 2996 2934 3068 ἐργάζεται
2972 2995 3070 3067 τὴν
3107 2995 3392 3068 βασιλικήν
3415 3012 3432 3028 ⁸
3459 2996 3630 3048 τοῦτο
3656 2995 3780 3050 κάλ-

531 3124 643 3170 nno
665 3117 722 3162 et
762 3107 1072 3162 enutriens.
1105 3105 1239 3162 Nam
1280 3109 1507 3177 sanguis
1537 3085 1625 3164 ille
1650 3112 1744 3180 qui
1780 3129 1810 3166 a
1838 3113 1976 3168 cibis
2002 3129 2099 3166 no-

2205 3085 2296 3148 λος
2347 3086 2668 3155 ἀμήχανονο
2719 3086 2880 3138 τοῦτο
2928 3085 3394 3157 ἀπομαρανθῆναι
3448 3085 3548 3153 τῆς
3603 3085 3781 3155 ψυχῆς

532 3197 620 3254 bis
651 3208 893 3262 creatur,
927 3197 1071 3252 haud
1095 3199 1241 3253 illico
1268 3198 1525 3264 efﬁcitur,
1544 3203 1638 3255 sed
1665 3202 1812 3256 aliud
1836 3202 2100 3272 quiddam

534 3301 700 3344 antea
737 3290 815 3344 ﬁt.
852 3290 972 3344 Non
1009 3291 1084 3345 ita
1121 3301 1300 3346 tamen
1353 3291 1465 3354 hic,
1497 3294 1591 3348 sed
1627 3297 1864 3348 animam
1917 3296 2100 3350 statim

535 3383 750 3452 irrigat,
783 3391 838 3437 et
868 3399 1118 3455 magnam
1154 3382 1447 3454 quamdam
1480 3385 1591 3438 vim
1621 3387 1835 3441 inserit.
1869 3386 2106 3456 Sanguis

536 3473 628 3536 hic
665 3477 754 3529 vix
795 3475 1004 3531 cﬁ‘usus
1053 3478 1254 3532 malum
1308 3477 1574 3540 gradibile
1606 3478 1753 3533 fecit.
1798 3479 2106 3534 Tremenda

538 3583 670 3622 vere
703 3578 830 3622 sunt
869 3568 1132 3625 Ecclesiae
1161 3569 1365 3624 Christi
1413 3569 1709 3641 mysteria!
1761 3572 2102 3626 tremendum

534 3676 666 3717 vere
693 3663 864 3716 altare
895 3663 1008 3720 esti

611 3898 698 3954 15.
724 3899 1070 3954 Ascendebat
1093 3898 1161 3954 de
1195 3885 1450 3971 paradiso
1482 3904 1624 3966 fons.
1663 3908 1968 3962 malerialia
2004 3908 2106 3962 ﬁu-

539 3989 692 4072 mina
741 3998 1004 4045 erurtans
1038 4007 1053 4045 :
1087 4007 1153 4044 ex
1201 3991 1305 4045 har.
1353 4008 1508 4048 sacra
1545 4011 1731 4050 mensa
1784 3997 1909 4051 fons
1958 3999 2106 4058 salit.

540 4083 806 4150 Spiriialia
853 4081 1078 4137 ﬁumina
1128 4088 1404 4140 emittens.
1443 4088 1602 4142 Circa
1655 4089 1907 4144 divinum
1960 4091 2108 4144 hunc

539 4173 746 4233 fontem
777 4172 918 4226 haud
943 4173 1140 4228 salices
1169 4176 1524 4232 infructuosa:
1553 4180 1808 4247 plantatze
1834 4191 1983 4246 sunt,
2009 4181 2105 4236 sed

539 4263 768 4322 arbores
797 4263 862 4317 ad
895 4279 1067 4332 usque
1091 4266 1290 4320 cwlum
1319 4284 1440 4323 sese
1463 4270 1800 4333 attollentes,
1830 4275 2108 4342 tempesti-

536 4371 670 4410 vum
702 4355 947 4410 fructum
975 4358 1250 4413 habentes
1277 4375 1494 4430 semper
1525 4371 1583 4416 et
1613 4362 2106 4432 incorruptibilem.

2205 3179 2305 3244 τὴν
2325 3177 2605 3245 εὐγένειαν
2629 3178 2728 3230 οὐκ
2754 3177 3004 3245 ἀφίησιν,
3030 3177 3192 3246 ἀρδον
3229 3177 3401 3247 αὐτὴν
3423 3177 3668 3246 συνεχῶς
3693 3177 3780 3229 καὶ

2205 3271 2406 3339 τρέφον
2426 3284 2440 3299 ⁸
2466 3271 2526 3322 τὸ
2559 3269 2656 3337 μὲν
2690 3269 2797 3338 γὰρ
2843 3269 2952 3344 ἀπὸ
2981 3269 3090 3320 τῶν
3139 3269 3326 3322 σιτίων
3361 3271 3495 3338 ἡμῖν
3528 3264 3676 3337 αἷμα
3701 3284 3778 3335 τι·

2206 3363 2452 3431 νόμενον,
2475 3361 2577 3413 οὐκ
2626 3360 2830 3422 εὐθέως
2873 3361 3033 3414 τοῦτο
3062 3360 3298 3426 γίνεται,
3335 3361 3450 3414 ἀλλ’
3477 3362 3671 3431 ἕτερόν
3693 3378 3741 3414 τι
3762 3377 3778 3394 ο

2205 3452 2363 3507 τοῦτο
2389 3454 2445 3506 δὲ
2475 3454 2574 3523 οὐχ
2603 3452 2799 3516 οὕτως,
2839 3453 2956 3506 ἀλλ’
2993 3455 3200 3516 εὐθέως
3254 3458 3354 3523 τὴν
3396 3454 3575 3524 ψυχὴν
3609 3455 3776 3524 ἄρδει,

2207 3547 2301 3600 καὶ
2328 3546 2572 3612 μεγάλην
2603 3545 2726 3597 τινὰ
2775 3533 3009 3614 δύναμιν
3057 3547 3297 3614 ἐμποιεῖ.
3331 3545 3505 3599 Τοῦτο
3548 3546 3774 3617 ἐξεχύθη

2207 3639 2268 3692 τὸ
2302 3634 2465 3706 αἷμα,
2489 3639 2583 3690 καὶ
2610 3637 2702 3690 τὸν
2729 3639 2962 3707 οὐρανὸν
2985 3639 3213 3707 ἐποίησε
3246 3639 3431 3708 parm.
3463 3641 3680 3707 Φρικτά
3700 3640 3780 3692 δν-

2206 3746 2314 3790 τως
2345 3731 2415 3782 τὰ
2445 3729 2722 3800 μυστήρια
2759 3730 2863 3798 τῆς
2898 3728 3227 3799 Ἐκκλησίας
3259 3731 3522 3802 Χριστοῦ*
3557 3733 3778 3804 φρικτὸν

2206 3824 2376 3884 ὅντως
2408 3823 2470 3875 τὸ
2500 3821 2909 3892 θυσιαστήριον.

2283 3918 2374 3978 ιγ’.
2433 3911 2745 3964 Ἀνέὸαινεν
2794 3914 2862 3964 ὲκ
2909 3911 3004 3964 τοῦ
3052 3913 3384 3983 παραδείσω
3425 3915 3578 3985 πηγὴ
3615 3932 3777 3970 ποτα·

2213 4003 2346 4072 μους
2369 4003 2665 4072 αἰσθητοὺς
2689 4005 2914 4069 ἀφιεῖσα
2939 4019 2951 4032 ·
2977 4004 3088 4056 ἀπὸ
3123 4006 3222 4074 τῆς
3247 4005 3398 4074 ἱερᾶς
3428 4005 3635 4074 ταύτης
3661 4023 3780 4074 τρα-

2212 4095 2382 4163 πέζης
2403 4094 2577 4148 ἄνεισι
2609 4095 2761 4162 πηγὴ
2796 4093 3077 4160 ποταμοὺς
3103 4095 3330 4162 ἀφιεῖσα
3355 4097 3777 4166 πνευματικούςο

2211 4188 2361 4256 παρά
2393 4186 2598 4254 ταύτην
2647 4185 2745 4254 τὴν
2777 4185 2933 4238 θείαν
2967 4187 3152 4256 πηγὴν
3197 4190 3598 4257 πεφυτευμέναι
3648 4191 3778 4242 εἰσὶν

2209 4282 2309 4332 οὐκ
2330 4279 2473 4331 ἰτέαι
2495 4279 2756 4345 ἄκαρποι,
2782 4277 2920 4328 ἀλλὰ
2941 4277 3136 4348 δένδρα
3164 4279 3296 4348 πρὸς
3323 4281 3487 4332 αὑτὸν
3510 4281 3778 4349 φθάνοντα

2210 4368 2302 4420 τὸν
2337 4366 2586 4434 οὐρανὸν,
2614 4367 2826 4437 καρπὸν
2857 4367 3054 4437 ἔχοντα
3106 4367 3315 4436 ὦριμον
3366 4371 3456 4423 ἀεὶ
3502 4371 3599 4424 καὶ
3644 4375 3780 4441 ἁμά-

539 4451 596 4511 b‘i
631 4452 756 4521 quis
790 4462 1006 4517 aestuat,
1040 4457 1109 4508 ad
1142 4455 1288 4508 hunc
1317 4455 1522 4511 fontem
1550 4459 1753 4523 veniat,
1787 4469 1842 4513 et
1865 4461 2099 4514 calorem

2212 4473 2425 4526 ραντον.
2460 4456 2526 4508 Εἴ
2558 4473 2644 4518 τις
2690 4455 3008 4521 muco-“atat,
3047 4461 3199 4526 παρὰ.
3231 4458 3435 4529 ταύτην
3468 4461 3657 4528 ἡκέτω
3685 4462 3776 4529 τὴν

539 4541 884 4610 refrigeret:
944 4544 1088 4598 levat
1125 4546 1274 4599 enim
1332 4548 1708 4610 wstuationes,
1763 4558 1819 4603 et
1875 4550 2104 4602 ardores

533 4652 724 4692 omnes
765 4646 1056 4706 temperat,
1109 4655 1217 4694 non
1269 4655 1366 4694 eos
1406 4639 1509 4709 "qui
1545 4657 1576 4694 a
1614 4641 1751 4705 sole,
1783 4641 1878 4695 sed
1925 4644 2017 4709 qui
2072 4659 2103 4698 a

535 4731 737 4785 diaboli
776 4733 902 4785 telis
954 4733 1128 4801 igneis
1167 4750 1183 4787 :
1240 4747 1479 4798 namque
1512 4732 1779 4800 originem
1811 4733 2101 4788 desursum

534 4825 724 4887 habet,
756 4834 813 4878 et
862 4825 988 4878 inde
1026 4825 1288 4886 radicem,
1322 4824 1467 4878 unde
1514 4834 1569 4877 et
1602 4826 1882 4894 irrigatur.
1921 4825 2104 4879 Multi-

535 4933 647 4985 que
678 4926 805 4969 sunt
838 4917 1002 4984 hujus
1033 4917 1202 4968 fontis
1231 4915 1418 4976 rivuli,
1444 4932 1581 4982 quos
1615 4917 1819 4970 emittit
1849 4915 2102 4970 Paraclc-

541 5022 669 5065 tus:
703 5020 758 5064 et
783 5009 1053 5062 mediator
1082 5007 1257 5061 Filius
1289 5018 1394 5069 cst,
1448 5008 1592 5062 haud
1636 5009 1873 5078 ligonem
1911 5020 2104 5064 tenens

537 5102 793 5170 viamque
824 5104 1102 5160 muniens,
1122 5100 1216 5153 sed
1240 5100 1498 5153 affectum
1531 5111 1777 5155 nostrum
1807 5102 2099 5158 suscitans.

541 5193 642 5247 llic
681 5202 766 5246 cst
797 5190 1258 5244 honoratissimus
1298 5191 1444 5252 fons,
1479 5192 1640 5250 lucis.
1681 5193 1929 5259 inquam,
1959 5194 2104 5256 fons,

539 5285 788 5339 veritatis
840 5285 1022 5337 radios
1049 5283 1346 5351 ejaculans.
1391 5282 1775 5338 Venerabilem
1813 5287 1957 5338 hunc
1988 5286 2108 5338 fon-

541 5386 650 5432 tem
682 5391 943 5444 superna:
976 5391 1196 5444 quoque
1231 5375 1468 5430 virtutes
1510 5376 1947 5434 circumsistunt.
1980 5377 2102 5444 pulo

537 5469 908 5524 chritudinem
964 5467 1297 5522 ﬂuentorqu
1351 5469 1472 5538 ejus
1528 5469 1814 5522 mirantes.
1870 5468 1988 5522 Non
2049 5478 2104 5522 et

545 5561 749 5618 clarius
833 5577 998 5631 quam
1073 5576 1176 5616 nos
1243 5561 1428 5616 vident
1492 5561 1615 5632 lillac
1697 5560 2104 5630 prapositorum

2205 4549 2411 4618 πηγὴν,
2438 4550 2528 4600 καὶ
2561 4548 2924 4618 καταψυχὲτω
2963 4551 3055 4603 τὸν
3087 4556 3327 4604 καύσονα
3348 4568 3361 4581 ⁶
3400 4554 3621 4622 καὶγὰρ
3648 4555 3775 4621 uix-

2209 4643 2342 4710 μους
2382 4641 2520 4701 λύει,
2547 4640 2652 4694 καὶ.
2686 4642 2753 4694 τὰ
2782 4641 2978 4711 διακαῆ
3032 4643 3214 4698 πάντα
3247 4644 3679 4713 παραμυθεῖται,
3715 4645 3771 4694 ού

2203 4736 2274 4787 τὰ
2304 4737 2360 4799 ἐξ
2393 4735 2567 4802 ἡλίου,
2597 4734 2733 4786 ἀλλά
2767 4734 2833 4786 τά
2865 4735 2973 4786 ἀπὸ
3024 4735 3130 4786 τῶν
3181 4736 3272 4788 τοῦ
3323 4737 3570 4791 διαὸόλου
3608 4738 3773 4807 βελῶν

2205 4827 2314 4878 τῶν
2345 4828 2766 4895 πεπυρωμένων
2787 4839 2800 4856 ⁸
2827 4828 2922 4879 καὶ⁹
2946 4827 3054 4896 γὰρ
3079 4829 3180 4896 τὴν
3205 4829 3381 4899 ἀρχὴν
3407 4830 3618 4884 ἀνωθεν
3638 4831 3768 4899 ἔχει,

2205 4921 2299 4971 καὶ
2323 4921 2420 4988 τὴν
2444 4920 2599 4988 ῥίζαν
2627 4921 2854 4982 ἐκεῖθεν,
2885 4920 3007 4972 ὅθεν
3037 4921 3130 4971 καὶ
3154 4920 3398 4986 ἄρδεται.
3439 4924 3630 4975 Πολλοὶ
3650 4923 3771 4974 ταύ-

2202 5027 2301 5079 της
2343 5013 2440 5078 τῆς
2487 5009 2674 5078 πηγῆς
2703 5012 2753 5061 οἱ
2789 5010 3014 5078 ρύακες.
3044 5012 3137 5073 οὓς
3165 5014 3392 5080 ἀφίησιν
3422 5017 3452 5066 ὁ
3490 5015 3768 5084 ίιαράκλη-

2201 5117 2292 5162 τος
2314 5115 2328 5129 ·
2365 5100 2460 5151 καὶ
2495 5102 2722 5170 μεσίτης
2754 5102 2784 5153 ὁ
2814 5100 2940 5162 Υἱὸς
2975 5101 3212 5168 γίνεται,
3239 5104 3300 5154 οὐ
3349 5103 3603 5155 δίκελλαν
3638 5107 3769 5172 ἔχων

2206 5191 2490 5250 ὁδοποιῶν,
2521 5191 2660 5243 ἀλλὰ
2681 5189 2780 5260 τὴν
2811 5190 3053 5242 διάθεσιν
3074 5191 3309 5259 ἀνοίγων
3337 5192 3436 5262 τὴν
3461 5193 3594 5262 παρ’
3618 5195 3764 5262 ἡμῖν.

2207 5283 2358 5350 Αὕτη
2391 5284 2424 5352 ἡ
2452 5283 2722 5350 πάντιμος
2767 5283 2916 5350 πηγὴ
2953 5281 3129 5348 φωτός
3179 5285 3296 5336 ἐστι
3339 5282 3512 5354 πηγὴ,
3538 5284 3764 5336 ἀναὸλύο

2209 5374 2375 5437 ζουσα
2406 5375 2503 5443 τῆς
2552 5373 2809 5440 ἀληθείας
2845 5373 3092 5434 ἀκτῖνας.
3145 5373 3331 5446 Ταύτῃ
3379 5379 3446 5446 τῇ
3496 5375 3766 5443 σεϐασμίᾳ

2209 5471 2360 5538 πηγῇ
2413 5468 2508 5520 καὶ
2553 5467 2611 5517 αί
2659 5467 2771 5519 ἀνω
2809 5465 3195 5534 παρεστήκασι
3229 5466 3506 5537 δυνάμεις,
3549 5468 3680 5535 πρὸς
3709 5461 3765 5516 τὸ

2213 5557 2412 5620 κάλλος
2440 5557 2706 5628 ὲνορῶσαι
2735 5557 2842 5611 τῶν
2879 5553 3112 5626 ῥείθρων
3133 5571 3146 5586 ·
3171 5557 3360 5630 ἐπειδὴ
3389 5559 3482 5613 καὶ
3512 5560 3767 5628 eastwa-

615 5743 914 5814 (l)Confer
948 5743 1424 5816 Chrysostomum,
1450 5749 1492 5797 t.
1513 5737 2122 5802 Vll.hotnil.LXYYll.
2166 5740 2213 5803 l,
2246 5739 2300 5794 in
2330 5737 2520 5796 Matth.
