4050 6210
243 260 345 325 961

1540 260 1883 323 ETIIltION
1929 260 2095 322 VIII.

3409 267 3516 335 962

239 394 336 449 ρον
376 381 534 450 ἡμῶν
580 381 788 435 ἐκεῖναι
839 381 949 435 τῶν
1005 374 1388 451 προκειμένων
1420 372 1692 443 θεωροῦσι
1723 373 1825 444 τὴν

1932 385 2233 426 munerum
2291 371 2404 426 vim
2460 386 2768 448 eorumque
2816 378 3145 449 splendores
3176 380 3512 440 inaccessos.

237 471 493 542 δύναμιν,
552 474 649 527 καὶ
698 476 798 535 τὰς
856 471 1235 544 μαρμαρυγὰς
1288 468 1389 530 τὰς
1441 466 1775 536 ἀπροσίτους
1806 482 1821 497 ⁹

238 563 285 618 ὦ
320 581 427 633 περ
465 566 573 634 γὰρ
597 563 802 635 χρυσοῦ
841 563 1168 633 τηκομένου,
1195 561 1260 614 ἄν
1293 576 1355 614 τε
1394 559 1492 627 τὴν
1540 556 1702 627 χεῖρά
1742 574 1826 621 τις

236 656 496 727 ἐμϐάλοι,
522 655 591 709 ἂν
624 673 682 708 τε
715 655 815 725 τὴν
841 655 1113 723 γλῶτταν,
1146 655 1361 723 χρυσῆν
1398 648 1605 711 εὐθέως
1654 648 1826 716 αὐτὴν

237 748 501 817 ιποέησεν
523 765 536 779 ·
564 748 709 801 οὕτω
741 748 805 819 δὴ
855 752 949 800 καὶ
982 746 1217 799 ἐνταῦθα
1250 743 1349 814 τὴν
1383 742 1563 812 ψυχὴν
1599 739 1826 810 ἐργάζε-

236 857 327 892 ται
353 838 423 892 τὰ
456 839 825 908 προκείμεναθ
852 838 1043 902 ἁναζεῖ
1080 837 1180 908 μὲν
1229 836 1338 904 γὰρ
1372 835 1546 905 πυρὸς
1599 834 1829 904 σφοδρὸ-

236 946 397 999 τερον
426 932 454 982 6
481 931 743 996 πανάγιος
775 923 930 993 οὗτος
959 928 1227 997 ποταμὸς,
1261 926 1379 980 ἀλλ’
1403 926 1465 979 οῦ
1494 925 1662 986 καίει,
1688 924 1827 979 ἀλλὰ

242 1021 497 1091 βαπτίζει
534 1023 695 1092 μόνον
738 1023 877 1091 ὅπερ
929 1021 996 1074 ἂν
1026 1020 1189 1090 λάϐῃ.
1236 1019 1407 1071 Τοῦτο
1435 1017 1496 1070 τὸ
1534 1016 1827 1088 ἱερώτατον

241 1109 381 1183 αἷμα
405 1115 613 1168 ἄνωθεν
647 1113 1027 1183 προετυποῦτο
1074 1115 1162 1166 ἀεὶ
1196 1115 1255 1165 ὲν
1299 1113 1732 1183 θυσιαστηρίοις,
1769 1112 1828 1162 ἐν

239 1206 468 1260 δικαίων
512 1209 789 1274 σφαγαῖς⁹
838 1205 1000 1257 τοῦτο
1029 1205 1062 1271 ἡ
1116 1203 1252 1274 τιμὴ
1306 1204 1406 1269 τῆς
1458 1202 1824 1272 οἰκουμένης·

242 1296 421 1367 τούτῳ
466 1297 709 1366 ἠγόρασε
761 1295 860 1365 τὴν
921 1294 1249 1363 Ἐκκλησίαν
1276 1298 1304 1348 6
1338 1293 1574 1365 Χριστός
1604 1309 1619 1325 ·
1648 1296 1827 1363 τούτῳ

244 1385 672 1455 κατεκόσμησεν
705 1386 878 1454 αὐτὴν
908 1387 1127 1439 ἃπασαν
1153 1400 1167 1415 ο
1192 1384 1452 1453 καοάπερ
1477 1384 1586 1453 γὰρ
1612 1383 1827 1453 ἀνθρωσ

243 1495 345 1540 πος
375 1478 593 1539 οἰκέτας
619 1476 951 1544 ὠνούμενος,
997 1476 1181 1543 δίδωσι
1214 1476 1463 1545 χρυσίον,
1500 1476 1593 1527 καὶ
1621 1475 1831 1528 καλλω-

244 1571 402 1621 πίσαι
432 1568 595 1622 πάλιν
624 1569 756 1622 αὐτο
771 1568 830 1630 ὺς
865 1567 1215 1639 βουλόμενος,
1244 1565 1431 1638 χρυσῷ
1460 1568 1619 1619 τοῦτο
1650 1569 1826 1620 ποιεῖ’

242 1660 388 1713 οὕτω
444 1660 536 1713 καὶ
596 1662 624 1713 6
684 1659 919 1728 Χριστὸς
983 1659 1257 1729 ἠγόρασεν
1312 1660 1461 1729 ἡμᾶς
1516 1660 1709 1727 αἵματι
1749 1659 1828 1731 τῷ

240 1752 451 1821 οἰκείῳ,
483 1751 575 1803 καὶ
610 1751 916 1821 ἐκόσμησεν
943 1752 1089 1819 ἡμᾶς
1120 1750 1294 1821 τούτῳ
1328 1751 1402 1821 τῷ
1429 1752 1644 1821 αἵματι.

316 1842 398 1898 ιδ’.
425 1843 754 1913 Προσέωμεν
785 1842 966 1895 τοίνυν
994 1844 1060 1913 τῇ
1094 1846 1332 1913 μυστικῇ
1373 1844 1547 1916 ταύτῃ
1573 1844 1828 1916 τραπέζῃ

246 1932 386 2003 μετὰ
418 1936 621 1996 παντὸς
650 1934 839 2003 φόϐου,
867 1938 961 1987 καὶ
1012 1935 1375 2005 συνειδήσεως
1427 1938 1700 2005 καθαρᾶς,
1734 1939 1829 1991 καὶ

242 2028 572 2081 ἁδιστάκτου
612 2028 875 2094 πίστεως,
933 2029 1028 2082 καὶ
1082 2028 1264 2082 πάντα
1314 2029 1468 2081 ἔσται
1498 2030 1633 2097 ἡμῖν
1688 2030 1827 2082 mox

246 2121 576 2191 πιστεύομεν
627 2122 703 2192 μὴ
736 2121 1101 2186 διστάζοντες.
1133 2123 1206 2174 T6
1238 2121 1294 2174 δὲ
1328 2122 1650 2192 προσελθεῖν
1686 2123 1828 2191 μετὰ

246 2215 486 2275 πίστεως
516 2212 575 2265 οὐ
629 2213 689 2264 τὸ
737 2212 925 2265 λαϐεῖν
981 2213 1100 2265 ἐστι
1140 2214 1304 2283 μόνον
1338 2216 1397 2267 τὸ
1439 2214 1825 2283 προκείμενον,

242 2305 386 2359 ἀλλὰ.
432 2306 527 2360 καὶ
575 2304 637 2359 τὸ
687 2306 829 2377 μετὰ
884 2306 1132 2376 καθαρᾶς
1173 2308 1400 2377 καρδίας
1456 2308 1738 2376 ἂψασθαν
1767 2307 1828 2359 τδ

243 2397 391 2451 οὕτω
419 2397 751 2465 δακεῖσθαι,
790 2399 865 2461 ὡς
916 2399 1066 2469 αὐτῷ
1115 2401 1442 2471 προσιόντας
1463 2401 1541 2470 τῷ
1563 2400 1785 2471 Χριστῷ
1811 2416 1823 2429 ·

240 2490 295 2542 τί
321 2491 453 2559 γὰρ,
489 2492 536 2542 εξ
569 2490 644 2561 μὴ
686 2493 873 2561 φωνῆς
907 2490 1206 2561 ἀκούομεν,
1240 2492 1620 2562 φθεγγομένου
1662 2492 1826 2544 αὑτοῦ

239 2583 331 2635 διὰ
363 2582 475 2636 τῶν
506 2583 952 2652 εὑαγγελιστῶν;
989 2584 1350 2650 Ιιιστεύωμεν
1379 2578 1473 2636 οὖν
1500 2585 1583 2635 δτι
1607 2583 1702 2635 καὶ
1734 2581 1827 2634 νῦν

240 2676 423 2727 ἐκεῖνο
458 2674 521 2729 τδ
564 2676 782 2729 δεῖπνόν
814 2676 987 2741 ἐστιν,
1014 2676 1072 2728 ὲν
1104 2669 1147 2743 ᾧ
1179 2676 1276 2728 καὶ
1323 2673 1487 2737 αὐτὸς
1534 2675 1786 2727 ἀνέκειτο
1809 2688 1823 2701 ·

239 2767 400 2820 οὶδὲν
430 2767 539 2839 γὰρ
571 2768 746 2820 ἐκεῖνο
774 2767 964 2822 τούτου
996 2769 1307 2839 διενήνοχεν
1328 2784 1343 2800 ο
1376 2768 1497 2821 οὐδὲ
1533 2769 1640 2838 γὰρ
1668 2767 1828 2820 τοῦτο

241 2860 345 2927 μὲν
375 2858 665 2929 ἄνθρωπος
692 2859 1011 2929 ἐργάζεται,
1047 2863 1225 2913 ἐκεῖνο
1243 2860 1299 2913 δὲ
1331 2861 1495 2923 αὐτὸς
1519 2862 1546 2914 6
1568 2859 1825 2930 Χριστὸς,

242 2950 385 3003 ἀλλὰ
419 2952 518 3003 καὶ
553 2950 713 3004 τοῦτο
761 2952 985 3005 κάκεῖνο
1014 2953 1043 3004 6
1077 2952 1261 3016 αὑτός.
1294 2932 1466 3005 Ὅταν
1509 2951 1689 3004 τοίνυν
1735 2951 1828 3005 τὸν

243 3044 401 3112 ἱερέα
432 3042 734 3096 ἐπιδιδόντα
762 3046 893 3113 ἡμῖν
922 3047 1147 3113 ἴδωμεν,
1186 3044 1265 3116 μὴ
1290 3044 1383 3098 τὸν
1407 3043 1558 3113 ἱερέα
1588 3042 1826 3111 νομίζω-

245 3153 375 3203 μεν,
426 3136 519 3188 τὸν
569 3136 731 3190 τοῦτο
782 3136 1069 3204 ποιοῦντα,
1094 3138 1230 3190 ἀλλὰ
1264 3138 1364 3208 τὴν
1400 3136 1639 3208 Χριστοῦ
1669 3139 1826 3207 χεῖρα

239 3228 345 3295 τὴν
375 3229 764 3300 ἐκτεινομένην
788 3244 802 3259 °
831 3228 1024 3301 ὥσπερ
1056 3230 1166 3300 γὰρ
1195 3230 1327 3283 ὅταν
1357 3228 1692 3299 βαπτίζηται
1720 3245 1825 3290 τις.

240 3320 343 3387 οὐχ
373 3321 400 3371 6
434 3321 614 3390 ἱερεὺς
650 3320 767 3373 ἀλλ’
801 3321 828 3372 6
864 3322 998 3384 Θεός
1055 3321 1204 3373 ἐστιν
1254 3324 1282 3373 6
1330 3321 1582 3389 κατέχων
1630 3320 1824 3372 τούτου

241 3411 342 3480 τὴν
374 3411 622 3482 κεφαλὴν
654 3412 874 3484 ἀοράτῳ
902 3411 1155 3482 δυνάμει,
1184 3413 1279 3464 καὶ
1302 3412 1425 3464 οὔτε
1448 3411 1678 3479 ἄγγελος
1702 3410 1825 3463 οὔτε

240 3502 590 3571 ἀρχάγγελος
625 3503 750 3556 οὔτε
806 3504 966 3566 ἄλλος
1011 3520 1097 3566 τις
1130 3502 1310 3573 τολμᾷ
1362 3501 1686 3570 προσελθεῖν
1737 3503 1824 3555 καὶ

239 3594 490 3663 ἅψασθαι
519 3611 533 3627 ⁸
562 3594 704 3648 οὕτω
728 3596 826 3648 καὶ
858 3596 954 3648 νῦν
976 3596 1206 3663 γίνεται.
1238 3594 1349 3648 Καὶ
1365 3594 1525 3663 δῆλον
1551 3594 1824 3646 ἐντεῦθεν·

239 3684 317 3747 ὡς
347 3684 459 3757 γὰρ
494 3686 552 3738 ὲν
602 3686 679 3757 τῷ
734 3686 1079 3756 βαπτίσματι
1125 3686 1185 3739 οὐ
1221 3686 1376 3754 λέγει
1402 3688 1429 3739 6
1468 3687 1668 3755 ἱερεὺς,
1718 3687 1825 3738 Βα-

238 3776 420 3840 πτιζω
449 3777 539 3829 τὸν
561 3777 730 3844 δεῖνα,
766 3778 901 3831 ἀλλὰ
939 3778 1269 3843 Βαπτίζεται
1300 3778 1399 3848 (ι),
1432 3778 1649 3841 πάντως
1677 3778 1829 3848 παρὰ

238 3869 343 3937 τῆς
398 3868 733 3939 ἀδιαιρέτου
772 3874 870 3923 καὶ
917 3871 1212 3940 ὁμοουσεου
1244 3870 1478 3933 Τριάδος
1506 3885 1520 3899 ·
1547 3869 1638 3921 τὸν
1664 3869 1828 3921 αὐτὸν

237 3961 297 4020 δὲ
324 3964 525 4031 τρόποι
559 3964 841 4017 κάνταῦθα
876 3964 937 4017 οὐ
989 3964 1164 4033 λέγει,
1193 3963 1319 4017 Θύω
1364 3962 1476 4031 ἐγὼ
1525 3962 1619 4015 τὸν
1654 3962 1828 4032 ἀμνὸν

237 4052 337 4104 τοῦ
369 4054 529 4118 Θεοῦ,
570 4055 935 4109 ἀλλὰΘύεται
967 4058 1185 4127 δάμνδς
1222 4056 1317 4111 τοῦ
1353 4055 1511 4121 Θεοῦ,
1553 4056 1713 4120 αὐτὸς
1738 4057 1828 4110 οὖν

238 4162 332 4207 τος
360 4144 562 4216 δηλαδῆ
617 4147 814 4201 ἑαυτὸν
863 4149 1176 4219 ἱερουργῶν
1207 4148 1429 4219 εὐδοκία
1467 4148 1703 4217 Πατρδς,
1731 4148 1828 4199 κα)⁸

242 4233 513 4305 συνεργίᾳ
563 4234 657 4287 τοῦ
697 4236 860 4304 ἁγίου
918 4237 1277 4307 Πνεῦματος·
1330 4238 1425 4290 καὶ
1460 4236 1626 4304 θύτης
1677 4234 1752 4289 ὢν
1803 4238 1829 4288 6

241 4327 426 4389 αὐτὸς,
455 4327 551 4378 καὶ
582 4326 755 4399 θῦμα,
795 4330 889 4382 καὶ
920 4328 1382 4400 προσδεχόμενος,
1406 4328 1500 4382 καὶ
1527 4328 1829 4396 διαδιδόμε-

240 4436 353 4482 νος.

318 4514 399 4569 ιε’.
424 4515 523 4569 Διὰ
553 4515 710 4567 τοῦτο
743 4513 819 4578 ὡς
853 4513 928 4583 τῷ
958 4513 1181 4585 Χριστῷ
1209 4513 1289 4583 τῷ
1339 4513 1476 4583 ἱερεῖ
1525 4511 1828 4581 προσερχό-

247 4625 423 4677 μενοι,
452 4608 782 4678 τιμήσωμεν
814 4609 966 4678 πάσῃ
996 4605 1336 4673 καθαρότητι
1382 4604 1479 4657 τοῦ
1528 4603 1735 4672 Κυρίου
1767 4603 1828 4654 τὸ

246 4698 428 4769 σῶμα,
461 4699 671 4769 ψυχικῇ
700 4717 759 4753 τε
792 4702 887 4752 καὶ
918 4700 1208 4768 σωματικῇ
1234 4713 1247 4727 ⁸
1272 4696 1498 4749 διπλοῦν
1532 4696 1642 4765 γάρ
1674 4697 1793 4748 ἐστι
1813 4710 1829 4725 ο

242 4792 641 4862 προσέλθωμεν
672 4793 820 4862 αὐτῷ
856 4793 1008 4864 πόθῳ
1057 4790 1293 4853 διακαεῖ,
1325 4787 1420 4841 καὶ
1467 4787 1832 4858 σταυροειδὼς

240 4884 340 4945 τὰς
375 4884 634 4953 παλάμας
669 4884 1121 4946 τυπώσαντες.τὸ
1149 4882 1312 4950 σῶμα
1334 4878 1428 4932 τοῦ
1472 4876 1833 4946 ἐσταυρωμέ-

242 4993 339 5028 νου
395 4975 820 5044 ὑπτοδεξώμεοα⁴
876 4975 969 5026 καὶ
1023 4973 1306 5035 ἐπιθέντες
1360 4969 1675 5038 ὀφθαλμοὺς
1731 4968 1827 5018 καὶ

244 5067 403 5135 χείλη
452 5067 549 5118 καὶ
588 5066 837 5135 μέτωπα,
865 5065 957 5116 τοῦ
988 5063 1137 5115 θείου
1186 5062 1459 5130 ἄνθρακος
1510 5057 1827 5129 μεταλάϐω-

247 5156 541 5223 μεν,δπως
590 5154 904 5222 καταφλέξῃ
932 5154 1028 5215 τὰς
1063 5152 1339 5221 ἁμαρτίας
1385 5151 1566 5219 ἡμῶν,
1591 5150 1685 5201 καὶ
1718 5166 1828 5216 φω-

243 5246 373 5316 rion
408 5245 505 5307 τὰς
533 5246 762 5316 καρδίας
799 5246 980 5315 ἡμῶν,
1016 5247 1112 5297 καὶ
1140 5246 1207 5313 τῇ
1259 5242 1519 5312 μετουσία
1551 5241 1645 5293 τοῦ
1681 5240 1825 5292 θείου

245 5340 423 5406 πυρὸς
469 5338 848 5408 πυρωοῶμεν·
881 5337 930 5389 οἱ
964 5336 1073 5406 γὰρ
1116 5334 1307 5387 τούτου
1345 5334 1663 5404 μετέχοντες
1690 5333 1827 5401 μετά

243 5431 495 5497 ἁγγέλω)
543 5433 634 5484 καὶ
686 5431 1051 5499 ἅρχαγγέλων
1083 5429 1177 5481 καὶ
1219 5427 1326 5479 τῶν
1374 5428 1486 5479 ἄνω
1538 5424 1829 5490 δυνάμεων

245 5522 568 5591 ἑστήκασιν,
618 5524 788 5593 αὐτὴν
847 5524 1231 5592 περικείμενοι
1288 5517 1383 5570 τοῦ
1440 5514 1678 5586 Χριστοῦ
1730 5517 1829 5583 τὴν

322 5643 399 5708 (ι)
443 5640 565 5698 “aut:
615 5656 699 5700 est
736 5645 1016 5700 nimirum
1052 5639 1369 5712 baptizandi
1441 5634 1677 5689 formula
1715 5633 1859 5704 apud

250 5708 481 5779 baptizo.

1932 465 2088 520 Sicut
2152 467 2302 520 enim
2356 482 2492 522 auro
2542 469 2841 540 liquefacto
2906 474 3105 542 siquis
3139 492 3359 531 inauum
3415 487 3512 535 aut

1928 554 2169 625 linguam
2222 558 2457 627 iujiciat,
2508 575 2734 617 auream
2779 564 2932 619 illico
2961 564 3129 629 facit;
3162 566 3234 620 ita
3290 583 3517 636 prersus

1932 648 2021 703 hic
2078 650 2245 707 etiam
2299 655 2582 721 proposita
2628 656 2888 725 mysteria
2948 658 3188 714 animam
3244 659 3512 717 efﬁciunt.

1931 740 2130 796 Fervet
2172 745 2317 796 enim
2354 745 2480 810 igne
2512 746 2896 802 vehementius
2946 750 3362 806 sanctissimum
3407 752 3514 807 ﬂu-

1931 848 2055 886 men
2095 834 2232 900 hoc;
2280 848 2335 890 at
2375 853 2482 889 non
2520 839 2724 901 exurit,
2776 841 2870 894 sed
2929 841 3076 896 lavat
3132 848 3516 900 tantummodo

1929 928 2198 997 quidquid
2252 929 2612 999 corripuerit.
2670 931 2770 988 ilic
2817 936 3237 994 sacratissimus
3291 942 3517 1009 sanguis

1931 1020 2243 1088 antiquitus
2278 1036 2501 1091 semper
2544 1025 3007 1094 praeﬁgurahatur
3035 1028 3089 1081 in
3132 1030 3422 1091 altaribus.
3457 1033 3514 1087 in

1927 1109 2203 1179 justorum
2267 1113 2534 1167 candidus.
2589 1113 2689 1170 llic
2745 1118 2970 1185 sanguis
3026 1124 3264 1188 pretium
3322 1124 3513 1179 mundi

1930 1215 2050 1269 eat;
2083 1204 2187 1260 hoc
2212 1204 2517 1260 Ecclesium
2543 1207 2796 1263 Christus
2824 1214 3203 1281 comparavit;
3231 1214 3335 1269 hoc
3366 1215 3515 1269 illam

1932 1305 2098 1351 totam
2152 1300 2456 1354 exornavit.
2494 1299 2649 1354 Sicut
2681 1301 2829 1355 enim
2886 1304 3051 1360 homo
3080 1321 3271 1364 servos
3300 1323 3517 1371 emens,

1931 1405 2127 1443 aurum
2185 1402 2410 1460 erogat;
2471 1407 2775 1463 rursusque
2816 1411 2914 1451 eos
2971 1412 3247 1453 exornare
3300 1400 3516 1464 volens,

1931 1499 2066 1537 auro
2108 1483 2159 1536 id
2224 1494 2417 1549 curat;
2478 1486 2559 1540 sic
2620 1499 2677 1541 et
2736 1486 2995 1545 Christus
3054 1489 3189 1543 emit
3243 1504 3344 1543 nos
3390 1506 3516 1544 sana

1930 1576 2096 1643 guine
2131 1576 2376 1645 proprio,
2408 1578 2717 1648 eodemque
2757 1580 2864 1636 hoc
2912 1581 3183 1651 sanguine
3212 1595 3315 1636 nos
3347 1595 3520 1636 venu-

1933 1665 2124 1721 stavit.

2008 1847 2097 1901 14.
2142 1845 2222 1900 Ad
2266 1846 2409 1901 hanc
2450 1848 2635 1918 itaque
2678 1850 2965 1919 mysticam
3002 1866 3251 1905 mensam
3288 1850 3519 1905 acceda-

1934 1956 2057 1993 mus
2120 1955 2244 1993 cum
2292 1942 2439 1995 omni
2500 1943 2717 2004 timore,
2762 1952 2816 1996 et
2867 1943 3210 1997 conscientia
3261 1958 3420 2011 pura.
3458 1951 3516 1995 et

1935 2032 2160 2086 indubia
2196 2034 2320 2095 (ide,
2361 2045 2526 2101 atque
2558 2036 2741 2087 omnia
2783 2035 2943 2089 nobis
2986 2045 3153 2089 erunt
3203 2047 3366 2103 prout
3394 2035 3514 2088 sine

1931 2122 2293 2190 ambiguitate
2346 2123 2654 2176 credimus.
2694 2123 2830 2176 Cum
2867 2134 3051 2176 auti-tn
3083 2125 3207 2177 dico
3239 2126 3513 2178 acceden-

1932 2212 2062 2266 dum
2093 2227 2219 2266 cum
2256 2212 2385 2275 (ide,
2418 2228 2527 2265 non
2579 2212 2902 2281 accipienda
2958 2213 3341 2267 tantunnnodo
3393 2230 3515 2268 csse

1931 2318 2160 2357 munera
2193 2304 2452 2365 dico,sed
2476 2304 2672 2358 eadem
2707 2320 2841 2373 puro
2868 2321 2992 2359 cum
3024 2305 3192 2359 corde
3212 2306 3511 2376 tangenda:

1929 2408 2161 2461 prorsus
2200 2392 2346 2446 haud
2380 2409 2543 2448 secus
2576 2394 2805 2449 aﬂ‘ectos
2844 2409 2946 2448 nos
2984 2409 3106 2449 csse
3163 2396 3311 2457 volo,
3347 2411 3514 2463 quam

1929 2486 1975 2538 si
2010 2486 2076 2537 ad
2109 2484 2388 2538 Christum
2424 2485 2605 2553 ipsum
2630 2488 2968 2540 veniremus.
2990 2485 3128 2552 Quid
3163 2487 3310 2540 enim
3343 2488 3515 2542 inter-

1929 2585 2031 2640 est,
2081 2576 2227 2645 quod
2278 2591 2469 2630 vocem
2522 2577 2638 2647 ejus
2688 2577 2917 2632 minime
2968 2578 3300 2644 audiamus,
3341 2579 3516 2648 siqui-

1931 2666 2056 2720 dem
2099 2682 2198 2736 per
2249 2669 2620 2737 evangelistas
2673 2668 2962 2737 loquitur?
3002 2668 3308 2724 Credamus
3346 2671 3515 2740 igitur

1932 2773 2082 2813 nunc
2128 2773 2350 2827 quoque
2382 2759 2519 2813 illud
2555 2758 2698 2813 idem
2736 2773 2860 2814 esse
2895 2761 3233 2827 convivium,
3262 2762 3330 2815 ad
3366 2764 3514 2830 quod

1933 2850 2051 2920 ipse
2098 2851 2508 2906 accumbebat:
2551 2852 2690 2907 nihil
2730 2853 2880 2908 enim
2929 2852 3262 2909 hodiernum
3316 2854 3385 2908 ab
3416 2854 3517 2908 illo

1933 2941 2117 2997 diﬂert
2154 2961 2169 2997 :
2206 2959 2389 3011 neque
2445 2942 2552 2997 hoc
2601 2954 2852 2998 nostrum
2886 2943 3057 2998 homo
3088 2944 3336 3010 instruit,
3378 2944 3512 3000 iliud

1930 3028 2063 3089 vero
2091 3034 2365 3098 Christus,
2408 3037 2506 3091 sed
2543 3046 2598 3091 et
2630 3036 2737 3091 hoc
2766 3045 2823 3091 et
2863 3036 3001 3092 illud
3054 3037 3511 3095 idetnCiiristus.

1930 3124 2066 3181 Cum
2120 3142 2251 3196 ergo
2297 3129 2643 3183 sacerdotem
2696 3128 2864 3184 nobis
2897 3131 3274 3199 porrigentem
3314 3130 3516 3184 videri-

1930 3234 2157 3279 mus.ne
2186 3228 2508 3287 reputemus
2532 3222 2884 3276 sacerdotem
2917 3222 2972 3277 id
2996 3238 3182 3292 agere,
3210 3222 3305 3279 sed
3337 3222 3510 3292 ipsam

1929 3312 2139 3367 Christi
2172 3328 2394 3368 manum
2429 3324 2743 3368 extensum.
2775 3314 2930 3368 Sicut
2956 3315 3107 3369 enim
3134 3331 3259 3369 cum
3308 3316 3516 3385 aliquis

1935 3406 2265 3477 baptizatur,
2300 3423 2647 3476 nequaquam
2698 3407 2961 3461 sacerdos
3007 3407 3104 3462 sed
3158 3408 3304 3462 Deus
3356 3410 3511 3464 illius

1930 3509 2098 3569 caput
2132 3507 2283 3554 tenet
2316 3499 2368 3553 vi
2402 3499 2703 3564 invisibili,
2741 3509 2798 3554 et
2849 3515 3030 3567 neque
3064 3499 3293 3569 angelus
3328 3516 3513 3570 neque

1929 3592 2301 3661 archangelus
2336 3606 2520 3661 neque
2573 3592 2721 3647 alius
2763 3591 2996 3660 quilibet
3028 3589 3292 3646 secedere
3342 3595 3512 3648 audet

1930 3689 1987 3735 et
2014 3690 2266 3751 tangere;
2301 3682 2381 3738 sic
2416 3684 2584 3736 etiam
2619 3697 2769 3737 nunc
2796 3682 2879 3736 tit.
2913 3681 3069 3746 Quod
3101 3681 3231 3735 inde
3259 3682 3511 3737 ostendi-

1931 3782 2042 3838 tur,
2078 3776 2224 3844 quod
2275 3774 2421 3829 sicut
2464 3775 2520 3828 in
2552 3775 2834 3844 baptismo
2864 3790 2975 3828 non
3026 3774 3163 3829 dicit
3197 3774 3459 3829 sacerdos
3492 3791 3507 3829 :

1931 3864 2042 3935 Ego
2080 3865 2243 3921 talem
2270 3865 2548 3919 hominem
2577 3866 2816 3935 haptizo,
2851 3867 2971 3934 sed,
2997 3866 3144 3920 Talis
3162 3866 3501 3934 baptizatur,

1930 3973 2163 4027 prorsus
2190 3958 2258 4011 ab
2292 3958 2583 4012 individua
2619 3967 2675 4013 et
2705 3960 3164 4016 consubstantiali
3199 3961 3507 4027 'l'rinitate;

1929 4051 2121 4106 eodem
2154 4051 2318 4106 modo
2349 4051 2441 4105 hic
2468 4052 2636 4106 etiam
2669 4068 2779 4107 non
2804 4053 2944 4109 dicit
2975 4071 2987 4107 :
3016 4054 3131 4123 Ego
3160 4055 3372 4123 Agnnm
3412 4056 3509 4109 De)

1931 4143 2177 4204 immolu,
2211 4143 2306 4199 sed
2327 4142 2513 4214 Agnus
2542 4144 2634 4198 Dei
2668 4145 3011 4207 immolatur,
3040 4146 3129 4200 hic
3165 4146 3282 4215 ipse
3312 4147 3513 4201 videli-

1931 4243 2017 4288 cet
2040 4236 2134 4304 qui
2165 4246 2337 4290 semet
2366 4237 2614 4291 immolat
2640 4237 2857 4292 volente
2886 4238 3046 4293 Patre
3075 4250 3129 4293 et
3158 4250 3352 4295 sancto
3380 4240 3510 4308 Spi-

1938 4326 2045 4381 ritu
2077 4339 2454 4397 cooperante:
2488 4330 2635 4383 idem
2676 4331 2940 4386 sacerdos
2986 4341 3041 4385 et
3088 4331 3332 4397 victima,
3363 4332 3511 4386 idem

1856 4411 1906 4471 Ι)
1933 4418 2214 4488 excipiens
2241 4431 2295 4473 et
2326 4420 2590 4474 olfcrens.

1922 4564 1935 4577 ,
2005 4509 2096 4562 15.
2161 4506 2510 4577 Quapropter
2560 4508 2626 4561 ad
2682 4512 3024 4565 sacerdotem
3078 4529 3183 4567 ceu
3231 4513 3504 4567 Clu-istaut

1931 4598 2284 4662 accedentes,
2311 4599 2650 4654 houoremus
2675 4616 2799 4654 cum
2819 4602 2972 4655 omni
2997 4603 3263 4657 munditia
3297 4604 3508 4657 Domini

1934 4705 2155 4759 corpus,
2206 4690 2463 4758 spiritali,
2525 4691 2772 4760 inquam,
2828 4703 2885 4746 et
2941 4695 3252 4762 corporali;
3309 4696 3512 4763 dupch

1933 4784 2137 4853 quippe
2175 4782 2414 4853 [Domini
2470 4783 2692 4855 natura]
2742 4795 2849 4839 est.
2884 4785 3022 4838 Cum
3075 4786 3294 4840 fervido
3322 4802 3513 4842 amore

1932 4876 2284 4941 accedamus,
2347 4877 2710 4945 manibusque
2752 4877 2805 4930 in
2854 4882 3037 4931 crucis
3093 4878 3327 4933 fortnam
3366 4895 3513 4932 com-

1938 4970 2178 5039 plicatis,
2232 4968 2363 5020 illud
2424 4968 2816 5036 snscipiamus,
2864 4980 2919 5022 et
2974 4970 3171 5033 oculis,
3206 4985 3268 5023 ac
3326 4970 3509 5038 lahiis,

1938 5060 2219 5127 frontique
2253 5060 2598 5127 applicantes
2632 5059 2885 5113 divinum
2927 5062 3325 5116 carbunculum
3368 5065 3516 5116 aet-i-

1936 5151 2177 5221 planius,
2211 5158 2270 5201 ut
2298 5158 2522 5215 peccata
2552 5159 2738 5201 nostra
2773 5160 2990 5212 exural,
3017 5154 3182 5204 corda
3214 5153 3510 5212 illuminet.

1936 5255 2099 5311 atque
2138 5253 2195 5294 ut
2225 5241 2397 5295 divini
2435 5242 2577 5310 ignis
2628 5242 3054 5311 participatione
3108 5245 3515 5299 inllauuncmur

1935 5350 1998 5389 ac
2043 5335 2388 5387 deiliccmur.
2441 5332 2575 5385 Nam
2635 5334 2729 5401 qui
2790 5335 2937 5389 hunc
2997 5338 3349 5407 participant,
3385 5354 3509 5392 cum

1937 5426 2145 5492 angelis
2180 5435 2235 5477 ct
2269 5424 2620 5494 arrhaugclis
2660 5429 3027 5497 supernisque
3058 5432 3359 5485 virtutibus
3379 5446 3512 5485 con-

1939 5518 2165 5582 sistunt,
2201 5518 2395 5571 cadent
2449 5518 2657 5572 Christi
2705 5523 2874 5589 regali
2906 5523 3045 5575 stola
3084 5527 3287 5587 vestiti,
3319 5534 3375 5578 ct
3400 5521 3515 5592 spi-

1935 5633 2152 5692 Grmcos
2197 5654 2211 5690 :
2274 5638 2597 5709 Baptizatur
2655 5639 2764 5705 N.;
2820 5656 2929 5694 non
2975 5652 3159 5695 autem
3207 5658 3225 5697 :
3286 5640 3399 5711 Ego
3460 5647 3513 5693 te
