4050 6210
509 278 620 348 963

1613 266 2015 329 THEODORI
2057 257 2620 325 MELITENIUTE

3682 266 3792 329 96$

520 390 778 449 ritalibus
805 385 977 443 armis
1027 383 1306 441 instructi.
1341 381 1447 439 Sed
1506 381 1644 437 nihil
1691 383 1874 439 adhuc
1925 382 2079 437 dixi:
2114 406 2127 442 λ

2233 380 2486 447 ασιλικὴν
2514 378 2710 445 στολὴν
2741 379 2845 446 (εὶ).
2873 379 2939 431 τὰ
2987 378 3127 431 ὅπλα
3158 378 3374 448 ἔχοντες
3417 379 3486 431 τὰ
3536 397 3794 453 πνευμα-

519 488 663 555 ipso,
700 483 947 548 inquam,
980 491 1108 547 rege
1141 474 1345 530 induti.
1380 473 1490 529 Sed
1523 474 1685 529 sicuti
1717 476 1982 530 eximium
2012 489 2096 532 est

519 585 577 627 et
606 569 858 626 mirabile
885 566 1133 621 divinum
1159 564 1268 617 hoc
1299 576 1522 631 corpus,
1562 561 1636 614 ita
1669 563 1942 631 siquidem
1970 579 2095 617 eum

522 662 771 732 puritate
821 657 948 726 quis
998 654 1245 717 accedet,
1282 653 1336 707 in
1384 653 1618 707 salutem
1650 667 1803 706 suam
1850 655 2098 709 accedet.

526 756 622 810 Sin
657 744 788 808 vero
822 765 947 805 cum
980 748 1119 803 mala
1159 747 1522 809 conscientia,
1554 746 1608 799 in
1648 760 1864 813 pmnam
1904 762 1966 801 ac
1998 762 2104 815 pu-

526 846 816 902 nitionem.
857 862 877 894 ι
909 841 1012 907 Qui
1039 841 1187 895 enim
1222 838 1524 892 manducat
1563 849 1619 891 et
1648 836 1789 890 bibit
1819 837 2096 906 indigne,’

526 939 822 994 Dominum
874 934 1110 998 scilicet,
1151 927 1230 985 ait
1283 931 1338 984 in
1393 930 1642 1000 Epistula
1678 933 1744 982 ad
1784 928 2104 984 Corinthios

526 1028 849 1098 Apostolus,
889 1043 908 1077 ι
942 1014 1213 1094 judicium
1247 1020 1681 1084 sibinnanducat
1720 1030 1774 1074 et
1806 1019 1948 1073 bibit
1972 1019 2036 1071 “.
2078 1037 2097 1069 ι

460 1146 472 1174 ·.
527 1121 663 1177 Nam
694 1120 739 1174 si
774 1119 870 1189 qui
922 1116 1161 1185 regalem
1194 1128 1495 1184 purpuram
1540 1111 1835 1181 inquinant
1870 1111 2110 1179 puniun-

529 1224 644 1279 tur,
680 1225 839 1282 teque
900 1223 966 1263 ac
1002 1208 1049 1263 si
1081 1207 1487 1268 dilacerarent;
1524 1219 1633 1257 non
1680 1209 1763 1256 est
1807 1201 2107 1256 absurdum

529 1324 627 1365 eos
656 1308 752 1378 qui
781 1312 965 1361 mente
996 1304 1213 1370 impura
1237 1297 1454 1353 Domini
1485 1308 1688 1365 corpus
1708 1304 1764 1349 et
1785 1294 2107 1362 sanguinem

532 1400 868 1469 suscipiunt,
921 1407 1110 1465 parem
1165 1390 1373 1444 referre
1427 1401 1667 1457 ptenam,
1721 1394 1889 1453 atque
1928 1384 1964 1437 ii
2014 1382 2110 1452 qui

533 1495 715 1563 ipsum
745 1490 917 1544 clavis
954 1488 1363 1541 laceraverunt.
1395 1479 1517 1534 Non
1544 1486 1630 1532 est
1654 1486 1837 1531 autem
1866 1476 1917 1529 in
1950 1475 2110 1544 culpa

537 1582 927 1653 mysteriorum
957 1586 1198 1640 natura;
1232 1581 1364 1628 sunt
1406 1571 1554 1626 enim
1590 1572 1704 1624 lucc
1750 1576 1947 1637 suapte
1976 1566 2114 1619 vivi-

541 1677 679 1740 ftca;
725 1673 821 1729 sed
861 1672 1096 1726 istorum
1132 1666 1479 1737 indignitas:
1530 1678 1654 1716 nam
1701 1671 1759 1715 et
1809 1659 1886 1713 sol
1920 1658 1986 1712 iis
2017 1655 2111 1726 qui

2199 474 2348 526 τικά.
2388 474 2529 525 Ἀλλ’
2551 474 2705 526 οὐδὲν
2737 470 2890 526 εἷπον
2918 472 3136 524 οὐδέπω
3158 489 3173 504 ο
3206 472 3369 524 αὐτὸν
3417 472 3524 543 γάρ
3553 476 3661 526 εἰσι
3708 479 3794 529 ἐν·

2199 563 2480 635 δεδυμένοι
2511 566 2601 619 τδν
2636 564 2885 635 βασιλέα.
2926 565 3068 618 Ἀλλ’
3098 564 3290 635 ὥσπερ
3323 567 3469 618 ἐστὶν
3525 566 3668 635 μέγα
3697 570 3794 620 καὶ

2204 655 2519 724 θαυμαστὸν
2554 661 2714 709 τοῦτο
2755 657 2815 708 τὸ
2852 656 2996 708 θεῖον
3036 656 3194 724 σῶμά
3242 675 3301 709 τε
3355 659 3446 710 καὶ
3505 659 3566 710 τὸ
3627 653 3793 728 αἷμα,

2203 745 2374 808 οὕτως
2407 746 2472 799 ἂν
2505 746 2605 816 μὲν
2659 747 2797 817 μετά
2846 747 3226 818 καθαρότητος
3271 746 3545 819 προσέλθῃ
3577 767 3685 813 τις,
3716 754 3799 812 εἰς

2207 838 2485 907 σωτηρίαν
2519 837 2871 908 προσῆλθενο
2904 838 2972 892 ἂν
3018 839 3076 892 δὲ
3131 841 3270 909 μετά
3315 841 3556 911 πονηροῦ
3610 858 3798 893 συνει-

2206 932 2376 994 δότος,
2409 934 2487 995 εἰς
2518 931 2741 984 κόλασιν
2771 931 2867 985 καὶ
2895 933 3169 1000 τιμωρίαν
3198 948 3211 963 ·
3268 951 3287 982 ι
3342 930 3404 985 Ὀ
3454 934 3565 1002 γὰρ
3597 931 3800 984 ἐσθίων

2209 1026 2304 1075 καὶ
2335 1023 2507 1077 πίνων
2541 1022 2780 1089 ἀναξίως
2811 1022 2905 1075 τοῦ
2956 1022 3165 1092 Κυρίου
3204 1022 3380 1091 κρίμα
3408 1022 3585 1093 ἑαυτῷ
3621 1024 3800 1076 ἐσθίει

2210 1116 2307 1169 καὶ
2360 1115 2530 1181 πίνει,
2574 1133 2592 1167 ι
2630 1117 2799 1184 φησὶν
2851 1116 2879 1168 ὀ
2933 1115 3262 1177 Ἀπόστολος
3306 1116 3639 1169 ὲπ.στέλλων
3680 1118 3801 1176 τοῖς

2211 1206 2549 1278 Κορινθίοις·
2573 1207 2621 1258 εί
2654 1206 2763 1277 γὰρ
2791 1207 2842 1259 oi
2875 1207 3180 1274 ρυποῦντες
3228 1207 3328 1277 τὴν
3376 1208 3667 1279 πορφύραν
3696 1209 3803 1276 τὴν

2214 1298 2503 1369 βασιλικὴν
2538 1297 2861 1362 κολάζονται
2893 1299 3098 1367 ὁμοίως
3132 1300 3324 1369 ὥσπερ
3356 1301 3404 1351 οί
3427 1300 3806 1370 διαρῤηγυῦν-

2212 1409 2327 1455 τες,
2358 1390 2512 1442 οὐδὲν
2541 1390 2772 1450 ἀπεικὸς
2797 1393 2893 1443 καὶ
2926 1391 3053 1450 τοὺς
3100 1390 3401 1460 ἀκαθάρτῳ
3450 1392 3661 1462 διανοίᾳ
3709 1392 3808 1442 δε-

2214 1482 2479 1550 χομένους
2503 1485 2563 1535 τδ
2591 1482 2685 1537 τοῦ
2719 1483 2928 1553 Κυρίου
2967 1484 3128 1552 σῶμα
3162 1485 3256 1536 καί
3283 1485 3363 1547 ,τὸ
3394 1478 3535 1552 αἷμα
3570 1485 3672 1552 τὴν
3704 1485 3810 1535 αὐ·

2214 1574 2315 1642 τὴν
2350 1575 2643 1644 ὑπομεῖναι
2677 1576 2955 1645 τιμωρίαν
3003 1578 3115 1637 τοῖς
3148 1576 3282 1629 αὐτὸ
3332 1575 3665 1646 stuppea”;
3710 1578 3805 1629 διὰ

2217 1665 2327 1717 τῶν
2350 1665 2499 1736 ἥλων
2524 1682 2537 1697 ’
2564 1666 2624 1718 οὐ
2640 1667 2791 1735 παρὰ
2814 1667 2914 1734 τὴν
2939 1666 3100 1733 φύσιν
3124 1667 3230 1718 τῶν
3253 1667 3599 1736 μυστηρίων,
3624 1664 3809 1717 ταῦτα

540 1738 790 1824 inﬁrmos
827 1764 1022 1820 oculos
1048 1761 1284 1822 habent,
1322 1764 1504 1811 nocet.
1538 1754 1605 1807 Et
1626 1752 1735 1806 alio
1761 1752 1881 1805 loco
1909 1758 1968 1803 ut
2001 1758 2117 1803 ter-

2233 1762 2329 1829 γᾶρ
2361 1759 2569 1830 ζωηρά,
2601 1759 2739 1811 ἀλλὰ
2767 1758 2859 1812 διὰ
2888 1758 2988 1829 τὴν
3034 1758 3239 1811 τούτων
3271 1756 3603 1825 ἀναξιότητα
3630 1773 3646 1787 ⁶
3677 1757 3811 1811 ἐπεὶ

536 1861 757 1917 ribilem
793 1872 915 1914 esse
962 1854 1308 1925 punitionem
1354 1850 1726 1908 demonstret,
1770 1843 1893 1898 ait:
1926 1862 1944 1894 ι
1986 1842 2120 1897 lrri-

537 1962 650 2008 tam
682 1952 807 2022 quis
836 1948 1042 2006 faciens
1073 1948 1248 2016 legem
1308 1943 1535 2014 Moysis,
1577 1941 1697 1995 sine
1727 1938 1838 1993 ulla
1890 1937 2121 1991 misera-

540 2047 696 2102 tione
723 2043 942 2099 duobus
983 2043 1074 2095 vel
1109 2040 1294 2093 tribus
1326 2035 1558 2092 testibus
1602 2033 1873 2087 moritur:
1909 2036 2116 2097 quanto

543 2138 716 2207 magis
747 2133 959 2206 putatis
975 2131 1255 2186 deteriora
1285 2126 1488 2181 mereri
1509 2122 1781 2193 supplicia
1808 2119 2119 2190 quiFilium

460 2284 472 2292 ,
543 2230 638 2284 Dei
665 2224 1100 2288 conculcaverit,
1130 2231 1187 2276 et
1214 2219 1537 2287 sanguinem
1569 2211 1911 2270 Testamenti
1946 2211 2122 2281 pollu-

545 2331 664 2376 tum
706 2317 952 2381 duxerit,
981 2316 1034 2367 in
1072 2328 1183 2385 quo
1215 2310 1591 2366 sanctiﬁcatus
1621 2317 1706 2362 est
1732 2305 1813 2357 ’ίῖ
1847 2322 1866 2356 ι

622 2583 712 2640 ιθ.
751 2580 1121 2637 Attendamus
1178 2577 1367 2648 itaque
1419 2575 1607 2638 nobis.
1646 2573 1858 2637 dilecti,
1897 2571 1992 2642 qui
2032 2573 2126 2628 tali

553 2685 816 2745 tantoque
860 2674 1004 2728 bono
1049 2672 1333 2726 fruimur:
1365 2679 1420 2725 et
1464 2685 1588 2726 cum
1639 2670 1894 2725 volumus
1936 2671 2128 2726 obsce-

554 2783 686 2822 num
730 2764 942 2835 aliquid
995 2763 1202 2826 dicere,
1245 2772 1342 2815 aut
1372 2771 1591 2815 nosmet
1626 2761 1705 2815 ira
1736 2763 1997 2828 abreptos
2031 2777 2128 2815 co-

560 2857 902 2929 gnoscimus,
939 2864 1033 2910 aut
1058 2856 1162 2909 alia
1196 2853 1431 2923 quadam
1476 2854 1792 2923 huiusmodi
1840 2854 2131 2923 perturba-

557 2952 750 3014 tione,
814 2955 1139 3018 reputemus
1194 2946 1458 3015 qualibus
1517 2945 1680 2999 donis
1743 2945 1893 3011 digiti
1954 2944 2130 2999 habiti

2219 1854 2315 1906 καὶ
2345 1855 2371 1905 ὁ
2402 1854 2554 1923 ἣλιος
2576 1851 2839 1922 βλαϐερδς
2872 1858 2988 1917 τοῖς
3023 1854 3122 1913 τὰς
3168 1854 3321 1924 ὄψεις
3354 1853 3809 1925 διεφθαρμένοις.

2221 1945 2332 1998 Καὶ
2363 1945 2598 2015 ἀλλαχοῦ
2624 1946 2707 2011 δὲ,
2738 1947 2955 2010 δεικνὺς
2990 1946 3229 2017 φοϐερὰν
3261 1949 3289 2000 ὀ
3323 1947 3531 2009 Παῦλος
3562 1947 3662 2017 τὴν
3708 1948 3812 2000 :6-

2221 2038 2399 2099 λασιν,
2423 2037 2603 2106 λέγει·
2635 2056 2654 2089 ι
2711 2038 3014 2108 Ἀθετήσας
3050 2058 3133 2103 τις
3178 2039 3343 2108 νόμον
3393 2041 3663 2105 Μωσέως,
3697 2059 3813 2109 χω-

2226 2132 2312 2201 ρὶς
2344 2128 2645 2196 οἰκτιρμῶν
2694 2130 2786 2182 ἐπὶ
2816 2130 2969 2183 δυσὶν
2996 2131 3028 2201 ἢ
3062 2134 3212 2200 τρισὶ
3263 2135 3535 2202 μάρτυσιν
3562 2131 3815 2200 ἀποθνή-

2226 2238 2347 2274 σκει
2373 2236 2388 2251 ο
2419 2222 2575 2291 πόσῳ
2602 2219 2809 2274 δοκεῖτε
2855 2223 3103 2294 χείρονος
3131 2210 3498 2294 ἀξιωθήσεται
3530 2224 3813 2293 τιμωρίας

2225 2315 2254 2367 ὁ
2306 2314 2399 2366 τὸν
2454 2313 2584 2366 Υίὸν
2629 2313 2726 2367 τοῦ
2775 2314 2913 2368 Θεοῦ
2974 2318 3391 2387 καταπατήσας,
3443 2318 3537 2369 καὶ
3568 2318 3628 2369 τὸ
3668 2309 3814 2383 αἷμα

2225 2407 2326 2476 τῆς
2386 2405 2659 2477 διαθήκης
2722 2407 2903 2461 κοινὸν
2964 2409 3346 2479 ἡγησάμενος,
3404 2412 3462 2462 ἐν
3525 2403 3572 2478 ᾦ
3634 2407 3817 2477 ἡγιά-

2229 2499 2332 2569 σθη
2361 2519 2409 2566 ;t

2303 2601 2397 2657 ις’.
2432 2593 2798 2665 Προσέχωμεν
2826 2592 3011 2647 τοίνυν
3041 2594 3278 2659 ἑαυτοῖς,
3303 2593 3605 2661 ἀγαπητοὶ,
3634 2594 3823 2647 τοιοῦ-

2230 2703 2339 2737 των
2396 2667 2761 2748 ἀπολαύοντες
2814 2684 3076 2752 ἀγαθῶν⁶
3134 2685 3229 2738 καὶ
3275 2684 3404 2738 ὅταν
3453 2684 3823 2754 βουληθῶμεν

2233 2779 2459 2847 αίσχρὸν
2494 2796 2547 2830 τι
2581 2780 2779 2846 εἰπεῖν,
2811 2779 2843 2849 ἢ
2872 2778 3396 2849 συναρπαζομένους
3426 2780 3662 2843 ἑαυτοὺς
3696 2779 3826 2833 ἴδω-

2237 2888 2339 2940 μεν
2373 2872 2477 2925 ὑπὸ
2508 2871 2681 2942 ὀργῆς
2708 2871 2739 2941 ἢ
2775 2871 2968 2941 ἑτέρου
2998 2871 3145 2933 τινὸς
3171 2872 3416 2924 τοιούτου
3467 2870 3705 2934 πάθους,
3737 2873 3824 2923 λο-

2234 2961 2521 3032 γισώμεθα
2545 2964 2709 3016 τίνων
2729 2962 3043 3033 κατηξιώθη
3055 2980 3173 3031 μεν,
3194 2965 3318 3016 ὅσου
3344 2963 3656 3033 πνεύματος
3684 2967 3827 3017 ἁπε-

554 3042 854 3103 fuerimus,
901 3047 1113 3107 quanto
1152 3038 1366 3107 Spiritu
1415 3037 1522 3090 frui
1566 3038 1911 3107 contigerit:
1966 3047 2127 3106 atque

2234 3056 2541 3126 λαῦσαμεν,
2566 3058 2662 3110 καὶ
2689 3055 2831 3109 ἔστω
2862 3057 3246 3129 σωφρονισμδς
3280 3058 3412 3126 ἡμῖν
3444 3058 3554 3110 τῶν
3601 3057 3825 3126 ἀλόγων

558 3136 677 3188 haec
704 3133 968 3202 cogitatio
998 3131 1257 3185 absurdis
1290 3130 1495 3184 nostris
1526 3129 1994 3185 commotionibus
2020 3129 2131 3183 fre-

559 3239 694 3280 num
755 3223 993 3293 injiciat.
1048 3222 1185 3277 Nam
1240 3222 1466 3277 divinus
1520 3223 1914 3284 carbunculus.
1967 3237 2132 3291 quem

558 3330 736 3385 nuper
765 3314 1243 3385 participavimus,
1284 3314 1667 3384 quarumlibet
1699 3314 1947 3368 sordium
1978 3330 2133 3368 mun-

559 3408 724 3463 dator
753 3418 861 3472 est,
897 3419 955 3462 et
990 3408 1258 3462 adversus
1287 3406 1618 3461 cuicuimodi
1647 3407 1909 3461 damnum
1941 3408 2132 3461 tutela.

561 3500 664 3553 Hic
707 3499 752 3555 si
798 3498 943 3553 forte
971 3513 1169 3553 aurum
1198 3499 1450 3567 spurium
1487 3497 1893 3566 deprehendat,
1943 3498 2135 3552 critica

561 3591 999 3646 inflammatione
1026 3590 1306 3660 purificat,
1338 3606 1365 3642 a
1397 3590 1606 3644 morbis
1629 3588 1845 3643 scilicet
1869 3597 1924 3643 et
1954 3590 2137 3643 omni-

562 3680 745 3736 modis
777 3680 1140 3746 excessibus;
1184 3696 1253 3735 ne
1286 3696 1390 3733 una
1436 3694 1561 3735 cum
1598 3679 1806 3733 mundo
1846 3682 2139 3735 damnetur

483 3840 493 3849 .
562 3772 756 3828 futuro
814 3774 1021 3827 saeculo
1058 3789 1073 3824 :
1114 3779 1280 3842 atque
1323 3772 1396 3825 ita
1442 3782 1703 3840 purgatos
1751 3772 1869 3826 unit
1919 3770 2138 3841 corpori

568 3866 787 3921 Domini
820 3875 878 3920 et
900 3864 1131 3934 Spiritui
1170 3865 1312 3935 eius,
1341 3865 1663 3933 Christique
1712 3878 1915 3932 corpus
1947 3863 2141 3919 cllicit.

565 3956 863 4027 Propterea
889 3972 991 4011 nos
1016 3973 1239 4027 quoque
1275 3959 1398 4011 vitae
1426 3957 1633 4024 cupidi,
1671 3966 1728 4011 et
1759 3956 2143 4014 immortalitao

563 4050 638 4105 tis
667 4050 915 4105 datorem
963 4050 1212 4104 divinum
1246 4065 1441 4119 panem
1494 4052 1639 4103 intra
1676 4063 1775 4103 nos
1806 4047 2010 4101 habere
2046 4060 2145 4115 po-

560 4140 855 4205 stulantes,
899 4156 1084 4210 neque
1116 4140 1345 4211 indigne
1381 4141 1712 4195 accedamus
1748 4139 1816 4193 ad
1850 4138 2137 4192 tremenda

563 4234 846 4302 mysteria,
891 4248 962 4286 ne
1011 4232 1314 4301 punitioni,
1362 4232 1443 4286 uti
1491 4231 1702 4285 dictum
1754 4241 1859 4292 cst,
1914 4227 2140 4282 obnoxii

561 4322 773 4383 simus;
801 4335 981 4391 neque
1011 4321 1274 4386 vicissim,
1308 4331 1474 4391 prout
1498 4322 1677 4375 solent
1715 4318 2142 4391 negligentiores

2238 3149 2428 3202 παθῶν
2476 3148 2632 3210 οὗτος
2664 3151 2693 3202 ὁ
2721 3149 2981 3218 λογισμός
3013 3163 3027 3179 ⁶
3059 3152 3087 3202 ὁ
3117 3150 3226 3218 γάρ
3260 3149 3406 3210 θεῖος
3452 3148 3685 3218 ἄνθραξ,
3726 3142 3823 3200 οὐ·

2238 3259 2345 3312 περ
2384 3242 2484 3311 ἤδη
2517 3240 2876 3310 μετέσχομεν,
2909 3240 3084 3312 ῥύπου
3140 3241 3344 3303 παντός
3370 3242 3488 3293 ἐστι
3532 3241 3827 3311 καθαρτή-

2242 3350 2378 3402 ριος,
2406 3334 2499 3386 καὶ
2529 3332 2736 3401 βλάὗης
2759 3333 3111 3401 παντοδαπῆς
3143 3334 3502 3401 ἀμυντήριον.
3531 3326 3707 3393 Οὗτος
3725 3334 3823 3383 ἐὰν

2237 3424 2442 3491 χρυσὸν
2491 3422 2634 3493 λάϐῃ
2686 3422 2964 3491 κίϐδηλον,
3010 3423 3098 3476 διὰ
3132 3425 3227 3494 τῆς
3264 3423 3521 3492 κριτικῆς
3562 3423 3824 3493 καθαίρει

2240 3514 2566 3583 πυρώσεως,
2593 3512 2716 3583 ἤτοι
2740 3514 2912 3565 νόσων
2948 3513 3041 3566 καὶ
3073 3512 3345 3566 παντοίων
3402 3509 3706 3582 ἐπιφορῶν,
3733 3509 3825 3562 ἵνα

2246 3604 2320 3673 μὴ
2374 3604 2471 3655 σὺν
2519 3602 2597 3672 τῷ
2648 3604 2841 3673 κόσμῳ
2890 3602 3317 3673 κατακριθῶμεν
3348 3605 3406 3654 ὲν
3457 3602 3537 3672 τῷ
3568 3602 3825 3670 μέλλοντι

2240 3696 2397 3749 αἰῶνι
2424 3710 2438 3724 ’
2474 3697 2565 3747 καὶ
2613 3694 2894 3764 καθαίρων
2924 3694 3035 3746 ἑνοῖ
3061 3694 3138 3763 τῷ
3200 3696 3415 3764 σώματι
3460 3690 3557 3745 τοῦ
3613 3692 3827 3760 Κυρίου

2242 3792 2339 3842 καὶ
2366 3790 2442 3857 τῷ
2477 3789 2748 3857 πνεύματι
2799 3789 2986 3852 αὐτοῦ,
3021 3789 3134 3842 καί
3169 3788 3328 3857 σῶμα
3356 3786 3601 3859 Χριστοῦ
3650 3789 3829 3855 ἁπερ-

2242 3882 2475 3951 γὰξεται
2501 3895 2516 3912 ⁸
2553 3882 2640 3935 διὰ
2672 3882 2736 3951 δὴ
2764 3882 2945 3943 τοῦτο,
2973 3881 3066 3934 καὶ
3092 3883 3256 3950 ἡμεῖς
3292 3881 3510 3950 ἔχοντες
3543 3881 3834 3951 ἐπιθυμη-

2243 3975 2413 4036 τικῶς
2468 3974 2567 4040 τῆς
2625 3974 2796 4044 ζωῆς,
2848 3974 2943 4027 καὶ
2984 3973 3078 4026 τὸν
3109 3975 3208 4043 τῆς
3254 3972 3555 4036 ἀθανασίας
3584 3962 3832 4044 χορηγεν

2247 4064 2390 4115 θεῖον
2423 4064 2587 4133 ἄρτον
2631 4066 2688 4113 ὲν
2721 4065 2932 4123 ἑαυτοῖς
2969 4061 3114 4132 ἔχειν
3161 4063 3469 4132 εὐχόμενοι,
3507 4065 3648 4131 μήτε
3696 4063 3835 4113 ἀνα-

2247 4154 2375 4220 ξίως
2420 4153 2861 4223 προσερχώμεθα
2898 4154 3005 4215 τοῖς
3056 4154 3312 4221 φρικτοῖς
3366 4155 3716 4223 μυστηρίοις,
3745 4153 3837 4204 ίνα

2249 4242 2323 4311 μὴ
2356 4244 2579 4295 κολάσει
2618 4244 2910 4296 ὑπεύθυνοι
2947 4244 3259 4311 γενώμεθα,
3284 4242 3538 4313 καθάπερ
3569 4243 3785 4316 ἐρρήθη
3815 4260 3831 4273 ·

2251 4336 2387 4401 μήτε
2424 4333 2585 4386 πάλιν
2621 4335 2764 4388 κατά
2811 4351 2966 4398 τινας
2999 4334 3110 4389 τῶν
3159 4336 3547 4406 ἀμελεστέρων
3596 4335 3837 4396 ἑαυτοὺς

562 4414 818 4484 quidam,
861 4426 1081 4469 nosmet
1126 4414 1355 4469 omnino
1412 4415 1730 4468 fraudemus
1782 4415 1884 4469 hac
1935 4414 2121 4470 Christ

2251 4426 2535 4487 παντελῶς
2560 4427 2958 4496 ἀποστερῶμεν
3001 4428 3103 4498 τῆς
3150 4428 3242 4482 διὰ
3275 4427 3513 4497 Χριστοῦ
3548 4426 3832 4493 εὐλογίας,

567 4510 991 4574 benedictione;
1030 4512 1269 4566 nolendo
1320 4511 1532 4566 scilicet
1583 4510 1867 4565 Christum
1918 4511 2144 4582 mystice

568 4607 922 4675 participare,
985 4605 1353 4659 reverentiam
1422 4602 1789 4657 obtendentes
1857 4617 1985 4657 vere
2047 4617 2144 4656 no-

568 4712 751 4760 cuam,
806 4710 973 4765 quam
1023 4695 1259 4749 callidus
1294 4702 1577 4748 veterator
1627 4693 1879 4751 diabolus
1919 4692 2143 4747 adiuve-

568 4788 671 4842 nit.
731 4788 979 4857 Namque
1013 4789 1102 4842 hic
1132 4787 1196 4843 ad
1226 4787 1383 4841 dolos
1434 4797 1690 4841 versutus
1714 4829 1726 4848 ,
1754 4787 1983 4839 honeste
2042 4801 2142 4840 nos

568 4878 759 4933 vivere
793 4880 939 4933 haud
985 4880 1142 4941 sinit,
1194 4881 1324 4949 quia
1360 4879 1644 4934 hominum
1700 4879 1944 4946 pernicie
1995 4878 2144 4932 laeta-

572 4981 662 5025 tur
690 4988 704 5023 :
738 4970 831 5023 sed
864 4982 1152 5040 postquam
1186 4972 1429 5039 peccatis
1476 4986 1575 5026 nos
1604 4972 1813 5035 infecit,
1863 4970 2059 5025 suadet
2087 4977 2146 5024 ιιι

569 5064 1000 5118 extimescamns
1074 5066 1392 5120 divinorum
1472 5081 1767 5119 munerum
1841 5064 2150 5133 susceptio-

572 5169 730 5217 nem;
768 5165 827 5207 ut
862 5155 940 5209 sic
979 5167 1202 5225 peccato
1240 5171 1460 5226 semper
1492 5158 1821 5221 servientes,
1856 5171 2144 5224 nunquam

570 5246 984 5315 resipiscamus,
1016 5264 1194 5319 neque
1219 5252 1415 5304 animm
1448 5260 1652 5303 nostrae
1682 5248 1949 5303 utilitates
1980 5263 2146 5318 agno-

572 5351 662 5389 SCﬂ
672 5351 720 5388 ill
730 5352 810 5391 US.

644 5426 684 5457 “
723 5427 738 5480 I
792 5425 922 5484 Cor.
961 5445 1033 5491 χι.
1058 5429 1147 5484 29.
1263 5430 1308 5461 ¹²
1340 5428 1509 5484 llebr.
1543 5446 1597 5493 κ,
1624 5426 1717 5483 28.

558 5605 564 5618 '
604 5612 617 5618 _
643 5541 720 5607 (l)
761 5540 1011 5618 _Re5picit
1044 5540 1283 5618 fortasse
1319 5552 1513 5618 auctor
1544 5543 1608 5597 ad
1662 5540 1940 5618 ντοριςῑπιιι
1971 5541 2147 5618 parti-

561 5612 873 5691 :ci‘pantium
925 5613 1331 5669 Eucharistiam
1383 5613 1604 5676 stolam,
1659 5614 1922 5666 crucibus
1970 5612 2145 5667 inter-

570 5690 848 5735 stinctum.
1288 5718 1299 5729 .

570 5698 848 5736 sunetam.
1288 5718 1299 5729 .

560 5740 566 5755 ’
643 5752 719 5820 ti)
762 5750 998 5806 Audiam
1024 5752 1136 5806 lucc
1172 5752 1240 5805 ab
1277 5751 1496 5805 homine
1527 5751 1739 5813 Grzeco,
1790 5750 1865 5804 illi
1908 5753 2000 5821 qui
2032 5752 2142 5808 frc-

2251 4516 2308 4568 ὲν
2338 4516 2418 4583 τῷ
2450 4510 2543 4586 μὴν
2568 4516 2858 4585 βούλεσθαι
2890 4521 3085 4571 τούτου
3121 4520 3401 4587 μυστικῶς
3433 4518 3706 4587 μετέχειν,
3734 4520 3835 4570 εὐο

2250 4606 2472 4658 λάὅειαν
2505 4609 2872 4669 πλαττόμενοι
2902 4611 3002 4680 τὴν
3052 4611 3125 4674 ὡς
3157 4610 3377 4678 ἀληθῶς
3407 4610 3724 4679 ἐπιζήμιον,
3765 4610 3839 4682 ἢν

2249 4699 2278 4747 ό
2310 4694 2478 4763 βαθὺς
2507 4699 2588 4759 εἰς
2618 4700 2960 4769 πανουργίαν
2994 4700 3180 4769 ἐξεῦρε
3229 4700 3475 4762 διάϐολος
3497 4715 3512 4731 ⁸
3544 4698 3700 4758 οὗτος
3734 4702 3846 4753 καὶ

2249 4789 2360 4859 γὰρ
2409 4790 2655 4854 ποικίλος
2698 4791 2774 4843 ῶν
2804 4793 2885 4855 είς
2924 4794 3163 4863 ἀπάτην,
3216 4796 3517 4863 σωφρονεῖν
3545 4791 3648 4862 μὲν
3677 4792 3843 4860 ἡμᾶς

2251 4882 2360 4934 οὐδ’
2393 4883 2530 4945 ὅλως
2557 4886 2640 4956 ἐᾷ,
2665 4889 2730 4957 τῇ
2776 4886 2885 4939 τῶν
2935 4887 3243 4955 ἀνθρώπων
3293 4888 3501 4960 χαίρων
3535 4885 3797 4958 ἀπωλείᾳ
3820 4902 3838 4915 ·

2254 4975 2635 5041 καταμολύνας
2667 4980 2722 5031 δὲ
2757 4982 2869 5041 τοῖς
2897 4984 3107 5044 κακοῖς,
3141 4981 3388 5051 φρίττειν
3420 4978 3708 5034 ἀναπείθει
3733 4982 3842 5046 τὴν

2250 5066 2358 5119 τῶν
2384 5066 2542 5119 θείων
2573 5069 2760 5139 δώρων
2789 5073 3117 5142 μετάληψιν,
3135 5072 3226 5126 ἴνα
3248 5072 3544 5134 διαπαντὸς
3562 5075 3629 5141 τῇ
3649 5073 3845 5142 ἁμαρ-

2249 5160 2343 5229 τίᾳ
2381 5159 2730 5224 δουλεύοντες
2791 5165 2946 5235 ἡμεῖς
3000 5166 3254 5235 οὐδαμῶς
3301 5166 3692 5235 ἀνανήψωμεν,
3738 5165 3839 5220 καὶ

2250 5251 2468 5321 γνῶμεν
2495 5255 2553 5306 τὸ
2583 5256 2648 5325 τῇ
2678 5253 2825 5327 ψυχῇ
2852 5257 3128 5326 συμφέρον
3164 5258 3263 5327 (ι).

2257 5552 2517 5609 quentem
2582 5546 3030 5599 communionem
3095 5546 3442 5615 improbant;
3517 5548 3839 5616 generalem

2251 5619 2569 5693 quantitati},
2597 5630 2702 5666 llOEl
2732 5622 3081 5693 pecul'nt'em,
3105 5630 3399 5671 caus;intes
3421 5620 3835 5688 indignitatem,

2252 5693 2346 5737 aut
2376 5688 2682 5740 simulatam
2712 5689 3105 5755 pl‘tipClllOJilllt
3141 5704 3363 5743 retere"
3403 5692 3407 5696 ’
3822 5720 3833 5729 η
