4050 6210
311 279 417 340 9.6.3

311 490 536 560 δεσμὸν,
568 491 664 542 καὶ
695 491 1100 564 ἀπορρίψαντες
1133 490 1224 557 ἀφ’
1263 491 1421 560 ἡμῶν
1471 491 1562 544 τὸν
1599 493 1760 560 ζυγὸν
1791 494 1888 544 αύ-

315 581 432 646 τοῦ,
459 580 839 648 δουλεύσωμεν
869 582 946 648 τῷ
975 583 1166 652 Κυρίῳ
1199 585 1256 634 ἐν
1302 583 1472 652 φόϐῳ,
1497 583 1638 636 καθὰ
1683 585 1888 652 γέγρα-

317 691 470 736 πται,
501 675 596 726 καὶ
629 675 740 726 τῶν
769 675 866 741 τῆς
898 675 1099 744 σαρκὸς
1131 675 1332 742 ἡδονῶν
1381 677 1638 743 ἀμείνους
1683 678 1750 728 δι’
1795 678 1890 743 ἐγ-

315 765 578 836 κρατείας
607 765 912 834 γενόμενοι,
944 767 1258 837 προσίωμεν
1289 771 1355 837 τῇ
1382 769 1502 838 θείᾳ
1529 771 1621 820 καὶ
1651 770 1890 840 οὐρανίῳ

313 857 522 924 χάριτι,
546 857 638 908 καὶ
673 857 752 918 είς
788 856 950 922 ἁγίαν
981 859 1272 910 κοινωνίαν
1299 859 1597 920 ἀναϐάντες
1626 861 1886 930 Χριστοῦ,

313 947 569 1016 καθάπερ
612 944 826 1008 λέοντες
854 947 964 1014 πῦρ
1003 949 1279 1015 πνέοντες,
1304 949 1477 1011 οὕτως
1526 950 1634 1002 ἀπὸ
1679 952 1778 1017 τῆς
1813 954 1887 1002 ἱε-

321 1041 419 1107 ρᾶς
439 1041 535 1091 καὶ
557 1040 931 1107 πνευματικῆς
954 1041 1233 1109 τραπέζης
1252 1042 1628 1110 ἀναχωρῶμεν
1653 1042 1888 1110 ἐκείνης,

319 1131 544 1197 φοϐεροὶ
575 1131 650 1198 τῷ
679 1129 912 1200 διαϐόλῳ
945 1135 1246 1200 γινόμενοι,
1279 1133 1374 1183 καὶ⁵
1399 1132 1498 1201 τὴν
1522 1132 1766 1202 κεφαλὴν
1793 1134 1892 1201 τὴν

314 1221 592 1291 ἡμετέραν
621 1223 952 1288 ἐννοοῦντες,
983 1224 1076 1275 καὶ
1109 1223 1205 1292 τὴν
1233 1225 1456 1293 ἀγάπην
1487 1224 1554 1295 ἢν
1588 1226 1718 1293 περὶ
1743 1225 1890 1294 ἡμᾶς

315 1312 630 1377 ἐπεδείξατο
651 1327 666 1344 ο
717 1313 860 1364 οὕτω
893 1313 1002 1381 γὰρ
1056 1313 1198 1366 οὕτω
1232 1315 1326 1368 καὶ
1360 1315 1576 1382 ἀπάτης
1634 1314 1890 1381 περιεσό-

319 1405 458 1473 μεθα
487 1403 828 1473 διαϐολικῆς,
858 1404 1008 1466 θείας
1036 1421 1094 1456 τε
1141 1404 1356 1472 φύσεως
1386 1405 1732 1474 γενησόμεθα
1780 1421 1892 1456 κοι-

317 1496 494 1560 νωνοὶ,
529 1496 626 1548 καὶ
656 1496 794 1566 πρὸς
827 1495 972 1565 ζωὴν
1001 1498 1094 1549 καὶ
1121 1496 1430 1564 ἀφθαρσίαν
1455 1497 1847 1565 ἀναϐησόμεθα
1873 1511 1887 1524 ο

319 1587 704 1656 κατακοιμίζει
729 1587 836 1657 γὰρ
866 1591 924 1640 ἐν
948 1589 1077 1656 ἡμῖν
1105 1590 1132 1641 ὁ
1163 1588 1396 1657 Χριστὸς
1427 1587 1663 1656 γεγονὼς
1693 1590 1749 1638 ἐν
1776 1588 1890 1649 τοῖς

320 1677 514 1746 μέλεσι
537 1679 636 1746 τῆς
682 1679 882 1748 σαρκὸς
929 1679 1282 1748 ἀγριαίνοντα
1319 1680 1503 1747 νόμον,
1541 1681 1634 1734 καὶ
1679 1677 1890 1741 ἀναζω-

1571 283 1722 342 ΕΉΙ
1743 283 1912 343 lCON
1963 287 2131 346 Vill.

382 401 476 464 ιζ’.
537 398 694 452 Ἀλλά
731 399 1136 470 διαρρήξωμεν,
1179 399 1506 470 παρακαλῶ,
1539 400 1628 454 τὸν
1678 402 1888 454 ἐκείνου
1921 409 1962 461 Α

3455 287 3562 348 95Ιῖ

2069 404 2157 458 l7.
2201 405 2314 471 Age
2347 417 2478 457 vero
2511 401 2914 472 dirumpamus,
2949 417 3155 470 tptatso.
3196 401 3341 455 illius
3375 401 3564 456 vincu-

1993 499 2131 556 lum.
2183 499 2484 568 jugutnque
2544 499 2662 567 ejus
2709 499 2870 566 longe
2921 514 2949 551 a
3006 498 3166 552 nobis
3217 498 3562 566 abjicientes,

1993 589 2300 643 serviamus
2330 589 2557 642 Domino
2605 591 2660 642 in
2715 591 2933 654 tiu'tore,
2965 589 3044 642 uti
3077 590 3342 656 scriptum
3379 599 3464 644 est
3499 591 3564 654 ³³,

1991 691 2049 736 et
2103 682 2288 734 carnis
2340 681 2652 750 voluptates
2705 682 3054 735 continentia
3119 679 3562 744 vincentes,.atl

1993 773 2238 828 divinam
2291 775 2688 842 cmlestcmque
2751 774 2982 843 gratiam
3049 773 3381 827 accedamus
3437 791 3450 826 :
3511 783 3567 827 ct

1993 877 2284 936 postquam
2308 865 2372 919 ad
2395 875 2644 920 Sanctam
2669 865 2876 920 Christi
2905 864 3352 918 communionem
3371 880 3564 918 ascen-

1993 957 2258 1020 derimus,
2303 958 2527 1012 leonum
2579 958 2754 1012 instar
2809 957 2990 1026 ignem
3035 957 3332 1026 spirantes,
3377 957 3458 1010 sic
3500 957 3567 1010 ab

1995 1047 2086 1102 illa
2119 1063 2274 1102 sacra
2301 1059 2354 1102 ct
2381 1048 2619 1117 spiritali
2661 1063 2851 1102 mensa
2887 1057 3254 1108 revertamur,
3289 1047 3562 1100 terribiles

1995 1134 2124 1188 facti
2156 1135 2400 1197 diabolo.
2427 1144 2486 1188 et
2517 1135 2583 1189 de
2611 1137 2792 1204 capite
2833 1145 3028 1190 nostro
3054 1135 3278 1190 Christo
3321 1140 3566 1206 cogitan-

1995 1235 2098 1288 tes,
2143 1227 2322 1294 deque
2385 1227 2652 1281 charitate
2711 1243 2874 1294 quam
2933 1227 3092 1280 nobis
3143 1227 3416 1282 exhibuit.
3475 1226 3568 1282 Sic

1995 1316 2164 1380 enim,
2199 1317 2300 1376 sic,
2345 1315 2591 1384 inquam,
2628 1317 2956 1370 diabolicam
2999 1316 3249 1371 fraudem
3281 1318 3572 1386 superabi-

1995 1421 2140 1470 mos,
2189 1417 2245 1460 et
2295 1407 2495 1460 divina:
2546 1417 2754 1462 natura:
2799 1409 3355 1475 communicabimus,
3407 1418 3464 1464 ct
3502 1407 3570 1462 ad

1995 1499 2161 1552 vitam
2217 1499 2802 1570 immortalitatemque
2849 1517 3162 1570 surgemus.
3201 1499 3368 1555 Sedat
3419 1501 3570 1554 enim

1994 1591 2248 1646 Christus
2278 1592 2422 1646 intra
2465 1609 2566 1647 nos
2599 1607 2950 1648 commorans
2973 1594 3294 1648 saevientem
3319 1593 3374 1646 in
3401 1609 3571 1646 mem~

1997 1675 2112 1736 bri‘s
2165 1683 2350 1736 carnis
2379 1683 2580 1752 legem,
2619 1685 2881 1752 pietatem
2915 1700 3044 1754 erga
3095 1686 3265 1740 Deum
3301 1685 3570 1745 incendit,

319 1771 484 1837 πυροῖ
521 1769 620 1838 μὲν
647 1769 746 1839 τὴν
777 1771 856 1831 εἰς
903 1769 1036 1822 Θεὸν
1067 1770 1380 1835 εὐλάϐειαν,
1408 1771 1703 1838 ἀπονεκροῖ
1732 1770 1788 1821 δὲ
1822 1769 1890 1820 τά

1997 1771 2329 1838 cupiditates
2356 1774 2658 1826 mortificat
2691 1792 2706 1828 :
2747 1776 3022 1843 nobisque
3053 1785 3276 1845 peccata
3307 1775 3570 1830 luerentia

319 1861 490 1930 πάθη,
528 1861 604 1930 μὴ
631 1862 982 1930 λογιζόμενος
1017 1863 1151 1930 ἡμῖν
1178 1865 1248 1916 τά
1285 1864 1342 1914 ἐν
1373 1858 1451 1924 οἷς
1501 1864 1667 1931 ἐσμεν
1718 1877 1896 1930 παρα-

319 1953 614 2020 πτώματα,
641 1951 964 2022 θεραπεύων
991 1953 1048 2004 δὲ
1081 1954 1281 2022 μᾶλλον
1333 1955 1478 2024 ἡμᾶς
1509 1953 1890 2022 νενοσηκότας,

317 2042 682 2110 καταδεσμῶν
732 2041 806 2104 ὡς
861 2045 1380 2114 συντετριμμένους,
1419 2048 1651 2112 ἐγείρων
1687 2044 1760 2105 ὡς
1791 2061 1892 2096 πε·

320 2130 626 2192 πτωκότας,
659 2129 864 2200 ποιμὴν
902 2130 1106 2196 ἀγαθὸς
1155 2131 1438 2200 ὑπάρχων,
1469 2133 1562 2182 καὶ
1591 2133 1690 2200 τὴν
1717 2131 1893 2200 ψυχὴν

319 2219 516 2274 ἑαυτοῦ
548 2220 719 2282 τιθεὶς
763 2220 904 2290 ὑπὲρ
939 2220 1048 2272 τῶν
1099 2222 1408 2288 προϐάτιον.
1449 2221 1656 2274 Οὐκοῦν
1705 2223 1893 2290 μηδεὶς

319 2311 704 2379 ἐκλελυμένος,
775 2311 965 2380 μηδεὶς
1015 2310 1268 2370 ναυτιῶν.
1321 2311 1456 2364 ἀλλά
1506 2312 1893 2380 πεπυρωμένοι

323 2405 416 2454 καὶ
459 2403 880 2472 διεγηγερμένοι
934 2403 1028 2454 καὶ¹
1077 2402 1294 2464 ζέοντες
1352 2401 1592 2464 ἅπαντες
1645 2403 1894 2472 τῇ⁶θείᾳ

318 2492 711 2562 προσέλθωμεν
737 2491 1006 2562 τραπέζῃ,
1039 2492 1201 2544 αὑτὸν
1243 2491 1480 2561 ὁρῶντες
1507 2493 1766 2561 Χριστὺν,
1799 2496 1894 2544 αὺ-

319 2583 410 2636 τοῦ
443 2585 764 2652 ἁπτόμενοι,
793 2584 954 2636 αὑτὸν
983 2583 1255 2646 ἐσθίοντες
1281 2599 1295 2614 ⁸
1325 2587 1373 2634 εί
1405 2583 1513 2651 γὰρ
1546 2583 1594 2634 οἱ
1653 2583 1894 2634 Ἰουδαῖοι

319 2676 577 2738 ἑστῶτες,
604 2677 696 2729 καὶ
729 2679 796 2728 τὰ
841 2677 1167 2744 ὑποδήματα
1215 2676 1614 2742 περικείμενοι,
1646 2676 1739 2724 καὶ
1794 2673 1894 2734 τὰς

318 2769 622 2842 βακτηρίας
650 2772 867 2840 ἔχοντες
896 2773 952 2824 ἐν
993 2775 1112 2830 ταῖς
1143 2771 1331 2840 χερσὶν
1355 2769 1542 2840 ἢσθιον
1591 2770 1677 2832 τὸς
1703 2767 1892 2835 Πάσχα

315 2864 460 2930 μετά
517 2865 774 2932 σπουδῆς.
829 2861 1010 2932 πολλῷ
1071 2864 1270 2930 μᾶλλον
1331 2862 1476 2930 ἡμᾶς
1526 2861 1718 2926 νήφειν
1751 2857 1886 2934 ,δεῖ-

315 2959 518 3008 ἐκεῖνοι
570 2956 668 3026 μὲν
715 2959 824 3023 γὰρ
873 2955 952 3016 είς
994 2954 1361 3016 Παλαιστίνην
1399 2952 1624 3020 έμεὶλον
1670 2950 1893 3014 ἐξιέναι.

314 3045 396 3099 διὸ
449 3046 541 3098 καὶ
593 3047 892 3116 ὁδοιπῶρων
925 3047 1227 3114 ἐκέκτηντο
1283 3046 1490 3112 σχῆμα,
1525 3045 1681 3114 ἡμεῖς
1712 3043 1767 3096 δὲ
1812 3044 1890 3106 είς

313 3140 408 3192 τὸν
437 3140 670 3206 οὐρανὸν
703 3140 970 3208 μέλλομεν
1009 3140 1332 3208 ἀποδημεῖν.

391 3230 484 3301 ιη’.
521 3233 686 3284 Ὅθεν
739 3233 844 3302 χρὴ
884 3234 1151 3288 πάντοθεν
1199 3233 1587 3302 ἐγρηγορέναι,
1620 3233 1707 3285 διὰ
1727 3235 1784 3286 τὸ
1818 3232 1895 3303 μὴ

319 3325 526 3394 μικρὰν
555 3325 769 3378 κεῖσθαι
803 3325 1023 3378 κόλασιν
1057 3327 1167 3386 τοῖς
1197 3325 1430 3390 ἀναξίως
1465 3327 1776 3395 μετέχουσι..
1801 3329 1895 3379 καὶ

317 3417 386 3486 ἡν
419 3417 637 3480 πάντως
685 3418 964 3472 πείσονται
1017 3418 1242 3480 δικαίως
1271 3418 1321 3470 οἱ
1355 3420 1800 3485 κατασφάξαντες
1835 3419 1896 3469 τὸ

317 3509 584 3577 πανάγιον
619 3510 778 3579 σῶμα
811 3509 1050 3578 Χριστοῦ
1071 3524 1085 3539 ⁶
1118 3510 1262 3572 τίνος
1293 3511 1402 3578 γάρ
1430 3511 1490 3562 ού
1529 3510 1610 3562 δεῖ
1642 3509 1895 3580 καθαρώ-

313 3619 474 3672 τερον
523 3599 664 3656 εἶναι
707 3603 802 3654 τὸν
847 3602 947 3670 τῆς
997 3601 1186 3664 θυσίας
1245 3601 1594 3654 ἀπολαύοντα
1648 3602 1892 3669 ταύτηςς

317 3693 484 3753 Ποίας
513 3692 744 3761 ἡλιακῆς
795 3692 1014 3754 ἀκτῖνος
1063 3691 1124 3742 οὐ
1177 3691 1570 3761 λαμπροτέραν
1603 3690 1702 3760 τὴν
1735 3695 1895 3762 χεῖρα

313 3787 416 3854 τὴν
465 3786 664 3853 ταύτην
717 3785 818 3854 τὴν
862 3783 1044 3854 σάρκα
1089 3783 1504 3852 διατέμνουσαν,
1541 3784 1600 3834 τὸ
1629 3785 1810 3851 στόμα
1837 3786 1896 3836 τὸ

315 3879 700 3948 πληρούμενον
733 3877 905 3947 πυρὸς
950 3875 1354 3945 πνευματικοῦ,
1382 3875 1480 3944 τὴν
1516 3875 1764 3942 γλῶσσαν
1795 3877 1894 3944 τὴν

269 4007 274 4010 -
315 3969 742 4038 φοινισσομένην
769 3969 962 4038 αἵματι
1003 3966 1476 4038 φρικωδεστάτῳ;
1520 3968 1895 4036 Ἐννοὴσωμεν

317 4061 474 4114 ποξαν
501 4060 844 4129 ἐτιμὴθημεν
888 4059 1074 4130 τιμὴν,
1106 4061 1264 4122 ποίας
1315 4059 1664 4127 ἀπολαύομεν
1693 4059 1890 4126 τραπέ-

315 4149 415 4218 ζης
439 4163 452 4178 ⁶
489 4151 628 4219 ὅπερ
681 4150 904 4218 ἄγγελοι
963 4149 1253 4218 βλέποντες
1307 4150 1612 4217 φρίττουσι,
1646 4152 1740 4201 καὶ
1772 4151 1893 4201 οὐδὲ

313 4237 635 4306 ἀντιϐλέψαι
689 4239 965 4307 τολμῶσιν
996 4239 1187 4302 ἀδειῖις,
1209 4239 1297 4294 διὰ
1329 4239 1426 4309 τὴν
1453 4239 1664 4292 ἐκεῖθεν
1693 4241 1896 4308 ἀστρα-

315 4329 424 4398 πὴν
450 4329 782 4400 φερομένην.
816 4329 1004 4398 Τούτῳ
1032 4331 1191 4398 ἡμεῖς
1221 4331 1558 4400 τρεφόμεθα,
1610 4333 1708 4384 καὶ
1733 4332 1894 4400 σῶμα

1989 1863 2100 1932 jam
2135 1879 2243 1916 non
2269 1864 2526 1932 imputat,
2557 1865 2650 1918 sed
2688 1881 2791 1920 nos
2819 1867 3002 1934 potius
3028 1875 3363 1934 a‘grorantes
3390 1876 3567 1933 sanat,

1994 1955 2270 2008 contritos
2307 1955 2516 2024 alligat,
2553 1956 2738 2026 lapsos
2789 1955 2976 2026 erigit,
3005 1973 3130 2010 cum
3164 1957 3235 2011 sit
3265 1957 3443 2012 bonus
3477 1971 3571 2025 pa-

1993 2053 2109 2098 stor
2152 2045 2248 2112 qui
2295 2046 2533 2098 animam
2589 2061 2742 2100 suam
2795 2063 2895 2116 pro
2943 2048 3142 2102 ovibus
3187 2047 3360 2115 ponit.
3400 2047 3571 2100 Nemo

1995 2133 2182 2200 itaque
2235 2133 2552 2200 languidus,
2610 2150 2774 2188 nemo
2823 2149 3122 2200 nauseans,
3161 2135 3256 2188 sed
3309 2135 3466 2203 igniti
3518 2143 3574 2186 et

1995 2228 2169 2280 erecti
2202 2241 2398 2280 omnes
2439 2237 2605 2294 atque
2652 2227 2934 2281 ferventes
2961 2229 3030 2280 ad
3068 2229 3308 2282 divinam
3345 2229 3572 2282 acceda—

1997 2335 2119 2373 mus
2151 2334 2422 2383 mensam,
2461 2320 2640 2388 ipsum
2687 2330 3006 2388 spectantes
3050 2321 3357 2386 Christum,
3391 2322 3572 2390 ipsum

1995 2411 2349 2480 frangentes,
2375 2413 2556 2480 ipsum
2589 2412 2966 2464 comedentes.
2993 2411 3128 2465 Nam
3161 2413 3395 2478 siJudazi
3427 2421 3577 2468 stan-

1998 2511 2102 2568 tes,
2131 2513 2188 2557 et
2217 2503 2608 2556 calceamentis
2637 2503 2920 2564 instructi,
2952 2502 3287 2572 baculosque
3319 2503 3576 2558 manibus

2000 2603 2278 2657 tenentes,
2329 2593 2542 2648 Pascha
2581 2593 2990 2646 tuamlncabant
3029 2609 3153 2647 eum
3193 2595 3570 2662 festinatione,

1999 2682 2364 2750 multomagis
2395 2697 2494 2734 nos
2534 2682 2916 2751 Oportetfrugi
2955 2697 3116 2748 esse;
3147 2683 3354 2736 etenim
3388 2684 3464 2736 illi
3516 2685 3572 2738 in

1995 2773 2345 2828 Palaestinam
2401 2774 2704 2842 profecturi
2757 2785 2937 2841 erant,
2983 2791 3154 2844 quare
3191 2787 3246 2830 et
3293 2778 3572 2830 viatorum

1997 2869 2218 2922 schema
2251 2867 2642 2934 assumcbant;
2681 2882 2782 2922 nos
2813 2883 2946 2922 vero
2973 2869 3028 2920 in
3055 2867 3255 2922 coelum
3290 2869 3573 2923 transituri

2000 2970 2212 3010 sumus.

2069 3222 2156 3276 lS.
2196 3219 2544 3288 Quapropter
2601 3223 2828 3276 omnino
2883 3223 3218 3292 vigilandum
3269 3231 3388 3287 est,
3443 3223 3573 3292 quia

1997 3329 2106 3366 non
2143 3314 2280 3368 levis
2309 3323 2495 3368 manet
2533 3329 2690 3382 pmna
2745 3313 2972 3382 indigne
3021 3315 3442 3384 participantes,
3483 3316 3573 3368 illa

1997 3422 2250 3475 prorsus,
2279 3423 2443 3477 quam
2471 3409 2620 3478 juste
2651 3407 2932 3476 patientur
2959 3407 2994 3460 ii
3028 3409 3120 3476 qui
3147 3409 3568 3462 sanctissimum

1997 3499 2206 3552 Christi
2263 3515 2466 3568 corpus
2517 3507 2925 3554 mactaverunt.
2983 3499 3146 3554 Certe
3202 3501 3333 3566 quid
3379 3503 3574 3569 purius

1997 3607 2119 3645 esse
2151 3592 2313 3646 debet
2347 3591 2592 3656 homine,
2626 3591 2718 3660 qui
2757 3591 2898 3644 hanc
2939 3591 3218 3645 victimam
3254 3603 3576 3660 gustaturus

1997 3684 2117 3736 est?
2158 3683 2298 3750 Quid
2354 3684 2408 3736 ni
2458 3684 2626 3738 solari
2686 3683 2842 3736 radio
2874 3665 3230 3751 splendidior.
3263 3698 3383 3738 esse
3411 3685 3576 3737 debet

1999 3792 2216 3836 manus.
2259 3791 2382 3844 quae
2413 3777 2554 3830 hanc
2585 3791 2816 3830 carnem
2852 3775 3160 3834 distribuit,
3195 3789 3257 3828 os
3307 3777 3430 3844 igne
3457 3776 3575 3843 spi-

1999 3867 2145 3918 ritali
2182 3866 2434 3934 plenum,
2463 3866 2651 3934 lingua
2692 3865 2999 3918 rubescens
3033 3863 3302 3932 sanguine
3330 3877 3574 3917 tremen-

1999 3957 2270 4012 dissitno'?
2295 3956 2726 4010 Considercmus
2755 3956 2904 4024 quali
2937 3957 3146 4010 honore
3177 3955 3324 4010 aucti
3371 3957 3569 4014 simus,

1999 4049 2148 4118 quali
2205 4047 2459 4100 fruamur
2511 4062 2753 4098 mensa:
2804 4047 3202 4120 quam_angeli
3259 4057 3573 4116 spectantes

2003 4147 2266 4202 tremunt,
2303 4154 2480 4207 neque
2530 4138 2722 4190 oculos
2773 4147 2968 4190 contra
2999 4139 3256 4192 attollere
3304 4137 3574 4206 intrepide

1997 4235 2224 4298 audent,
2285 4241 2514 4301 propter
2556 4231 2682 4284 inde
2735 4230 3062 4284 emicantem
3105 4231 3394 4298 fulgorem.
3460 4229 3572 4282 lluc

1999 4341 2101 4380 nos
2138 4327 2442 4386 nutrimur,
2477 4325 2606 4376 huic
2635 4323 3082 4384 commiscmnur,
3111 4332 3164 4375 et
3191 4337 3393 4390 Corpus
3416 4321 3574 4378 Chri-

313 4421 554 4492 Χριστοῦ
589 4421 854 4490 γινόμεθα
901 4420 980 4482 ἓν,
1013 4421 1108 4472 καὶ
1164 4421 1300 4489 σάρξ
1347 4421 1468 4490 μία.
1523 4424 1618 4485 Τίς
1673 4423 1893 4492 λαλήσει

2005 4425 2072 4470 sti
2117 4433 2288 4470 unum
2323 4416 2612 4478 etlicimur,
2669 4424 2728 4468 et
2773 4431 2904 4468 caro
2961 4429 3089 4470 una.
3147 4415 3278 4478 Quis
3323 4415 3576 4482 loquetur

313 4517 412 4577 τὰς
440 4515 753 4576 δυναστείας
782 4511 878 4566 τοῦ
911 4513 1142 4582 Κυρίου,
1171 4515 1439 4573 ἀκουστὰς
1467 4515 1680 4582 ποιήσει
1717 4515 1892 4576 πάσας

315 4609 414 4672 τὰς
445 4609 680 4669 αίνέσεις
705 4606 871 4659 αὑτοῦ
898 4623 914 4673 ;
942 4607 1028 4658 διὰ
1057 4605 1273 4658 πάντων
1293 4608 1440 4675 ἡμᾶς
1473 4607 1620 4675 αὑτῷ
1651 4607 1896 4674 συμπλέ-

321 4715 529 4762 κοντος,
559 4699 654 4750 καὶ
681 4698 760 4750 ἐνὶ
804 4697 1020 4766 ἑκάστῳ
1046 4695 1152 4748 τῶν
1200 4697 1406 4750 πιστῶν
1459 4696 1651 4748 ἑαυτὸν
1699 4701 1896 4765 ἀναμι-

318 4790 542 4858 γνύντος
569 4790 655 4842 διὰ
682 4789 776 4842 τοῦ
815 4789 1116 4858 μυστηρίου
1149 4803 1162 4816 ·
1209 4787 1304 4840 καὶ
1337 4787 1512 4858 τούτῳ
1545 4788 1750 4850 πάντας
1774 4787 1891 4838 πεί-

320 4885 501 4944 θοντος
531 4883 712 4944 πάλιν,
735 4882 817 4934 ὅτι
851 4880 1032 4950 σάρκα
1069 4878 1228 4932 ἔλαϐε
1259 4880 1357 4948 τὴν
1391 4880 1572 4948 ἡμῶν.
1597 4882 1688 4949 Μὴ
1713 4879 1894 4930 τοίνυν

321 4975 659 5045 ῥαθυμῶμεν
688 4972 957 5040 τοσαύτης
990 4971 1282 5040 ἠξιωμένοι
1316 4972 1480 5042 τιμῆς
1527 4973 1621 5024 καὶ
1652 4972 1892 5038 ἀγάπης.

317 5068 428 5134 υὺλ
449 5065 666 5136 ορῶμεν
698 5064 766 5116 τὰ
798 5063 986 5116 παιδία
1012 5063 1130 5133 μεθ’
1159 5065 1291 5133 ὅσης
1319 5065 1626 5133 προθυμίας
1659 5064 1894 5131 δράσσε-

315 5176 408 5212 ται
439 5157 532 5210 τοῦ
563 5155 794 5227 μαστοῦ,
829 5154 954 5222 μεθ’
985 5156 1118 5224 ὅσης
1147 5154 1244 5223 τῆς
1277 5154 1456 5222 ὁρμῆς
1489 5157 1803 5225 ἐμπήγνυσι
1833 5158 1893 5224 τῇ

320 5251 458 5322 θηλῇ
491 5253 560 5304 τά
591 5250 744 5320 χείλη
767 5267 780 5315 ;
805 5249 960 5302 Μετά
981 5247 1252 5316 τοσαύτης
1277 5249 1594 5318 προσίωμεν
1618 5251 1714 5300 καὶ
1735 5251 1894 5318 ἡμεῖς

315 5348 384 5415 τῇ
431 5341 684 5414 τραπέζῃ
735 5341 910 5412 ταύτῃ
943 5339 1036 5392 καὶ¹
1065 5343 1130 5410 τῇ
1180 5338 1315 5408 θηλῇ
1359 5338 1451 5390 τοῦ
1503 5339 1768 5408 ποτηρίου
1801 5340 1894 5390 τοῦ

319 5435 692 5504 πνευματικοῦ
718 5449 731 5462 ·
763 5435 963 5503 μᾶλλον
997 5433 1052 5484 δὲ
1083 5432 1220 5502 μετά
1253 5431 1433 5500 πολλῷ
1471 5431 1738 5494 πλείονος.
1778 5433 1897 5484 Ἑλ·-

320 5528 600 5599 κύσωμεν,
636 5529 711 5590 ὡς
745 5527 936 5581 παιδία
975 5527 1280 5598 ὑπομάζια,
1314 5525 1406 5578 τοῦ
1455 5525 1774 5596 Πνεύματος
1801 5528 1898 5597 τὴν

395 5704 439 5734 η
471 5704 613 5758 l’sal.
655 5720 715 5769 ιι,
749 5703 832 5758 ιι.

2003 4508 2281 4576 potentias
2305 4506 2544 4570 Domini,
2568 4506 2784 4560 auditas
2817 4506 3188 4560 f‘acietomncs
3210 4506 3398 4556 laudes
3417 4505 3574 4572 ejus?

2003 4599 2097 4666 qui
2135 4599 2363 4652 omnino
2395 4613 2494 4651 nos
2535 4599 2638 4652 sibi
2700 4597 2942 4662 ecpulat,
2977 4597 3070 4664 qui
3102 4595 3399 4662 unicuique
3443 4595 3576 4650 tide-

2003 4691 2137 4744 lium
2176 4705 2234 4742 se
2283 4689 2526 4742 insinuat
2583 4702 2678 4756 per
2724 4688 2827 4740 hoc
2877 4686 3223 4756 mysterium,
3271 4685 3576 4754 eodemque

2005 4783 2168 4836 simul
2197 4780 2394 4835 suadet
2426 4796 2484 4834 se
2511 4794 2731 4833 carnem
2761 4789 3004 4832 nostram
3033 4778 3164 4832 olim
3191 4780 3570 4846 assumpsisse.

2003 4875 2082 4928 Ne
2120 4875 2289 4941 igitur
2323 4873 2588 4926 socordes
2621 4871 2820 4934 simus,
2847 4878 3140 4938 postquam
3182 4871 3392 4922 honore
3427 4879 3579 4924 tanto

2006 4975 2174 5035 atque
2207 4979 2401 5018 amore
2434 4964 2582 5032 digni
2631 4961 2800 5016 habiti
2841 4961 3066 5016 fuimus.
3099 4961 3292 5015 Nonne
3329 4963 3582 5018 videmus

2007 5058 2308 5112 infantulos
2341 5071 2504 5126 quam
2535 5063 2788 5124 prompte
2812 5055 2978 5109 ubera
3014 5055 3344 5122 corripiunt,
3374 5065 3581 5124 quanto

1991 5151 2211 5218 impetu
2251 5165 2498 5202 tnutnma:
2537 5147 2679 5200 labia
2715 5146 3048 5202 admovent?
3080 5147 3202 5200 l‘ari
3250 5157 3306 5200 et
3335 5163 3438 5200 nos
3470 5148 3582 5200 ala-

2005 5242 2204 5295 critate
2238 5241 2566 5296 accedamus
2595 5239 2659 5294 ad
2704 5240 2846 5294 hanc
2879 5255 3145 5303 mensam,
3174 5249 3230 5292 et
3260 5239 3326 5292 ad
3359 5241 3580 5307 spirita-

2005 5337 2072 5390 lis
2108 5336 2294 5390 calicis
2348 5335 2646 5403 papillam:
2683 5334 2794 5386 imo
2839 5334 3003 5388 etiam
3060 5335 3286 5402 majore.
3326 5331 3582 5387 Attraha-

2007 5441 2150 5491 mus,
2193 5437 2452 5495 tauquam
2503 5424 2662 5494 pueri
2696 5423 2994 5488 lactentes,
3027 5423 3266 5492 Spiritus
3307 5422 3578 5491 gratiam;

2007 5530 2063 5574 et
2097 5519 2295 5573 unicus
2345 5517 2505 5572 nobis
2556 5515 2820 5574 sitdolor
2851 5517 2956 5572 hoc
2987 5518 3246 5572 aiimcnto
3293 5530 3396 5567 mn
3449 5513 3578 5565 frui.
