4050 6210
547 298 649 359 967

1676 276 2077 346 THEODORI
2117 273 2674 342 MELITENIOTAE

3695 284 3786 343 98

542 412 742 467 Nullus
787 405 933 461 adsit
979 401 1171 465 Judas.
1220 400 1406 455 nullus
1444 414 1666 463 avarus,
1720 400 1908 453 nullus
1950 397 2111 452 inhu-

2223 396 2376 465 χάριν
2399 410 2415 426 ⁸
2459 388 2552 448 καὶ
2585 395 2681 464 μία
2725 396 2856 462 ἡμῖν
2880 392 3020 445 ἔστω
3066 392 3253 459 ὀδύνη,
3298 393 3358 445 τὸ
3396 396 3469 460 μὴ
3506 413 3638 463 μετα
3655 402 3787 467 σχεῖν

545 516 767 562 manus,
813 498 998 552 nullus
1054 493 1297 550 crudelis
1344 501 1399 545 et
1456 491 1874 552 immisericors,
1933 490 2115 543 nullus

545 590 773 645 omnino
808 589 1080 657 impurus.
1126 584 1182 638 Si
1223 583 1348 651 quis
1396 592 1479 635 est
1509 581 1838 650 discipulus,
1874 581 2066 634 adesto
2097 595 2114 635 :

545 682 640 750 qui
691 695 796 733 non
852 687 982 731 sunt
1035 674 1376 742 huiusmodi.
1410 688 1505 726 eos
1538 688 1644 726 non
1686 673 1881 740 recipit
1927 687 2116 725 mensa

546 775 684 828 haec.
704 790 722 823 ι
746 771 882 826 Cum
904 766 1211 835 discipulis,
1243 764 1445 833 inquit,
1469 764 1605 817 meis
1625 763 1764 817 facio
1782 762 1991 816 Pascha
2012 763 2076 815 ¹⁸.
2092 780 2110 813 ι

547 865 674 919 Πςοο
699 863 764 915 ad
791 877 886 914 eos
913 859 1008 929 qui
1054 872 1211 912 sacra
1239 856 1632 911 communione
1674 872 1783 909 non
1812 855 2115 917 abstinent,

546 956 690 1009 dicta
730 963 882 1008 sunt.

620 1134 707 1189 l9.
742 1132 914 1186 Vobis
946 1144 1165 1199 quoque
1190 1137 1385 1182 auctor
1415 1141 1559 1189 sum,
1590 1140 1623 1178 ο
1651 1125 1843 1181 altaris
1873 1126 2114 1181 ministri

547 1230 699 1287 (nam
736 1241 833 1279 vos
864 1226 1029 1278 etiam
1060 1221 1265 1290 alloqui
1297 1235 1522 1273 necesse
1541 1219 1670 1285 est),
1700 1233 1769 1273 ne
1795 1218 2117 1271 iudiﬂ'eren-

548 1331 632 1373 ter
664 1327 723 1372 et
754 1316 1282 1386 quomodocunque,
1311 1312 1405 1365 sed
1443 1312 1610 1365 multa
1642 1326 1766 1364 cum
1799 1311 2113 1376 sedulitate,

547 1412 832 1479 multaque
887 1406 1334 1461 consideratione
1378 1404 1495 1456 lucc
1547 1404 1690 1455 dona
1747 1402 2115 1456 distribuatis.

548 1504 735 1571 Neque
765 1502 913 1555 enim
944 1501 1119 1553 levem
1151 1498 1342 1551 feretis
1378 1512 1618 1565 poenam,
1651 1498 1695 1548 si
1733 1510 1856 1547 cum
1882 1495 2118 1563 alicujus

547 1593 957 1662 improbitatem
1026 1589 1330 1647 noveritis.
1393 1602 1517 1640 eum
1582 1587 1913 1655 participare
1974 1585 2117 1639 hanc

549 1700 789 1738 mensam
848 1683 1199 1752 permittetis.
1266 1680 1500 1749 Sanguis
1566 1679 1683 1746 ejus
1736 1679 1802 1730 de
1861 1676 2116 1730 manibus

543 1777 744 1830 vestris
776 1777 1113 1842 requiratur.
1158 1770 1389 1825 Etiamsi
1427 1770 1629 1838 aliquis
1662 1770 1769 1821 dux
1807 1768 1993 1832 fuerit,
2030 1768 2114 1821 vel

547 1877 767 1932 praztor,
808 1866 891 1919 vel
931 1864 1067 1918 adeo
1101 1864 1217 1933 ipse
1251 1862 1344 1931 qui
1381 1862 1691 1914 diademate
1722 1860 2036 1919 redimitur,
2070 1858 2115 1911 si

546 1960 766 2027 indigne
800 1956 1047 2015 accedat.
1075 1955 1346 2022 prohibe;
1401 1970 1526 2006 nam
1559 1954 1763 2021 majore
1801 1968 1964 2020 quam
2024 1952 2116 2003 ille

547 2058 821 2120 potestate
875 2047 1069 2113 polles.
1106 2044 1187 2098 Tu
1236 2054 1388 2098 certe
1441 2046 1483 2098 si
1535 2059 1689 2111 aqum
1729 2042 1932 2095 fontem
1966 2043 2117 2111 gregi

547 2156 746 2208 purum
799 2136 1129 2190 servandum
1178 2135 1518 2199 accepisses.
1571 2131 1614 2184 si
1670 2147 1826 2183 ovem
1862 2147 2119 2185 cernercs

550 2231 780 2282 multum
817 2242 911 2279 ore
942 2240 1041 2279 suo
1072 2225 1251 2276 lutum
1286 2224 1633 2284 aﬂ'erentem,
1686 2222 1827 2274 haud
1873 2224 2118 2289 profecto

552 2322 764 2373 sineres
817 2318 948 2371 illuc
990 2314 1349 2377 descendere,
1384 2323 1440 2367 et
1486 2314 1752 2366 ﬂuentum
1806 2314 2118 2380 inquinare.

549 2410 711 2464 Nunc
758 2422 890 2459 vero
936 2420 1061 2459 cum
1126 2420 1232 2457 non
1277 2418 1433 2469 aquae
1484 2402 1578 2456 sed
1632 2404 1917 2472 sanguinis
1956 2413 2120 2473 atque

549 2501 790 2570 Spiritus
842 2499 966 2553 fons
1018 2497 1116 2550 tibi
1177 2496 1575 2550 custodiendus
1631 2497 1700 2550 sit
1764 2497 2016 2559 traditus,
2072 2498 2119 2551 si

551 2596 694 2648 forte
746 2593 934 2645 videas
978 2591 1134 2660 pejus
1166 2589 1281 2642 luto
1317 2598 1602 2656 peccatum
1638 2587 1910 2642 habentes
1950 2604 2120 2658 quos—

551 2683 1004 2751 dam,simulque
1037 2680 1384 2743 accedentes,
1421 2694 1530 2731 non
1566 2677 1895 2747 indignaris,
1942 2678 2121 2749 neque

550 2774 879 2829 submoves?
912 2775 1081 2839 Quam
1132 2787 1264 2841 ergo
1323 2771 1539 2823 veniam
1590 2770 1955 2838 impetrabis?
1994 2772 2122 2825 Ideo

555 2868 714 2923 vobis
752 2867 900 2921 hunc
954 2865 1100 2918 Deus
1152 2864 1420 2917 honorem
1469 2862 1726 2926 contulit,
1760 2870 1820 2915 ut
1876 2877 1990 2915 rem
2026 2862 2125 2915 hu-

549 2960 792 3028 iusmodi
860 2956 1200 3027 dijudicetis.
1257 2955 1383 3008 11ωο
1444 2962 1530 3007 est
1590 2961 1769 3006 vestra
1833 2952 2120 3021 dignitas,

2220 487 2427 555 ταύτης
2454 488 2555 556 τῆς
2580 486 2807 557 τροψῗμς.
2839 485 3044 554 Μηδεὶς
3078 486 3258 537 τοίνυν
3291 484 3489 549 Ἰοϋας
3516 492 3784 558 παρέστω,

2192 580 2413 647 ’μηδεὶς
2467 580 2844 647 φυλάργυρος,
2905 577 3097 645 μηδεὶς
3155 577 3545 645 ἀπάνθρωπος,
3609 582 3787 649 μηδεὶς

2218 672 2367 740 ὠμὸς
2395 672 2486 724 καὶ
2516 672 2770 740 ἀνηλεὴς,
2829 670 3018 741 μηδεὶς
3066 671 3203 728 ὅλως
3252 673 3584 739 ἀκάθαρτος.
3622 674 3686 724 Et
3712 691 3787 737 τις

2222 762 2494 832 μαθητὴς,
2531 762 2743 830 παρίτω
2770 779 2784 793 ο
2813 763 2876 814 οὐ
2909 762 3122 831 δέχεται
3171 762 3297 824 τοὺς
3334 762 3408 831 μὴ
3460 766 3786 833 τοιοῦτουςὴ

2218 855 2468 923 τράπεζα
2488 872 2502 886 ·
2537 874 2556 906 ι
2591 856 2743 908 Μετὰ
2763 859 2871 924 γὰρ
2893 855 3003 907 τῶν
3037 854 3296 924 μαθητῶν
3330 874 3456 925 μου,
3486 859 3643 925 φησὶ,
3665 860 3790 911 ποιῶ

2219 946 2281 998 τὸ
2349 947 2561 1014 Πάσχα.
2602 963 2620 997 ο
2657 946 2846 1001 Ταῦτα
2906 947 3044 1017 πρὸς
3086 947 3213 1011 τοὺς
3288 950 3791 1018 μεταλαμϐάνοντας

2219 1037 2365 1105 λέγω
2394 1038 2494 1107 (ι).

2290 1128 2381 1185 ιϐ’.
2416 1129 2783 1199 Συμὸουλεὺω
2808 1130 2866 1182 δὲ
2897 1129 2994 1183 καὶ
3024 1130 3156 1197 ὑμῖν
3191 1131 3305 1190 τοῖς
3359 1131 3789 1200 διακονουμένοις

2222 1223 2468 1294 (καὶγὰρ
2500 1226 2798 1291 ἀναγκαῖον
2821 1224 2916 1275 καὶ
2946 1225 3085 1292 πρὸς
3106 1224 3253 1292 ὑμᾶς
3281 1224 3685 1295 διαλεχθῆναι),
3716 1226 3783 1297 μὴ

2221 1314 2410 1376 ἁπλῶς
2444 1314 2539 1366 καὶ
2578 1313 2653 1371 ὡς
2685 1313 2895 1383 ἔτυχεν,
2927 1313 3062 1366 ἀλλά
3100 1318 3237 1383 μετὰ
3271 1317 3472 1383 πολλῆς
3503 1316 3787 1385 προσοχῆς,

2223 1406 2362 1474 μετᾶ
2392 1405 2597 1473 πολλῆς
2625 1406 2965 1473 διασκέψεως
3006 1405 3288 1472 διανέμειν
3316 1409 3477 1460 ταυτὶ
3515 1411 3580 1460 τὰ
3608 1408 3749 1476 δῶρα
3771 1424 3784 1438 ’

2221 1495 2450 1565 καὶγὰρ
2492 1496 2554 1547 οὐ
2599 1496 2774 1565 μικρὰ
2821 1495 3045 1557 κόλασις
3076 1497 3228 1565 ὑμῖν,
3270 1498 3323 1549 εί
3356 1514 3463 1549 τινι
3494 1498 3789 1561 συνειδότες

2219 1588 2341 1640 τινὰ
2363 1588 2657 1659 πονηρίαν,
2690 1589 3084 1657 συγχωρήσετε
3140 1591 3439 1658 μετασχεῖν
3466 1590 3670 1660 ταύτης
3699 1590 3787 1659 τῆς

2223 1680 2525 1751 τραπέζης.
2561 1681 2633 1733 Τὸ
2679 1674 2820 1748 αἷμα
2855 1680 3023 1732 αὑτοῦ
3080 1682 3141 1732 ὲκ
3194 1680 3305 1731 τῶν
3338 1681 3539 1749 χειρῶν
3566 1682 3788 1751 ἐκζητη-

2225 1772 2448 1840 (λήσεται
2479 1770 2586 1822 τῶν
2631 1770 2933 1840 ὑμετέρων.
2970 1768 3087 1821 Κάν
3117 1772 3417 1839 στρατηγός
3471 1786 3560 1832 τις
3612 1767 3668 1842 ᾗ,
3699 1770 3791 1822 xlv

2226 1861 2491 1931 ὕπαρχος,
2515 1862 2618 1914 κᾶν
2641 1861 2802 1924 αὐτὸς
2831 1865 2858 1914 ὁ
2882 1865 2945 1914 τὸ
2974 1861 3211 1929 διάδημα
3240 1862 3650 1931 περικείμενος,
3673 1864 3791 1913 ἀνα-

2226 1955 2351 2019 ξίως
2381 1955 2436 2007 δὲ
2471 1955 2692 2024 προσίῃ,
2726 1952 2971 2007 κὼλυσον
2997 1970 3011 1984 ·
3048 1956 3268 2022 μείζονα
3292 1955 3502 2007 ἐκείνου
3526 1956 3629 2023 τὴν
3655 1953 3793 2015 ἐξου-

2227 2048 2350 2098 σίαν
2378 2046 2613 2114 ἀνέχεις.
2645 2046 2717 2097 Σὺ
2751 2045 2806 2097 δὲ
2840 2045 2888 2097 εί
2917 2046 3020 2115 μὲν
3069 2045 3251 2115 πηγὴν
3305 2046 3494 2107 ὕδατος
3548 2044 3793 2114 ἐνεχειρί-

2228 2136 2360 2204 σθης
2385 2136 2678 2203 φυλάττειν
2709 2136 2953 2205 ποιμνίῳ
2979 2135 3248 2205 καθαρὰν,
3281 2131 3398 2188 εἶτα
3425 2131 3570 2198 εἶδες
3602 2135 3795 2205 πρόὸα-

2224 2245 2318 2280 τον
2353 2229 2521 2280 πολὺν
2554 2230 2645 2281 ἐπὶ
2674 2229 2768 2281 τοῦ
2807 2230 3072 2297 στόματος
3106 2229 3273 2299 φέρον
3311 2229 3599 2299 βόρϐορον,
3622 2232 3716 2282 οὐκ
3734 2229 3793 2282 ἂν

2226 2320 2416 2384 εἴασας
2451 2321 2714 2389 ἐπικόψαι
2750 2320 2900 2375 κάτω
2937 2321 3028 2374 καὶ
3063 2322 3295 2373 θολῶσαι
3325 2322 3385 2373 τὸ
3417 2322 3655 2392 ρεῖθρονο
3691 2325 3792 2373 νυνὶ

2225 2413 2283 2466 δὲ
2313 2414 2411 2483 οὐχ
2442 2412 2635 2475 ’ύδατος
2682 2412 2800 2465 ἀλλ’
2844 2414 3079 2482 αἵματος
3130 2416 3223 2466 καὶ
3273 2414 3593 2483 πνεύματος
3626 2415 3791 2482 πηγὴν

2228 2506 2725 2576 ἐγκεχειρισμένος,
2761 2506 2858 2558 καὶ
2886 2504 3027 2576 ὁρῶν
3060 2504 3159 2575 τὴν
3188 2505 3453 2576 βορόόρου
3488 2506 3795 2575 χαλεπωτέ-

2230 2615 2327 2668 ραν
2372 2599 2649 2669 ἁμαρτίαν
2701 2596 2924 2667 ἔχοντάς
2971 2614 3125 2661 τινας
3179 2597 3275 2650 καὶ
3309 2598 3657 2665 προσιόντας,
3701 2598 3791 2649 οὐκ

2229 2685 2557 2758 ἀγανακτεῖς
2589 2690 2711 2744 οὐδὲ
2745 2690 3035 2759 ἀπείργεις
3059 2707 3075 2754 ς
3103 2690 3211 2743 Καὶ
3245 2690 3365 2743 τίνα
3401 2690 3594 2761 σχοίης
3618 2689 3681 2743 ἂν
3702 2690 3788 2759 τὴν

2231 2780 2562 2850 συγγνώμην
2591 2819 2608 2845 ,
2641 2780 2738 2833 Διά
2760 2779 2919 2831 τοῦτο
2942 2779 3088 2848 ὑμᾶς
3111 2781 3139 2831 ὁ
3164 2778 3298 2840 Θεὸς
3333 2777 3563 2848 ἐτίμησε
3600 2777 3788 2846 ταύτην

2227 2875 2545 2946 τὴντιμην,
2574 2874 2662 2927 ἵνα
2716 2874 2782 2925 τά
2814 2873 3041 2927 τοιαῦτα
3069 2872 3403 2942 διακρίνητε.
3437 2872 3618 2925 Τοῦτο
3646 2872 3789 2940 ὑμῶν

2229 2970 2261 3039 ἡ
2304 2968 2453 3033 ἀξία,
2473 2966 2637 3020 τοῦτο
2682 2968 2714 3035 ἡ
2749 2965 3040 3035 ἀσφάλεια,
3065 2964 3225 3018 τοῦτο
3263 2963 3409 3027 ἄπας
3442 2966 3471 3016 ὁ
3498 2965 3791 3032 στέφανοςο

552 3054 671 3105 lucc
725 3048 1068 3109 immunitas,
1134 3045 1249 3098 lucc
1303 3045 1483 3097 omnis
1539 3059 1787 3111 corona;
1855 3061 1963 3099 non
2021 3062 2118 3100 au-

2230 3059 2291 3111 οὐ
2340 3060 2400 3112 τὸ
2450 3056 2843 3127 περιόαλέσθαι
2908 3055 3264 3123 χιτωνίσκους
3293 3054 3521 3118 λευκοὺς
3549 3056 3651 3109 καὶ
3676 3056 3797 3107 ἁπο-

550 3152 660 3194 tem
717 3138 975 3192 candidis
1035 3135 1239 3192 tunicis
1296 3135 1713 3205 splendidisque
1768 3137 2009 3202 vestiri,
2065 3149 2124 3193 et

548 3229 865 3285 circumire.

621 3322 712 3374 20.
744 3320 814 3374 At
845 3319 1011 3383 enim,
1044 3319 1221 3380 aiunt,
1272 3319 1546 3389 quomodo
1601 3320 1748 3374 hunc
1822 3321 1906 3375 vel
1968 3321 2121 3376 illum

551 3412 909 3467 noverimus?
988 3413 1151 3481 Atqui
1204 3427 1304 3483 ego
1357 3428 1465 3467 non
1553 3411 1623 3466 de
1676 3414 1873 3480 ignotis
1928 3413 2125 3480 loquor

549 3504 646 3558 sed
697 3504 766 3558 de
826 3504 1039 3574 publice
1102 3504 1264 3559 uotis.
1316 3503 1500 3560 Dicam
1556 3506 1761 3573 aliquid
1800 3505 2122 3559 terribilius.

548 3597 668 3651 Non
750 3605 1191 3665 est,tantopere
1284 3596 1611 3665 ﬂagitiosum
1686 3599 1735 3650 si
1771 3598 2121 3668 cnergumeni

548 3687 692 3741 intra
782 3686 1044 3755 templum
1102 3684 1233 3749 sint,
1286 3701 1446 3754 quam
1494 3686 1587 3751 Ill;
1663 3688 2122 3756 quemadmodum

548 3781 626 3832 ait
716 3777 935 3843 Paulus,
1042 3778 1299 3846 quoniam
1394 3777 1670 3834 Christum
1769 3780 2127 3834 conculcave-

545 3879 697 3935 runt,
760 3879 816 3923 et
867 3870 1189 3937 sanguinem
1244 3869 1577 3925 Testamenti
1636 3871 1903 3939 pollutum
1969 3873 2125 3942 judi-

544 3969 832 4022 eaverunt,
894 3960 1130 4029 Spiritus
1185 3962 1370 4031 gratia:
1405 3963 1794 4016 contumeliam
1852 3965 2123 4028 fecerunt,

544 4047 679 4101 Nam
703 4047 1038 4101 dacmoniaco
1096 4050 1249 4118 pejor
1281 4059 1364 4104 est
1394 4060 1648 4119 peccator
1675 4061 1729 4106 et
1778 4054 1939 4107 simul
1969 4070 2127 4109 acce-

542 4136 683 4187 dens
706 4150 722 4186 :
749 4143 807 4187 et
834 4134 923 4189 illc
956 4136 1176 4202 quidem
1207 4138 1464 4205 quoniam
1518 4148 1605 4193 est
1643 4144 1961 4209 arreptitius
2014 4158 2125 4195 non

546 4226 806 4293 punitur;
850 4226 939 4278 hic
971 4234 1179 4290 autem,
1212 4227 1255 4280 si
1291 4228 1514 4297 indigne
1548 4234 1863 4297 accesserit,
1920 4242 2126 4288 aeterno

542 4316 818 4384 supplicio
876 4317 1132 4369 traditur.
1190 4317 1269 4370 Ne
1303 4318 1468 4387 igitur
1520 4321 1886 4377 daemoniacos
1908 4334 2121 4380 tantum

2228 3150 2565 3213 στίλϐοντας,
2596 3150 2690 3202 καὶ
2729 3148 3020 3219 περιιέναι.

2297 3330 2365 3384 κ’.
2410 3332 2521 3385 Καὶ
2565 3330 2730 3384 πὸθεν
2778 3330 3025 3400 οίδαμεν.
3058 3329 3213 3400 φασὶ,
3248 3328 3343 3382 τὸν
3385 3328 3530 3381 δεῖν-ι
3568 3328 3668 3382 καὶ
3713 3325 3796 3381 τὸν

2225 3426 2413 3490 δεῖνα;
2453 3425 2527 3477 Οὐ
2568 3424 2697 3493 περὶ
2729 3424 2836 3476 τῶν
2886 3422 3270 3491 ἀγνοουμένων
3298 3420 3461 3486 λέγω,
3502 3419 3644 3472 ἀλλά
3680 3415 3795 3489 περὶ

2225 3515 2337 3568 τῶν
2391 3513 2703 3581 γνωρίμων.
2748 3512 2899 3565 Εἴπω
2932 3512 2984 3563 τί
3019 3511 3491 3581 φρικωδέστερον
3528 3512 3635 3580 οὐχ
3664 3509 3791 3563 οὕτω

2228 3605 2465 3675 χαλεπὸν
2499 3606 2626 3664 τοὺς
2653 3605 2877 3669 ἑνεργου
2888 3603 3085 3671 μένους
3117 3601 3193 3670 (ί)
3219 3602 3369 3655 ἔνδον
3394 3596 3557 3665 εἶναι,
3589 3603 3666 3664 ὡς
3684 3601 3795 3654 τού-

2226 3714 2377 3759 τους.
2463 3712 2632 3766 φησιν
2661 3697 2689 3748 ὁ
2724 3694 2959 3759 Παῦλος,
3007 3693 3098 3746 διὰ
3148 3692 3207 3746 τὸ
3245 3692 3336 3745 τὸν
3367 3694 3611 3762 Χριστὸν
3637 3711 3791 3747 xera-

2229 3788 2495 3857 πατῆσαι,
2527 3788 2623 3839 καὶ
2650 3787 2709 3839 τὸ
2751 3781 2891 3855 αἷμα
2921 3786 3020 3854 τῆς
3051 3784 3319 3854 διαθήκης
3369 3786 3553 3839 κοινὸν
3598 3789 3794 3858 ἡγήσα-

2231 3875 2379 3940 σθαι,
2411 3877 2510 3928 καὶ
2543 3875 2643 3944 τὴν
2675 3877 2834 3944 χάριν
2870 3874 2965 3926 τοῦ
3008 3872 3318 3940 [Ινεύματος
3350 3876 3796 3947 ἐνυϐρίσαιοδαι-

2233 3962 2503 4033 μονῶντος
2538 3966 2647 4034 γὰρ
2681 3965 2879 4034 χείρων
2918 3965 2947 4016 6
2989 3967 3349 4034 ἡμαρτηκὼς,
3389 3966 3484 4018 καὶ
3516 3968 3792 4034 προσιὼνο

2227 4057 2255 4106 ὁ
2290 4058 2390 4125 μὲν
2428 4057 2537 4126 γὰρ
2565 4057 2751 4125 ἐπειδῆ
2802 4057 3060 4126 δαιμονᾷ,
3088 4058 3149 4110 οὐ
3179 4056 3467 4119 κολάζεται
3497 4074 3512 4088 ⁸
3541 4056 3699 4122 οὗτος
3722 4060 3791 4125 δὲ,

2227 4147 2358 4199 ὅταν
2382 4147 2619 4213 ἀναξίως
2646 4149 2869 4218 προσίῃ,
2894 4148 3149 4218 ἀθανάτῳ
3176 4151 3529 4218 παραδίδοται
3552 4153 3790 4207 κολάσει.

2228 4238 2319 4308 Μὴ
2345 4238 2527 4290 τοίνυν
2579 4239 2709 4301 τοὺς
2759 4236 3130 4308 δαιμονῶντας
3160 4241 3410 4293 ἐλαύνετε
3445 4243 3633 4310 μόνον,
3666 4244 3789 4297 ἀλλὰ

2229 4333 2437 4393 πάντας
2491 4331 2701 4395 ἁπλῶς,
2731 4330 2823 4394 οὒς
2875 4332 2944 4386 ἂν
3001 4333 3148 4401 ἴδητε
3184 4333 3510 4403 προσιόντας
3541 4320 3811 4399 aiming”

540 4408 822 4477 expellite,
867 4406 961 4460 sed
994 4408 1218 4461 onmino
1251 4424 1442 4464 omnes
1485 4427 1625 4479 quos
1677 4415 1899 4485 indigne
1958 4434 2113 4475 accc-

2223 4425 2432 4495 Μηδεὶς
2463 4428 2793 4479 κοινωνείτω
2825 4426 2935 4477 τῶν
2973 4425 3049 4495 μὴ
3093 4426 3355 4496 μαθητῶν
3383 4443 3398 4458 ⁸
3437 4430 3631 4497 μηδεὶς
3660 4430 3793 4497 λαμ-

542 4502 737 4553 dentes
766 4497 1039 4552 videritis.
1083 4497 1255 4552 Nemo
1320 4503 1708 4565 communicet,
1739 4509 1831 4575 qui
1874 4524 1983 4563 nun
2040 4511 2115 4565 sit

542 4591 875 4660 discipulus:
907 4591 1087 4644 nullus
1110 4592 1343 4660 accipiat
1369 4592 1557 4659 ludas,
1619 4611 1685 4650 ne
1710 4596 1866 4651 Iuda:
1893 4616 2112 4669 pmuam

540 4682 677 4738 lnat.
710 4683 923 4751 Corpus
944 4682 1147 4737 Christi
1182 4684 1297 4738 hsce
1317 4701 1537 4756 quoque
1564 4690 1856 4745 multitudo
1880 4705 1985 4749 cst.
2012 4696 2116 4751 Ca-

542 4782 665 4828 vete
720 4791 873 4844 ergo,
931 4789 965 4827 ο
1023 4776 1405 4846 mysteriorum
1459 4779 1720 4845 ministri,
1759 4798 1830 4835 ne
1886 4785 2115 4843 irritatis

540 4863 855 4930 Dominum,
916 4868 959 4919 si
988 4882 1188 4936 corpus
1222 4868 1325 4920 hoc
1352 4885 1458 4922 non
1485 4871 1812 4938 puriﬁcetis,
1837 4887 1892 4929 et
1921 4878 1966 4930 si
1999 4879 2113 4948 gla-

540 4955 692 5007 «lium
740 4971 837 5023 pro
871 4958 1127 5011 alimonia
1199 4961 1446 5014 tradatis.
1526 4962 1631 5016 Sed
1686 4966 1899 5021 etiamsi
1974 4971 2115 5027 forte

539 5048 738 5115 aliquis
763 5048 1077 5117 ignorauler
1090 5051 1315 5106 accedat
1336 5053 1401 5106 ad
1430 5054 1651 5125 indigne
1676 5060 2115 5129 percipiendum,

537 5139 743 5207 absque
777 5141 887 5193 ullo
918 5151 1063 5193 metu
1112 5144 1436 5209 prohibete:
1474 5147 1641 5199 Deum
1693 5153 1945 5213 metuite,
2006 5171 2113 5210 non

537 5228 807 5284 homines.
846 5230 1043 5301 Utique
1074 5235 1118 5288 si
1150 5234 1400 5291 homines
1452 5240 1777 5303 metueritis,
1815 5244 1883 5296 ab
1918 5244 2110 5301 iisdem

614 5411 657 5442 “
680 5411 868 5466 Matth.
900 5431 1046 5481 xxw,
1092 5416 1177 5470 l8.

603 5552 680 5621 (l)
722 5551 928 5625 Nempe
961 5555 1206 5625 loquitur
1236 5555 1364 5615 illis.
1402 5555 1607 5623 quibus
1640 5558 1886 5615 Ecclesia
1914 5559 2103 5616 divina

533 5624 789 5692 mysteria
824 5641 930 5677 non
970 5624 1080 5680 inte
1092 5628 1342 5677 rdixerit.

599 5695 676 5762 t2)
715 5696 924 5750 ldcirco
973 5699 1023 5750 in
1054 5696 1302 5764 picturis,
1337 5694 1515 5750 missa:
1563 5697 1877 5757 Graecorum
1949 5719 2109 5760 cncr-

2217 4517 2427 4570 6ανέτω
2467 4517 2689 4581 Ἰούδας,
2718 4518 2805 4570 ἶνα
2842 4520 2917 4588 μὴ
2952 4519 3021 4571 τὰ
3068 4519 3238 4572 Ἰούδα
3284 4522 3452 4592 πάθῃ.
3484 4522 3653 4592 Σῶμα
3684 4523 3791 4574 ἐστι

2220 4611 2455 4679 Χριστοῦ
2509 4612 2601 4662 καὶ
2634 4609 2793 4663 τοῦτο
2826 4611 2886 4663 τὸ
2918 4612 3140 4681 πλῆθος.
3185 4612 3383 4680 Ὀρίτε
3422 4614 3558 4681 γοῦν
3586 4617 3634 4667 oi
3679 4614 3789 4667 δια-

2216 4702 2535 4772 κονούμενοι
2582 4706 2692 4765 τοῖς
2721 4704 3062 4772 μυστηρίοις,
3098 4704 3175 4773 μὴ
3206 4704 3553 4774 παροξύνητε
3585 4708 3675 4759 τὸν
3700 4709 3791 4758 Δε-

2218 4794 2448 4860 σπότην,
2471 4794 2571 4846 οὐκ
2602 4793 3029 4863 ἐκκαθαίροντες
3054 4796 3116 4847 τὸ
3149 4796 3315 4866 σῶμα
3344 4802 3518 4860 τουτὶ,
3544 4800 3617 4867 μὴ
3647 4796 3791 4865 ξίφος

2217 4884 2354 4935 δῶτε
2394 4884 2524 4936 ἀντὶ
2556 4882 2764 4953 τροφῆς
2790 4900 2805 4915 ο
2829 4884 2967 4937 ἀλλὰ
3012 4884 3118 4937 κᾶν
3144 4887 3248 4937 ὑπὸ
3292 4887 3516 4954 ἀγνοίας
3542 4888 3686 4950 τινὲς
3712 4888 3793 4954 Ep-

2218 4992 2428 5044 χωνται
2486 4976 2805 5043 μεθέξοντες
2856 4976 3113 5041 ἀναξίως,
3146 4980 3449 5044 κωλύσατε,
3500 4980 3573 5050 μὴ
3628 4982 3793 5046 φοδη-

2217 5065 2350 5133 θῆτε
2377 5080 2392 5095 ·
2424 5064 2703 5133 φοϐήθητε
2733 5065 2827 5118 τὸν
2876 5066 3032 5131 Θεὸν,
3077 5068 3150 5135 μὴ
3204 5068 3544 5138 ἀνθρώπους.
3578 5072 3675 5122 Ἂν
3702 5085 3792 5137 φο-

2219 5156 2424 5226 ϐηθῆτε
2452 5157 2802 5226 ἀνθρώπους,
2826 5160 2920 5209 καὶ
2965 5159 3056 5210 ὑπ’
3085 5159 3269 5211 αὐτῶν
3313 5161 3791 5232 καταγελασθήσε-

2221 5251 2317 5303 σοε
2337 5266 2353 5281 °
2378 5248 2444 5303 ἂν
2466 5249 2521 5302 δὲ
2536 5250 2628 5303 τὸν
2656 5250 2810 5316 Θεὸν,
2832 5252 2926 5303 καὶ
2954 5251 3266 5322 ἀνθρώποις
3287 5254 3557 5325 αίὸἐσιμοι
3584 5253 3793 5310 ἔσεσθε.

2221 5569 2440 5637 ᾳιιηιοηί
2475 5571 2578 5624 sub
2614 5572 2875 5627 daemonis
2927 5574 3109 5643 specie
3145 5573 3317 5629 sacris
3348 5572 3559 5629 edibus
3582 5567 3791 5625 divino—

2222 5655 2331 5709 que
2364 5643 2623 5713 mysterio
2643 5645 3014 5712 expelluntur.
