  <div class='ocr_page' id='page_1' title='image "/cluster/home/n/w/nwhite01/storage/ocr_20150623/149/hvd.32044073498818/508.png"; bbox 0 0 4050 6210; ppageno 0'>
   <div class='ocr_carea' id='block_1_1' title="bbox 348 282 451 343">
    <p class='ocr_par' dir='ltr' id='par_1_1' title="bbox 348 282 451 343">
     <span class='ocr_line' id='line_1_1' title="bbox 348 282 451 343; baseline -0.029 0"><span class='ocrx_word' id='word_1_1' title='bbox 348 282 451 343; x_wconf 68' lang='lat'><strong>969</strong></span> 
     </span>
    </p>
   </div>
   <div class='ocr_carea' id='block_1_2' title="bbox 1696 281 2244 343">
    <p class='ocr_par' dir='ltr' id='par_1_2' title="bbox 1696 281 2244 343">
     <span class='ocr_line' id='line_1_2' title="bbox 1696 281 2244 343; baseline -0.002 -3"><span class='ocrx_word' id='word_1_2' title='bbox 1696 281 2033 342; x_wconf 76' lang='lat' dir='ltr'><strong>ETHICON</strong></span> <span class='ocrx_word' id='word_1_3' title='bbox 2078 281 2244 343; x_wconf 82' lang='lat' dir='ltr'><strong>Vill.</strong></span> 
     </span>
    </p>
   </div>
   <div class='ocr_carea' id='block_1_3' title="bbox 3509 274 3607 332">
    <p class='ocr_par' dir='ltr' id='par_1_3' title="bbox 3509 274 3607 332">
     <span class='ocr_line' id='line_1_3' title="bbox 3509 274 3607 332; baseline 0.02 -3"><span class='ocrx_word' id='word_1_4' title='bbox 3509 274 3607 332; x_wconf 71' lang='lat' dir='ltr'><strong>97d</strong></span> 
     </span>
    </p>
   </div>
   <div class='ocr_carea' id='block_1_4' title="bbox 347 389 1936 469">
    <p class='ocr_par' dir='ltr' id='par_1_4' title="bbox 347 395 1936 469">
     <span class='ocr_line' id='line_1_4' title="bbox 347 395 1936 469; baseline -0.003 -17"><span class='ocrx_word' id='word_1_5' title='bbox 347 402 446 452; x_wconf 82' lang='grc' dir='ltr'><strong>Διά</strong></span> <span class='ocrx_word' id='word_1_6' title='bbox 475 397 635 451; x_wconf 81' lang='grc' dir='ltr'><strong>τοῦτο</strong></span> <span class='ocrx_word' id='word_1_7' title='bbox 678 397 753 469; x_wconf 77' lang='grc' dir='ltr'><strong>μὴ</strong></span> <span class='ocrx_word' id='word_1_8' title='bbox 796 397 1190 468; x_wconf 72' lang='grc' dir='ltr'><strong>συγχωρήσητε.</strong></span> <span class='ocrx_word' id='word_1_9' title='bbox 1236 395 1424 451; x_wconf 76' lang='grc' dir='ltr'><strong>’ταῦτα</strong></span> <span class='ocrx_word' id='word_1_10' title='bbox 1459 395 1789 466; x_wconf 76' lang='grc' dir='ltr'><strong>τολμᾶσθαι.</strong></span> <span class='ocrx_word' id='word_1_11' title='bbox 1827 396 1936 463; x_wconf 79' lang='grc' dir='ltr'><strong>Τῆς</strong></span> 
     </span>
    </p>
   </div>
   <div class='ocr_carea' id='block_1_5' title="bbox 2039 389 3616 469">
    <p class='ocr_par' dir='ltr' id='par_1_5' title="bbox 2045 389 3616 462">
     <span class='ocr_line' id='line_1_5' title="bbox 2045 389 3616 462; baseline -0.005 -14"><span class='ocrx_word' id='word_1_12' title='bbox 2045 395 2448 456; x_wconf 64' lang='grc' dir='ltr'><strong>Ῑτΐίάυὺξιιύιιί;</strong></span> <span class='ocrx_word' id='word_1_13' title='bbox 2507 393 2591 446; x_wconf 83' lang='lat' dir='ltr'><strong>sin</strong></span> <span class='ocrx_word' id='word_1_14' title='bbox 2647 392 2827 462; x_wconf 88' lang='lat' dir='ltr'><strong>potius</strong></span> <span class='ocrx_word' id='word_1_15' title='bbox 2881 391 3070 453; x_wconf 83' lang='lat' dir='ltr'><strong>Deum,</strong></span> <span class='ocrx_word' id='word_1_16' title='bbox 3124 389 3437 443; x_wconf 70' lang='lat' dir='ltr'><strong>horninibus</strong></span> <span class='ocrx_word' id='word_1_17' title='bbox 3484 390 3616 455; x_wconf 68' lang='lat' dir='ltr'><strong>ipsis</strong></span> 
     </span>
    </p>
   </div>
   <div class='ocr_carea' id='block_1_6' title="bbox 346 487 1930 562">
    <p class='ocr_par' dir='ltr' id='par_1_6' title="bbox 346 487 1930 562">
     <span class='ocr_line' id='line_1_6' title="bbox 346 487 1930 562; baseline -0.004 -16"><span class='ocrx_word' id='word_1_18' title='bbox 346 492 530 562; x_wconf 65' lang='grc' dir='ltr'><strong>ψυχῆς</strong></span> <span class='ocrx_word' id='word_1_19' title='bbox 592 492 821 554; x_wconf 75' lang='grc' dir='ltr'><strong>ἕκαστος</strong></span> <span class='ocrx_word' id='word_1_20' title='bbox 877 491 1034 560; x_wconf 81' lang='grc' dir='ltr'><strong>ὑμῶν</strong></span> <span class='ocrx_word' id='word_1_21' title='bbox 1087 491 1384 561; x_wconf 87' lang='grc' dir='ltr'><strong>ἀποστήτω</strong></span> <span class='ocrx_word' id='word_1_22' title='bbox 1439 490 1729 560; x_wconf 88' lang='grc' dir='ltr'><strong>πρότερον,</strong></span> <span class='ocrx_word' id='word_1_23' title='bbox 1766 489 1798 559; x_wconf 80' lang='grc' dir='ltr'>ἢ</span> <span class='ocrx_word' id='word_1_24' title='bbox 1835 487 1930 541; x_wconf 75' lang='grc' dir='ltr'><strong>τοῦ</strong></span> 
     </span>
    </p>
   </div>
   <div class='ocr_carea' id='block_1_7' title="bbox 350 580 1935 653">
    <p class='ocr_par' dir='ltr' id='par_1_7' title="bbox 350 580 1935 653">
     <span class='ocr_line' id='line_1_7' title="bbox 350 580 1935 653; baseline -0.003 -16"><span class='ocrx_word' id='word_1_25' title='bbox 350 586 606 653; x_wconf 81' lang='grc' dir='ltr'><strong>σώματος</strong></span> <span class='ocrx_word' id='word_1_26' title='bbox 645 583 922 652; x_wconf 85' lang='grc' dir='ltr'><strong>μεταδότω</strong></span> <span class='ocrx_word' id='word_1_27' title='bbox 953 582 1048 635; x_wconf 86' lang='grc' dir='ltr'><strong>τοῦ</strong></span> <span class='ocrx_word' id='word_1_28' title='bbox 1087 580 1426 635; x_wconf 85' lang='grc' dir='ltr'><strong>Δεσποτικοῦ</strong></span> <span class='ocrx_word' id='word_1_29' title='bbox 1455 581 1588 650; x_wconf 84' lang='grc' dir='ltr'><strong>παρ’</strong></span> <span class='ocrx_word' id='word_1_30' title='bbox 1615 581 1770 648; x_wconf 82' lang='grc' dir='ltr'><strong>ἀξίαν</strong></span> <span class='ocrx_word' id='word_1_31' title='bbox 1797 597 1810 610; x_wconf 86' lang='grc'><strong>·</strong></span> <span class='ocrx_word' id='word_1_32' title='bbox 1839 581 1935 634; x_wconf 73' lang='grc' dir='ltr'><strong>καὶ</strong></span> 
     </span>
    </p>
   </div>
   <div class='ocr_carea' id='block_1_8' title="bbox 346 670 1936 746">
    <p class='ocr_par' dir='ltr' id='par_1_8' title="bbox 346 670 1936 746">
     <span class='ocr_line' id='line_1_8' title="bbox 346 670 1936 746; baseline -0.001 -18"><span class='ocrx_word' id='word_1_33' title='bbox 346 677 405 728; x_wconf 76' lang='grc' dir='ltr'><strong>τὺ</strong></span> <span class='ocrx_word' id='word_1_34' title='bbox 431 670 570 746; x_wconf 75' lang='grc' dir='ltr'><strong>αἷμα</strong></span> <span class='ocrx_word' id='word_1_35' title='bbox 603 679 682 726; x_wconf 78' lang='grc' dir='ltr'><strong>-τδ</strong></span> <span class='ocrx_word' id='word_1_36' title='bbox 735 673 934 727; x_wconf 79' lang='grc' dir='ltr'><strong>εαυτοῦ</strong></span> <span class='ocrx_word' id='word_1_37' title='bbox 971 674 1212 743; x_wconf 80' lang='grc' dir='ltr'><strong>προῖέτω</strong></span> <span class='ocrx_word' id='word_1_38' title='bbox 1243 674 1533 744; x_wconf 88' lang='grc' dir='ltr'><strong>πρότερον,</strong></span> <span class='ocrx_word' id='word_1_39' title='bbox 1568 673 1601 742; x_wconf 78' lang='grc' dir='ltr'>ἢ</span> <span class='ocrx_word' id='word_1_40' title='bbox 1655 672 1936 742; x_wconf 80' lang='grc' dir='ltr'><strong>μεταδότω</strong></span> 
     </span>
    </p>
   </div>
   <div class='ocr_carea' id='block_1_9' title="bbox 348 765 1937 838">
    <p class='ocr_par' dir='ltr' id='par_1_9' title="bbox 348 765 1937 838">
     <span class='ocr_line' id='line_1_9' title="bbox 348 765 1937 838; baseline -0.003 -15"><span class='ocrx_word' id='word_1_41' title='bbox 348 770 580 836; x_wconf 75' lang='grc' dir='ltr'><strong>αἵματος</strong></span> <span class='ocrx_word' id='word_1_42' title='bbox 625 767 770 821; x_wconf 78' lang='grc' dir='ltr'><strong>οὕτω</strong></span> <span class='ocrx_word' id='word_1_43' title='bbox 809 767 1116 836; x_wconf 81' lang='grc' dir='ltr'><strong>φρικώδους</strong></span> <span class='ocrx_word' id='word_1_44' title='bbox 1163 767 1318 836; x_wconf 70' lang='grc' dir='ltr'><strong>παρὰ</strong></span> <span class='ocrx_word' id='word_1_45' title='bbox 1353 766 1415 820; x_wconf 80' lang='grc' dir='ltr'><strong>τὸ</strong></span> <span class='ocrx_word' id='word_1_46' title='bbox 1459 766 1756 838; x_wconf 82' lang='grc' dir='ltr'><strong>προσῆκον.</strong></span> <span class='ocrx_word' id='word_1_47' title='bbox 1787 767 1847 819; x_wconf 79' lang='lat' dir='ltr'><strong>Et</strong></span> <span class='ocrx_word' id='word_1_48' title='bbox 1879 765 1937 818; x_wconf 82' lang='grc' dir='ltr'><strong>δὲ</strong></span> 
     </span>
    </p>
   </div>
   <div class='ocr_carea' id='block_1_10' title="bbox 349 857 1934 929">
    <p class='ocr_par' dir='ltr' id='par_1_10' title="bbox 349 857 1934 929">
     <span class='ocr_line' id='line_1_10' title="bbox 349 857 1934 929; baseline -0.001 -19"><span class='ocrx_word' id='word_1_49' title='bbox 349 859 588 929; x_wconf 67' lang='grc' dir='ltr'><strong>ἠγνόησέ</strong></span> <span class='ocrx_word' id='word_1_50' title='bbox 639 875 722 918; x_wconf 87' lang='grc' dir='ltr'><strong>τις</strong></span> <span class='ocrx_word' id='word_1_51' title='bbox 772 858 865 910; x_wconf 66' lang='grc' dir='ltr'><strong>τὸν</strong></span> <span class='ocrx_word' id='word_1_52' title='bbox 911 857 1136 925; x_wconf 73' lang='grc' dir='ltr'><strong>φαῦλον,</strong></span> <span class='ocrx_word' id='word_1_53' title='bbox 1171 857 1347 910; x_wconf 86' lang='grc' dir='ltr'><strong>πολλά</strong></span> <span class='ocrx_word' id='word_1_54' title='bbox 1398 857 1934 928; x_wconf 75' lang='grc' dir='ltr'><strong>περιεργασάμενος,</strong></span> 
     </span>
    </p>
   </div>
   <div class='ocr_carea' id='block_1_11' title="bbox 349 948 1936 1020">
    <p class='ocr_par' dir='ltr' id='par_1_11' title="bbox 349 948 1936 1020">
     <span class='ocr_line' id='line_1_11' title="bbox 349 948 1936 1020; baseline -0.003 -15"><span class='ocrx_word' id='word_1_55' title='bbox 349 952 502 1005; x_wconf 77' lang='grc' dir='ltr'><strong>οὐδὲν</strong></span> <span class='ocrx_word' id='word_1_56' title='bbox 538 950 793 1020; x_wconf 71' lang='grc' dir='ltr'><strong>ἔγκλημα</strong></span> <span class='ocrx_word' id='word_1_57' title='bbox 818 967 832 981; x_wconf 88' lang='grc'><strong>·</strong></span> <span class='ocrx_word' id='word_1_58' title='bbox 863 949 1035 1004; x_wconf 78' lang='grc' dir='ltr'><strong>ταῦτα</strong></span> <span class='ocrx_word' id='word_1_59' title='bbox 1064 951 1173 1020; x_wconf 84' lang='grc' dir='ltr'><strong>γάρ</strong></span> <span class='ocrx_word' id='word_1_60' title='bbox 1223 967 1316 1019; x_wconf 84' lang='grc' dir='ltr'><strong>μοι</strong></span> <span class='ocrx_word' id='word_1_61' title='bbox 1348 952 1478 1020; x_wconf 77' lang='grc' dir='ltr'><strong>περὶ</strong></span> <span class='ocrx_word' id='word_1_62' title='bbox 1513 948 1622 1003; x_wconf 83' lang='grc' dir='ltr'><strong>τῶν</strong></span> <span class='ocrx_word' id='word_1_63' title='bbox 1651 949 1830 1018; x_wconf 79' lang='grc' dir='ltr'><strong>δήλων</strong></span> <span class='ocrx_word' id='word_1_64' title='bbox 1857 950 1936 1001; x_wconf 61' lang='grc' dir='ltr'><strong>εἰτ-</strong></span> 
     </span>
    </p>
   </div>
   <div class='ocr_carea' id='block_1_12' title="bbox 354 1035 1941 1110">
    <p class='ocr_par' dir='ltr' id='par_1_12' title="bbox 354 1035 1941 1110">
     <span class='ocr_line' id='line_1_12' title="bbox 354 1035 1941 1110; baseline -0.002 -17"><span class='ocrx_word' id='word_1_65' title='bbox 354 1058 538 1110; x_wconf 82' lang='grc' dir='ltr'><strong>ρηται.</strong></span> <span class='ocrx_word' id='word_1_66' title='bbox 572 1041 671 1092; x_wconf 70' lang='lat' dir='ltr'><strong>“Av</strong></span> <span class='ocrx_word' id='word_1_67' title='bbox 707 1035 800 1093; x_wconf 80' lang='grc' dir='ltr'><strong>οὖν</strong></span> <span class='ocrx_word' id='word_1_68' title='bbox 833 1040 960 1102; x_wconf 78' lang='grc' dir='ltr'><strong>τοὺς</strong></span> <span class='ocrx_word' id='word_1_69' title='bbox 987 1041 1303 1110; x_wconf 73' lang='grc' dir='ltr'><strong>γνωρίμους</strong></span> <span class='ocrx_word' id='word_1_70' title='bbox 1333 1039 1443 1091; x_wconf 84' lang='grc' dir='ltr'><strong>τῶν</strong></span> <span class='ocrx_word' id='word_1_71' title='bbox 1471 1041 1694 1107; x_wconf 81' lang='grc' dir='ltr'><strong>φαύλων</strong></span> <span class='ocrx_word' id='word_1_72' title='bbox 1717 1037 1941 1108; x_wconf 85' lang='grc' dir='ltr'><strong>διορθώ-</strong></span> 
     </span>
    </p>
   </div>
   <div class='ocr_carea' id='block_1_13' title="bbox 353 1128 1935 1201">
    <p class='ocr_par' dir='ltr' id='par_1_13' title="bbox 353 1128 1935 1201">
     <span class='ocr_line' id='line_1_13' title="bbox 353 1128 1935 1201; baseline -0.003 -15"><span class='ocrx_word' id='word_1_73' title='bbox 353 1149 506 1200; x_wconf 77' lang='grc' dir='ltr'><strong>σητε,</strong></span> <span class='ocrx_word' id='word_1_74' title='bbox 531 1131 625 1183; x_wconf 70' lang='grc' dir='ltr'><strong>καὶ</strong></span> <span class='ocrx_word' id='word_1_75' title='bbox 650 1131 775 1195; x_wconf 81' lang='grc' dir='ltr'><strong>τοὺς</strong></span> <span class='ocrx_word' id='word_1_76' title='bbox 810 1130 1070 1199; x_wconf 80' lang='grc' dir='ltr'><strong>ἀγνῶτας</strong></span> <span class='ocrx_word' id='word_1_77' title='bbox 1097 1131 1308 1201; x_wconf 85' lang='grc' dir='ltr'><strong>ταχέως</strong></span> <span class='ocrx_word' id='word_1_78' title='bbox 1333 1130 1463 1197; x_wconf 82' lang='grc' dir='ltr'><strong>ὑμῖν</strong></span> <span class='ocrx_word' id='word_1_79' title='bbox 1485 1131 1513 1182; x_wconf 98' lang='lat'><strong>6</strong></span> <span class='ocrx_word' id='word_1_80' title='bbox 1536 1128 1668 1193; x_wconf 77' lang='grc' dir='ltr'><strong>Θεὸς</strong></span> <span class='ocrx_word' id='word_1_81' title='bbox 1692 1131 1935 1197; x_wconf 76' lang='grc' dir='ltr'><strong>γνωριεῖ.</strong></span> 
     </span>
    </p>
   </div>
   <div class='ocr_carea' id='block_1_14' title="bbox 352 1220 1939 1292">
    <p class='ocr_par' dir='ltr' id='par_1_14' title="bbox 352 1220 1939 1292">
     <span class='ocr_line' id='line_1_14' title="bbox 352 1220 1939 1292; baseline -0.004 -15"><span class='ocrx_word' id='word_1_82' title='bbox 352 1225 450 1277; x_wconf 75' lang='grc' dir='ltr'><strong>’Ἂν</strong></span> <span class='ocrx_word' id='word_1_83' title='bbox 485 1224 541 1276; x_wconf 80' lang='grc' dir='ltr'><strong>δὲ</strong></span> <span class='ocrx_word' id='word_1_84' title='bbox 574 1222 802 1284; x_wconf 85' lang='grc' dir='ltr'><strong>τούτους</strong></span> <span class='ocrx_word' id='word_1_85' title='bbox 847 1223 1073 1292; x_wconf 77' lang='grc' dir='ltr'><strong>ἐάσητε,</strong></span> <span class='ocrx_word' id='word_1_86' title='bbox 1113 1223 1258 1285; x_wconf 85' lang='grc' dir='ltr'><strong>τίνος</strong></span> <span class='ocrx_word' id='word_1_87' title='bbox 1291 1222 1479 1275; x_wconf 69' lang='grc' dir='ltr'><strong>ἕνεκεν</strong></span> <span class='ocrx_word' id='word_1_88' title='bbox 1523 1223 1654 1290; x_wconf 84' lang='grc' dir='ltr'><strong>ὑμῖν</strong></span> <span class='ocrx_word' id='word_1_89' title='bbox 1694 1220 1939 1282; x_wconf 77' lang='grc' dir='ltr'><strong>ἐκείνους</strong></span> 
     </span>
    </p>
   </div>
   <div class='ocr_carea' id='block_1_15' title="bbox 352 1312 1936 1385">
    <p class='ocr_par' dir='ltr' id='par_1_15' title="bbox 352 1312 1936 1385">
     <span class='ocr_line' id='line_1_15' title="bbox 352 1312 1936 1385; baseline -0.004 -15"><span class='ocrx_word' id='word_1_90' title='bbox 352 1317 623 1385; x_wconf 79' lang='grc' dir='ltr'><strong>φανεροὺς</strong></span> <span class='ocrx_word' id='word_1_91' title='bbox 647 1317 864 1383; x_wconf 81' lang='grc' dir='ltr'><strong>ποιήσει</strong></span> <span class='ocrx_word' id='word_1_92' title='bbox 885 1315 1070 1367; x_wconf 88' lang='grc' dir='ltr'><strong>λοιπόν</strong></span> <span class='ocrx_word' id='word_1_93' title='bbox 1092 1332 1106 1379; x_wconf 90' lang='lat'><strong>;</strong></span> <span class='ocrx_word' id='word_1_94' title='bbox 1134 1314 1320 1368; x_wconf 77' lang='grc' dir='ltr'><strong>Ταῦτα</strong></span> <span class='ocrx_word' id='word_1_95' title='bbox 1336 1314 1480 1376; x_wconf 84' lang='grc' dir='ltr'><strong>λέγω</strong></span> <span class='ocrx_word' id='word_1_96' title='bbox 1505 1313 1601 1383; x_wconf 86' lang='grc' dir='ltr'><strong>οὐχ</strong></span> <span class='ocrx_word' id='word_1_97' title='bbox 1629 1313 1716 1366; x_wconf 79' lang='grc' dir='ltr'><strong>ἵνα</strong></span> <span class='ocrx_word' id='word_1_98' title='bbox 1738 1312 1936 1381; x_wconf 80' lang='grc' dir='ltr'><strong>ἀπείρ-</strong></span> 
     </span>
    </p>
   </div>
   <div class='ocr_carea' id='block_1_16' title="bbox 352 1403 1941 1478">
    <p class='ocr_par' dir='ltr' id='par_1_16' title="bbox 352 1403 1941 1478">
     <span class='ocr_line' id='line_1_16' title="bbox 352 1403 1941 1478; baseline -0.003 -18"><span class='ocrx_word' id='word_1_99' title='bbox 352 1425 512 1478; x_wconf 76' lang='grc' dir='ltr'><strong>γητε,</strong></span> <span class='ocrx_word' id='word_1_100' title='bbox 568 1409 681 1462; x_wconf 75' lang='grc' dir='ltr'><strong>οὐδ’</strong></span> <span class='ocrx_word' id='word_1_101' title='bbox 738 1409 826 1461; x_wconf 82' lang='grc' dir='ltr'><strong>ἴνα</strong></span> <span class='ocrx_word' id='word_1_102' title='bbox 879 1408 1186 1476; x_wconf 78' lang='grc' dir='ltr'><strong>ὲκτέμνητε</strong></span> <span class='ocrx_word' id='word_1_103' title='bbox 1222 1408 1408 1477; x_wconf 89' lang='grc' dir='ltr'><strong>μόνον,</strong></span> <span class='ocrx_word' id='word_1_104' title='bbox 1440 1406 1554 1460; x_wconf 84' lang='grc' dir='ltr'><strong>ἀλλ’</strong></span> <span class='ocrx_word' id='word_1_105' title='bbox 1585 1407 1672 1460; x_wconf 78' lang='grc' dir='ltr'><strong>ἵνα</strong></span> <span class='ocrx_word' id='word_1_106' title='bbox 1711 1403 1941 1476; x_wconf 88' lang='grc' dir='ltr'><strong>διορθώ-</strong></span> 
     </span>
    </p>
   </div>
   <div class='ocr_carea' id='block_1_17' title="bbox 356 1497 1938 1570">
    <p class='ocr_par' dir='ltr' id='par_1_17' title="bbox 356 1497 1938 1570">
     <span class='ocr_line' id='line_1_17' title="bbox 356 1497 1938 1570; baseline -0.003 -17"><span class='ocrx_word' id='word_1_107' title='bbox 356 1518 546 1564; x_wconf 81' lang='grc' dir='ltr'><strong>σαντες</strong></span> <span class='ocrx_word' id='word_1_108' title='bbox 584 1502 970 1570; x_wconf 82' lang='grc' dir='ltr'><strong>ὲπαναγάγητε</strong></span> <span class='ocrx_word' id='word_1_109' title='bbox 998 1517 1010 1530; x_wconf 79' lang='grc' dir='ltr'><strong>ο</strong></span> <span class='ocrx_word' id='word_1_110' title='bbox 1054 1497 1197 1553; x_wconf 78' lang='grc' dir='ltr'><strong>οὕτω</strong></span> <span class='ocrx_word' id='word_1_111' title='bbox 1231 1499 1338 1568; x_wconf 81' lang='grc' dir='ltr'><strong>γὰρ</strong></span> <span class='ocrx_word' id='word_1_112' title='bbox 1375 1500 1465 1552; x_wconf 76' lang='grc' dir='ltr'><strong>καὶ</strong></span> <span class='ocrx_word' id='word_1_113' title='bbox 1502 1499 1592 1552; x_wconf 71' lang='grc' dir='ltr'><strong>τὸν</strong></span> <span class='ocrx_word' id='word_1_114' title='bbox 1620 1499 1754 1552; x_wconf 82' lang='grc' dir='ltr'><strong>Θεὸν</strong></span> <span class='ocrx_word' id='word_1_115' title='bbox 1781 1499 1938 1551; x_wconf 80' lang='grc' dir='ltr'>ἵλεων</span> 
     </span>
    </p>
   </div>
   <div class='ocr_carea' id='block_1_18' title="bbox 355 1590 1939 1660">
    <p class='ocr_par' dir='ltr' id='par_1_18' title="bbox 355 1590 1939 1660">
     <span class='ocr_line' id='line_1_18' title="bbox 355 1590 1939 1660; baseline -0.002 -15"><span class='ocrx_word' id='word_1_116' title='bbox 355 1595 526 1658; x_wconf 74' lang='grc' dir='ltr'><strong>ἕξετε,</strong></span> <span class='ocrx_word' id='word_1_117' title='bbox 555 1593 648 1645; x_wconf 74' lang='grc' dir='ltr'><strong>καὶ</strong></span> <span class='ocrx_word' id='word_1_118' title='bbox 677 1591 908 1653; x_wconf 79' lang='grc' dir='ltr'><strong>πολλοὺς</strong></span> <span class='ocrx_word' id='word_1_119' title='bbox 931 1593 1058 1654; x_wconf 75' lang='grc' dir='ltr'><strong>τοὺς</strong></span> <span class='ocrx_word' id='word_1_120' title='bbox 1079 1593 1198 1644; x_wconf 81' lang='grc' dir='ltr'><strong>κατ’</strong></span> <span class='ocrx_word' id='word_1_121' title='bbox 1224 1591 1382 1656; x_wconf 80' lang='grc' dir='ltr'>ἀξίαν</span> <span class='ocrx_word' id='word_1_122' title='bbox 1418 1590 1939 1660; x_wconf 69' lang='grc' dir='ltr'><strong>μεταλαμϐάνοντας</strong></span> 
     </span>
    </p>
   </div>
   <div class='ocr_carea' id='block_1_19' title="bbox 353 1682 1938 1756">
    <p class='ocr_par' dir='ltr' id='par_1_19' title="bbox 353 1682 1938 1756">
     <span class='ocr_line' id='line_1_19' title="bbox 353 1682 1938 1756; baseline -0.003 -17"><span class='ocrx_word' id='word_1_123' title='bbox 353 1687 641 1756; x_wconf 80' lang='grc' dir='ltr'><strong>εὑρήσετε,</strong></span> <span class='ocrx_word' id='word_1_124' title='bbox 676 1685 770 1738; x_wconf 74' lang='grc' dir='ltr'><strong>καὶ</strong></span> <span class='ocrx_word' id='word_1_125' title='bbox 819 1687 918 1754; x_wconf 78' lang='grc' dir='ltr'><strong>τῆς</strong></span> <span class='ocrx_word' id='word_1_126' title='bbox 955 1684 1166 1747; x_wconf 75' lang='grc' dir='ltr'><strong>οἰκείας</strong></span> <span class='ocrx_word' id='word_1_127' title='bbox 1209 1683 1466 1751; x_wconf 84' lang='grc' dir='ltr'><strong>σπουδῆς,</strong></span> <span class='ocrx_word' id='word_1_128' title='bbox 1519 1685 1613 1736; x_wconf 71' lang='grc' dir='ltr'><strong>καὶ</strong></span> <span class='ocrx_word' id='word_1_129' title='bbox 1670 1682 1773 1751; x_wconf 77' lang='grc' dir='ltr'><strong>τῆς</strong></span> <span class='ocrx_word' id='word_1_130' title='bbox 1808 1685 1938 1752; x_wconf 79' lang='grc' dir='ltr'><strong>περὶ</strong></span> 
     </span>
    </p>
   </div>
   <div class='ocr_carea' id='block_1_20' title="bbox 2044 479 3618 551">
    <p class='ocr_par' dir='ltr' id='par_1_20' title="bbox 2044 479 3618 551">
     <span class='ocr_line' id='line_1_20' title="bbox 2044 479 3618 551; baseline -0.003 -17"><span class='ocrx_word' id='word_1_131' title='bbox 2044 483 2341 538; x_wconf 70' lang='lat' dir='ltr'><strong>venerandi</strong></span> <span class='ocrx_word' id='word_1_132' title='bbox 2372 483 2548 537; x_wconf 85' lang='lat' dir='ltr'><strong>eritis.</strong></span> <span class='ocrx_word' id='word_1_133' title='bbox 2583 481 2710 536; x_wconf 88' lang='lat' dir='ltr'><strong>Ideo</strong></span> <span class='ocrx_word' id='word_1_134' title='bbox 2741 498 2808 536; x_wconf 90' lang='lat' dir='ltr'><strong>ne</strong></span> <span class='ocrx_word' id='word_1_135' title='bbox 2865 482 3151 551; x_wconf 88' lang='lat' dir='ltr'><strong>patiamini</strong></span> <span class='ocrx_word' id='word_1_136' title='bbox 3185 479 3493 550; x_wconf 88' lang='lat' dir='ltr'><strong>hujusmodi</strong></span> <span class='ocrx_word' id='word_1_137' title='bbox 3520 495 3618 531; x_wconf 86' lang='lat' dir='ltr'><strong>au-</strong></span> 
     </span>
    </p>
   </div>
   <div class='ocr_carea' id='block_1_21' title="bbox 2042 570 3621 643">
    <p class='ocr_par' dir='ltr' id='par_1_21' title="bbox 2042 570 3621 643">
     <span class='ocr_line' id='line_1_21' title="bbox 2042 570 3621 643; baseline -0.003 -17"><span class='ocrx_word' id='word_1_138' title='bbox 2042 591 2155 628; x_wconf 79' lang='lat' dir='ltr'><strong>sus.</strong></span> <span class='ocrx_word' id='word_1_139' title='bbox 2186 575 2394 628; x_wconf 73' lang='lat' dir='ltr'><strong>Animae</strong></span> <span class='ocrx_word' id='word_1_140' title='bbox 2426 575 2661 643; x_wconf 76' lang='lat' dir='ltr'><strong>quisque</strong></span> <span class='ocrx_word' id='word_1_141' title='bbox 2729 589 2841 628; x_wconf 68' lang='lat' dir='ltr'><strong>suae</strong></span> <span class='ocrx_word' id='word_1_142' title='bbox 2874 574 3056 642; x_wconf 85' lang='lat' dir='ltr'><strong>potius</strong></span> <span class='ocrx_word' id='word_1_143' title='bbox 3116 570 3414 633; x_wconf 74' lang='lat' dir='ltr'><strong>renuntiet,</strong></span> <span class='ocrx_word' id='word_1_144' title='bbox 3459 586 3621 638; x_wconf 68' lang='lat' dir='ltr'><strong>(utam</strong></span> 
     </span>
    </p>
   </div>
   <div class='ocr_carea' id='block_1_22' title="bbox 2041 663 3624 736">
    <p class='ocr_par' dir='ltr' id='par_1_22' title="bbox 2041 663 3624 736">
     <span class='ocr_line' id='line_1_22' title="bbox 2041 663 3624 736; baseline -0.003 -15"><span class='ocrx_word' id='word_1_145' title='bbox 2041 667 2385 721; x_wconf 87' lang='lat' dir='ltr'><strong>Dominicmn</strong></span> <span class='ocrx_word' id='word_1_146' title='bbox 2415 681 2616 734; x_wconf 85' lang='lat' dir='ltr'><strong>corpus</strong></span> <span class='ocrx_word' id='word_1_147' title='bbox 2643 674 2842 720; x_wconf 79' lang='lat' dir='ltr'><strong>contra</strong></span> <span class='ocrx_word' id='word_1_148' title='bbox 2879 665 3198 736; x_wconf 78' lang='lat' dir='ltr'><strong>dignitatem</strong></span> <span class='ocrx_word' id='word_1_149' title='bbox 3232 663 3446 718; x_wconf 86' lang='lat' dir='ltr'><strong>tradat:</strong></span> <span class='ocrx_word' id='word_1_150' title='bbox 3501 679 3624 718; x_wconf 87' lang='lat' dir='ltr'><strong>san-</strong></span> 
     </span>
    </p>
   </div>
   <div class='ocr_carea' id='block_1_23' title="bbox 2041 756 3623 830">
    <p class='ocr_par' dir='ltr' id='par_1_23' title="bbox 2041 756 3623 830">
     <span class='ocr_line' id='line_1_23' title="bbox 2041 756 3623 830; baseline -0.001 -18"><span class='ocrx_word' id='word_1_151' title='bbox 2041 759 2260 828; x_wconf 83' lang='lat' dir='ltr'><strong>guinem</strong></span> <span class='ocrx_word' id='word_1_152' title='bbox 2293 759 2524 828; x_wconf 79' lang='lat' dir='ltr'><strong>quisque</strong></span> <span class='ocrx_word' id='word_1_153' title='bbox 2565 773 2724 813; x_wconf 92' lang='lat' dir='ltr'><strong>suum</strong></span> <span class='ocrx_word' id='word_1_154' title='bbox 2773 766 2898 813; x_wconf 90' lang='lat' dir='ltr'><strong>ante</strong></span> <span class='ocrx_word' id='word_1_155' title='bbox 2956 759 3229 830; x_wconf 76' lang='lat' dir='ltr'><strong>prodigat,</strong></span> <span class='ocrx_word' id='word_1_156' title='bbox 3289 772 3453 828; x_wconf 88' lang='lat' dir='ltr'><strong>quam</strong></span> <span class='ocrx_word' id='word_1_157' title='bbox 3487 756 3623 811; x_wconf 91' lang='lat' dir='ltr'><strong>adeo</strong></span> 
     </span>
    </p>
   </div>
   <div class='ocr_carea' id='block_1_24' title="bbox 2043 841 3623 921">
    <p class='ocr_par' dir='ltr' id='par_1_24' title="bbox 2043 841 3623 921">
     <span class='ocr_line' id='line_1_24' title="bbox 2043 841 3623 921; baseline -0.003 -17"><span class='ocrx_word' id='word_1_158' title='bbox 2043 849 2388 904; x_wconf 88' lang='lat' dir='ltr'><strong>tremendum</strong></span> <span class='ocrx_word' id='word_1_159' title='bbox 2423 841 2747 921; x_wconf 71' lang='lat' dir='ltr'><strong>sanguinem</strong></span> <span class='ocrx_word' id='word_1_160' title='bbox 2787 860 2978 908; x_wconf 89' lang='lat' dir='ltr'><strong>contra</strong></span> <span class='ocrx_word' id='word_1_161' title='bbox 3003 850 3082 905; x_wconf 85' lang='lat' dir='ltr'><strong>l‘as</strong></span> <span class='ocrx_word' id='word_1_162' title='bbox 3113 849 3310 905; x_wconf 87' lang='lat' dir='ltr'><strong>tradat.</strong></span> <span class='ocrx_word' id='word_1_163' title='bbox 3359 848 3514 916; x_wconf 87' lang='lat' dir='ltr'><strong>Quod</strong></span> <span class='ocrx_word' id='word_1_164' title='bbox 3576 847 3623 900; x_wconf 84' lang='lat' dir='ltr'><strong>si</strong></span> 
     </span>
    </p>
   </div>
   <div class='ocr_carea' id='block_1_25' title="bbox 2042 940 3624 1014">
    <p class='ocr_par' dir='ltr' id='par_1_25' title="bbox 2042 940 3624 1014">
     <span class='ocr_line' id='line_1_25' title="bbox 2042 940 3624 1014; baseline 0 -21"><span class='ocrx_word' id='word_1_165' title='bbox 2042 940 2245 1009; x_wconf 89' lang='lat' dir='ltr'><strong>aliquis</strong></span> <span class='ocrx_word' id='word_1_166' title='bbox 2266 941 2543 996; x_wconf 88' lang='lat' dir='ltr'><strong>hominem</strong></span> <span class='ocrx_word' id='word_1_167' title='bbox 2581 953 2926 1012; x_wconf 86' lang='lat' dir='ltr'><strong>peccatorem</strong></span> <span class='ocrx_word' id='word_1_168' title='bbox 2972 941 3326 1014; x_wconf 79' lang='lat' dir='ltr'><strong>ignoraverit,</strong></span> <span class='ocrx_word' id='word_1_169' title='bbox 3367 941 3624 1011; x_wconf 77' lang='lat' dir='ltr'><strong>quamvis</strong></span> 
     </span>
    </p>
   </div>
   <div class='ocr_carea' id='block_1_26' title="bbox 2043 1032 3627 1105">
    <p class='ocr_par' dir='ltr' id='par_1_26' title="bbox 2043 1032 3627 1105">
     <span class='ocr_line' id='line_1_26' title="bbox 2043 1032 3627 1105; baseline -0.001 -19"><span class='ocrx_word' id='word_1_170' title='bbox 2043 1049 2376 1103; x_wconf 78' lang='lat' dir='ltr'><strong>magnopere</strong></span> <span class='ocrx_word' id='word_1_171' title='bbox 2398 1035 2780 1105; x_wconf 77' lang='lat' dir='ltr'><strong>vestigaverit,</strong></span> <span class='ocrx_word' id='word_1_172' title='bbox 2808 1037 2956 1091; x_wconf 85' lang='lat' dir='ltr'><strong>nulla</strong></span> <span class='ocrx_word' id='word_1_173' title='bbox 2974 1037 3148 1105; x_wconf 86' lang='lat' dir='ltr'><strong>ipsius</strong></span> <span class='ocrx_word' id='word_1_174' title='bbox 3168 1035 3324 1104; x_wconf 89' lang='lat' dir='ltr'><strong>culpa</strong></span> <span class='ocrx_word' id='word_1_175' title='bbox 3346 1033 3472 1088; x_wconf 90' lang='lat' dir='ltr'><strong>erit.</strong></span> <span class='ocrx_word' id='word_1_176' title='bbox 3501 1032 3627 1086; x_wconf 80' lang='lat' dir='ltr'><strong>llaec</strong></span> 
     </span>
    </p>
   </div>
   <div class='ocr_carea' id='block_1_27' title="bbox 2041 1124 3626 1182">
    <p class='ocr_par' dir='ltr' id='par_1_27' title="bbox 2041 1124 3626 1182">
     <span class='ocr_line' id='line_1_27' title="bbox 2041 1124 3626 1182; baseline -0.001 -6"><span class='ocrx_word' id='word_1_177' title='bbox 2041 1124 2186 1177; x_wconf 83' lang='lat' dir='ltr'><strong>enim</strong></span> <span class='ocrx_word' id='word_1_178' title='bbox 2221 1140 2320 1179; x_wconf 91' lang='lat' dir='ltr'><strong>nos</strong></span> <span class='ocrx_word' id='word_1_179' title='bbox 2349 1126 2416 1180; x_wconf 92' lang='lat' dir='ltr'><strong>de</strong></span> <span class='ocrx_word' id='word_1_180' title='bbox 2448 1126 2748 1182; x_wconf 80' lang='lat' dir='ltr'><strong>manifestis</strong></span> <span class='ocrx_word' id='word_1_181' title='bbox 2786 1128 2953 1182; x_wconf 90' lang='lat' dir='ltr'><strong>locuti</strong></span> <span class='ocrx_word' id='word_1_182' title='bbox 2977 1143 3188 1182; x_wconf 87' lang='lat' dir='ltr'><strong>sumus.</strong></span> <span class='ocrx_word' id='word_1_183' title='bbox 3225 1126 3342 1181; x_wconf 83' lang='lat' dir='ltr'><strong>Jam</strong></span> <span class='ocrx_word' id='word_1_184' title='bbox 3376 1124 3422 1179; x_wconf 89' lang='lat' dir='ltr'><strong>si</strong></span> <span class='ocrx_word' id='word_1_185' title='bbox 3467 1132 3626 1177; x_wconf 88' lang='lat' dir='ltr'><strong>notos</strong></span> 
     </span>
    </p>
   </div>
   <div class='ocr_carea' id='block_1_28' title="bbox 2041 1217 3625 1288">
    <p class='ocr_par' dir='ltr' id='par_1_28' title="bbox 2041 1217 3625 1288">
     <span class='ocr_line' id='line_1_28' title="bbox 2041 1217 3625 1288; baseline -0.001 -20"><span class='ocrx_word' id='word_1_186' title='bbox 2041 1224 2364 1284; x_wconf 85' lang='lat' dir='ltr'><strong>peccatores</strong></span> <span class='ocrx_word' id='word_1_187' title='bbox 2383 1217 2828 1274; x_wconf 83' lang='lat' dir='ltr'><strong>emendaveritis.</strong></span> <span class='ocrx_word' id='word_1_188' title='bbox 2850 1219 3034 1272; x_wconf 88' lang='lat' dir='ltr'><strong>statim</strong></span> <span class='ocrx_word' id='word_1_189' title='bbox 3058 1219 3272 1288; x_wconf 81' lang='lat' dir='ltr'><strong>ignotos</strong></span> <span class='ocrx_word' id='word_1_190' title='bbox 3291 1231 3509 1286; x_wconf 87' lang='lat' dir='ltr'><strong>quoque</strong></span> <span class='ocrx_word' id='word_1_191' title='bbox 3529 1231 3625 1268; x_wconf 87' lang='lat' dir='ltr'><strong>vo-</strong></span> 
     </span>
    </p>
   </div>
   <div class='ocr_carea' id='block_1_29' title="bbox 2043 1305 3627 1379">
    <p class='ocr_par' dir='ltr' id='par_1_29' title="bbox 2043 1305 3627 1379">
     <span class='ocr_line' id='line_1_29' title="bbox 2043 1305 3627 1379; baseline 0 -19"><span class='ocrx_word' id='word_1_192' title='bbox 2043 1305 2128 1361; x_wconf 84' lang='lat' dir='ltr'><strong>bis</strong></span> <span class='ocrx_word' id='word_1_193' title='bbox 2179 1307 2324 1362; x_wconf 86' lang='lat' dir='ltr'><strong>Deus</strong></span> <span class='ocrx_word' id='word_1_194' title='bbox 2357 1309 2642 1366; x_wconf 88' lang='lat' dir='ltr'><strong>revelabit.</strong></span> <span class='ocrx_word' id='word_1_195' title='bbox 2673 1309 2830 1376; x_wconf 86' lang='lat' dir='ltr'><strong>Quod</strong></span> <span class='ocrx_word' id='word_1_196' title='bbox 2867 1311 2911 1364; x_wconf 90' lang='lat' dir='ltr'><strong>si</strong></span> <span class='ocrx_word' id='word_1_197' title='bbox 2948 1311 3068 1365; x_wconf 87' lang='lat' dir='ltr'><strong>illos</strong></span> <span class='ocrx_word' id='word_1_198' title='bbox 3101 1309 3364 1365; x_wconf 82' lang='lat' dir='ltr'><strong>accedere</strong></span> <span class='ocrx_word' id='word_1_199' title='bbox 3400 1308 3627 1379; x_wconf 82' lang='lat' dir='ltr'><strong>permit-</strong></span> 
     </span>
    </p>
   </div>
   <div class='ocr_carea' id='block_1_30' title="bbox 2044 1397 3626 1470">
    <p class='ocr_par' dir='ltr' id='par_1_30' title="bbox 2044 1397 3626 1470">
     <span class='ocr_line' id='line_1_30' title="bbox 2044 1397 3626 1470; baseline 0.004 -22"><span class='ocrx_word' id='word_1_200' title='bbox 2044 1397 2195 1460; x_wconf 83' lang='lat' dir='ltr'><strong>tatis,</strong></span> <span class='ocrx_word' id='word_1_201' title='bbox 2216 1400 2441 1470; x_wconf 87' lang='lat' dir='ltr'><strong>curjam</strong></span> <span class='ocrx_word' id='word_1_202' title='bbox 2467 1399 2711 1468; x_wconf 89' lang='lat' dir='ltr'><strong>reliquos</strong></span> <span class='ocrx_word' id='word_1_203' title='bbox 2735 1401 2894 1456; x_wconf 86' lang='lat' dir='ltr'><strong>vobis</strong></span> <span class='ocrx_word' id='word_1_204' title='bbox 2917 1401 3058 1456; x_wconf 88' lang='lat' dir='ltr'><strong>Deus</strong></span> <span class='ocrx_word' id='word_1_205' title='bbox 3078 1402 3392 1458; x_wconf 81' lang='lat' dir='ltr'><strong>manifestet</strong></span> <span class='ocrx_word' id='word_1_206' title='bbox 3409 1401 3431 1454; x_wconf 77' lang='lat'><strong>‘3</strong></span> <span class='ocrx_word' id='word_1_207' title='bbox 3447 1405 3626 1468; x_wconf 83' lang='lat' dir='ltr'><strong>Atque</strong></span> 
     </span>
    </p>
   </div>
   <div class='ocr_carea' id='block_1_31' title="bbox 2043 1488 3624 1563">
    <p class='ocr_par' dir='ltr' id='par_1_31' title="bbox 2043 1488 3624 1563">
     <span class='ocr_line' id='line_1_31' title="bbox 2043 1488 3624 1563; baseline 0.003 -21"><span class='ocrx_word' id='word_1_208' title='bbox 2043 1488 2159 1544; x_wconf 75' lang='lat' dir='ltr'><strong>haec</strong></span> <span class='ocrx_word' id='word_1_209' title='bbox 2181 1490 2288 1555; x_wconf 88' lang='lat' dir='ltr'><strong>aio,</strong></span> <span class='ocrx_word' id='word_1_210' title='bbox 2312 1500 2368 1545; x_wconf 92' lang='lat' dir='ltr'><strong>ut</strong></span> <span class='ocrx_word' id='word_1_211' title='bbox 2392 1507 2500 1546; x_wconf 90' lang='lat' dir='ltr'><strong>non</strong></span> <span class='ocrx_word' id='word_1_212' title='bbox 2523 1495 2758 1551; x_wconf 89' lang='lat' dir='ltr'><strong>arceatis</strong></span> <span class='ocrx_word' id='word_1_213' title='bbox 2784 1495 3165 1549; x_wconf 86' lang='lat' dir='ltr'><strong>tantummodo</strong></span> <span class='ocrx_word' id='word_1_214' title='bbox 3184 1494 3264 1550; x_wconf 85' lang='lat' dir='ltr'><strong>vel</strong></span> <span class='ocrx_word' id='word_1_215' title='bbox 3294 1493 3624 1563; x_wconf 66' lang='lat' dir='ltr'><strong>praecidatis,</strong></span> 
     </span>
    </p>
   </div>
   <div class='ocr_carea' id='block_1_32' title="bbox 2042 1582 3623 1644">
    <p class='ocr_par' dir='ltr' id='par_1_32' title="bbox 2042 1582 3623 1644">
     <span class='ocr_line' id='line_1_32' title="bbox 2042 1582 3623 1644; baseline 0.001 -9"><span class='ocrx_word' id='word_1_216' title='bbox 2042 1582 2137 1636; x_wconf 81' lang='lat' dir='ltr'><strong>sed</strong></span> <span class='ocrx_word' id='word_1_217' title='bbox 2182 1594 2241 1638; x_wconf 90' lang='lat' dir='ltr'><strong>ut</strong></span> <span class='ocrx_word' id='word_1_218' title='bbox 2282 1587 2605 1642; x_wconf 87' lang='lat' dir='ltr'><strong>emendatos</strong></span> <span class='ocrx_word' id='word_1_219' title='bbox 2652 1588 2950 1644; x_wconf 89' lang='lat' dir='ltr'><strong>reducatis.</strong></span> <span class='ocrx_word' id='word_1_220' title='bbox 3003 1589 3094 1642; x_wconf 81' lang='lat' dir='ltr'><strong>Sic</strong></span> <span class='ocrx_word' id='word_1_221' title='bbox 3142 1587 3292 1642; x_wconf 87' lang='lat' dir='ltr'><strong>enim</strong></span> <span class='ocrx_word' id='word_1_222' title='bbox 3346 1593 3403 1640; x_wconf 90' lang='lat' dir='ltr'><strong>et</strong></span> <span class='ocrx_word' id='word_1_223' title='bbox 3451 1586 3623 1639; x_wconf 92' lang='lat' dir='ltr'><strong>Deum</strong></span> 
     </span>
    </p>
   </div>
   <div class='ocr_carea' id='block_1_33' title="bbox 2043 1675 3624 1750">
    <p class='ocr_par' dir='ltr' id='par_1_33' title="bbox 2043 1675 3624 1750">
     <span class='ocr_line' id='line_1_33' title="bbox 2043 1675 3624 1750; baseline 0.003 -22"><span class='ocrx_word' id='word_1_224' title='bbox 2043 1675 2338 1744; x_wconf 88' lang='lat' dir='ltr'><strong>propitium</strong></span> <span class='ocrx_word' id='word_1_225' title='bbox 2360 1676 2655 1742; x_wconf 87' lang='lat' dir='ltr'><strong>habebitis,</strong></span> <span class='ocrx_word' id='word_1_226' title='bbox 2673 1689 2726 1735; x_wconf 87' lang='lat' dir='ltr'><strong>et</strong></span> <span class='ocrx_word' id='word_1_227' title='bbox 2752 1681 2952 1736; x_wconf 91' lang='lat' dir='ltr'><strong>multos</strong></span> <span class='ocrx_word' id='word_1_228' title='bbox 2971 1681 3132 1750; x_wconf 77' lang='lat' dir='ltr'><strong>digne</strong></span> <span class='ocrx_word' id='word_1_229' title='bbox 3150 1679 3624 1735; x_wconf 81' lang='lat' dir='ltr'><strong>communicantes</strong></span> 
     </span>
    </p>
   </div>
   <div class='ocr_carea' id='block_1_34' title="bbox 354 1747 1936 1845">
    <p class='ocr_par' dir='ltr' id='par_1_34' title="bbox 354 1747 1936 1845">
     <span class='ocr_line' id='line_1_34' title="bbox 354 1747 1936 1845; baseline -0.001 -17"><span class='ocrx_word' id='word_1_230' title='bbox 354 1747 487 1838; x_wconf 56' lang='grc' dir='ltr'><strong>τούξ</strong></span> <span class='ocrx_word' id='word_1_231' title='bbox 517 1747 708 1838; x_wconf 76' lang='grc' dir='ltr'><strong>ἄλλους</strong></span> <span class='ocrx_word' id='word_1_232' title='bbox 745 1747 1067 1845; x_wconf 73' lang='grc' dir='ltr'><strong>ἐπιμελείας</strong></span> <span class='ocrx_word' id='word_1_233' title='bbox 1103 1775 1275 1828; x_wconf 79' lang='grc' dir='ltr'><strong>πολὺν</strong></span> <span class='ocrx_word' id='word_1_234' title='bbox 1312 1747 1660 1844; x_wconf 75' lang='grc' dir='ltr'><strong>ἀπολήψεσθε</strong></span> <span class='ocrx_word' id='word_1_235' title='bbox 1695 1747 1786 1826; x_wconf 66' lang='grc' dir='ltr'><strong>τδν</strong></span> <span class='ocrx_word' id='word_1_236' title='bbox 1845 1747 1936 1844; x_wconf 74' lang='grc' dir='ltr'><strong>μι-</strong></span> 
     </span>
    </p>
   </div>
   <div class='ocr_carea' id='block_1_35' title="bbox 2039 1747 3624 1845">
    <p class='ocr_par' dir='ltr' id='par_1_35' title="bbox 2042 1747 3624 1844">
     <span class='ocr_line' id='line_1_35' title="bbox 2042 1747 3624 1844; baseline 0.004 -25"><span class='ocrx_word' id='word_1_237' title='bbox 2042 1769 2414 1836; x_wconf 89' lang='lat' dir='ltr'><strong>comperietis,</strong></span> <span class='ocrx_word' id='word_1_238' title='bbox 2447 1779 2502 1825; x_wconf 86' lang='lat' dir='ltr'><strong>et</strong></span> <span class='ocrx_word' id='word_1_239' title='bbox 2524 1781 2717 1826; x_wconf 65' lang='lat' dir='ltr'><strong>vestrae</strong></span> <span class='ocrx_word' id='word_1_240' title='bbox 2750 1747 3084 1837; x_wconf 78' lang='lat' dir='ltr'><strong>sedulitatis,</strong></span> <span class='ocrx_word' id='word_1_241' title='bbox 3130 1781 3296 1844; x_wconf 90' lang='lat' dir='ltr'><strong>atque</strong></span> <span class='ocrx_word' id='word_1_242' title='bbox 3329 1787 3458 1843; x_wconf 76' lang='lat' dir='ltr'><strong>erga</strong></span> <span class='ocrx_word' id='word_1_243' title='bbox 3483 1771 3624 1825; x_wconf 86' lang='lat' dir='ltr'><strong>alios</strong></span> 
     </span>
    </p>
   </div>
   <div class='ocr_carea' id='block_1_36' title="bbox 355 1871 503 1925">
    <p class='ocr_par' dir='ltr' id='par_1_36' title="bbox 355 1871 503 1925">
     <span class='ocr_line' id='line_1_36' title="bbox 355 1871 503 1925; baseline 0.007 -1"><span class='ocrx_word' id='word_1_244' title='bbox 355 1871 503 1925; x_wconf 83' lang='grc' dir='ltr'><strong>σθόν.</strong></span> 
     </span>
    </p>
   </div>
   <div class='ocr_carea' id='block_1_37' title="bbox 422 1959 1939 2030">
    <p class='ocr_par' dir='ltr' id='par_1_37' title="bbox 422 1959 1939 2030">
     <span class='ocr_line' id='line_1_37' title="bbox 422 1959 1939 2030; baseline -0.002 -16"><span class='ocrx_word' id='word_1_245' title='bbox 422 1968 528 2014; x_wconf 68' lang='grc' dir='ltr'><strong>καθ.</strong></span> <span class='ocrx_word' id='word_1_246' title='bbox 565 1961 688 2014; x_wconf 84' lang='grc' dir='ltr'><strong>Ἔτι</strong></span> <span class='ocrx_word' id='word_1_247' title='bbox 719 1959 922 2022; x_wconf 78' lang='grc' dir='ltr'><strong>πάντες</strong></span> <span class='ocrx_word' id='word_1_248' title='bbox 953 1959 1003 2012; x_wconf 84' lang='grc' dir='ltr'><strong>οί</strong></span> <span class='ocrx_word' id='word_1_249' title='bbox 1036 1959 1202 2030; x_wconf 76' lang='grc' dir='ltr'><strong>ἱερεῖς</strong></span> <span class='ocrx_word' id='word_1_250' title='bbox 1243 1960 1338 2012; x_wconf 75' lang='grc' dir='ltr'><strong>καὶ</strong></span> <span class='ocrx_word' id='word_1_251' title='bbox 1382 1959 1410 2012; x_wconf 90' lang='lat'><strong>6</strong></span> <span class='ocrx_word' id='word_1_252' title='bbox 1458 1960 1590 2021; x_wconf 76' lang='grc' dir='ltr'><strong>λαὸς</strong></span> <span class='ocrx_word' id='word_1_253' title='bbox 1635 1959 1726 2012; x_wconf 82' lang='grc' dir='ltr'><strong>διὰ</strong></span> <span class='ocrx_word' id='word_1_254' title='bbox 1773 1976 1939 2012; x_wconf 84' lang='grc' dir='ltr'><strong>σπου-</strong></span> 
     </span>
    </p>
   </div>
   <div class='ocr_carea' id='block_1_38' title="bbox 353 2049 1938 2122">
    <p class='ocr_par' dir='ltr' id='par_1_38' title="bbox 353 2049 1938 2122">
     <span class='ocr_line' id='line_1_38' title="bbox 353 2049 1938 2122; baseline -0.002 -14"><span class='ocrx_word' id='word_1_255' title='bbox 353 2053 451 2122; x_wconf 82' lang='grc' dir='ltr'><strong>δῆς</strong></span> <span class='ocrx_word' id='word_1_256' title='bbox 493 2052 786 2120; x_wconf 80' lang='grc' dir='ltr'><strong>ποιώμεθα</strong></span> <span class='ocrx_word' id='word_1_257' title='bbox 827 2050 1056 2117; x_wconf 84' lang='grc' dir='ltr'><strong>πολλῆς,</strong></span> <span class='ocrx_word' id='word_1_258' title='bbox 1107 2049 1251 2103; x_wconf 81' lang='grc' dir='ltr'><strong>ὥστε</strong></span> <span class='ocrx_word' id='word_1_259' title='bbox 1307 2049 1448 2120; x_wconf 84' lang='grc' dir='ltr'><strong>μετά</strong></span> <span class='ocrx_word' id='word_1_260' title='bbox 1489 2050 1589 2120; x_wconf 81' lang='grc' dir='ltr'><strong>τήν</strong></span> <span class='ocrx_word' id='word_1_261' title='bbox 1633 2051 1787 2120; x_wconf 72' lang='grc' dir='ltr'><strong>ίερὰν</strong></span> <span class='ocrx_word' id='word_1_262' title='bbox 1843 2053 1938 2105; x_wconf 76' lang='grc' dir='ltr'><strong>καὶ</strong></span> 
     </span>
    </p>
   </div>
   <div class='ocr_carea' id='block_1_39' title="bbox 357 2139 1936 2212">
    <p class='ocr_par' dir='ltr' id='par_1_39' title="bbox 357 2139 1936 2212">
     <span class='ocr_line' id='line_1_39' title="bbox 357 2139 1936 2212; baseline -0.002 -17"><span class='ocrx_word' id='word_1_263' title='bbox 357 2143 591 2212; x_wconf 73' lang='grc' dir='ltr'><strong>φρικτὴν</strong></span> <span class='ocrx_word' id='word_1_264' title='bbox 619 2141 828 2212; x_wconf 86' lang='grc' dir='ltr'><strong>ταύτην</strong></span> <span class='ocrx_word' id='word_1_265' title='bbox 858 2141 1164 2212; x_wconf 65' lang='grc' dir='ltr'><strong>τράπεζαν,</strong></span> <span class='ocrx_word' id='word_1_266' title='bbox 1199 2140 1276 2210; x_wconf 81' lang='grc' dir='ltr'><strong>μὴ</strong></span> <span class='ocrx_word' id='word_1_267' title='bbox 1311 2141 1446 2208; x_wconf 73' lang='grc' dir='ltr'><strong>πρὸς</strong></span> <span class='ocrx_word' id='word_1_268' title='bbox 1479 2139 1654 2210; x_wconf 84' lang='grc' dir='ltr'><strong>μέθην</strong></span> <span class='ocrx_word' id='word_1_269' title='bbox 1687 2143 1781 2194; x_wconf 58' lang='grc' dir='ltr'><strong>καὶ</strong></span> <span class='ocrx_word' id='word_1_270' title='bbox 1807 2159 1936 2212; x_wconf 78' lang='grc' dir='ltr'><strong>τρυ-</strong></span> 
     </span>
    </p>
   </div>
   <div class='ocr_carea' id='block_1_40' title="bbox 356 2233 1939 2306">
    <p class='ocr_par' dir='ltr' id='par_1_40' title="bbox 356 2233 1939 2306">
     <span class='ocr_line' id='line_1_40' title="bbox 356 2233 1939 2306; baseline -0.001 -19"><span class='ocrx_word' id='word_1_271' title='bbox 356 2237 462 2306; x_wconf 78' lang='grc' dir='ltr'><strong>φήν</strong></span> <span class='ocrx_word' id='word_1_272' title='bbox 488 2235 712 2297; x_wconf 75' lang='grc' dir='ltr'><strong>ἑαυτοὺς</strong></span> <span class='ocrx_word' id='word_1_273' title='bbox 768 2234 1069 2288; x_wconf 76' lang='grc' dir='ltr'><strong>ὲκδιδόναι’</strong></span> <span class='ocrx_word' id='word_1_274' title='bbox 1107 2237 1155 2286; x_wconf 89' lang='grc' dir='ltr'><strong>εἰ</strong></span> <span class='ocrx_word' id='word_1_275' title='bbox 1206 2233 1316 2302; x_wconf 78' lang='grc' dir='ltr'><strong>γὰρ</strong></span> <span class='ocrx_word' id='word_1_276' title='bbox 1360 2233 1619 2286; x_wconf 82' lang='grc' dir='ltr'><strong>οὐδέποτε</strong></span> <span class='ocrx_word' id='word_1_277' title='bbox 1657 2233 1766 2302; x_wconf 82' lang='grc' dir='ltr'><strong>χρὴ</strong></span> <span class='ocrx_word' id='word_1_278' title='bbox 1810 2250 1939 2304; x_wconf 80' lang='grc' dir='ltr'><strong>τρυ-</strong></span> 
     </span>
    </p>
   </div>
   <div class='ocr_carea' id='block_1_41' title="bbox 357 2322 1936 2396">
    <p class='ocr_par' dir='ltr' id='par_1_41' title="bbox 357 2322 1936 2396">
     <span class='ocr_line' id='line_1_41' title="bbox 357 2322 1936 2396; baseline -0.001 -19"><span class='ocrx_word' id='word_1_279' title='bbox 357 2327 486 2396; x_wconf 68' lang='grc' dir='ltr'><strong>φᾷν,</strong></span> <span class='ocrx_word' id='word_1_280' title='bbox 524 2325 616 2379; x_wconf 69' lang='grc' dir='ltr'><strong>καὶ</strong></span> <span class='ocrx_word' id='word_1_281' title='bbox 653 2323 824 2385; x_wconf 72' lang='grc' dir='ltr'><strong>τοῦτο,</strong></span> <span class='ocrx_word' id='word_1_282' title='bbox 863 2326 890 2376; x_wconf 88' lang='lat'><strong>6</strong></span> <span class='ocrx_word' id='word_1_283' title='bbox 933 2323 1142 2387; x_wconf 79' lang='grc' dir='ltr'><strong>Παῦλος</strong></span> <span class='ocrx_word' id='word_1_284' title='bbox 1180 2323 1449 2393; x_wconf 84' lang='grc' dir='ltr'><strong>ἐδήλωσεν</strong></span> <span class='ocrx_word' id='word_1_285' title='bbox 1480 2322 1670 2384; x_wconf 83' lang='grc' dir='ltr'><strong>είπών,</strong></span> <span class='ocrx_word' id='word_1_286' title='bbox 1710 2341 1728 2373; x_wconf 76' lang='grc' dir='ltr'><strong>ι</strong></span> <span class='ocrx_word' id='word_1_287' title='bbox 1780 2324 1842 2375; x_wconf 82' lang='grc' dir='ltr'><strong>Ἦ</strong></span> <span class='ocrx_word' id='word_1_288' title='bbox 1879 2325 1936 2377; x_wconf 78' lang='grc' dir='ltr'><strong>δὲ</strong></span> 
     </span>
    </p>
   </div>
   <div class='ocr_carea' id='block_1_42' title="bbox 359 2399 1938 2487">
    <p class='ocr_par' dir='ltr' id='par_1_42' title="bbox 359 2399 1938 2487">
     <span class='ocr_line' id='line_1_42' title="bbox 359 2399 1938 2487; baseline 0 -17"><span class='ocrx_word' id='word_1_289' title='bbox 359 2399 896 2482; x_wconf 53' lang='grc' dir='ltr'><strong>οπαταλῶσαζώσα</strong></span> <span class='ocrx_word' id='word_1_290' title='bbox 941 2417 1192 2487; x_wconf 84' lang='grc' dir='ltr'><strong>τέθνηκε,</strong></span> <span class='ocrx_word' id='word_1_291' title='bbox 1245 2436 1264 2469; x_wconf 75' lang='grc' dir='ltr'><strong>ι</strong></span> <span class='ocrx_word' id='word_1_292' title='bbox 1312 2414 1494 2485; x_wconf 79' lang='grc' dir='ltr'><strong>πολλῷ</strong></span> <span class='ocrx_word' id='word_1_293' title='bbox 1542 2416 1746 2485; x_wconf 80' lang='grc' dir='ltr'><strong>μᾶλλον</strong></span> <span class='ocrx_word' id='word_1_294' title='bbox 1795 2416 1938 2484; x_wconf 78' lang='grc' dir='ltr'><strong>μετὰ</strong></span> 
     </span>
    </p>
   </div>
   <div class='ocr_carea' id='block_1_43' title="bbox 353 2508 1938 2579">
    <p class='ocr_par' dir='ltr' id='par_1_43' title="bbox 353 2508 1938 2579">
     <span class='ocr_line' id='line_1_43' title="bbox 353 2508 1938 2579; baseline 0.001 -18"><span class='ocrx_word' id='word_1_295' title='bbox 353 2509 455 2578; x_wconf 75' lang='grc' dir='ltr'><strong>τὴν</strong></span> <span class='ocrx_word' id='word_1_296' title='bbox 502 2510 611 2562; x_wconf 84' lang='grc' dir='ltr'><strong>τῶν</strong></span> <span class='ocrx_word' id='word_1_297' title='bbox 672 2511 991 2579; x_wconf 86' lang='grc' dir='ltr'><strong>μυστηρίων</strong></span> <span class='ocrx_word' id='word_1_298' title='bbox 1043 2509 1328 2562; x_wconf 78' lang='grc' dir='ltr'><strong>κοινωνίαν</strong></span> <span class='ocrx_word' id='word_1_299' title='bbox 1355 2524 1369 2538; x_wconf 78' lang='grc' dir='ltr'><strong>ο</strong></span> <span class='ocrx_word' id='word_1_300' title='bbox 1412 2509 1471 2560; x_wconf 80' lang='grc' dir='ltr'><strong>οὐ</strong></span> <span class='ocrx_word' id='word_1_301' title='bbox 1520 2509 1628 2578; x_wconf 88' lang='grc' dir='ltr'><strong>γὰρ</strong></span> <span class='ocrx_word' id='word_1_302' title='bbox 1661 2508 1750 2561; x_wconf 88' lang='grc' dir='ltr'><strong>διὰ</strong></span> <span class='ocrx_word' id='word_1_303' title='bbox 1780 2511 1938 2562; x_wconf 79' lang='grc' dir='ltr'><strong>τοῦτο</strong></span> 
     </span>
    </p>
   </div>
   <div class='ocr_carea' id='block_1_44' title="bbox 354 2599 1936 2670">
    <p class='ocr_par' dir='ltr' id='par_1_44' title="bbox 354 2599 1936 2670">
     <span class='ocr_line' id='line_1_44' title="bbox 354 2599 1936 2670; baseline -0.001 -19"><span class='ocrx_word' id='word_1_304' title='bbox 354 2600 655 2669; x_wconf 73' lang='grc' dir='ltr'><strong>ἐγενόμεθα</strong></span> <span class='ocrx_word' id='word_1_305' title='bbox 709 2601 800 2653; x_wconf 75' lang='grc' dir='ltr'><strong>καὶ</strong></span> <span class='ocrx_word' id='word_1_306' title='bbox 849 2600 1056 2668; x_wconf 81' lang='grc' dir='ltr'><strong>ζῶμεν,</strong></span> <span class='ocrx_word' id='word_1_307' title='bbox 1104 2600 1192 2653; x_wconf 77' lang='grc' dir='ltr'><strong>ἵνα</strong></span> <span class='ocrx_word' id='word_1_308' title='bbox 1249 2599 1516 2670; x_wconf 83' lang='grc' dir='ltr'>φάγωμεν</span> <span class='ocrx_word' id='word_1_309' title='bbox 1565 2601 1656 2652; x_wconf 81' lang='grc' dir='ltr'><strong>καὶ</strong></span> <span class='ocrx_word' id='word_1_310' title='bbox 1695 2600 1936 2668; x_wconf 84' lang='grc' dir='ltr'><strong>πίωμεν,</strong></span> 
     </span>
    </p>
   </div>
   <div class='ocr_carea' id='block_1_45' title="bbox 353 2692 1936 2764">
    <p class='ocr_par' dir='ltr' id='par_1_45' title="bbox 353 2692 1936 2764">
     <span class='ocr_line' id='line_1_45' title="bbox 353 2692 1936 2764; baseline 0.001 -21"><span class='ocrx_word' id='word_1_311' title='bbox 353 2692 489 2745; x_wconf 82' lang='grc' dir='ltr'><strong>ἀλλὰ</strong></span> <span class='ocrx_word' id='word_1_312' title='bbox 509 2693 571 2744; x_wconf 82' lang='grc' dir='ltr'><strong>τὸ</strong></span> <span class='ocrx_word' id='word_1_313' title='bbox 596 2695 791 2760; x_wconf 83' lang='grc' dir='ltr'><strong>φαγεῖν</strong></span> <span class='ocrx_word' id='word_1_314' title='bbox 822 2692 912 2745; x_wconf 72' lang='grc' dir='ltr'><strong>διὰ</strong></span> <span class='ocrx_word' id='word_1_315' title='bbox 946 2693 1005 2746; x_wconf 81' lang='grc' dir='ltr'><strong>τὸ</strong></span> <span class='ocrx_word' id='word_1_316' title='bbox 1031 2692 1130 2762; x_wconf 75' lang='grc' dir='ltr'><strong>ζῇν</strong></span> <span class='ocrx_word' id='word_1_317' title='bbox 1159 2692 1386 2760; x_wconf 85' lang='grc' dir='ltr'><strong>γέγονεν</strong></span> <span class='ocrx_word' id='word_1_318' title='bbox 1418 2693 1478 2757; x_wconf 74' lang='grc' dir='ltr'>ἐξ</span> <span class='ocrx_word' id='word_1_319' title='bbox 1508 2693 1705 2764; x_wconf 85' lang='grc' dir='ltr'><strong>ἀρχῆς.</strong></span> <span class='ocrx_word' id='word_1_320' title='bbox 1743 2693 1936 2762; x_wconf 84' lang='grc' dir='ltr'><strong>Ἡμεῖς</strong></span> 
     </span>
    </p>
   </div>
   <div class='ocr_carea' id='block_1_46' title="bbox 349 2783 1936 2855">
    <p class='ocr_par' dir='ltr' id='par_1_46' title="bbox 349 2783 1936 2855">
     <span class='ocr_line' id='line_1_46' title="bbox 349 2783 1936 2855; baseline 0.001 -17"><span class='ocrx_word' id='word_1_321' title='bbox 349 2785 409 2839; x_wconf 68' lang='grc' dir='ltr'><strong>δὲ</strong></span> <span class='ocrx_word' id='word_1_322' title='bbox 458 2784 534 2847; x_wconf 91' lang='grc' dir='ltr'><strong>ώς</strong></span> <span class='ocrx_word' id='word_1_323' title='bbox 580 2784 668 2837; x_wconf 78' lang='grc' dir='ltr'><strong>διὰ</strong></span> <span class='ocrx_word' id='word_1_324' title='bbox 714 2783 876 2838; x_wconf 84' lang='grc' dir='ltr'><strong>τοῦτο</strong></span> <span class='ocrx_word' id='word_1_325' title='bbox 925 2785 1178 2848; x_wconf 71' lang='grc' dir='ltr'><strong>ἐλθόντες</strong></span> <span class='ocrx_word' id='word_1_326' title='bbox 1223 2788 1306 2848; x_wconf 81' lang='grc' dir='ltr'><strong>είς</strong></span> <span class='ocrx_word' id='word_1_327' title='bbox 1358 2786 1449 2838; x_wconf 74' lang='grc' dir='ltr'><strong>τὸν</strong></span> <span class='ocrx_word' id='word_1_328' title='bbox 1493 2786 1723 2855; x_wconf 80' lang='grc' dir='ltr'><strong>κόσμον,</strong></span> <span class='ocrx_word' id='word_1_329' title='bbox 1759 2785 1936 2850; x_wconf 78' lang='grc' dir='ltr'><strong>οὕτως</strong></span> 
     </span>
    </p>
   </div>
   <div class='ocr_carea' id='block_1_47' title="bbox 350 2877 1935 2948">
    <p class='ocr_par' dir='ltr' id='par_1_47' title="bbox 350 2877 1935 2948">
     <span class='ocr_line' id='line_1_47' title="bbox 350 2877 1935 2948; baseline -0.001 -19"><span class='ocrx_word' id='word_1_330' title='bbox 350 2880 431 2939; x_wconf 88' lang='grc' dir='ltr'><strong>εἱς</strong></span> <span class='ocrx_word' id='word_1_331' title='bbox 482 2878 642 2930; x_wconf 80' lang='grc' dir='ltr'><strong>τοῦτο</strong></span> <span class='ocrx_word' id='word_1_332' title='bbox 674 2877 852 2930; x_wconf 80' lang='grc' dir='ltr'><strong>πάντα</strong></span> <span class='ocrx_word' id='word_1_333' title='bbox 895 2878 1372 2948; x_wconf 73' lang='grc' dir='ltr'><strong>καταναλίσκομεν</strong></span> <span class='ocrx_word' id='word_1_334' title='bbox 1395 2917 1410 2941; x_wconf 93' lang='grc'><strong>,</strong></span> <span class='ocrx_word' id='word_1_335' title='bbox 1445 2877 1541 2930; x_wconf 84' lang='grc' dir='ltr'><strong>καὶ</strong></span> <span class='ocrx_word' id='word_1_336' title='bbox 1588 2879 1728 2946; x_wconf 74' lang='grc' dir='ltr'><strong>μετὰ</strong></span> <span class='ocrx_word' id='word_1_337' title='bbox 1764 2878 1935 2948; x_wconf 87' lang='grc' dir='ltr'><strong>μέθης</strong></span> 
     </span>
    </p>
   </div>
   <div class='ocr_carea' id='block_1_48' title="bbox 350 2972 1935 3043">
    <p class='ocr_par' dir='ltr' id='par_1_48' title="bbox 350 2972 1935 3043">
     <span class='ocr_line' id='line_1_48' title="bbox 350 2972 1935 3043; baseline 0.001 -19"><span class='ocrx_word' id='word_1_338' title='bbox 350 2973 462 3024; x_wconf 85' lang='grc' dir='ltr'><strong>ἀπὸ</strong></span> <span class='ocrx_word' id='word_1_339' title='bbox 508 2972 610 3040; x_wconf 83' lang='grc' dir='ltr'><strong>τῆς</strong></span> <span class='ocrx_word' id='word_1_340' title='bbox 642 2973 910 3043; x_wconf 73' lang='grc' dir='ltr'><strong>αἰσθητῆς</strong></span> <span class='ocrx_word' id='word_1_341' title='bbox 958 2973 1309 3042; x_wconf 78' lang='grc' dir='ltr'><strong>ἀνιστάμεθα</strong></span> <span class='ocrx_word' id='word_1_342' title='bbox 1339 2973 1642 3042; x_wconf 74' lang='grc' dir='ltr'><strong>τραπέζης,</strong></span> <span class='ocrx_word' id='word_1_343' title='bbox 1688 2972 1935 3043; x_wconf 87' lang='grc' dir='ltr'><strong>μηδόλως</strong></span> 
     </span>
    </p>
   </div>
   <div class='ocr_carea' id='block_1_49' title="bbox 351 3062 2008 3143">
    <p class='ocr_par' dir='ltr' id='par_1_49' title="bbox 351 3062 2008 3143">
     <span class='ocr_line' id='line_1_49' title="bbox 351 3062 2008 3143; baseline 0.002 -28"><span class='ocrx_word' id='word_1_344' title='bbox 351 3062 765 3132; x_wconf 68' lang='grc' dir='ltr'><strong>ἑνθυμούμενοι,</strong></span> <span class='ocrx_word' id='word_1_345' title='bbox 817 3063 894 3127; x_wconf 92' lang='grc' dir='ltr'><strong>ώς</strong></span> <span class='ocrx_word' id='word_1_346' title='bbox 949 3065 978 3116; x_wconf 92' lang='lat'><strong>6</strong></span> <span class='ocrx_word' id='word_1_347' title='bbox 1038 3065 1178 3134; x_wconf 87' lang='grc' dir='ltr'><strong>μετά</strong></span> <span class='ocrx_word' id='word_1_348' title='bbox 1247 3064 1348 3136; x_wconf 78' lang='grc' dir='ltr'><strong>τήν</strong></span> <span class='ocrx_word' id='word_1_349' title='bbox 1407 3065 1692 3134; x_wconf 75' lang='grc' dir='ltr'><strong>τράπεζαν</strong></span> <span class='ocrx_word' id='word_1_350' title='bbox 1741 3065 2008 3143; x_wconf 69' lang='grc' dir='ltr'><strong>καιρὺςα</strong></span> 
     </span>
    </p>
   </div>
   <div class='ocr_carea' id='block_1_50' title="bbox 348 3155 1933 3228">
    <p class='ocr_par' dir='ltr' id='par_1_50' title="bbox 348 3155 1933 3228">
     <span class='ocr_line' id='line_1_50' title="bbox 348 3155 1933 3228; baseline 0.004 -22"><span class='ocrx_word' id='word_1_351' title='bbox 348 3156 705 3224; x_wconf 74' lang='grc' dir='ltr'><strong>εὐχαριστίας</strong></span> <span class='ocrx_word' id='word_1_352' title='bbox 753 3156 872 3207; x_wconf 74' lang='grc' dir='ltr'><strong>ἐστὶ</strong></span> <span class='ocrx_word' id='word_1_353' title='bbox 929 3155 1023 3209; x_wconf 81' lang='grc' dir='ltr'><strong>καὶ</strong></span> <span class='ocrx_word' id='word_1_354' title='bbox 1055 3155 1241 3225; x_wconf 77' lang='grc' dir='ltr'><strong>ὕμνων</strong></span> <span class='ocrx_word' id='word_1_355' title='bbox 1274 3157 1466 3224; x_wconf 85' lang='grc' dir='ltr'><strong>καιρός</strong></span> <span class='ocrx_word' id='word_1_356' title='bbox 1497 3172 1509 3187; x_wconf 88' lang='grc'><strong>·</strong></span> <span class='ocrx_word' id='word_1_357' title='bbox 1545 3157 1636 3210; x_wconf 63' lang='grc' dir='ltr'><strong>τὸν</strong></span> <span class='ocrx_word' id='word_1_358' title='bbox 1679 3157 1735 3210; x_wconf 78' lang='grc' dir='ltr'><strong>δὲ</strong></span> <span class='ocrx_word' id='word_1_359' title='bbox 1769 3159 1933 3228; x_wconf 80' lang='grc' dir='ltr'><strong>εὐχα-</strong></span> 
     </span>
    </p>
   </div>
   <div class='ocr_carea' id='block_1_51' title="bbox 350 3246 1931 3319">
    <p class='ocr_par' dir='ltr' id='par_1_51' title="bbox 350 3246 1931 3319">
     <span class='ocr_line' id='line_1_51' title="bbox 350 3246 1931 3319; baseline 0.003 -22"><span class='ocrx_word' id='word_1_360' title='bbox 350 3249 645 3316; x_wconf 84' lang='grc' dir='ltr'><strong>ριστοῦντα</strong></span> <span class='ocrx_word' id='word_1_361' title='bbox 698 3247 821 3318; x_wconf 70' lang='grc' dir='ltr'><strong>οὐχὶ</strong></span> <span class='ocrx_word' id='word_1_362' title='bbox 873 3247 1095 3316; x_wconf 82' lang='grc' dir='ltr'><strong>μεθύειν</strong></span> <span class='ocrx_word' id='word_1_363' title='bbox 1140 3246 1340 3317; x_wconf 86' lang='grc' dir='ltr'><strong>χρεὼν,</strong></span> <span class='ocrx_word' id='word_1_364' title='bbox 1375 3247 1492 3300; x_wconf 82' lang='grc' dir='ltr'><strong>ἀλλ’</strong></span> <span class='ocrx_word' id='word_1_365' title='bbox 1529 3249 1931 3319; x_wconf 73' lang='grc' dir='ltr'><strong>ἐγρηγορέναιο</strong></span> 
     </span>
    </p>
   </div>
   <div class='ocr_carea' id='block_1_52' title="bbox 345 3338 1942 3410">
    <p class='ocr_par' dir='ltr' id='par_1_52' title="bbox 345 3338 1942 3410">
     <span class='ocr_line' id='line_1_52' title="bbox 345 3338 1942 3410; baseline 0.001 -18"><span class='ocrx_word' id='word_1_366' title='bbox 345 3341 384 3392; x_wconf 76' lang='grc' dir='ltr'>ὁ</span> <span class='ocrx_word' id='word_1_367' title='bbox 409 3341 518 3410; x_wconf 75' lang='grc' dir='ltr'><strong>γὰρ</strong></span> <span class='ocrx_word' id='word_1_368' title='bbox 565 3338 726 3392; x_wconf 82' lang='grc' dir='ltr'><strong>τοῦτο</strong></span> <span class='ocrx_word' id='word_1_369' title='bbox 775 3339 1183 3408; x_wconf 77' lang='grc' dir='ltr'><strong>ἐνθυμούμενος</strong></span> <span class='ocrx_word' id='word_1_370' title='bbox 1219 3339 1350 3392; x_wconf 83' lang='grc' dir='ltr'><strong>ὃταν</strong></span> <span class='ocrx_word' id='word_1_371' title='bbox 1396 3339 1492 3392; x_wconf 75' lang='grc' dir='ltr'><strong>ἐπὶ</strong></span> <span class='ocrx_word' id='word_1_372' title='bbox 1521 3341 1804 3410; x_wconf 77' lang='grc' dir='ltr'><strong>τραπέζης</strong></span> <span class='ocrx_word' id='word_1_373' title='bbox 1834 3359 1942 3394; x_wconf 50' lang='grc' dir='ltr'><strong>καον</strong></span> 
     </span>
    </p>
   </div>
   <div class='ocr_carea' id='block_1_53' title="bbox 348 3429 1932 3501">
    <p class='ocr_par' dir='ltr' id='par_1_53' title="bbox 348 3429 1932 3501">
     <span class='ocr_line' id='line_1_53' title="bbox 348 3429 1932 3501; baseline 0.001 -19"><span class='ocrx_word' id='word_1_374' title='bbox 348 3429 495 3500; x_wconf 74' lang='grc' dir='ltr'><strong>Οίση.</strong></span> <span class='ocrx_word' id='word_1_375' title='bbox 538 3431 620 3482; x_wconf 70' lang='grc' dir='ltr'><strong>ὅτι</strong></span> <span class='ocrx_word' id='word_1_376' title='bbox 674 3429 813 3500; x_wconf 83' lang='grc' dir='ltr'><strong>μετά</strong></span> <span class='ocrx_word' id='word_1_377' title='bbox 853 3430 950 3501; x_wconf 83' lang='grc' dir='ltr'><strong>τὴν</strong></span> <span class='ocrx_word' id='word_1_378' title='bbox 992 3431 1276 3498; x_wconf 80' lang='grc' dir='ltr'><strong>τράπεζαν</strong></span> <span class='ocrx_word' id='word_1_379' title='bbox 1317 3429 1480 3483; x_wconf 72' lang='grc' dir='ltr'><strong>αὑτὸν</strong></span> <span class='ocrx_word' id='word_1_380' title='bbox 1529 3429 1785 3501; x_wconf 80' lang='grc' dir='ltr'><strong>εὔχεσθαι</strong></span> <span class='ocrx_word' id='word_1_381' title='bbox 1832 3431 1932 3497; x_wconf 86' lang='grc' dir='ltr'><strong>δεῖ,</strong></span> 
     </span>
    </p>
   </div>
   <div class='ocr_carea' id='block_1_54' title="bbox 351 3520 1936 3594">
    <p class='ocr_par' dir='ltr' id='par_1_54' title="bbox 351 3520 1936 3594">
     <span class='ocr_line' id='line_1_54' title="bbox 351 3520 1936 3594; baseline 0.002 -22"><span class='ocrx_word' id='word_1_382' title='bbox 351 3521 683 3591; x_wconf 86' lang='grc' dir='ltr'><strong>συμμέτρως</strong></span> <span class='ocrx_word' id='word_1_383' title='bbox 720 3522 998 3590; x_wconf 74' lang='grc' dir='ltr'><strong>ἐμπλήσει</strong></span> <span class='ocrx_word' id='word_1_384' title='bbox 1030 3521 1129 3589; x_wconf 83' lang='grc' dir='ltr'><strong>τὴν</strong></span> <span class='ocrx_word' id='word_1_385' title='bbox 1162 3520 1425 3590; x_wconf 77' lang='grc' dir='ltr'><strong>γαστέρα,</strong></span> <span class='ocrx_word' id='word_1_386' title='bbox 1455 3521 1544 3576; x_wconf 80' lang='grc' dir='ltr'><strong>ἵνα</strong></span> <span class='ocrx_word' id='word_1_387' title='bbox 1593 3524 1666 3592; x_wconf 84' lang='grc' dir='ltr'><strong>μὴ</strong></span> <span class='ocrx_word' id='word_1_388' title='bbox 1705 3523 1936 3594; x_wconf 83' lang='grc' dir='ltr'><strong>βαρυνό-</strong></span> 
     </span>
    </p>
   </div>
   <div class='ocr_carea' id='block_1_55' title="bbox 351 3612 1931 3686">
    <p class='ocr_par' dir='ltr' id='par_1_55' title="bbox 351 3612 1931 3686">
     <span class='ocr_line' id='line_1_55' title="bbox 351 3612 1931 3686; baseline 0.003 -22"><span class='ocrx_word' id='word_1_389' title='bbox 351 3629 511 3680; x_wconf 81' lang='grc' dir='ltr'><strong>μενος</strong></span> <span class='ocrx_word' id='word_1_390' title='bbox 541 3612 674 3680; x_wconf 83' lang='grc' dir='ltr'>γόνυ</span> <span class='ocrx_word' id='word_1_391' title='bbox 717 3612 900 3666; x_wconf 88' lang='grc' dir='ltr'><strong>κλῖναι</strong></span> <span class='ocrx_word' id='word_1_392' title='bbox 931 3613 1272 3686; x_wconf 81' lang='grc' dir='ltr'><strong>ἀδυνατήσῃ,</strong></span> <span class='ocrx_word' id='word_1_393' title='bbox 1307 3617 1401 3667; x_wconf 82' lang='grc' dir='ltr'><strong>καὶ</strong></span> <span class='ocrx_word' id='word_1_394' title='bbox 1432 3615 1526 3667; x_wconf 79' lang='grc' dir='ltr'><strong>τὸν</strong></span> <span class='ocrx_word' id='word_1_395' title='bbox 1576 3615 1711 3668; x_wconf 75' lang='grc' dir='ltr'><strong>Θεὸν</strong></span> <span class='ocrx_word' id='word_1_396' title='bbox 1750 3633 1931 3686; x_wconf 85' lang='grc' dir='ltr'><strong>παρα-</strong></span> 
     </span>
    </p>
   </div>
   <div class='ocr_carea' id='block_1_56' title="bbox 348 3703 1934 3776">
    <p class='ocr_par' dir='ltr' id='par_1_56' title="bbox 348 3703 1934 3776">
     <span class='ocr_line' id='line_1_56' title="bbox 348 3703 1934 3776; baseline 0.003 -20"><span class='ocrx_word' id='word_1_397' title='bbox 348 3703 601 3769; x_wconf 77' lang='grc' dir='ltr'><strong>καλέσαι,</strong></span> <span class='ocrx_word' id='word_1_398' title='bbox 635 3703 935 3757; x_wconf 81' lang='grc' dir='ltr'><strong>κάντεῦθεν</strong></span> <span class='ocrx_word' id='word_1_399' title='bbox 982 3707 1208 3774; x_wconf 83' lang='grc' dir='ltr'><strong>γένηται</strong></span> <span class='ocrx_word' id='word_1_400' title='bbox 1273 3707 1366 3760; x_wconf 84' lang='grc' dir='ltr'><strong>καὶ</strong></span> <span class='ocrx_word' id='word_1_401' title='bbox 1413 3707 1520 3761; x_wconf 78' lang='grc' dir='ltr'><strong>τῶν</strong></span> <span class='ocrx_word' id='word_1_402' title='bbox 1556 3708 1768 3776; x_wconf 83' lang='grc' dir='ltr'>ἀλόγων</span> <span class='ocrx_word' id='word_1_403' title='bbox 1807 3709 1934 3761; x_wconf 75' lang='grc' dir='ltr'><strong>ἁλοο</strong></span> 
     </span>
    </p>
   </div>
   <div class='ocr_carea' id='block_1_57' title="bbox 346 3794 1934 3870">
    <p class='ocr_par' dir='ltr' id='par_1_57' title="bbox 346 3794 1934 3870">
     <span class='ocr_line' id='line_1_57' title="bbox 346 3794 1934 3870; baseline 0.005 -24"><span class='ocrx_word' id='word_1_404' title='bbox 346 3794 610 3865; x_wconf 77' lang='grc' dir='ltr'><strong>γώτιρος.</strong></span> <span class='ocrx_word' id='word_1_405' title='bbox 641 3797 703 3848; x_wconf 79' lang='grc' dir='ltr'><strong>Εἰ</strong></span> <span class='ocrx_word' id='word_1_406' title='bbox 731 3799 839 3866; x_wconf 82' lang='grc' dir='ltr'><strong>γὰρ</strong></span> <span class='ocrx_word' id='word_1_407' title='bbox 867 3801 1053 3851; x_wconf 78' lang='grc' dir='ltr'><strong>ἐκεῖνα</strong></span> <span class='ocrx_word' id='word_1_408' title='bbox 1085 3801 1224 3868; x_wconf 72' lang='grc' dir='ltr'><strong>μετὰ</strong></span> <span class='ocrx_word' id='word_1_409' title='bbox 1252 3799 1350 3869; x_wconf 84' lang='grc' dir='ltr'><strong>τὴν</strong></span> <span class='ocrx_word' id='word_1_410' title='bbox 1379 3801 1590 3870; x_wconf 77' lang='grc' dir='ltr'><strong>φάτνην</strong></span> <span class='ocrx_word' id='word_1_411' title='bbox 1616 3802 1934 3870; x_wconf 80' lang='grc' dir='ltr'><strong>ὁδοιπορίας</strong></span> 
     </span>
    </p>
   </div>
   <div class='ocr_carea' id='block_1_58' title="bbox 348 3889 1933 3963">
    <p class='ocr_par' dir='ltr' id='par_1_58' title="bbox 348 3889 1933 3963">
     <span class='ocr_line' id='line_1_58' title="bbox 348 3889 1933 3963; baseline 0.002 -21"><span class='ocrx_word' id='word_1_412' title='bbox 348 3889 584 3942; x_wconf 70' lang='grc' dir='ltr'><strong>ἅπτεται</strong></span> <span class='ocrx_word' id='word_1_413' title='bbox 628 3891 724 3942; x_wconf 80' lang='grc' dir='ltr'><strong>καὶ</strong></span> <span class='ocrx_word' id='word_1_414' title='bbox 761 3890 1082 3960; x_wconf 76' lang='grc' dir='ltr'><strong>ἀχθοφορεί,</strong></span> <span class='ocrx_word' id='word_1_415' title='bbox 1115 3891 1212 3942; x_wconf 78' lang='grc' dir='ltr'><strong>καὶ</strong></span> <span class='ocrx_word' id='word_1_416' title='bbox 1239 3890 1340 3960; x_wconf 81' lang='grc' dir='ltr'><strong>τήν</strong></span> <span class='ocrx_word' id='word_1_417' title='bbox 1371 3891 1587 3946; x_wconf 80' lang='grc' dir='ltr'><strong>οἰκείαν</strong></span> <span class='ocrx_word' id='word_1_418' title='bbox 1615 3891 1933 3963; x_wconf 74' lang='grc' dir='ltr'><strong>ἀποπληροῖ</strong></span> 
     </span>
    </p>
   </div>
   <div class='ocr_carea' id='block_1_59' title="bbox 346 3980 1934 4052">
    <p class='ocr_par' dir='ltr' id='par_1_59' title="bbox 346 3980 1934 4052">
     <span class='ocr_line' id='line_1_59' title="bbox 346 3980 1934 4052; baseline 0.002 -18"><span class='ocrx_word' id='word_1_419' title='bbox 346 3980 652 4044; x_wconf 83' lang='grc' dir='ltr'><strong>διακονίαν,</strong></span> <span class='ocrx_word' id='word_1_420' title='bbox 685 3982 803 4044; x_wconf 83' lang='grc' dir='ltr'><strong>πῶς</strong></span> <span class='ocrx_word' id='word_1_421' title='bbox 833 3986 934 4034; x_wconf 76' lang='grc' dir='ltr'><strong>οὐκ</strong></span> <span class='ocrx_word' id='word_1_422' title='bbox 965 3982 1294 4052; x_wconf 83' lang='grc' dir='ltr'><strong>ἀτιμότερος</strong></span> <span class='ocrx_word' id='word_1_423' title='bbox 1321 3983 1416 4035; x_wconf 80' lang='grc' dir='ltr'><strong>καὶ</strong></span> <span class='ocrx_word' id='word_1_424' title='bbox 1448 3983 1629 4036; x_wconf 83' lang='grc' dir='ltr'><strong>αὐτῶν</strong></span> <span class='ocrx_word' id='word_1_425' title='bbox 1660 3983 1764 4037; x_wconf 83' lang='grc' dir='ltr'><strong>τῶν</strong></span> <span class='ocrx_word' id='word_1_426' title='bbox 1797 3983 1934 4038; x_wconf 77' lang='grc' dir='ltr'>όνων</span> 
     </span>
    </p>
   </div>
   <div class='ocr_carea' id='block_1_60' title="bbox 345 4069 1933 4144">
    <p class='ocr_par' dir='ltr' id='par_1_60' title="bbox 345 4069 1933 4144">
     <span class='ocr_line' id='line_1_60' title="bbox 345 4069 1933 4144; baseline 0.004 -22"><span class='ocrx_word' id='word_1_427' title='bbox 345 4071 377 4122; x_wconf 90' lang='grc' dir='ltr'>ὁ</span> <span class='ocrx_word' id='word_1_428' title='bbox 413 4069 553 4136; x_wconf 77' lang='grc' dir='ltr'><strong>μετὰ</strong></span> <span class='ocrx_word' id='word_1_429' title='bbox 581 4069 681 4139; x_wconf 81' lang='grc' dir='ltr'><strong>τήν</strong></span> <span class='ocrx_word' id='word_1_430' title='bbox 711 4070 992 4139; x_wconf 77' lang='grc' dir='ltr'><strong>τράπεζαν</strong></span> <span class='ocrx_word' id='word_1_431' title='bbox 1025 4071 1299 4142; x_wconf 79' lang='grc' dir='ltr'><strong>ἄχρηστος</strong></span> <span class='ocrx_word' id='word_1_432' title='bbox 1327 4072 1619 4143; x_wconf 73' lang='grc' dir='ltr'><strong>ἅνθρωπος</strong></span> <span class='ocrx_word' id='word_1_433' title='bbox 1652 4075 1791 4144; x_wconf 72' lang='grc' dir='ltr'><strong>πρὸς</strong></span> <span class='ocrx_word' id='word_1_434' title='bbox 1821 4076 1933 4130; x_wconf 81' lang='grc' dir='ltr'><strong>πᾶν</strong></span> 
     </span>
    </p>
   </div>
   <div class='ocr_carea' id='block_1_61' title="bbox 347 4161 1930 4240">
    <p class='ocr_par' dir='ltr' id='par_1_61' title="bbox 347 4161 1930 4240">
     <span class='ocr_line' id='line_1_61' title="bbox 347 4161 1930 4240; baseline 0.005 -26"><span class='ocrx_word' id='word_1_435' title='bbox 347 4161 512 4231; x_wconf 72' lang='grc' dir='ltr'><strong>ἔργον</strong></span> <span class='ocrx_word' id='word_1_436' title='bbox 545 4167 641 4214; x_wconf 71' lang='grc' dir='ltr'><strong>καὶ</strong></span> <span class='ocrx_word' id='word_1_437' title='bbox 680 4162 1078 4232; x_wconf 81' lang='grc' dir='ltr'><strong>ἀνεπιτήδειος,</strong></span> <span class='ocrx_word' id='word_1_438' title='bbox 1121 4165 1208 4216; x_wconf 81' lang='grc' dir='ltr'><strong>ὅτε</strong></span> <span class='ocrx_word' id='word_1_439' title='bbox 1261 4166 1500 4232; x_wconf 77' lang='grc' dir='ltr'><strong>μάλιστα</strong></span> <span class='ocrx_word' id='word_1_440' title='bbox 1549 4168 1744 4237; x_wconf 67' lang='grc' dir='ltr'><strong>νήφειν</strong></span> <span class='ocrx_word' id='word_1_441' title='bbox 1788 4169 1930 4240; x_wconf 71' lang='grc' dir='ltr'><strong>κρῆς</strong></span> 
     </span>
    </p>
   </div>
   <div class='ocr_carea' id='block_1_62' title="bbox 351 4253 1934 4327">
    <p class='ocr_par' dir='ltr' id='par_1_62' title="bbox 351 4253 1934 4327">
     <span class='ocr_line' id='line_1_62' title="bbox 351 4253 1934 4327; baseline 0.004 -20"><span class='ocrx_word' id='word_1_442' title='bbox 351 4256 461 4307; x_wconf 73' lang='grc' dir='ltr'><strong>Καὶ</strong></span> <span class='ocrx_word' id='word_1_443' title='bbox 504 4254 612 4323; x_wconf 75' lang='grc' dir='ltr'><strong>γὰρ</strong></span> <span class='ocrx_word' id='word_1_444' title='bbox 654 4255 734 4308; x_wconf 83' lang='grc' dir='ltr'><strong>ὅτι</strong></span> <span class='ocrx_word' id='word_1_445' title='bbox 767 4255 906 4324; x_wconf 81' lang='grc' dir='ltr'><strong>μετᾶ</strong></span> <span class='ocrx_word' id='word_1_446' title='bbox 932 4255 1031 4323; x_wconf 78' lang='grc' dir='ltr'><strong>τὴν</strong></span> <span class='ocrx_word' id='word_1_447' title='bbox 1072 4253 1315 4306; x_wconf 79' lang='grc' dir='ltr'><strong>ἑστίασιν</strong></span> <span class='ocrx_word' id='word_1_448' title='bbox 1351 4257 1447 4327; x_wconf 65' lang='grc' dir='ltr'><strong>οὐχ</strong></span> <span class='ocrx_word' id='word_1_449' title='bbox 1489 4257 1654 4310; x_wconf 78' lang='grc' dir='ltr'><strong>ὕπνον</strong></span> <span class='ocrx_word' id='word_1_450' title='bbox 1685 4260 1806 4313; x_wconf 83' lang='grc' dir='ltr'><strong>οὐδὲ</strong></span> <span class='ocrx_word' id='word_1_451' title='bbox 1841 4261 1934 4313; x_wconf 85' lang='grc' dir='ltr'><strong>εὑ-</strong></span> 
     </span>
    </p>
   </div>
   <div class='ocr_carea' id='block_1_63' title="bbox 346 4347 1928 4419">
    <p class='ocr_par' dir='ltr' id='par_1_63' title="bbox 346 4347 1928 4419">
     <span class='ocr_line' id='line_1_63' title="bbox 346 4347 1928 4419; baseline 0.001 -17"><span class='ocrx_word' id='word_1_452' title='bbox 346 4348 469 4417; x_wconf 72' lang='grc' dir='ltr'><strong>νὴν,</strong></span> <span class='ocrx_word' id='word_1_453' title='bbox 529 4348 645 4401; x_wconf 88' lang='grc' dir='ltr'><strong>ἀλλ’</strong></span> <span class='ocrx_word' id='word_1_454' title='bbox 705 4347 875 4416; x_wconf 76' lang='grc' dir='ltr'><strong>εὐχὰς</strong></span> <span class='ocrx_word' id='word_1_455' title='bbox 931 4349 1026 4400; x_wconf 80' lang='grc' dir='ltr'><strong>καὶ</strong></span> <span class='ocrx_word' id='word_1_456' title='bbox 1084 4348 1246 4401; x_wconf 86' lang='grc' dir='ltr'><strong>θείων</strong></span> <span class='ocrx_word' id='word_1_457' title='bbox 1303 4349 1542 4418; x_wconf 71' lang='grc' dir='ltr'><strong>Γραφῶν</strong></span> <span class='ocrx_word' id='word_1_458' title='bbox 1603 4351 1928 4419; x_wconf 83' lang='grc' dir='ltr'><strong>ἀνάγνωσιν,</strong></span> 
     </span>
    </p>
   </div>
   <div class='ocr_carea' id='block_1_64' title="bbox 346 4431 2006 4512">
    <p class='ocr_par' dir='ltr' id='par_1_64' title="bbox 346 4431 2006 4512">
     <span class='ocr_line' id='line_1_64' title="bbox 346 4431 2006 4512; baseline 0.004 -21"><span class='ocrx_word' id='word_1_459' title='bbox 346 4440 498 4508; x_wconf 76' lang='grc' dir='ltr'><strong>ἡμᾶς</strong></span> <span class='ocrx_word' id='word_1_460' title='bbox 533 4438 877 4508; x_wconf 80' lang='grc' dir='ltr'><strong>διαδέχεσθαι</strong></span> <span class='ocrx_word' id='word_1_461' title='bbox 934 4439 1062 4508; x_wconf 87' lang='grc' dir='ltr'><strong>χρὴ,</strong></span> <span class='ocrx_word' id='word_1_462' title='bbox 1094 4438 1256 4494; x_wconf 85' lang='grc' dir='ltr'><strong>τοῦτο</strong></span> <span class='ocrx_word' id='word_1_463' title='bbox 1289 4445 1628 4510; x_wconf 77' lang='grc' dir='ltr'><strong>σαφέστερον</strong></span> <span class='ocrx_word' id='word_1_464' title='bbox 1659 4443 1928 4512; x_wconf 76' lang='grc' dir='ltr'><strong>ἐδήλωσεν</strong></span> <span class='ocrx_word' id='word_1_465' title='bbox 1962 4431 2006 4488; x_wconf 80' lang='grc' dir='ltr'><strong>Ῑ)</strong></span> 
     </span>
    </p>
   </div>
   <div class='ocr_carea' id='block_1_65' title="bbox 345 4531 1932 4603">
    <p class='ocr_par' dir='ltr' id='par_1_65' title="bbox 345 4531 1932 4603">
     <span class='ocr_line' id='line_1_65' title="bbox 345 4531 1932 4603; baseline 0.004 -19"><span class='ocrx_word' id='word_1_466' title='bbox 345 4535 376 4584; x_wconf 84' lang='grc' dir='ltr'>ὁ</span> <span class='ocrx_word' id='word_1_467' title='bbox 404 4533 641 4601; x_wconf 85' lang='grc' dir='ltr'><strong>Χριστός</strong></span> <span class='ocrx_word' id='word_1_468' title='bbox 666 4549 680 4562; x_wconf 90' lang='grc'><strong>·</strong></span> <span class='ocrx_word' id='word_1_469' title='bbox 714 4534 782 4585; x_wconf 86' lang='grc' dir='ltr'><strong>τά</strong></span> <span class='ocrx_word' id='word_1_470' title='bbox 818 4531 950 4599; x_wconf 85' lang='grc' dir='ltr'><strong>γοῦν</strong></span> <span class='ocrx_word' id='word_1_471' title='bbox 976 4533 1182 4602; x_wconf 82' lang='grc' dir='ltr'><strong>ἄπειρα</strong></span> <span class='ocrx_word' id='word_1_472' title='bbox 1215 4533 1400 4603; x_wconf 82' lang='grc' dir='ltr'><strong>πλήθη</strong></span> <span class='ocrx_word' id='word_1_473' title='bbox 1429 4534 1551 4586; x_wconf 85' lang='grc' dir='ltr'><strong>τότε</strong></span> <span class='ocrx_word' id='word_1_474' title='bbox 1586 4535 1849 4599; x_wconf 79' lang='grc' dir='ltr'><strong>ἑστιάσας</strong></span> <span class='ocrx_word' id='word_1_475' title='bbox 1874 4538 1932 4591; x_wconf 83' lang='grc' dir='ltr'><strong>ἐν</strong></span> 
     </span>
    </p>
   </div>
   <div class='ocr_carea' id='block_1_66' title="bbox 345 4625 1934 4697">
    <p class='ocr_par' dir='ltr' id='par_1_66' title="bbox 345 4625 1934 4697">
     <span class='ocr_line' id='line_1_66' title="bbox 345 4625 1934 4697; baseline 0.004 -19"><span class='ocrx_word' id='word_1_476' title='bbox 345 4627 414 4694; x_wconf 80' lang='grc' dir='ltr'><strong>τῇ</strong></span> <span class='ocrx_word' id='word_1_477' title='bbox 443 4627 657 4695; x_wconf 79' lang='grc' dir='ltr'><strong>ἐρήμῳ,</strong></span> <span class='ocrx_word' id='word_1_478' title='bbox 685 4625 785 4678; x_wconf 83' lang='grc' dir='ltr'><strong>οὐκ</strong></span> <span class='ocrx_word' id='word_1_479' title='bbox 815 4627 910 4678; x_wconf 76' lang='grc' dir='ltr'><strong>ἐπὶ</strong></span> <span class='ocrx_word' id='word_1_480' title='bbox 936 4627 1129 4697; x_wconf 49' lang='grc' dir='ltr'><strong>κλίνην</strong></span> <span class='ocrx_word' id='word_1_481' title='bbox 1160 4627 1359 4688; x_wconf 74' lang='grc' dir='ltr'><strong>αὐτοὺς</strong></span> <span class='ocrx_word' id='word_1_482' title='bbox 1396 4626 1666 4697; x_wconf 64' lang='grc' dir='ltr'><strong>ἔπεμψεν,</strong></span> <span class='ocrx_word' id='word_1_483' title='bbox 1695 4629 1812 4682; x_wconf 79' lang='grc' dir='ltr'><strong>ἀλλ’</strong></span> <span class='ocrx_word' id='word_1_484' title='bbox 1839 4631 1934 4685; x_wconf 72' lang='grc' dir='ltr'><strong>ἐπὶ</strong></span> 
     </span>
    </p>
   </div>
   <div class='ocr_carea' id='block_1_67' title="bbox 346 4690 1930 4793">
    <p class='ocr_par' dir='ltr' id='par_1_67' title="bbox 346 4690 1930 4793">
     <span class='ocr_line' id='line_1_67' title="bbox 346 4690 1930 4793; baseline 0.004 -23"><span class='ocrx_word' id='word_1_485' title='bbox 346 4690 502 4770; x_wconf 69' lang='grc' dir='ltr'><strong>θείαν</strong></span> <span class='ocrx_word' id='word_1_486' title='bbox 528 4690 810 4786; x_wconf 67' lang='grc' dir='ltr'><strong>⁷ἀκρόασιν</strong></span> <span class='ocrx_word' id='word_1_487' title='bbox 842 4690 1307 4786; x_wconf 41' lang='grc' dir='ltr'><strong>ὲκάλέσε-λογίιιν</strong></span> <span class='ocrx_word' id='word_1_488' title='bbox 1332 4733 1345 4748; x_wconf 78' lang='grc' dir='ltr'><strong>ο</strong></span> <span class='ocrx_word' id='word_1_489' title='bbox 1394 4718 1456 4770; x_wconf 89' lang='grc' dir='ltr'><strong>οὐ</strong></span> <span class='ocrx_word' id='word_1_490' title='bbox 1646 4690 1930 4793; x_wconf 71' lang='grc' dir='ltr'><strong>διέρρηξεν</strong></span> 
     </span>
    </p>
   </div>
   <div class='ocr_carea' id='block_1_68' title="bbox 352 4805 1930 4877">
    <p class='ocr_par' dir='ltr' id='par_1_68' title="bbox 352 4805 1930 4877">
     <span class='ocr_line' id='line_1_68' title="bbox 352 4805 1930 4877; baseline 0.004 -17"><span class='ocrx_word' id='word_1_491' title='bbox 352 4807 530 4860; x_wconf 75' lang='grc' dir='ltr'><strong>αὐτῶν</strong></span> <span class='ocrx_word' id='word_1_492' title='bbox 558 4809 658 4869; x_wconf 75' lang='grc' dir='ltr'><strong>τὰς</strong></span> <span class='ocrx_word' id='word_1_493' title='bbox 682 4806 974 4877; x_wconf 86' lang='grc' dir='ltr'><strong>γαστέρας,</strong></span> <span class='ocrx_word' id='word_1_494' title='bbox 1002 4805 1124 4860; x_wconf 72' lang='grc' dir='ltr'><strong>οὐδὲ</strong></span> <span class='ocrx_word' id='word_1_495' title='bbox 1157 4806 1237 4867; x_wconf 85' lang='grc' dir='ltr'><strong>είς</strong></span> <span class='ocrx_word' id='word_1_496' title='bbox 1265 4805 1442 4876; x_wconf 85' lang='grc' dir='ltr'><strong>μέθην</strong></span> <span class='ocrx_word' id='word_1_497' title='bbox 1484 4808 1765 4877; x_wconf 69' lang='grc' dir='ltr'><strong>ἐνέϐαλεν,</strong></span> <span class='ocrx_word' id='word_1_498' title='bbox 1792 4813 1930 4866; x_wconf 83' lang='grc' dir='ltr'><strong>ἀλλά</strong></span> 
     </span>
    </p>
   </div>
   <div class='ocr_carea' id='block_1_69' title="bbox 353 4899 1931 4973">
    <p class='ocr_par' dir='ltr' id='par_1_69' title="bbox 353 4899 1931 4973">
     <span class='ocr_line' id='line_1_69' title="bbox 353 4899 1931 4973; baseline 0.004 -23"><span class='ocrx_word' id='word_1_499' title='bbox 353 4899 650 4969; x_wconf 81' lang='grc' dir='ltr'><strong>πληρώσας</strong></span> <span class='ocrx_word' id='word_1_500' title='bbox 693 4899 876 4952; x_wconf 84' lang='grc' dir='ltr'><strong>αὐτῶν</strong></span> <span class='ocrx_word' id='word_1_501' title='bbox 911 4899 1009 4968; x_wconf 86' lang='grc' dir='ltr'><strong>τὴν</strong></span> <span class='ocrx_word' id='word_1_502' title='bbox 1060 4899 1271 4968; x_wconf 79' lang='grc' dir='ltr'><strong>χρείαν,</strong></span> <span class='ocrx_word' id='word_1_503' title='bbox 1309 4899 1449 4969; x_wconf 83' lang='grc' dir='ltr'><strong>πρὸς</strong></span> <span class='ocrx_word' id='word_1_504' title='bbox 1495 4899 1594 4969; x_wconf 79' lang='grc' dir='ltr'><strong>τὴν</strong></span> <span class='ocrx_word' id='word_1_505' title='bbox 1626 4919 1931 4973; x_wconf 81' lang='grc' dir='ltr'><strong>πνευματι-</strong></span> 
     </span>
    </p>
   </div>
   <div class='ocr_carea' id='block_1_70' title="bbox 347 4986 1930 5064">
    <p class='ocr_par' dir='ltr' id='par_1_70' title="bbox 347 4986 1930 5064">
     <span class='ocr_line' id='line_1_70' title="bbox 347 4986 1930 5064; baseline 0.004 -22"><span class='ocrx_word' id='word_1_506' title='bbox 347 4996 456 5056; x_wconf 74' lang='grc' dir='ltr'><strong>κὴν</strong></span> <span class='ocrx_word' id='word_1_507' title='bbox 509 4986 614 5060; x_wconf 82' lang='grc' dir='ltr'><strong>ἦγε</strong></span> <span class='ocrx_word' id='word_1_508' title='bbox 671 4995 902 5059; x_wconf 83' lang='grc' dir='ltr'><strong>τροφήν.</strong></span> <span class='ocrx_word' id='word_1_509' title='bbox 937 4988 1095 5042; x_wconf 78' lang='grc' dir='ltr'><strong>Οὕτω</strong></span> <span class='ocrx_word' id='word_1_510' title='bbox 1141 4991 1234 5043; x_wconf 74' lang='grc' dir='ltr'><strong>καὶ</strong></span> <span class='ocrx_word' id='word_1_511' title='bbox 1300 4991 1463 5060; x_wconf 79' lang='grc' dir='ltr'><strong>ἡμεῖς</strong></span> <span class='ocrx_word' id='word_1_512' title='bbox 1520 4993 1786 5064; x_wconf 84' lang='grc' dir='ltr'><strong>ποιῶμεν,</strong></span> <span class='ocrx_word' id='word_1_513' title='bbox 1835 4997 1930 5049; x_wconf 77' lang='grc' dir='ltr'><strong>καὶ</strong></span> 
     </span>
    </p>
   </div>
   <div class='ocr_carea' id='block_1_71' title="bbox 345 5083 1930 5156">
    <p class='ocr_par' dir='ltr' id='par_1_71' title="bbox 345 5083 1930 5156">
     <span class='ocr_line' id='line_1_71' title="bbox 345 5083 1930 5156; baseline 0.004 -21"><span class='ocrx_word' id='word_1_514' title='bbox 345 5083 602 5135; x_wconf 79' lang='grc' dir='ltr'><strong>τοσοῦτον</strong></span> <span class='ocrx_word' id='word_1_515' title='bbox 648 5083 931 5145; x_wconf 73' lang='grc' dir='ltr'><strong>ὶθίσαντες</strong></span> <span class='ocrx_word' id='word_1_516' title='bbox 979 5084 1204 5145; x_wconf 72' lang='grc' dir='ltr'><strong>ἑαυτοὺς</strong></span> <span class='ocrx_word' id='word_1_517' title='bbox 1260 5085 1465 5138; x_wconf 83' lang='grc' dir='ltr'><strong>ἐσθίειν</strong></span> <span class='ocrx_word' id='word_1_518' title='bbox 1507 5087 1633 5138; x_wconf 76' lang='grc' dir='ltr'><strong>ὅσον</strong></span> <span class='ocrx_word' id='word_1_519' title='bbox 1689 5091 1824 5156; x_wconf 73' lang='grc' dir='ltr'><strong>πρὸς</strong></span> <span class='ocrx_word' id='word_1_520' title='bbox 1870 5090 1930 5142; x_wconf 81' lang='grc' dir='ltr'><strong>τὸ</strong></span> 
     </span>
    </p>
   </div>
   <div class='ocr_carea' id='block_1_72' title="bbox 345 5172 1928 5246">
    <p class='ocr_par' dir='ltr' id='par_1_72' title="bbox 345 5172 1928 5246">
     <span class='ocr_line' id='line_1_72' title="bbox 345 5172 1928 5246; baseline -0.003 -10"><span class='ocrx_word' id='word_1_521' title='bbox 345 5172 448 5241; x_wconf 71' lang='grc' dir='ltr'><strong>ζῇν</strong></span> <span class='ocrx_word' id='word_1_522' title='bbox 495 5173 677 5241; x_wconf 84' lang='grc' dir='ltr'><strong>μόνον,</strong></span> <span class='ocrx_word' id='word_1_523' title='bbox 721 5174 820 5242; x_wconf 83' lang='grc' dir='ltr'><strong>οὐχ</strong></span> <span class='ocrx_word' id='word_1_524' title='bbox 863 5174 990 5226; x_wconf 81' lang='grc' dir='ltr'><strong>ὅσον</strong></span> <span class='ocrx_word' id='word_1_525' title='bbox 1030 5173 1370 5226; x_wconf 81' lang='grc' dir='ltr'><strong>διασπᾶσθαι</strong></span> <span class='ocrx_word' id='word_1_526' title='bbox 1414 5176 1508 5227; x_wconf 77' lang='grc' dir='ltr'><strong>καὶ</strong></span> <span class='ocrx_word' id='word_1_527' title='bbox 1551 5178 1928 5246; x_wconf 81' lang='grc' dir='ltr'><strong>βαρύνεσθαι·</strong></span> 
     </span>
    </p>
   </div>
   <div class='ocr_carea' id='block_1_73' title="bbox 347 5265 1928 5342">
    <p class='ocr_par' dir='ltr' id='par_1_73' title="bbox 347 5265 1928 5342">
     <span class='ocr_line' id='line_1_73' title="bbox 347 5265 1928 5342; baseline 0.005 -24"><span class='ocrx_word' id='word_1_528' title='bbox 347 5266 443 5318; x_wconf 77' lang='grc' dir='ltr'><strong>καὶ</strong></span> <span class='ocrx_word' id='word_1_529' title='bbox 473 5267 704 5319; x_wconf 88' lang='grc' dir='ltr'><strong>πάντοτε</strong></span> <span class='ocrx_word' id='word_1_530' title='bbox 748 5266 849 5335; x_wconf 75' lang='grc' dir='ltr'><strong>μὲν</strong></span> <span class='ocrx_word' id='word_1_531' title='bbox 880 5265 989 5318; x_wconf 81' lang='grc' dir='ltr'><strong>ἀπὸ</strong></span> <span class='ocrx_word' id='word_1_532' title='bbox 1017 5265 1115 5334; x_wconf 86' lang='grc' dir='ltr'><strong>τῆς</strong></span> <span class='ocrx_word' id='word_1_533' title='bbox 1158 5265 1445 5336; x_wconf 76' lang='grc' dir='ltr'><strong>τραπέζης</strong></span> <span class='ocrx_word' id='word_1_534' title='bbox 1498 5271 1572 5338; x_wconf 84' lang='grc' dir='ltr'><strong>μὴ</strong></span> <span class='ocrx_word' id='word_1_535' title='bbox 1611 5271 1704 5324; x_wconf 77' lang='grc' dir='ltr'><strong>ἐπὶ</strong></span> <span class='ocrx_word' id='word_1_536' title='bbox 1734 5272 1928 5342; x_wconf 82' lang='grc' dir='ltr'><strong>κλίνην</strong></span> 
     </span>
    </p>
   </div>
   <div class='ocr_carea' id='block_1_74' title="bbox 343 5361 1274 5433">
    <p class='ocr_par' dir='ltr' id='par_1_74' title="bbox 343 5361 1274 5433">
     <span class='ocr_line' id='line_1_74' title="bbox 343 5361 1274 5433; baseline -0.003 -18"><span class='ocrx_word' id='word_1_537' title='bbox 343 5362 462 5415; x_wconf 81' lang='grc' dir='ltr'><strong>ἀλλ’</strong></span> <span class='ocrx_word' id='word_1_538' title='bbox 501 5362 585 5414; x_wconf 75' lang='grc' dir='ltr'><strong>ἐπ’</strong></span> <span class='ocrx_word' id='word_1_539' title='bbox 615 5361 780 5433; x_wconf 73' lang='grc' dir='ltr'><strong>εὐχὴν</strong></span> <span class='ocrx_word' id='word_1_540' title='bbox 806 5361 1145 5432; x_wconf 83' lang='grc' dir='ltr'><strong>τρεπώμεθα</strong></span> <span class='ocrx_word' id='word_1_541' title='bbox 1177 5361 1274 5430; x_wconf 75' lang='grc'><strong>(1).</strong></span> 
     </span>
    </p>
   </div>
   <div class='ocr_carea' id='block_1_75' title="bbox 423 5500 1388 5566">
    <p class='ocr_par' dir='ltr' id='par_1_75' title="bbox 423 5500 1388 5566">
     <span class='ocr_line' id='line_1_75' title="bbox 423 5500 1388 5566; baseline -0.002 -10"><span class='ocrx_word' id='word_1_542' title='bbox 423 5503 465 5534; x_wconf 78' lang='grc'>⁸⁸</span> <span class='ocrx_word' id='word_1_543' title='bbox 498 5503 512 5556; x_wconf 92' lang='lat' dir='ltr'><strong>l</strong></span> <span class='ocrx_word' id='word_1_544' title='bbox 548 5501 692 5556; x_wconf 88' lang='lat' dir='ltr'><strong>Tim.</strong></span> <span class='ocrx_word' id='word_1_545' title='bbox 727 5518 777 5566; x_wconf 81' lang='grc' dir='ltr'><strong>ν,</strong></span> <span class='ocrx_word' id='word_1_546' title='bbox 808 5502 863 5556; x_wconf 84' lang='grc' dir='ltr'><strong>ϐ.</strong></span> <span class='ocrx_word' id='word_1_547' title='bbox 943 5501 985 5531; x_wconf 84' lang='grc'>¹⁶</span> <span class='ocrx_word' id='word_1_548' title='bbox 1018 5501 1150 5556; x_wconf 80' lang='lat' dir='ltr'><strong>Luc.</strong></span> <span class='ocrx_word' id='word_1_549' title='bbox 1192 5516 1266 5565; x_wconf 72' lang='grc' dir='ltr'><strong>ιι,</strong></span> <span class='ocrx_word' id='word_1_550' title='bbox 1306 5500 1388 5555; x_wconf 88' lang='grc'><strong>18.</strong></span> 
     </span>
    </p>
   </div>
   <div class='ocr_carea' id='block_1_76' title="bbox 425 5665 1919 5737">
    <p class='ocr_par' dir='ltr' id='par_1_76' title="bbox 425 5665 1919 5737">
     <span class='ocr_line' id='line_1_76' title="bbox 425 5665 1919 5737; baseline 0.001 -16"><span class='ocrx_word' id='word_1_551' title='bbox 425 5669 468 5737; x_wconf 93' lang='lat' dir='ltr'><strong>(l</strong></span> <span class='ocrx_word' id='word_1_552' title='bbox 488 5672 500 5733; x_wconf 83' lang='lat'><strong>)</strong></span> <span class='ocrx_word' id='word_1_553' title='bbox 534 5668 628 5722; x_wconf 84' lang='lat' dir='ltr'><strong>Est</strong></span> <span class='ocrx_word' id='word_1_554' title='bbox 660 5668 920 5720; x_wconf 77' lang='lat' dir='ltr'><strong>hodierna</strong></span> <span class='ocrx_word' id='word_1_555' title='bbox 949 5680 1169 5734; x_wconf 84' lang='lat' dir='ltr'><strong>quoque</strong></span> <span class='ocrx_word' id='word_1_556' title='bbox 1194 5665 1537 5719; x_wconf 79' lang='lat' dir='ltr'><strong>consuetudo</strong></span> <span class='ocrx_word' id='word_1_557' title='bbox 1573 5668 1623 5719; x_wconf 89' lang='lat' dir='ltr'><strong>in</strong></span> <span class='ocrx_word' id='word_1_558' title='bbox 1651 5667 1919 5736; x_wconf 74' lang='lat' dir='ltr'><strong>religiosis</strong></span> 
     </span>
    </p>
   </div>
   <div class='ocr_carea' id='block_1_77' title="bbox 348 5737 1909 5805">
    <p class='ocr_par' dir='ltr' id='par_1_77' title="bbox 348 5737 1909 5805">
     <span class='ocr_line' id='line_1_77' title="bbox 348 5737 1909 5805; baseline -0.001 -11"><span class='ocrx_word' id='word_1_559' title='bbox 348 5741 641 5804; x_wconf 83' lang='lat' dir='ltr'><strong>sudalitiis,</strong></span> <span class='ocrx_word' id='word_1_560' title='bbox 705 5749 762 5790; x_wconf 92' lang='lat' dir='ltr'><strong>ut</strong></span> <span class='ocrx_word' id='word_1_561' title='bbox 808 5747 928 5805; x_wconf 84' lang='lat' dir='ltr'><strong>post</strong></span> <span class='ocrx_word' id='word_1_562' title='bbox 992 5751 1234 5789; x_wconf 82' lang='lat' dir='ltr'><strong>mensam</strong></span> <span class='ocrx_word' id='word_1_563' title='bbox 1279 5737 1344 5789; x_wconf 85' lang='lat' dir='ltr'><strong>ad</strong></span> <span class='ocrx_word' id='word_1_564' title='bbox 1400 5739 1730 5792; x_wconf 75' lang='lat' dir='ltr'><strong>adorandum</strong></span> <span class='ocrx_word' id='word_1_565' title='bbox 1780 5744 1909 5793; x_wconf 81' lang='lat' dir='ltr'><strong>bre-</strong></span> 
     </span>
    </p>
   </div>
   <div class='ocr_carea' id='block_1_78' title="bbox 671 5831 1391 5894">
    <p class='ocr_par' dir='ltr' id='par_1_78' title="bbox 671 5831 1391 5894">
     <span class='ocr_line' id='line_1_78' title="bbox 671 5831 1391 5894; baseline 0.001 -2"><span class='ocrx_word' id='word_1_566' title='bbox 671 5835 940 5894; x_wconf 69' lang='lat' dir='ltr'><strong>Pnaoc.</strong></span> <span class='ocrx_word' id='word_1_567' title='bbox 975 5833 1090 5893; x_wconf 81' lang='lat' dir='ltr'><strong>GR.</strong></span> <span class='ocrx_word' id='word_1_568' title='bbox 1138 5831 1391 5893; x_wconf 65' lang='lat' dir='ltr'><strong>CXLIX.</strong></span> 
     </span>
    </p>
   </div>
   <div class='ocr_carea' id='block_1_79' title="bbox 2040 1860 3127 1920">
    <p class='ocr_par' dir='ltr' id='par_1_79' title="bbox 2040 1860 3127 1920">
     <span class='ocr_line' id='line_1_79' title="bbox 2040 1860 3127 1920; baseline 0.009 -10"><span class='ocrx_word' id='word_1_569' title='bbox 2040 1871 2187 1912; x_wconf 72' lang='lat' dir='ltr'><strong>cura:</strong></span> <span class='ocrx_word' id='word_1_570' title='bbox 2219 1860 2446 1914; x_wconf 87' lang='lat' dir='ltr'><strong>multam</strong></span> <span class='ocrx_word' id='word_1_571' title='bbox 2496 1862 2746 1918; x_wconf 80' lang='lat' dir='ltr'><strong>referetis</strong></span> <span class='ocrx_word' id='word_1_572' title='bbox 2793 1864 3127 1920; x_wconf 86' lang='lat' dir='ltr'><strong>mercedem.</strong></span> 
     </span>
    </p>
   </div>
   <div class='ocr_carea' id='block_1_80' title="bbox 2111 1949 3625 2028">
    <p class='ocr_par' dir='ltr' id='par_1_80' title="bbox 2111 1949 3625 2028">
     <span class='ocr_line' id='line_1_80' title="bbox 2111 1949 3625 2028; baseline 0.003 -24"><span class='ocrx_word' id='word_1_573' title='bbox 2111 1949 2202 2006; x_wconf 75' lang='lat'><strong>2|.</strong></span> <span class='ocrx_word' id='word_1_574' title='bbox 2239 1950 2472 2023; x_wconf 85' lang='lat' dir='ltr'><strong>Insuper</strong></span> <span class='ocrx_word' id='word_1_575' title='bbox 2505 1955 2686 2010; x_wconf 86' lang='lat' dir='ltr'><strong>cuncti</strong></span> <span class='ocrx_word' id='word_1_576' title='bbox 2726 1956 3042 2012; x_wconf 80' lang='lat' dir='ltr'><strong>sacerdotes</strong></span> <span class='ocrx_word' id='word_1_577' title='bbox 3077 1971 3141 2012; x_wconf 90' lang='lat' dir='ltr'><strong>ac</strong></span> <span class='ocrx_word' id='word_1_578' title='bbox 3197 1957 3436 2028; x_wconf 88' lang='lat' dir='ltr'><strong>populus</strong></span> <span class='ocrx_word' id='word_1_579' title='bbox 3469 1957 3625 2012; x_wconf 81' lang='lat' dir='ltr'><strong>valde</strong></span> 
     </span>
    </p>
   </div>
   <div class='ocr_carea' id='block_1_81' title="bbox 2040 2041 3626 2118">
    <p class='ocr_par' dir='ltr' id='par_1_81' title="bbox 2040 2041 3626 2118">
     <span class='ocr_line' id='line_1_81' title="bbox 2040 2041 3626 2118; baseline 0.004 -22"><span class='ocrx_word' id='word_1_580' title='bbox 2040 2041 2384 2109; x_wconf 78' lang='lat' dir='ltr'><strong>Studeamus,</strong></span> <span class='ocrx_word' id='word_1_581' title='bbox 2441 2061 2511 2100; x_wconf 92' lang='lat' dir='ltr'><strong>ne</strong></span> <span class='ocrx_word' id='word_1_582' title='bbox 2565 2047 2691 2116; x_wconf 88' lang='lat' dir='ltr'><strong>quis</strong></span> <span class='ocrx_word' id='word_1_583' title='bbox 2725 2057 2851 2117; x_wconf 89' lang='lat' dir='ltr'><strong>post</strong></span> <span class='ocrx_word' id='word_1_584' title='bbox 2906 2064 3122 2104; x_wconf 87' lang='lat' dir='ltr'><strong>sacrum</strong></span> <span class='ocrx_word' id='word_1_585' title='bbox 3170 2049 3626 2118; x_wconf 88' lang='lat' dir='ltr'><strong>tremendumque</strong></span> 
     </span>
    </p>
   </div>
   <div class='ocr_carea' id='block_1_82' title="bbox 2040 2136 3623 2207">
    <p class='ocr_par' dir='ltr' id='par_1_82' title="bbox 2040 2136 3623 2207">
     <span class='ocr_line' id='line_1_82' title="bbox 2040 2136 3623 2207; baseline 0.004 -19"><span class='ocrx_word' id='word_1_586' title='bbox 2040 2136 2374 2203; x_wconf 85' lang='lat' dir='ltr'><strong>convivium,</strong></span> <span class='ocrx_word' id='word_1_587' title='bbox 2412 2137 2665 2194; x_wconf 87' lang='lat' dir='ltr'><strong>ebrietati</strong></span> <span class='ocrx_word' id='word_1_588' title='bbox 2697 2150 2753 2195; x_wconf 88' lang='lat' dir='ltr'><strong>et</strong></span> <span class='ocrx_word' id='word_1_589' title='bbox 2777 2141 3008 2194; x_wconf 67' lang='lat' dir='ltr'><strong>luxuriae</strong></span> <span class='ocrx_word' id='word_1_590' title='bbox 3037 2157 3095 2196; x_wconf 89' lang='lat' dir='ltr'><strong>se</strong></span> <span class='ocrx_word' id='word_1_591' title='bbox 3143 2141 3328 2197; x_wconf 88' lang='lat' dir='ltr'><strong>dedat.</strong></span> <span class='ocrx_word' id='word_1_592' title='bbox 3378 2142 3514 2197; x_wconf 86' lang='lat' dir='ltr'><strong>Nam</strong></span> <span class='ocrx_word' id='word_1_593' title='bbox 3553 2141 3623 2207; x_wconf 85' lang='lat' dir='ltr'><strong>si,</strong></span> 
     </span>
    </p>
   </div>
   <div class='ocr_carea' id='block_1_83' title="bbox 2039 2228 3621 2298">
    <p class='ocr_par' dir='ltr' id='par_1_83' title="bbox 2039 2228 3621 2298">
     <span class='ocr_line' id='line_1_83' title="bbox 2039 2228 3621 2298; baseline 0.003 -20"><span class='ocrx_word' id='word_1_594' title='bbox 2039 2240 2320 2296; x_wconf 87' lang='lat' dir='ltr'><strong>nunquam</strong></span> <span class='ocrx_word' id='word_1_595' title='bbox 2348 2228 2615 2282; x_wconf 86' lang='lat' dir='ltr'><strong>luxuriari</strong></span> <span class='ocrx_word' id='word_1_596' title='bbox 2655 2239 2912 2298; x_wconf 83' lang='lat' dir='ltr'><strong>Oportere</strong></span> <span class='ocrx_word' id='word_1_597' title='bbox 2938 2232 3100 2286; x_wconf 87' lang='lat' dir='ltr'><strong>docet</strong></span> <span class='ocrx_word' id='word_1_598' title='bbox 3143 2231 3346 2286; x_wconf 89' lang='lat' dir='ltr'><strong>Paulus</strong></span> <span class='ocrx_word' id='word_1_599' title='bbox 3395 2232 3621 2287; x_wconf 87' lang='lat' dir='ltr'><strong>dicens:</strong></span> 
     </span>
    </p>
   </div>
   <div class='ocr_carea' id='block_1_84' title="bbox 2047 2317 3621 2390">
    <p class='ocr_par' dir='ltr' id='par_1_84' title="bbox 2047 2317 3621 2390">
     <span class='ocr_line' id='line_1_84' title="bbox 2047 2317 3621 2390; baseline 0.007 -22"><span class='ocrx_word' id='word_1_600' title='bbox 2047 2336 2066 2368; x_wconf 73' lang='grc' dir='ltr'><strong>ι</strong></span> <span class='ocrx_word' id='word_1_601' title='bbox 2101 2317 2233 2385; x_wconf 72' lang='lat' dir='ltr'><strong>Quae</strong></span> <span class='ocrx_word' id='word_1_602' title='bbox 2257 2329 2442 2376; x_wconf 89' lang='lat' dir='ltr'><strong>autem</strong></span> <span class='ocrx_word' id='word_1_603' title='bbox 2470 2321 2524 2376; x_wconf 89' lang='lat' dir='ltr'><strong>in</strong></span> <span class='ocrx_word' id='word_1_604' title='bbox 2553 2322 2766 2380; x_wconf 89' lang='lat' dir='ltr'><strong>deliciis</strong></span> <span class='ocrx_word' id='word_1_605' title='bbox 2799 2334 2900 2387; x_wconf 88' lang='lat' dir='ltr'><strong>est,</strong></span> <span class='ocrx_word' id='word_1_606' title='bbox 2925 2324 3111 2379; x_wconf 90' lang='lat' dir='ltr'><strong>vivens</strong></span> <span class='ocrx_word' id='word_1_607' title='bbox 3131 2333 3346 2380; x_wconf 87' lang='lat' dir='ltr'><strong>mortua</strong></span> <span class='ocrx_word' id='word_1_608' title='bbox 3371 2332 3456 2381; x_wconf 85' lang='lat' dir='ltr'><strong>est</strong></span> <span class='ocrx_word' id='word_1_609' title='bbox 3475 2326 3519 2358; x_wconf 78' lang='lat'><strong>&quot;</strong></span> <span class='ocrx_word' id='word_1_610' title='bbox 3545 2343 3560 2390; x_wconf 91' lang='lat'><strong>;</strong></span> <span class='ocrx_word' id='word_1_611' title='bbox 3602 2345 3621 2379; x_wconf 76' lang='grc' dir='ltr'><strong>ι</strong></span> 
     </span>
    </p>
   </div>
   <div class='ocr_carea' id='block_1_85' title="bbox 2040 2413 3624 2487">
    <p class='ocr_par' dir='ltr' id='par_1_85' title="bbox 2040 2413 3624 2487">
     <span class='ocr_line' id='line_1_85' title="bbox 2040 2413 3624 2487; baseline 0.004 -21"><span class='ocrx_word' id='word_1_612' title='bbox 2040 2414 2216 2467; x_wconf 70' lang='lat' dir='ltr'><strong>milito</strong></span> <span class='ocrx_word' id='word_1_613' title='bbox 2247 2413 2299 2468; x_wconf 88' lang='lat' dir='ltr'><strong>id</strong></span> <span class='ocrx_word' id='word_1_614' title='bbox 2331 2416 2511 2471; x_wconf 87' lang='lat' dir='ltr'><strong>minus</strong></span> <span class='ocrx_word' id='word_1_615' title='bbox 2551 2426 2674 2486; x_wconf 92' lang='lat' dir='ltr'><strong>post</strong></span> <span class='ocrx_word' id='word_1_616' title='bbox 2705 2417 3095 2487; x_wconf 84' lang='lat' dir='ltr'><strong>mysteriorum</strong></span> <span class='ocrx_word' id='word_1_617' title='bbox 3154 2418 3624 2474; x_wconf 87' lang='lat' dir='ltr'><strong>communionem.</strong></span> 
     </span>
    </p>
   </div>
   <div class='ocr_carea' id='block_1_86' title="bbox 2038 2504 3627 2575">
    <p class='ocr_par' dir='ltr' id='par_1_86' title="bbox 2038 2504 3627 2575">
     <span class='ocr_line' id='line_1_86' title="bbox 2038 2504 3627 2575; baseline 0.004 -17"><span class='ocrx_word' id='word_1_618' title='bbox 2038 2504 2157 2559; x_wconf 85' lang='lat' dir='ltr'><strong>Non</strong></span> <span class='ocrx_word' id='word_1_619' title='bbox 2186 2507 2333 2561; x_wconf 85' lang='lat' dir='ltr'><strong>enim</strong></span> <span class='ocrx_word' id='word_1_620' title='bbox 2356 2507 2424 2562; x_wconf 91' lang='lat' dir='ltr'><strong>ad</strong></span> <span class='ocrx_word' id='word_1_621' title='bbox 2445 2508 2551 2563; x_wconf 91' lang='lat' dir='ltr'><strong>hoc</strong></span> <span class='ocrx_word' id='word_1_622' title='bbox 2583 2509 2694 2564; x_wconf 87' lang='lat' dir='ltr'><strong>nati</strong></span> <span class='ocrx_word' id='word_1_623' title='bbox 2731 2524 2918 2564; x_wconf 90' lang='lat' dir='ltr'><strong>sumus</strong></span> <span class='ocrx_word' id='word_1_624' title='bbox 2945 2520 3001 2565; x_wconf 91' lang='lat' dir='ltr'><strong>et</strong></span> <span class='ocrx_word' id='word_1_625' title='bbox 3026 2511 3280 2575; x_wconf 87' lang='lat' dir='ltr'><strong>vivimus,</strong></span> <span class='ocrx_word' id='word_1_626' title='bbox 3315 2520 3376 2565; x_wconf 89' lang='lat' dir='ltr'><strong>ut</strong></span> <span class='ocrx_word' id='word_1_627' title='bbox 3395 2510 3627 2565; x_wconf 89' lang='lat' dir='ltr'><strong>mandu-</strong></span> 
     </span>
    </p>
   </div>
   <div class='ocr_carea' id='block_1_87' title="bbox 2040 2599 3626 2664">
    <p class='ocr_par' dir='ltr' id='par_1_87' title="bbox 2040 2599 3626 2664">
     <span class='ocr_line' id='line_1_87' title="bbox 2040 2599 3626 2664; baseline 0.003 -13"><span class='ocrx_word' id='word_1_628' title='bbox 2040 2611 2230 2654; x_wconf 87' lang='lat' dir='ltr'><strong>cemus</strong></span> <span class='ocrx_word' id='word_1_629' title='bbox 2284 2614 2348 2652; x_wconf 92' lang='lat' dir='ltr'><strong>ac</strong></span> <span class='ocrx_word' id='word_1_630' title='bbox 2385 2599 2658 2664; x_wconf 87' lang='lat' dir='ltr'><strong>bibamus,</strong></span> <span class='ocrx_word' id='word_1_631' title='bbox 2690 2601 2784 2656; x_wconf 89' lang='lat' dir='ltr'><strong>sed</strong></span> <span class='ocrx_word' id='word_1_632' title='bbox 2821 2602 2945 2657; x_wconf 86' lang='lat' dir='ltr'><strong>ideo</strong></span> <span class='ocrx_word' id='word_1_633' title='bbox 2985 2603 3328 2659; x_wconf 85' lang='lat' dir='ltr'><strong>comedimus</strong></span> <span class='ocrx_word' id='word_1_634' title='bbox 3379 2613 3438 2658; x_wconf 91' lang='lat' dir='ltr'><strong>ut</strong></span> <span class='ocrx_word' id='word_1_635' title='bbox 3479 2603 3626 2657; x_wconf 86' lang='lat' dir='ltr'><strong>viva-</strong></span> 
     </span>
    </p>
   </div>
   <div class='ocr_carea' id='block_1_88' title="bbox 2039 2691 3624 2762">
    <p class='ocr_par' dir='ltr' id='par_1_88' title="bbox 2039 2691 3624 2762">
     <span class='ocr_line' id='line_1_88' title="bbox 2039 2691 3624 2762; baseline 0.003 -18"><span class='ocrx_word' id='word_1_636' title='bbox 2039 2703 2193 2744; x_wconf 86' lang='lat' dir='ltr'><strong>mus:</strong></span> <span class='ocrx_word' id='word_1_637' title='bbox 2226 2691 2428 2760; x_wconf 85' lang='lat' dir='ltr'><strong>quippe</strong></span> <span class='ocrx_word' id='word_1_638' title='bbox 2455 2691 2598 2746; x_wconf 88' lang='lat' dir='ltr'><strong>haud</strong></span> <span class='ocrx_word' id='word_1_639' title='bbox 2629 2693 2811 2748; x_wconf 87' lang='lat' dir='ltr'><strong>v.ivere</strong></span> <span class='ocrx_word' id='word_1_640' title='bbox 2838 2703 2897 2748; x_wconf 89' lang='lat' dir='ltr'><strong>ut</strong></span> <span class='ocrx_word' id='word_1_641' title='bbox 2925 2709 3237 2762; x_wconf 86' lang='lat' dir='ltr'><strong>vescamur,</strong></span> <span class='ocrx_word' id='word_1_642' title='bbox 3260 2695 3357 2750; x_wconf 89' lang='lat' dir='ltr'><strong>sed</strong></span> <span class='ocrx_word' id='word_1_643' title='bbox 3382 2696 3530 2751; x_wconf 86' lang='lat' dir='ltr'><strong>vesci</strong></span> <span class='ocrx_word' id='word_1_644' title='bbox 3563 2703 3624 2750; x_wconf 88' lang='lat' dir='ltr'><strong>ut</strong></span> 
     </span>
    </p>
   </div>
   <div class='ocr_carea' id='block_1_89' title="bbox 2040 2781 3620 2854">
    <p class='ocr_par' dir='ltr' id='par_1_89' title="bbox 2040 2781 3620 2854">
     <span class='ocr_line' id='line_1_89' title="bbox 2040 2781 3620 2854; baseline 0.006 -20"><span class='ocrx_word' id='word_1_645' title='bbox 2040 2781 2310 2846; x_wconf 84' lang='lat' dir='ltr'><strong>vivamus,</strong></span> <span class='ocrx_word' id='word_1_646' title='bbox 2376 2782 2561 2852; x_wconf 89' lang='lat' dir='ltr'><strong>prisco</strong></span> <span class='ocrx_word' id='word_1_647' title='bbox 2608 2784 2734 2852; x_wconf 86' lang='lat' dir='ltr'><strong>jure</strong></span> <span class='ocrx_word' id='word_1_648' title='bbox 2816 2794 3080 2840; x_wconf 88' lang='lat' dir='ltr'><strong>statutum</strong></span> <span class='ocrx_word' id='word_1_649' title='bbox 3135 2795 3239 2844; x_wconf 88' lang='lat' dir='ltr'><strong>est.</strong></span> <span class='ocrx_word' id='word_1_650' title='bbox 3291 2787 3406 2844; x_wconf 86' lang='lat' dir='ltr'><strong>Nos</strong></span> <span class='ocrx_word' id='word_1_651' title='bbox 3461 2803 3620 2854; x_wconf 90' lang='lat' dir='ltr'><strong>vero,</strong></span> 
     </span>
    </p>
   </div>
   <div class='ocr_carea' id='block_1_90' title="bbox 2040 2873 3620 2950">
    <p class='ocr_par' dir='ltr' id='par_1_90' title="bbox 2040 2873 3620 2950">
     <span class='ocr_line' id='line_1_90' title="bbox 2040 2873 3620 2950; baseline 0.006 -23"><span class='ocrx_word' id='word_1_652' title='bbox 2040 2873 2195 2943; x_wconf 87' lang='lat' dir='ltr'><strong>quasi</strong></span> <span class='ocrx_word' id='word_1_653' title='bbox 2227 2874 2295 2928; x_wconf 90' lang='lat' dir='ltr'><strong>ad</strong></span> <span class='ocrx_word' id='word_1_654' title='bbox 2324 2876 2605 2950; x_wconf 85' lang='lat' dir='ltr'><strong>crapulam</strong></span> <span class='ocrx_word' id='word_1_655' title='bbox 2644 2877 2697 2930; x_wconf 90' lang='lat' dir='ltr'><strong>in</strong></span> <span class='ocrx_word' id='word_1_656' title='bbox 2729 2879 2995 2933; x_wconf 90' lang='lat' dir='ltr'><strong>mundum</strong></span> <span class='ocrx_word' id='word_1_657' title='bbox 3052 2881 3392 2946; x_wconf 86' lang='lat' dir='ltr'><strong>venerimus,</strong></span> <span class='ocrx_word' id='word_1_658' title='bbox 3421 2892 3620 2936; x_wconf 89' lang='lat' dir='ltr'><strong>cuncta</strong></span> 
     </span>
    </p>
   </div>
   <div class='ocr_carea' id='block_1_91' title="bbox 2039 2965 3623 3040">
    <p class='ocr_par' dir='ltr' id='par_1_91' title="bbox 2039 2965 3623 3040">
     <span class='ocr_line' id='line_1_91' title="bbox 2039 2965 3623 3040; baseline 0.005 -20"><span class='ocrx_word' id='word_1_659' title='bbox 2039 2965 2100 3022; x_wconf 77' lang='lat' dir='ltr'><strong>in</strong></span> <span class='ocrx_word' id='word_1_660' title='bbox 2150 2967 2298 3022; x_wconf 90' lang='lat' dir='ltr'><strong>illam</strong></span> <span class='ocrx_word' id='word_1_661' title='bbox 2351 2968 2714 3034; x_wconf 79' lang='lat' dir='ltr'><strong>absumimus,</strong></span> <span class='ocrx_word' id='word_1_662' title='bbox 2755 2969 3006 3040; x_wconf 87' lang='lat' dir='ltr'><strong>ebriique</strong></span> <span class='ocrx_word' id='word_1_663' title='bbox 3037 2986 3065 3024; x_wconf 90' lang='lat' dir='ltr'><strong>a</strong></span> <span class='ocrx_word' id='word_1_664' title='bbox 3109 2971 3379 3027; x_wconf 89' lang='lat' dir='ltr'><strong>materiali</strong></span> <span class='ocrx_word' id='word_1_665' title='bbox 3433 2988 3623 3028; x_wconf 88' lang='lat' dir='ltr'><strong>mensa</strong></span> 
     </span>
    </p>
   </div>
   <div class='ocr_carea' id='block_1_92' title="bbox 2039 3059 3622 3135">
    <p class='ocr_par' dir='ltr' id='par_1_92' title="bbox 2039 3059 3622 3135">
     <span class='ocr_line' id='line_1_92' title="bbox 2039 3059 3622 3135; baseline 0.004 -21"><span class='ocrx_word' id='word_1_666' title='bbox 2039 3059 2316 3132; x_wconf 70' lang='lat' dir='ltr'><strong>surgimus</strong></span> <span class='ocrx_word' id='word_1_667' title='bbox 2341 3080 2356 3115; x_wconf 90' lang='lat'><strong>:</strong></span> <span class='ocrx_word' id='word_1_668' title='bbox 2386 3061 2609 3118; x_wconf 88' lang='lat' dir='ltr'><strong>minime</strong></span> <span class='ocrx_word' id='word_1_669' title='bbox 2638 3071 2981 3134; x_wconf 81' lang='lat' dir='ltr'><strong>reputantes,</strong></span> <span class='ocrx_word' id='word_1_670' title='bbox 3039 3063 3184 3134; x_wconf 89' lang='lat' dir='ltr'><strong>quod</strong></span> <span class='ocrx_word' id='word_1_671' title='bbox 3224 3074 3348 3135; x_wconf 88' lang='lat' dir='ltr'><strong>post</strong></span> <span class='ocrx_word' id='word_1_672' title='bbox 3377 3080 3622 3122; x_wconf 88' lang='lat' dir='ltr'><strong>mensam</strong></span> 
     </span>
    </p>
   </div>
   <div class='ocr_carea' id='block_1_93' title="bbox 2042 3153 3622 3227">
    <p class='ocr_par' dir='ltr' id='par_1_93' title="bbox 2042 3153 3622 3227">
     <span class='ocr_line' id='line_1_93' title="bbox 2042 3153 3622 3227; baseline 0.004 -22"><span class='ocrx_word' id='word_1_673' title='bbox 2042 3159 2259 3223; x_wconf 87' lang='lat' dir='ltr'><strong>tempus</strong></span> <span class='ocrx_word' id='word_1_674' title='bbox 2317 3153 2652 3223; x_wconf 83' lang='lat' dir='ltr'><strong>agendarum</strong></span> <span class='ocrx_word' id='word_1_675' title='bbox 2698 3156 3001 3226; x_wconf 74' lang='lat' dir='ltr'><strong>gratiarum</strong></span> <span class='ocrx_word' id='word_1_676' title='bbox 3027 3165 3082 3210; x_wconf 84' lang='lat' dir='ltr'><strong>et</strong></span> <span class='ocrx_word' id='word_1_677' title='bbox 3114 3155 3446 3227; x_wconf 85' lang='lat' dir='ltr'><strong>hymnorum</strong></span> <span class='ocrx_word' id='word_1_678' title='bbox 3480 3166 3622 3212; x_wconf 84' lang='lat' dir='ltr'><strong>tem-</strong></span> 
     </span>
    </p>
   </div>
   <div class='ocr_carea' id='block_1_94' title="bbox 2038 3245 3616 3318">
    <p class='ocr_par' dir='ltr' id='par_1_94' title="bbox 2038 3245 3616 3318">
     <span class='ocr_line' id='line_1_94' title="bbox 2038 3245 3616 3318; baseline 0.003 -17"><span class='ocrx_word' id='word_1_679' title='bbox 2038 3260 2142 3313; x_wconf 84' lang='lat' dir='ltr'><strong>pus</strong></span> <span class='ocrx_word' id='word_1_680' title='bbox 2168 3245 2272 3300; x_wconf 87' lang='lat' dir='ltr'><strong>sit:</strong></span> <span class='ocrx_word' id='word_1_681' title='bbox 2307 3261 2473 3315; x_wconf 90' lang='lat' dir='ltr'><strong>porro</strong></span> <span class='ocrx_word' id='word_1_682' title='bbox 2494 3261 2646 3312; x_wconf 88' lang='lat' dir='ltr'><strong>eum,</strong></span> <span class='ocrx_word' id='word_1_683' title='bbox 2678 3249 2770 3316; x_wconf 88' lang='lat' dir='ltr'><strong>qui</strong></span> <span class='ocrx_word' id='word_1_684' title='bbox 2805 3249 3010 3317; x_wconf 82' lang='lat' dir='ltr'><strong>gratias</strong></span> <span class='ocrx_word' id='word_1_685' title='bbox 3033 3248 3164 3318; x_wconf 81' lang='lat' dir='ltr'><strong>agit,</strong></span> <span class='ocrx_word' id='word_1_686' title='bbox 3220 3249 3370 3306; x_wconf 87' lang='lat' dir='ltr'><strong>haud</strong></span> <span class='ocrx_word' id='word_1_687' title='bbox 3397 3251 3616 3306; x_wconf 88' lang='lat' dir='ltr'><strong>ebrium</strong></span> 
     </span>
    </p>
   </div>
   <div class='ocr_carea' id='block_1_95' title="bbox 2037 3338 3624 3410">
    <p class='ocr_par' dir='ltr' id='par_1_95' title="bbox 2037 3338 3624 3410">
     <span class='ocr_line' id='line_1_95' title="bbox 2037 3338 3624 3410; baseline 0.004 -18"><span class='ocrx_word' id='word_1_688' title='bbox 2037 3352 2159 3394; x_wconf 82' lang='lat' dir='ltr'><strong>esse</strong></span> <span class='ocrx_word' id='word_1_689' title='bbox 2197 3347 2452 3408; x_wconf 90' lang='lat' dir='ltr'><strong>oportere</strong></span> <span class='ocrx_word' id='word_1_690' title='bbox 2484 3338 2579 3393; x_wconf 89' lang='lat' dir='ltr'><strong>sed</strong></span> <span class='ocrx_word' id='word_1_691' title='bbox 2613 3348 3018 3406; x_wconf 82' lang='lat' dir='ltr'><strong>experrectum.</strong></span> <span class='ocrx_word' id='word_1_692' title='bbox 3054 3339 3188 3394; x_wconf 87' lang='lat' dir='ltr'><strong>Nam</strong></span> <span class='ocrx_word' id='word_1_693' title='bbox 3241 3343 3331 3410; x_wconf 88' lang='lat' dir='ltr'><strong>qui</strong></span> <span class='ocrx_word' id='word_1_694' title='bbox 3369 3343 3624 3398; x_wconf 87' lang='lat' dir='ltr'><strong>conside-</strong></span> 
     </span>
    </p>
   </div>
   <div class='ocr_carea' id='block_1_96' title="bbox 2038 3428 3617 3499">
    <p class='ocr_par' dir='ltr' id='par_1_96' title="bbox 2038 3428 3617 3499">
     <span class='ocr_line' id='line_1_96' title="bbox 2038 3428 3617 3499; baseline 0.003 -18"><span class='ocrx_word' id='word_1_695' title='bbox 2038 3437 2143 3494; x_wconf 85' lang='lat' dir='ltr'><strong>ret,</strong></span> <span class='ocrx_word' id='word_1_696' title='bbox 2197 3429 2328 3484; x_wconf 89' lang='lat' dir='ltr'><strong>dum</strong></span> <span class='ocrx_word' id='word_1_697' title='bbox 2354 3444 2556 3484; x_wconf 64' lang='lat' dir='ltr'><strong>mensae</strong></span> <span class='ocrx_word' id='word_1_698' title='bbox 2605 3429 2905 3492; x_wconf 89' lang='lat' dir='ltr'><strong>accumbit,</strong></span> <span class='ocrx_word' id='word_1_699' title='bbox 2953 3428 3068 3482; x_wconf 84' lang='lat' dir='ltr'><strong>fore</strong></span> <span class='ocrx_word' id='word_1_700' title='bbox 3107 3439 3166 3483; x_wconf 93' lang='lat' dir='ltr'><strong>ut</strong></span> <span class='ocrx_word' id='word_1_701' title='bbox 3195 3440 3318 3499; x_wconf 87' lang='lat' dir='ltr'><strong>post</strong></span> <span class='ocrx_word' id='word_1_702' title='bbox 3371 3448 3617 3488; x_wconf 88' lang='lat' dir='ltr'><strong>mensam</strong></span> 
     </span>
    </p>
   </div>
   <div class='ocr_carea' id='block_1_97' title="bbox 2036 3521 3620 3593">
    <p class='ocr_par' dir='ltr' id='par_1_97' title="bbox 2036 3521 3620 3593">
     <span class='ocr_line' id='line_1_97' title="bbox 2036 3521 3620 3593; baseline 0.004 -18"><span class='ocrx_word' id='word_1_703' title='bbox 2036 3536 2227 3593; x_wconf 86' lang='lat' dir='ltr'><strong>preces</strong></span> <span class='ocrx_word' id='word_1_704' title='bbox 2261 3521 2427 3589; x_wconf 86' lang='lat' dir='ltr'><strong>dicat,</strong></span> <span class='ocrx_word' id='word_1_705' title='bbox 2455 3521 2502 3576; x_wconf 92' lang='lat' dir='ltr'><strong>is</strong></span> <span class='ocrx_word' id='word_1_706' title='bbox 2528 3521 2744 3576; x_wconf 91' lang='lat' dir='ltr'><strong>modice</strong></span> <span class='ocrx_word' id='word_1_707' title='bbox 2798 3532 3046 3577; x_wconf 88' lang='lat' dir='ltr'><strong>ventrem</strong></span> <span class='ocrx_word' id='word_1_708' title='bbox 3093 3523 3361 3592; x_wconf 82' lang='lat' dir='ltr'><strong>implebit,</strong></span> <span class='ocrx_word' id='word_1_709' title='bbox 3393 3541 3461 3580; x_wconf 90' lang='lat' dir='ltr'><strong>ne</strong></span> <span class='ocrx_word' id='word_1_710' title='bbox 3495 3526 3620 3581; x_wconf 82' lang='lat' dir='ltr'><strong>cibo</strong></span> 
     </span>
    </p>
   </div>
   <div class='ocr_carea' id='block_1_98' title="bbox 2037 3613 3618 3684">
    <p class='ocr_par' dir='ltr' id='par_1_98' title="bbox 2037 3613 3618 3684">
     <span class='ocr_line' id='line_1_98' title="bbox 2037 3613 3618 3684; baseline 0.002 -17"><span class='ocrx_word' id='word_1_711' title='bbox 2037 3621 2292 3682; x_wconf 75' lang='lat' dir='ltr'><strong>gravatus</strong></span> <span class='ocrx_word' id='word_1_712' title='bbox 2321 3628 2463 3684; x_wconf 77' lang='lat' dir='ltr'><strong>genu</strong></span> <span class='ocrx_word' id='word_1_713' title='bbox 2498 3613 2719 3669; x_wconf 80' lang='lat' dir='ltr'><strong>ﬂectere</strong></span> <span class='ocrx_word' id='word_1_714' title='bbox 2743 3623 2999 3684; x_wconf 87' lang='lat' dir='ltr'><strong>nequeat.</strong></span> <span class='ocrx_word' id='word_1_715' title='bbox 3025 3623 3081 3668; x_wconf 89' lang='lat' dir='ltr'><strong>et</strong></span> <span class='ocrx_word' id='word_1_716' title='bbox 3110 3613 3280 3669; x_wconf 88' lang='lat' dir='ltr'><strong>Deum</strong></span> <span class='ocrx_word' id='word_1_717' title='bbox 3314 3615 3573 3672; x_wconf 83' lang='lat' dir='ltr'><strong>invocare</strong></span> <span class='ocrx_word' id='word_1_718' title='bbox 3601 3635 3618 3680; x_wconf 86' lang='lat'><strong>;</strong></span> 
     </span>
    </p>
   </div>
   <div class='ocr_carea' id='block_1_99' title="bbox 2036 3707 3617 3778">
    <p class='ocr_par' dir='ltr' id='par_1_99' title="bbox 2036 3707 3617 3778">
     <span class='ocr_line' id='line_1_99' title="bbox 2036 3707 3617 3778; baseline 0.002 -17"><span class='ocrx_word' id='word_1_719' title='bbox 2036 3718 2200 3778; x_wconf 89' lang='lat' dir='ltr'><strong>atque</strong></span> <span class='ocrx_word' id='word_1_720' title='bbox 2251 3707 2379 3763; x_wconf 89' lang='lat' dir='ltr'><strong>hinc</strong></span> <span class='ocrx_word' id='word_1_721' title='bbox 2431 3708 2524 3762; x_wconf 82' lang='lat' dir='ltr'><strong>ﬁat</strong></span> <span class='ocrx_word' id='word_1_722' title='bbox 2577 3708 2757 3763; x_wconf 90' lang='lat' dir='ltr'><strong>brutis</strong></span> <span class='ocrx_word' id='word_1_723' title='bbox 2810 3708 3203 3762; x_wconf 88' lang='lat' dir='ltr'><strong>irrationalior.</strong></span> <span class='ocrx_word' id='word_1_724' title='bbox 3255 3707 3388 3762; x_wconf 84' lang='lat' dir='ltr'><strong>Nam</strong></span> <span class='ocrx_word' id='word_1_725' title='bbox 3419 3710 3464 3764; x_wconf 89' lang='lat' dir='ltr'><strong>si</strong></span> <span class='ocrx_word' id='word_1_726' title='bbox 3527 3711 3617 3764; x_wconf 89' lang='lat' dir='ltr'><strong>illa</strong></span> 
     </span>
    </p>
   </div>
   <div class='ocr_carea' id='block_1_100' title="bbox 2037 3800 3617 3872">
    <p class='ocr_par' dir='ltr' id='par_1_100' title="bbox 2037 3800 3617 3872">
     <span class='ocr_line' id='line_1_100' title="bbox 2037 3800 3617 3872; baseline 0 -16"><span class='ocrx_word' id='word_1_727' title='bbox 2037 3811 2160 3871; x_wconf 88' lang='lat' dir='ltr'><strong>post</strong></span> <span class='ocrx_word' id='word_1_728' title='bbox 2184 3815 2448 3872; x_wconf 65' lang='lat' dir='ltr'><strong>praesepe,</strong></span> <span class='ocrx_word' id='word_1_729' title='bbox 2483 3801 2588 3855; x_wconf 89' lang='lat' dir='ltr'><strong>iter</strong></span> <span class='ocrx_word' id='word_1_730' title='bbox 2627 3800 3032 3870; x_wconf 79' lang='lat' dir='ltr'><strong>ingrediuntur,</strong></span> <span class='ocrx_word' id='word_1_731' title='bbox 3084 3809 3139 3854; x_wconf 87' lang='lat' dir='ltr'><strong>et</strong></span> <span class='ocrx_word' id='word_1_732' title='bbox 3177 3815 3345 3855; x_wconf 89' lang='lat' dir='ltr'><strong>onera</strong></span> <span class='ocrx_word' id='word_1_733' title='bbox 3406 3800 3617 3869; x_wconf 79' lang='lat' dir='ltr'><strong>ferunt,</strong></span> 
     </span>
    </p>
   </div>
   <div class='ocr_carea' id='block_1_101' title="bbox 2036 3889 3620 3963">
    <p class='ocr_par' dir='ltr' id='par_1_101' title="bbox 2036 3889 3620 3963">
     <span class='ocr_line' id='line_1_101' title="bbox 2036 3889 3620 3963; baseline 0 -15"><span class='ocrx_word' id='word_1_734' title='bbox 2036 3902 2092 3948; x_wconf 90' lang='lat' dir='ltr'><strong>et</strong></span> <span class='ocrx_word' id='word_1_735' title='bbox 2118 3892 2399 3963; x_wconf 83' lang='lat' dir='ltr'><strong>proprium</strong></span> <span class='ocrx_word' id='word_1_736' title='bbox 2431 3891 2798 3946; x_wconf 88' lang='lat' dir='ltr'><strong>ministerium</strong></span> <span class='ocrx_word' id='word_1_737' title='bbox 2837 3889 3120 3952; x_wconf 71' lang='lat' dir='ltr'><strong>exhibent.</strong></span> <span class='ocrx_word' id='word_1_738' title='bbox 3149 3891 3341 3961; x_wconf 89' lang='lat' dir='ltr'><strong>quidni</strong></span> <span class='ocrx_word' id='word_1_739' title='bbox 3369 3893 3438 3947; x_wconf 90' lang='lat' dir='ltr'><strong>sit</strong></span> <span class='ocrx_word' id='word_1_740' title='bbox 3485 3893 3620 3963; x_wconf 89' lang='lat' dir='ltr'><strong>ipsis</strong></span> 
     </span>
    </p>
   </div>
   <div class='ocr_carea' id='block_1_102' title="bbox 2037 3983 3620 4054">
    <p class='ocr_par' dir='ltr' id='par_1_102' title="bbox 2037 3983 3620 4054">
     <span class='ocr_line' id='line_1_102' title="bbox 2037 3983 3620 4054; baseline -0.001 -15"><span class='ocrx_word' id='word_1_741' title='bbox 2037 3985 2208 4040; x_wconf 85' lang='lat' dir='ltr'><strong>asinis</strong></span> <span class='ocrx_word' id='word_1_742' title='bbox 2259 3983 2730 4054; x_wconf 82' lang='lat' dir='ltr'><strong>contemptibilior</strong></span> <span class='ocrx_word' id='word_1_743' title='bbox 2776 3984 2941 4039; x_wconf 91' lang='lat' dir='ltr'><strong>homo</strong></span> <span class='ocrx_word' id='word_1_744' title='bbox 2989 3993 3112 4054; x_wconf 91' lang='lat' dir='ltr'><strong>post</strong></span> <span class='ocrx_word' id='word_1_745' title='bbox 3145 4000 3389 4039; x_wconf 83' lang='lat' dir='ltr'><strong>mensam</strong></span> <span class='ocrx_word' id='word_1_746' title='bbox 3443 3985 3620 4040; x_wconf 88' lang='lat' dir='ltr'><strong>cuivis</strong></span> 
     </span>
    </p>
   </div>
   <div class='ocr_carea' id='block_1_103' title="bbox 2036 4075 3620 4145">
    <p class='ocr_par' dir='ltr' id='par_1_103' title="bbox 2036 4075 3620 4145">
     <span class='ocr_line' id='line_1_103' title="bbox 2036 4075 3620 4145; baseline 0.001 -15"><span class='ocrx_word' id='word_1_747' title='bbox 2036 4075 2188 4144; x_wconf 89' lang='lat' dir='ltr'><strong>operi</strong></span> <span class='ocrx_word' id='word_1_748' title='bbox 2241 4075 2460 4145; x_wconf 89' lang='lat' dir='ltr'><strong>ineptus</strong></span> <span class='ocrx_word' id='word_1_749' title='bbox 2515 4085 2574 4130; x_wconf 91' lang='lat' dir='ltr'><strong>et</strong></span> <span class='ocrx_word' id='word_1_750' title='bbox 2637 4076 2931 4144; x_wconf 87' lang='lat' dir='ltr'><strong>impOtens,</strong></span> <span class='ocrx_word' id='word_1_751' title='bbox 2973 4090 3096 4130; x_wconf 91' lang='lat' dir='ltr'><strong>cum</strong></span> <span class='ocrx_word' id='word_1_752' title='bbox 3155 4085 3335 4130; x_wconf 90' lang='lat' dir='ltr'><strong>tamen</strong></span> <span class='ocrx_word' id='word_1_753' title='bbox 3384 4078 3620 4132; x_wconf 80' lang='lat' dir='ltr'><strong>maxime</strong></span> 
     </span>
    </p>
   </div>
   <div class='ocr_carea' id='block_1_104' title="bbox 2035 4167 3616 4240">
    <p class='ocr_par' dir='ltr' id='par_1_104' title="bbox 2035 4167 3616 4240">
     <span class='ocr_line' id='line_1_104' title="bbox 2035 4167 3616 4240; baseline -0.001 -15"><span class='ocrx_word' id='word_1_754' title='bbox 2035 4177 2416 4240; x_wconf 84' lang='lat' dir='ltr'><strong>experrectum</strong></span> <span class='ocrx_word' id='word_1_755' title='bbox 2441 4183 2563 4225; x_wconf 89' lang='lat' dir='ltr'><strong>esse</strong></span> <span class='ocrx_word' id='word_1_756' title='bbox 2592 4168 2856 4238; x_wconf 87' lang='lat' dir='ltr'><strong>oportet?</strong></span> <span class='ocrx_word' id='word_1_757' title='bbox 2893 4167 3025 4222; x_wconf 86' lang='lat' dir='ltr'><strong>Nam</strong></span> <span class='ocrx_word' id='word_1_758' title='bbox 3065 4167 3211 4238; x_wconf 85' lang='lat' dir='ltr'><strong>quod</strong></span> <span class='ocrx_word' id='word_1_759' title='bbox 3251 4177 3372 4238; x_wconf 88' lang='lat' dir='ltr'><strong>post</strong></span> <span class='ocrx_word' id='word_1_760' title='bbox 3405 4169 3616 4231; x_wconf 87' lang='lat' dir='ltr'><strong>cibum,</strong></span> 
     </span>
    </p>
   </div>
   <div class='ocr_carea' id='block_1_105' title="bbox 2035 4256 3614 4329">
    <p class='ocr_par' dir='ltr' id='par_1_105' title="bbox 2035 4256 3614 4329">
     <span class='ocr_line' id='line_1_105' title="bbox 2035 4256 3614 4329; baseline -0.004 -13"><span class='ocrx_word' id='word_1_761' title='bbox 2035 4261 2181 4316; x_wconf 87' lang='lat' dir='ltr'><strong>haud</strong></span> <span class='ocrx_word' id='word_1_762' title='bbox 2208 4275 2403 4317; x_wconf 90' lang='lat' dir='ltr'><strong>somno</strong></span> <span class='ocrx_word' id='word_1_763' title='bbox 2443 4259 2527 4314; x_wconf 89' lang='lat' dir='ltr'><strong>vel</strong></span> <span class='ocrx_word' id='word_1_764' title='bbox 2559 4258 2749 4323; x_wconf 90' lang='lat' dir='ltr'><strong>cubili,</strong></span> <span class='ocrx_word' id='word_1_765' title='bbox 2791 4257 2886 4313; x_wconf 89' lang='lat' dir='ltr'><strong>sed</strong></span> <span class='ocrx_word' id='word_1_766' title='bbox 2921 4257 3181 4329; x_wconf 89' lang='lat' dir='ltr'><strong>precibus</strong></span> <span class='ocrx_word' id='word_1_767' title='bbox 3211 4267 3268 4312; x_wconf 87' lang='lat' dir='ltr'><strong>et</strong></span> <span class='ocrx_word' id='word_1_768' title='bbox 3299 4256 3614 4311; x_wconf 86' lang='lat' dir='ltr'><strong>divinarum</strong></span> 
     </span>
    </p>
   </div>
   <div class='ocr_carea' id='block_1_106' title="bbox 2037 4348 3620 4424">
    <p class='ocr_par' dir='ltr' id='par_1_106' title="bbox 2037 4348 3620 4424">
     <span class='ocr_line' id='line_1_106' title="bbox 2037 4348 3620 4424; baseline -0.006 -14"><span class='ocrx_word' id='word_1_769' title='bbox 2037 4355 2447 4424; x_wconf 89' lang='lat' dir='ltr'><strong>Scripturarum</strong></span> <span class='ocrx_word' id='word_1_770' title='bbox 2485 4350 2711 4407; x_wconf 88' lang='lat' dir='ltr'><strong>lectioni</strong></span> <span class='ocrx_word' id='word_1_771' title='bbox 2746 4349 3050 4405; x_wconf 88' lang='lat' dir='ltr'><strong>vacandum</strong></span> <span class='ocrx_word' id='word_1_772' title='bbox 3107 4349 3200 4415; x_wconf 91' lang='lat' dir='ltr'><strong>sit,</strong></span> <span class='ocrx_word' id='word_1_773' title='bbox 3221 4349 3277 4404; x_wconf 79' lang='lat' dir='ltr'><strong>id</strong></span> <span class='ocrx_word' id='word_1_774' title='bbox 3331 4348 3620 4419; x_wconf 88' lang='lat' dir='ltr'><strong>perspicue</strong></span> 
     </span>
    </p>
   </div>
   <div class='ocr_carea' id='block_1_107' title="bbox 2037 4438 3619 4514">
    <p class='ocr_par' dir='ltr' id='par_1_107' title="bbox 2037 4438 3619 4514">
     <span class='ocr_line' id='line_1_107' title="bbox 2037 4438 3619 4514; baseline -0.006 -12"><span class='ocrx_word' id='word_1_775' title='bbox 2037 4445 2279 4503; x_wconf 91' lang='lat' dir='ltr'><strong>ostendit</strong></span> <span class='ocrx_word' id='word_1_776' title='bbox 2308 4445 2584 4510; x_wconf 86' lang='lat' dir='ltr'><strong>Christus,</strong></span> <span class='ocrx_word' id='word_1_777' title='bbox 2634 4445 2880 4514; x_wconf 85' lang='lat' dir='ltr'><strong>quicum</strong></span> <span class='ocrx_word' id='word_1_778' title='bbox 2923 4443 3268 4497; x_wconf 87' lang='lat' dir='ltr'><strong>innumeram</strong></span> <span class='ocrx_word' id='word_1_779' title='bbox 3304 4438 3619 4494; x_wconf 82' lang='lat' dir='ltr'><strong>multitudi-</strong></span> 
     </span>
    </p>
   </div>
   <div class='ocr_carea' id='block_1_108' title="bbox 2037 4531 3617 4604">
    <p class='ocr_par' dir='ltr' id='par_1_108' title="bbox 2037 4531 3617 4604">
     <span class='ocr_line' id='line_1_108' title="bbox 2037 4531 3617 4604; baseline -0.006 -12"><span class='ocrx_word' id='word_1_780' title='bbox 2037 4552 2164 4592; x_wconf 90' lang='lat' dir='ltr'><strong>nem</strong></span> <span class='ocrx_word' id='word_1_781' title='bbox 2196 4538 2249 4589; x_wconf 88' lang='lat' dir='ltr'><strong>in</strong></span> <span class='ocrx_word' id='word_1_782' title='bbox 2277 4535 2496 4591; x_wconf 89' lang='lat' dir='ltr'><strong>deserto</strong></span> <span class='ocrx_word' id='word_1_783' title='bbox 2521 4536 2782 4604; x_wconf 89' lang='lat' dir='ltr'><strong>pavisset,</strong></span> <span class='ocrx_word' id='word_1_784' title='bbox 2819 4548 3168 4602; x_wconf 84' lang='lat' dir='ltr'><strong>nequaquam</strong></span> <span class='ocrx_word' id='word_1_785' title='bbox 3193 4533 3260 4586; x_wconf 86' lang='lat' dir='ltr'><strong>ad</strong></span> <span class='ocrx_word' id='word_1_786' title='bbox 3289 4531 3491 4585; x_wconf 88' lang='lat' dir='ltr'><strong>lectum</strong></span> <span class='ocrx_word' id='word_1_787' title='bbox 3520 4545 3617 4584; x_wconf 86' lang='lat' dir='ltr'><strong>eos</strong></span> 
     </span>
    </p>
   </div>
   <div class='ocr_carea' id='block_1_109' title="bbox 2039 4623 3618 4696">
    <p class='ocr_par' dir='ltr' id='par_1_109' title="bbox 2039 4623 3618 4696">
     <span class='ocr_line' id='line_1_109' title="bbox 2039 4623 3618 4696; baseline -0.005 -12"><span class='ocrx_word' id='word_1_788' title='bbox 2039 4630 2210 4696; x_wconf 89' lang='lat' dir='ltr'><strong>misit,</strong></span> <span class='ocrx_word' id='word_1_789' title='bbox 2243 4629 2337 4685; x_wconf 90' lang='lat' dir='ltr'><strong>sed</strong></span> <span class='ocrx_word' id='word_1_790' title='bbox 2371 4629 2438 4683; x_wconf 92' lang='lat' dir='ltr'><strong>ad</strong></span> <span class='ocrx_word' id='word_1_791' title='bbox 2471 4627 2714 4683; x_wconf 86' lang='lat' dir='ltr'><strong>divinam</strong></span> <span class='ocrx_word' id='word_1_792' title='bbox 2747 4626 3099 4682; x_wconf 86' lang='lat' dir='ltr'><strong>oraculorum</strong></span> <span class='ocrx_word' id='word_1_793' title='bbox 3126 4627 3379 4680; x_wconf 88' lang='lat' dir='ltr'><strong>acroasin</strong></span> <span class='ocrx_word' id='word_1_794' title='bbox 3412 4623 3490 4677; x_wconf 72' lang='grc' dir='ltr'><strong>’σε</strong></span> <span class='ocrx_word' id='word_1_795' title='bbox 3524 4637 3618 4676; x_wconf 86' lang='lat' dir='ltr'><strong>ne-</strong></span> 
     </span>
    </p>
   </div>
   <div class='ocr_carea' id='block_1_110' title="bbox 2038 4717 3655 4793">
    <p class='ocr_par' dir='ltr' id='par_1_110' title="bbox 2038 4717 3655 4793">
     <span class='ocr_line' id='line_1_110' title="bbox 2038 4717 3655 4793; baseline -0.006 -15"><span class='ocrx_word' id='word_1_796' title='bbox 2038 4739 2144 4793; x_wconf 90' lang='lat' dir='ltr'><strong>que</strong></span> <span class='ocrx_word' id='word_1_797' title='bbox 2169 4722 2390 4777; x_wconf 90' lang='lat' dir='ltr'><strong>illorum</strong></span> <span class='ocrx_word' id='word_1_798' title='bbox 2413 4727 2634 4776; x_wconf 88' lang='lat' dir='ltr'><strong>ventres</strong></span> <span class='ocrx_word' id='word_1_799' title='bbox 2663 4720 2788 4776; x_wconf 92' lang='lat' dir='ltr'><strong>cibo</strong></span> <span class='ocrx_word' id='word_1_800' title='bbox 2817 4719 3049 4788; x_wconf 88' lang='lat' dir='ltr'><strong>dirupit,</strong></span> <span class='ocrx_word' id='word_1_801' title='bbox 3099 4717 3194 4772; x_wconf 86' lang='lat' dir='ltr'><strong>sed</strong></span> <span class='ocrx_word' id='word_1_802' title='bbox 3230 4717 3471 4785; x_wconf 90' lang='lat' dir='ltr'><strong>ipsorum</strong></span> <span class='ocrx_word' id='word_1_803' title='bbox 3519 4729 3616 4770; x_wconf 79' lang='lat' dir='ltr'><strong>ex-</strong></span> <span class='ocrx_word' id='word_1_804' title='bbox 3651 4764 3655 4769; x_wconf 87' lang='lat'>.</span> 
     </span>
    </p>
   </div>
   <div class='ocr_carea' id='block_1_111' title="bbox 2037 4807 3617 4885">
    <p class='ocr_par' dir='ltr' id='par_1_111' title="bbox 2037 4807 3617 4885">
     <span class='ocr_line' id='line_1_111' title="bbox 2037 4807 3617 4885; baseline -0.004 -16"><span class='ocrx_word' id='word_1_805' title='bbox 2037 4816 2182 4885; x_wconf 89' lang='lat' dir='ltr'><strong>pleta</strong></span> <span class='ocrx_word' id='word_1_806' title='bbox 2217 4814 2541 4870; x_wconf 89' lang='lat' dir='ltr'><strong>necessitate</strong></span> <span class='ocrx_word' id='word_1_807' title='bbox 2576 4811 2641 4865; x_wconf 88' lang='lat' dir='ltr'><strong>ad</strong></span> <span class='ocrx_word' id='word_1_808' title='bbox 2679 4811 2983 4881; x_wconf 87' lang='lat' dir='ltr'><strong>spiritalem</strong></span> <span class='ocrx_word' id='word_1_809' title='bbox 3031 4824 3213 4864; x_wconf 87' lang='lat' dir='ltr'><strong>escam</strong></span> <span class='ocrx_word' id='word_1_810' title='bbox 3247 4807 3480 4862; x_wconf 88' lang='lat' dir='ltr'><strong>vocavit.</strong></span> <span class='ocrx_word' id='word_1_811' title='bbox 3525 4807 3617 4863; x_wconf 89' lang='lat' dir='ltr'><strong>Sic</strong></span> 
     </span>
    </p>
   </div>
   <div class='ocr_carea' id='block_1_112' title="bbox 2039 4899 3615 4976">
    <p class='ocr_par' dir='ltr' id='par_1_112' title="bbox 2039 4899 3615 4976">
     <span class='ocr_line' id='line_1_112' title="bbox 2039 4899 3615 4976; baseline -0.003 -16"><span class='ocrx_word' id='word_1_812' title='bbox 2039 4920 2264 4976; x_wconf 81' lang='lat' dir='ltr'><strong>agamus</strong></span> <span class='ocrx_word' id='word_1_813' title='bbox 2291 4914 2347 4960; x_wconf 89' lang='lat' dir='ltr'><strong>et</strong></span> <span class='ocrx_word' id='word_1_814' title='bbox 2392 4919 2514 4971; x_wconf 88' lang='lat' dir='ltr'><strong>nos,</strong></span> <span class='ocrx_word' id='word_1_815' title='bbox 2575 4914 2740 4973; x_wconf 87' lang='lat' dir='ltr'><strong>atque</strong></span> <span class='ocrx_word' id='word_1_816' title='bbox 2794 4913 3026 4959; x_wconf 87' lang='lat' dir='ltr'><strong>eatenus</strong></span> <span class='ocrx_word' id='word_1_817' title='bbox 3070 4909 3288 4956; x_wconf 85' lang='lat' dir='ltr'><strong>nosmet</strong></span> <span class='ocrx_word' id='word_1_818' title='bbox 3321 4899 3615 4955; x_wconf 88' lang='lat' dir='ltr'><strong>comedere</strong></span> 
     </span>
    </p>
   </div>
   <div class='ocr_carea' id='block_1_113' title="bbox 2039 4991 3616 5065">
    <p class='ocr_par' dir='ltr' id='par_1_113' title="bbox 2039 4991 3616 5065">
     <span class='ocr_line' id='line_1_113' title="bbox 2039 4991 3616 5065; baseline -0.004 -15"><span class='ocrx_word' id='word_1_819' title='bbox 2039 4997 2492 5063; x_wconf 79' lang='lat' dir='ltr'><strong>assuefaciamus,</strong></span> <span class='ocrx_word' id='word_1_820' title='bbox 2555 5007 2826 5065; x_wconf 89' lang='lat' dir='ltr'><strong>quatenus</strong></span> <span class='ocrx_word' id='word_1_821' title='bbox 2882 4997 3008 5048; x_wconf 75' lang='lat' dir='ltr'><strong>vita:</strong></span> <span class='ocrx_word' id='word_1_822' title='bbox 3067 4991 3449 5047; x_wconf 88' lang='lat' dir='ltr'><strong>tantummodo</strong></span> <span class='ocrx_word' id='word_1_823' title='bbox 3491 5007 3616 5044; x_wconf 71' lang='lat' dir='ltr'><strong>sus~</strong></span> 
     </span>
    </p>
   </div>
   <div class='ocr_carea' id='block_1_114' title="bbox 2040 5082 3616 5157">
    <p class='ocr_par' dir='ltr' id='par_1_114' title="bbox 2040 5082 3616 5157">
     <span class='ocr_line' id='line_1_114' title="bbox 2040 5082 3616 5157; baseline -0.003 -16"><span class='ocrx_word' id='word_1_824' title='bbox 2040 5087 2312 5141; x_wconf 64' lang='lat' dir='ltr'><strong>tentanda:</strong></span> <span class='ocrx_word' id='word_1_825' title='bbox 2341 5103 2482 5157; x_wconf 87' lang='lat' dir='ltr'><strong>opus</strong></span> <span class='ocrx_word' id='word_1_826' title='bbox 2505 5097 2610 5152; x_wconf 79' lang='lat' dir='ltr'><strong>est,</strong></span> <span class='ocrx_word' id='word_1_827' title='bbox 2639 5101 2748 5140; x_wconf 91' lang='lat' dir='ltr'><strong>non</strong></span> <span class='ocrx_word' id='word_1_828' title='bbox 2781 5083 3166 5153; x_wconf 86' lang='lat' dir='ltr'><strong>dirumpendis</strong></span> <span class='ocrx_word' id='word_1_829' title='bbox 3192 5082 3493 5137; x_wconf 87' lang='lat' dir='ltr'><strong>stomaehis</strong></span> <span class='ocrx_word' id='word_1_830' title='bbox 3518 5092 3616 5137; x_wconf 87' lang='lat' dir='ltr'><strong>aut</strong></span> 
     </span>
    </p>
   </div>
   <div class='ocr_carea' id='block_1_115' title="bbox 2038 5175 3610 5250">
    <p class='ocr_par' dir='ltr' id='par_1_115' title="bbox 2038 5175 3610 5250">
     <span class='ocr_line' id='line_1_115' title="bbox 2038 5175 3610 5250; baseline -0.001 -18"><span class='ocrx_word' id='word_1_831' title='bbox 2038 5181 2358 5250; x_wconf 78' lang='lat' dir='ltr'><strong>gravandis:</strong></span> <span class='ocrx_word' id='word_1_832' title='bbox 2402 5190 2566 5248; x_wconf 84' lang='lat' dir='ltr'><strong>atque</strong></span> <span class='ocrx_word' id='word_1_833' title='bbox 2591 5180 2813 5233; x_wconf 82' lang='lat' dir='ltr'><strong>omnino</strong></span> <span class='ocrx_word' id='word_1_834' title='bbox 2846 5195 2876 5234; x_wconf 71' lang='grc' dir='ltr'><strong>ει</strong></span> <span class='ocrx_word' id='word_1_835' title='bbox 2925 5193 3116 5235; x_wconf 87' lang='lat' dir='ltr'><strong>mensa</strong></span> <span class='ocrx_word' id='word_1_836' title='bbox 3147 5193 3255 5232; x_wconf 87' lang='lat' dir='ltr'><strong>non</strong></span> <span class='ocrx_word' id='word_1_837' title='bbox 3282 5175 3348 5232; x_wconf 87' lang='lat' dir='ltr'><strong>ad</strong></span> <span class='ocrx_word' id='word_1_838' title='bbox 3382 5177 3610 5241; x_wconf 84' lang='lat' dir='ltr'><strong>lectum,</strong></span> 
     </span>
    </p>
   </div>
   <div class='ocr_carea' id='block_1_116' title="bbox 2037 5269 2888 5339">
    <p class='ocr_par' dir='ltr' id='par_1_116' title="bbox 2037 5269 2888 5339">
     <span class='ocr_line' id='line_1_116' title="bbox 2037 5269 2888 5339; baseline -0.004 -13"><span class='ocrx_word' id='word_1_839' title='bbox 2037 5269 2132 5326; x_wconf 81' lang='lat' dir='ltr'><strong>sed</strong></span> <span class='ocrx_word' id='word_1_840' title='bbox 2168 5271 2232 5324; x_wconf 92' lang='lat' dir='ltr'><strong>ad</strong></span> <span class='ocrx_word' id='word_1_841' title='bbox 2293 5285 2484 5339; x_wconf 87' lang='lat' dir='ltr'><strong>preces</strong></span> <span class='ocrx_word' id='word_1_842' title='bbox 2525 5281 2888 5324; x_wconf 85' lang='lat' dir='ltr'><strong>transeamus.</strong></span> 
     </span>
    </p>
   </div>
   <div class='ocr_carea' id='block_1_117' title="bbox 2031 5670 3613 5751">
    <p class='ocr_par' dir='ltr' id='par_1_117' title="bbox 2031 5670 3613 5751">
     <span class='ocr_line' id='line_1_117' title="bbox 2031 5670 3613 5751; baseline 0.003 -30"><span class='ocrx_word' id='word_1_843' title='bbox 2031 5670 2168 5723; x_wconf 84' lang='lat' dir='ltr'><strong>viter</strong></span> <span class='ocrx_word' id='word_1_844' title='bbox 2225 5673 2276 5751; x_wconf 73' lang='lat' dir='ltr'><strong>in</strong></span> <span class='ocrx_word' id='word_1_845' title='bbox 2337 5675 2538 5743; x_wconf 86' lang='lat' dir='ltr'><strong>templo</strong></span> <span class='ocrx_word' id='word_1_846' title='bbox 2576 5674 2657 5728; x_wconf 85' lang='lat' dir='ltr'><strong>vel</strong></span> <span class='ocrx_word' id='word_1_847' title='bbox 2712 5674 2911 5729; x_wconf 75' lang='lat' dir='ltr'><strong>sacello</strong></span> <span class='ocrx_word' id='word_1_848' title='bbox 2965 5670 3365 5726; x_wconf 78' lang='lat' dir='ltr'><strong>Eucharistian:</strong></span> <span class='ocrx_word' id='word_1_849' title='bbox 3426 5670 3613 5724; x_wconf 81' lang='lat' dir='ltr'><strong>cuncti</strong></span> 
     </span>
    </p>
   </div>
   <div class='ocr_carea' id='block_1_118' title="bbox 2019 5755 2365 5796">
    <p class='ocr_par' dir='ltr' id='par_1_118' title="bbox 2019 5755 2365 5796">
     <span class='ocr_line' id='line_1_118' title="bbox 2019 5755 2365 5796; baseline 0 0"><span class='ocrx_word' id='word_1_850' title='bbox 2019 5755 2365 5796; x_wconf 73' lang='lat' dir='ltr'><strong>COllVClllalll.</strong></span> 
     </span>
    </p>
   </div>
   <div class='ocr_carea' id='block_1_119' title="bbox 3211 5835 3241 5854">
    <p class='ocr_par' dir='ltr' id='par_1_119' title="bbox 3211 5835 3241 5854">
     <span class='ocr_line' id='line_1_119' title="bbox 3211 5835 3241 5854; baseline 0 0"><span class='ocrx_word' id='word_1_851' title='bbox 3211 5835 3241 5854; x_wconf 67' lang='lat' dir='ltr'>ﬂ</span> 
     </span>
    </p>
   </div>
   <div class='ocr_carea' id='block_1_120' title="bbox 3207 5837 3278 5892">
    <p class='ocr_par' dir='ltr' id='par_1_120' title="bbox 3207 5837 3278 5892">
     <span class='ocr_line' id='line_1_120' title="bbox 3207 5837 3278 5892; baseline 0 0"><span class='ocrx_word' id='word_1_852' title='bbox 3207 5837 3278 5892; x_wconf 80' lang='lat'><strong>31</strong></span> 
     </span>
    </p>
   </div>
  </div>
