4050 6210
351 324 453 394 977

1720 336 1870 396 ETl-l
1885 336 2054 396 ICON
2108 335 2182 396 [Χ
2200 381 2212 396 .

3502 341 3610 404 978

346 437 602 499 οἰκέτας,
665 437 767 490 κᾶν
821 438 998 492 ὁτιοῦν
1050 440 1237 510 ἕτερον
1291 431 1548 497 ὠνεῖσθαι
1613 444 1818 516 μέλλῃ,
1869 446 1929 500 τὸ

2049 446 2330 516 ιυῑειίιιιτιιη
2417 447 2562 500 aliud
2633 463 2816 502 emere
2882 457 3175 518 oporteat,
3255 449 3610 503 deterrimum

347 529 686 597 φαυλότατον
736 530 987 600 λῆψεται,
1027 533 1116 587 δια
1170 535 1228 588 τὸ
1280 536 1485 605 κέρδος.
1521 539 1626 590 Καὶ
1675 539 1726 591 τί
1784 538 1926 608 λέγω

349 622 708 690 στρατηγίαν,
746 627 840 676 καὶ
871 625 1252 695 δημαγωγίαν,
1288 631 1381 683 καὶ
1429 631 1781 700 οίκονομίας;
1825 633 1928 686 κᾶν

345 715 453 783 γὰρ
508 715 764 784 βασιλεὺς
813 714 886 789 ᾖ,
929 721 1146 774 πάντων
1201 722 1349 775 ἐστὶν
1411 723 1776 796 ἀθλιώτερος,
1833 725 1928 778 καὶ

347 803 491 874 λύμη
522 807 621 874 τῆς
664 811 1015 881 οἰκουμένης,
1040 814 1135 866 καὶ
1186 817 1406 868 πάντων
1443 817 1810 886 πενέστερος·
1849 819 1926 880 ὡς

343 901 454 968 γὰρ
517 894 598 961 εἷς
650 902 760 954 τῶν
818 903 1030 957 πολλῶν
1064 907 1426 970 διακείσεται,
1461 909 1584 978 οὐχὶ
1613 909 1678 962 τὰ
1708 910 1929 964 πάντων

343 991 539 1046 ἑαυτοῦ
567 993 804 1063 νομίζων
829 993 991 1061 εῖναι,
1034 998 1152 1049 ἀλλ’
1191 1000 1384 1052 ἑαυτὸν
1409 1000 1506 1053 ἕνα
1539 1001 1650 1054 τῶν
1684 1002 1923 1065 πάντων,

346 1084 441 1135 καὶ
498 1085 569 1136 τὰ
631 1086 848 1140 πάντων
900 1089 1187 1154 ἁρπάζων,
1237 1091 1332 1144 καὶ
1390 1093 1608 1146 πάντων
1664 1093 1924 1146 ἐλάττονα

346 1175 493 1243 ἔχειν
559 1179 830 1246 νομίζων·
891 1183 956 1248 τῇ
1008 1183 1114 1251 γὰρ
1171 1183 1284 1234 τῶν
1344 1183 1560 1238 οὐδέπω
1615 1184 1930 1256 κτηθέντων

349 1269 617 1338 ἐπιθυμίᾳ
669 1272 736 1323 τὰ
801 1273 1043 1341 παρόντα
1105 1275 1342 1345 μετρῶν,
1381 1277 1530 1329 οὐδὲν
1574 1276 1748 1330 ταῦτα
1796 1277 1930 1346 πρὸς

349 1360 534 1412 ἐκεῖνα
575 1356 712 1414 εἶναι
741 1363 1035 1433 ἡγήσεται.
1071 1367 1160 1418 Δτὸ
1192 1368 1284 1419 καί
1328 1385 1411 1430 τις
1445 1370 1610 1437 φησὶν
1656 1367 1732 1432 ώς
1779 1369 1931 1422 οὐδὲν

348 1453 694 1523 ἀνομώτερον
722 1457 1076 1527 φυλαργύρου
1105 1475 1118 1489 ·
1152 1462 1178 1510 6
1203 1461 1310 1530 γὰρ
1341 1459 1583 1522 τοιοῦτος
1617 1461 1710 1514 καὶ
1739 1460 1932 1514 ἑαυτὸν

349 1543 681 1610 ἀποδίδοται,
717 1547 812 1600 καὶ
861 1549 1036 1611 κοινὸς
1081 1553 1439 1622 περιέρχεται
1469 1553 1570 1622 τῆς
1601 1554 1930 1623 οἰκουμένης

351 1635 566 1704 ἐχθρὸς,
637 1639 821 1705 ἀλγῶν
878 1641 960 1696 δτι
1021 1645 1094 1713 μὴ
1159 1647 1383 1715 χρυσίον
1431 1647 1585 1716 φέρει
1634 1647 1758 1700 ἀντὶ
1819 1645 1930 1699 τῶν

349 1727 640 1796 ἀσταχύων
689 1731 722 1799 η
774 1730 867 1800 γῆ,
897 1734 993 1786 καὶ
1023 1734 1143 1788 ἀντὶ
1175 1734 1284 1787 τῶν
1324 1737 1580 1804 ναμάτων
1613 1738 1667 1790 αί
1701 1735 1927 1807 κρῆναι,

351 1818 447 1893 καὶ
475 1819 592 1872 ἀντὶ
624 1820 732 1872 τῶν
759 1820 927 1876 λίθων
959 1825 1026 1878 τὰ
1058 1826 1158 1896 ὅρη
1188 1843 1201 1856 ·
1243 1827 1614 1897 δυσχεραίνων
1655 1829 1791 1897 πρὸς
1821 1829 1919 1899 τὴν

351 1907 664 1980 εὐετηρίαν,
695 1911 751 1964 ἐν
783 1915 897 1978 τοῖς
930 1917 1132 1979 κοινοῖς
1169 1917 1399 1984 ἀγαθοῖς
1450 1919 1886 1989 συνεσταλμένος
1911 1937 1926 1952 ·

353 2005 534 2056 πᾶσαν
576 2004 1057 2077 ἀποστρεφόμενος
1104 2011 1404 2081 πρόφασιν,
1459 2011 1583 2066 ὅθεν
1636 2013 1737 2066 οὐκ
1784 2013 1930 2066 ἔστιν

351 2095 620 2165 ἀργύριον
662 2095 850 2151 λαϐεῖν
879 2117 892 2130 ·
945 2102 1122 2155 πάντα
1179 2104 1492 2170 ὑπομένων,
1545 2105 1668 2158 ὅθεν
1702 2106 1796 2158 καὶ
1837 2105 1932 2160 δύο

356 2189 520 2256 μόνον
562 2190 815 2258 συλλέξαι
862 2193 1086 2257 ὀϐολοὺς
1118 2193 1196 2248 ένι
1221 2210 1235 2226 ·
1272 2195 1520 2259 ἅπαντας
1572 2197 1771 2266 μισῶν,
1806 2199 1934 2262 τοὺς

354 2283 611 2350 πένητας,
654 2284 781 2347 τοὺς
833 2285 1144 2352 πλουσίους,
1199 2287 1328 2348 τούς
1383 2289 1483 2357 μὲν
1529 2288 1788 2358 πένητας,
1830 2289 1933 2359 μή·

355 2387 488 2425 ποτε
520 2373 914 2442 προσελθόντες
959 2378 1224 2445 αἰτήσωσι
1253 2393 1266 2407 ·
1299 2379 1424 2442 τοὺς
1453 2379 1509 2432 δὲ
1544 2379 1932 2442 πλουτοῦντας,

356 2462 438 2516 ὃτι
473 2466 549 2534 μὴ
579 2465 648 2518 τὰ
678 2467 904 2519 ἐκείνων
941 2465 1054 2536 ἔχει
1082 2483 1096 2498 ·
1129 2468 1377 2532 ἅπαντας
1433 2471 1500 2522 τὰ
1528 2471 1692 2524 αὐτοῦ
1721 2471 1938 2539 νομίζει

357 2557 692 2628 κεκτῆσθαι·
724 2562 817 2611 καὶ
845 2559 918 2621 ώς
949 2559 1104 2629 παρὰ
1139 2561 1357 2614 πάντων
1384 2561 1738 2632 ἠδικημένος,
1761 2562 1935 2624 οὕτως

357 2653 495 2720 πρὸς
555 2652 764 2714 πάντας
820 2651 1207 2723 δυσχεραίνει·
1264 2655 1586 2726 πλησμονὴν
1643 2657 1743 2710 οὐκ
1803 2651 1933 2723 οἵδε,

358 2745 519 2816 κόρον
579 2746 679 2797 οὐκ
731 2744 1062 2800 ἐπίσταται·
1113 2749 1172 2800 έν
1227 2748 1404 2815 σκότῳ
1453 2748 1655 2817 διάγων
1702 2747 1782 2819 τῷ
1829 2749 1936 2804 τῶν

358 2836 657 2906 χρημάτων
682 2836 868 2907 ἔρωτι,
904 2839 1011 2891 τῶν
1039 2840 1522 2908 περισπουδάστων
1549 2841 1606 2892 τὸ
1637 2841 1835 2905 κάλλος
1861 2843 1936 2906 ώς

359 2927 536 2997 χρεὼν
583 2928 644 2981 οὐ
698 2929 997 2997 γινώσκει·
1039 2932 1288 3000 καθάπερ
1331 2932 1436 2984 οὐδ’
1484 2936 1512 2987 6
1561 2935 1618 2987 ὲν
1653 2935 1830 3006 σκότῳ
1863 2934 1940 3006 τῷ

359 3018 606 3088 αἰσθητῷ
634 3018 940 3090 καθήμενος
993 3020 1218 3075 δύναται
1254 3022 1474 3093 βλέπειν
1501 3024 1562 3077 τὸ
1592 3025 1787 3089 κάλλος
1830 3025 1941 3080 τῶν

360 3111 506 3182 αὐτῷ
565 3113 1002 3182 προσαγομένων
1085 3114 1253 3168 λίθων
1325 3115 1554 3184 τιμίων,
1622 3117 1655 3188 ἢ
1724 3118 2012 3194 χρυσῶνο

362 3202 594 3267 σκευῶν,
628 3205 661 3274 ἢ
696 3203 983 3273 ἁλουργῶν
1019 3207 1252 3276 ίματίων
1281 3222 1294 3236 ·
1333 3208 1525 3271 σκότος
1556 3209 1648 3262 καὶ⁸
1676 3210 1785 3279 γάρ
1818 3211 1938 3264 ἐστι

361 3297 554 3364 νοητὸν
607 3299 636 3350 6
683 3297 792 3350 τῶν
822 3301 1124 3370 χρημάτων
1184 3299 1348 3371 ἔρως,
1379 3301 1533 3354 οὐδὲν
1595 3303 1780 3371 ἀφιεὶς
1831 3302 1941 3355 τῶν

361 3388 531 3442 ὅντων
580 3389 872 3457 φαίνεσθαι
931 3391 1007 3454 ώς
1060 3392 1372 3456 έστιν,ἁλλ’
1409 3395 1656 3466 ἑτέρως·
1710 3398 1942 3467 ἐπείπερ

361 3481 600 3550 οὐδαμοῦ
630 3483 740 3536 τῶν
781 3486 1124 3554 πραγμάτων
1180 3491 1212 3556 ἡ
1265 3487 1425 3554 φύσις
1459 3489 1732 3558 φαίνεται,
1761 3491 1836 3553 ώς
1885 3492 1945 3544 ὲν

362 3576 560 3646 πενίᾳ·
599 3575 834 3646 οὐδαμοῦ
867 3576 1040 3641 οὕτως
1093 3579 1377 3648 ἐλέγχεται
1434 3579 1502 3634 τὰ
1533 3580 1802 3636 δοκοῦντα
1840 3582 1942 3652 μὲν

363 3661 526 3733 εἶναι,
563 3669 637 3738 μὴ
663 3670 790 3723 ὄντα
821 3669 902 3733 δὲ,
933 3670 1007 3732 ὡς
1041 3671 1100 3724 ὲν
1135 3672 1447 3745 φιλοσοφίᾳ.

435 3760 498 3814 ε’.
537 3763 645 3814 Καὶ
675 3761 750 3825 ώς
776 3766 834 3815 ὲν
882 3762 1080 3832 βραχεί
1103 3764 1295 3831 φάναι,
1330 3767 1358 3817 6
1389 3765 1728 3838 φιλάργυρος
1759 3768 1948 3821 τοσού-

364 3871 479 3916 τοις
530 3855 620 3906 καὶ
676 3854 1020 3923 τηλικούτοις
1083 3856 1426 3925 ἐνδεδεμένος
1477 3861 1690 3922 κακοῖς,
1729 3860 1949 3914 πάντων

367 3948 521 3999 ἐστὶν
556 3945 884 4016 ἀθλιώτερος
907 3964 918 3976 ·
953 3946 1142 4016 ῶσπερ
1171 3947 1262 4000 οὐν
1290 3950 1317 4001 6
1355 3948 1560 4004 τούτων
1589 3951 1948 4021 ἀπηλλαγμέ-

368 4056 458 4101 νος
495 4040 586 4090 καὶ
606 4041 914 4107 φιλοσοφῶν
943 4039 1312 4111 ζηὶωτότερος
1343 4041 1562 4095 πάντων
1588 4057 1601 4071 ·
1631 4045 1659 4096 6
1697 4043 1798 4113 μὲν
1843 4043 1949 4112 γὰρ

372 4131 650 4198 ἐνάρετος,
681 4129 782 4182 κᾶν
814 4131 1030 4200 οἰκέτης
1051 4128 1106 4204 ᾖ.
1137 4131 1238 4184 κᾶν
1268 4132 1560 4200 δεσπότης,
1585 4135 1803 4186 πάντων
1833 4134 1952 4188 ἐστὶ

375 4220 826 4292 μακαριώτερος·
857 4221 1032 4285 οὐδεὶς
1080 4225 1188 4292 γὰρ
1236 4223 1403 4277 αὐτὸν
1462 4225 1675 4294 ποιήσει
1739 4205 1996 4295 κακῶς,ξ

374 4312 478 4365 κᾶν
529 4313 580 4366 οί
635 4314 700 4367 ὲκ
754 4313 853 4384 τῆς
913 4315 1241 4386 οἰκουμένης
1303 4316 1632 4370 συνέλθωσιν
1683 4317 1949 4386 ἅπαντες,

373 4407 520 4461 ὅπλα
558 4408 654 4459 καὶ
713 4408 1050 4478 στρατόπεδα
1109 4410 1384 4473 κινοῦντες
1439 4413 1534 4463 καὶ
1585 4411 1952 4481 πολεμοῦντες

2033 539 2291 610 quodque
2337 540 2474 595 lucri
2528 557 2692 596 causa
2749 543 2936 611 eliget.
3003 542 3144 608 Quid
3205 543 3329 597 dico
3383 543 3614 597 militare

2031 642 2126 684 aut
2185 631 2348 686 civile
2398 642 2494 686 aut
2544 633 3076 688 administratorium
3163 636 3394 688 munus!
3480 635 3613 689 Nam

2031 720 2283 790 quamvis
2308 736 2403 775 rex
2441 721 2536 780 sit.
2566 721 2812 774 omnium
2846 721 3258 776 infelicissimus
3291 732 3396 780 est.
3425 724 3613 776 mundi

2032 810 2249 876 sordes,
2311 823 2366 866 et
2436 814 2685 868 omnium
2718 815 3138 883 pauperrimus.
3172 813 3418 882 Namque
3447 831 3614 868 unum

2033 915 2090 954 se
2132 899 2199 954 de
2228 901 2416 956 multis
2451 903 2640 957 credet
2675 919 2688 956 :
2726 918 2910 972 neque
2949 903 3194 957 omnium
3241 919 3300 958 se
3334 903 3617 958 dominum

2031 992 2344 1059 :estimabit,
2410 995 2507 1049 sed
2547 1011 2604 1050 se
2661 1012 2832 1050 unum
2867 995 2935 1051 de
2966 996 3215 1050 omnium
3243 1011 3477 1051 numero
3517 1014 3530 1050 :
3563 1005 3617 1051 et

2033 1099 2149 1139 rem
2211 1087 2456 1140 omnium
2503 1087 2576 1140 ad
2633 1102 2690 1141 se
2736 1089 2940 1154 trahet,
3005 1089 3251 1143 omnium
3295 1104 3354 1142 se
3389 1088 3620 1143 minime

2035 1175 2241 1232 habere
2301 1188 2523 1248 putans.
2577 1182 2825 1252 Namque
2866 1198 2934 1238 ex
2978 1183 3198 1239 illorum
3229 1197 3350 1252 qua!
3380 1182 3485 1238 sibi
3519 1182 3619 1236 ad-

2035 1273 2144 1326 huc
2176 1271 2386 1327 desunt
2409 1273 2748 1342 cupiditate,
2785 1289 2881 1329 sua
2936 1276 3158 1346 propria
3190 1275 3444 1341 metiens,
3481 1276 3618 1330 nihil

2034 1363 2150 1418 hazc
2184 1378 2294 1432 pra.-
2321 1363 2430 1418 illis
2456 1380 2579 1420 esse
2597 1365 2887 1436 iudicabit.
2913 1368 3095 1434 Quare
3122 1377 3178 1422 et
3211 1369 3435 1438 quidam
3460 1367 3619 1434 dixit,

2035 1455 2171 1510 nihil
2227 1471 2394 1509 avaro
2427 1472 2550 1512 esse
2577 1458 2825 1528 iniquius
2859 1477 2872 1514 :
2911 1475 3037 1515 nam
3097 1461 3260 1515 homo
3301 1460 3618 1530 huiusmodi

2034 1561 2092 1602 se
2153 1548 2329 1616 ipsum
2376 1564 2598 1618 quoque
2662 1550 2851 1616 tradit,
2925 1561 2982 1607 et
3033 1553 3351 1607 communis
3409 1551 3620 1606 incedit

2036 1639 2226 1692 tntmdi
2257 1639 2453 1704 hostis,
2486 1639 2683 1694 dolens
2713 1626 2862 1710 quod
2923 1656 3249 1711 aurumpro
3279 1641 3448 1708 spicis
3477 1651 3620 1694 terra

2034 1745 2144 1783 non
2184 1729 2348 1791 ferat,
2380 1740 2435 1786 et
2464 1747 2564 1801 pro
2599 1731 2829 1791 ﬂuentis
2866 1732 3071 1797 fontes,
3121 1744 3176 1788 et
3204 1747 3305 1802 pro
3344 1733 3622 1801 lapidibus

2032 1834 2285 1878 montes:
2324 1824 2567 1878 irascens
2594 1825 2723 1878 anui
2762 1824 3026 1889 ubertati,
3054 1834 3112 1880 et
3143 1825 3196 1878 in
3232 1823 3624 1879 communibus

2032 1914 2197 1969 bonis
2232 1917 2580 1986 angustiatus
2603 1934 2618 1981 ;
2645 1917 2949 1986 quamlibet
2980 1917 3324 1972 occasionem
3357 1931 3625 1986 reSpuens

2037 2004 2182 2058 unde
2213 2020 2320 2059 non
2355 2006 2430 2059 sit
2459 2016 2751 2076 argentum
2819 2023 3057 2078 capere;
3085 2007 3271 2062 omnia
3315 2007 3622 2077 perferens,

2038 2096 2183 2150 unde
2236 2096 2320 2150 vel
2385 2096 2524 2151 duos
2577 2107 2788 2152 tantum
2838 2098 3035 2154 obolos
3080 2099 3380 2154 corradere
3415 2099 3620 2165 liceat;

2037 2201 2230 2242 omnes
2260 2187 2389 2244 odio
2417 2188 2630 2244 habens
2661 2205 2935 2259 pauperes
2974 2205 3038 2245 ac
3067 2189 3300 2246 divites:
3330 2205 3624 2261 pauperes.

2043 2293 2114 2330 ne
2161 2277 2302 2332 forte
2363 2279 2696 2335 accedentes
2752 2289 2975 2350 petant;
3034 2281 3265 2346 divites,
3317 2281 3446 2351 quia
3508 2297 3624 2335 rem

2039 2369 2262 2424 illorum
2324 2386 2434 2425 non
2485 2371 2655 2427 habet
2715 2391 2726 2426 :
2787 2388 2984 2428 omnes
3011 2389 3109 2428 sua
3144 2374 3324 2443 ipsius
3347 2374 3630 2442 possidere

2037 2463 2357 2528 existimat;
2382 2472 2436 2519 et
2465 2467 2625 2534 quasi
2648 2465 2718 2519 ab
2775 2467 3033 2521 erunibus
3061 2467 3372 2531 fraudatus,
3412 2468 3488 2521 ita
3514 2485 3632 2520 om-

2040 2556 2205 2609 nibus
2226 2565 2310 2610 est
2345 2557 2521 2611 iratus
2551 2574 2564 2611 :
2600 2559 2967 2627 repletionem
3033 2575 3140 2615 non
3198 2561 3372 2624 novit,
3402 2561 3627 2614 satieta-

2041 2657 2151 2698 tem
2193 2645 2394 2700 nescit.
2439 2647 2496 2699 ln
2533 2647 2777 2701 tenebris
2829 2663 3056 2704 versans
3085 2649 3156 2703 ob
3186 2649 3434 2716 pecunia:
3474 2664 3629 2703 amo-

2042 2753 2182 2803 rem,
2243 2753 2428 2792 rerum
2489 2739 2964 2796 aestimabiliorum
3024 2742 3502 2810 pulchritudinem
3571 2751 3632 2796 ut

2043 2846 2143 2902 par
2191 2838 2274 2885 est
2334 2845 2442 2885 non
2493 2833 2743 2901 agnoscit
2788 2873 2801 2896 ,
2838 2834 3298 2902 quemadmodum
3355 2849 3456 2887 nec
3518 2835 3629 2897 illc,

2044 2923 2136 2994 qui
2191 2925 2248 2978 in
2303 2921 2550 2978 tenebris
2577 2925 2932 2980 sensibilibus
2971 2927 3149 2990 sedet,
3175 2942 3406 2982 eernere
3451 2935 3636 2996 potest

2044 3015 2514 3086 pulchritudinem
2549 3017 2858 3072 oblaturum
2887 3018 2938 3073 ei
2975 3019 3216 3088 lapidum
3235 3021 3630 3088 pretiosorum,

2046 3118 2137 3162 aut
2170 3123 2464 3162 aureorum
2503 3124 2782 3171 "IISOI‘UHI.
2811 3120 2907 3165 aut
2936 3112 3172 3165 vestium
3199 3125 3630 3180 purpurearum.

2049 3200 2424 3256 Tenebrarum
2483 3217 2676 3273 reapse
2722 3203 3181 3257 intellectualium
3226 3208 3400 3257 instar
3428 3211 3507 3256 est
3531 3217 3634 3272 pe-

2049 3293 2224 3348 cuniw
2261 3309 2435 3356 amor,
2467 3275 2580 3346 rem
2605 3294 2814 3346 nullam
2866 3295 3085 3362 patiens
3115 3294 3292 3348 videri
3331 3294 3407 3348 uti
3441 3310 3632 3349 revera

2049 3395 2152 3448 est,
2183 3385 2280 3440 sed
2315 3385 2513 3439 aliter:
2551 3385 3000 3456 quandoquidem
3047 3402 3315 3456 nusquam
3341 3388 3415 3441 ita
3446 3403 3631 3442 rerum

2053 3487 2248 3532 natura
2305 3486 2559 3547 apparet,
2619 3489 2678 3532 ut
2720 3479 2774 3533 in
2834 3488 3166 3550 paupertate
3207 3496 3525 3550 :nusquam
3555 3481 3637 3535 sic

2052 3581 2432 3642 coarguuntur
2466 3588 2589 3642 quae
2613 3573 2874 3629 videntur
2899 3588 3044 3639 esse,
3107 3589 3232 3628 cum
3274 3589 3383 3629 non
3413 3575 3541 3639 sint,
3575 3584 3637 3628 ut

2053 3663 2109 3718 in
2147 3663 2517 3733 philosOphia.

2127 3756 2180 3809 5.
2236 3757 2415 3826 Atque
2472 3766 2532 3811 ut
2580 3757 2909 3826 compendio
2975 3757 3245 3823 dicamus,
3301 3773 3502 3812 avarus
3557 3767 3638 3813 tot

2058 3848 2338 3917 tantisque
2382 3849 2718 3903 constrictus
2768 3850 2948 3914 malis,
2983 3851 3230 3904 omnium
3255 3859 3342 3906 est
3373 3850 3638 3905 infelicis-

2057 3939 2231 3994 simus
2290 3957 2303 3991 :
2361 3939 2506 3994 sicut
2561 3941 2805 3994 vicissim
2865 3945 2959 4010 qui
3018 3941 3280 3996 hiscaret
3303 3953 3360 3996 et
3393 3943 3639 4009 philoso-

2059 4031 2280 4101 phatur,
2320 4047 2430 4100 prae
2459 4031 2720 4086 omnibus
2758 4033 3126 4088 zemulandus.
3187 4034 3404 4087 Etenim
3433 4035 3637 4088 virtute

2059 4123 2321 4194 praeditus
2348 4123 2451 4185 vir,
2476 4123 2591 4178 sive
2618 4123 2858 4178 famulus
2911 4125 2982 4179 sit
3015 4128 3129 4180 sive
3161 4127 3350 4192 herus,
3387 4128 3636 4182 omnium

2060 4224 2144 4272 est
2202 4215 2556 4271 beatissimus
2612 4234 2625 4270 :
2682 4231 2846 4271 nemo
2889 4218 3095 4288 quippe
3163 4218 3213 4273 ei
3268 4220 3408 4274 male
3452 4218 3639 4286 faciet,

2062 4308 2272 4364 etiamsi
2314 4324 2376 4363 ex
2405 4309 2536 4364 orbe
2573 4311 2830 4364 universo
2873 4326 3065 4365 omnes
3097 4313 3451 4378 conveniant,
3487 4328 3643 4368 arma

2063 4399 2453 4468 exercitusque
2520 4409 2826 4465 moventes,
2883 4399 3046 4469 eique
3078 4400 3285 4454 bellum
3319 4399 3639 4454 inferentes.

376 4498 527 4569 αὐτῷ
553 4514 569 4532 ·
602 4500 630 4553 6
659 4499 713 4553 δὲ
743 4499 1019 4571 μοχθηρὸς
1067 4501 1163 4552 καὶ
1212 4501 1416 4569 φαῦλος
1444 4504 1538 4554 καὶ
1568 4503 1810 4568 τοιοῦτος
1846 4497 1944 4556 οἷοι

2065 4493 2128 4545 At
2184 4507 2387 4561 pravus
2444 4500 2501 4546 et
2548 4507 2809 4560 nequam,
2871 4503 2927 4547 et
2981 4493 3197 4562 qualem
3224 4491 3644 4560 descripsimus,

374 4591 776 4661 διεγράψαμεν,
809 4593 914 4646 κᾶν
941 4593 1199 4662 βασιλεὺς
1226 4589 1284 4666 ᾖ,
1308 4595 1411 4648 κᾶν
1439 4597 1610 4665 μυρία
1648 4599 1958 4667 περίκειται

353 4686 707 4756 διαδήματα,
765 4685 868 4741 κᾶν
919 4688 1178 4756 στρατ.ὰν
1237 4689 1337 4759 ἔχῃ
1405 4689 1805 4759 πολυάριυμον,
1862 4692 1959 4744 καὶ

376 4779 530 4846 παρὰ
569 4777 662 4830 τοῦ
712 4779 969 4848 τυχόντος
1026 4778 1091 4831 τὰ
1134 4780 1336 4848 ἔσχατα
1397 4780 1666 4836 πείσεται.
1712 4780 1956 4852 Οὕτωςή

377 4869 546 4922 κακία
581 4868 838 4931 ἀσθενέςι
872 4867 1043 4931 οὕτως
1083 4869 1300 4938 ἰσχυρὸν
1332 4871 1362 4938 ἡ
1393 4871 1562 4940 ἀρετή
1597 4870 1609 4924 l
1666 4873 1729 4924 Τί
1779 4873 1960 4924 τοίνυν

376 4957 684 5030 ἐπιθυμῶν,
711 4957 988 5028 ἄνθρωπε,
1011 4960 1334 5028 χρημάτων,
1361 4957 1581 5020 πενθεῖς
1611 4957 1686 5020 ὡς
1715 4961 1772 5009 ἐν
1804 4958 1962 5030 πενίᾳ

376 5049 488 5117 ῶν;
522 5051 577 5106 τί
632 5051 870 5122 θρηνεῖς,
901 5051 1093 5122 ἑορτὴν
1145 5050 1340 5119 ἄγων;
1389 5053 1486 5105 καὶ⁵
1552 5051 1658 5121 γὰρ
1705 5050 1906 5121 ἑορτῶν
1936 5053 1964 5104 6

378 5145 576 5214 καιρός
603 5158 617 5173 ·
652 5143 707 5197 τί
731 5141 967 5208 κλαίεις,
1001 5141 1232 5194 πλούτου
1285 5141 1464 5212 ἑρῶν;
1500 5143 1594 5196 καὶ
1647 5144 1756 5214 γὰρ
1787 5145 1962 5214 ποινή-

379 5252 538 5304 γυρις
601 5237 634 5307 ἡ
692 5236 928 5305 πτωχία,
998 5236 1064 5287 ἂν
1119 5238 1430 5305 σωφρονῇς.
1482 5235 1571 5301 Τί,
1625 5230 1670 5289 ὧ
1726 5237 1962 5300 παιδίον,

380 5327 588 5400 ὀδύρῃ;
642 5325 853 5379 παιδίον
894 5326 1001 5397 γὰρ
1047 5327 1127 5378 δεῖ
1176 5326 1266 5378 τὸν
1319 5324 1564 5379 τοιοῦτον
1595 5326 1805 5382 καλεῖν.
1851 5327 1966 5379 Οὐκ

383 5421 527 5490 ἔχεις
599 5425 902 5491 χρήματα,
946 5421 1115 5488 πένης
1167 5419 1280 5484 ῶν;
1342 5419 1585 5489 μεγάλου
1638 5419 1686 5474 εί
1741 5421 1964 5490 φορτίου

383 5511 811 5582 ἀπηλλαγμένος
835 5527 849 5542 ·
887 5512 1088 5581 μᾶλλον
1119 5513 1175 5566 δὲ
1209 5513 1526 5583 θαυμαστὸς
1574 5509 1626 5566 εἴ
1657 5515 1756 5566 καὶ
1790 5515 1966 5584 μακά.

386 5623 529 5678 ριος,
583 5608 682 5678 τῆς
741 5609 1060 5678 φρονήσεως
1119 5609 1214 5660 καὶ
1268 5607 1567 5677 καρτερίας
1626 5607 1720 5661 καὶ
1785 5608 1966 5676 πάσης

385 5697 709 5763 φιλοσοφίας
753 5697 1078 5751 διδάσκαλον
1131 5698 1293 5768 ἔχων,
1331 5697 1476 5768 φημὶ
1514 5699 1572 5750 δὲ
1601 5697 1700 5768 τὴν
1747 5699 1963 5760 πενίαν,

386 5782 542 5860 ﬁxit
592 5791 619 5842 6
663 5791 914 5861 Λάζαρος
976 5790 1152 5856 συζῶν
1203 5791 1665 5862 ἑστερανοῦτο·ἢ
1721 5790 1814 5843 καὶ
1875 5790 1966 5843 τὸν

2063 4584 2316 4652 quamvis
2375 4600 2467 4636 rex
2528 4585 2602 4637 sit
2642 4593 2700 4638 et
2761 4583 3040 4638 sexcentis
3092 4593 3326 4638 ornatus
3388 4583 3645 4647 coronis,

2065 4675 2321 4744 quamvis
2361 4688 2726 4726 numerosum
2751 4673 3054 4726 exercitum
3092 4673 3310 4734 habeat,
3341 4686 3371 4725 a
3397 4671 3648 4740 quolibet

2066 4766 2297 4822 summis
2333 4766 2489 4818 malis
2521 4765 2661 4818 allici
2708 4764 2930 4833 poterit.
2977 4761 3128 4821 Adeo
3153 4763 3394 4831 nequitia
3428 4763 3645 4816 infirma

2065 4861 2180 4914 est!
2236 4858 2373 4912 adeo
2429 4857 2604 4911 valida
2638 4856 2846 4911 virtus!
2887 4857 2998 4909 Cur
3031 4871 3184 4925 ergo.
3213 4871 3245 4908 o
3273 4839 3438 4909 homo
3477 4870 3647 4924 pecu-

2067 4953 2172 5006 nia:
2207 4933 2427 5021 cupide,
2455 4951 2607 5018 luges
2639 4959 2896 5018 tanquam
2921 4950 2977 5004 in
3000 4949 3282 5018 egestate?
3313 4964 3412 5010 cur
3441 4953 3648 5003 lamen-

2069 5044 2202 5099 taris
2230 5044 2286 5098 in
2323 5043 2669 5098 solemnitate
2691 5043 2712 5094 ?
2733 5042 2866 5096 Nam
2899 5042 3264 5096 soleutnitatis
3292 5041 3398 5096 hoc
3430 5050 3648 5112 tempus

2067 5147 2172 5192 est.
2230 5137 2343 5192 Cur
2389 5136 2507 5201 fles,
2559 5135 2876 5190 divitiarum
2912 5136 3164 5188 amator?
3195 5136 3372 5190 instar
3421 5135 3517 5188 tibi
3554 5151 3646 5190 so-

2069 5231 2372 5288 lemuitatis
2432 5242 2727 5301 paupertas
2784 5229 2912 5294 erit,
2965 5231 3010 5284 si
3064 5247 3195 5284 sana
3240 5241 3422 5286 mente
3450 5231 3646 5286 fueris.

2070 5326 2201 5390 Cur,
2248 5341 2408 5395 puer,
2467 5325 2681 5396 eiulas?
2734 5323 2870 5378 Nam
2907 5339 3141 5394 puerum
3176 5325 3456 5395 appellare
3487 5314 3652 5394 opori

2073 5427 2150 5474 tet
2210 5418 2491 5473 hominem
2549 5417 2882 5487 huiusmodi.
2932 5418 3050 5473 Non
3115 5418 3287 5472 habes
3335 5417 3648 5487 pecuniam,

2071 5513 2198 5582 quia
2251 5526 2460 5582 pauper
2504 5510 2594 5564 es?
2647 5526 2842 5577 magno
2909 5512 3154 5580 pondere
3215 5527 3275 5565 es
3331 5511 3647 5564 liberatus:

2074 5606 2186 5660 imo
2236 5606 2406 5659 etiam
2459 5603 2817 5658 admirandus
2875 5619 2938 5660 cs
2978 5621 3042 5659 ae
3071 5605 3290 5665 beatus,
3318 5601 3446 5671 quia
3467 5599 3650 5652 (uultis

2075 5697 2434 5767 philosophia:
2488 5697 2800 5767 magistram
2867 5696 3038 5751 habes
3084 5694 3422 5765 pauperiem,
3456 5692 3508 5744 in
3539 5707 3646 5760 qua

2076 5791 2242 5844 vitam
2296 5789 2500 5859 degens
2557 5788 2794 5844 Lazarus
2848 5787 3240 5844 coronabatur,
3297 5785 3420 5840 llaec
3470 5783 3645 5839 Jaeob
