4050 6210
455 341 564 406 979
1579 348 1990 411 THEODURI
2028 354 2038 410 1

2148 346 2374 411 LtTEN
2388 345 2584 410 IOT.E
3597 343 3709 405 9‘30

454 460 585 518 fecit
615 461 905 525 illustrem,
941 478 1082 533 pane
1138 470 1345 517 tantum
1375 464 1538 532 potiri
1568 464 1909 535 cupientem.
1943 464 2025 520 Ob

2139 467 2337 520 Ίακωϐ
2397 465 2564 531 ἔδειξε
2627 463 2916 535 λαμπρὸν,
2976 460 3140 534 ἄρτου
3204 463 3367 531 μόνου
3425 462 3711 532 ἐπιτυχεῖν

455 554 600 609 hanc
627 552 927 624 .losephum
957 569 1178 623 quoque
1238 553 1581 608 admiramur
1602 597 1617 620 ,
1644 557 1736 624 qui
1765 555 1817 610 in
1845 564 2029 610 extre-

2138 557 2499 626 ὲπιουμοῦντα
2526 573 2540 588 ο
2577 555 2645 610 δι’
2673 554 2741 626 ἢν
2772 559 2868 608 καὶ
2910 554 3001 608 τὸν
3027 552 3228 624 Ἰωσὴφ
3267 553 3626 623 θαυμάζομεν
3654 558 3712 610 ὲν

456 661 600 700 mam
632 647 856 703 devenit
881 647 1220 716 pauperiem,
1252 661 1430 716 neque
1463 649 1517 700 in
1546 649 1869 702 servitutem
1909 657 2029 702 tan-

2138 649 2335 721 ἐσχάτῃ
2373 648 2664 719 γενόμενον
2724 646 2888 717 πενία
2917 685 2931 709 ,
2986 647 3081 699 καὶ
3130 645 3254 715 οὐχὶ
3310 645 3497 699 δοῦλον
3549 647 3717 714 μόνον

456 737 744 791 tummodo
795 738 888 793 sed
935 746 993 792 et
1039 738 1093 792 in
1150 752 1431 794 carcerem
1496 758 1510 793 :
1567 754 1749 810 neque
1774 739 1922 795 hunc
1954 740 2029 795 ita

2138 741 2457 811 γενόμενον,
2505 740 2643 793 ἀλλὰ
2718 739 2816 792 καὶ
2874 737 3204 807 δεσμώτην·
3254 738 3316 790 οὐ
3374 738 3484 806 γὰρ
3536 736 3715 799 οὕτως

456 828 745 885 laudamus
802 843 926 883 cum
963 828 1303 884 frumentum
1358 830 1659 896 distribuit,
1697 845 1859 901 quam
1900 846 2027 886 eum

2138 828 2462 901 ἐπαινοῦμεν
2494 831 2656 885 αὐτὸν
2691 832 2778 883 ὅτε
2804 830 2895 882 τὸν
2929 832 3077 883 σῖτον
3103 829 3392 898 διένειμεν,
3425 828 3501 893 ὡς
3533 830 3627 882 ὅτε
3654 830 3719 881 τὸ

455 934 733 975 carcerem
764 919 1033 975 incoluit:
1067 936 1245 991 neque
1273 931 1382 977 tam
1417 922 1471 977 in
1507 923 1836 986 diademate,
1865 939 2032 994 quam

2138 920 2508 994 δεσμωτήριον
2542 919 2712 991 ᾠκειο
2747 919 2870 973 οὐδὲ
2895 921 2984 972 ὅτε
3013 919 3071 972 τὸ
3101 919 3343 988 διάδημα
3367 921 3710 988 περίεκειτο.

457 1013 510 1064 tn
535 1012 810 1068 vinculis:
843 1028 1025 1082 neque
1059 1022 1168 1068 tam
1193 1015 1414 1083 quando
1468 1015 1521 1070 in
1555 1017 1755 1070 throno
1779 1016 2028 1084 sedebat,

454 1104 620 1167 quam
644 1114 769 1154 cum
806 1100 1036 1155 insidias
1062 1117 1258 1170 passus
1282 1098 1708 1159 divendebatur.

524 1191 577 1244 ϐ.
610 1191 680 1246 At
732 1191 885 1247 enim
938 1194 1007 1249 ab
1065 1195 1249 1264 aliquo
1309 1198 1673 1267 contemptim
1726 1214 2032 1268 percussus

455 1279 628 1344 fuisti,
666 1291 924 1353 tanquam
981 1298 1231 1354 pauper;
1293 1285 1489 1342 fortior
1541 1287 1667 1342 hinc
1715 1286 1892 1344 factus
1947 1304 2028 1344 es.

458 1370 563 1425 Sed
593 1385 774 1442 neque
802 1373 1004 1429 nobilis
1033 1388 1096 1429 es
1128 1389 1307 1444 neque
1338 1376 1586 1447 dynasta,
1623 1377 1753 1447 quia
1800 1376 2032 1433 inhono-

456 1472 608 1519 ratns
648 1474 710 1520 ut
736 1480 925 1536 egens.
958 1465 1125 1538 Atqui
1159 1469 1239 1524 sic
1273 1469 1407 1522 mihi
1454 1468 1599 1530 aliud
1637 1484 1824 1524 narras
1863 1471 2032 1525 liber-
2084 1476 2096 1485 '

455 1556 584 1611 tatis
611 1572 801 1627 genus.
821 1558 964 1614 Audi
988 1569 1045 1615 et
1074 1560 1328 1643 ethnicos
1347 1560 1414 1615 dc
1438 1560 1525 1616 his
1558 1561 2030 1631 philoSOphaittcs,

461 1646 822 1719 dicentesque
879 1649 1012 1704 nihil
1075 1660 1239 1720 grave
1296 1651 1531 1721 perpeti,
1564 1651 1659 1722 qui
1717 1653 1791 1706 ita
1849 1651 2033 1706 animo

454 1741 636 1795 allecti
697 1749 845 1797 sunt.
907 1741 978 1797 At
1005 1742 1233 1797 domum
1274 1744 1617 1812 splendidam
1651 1751 1709 1798 et
1739 1744 2029 1814 insignem,

2131 1013 2208 1074 ὡς
2244 1013 2331 1066 ὅτε
2385 1012 2483 1082 τὴν
2515 1012 2741 1066 ἅλυσινο
2790 1011 2901 1064 οὐδ’
2944 1008 3035 1064 ὅτε
3083 1012 3176 1063 ἐπὶ
3230 1011 3325 1064 τοῦ
3355 1011 3550 1081 θρόνου
3583 1013 3725 1063 ὲκα-δ

2134 1100 2344 1168 escam.
2371 1103 2445 1165 ὡς
2475 1103 2564 1156 ὅτε
2595 1099 2992 1155 ἐπεϐουλεύετο
3023 1104 3118 1156 καὶ
3147 1102 3434 1156 ἐπωλεῖτο.

2205 1193 2283 1258 ς’.
2327 1193 2466 1247 Ἀλλ’
2503 1191 2812 1263 ὲτυπτήθης
2841 1194 2991 1260 παρά
3025 1210 3169 1257 τινος
3191 1193 3266 1256 ὡς
3298 1192 3514 1261 πτωχὸς
3542 1207 3723 1244 κατ-ιε

2132 1284 2426 1357 φρονηθείς
2461 1302 2476 1349 ;
2514 1283 2611 1337 καὶ
2644 1284 2695 1337 τί
2727 1283 2890 1338 τοῦτο
2921 1302 2938 1351 ;
2994 1282 3473 1355 καρτερικὼτερος
3525 1281 3724 1334 ὲντεῦα

2133 1378 2224 1432 θεν
2256 1378 2465 1447 ὲγένου.
2500 1378 2643 1432 Ἀλλ’
2672 1378 2730 1430 οὖ
2754 1378 3023 1449 κέκτησαι
3071 1378 3233 1443 δόξαν
3256 1376 3349 1430 καὶ
3369 1375 3725 1439 δυναστείαν,

2131 1470 2321 1542 ἄτιμος
2352 1471 2427 1525 ὢν
2464 1470 2538 1533 ὡς
2570 1472 2761 1538 πένης.
2795 1470 2966 1523 Πάλιν
3003 1470 3171 1539 ἄλλης
3204 1468 3523 1541 ἐλευθερίας
3576 1464 3720 1530 εἶδός

2136 1580 2226 1634 μοι
2263 1562 2465 1632 λέγεις.
2500 1563 2765 1617 ’Δκουσον
2789 1561 3012 1616 καὶτῶν
3038 1562 3143 1628 ἔξω
3164 1561 3336 1616 ταῦτα
3367 1561 3724 1629 φιλοσοφούν-

2132 1673 2239 1708 των
2266 1657 2360 1709 καὶ
2380 1654 2653 1723 λεγόντων
2681 1652 2849 1725 μηδεν
2870 1653 3200 1707 πεπονθέναι
3222 1653 3396 1707 δεινὸν
3425 1653 3552 1715 τοὺς
3574 1652 3727 1707 οὕτω

2133 1746 2488 1818 φρονοῦντας.
2545 1744 2687 1798 Ἀλλ’
2737 1745 2916 1799 οἰκίαν
2969 1745 3069 1798 οὐκ
3116 1744 3261 1816 ἔχεις
3307 1744 3571 1813 λαμπρὰν
3624 1743 3723 1797 καὶ

453 1841 512 1884 et
544 1832 713 1898 septis
742 1833 1048 1902 praeditam,
1087 1850 1197 1889 non
1233 1807 1426 1899 habes,
1458 1836 1586 1905 quia
1621 1836 1818 1906 opibus
1847 1807 2026 1900 cares,

2138 1807 2410 1909 περιφανῆ
2451 1837 2544 1890 καὶ
2575 1836 2900 1906 περιϐόλους
2932 1836 3054 1907 ἔχου
3068 1807 3190 1900 σαν,
3224 1836 3319 1889 ἅτε
3353 1807 3722 1904 στερούμενος

457 1924 691 1996 ideoque
750 1928 849 1982 has
877 1937 1124 1999 exoptas.
1175 1930 1255 1985 En
1296 1945 1426 1985 vero
1459 1933 1714 1987 universa
1768 1940 1913 1985 terra
1976 1931 2033 1985 in

2138 1918 2456 2001 χρημάτων,
2500 1930 2595 1983 καὶ
2624 1928 2711 1982 διὰ
2751 1928 2910 1983 τοῦτο
2940 1928 3149 1983 τούτων
3184 1928 3374 2001 opem.
3421 1929 3563 1982 Ἀλλ’
3611 1929 3727 1983 ῑδηδ

459 2031 756 2089 conspectu
797 2033 889 2076 tuo
939 2031 1044 2084 est,
1077 2022 1296 2092 publica
1329 2021 1581 2087 artificia,
1614 2021 1728 2078 sive
1768 2021 1898 2076 hinc
1942 2020 2035 2075 de-

2139 2021 2290 2074 πᾶσα
2316 2022 2348 2090 ἡ
2377 2020 2450 2090 γῆ
2492 2017 2723 2072 ἐνώπιόν
2761 2035 2879 2084 σου,
2908 2020 2975 2072 τὰ
3006 2019 3245 2088 δημόσια
3275 2018 3719 2090 οἰκοδομήματα,

456 2113 804 2169 lectationem
844 2115 960 2170 sive
1018 2129 1177 2171 usum
1233 2130 1428 2183 capere
1456 2115 1613 2169 velis.
1664 2114 1805 2181 Quid
1870 2129 2034 2184 porro

2138 2112 2244 2168 εἴτε
2271 2114 2355 2176 είς
2388 2113 2607 2183 τέρψιν,
2638 2114 2749 2165 εἴτε
2774 2113 2854 2175 είς
2878 2109 3072 2184 ’χρείαν
3099 2113 3241 2181 ἔχειν
3266 2112 3489 2175 ἐθέλεις.
3527 2113 3643 2164 Ka‘t
3671 2111 3722 2163 τί

453 2205 757 2273 jucundius
785 2207 983 2277 quidve
1009 2208 1294 2278 pulchrius
1320 2208 1443 2262 emli
1484 2206 1848 2271 firmamento,
1885 2206 2030 2275 quod

2138 2207 2492 2277 τερπνότερον
2541 2207 2637 2260 καὶ
2685 2206 3017 2278 ὡραιότερον
3064 2205 3158 2259 τοῦ
3194 2203 3576 2275 στερεὼματος
3626 2203 3725 2256 τοῦ

459 2296 618 2351 nobis
643 2298 789 2353 Dens
826 2300 1073 2353 extendit
1105 2298 1373 2354 lacunar?
1398 2297 1532 2352 Nam
1566 2306 1622 2352 et
1658 2297 1826 2352 nostri
1857 2298 2031 2366 gratia

457 2398 705 2442 creatum
732 2389 856 2453 fuit,
888 2398 943 2445 et
971 2404 1262 2446 commune
1300 2399 1385 2447 est
1413 2389 1735 2455 cunctisget
1771 2389 2029 2454 maxime,

459 2480 535 2535 ob
558 2481 1021 2550 pulchritudinem
1045 2497 1199 2536 suam
1232 2481 1491 2538 idoneum
1522 2481 1688 2538 menti
1713 2481 1778 2535 ad
1801 2481 2032 2539 Creato~

459 2589 571 2627 rem
610 2588 829 2628 sursum
886 2574 1229 2631 extollendaz.
1268 2573 1566 2645 Quousque
1593 2589 1695 2630 nos
1728 2589 1884 2629 amor
1915 2585 2036 2629 tan-

458 2678 648 2737 topere
685 2667 1038 2736 prmsentium
1081 2682 1265 2721 rerum
1297 2665 1590 2735 occupabit
1629 2665 2030 2736 superﬂuarum

456 2765 620 2827 atque
650 2756 971 2812 inutilium?
1012 2756 1147 2811 Nam
1179 2756 1383 2812 divitia:
1422 2755 1567 2812 inter
1596 2772 1685 2812 res
1727 2755 2033 2827 superﬂuas

457 2860 804 2922 reputantur,
859 2866 1091 2921 quarum
1143 2851 1289 2905 nulla
1323 2860 1409 2905 est
1456 2850 1684 2906 utilitas.
1737 2850 2032 2920 Quousque

457 2945 796 3001 vanitatibus
848 2944 1285 2999 inhaerebimus?
1331 2943 1631 3013 Quousque
1684 2944 1856 2998 caelos
1922 2957 2032 2996 non

460 3037 867 3108 suspiciemus?
897 3050 1004 3090 non
1040 3035 1209 3090 sobrii
1253 3034 1498 3089 erimus?
1535 3051 1639 3089 non
1675 3035 1897 3090 satietas
1925 3042 2033 3090 ter-

2131 2299 2385 2370 οὖρανοῦ,
2417 2298 2477 2352 δν
2510 2301 2538 2353 ὁ
2565 2299 2697 2364 Θεὸς
2725 2302 2859 2370 ἡμῖν
2905 2299 3169 2364 ἐξέτεινεν
3195 2298 3432 2367 ϐροφονς
3484 2296 3578 2348 καὶ
3611 2295 3723 2365 γὰρ

2132 2391 2202 2447 δι’
2233 2392 2380 2464 ἡμᾶς
2413 2391 2628 2462 γέγονε,
2673 2394 2767 2447 καὶ
2796 2391 2975 2456 κοινᾶς
3005 2391 3152 2446 ἐστιν
3183 2389 3387 2445 ἅπασιν
3420 2388 3585 2459 ἡμῖν,
3625 2386 3725 2442 καὶ

2131 2485 2201 2540 τὰ
2235 2485 2468 2556 μέγιστα
2496 2483 2714 2554 ὠφελεῖ.
2753 2485 2829 2546 ὡς
2856 2486 2943 2539 διὰ
2974 2485 3068 2538 τοῦ
3106 2484 3335 2545 κάλλους
3365 2483 3447 2544 εἰς
3483 2484 3573 2535 τον
3606 2483 3719 2552 Aq-

2135 2577 2397 2650 μιουργόν
2419 2577 2591 2631 ἁναπέ
2602 2594 2779 2648 μπων.
2802 2577 2981 2647 Μέχρι
3008 2577 3149 2639 τίνος
3169 2577 3197 2627 ὁ
3222 2575 3360 2644 ἔρως
3388 2575 3538 2643 ἡμᾶς
3565 2572 3720 2624 οὕτω

2131 2668 2354 2740 κατέχει
2372 2669 2482 2723 τῶν
2502 2669 2787 2739 παρόντων
2814 2669 3177 2737 πραγμάτων,
3194 2665 3304 2718 τῶν
3322 2664 3597 2733 περιττῶν
3631 2662 3724 2714 καὶ

2133 2764 2449 2833 ἀνονήτωνς
2480 2762 2509 2813 ὁ
2539 2761 2649 2831 γὰρ
2689 2760 2921 2824 πλοῦτος
2946 2763 3004 2813 ὲν
3033 2760 3147 2821 τοῖς
3182 2759 3481 2826 περιττοῖς,
3516 2755 3576 2806 ὲν
3641 2745 3723 2816 οἷς

2131 2853 2290 2908 οὐδὲν
2308 2852 2499 2917 δεελος
2530 2851 2764 2921 γίνεται.
2786 2852 2964 2920 Μέχρι
2984 2849 3130 2912 τίνος
3154 2845 3582 2917 προσηλούμεθα
3601 2844 3724 2904 τοῖς

2137 2945 2389 3014 ματαίοις
2414 2961 2430 3010 ;
2466 2944 2646 3014 Μέχρι
2675 2943 2820 3006 τίνος
2848 2942 2909 2994 ού
2944 2939 3311 3009 διαϐλέπομεν
3340 2940 3398 2991 ὲν
3416 2939 3527 2999 τοῖς
3552 2937 3725 3006 οὖρα-

2134 3043 2246 3102 νοῖς
2281 3056 2295 3104 ;
2323 3039 2384 3092 οὒ
2414 3038 2662 3108 νήφομεν
2697 3053 2713 3104 ;
2747 3037 2809 3089 ού
2842 3034 3195 3104 λαμϐάνομεν
3241 3031 3402 3101 κόρον
3442 3030 3550 3083 τῶν
3594 3029 3725 3097 γηΐ-

461 3143 716 3185 rcnarum
785 3141 969 3181 rerum
1043 3125 1424 3195 ﬂuxartnnque
1475 3140 1575 3180 nos
1639 3126 1862 3195 capiet?
1924 3142 2029 3180 non

2138 3148 2242 3184 νων
2275 3130 2483 3183 τούτων
2525 3127 2621 3180 καὶ
2652 3125 3078 3197 παραρρεόντων
3106 3142 3121 3189 ;
3150 3123 3210 3177 οὗ
3240 3118 3607 3192 παιδευόμεθα
3634 3119 3727 3174 διὰ

460 3223 695 3289 denique
761 3221 1001 3290 ipsarum
1077 3218 1339 3272 vilitatem
1402 3222 1780 3287 experimento
1856 3218 2034 3272 disce-

462 3327 584 3366 mus
604 3312 631 3364 ἲ

531 3406 585 3457 7.
617 3402 933 3473 Cogitemus
969 3401 1096 3456 illos
1124 3400 1218 3470 qui
1267 3400 1466 3455 divites
1491 3407 1618 3455 ante
1661 3414 1761 3454 nos
1813 3400 2038 3453 exstite-

464 3509 625 3557 runt;
684 3509 871 3550 nonne
918 3493 1010 3548 illa
1041 3494 1225 3548 omnia
1261 3492 1559 3554 somnium,
1593 3490 1809 3556 umbra,
1842 3499 1895 3544 et
1939 3488 2037 3543 llos

464 3586 731 3643 ruerunt?
777 3599 961 3641 nonne
1034 3583 1389 3639 rumusculos
1457 3588 1621 3652 atque
1669 3580 1898 3636 fabula?
1943 3581 2036 3636 llle

462 3680 614 3736 dives
643 3679 781 3746 fuit;
815 3686 870 3733 at
921 3692 1071 3733 nunc
1106 3676 1196 3732 ubi
1224 3675 1446 3741 divitiae,
1477 3691 1599 3745 qua:
1625 3675 1851 3745 dilapsa!
1909 3683 2039 3729 sunt

461 3784 514 3829 et
561 3773 873 3844 corrupta?
906 3771 1013 3827 Sed
1076 3779 1297 3842 peccata
1345 3777 1567 3825 manent
1596 3767 1670 3823 ob
1718 3766 1839 3823 illas
1886 3781 2039 3823 eom-

464 3868 652 3935 missa,
684 3876 740 3923 et
771 3874 1001 3937 prepter
1030 3871 1252 3935 peccata
1292 3863 1525 3935 punitio.
1555 3861 1850 3932 Quousque
1877 3860 2035 3932 egeni

462 3976 525 4015 ac
546 3966 824 4030 pauperes
856 3973 947 4014 res
983 3957 1280 4013 duraturus
1304 3956 1535 4026 fugient,
1560 3957 1834 4025 perituras
1863 3966 2038 4010 secta-

462 4053 722 4107 bantur?
764 4050 882 4106 Non
932 4057 1018 4107 est
1067 4063 1396 4120 quemquam
1449 4047 1672 4102 divitem
1728 4061 1878 4113 esse,
1930 4046 2036 4101 nisi

462 4146 516 4200 in
576 4146 760 4198 anima
814 4144 1108 4213 opulentus
1158 4142 1270 4197 sit:
1318 4140 1480 4195 sicuti
1528 4139 1736 4194 nemini
1772 4139 2039 4210 contingit

462 4252 585 4293 esse
616 4238 866 4307 pauperi,
889 4237 993 4291 nisi
1021 4237 1075 4289 in
1102 4235 1286 4289 animo
1301 4242 1679 4305 paupertatem
1709 4243 1881 4302 gerat.
1899 4232 2034 4287 Nam

462 4329 509 4383 si
545 4330 727 4398 potior
762 4337 847 4382 est
877 4327 1055 4381 anima
1087 4340 1343 4395 corpore,
1383 4339 1491 4378 non
1523 4335 1731 4393 queunt
1767 4323 2037 4378 debiliora

462 4422 609 4475 illam
645 4420 748 4474 sibi
800 4418 1102 4486 subjicere;
1134 4417 1229 4473 sed
1274 4431 1395 4486 qua:
1423 4414 1605 4484 potior
1652 4424 1757 4478 est,
1794 4415 1883 4469 illa
1912 4430 2036 4485 quae

462 4528 617 4582 atque
651 4527 759 4566 non
793 4520 921 4565 sunt
951 4509 1128 4563 valida
1150 4549 1165 4571 ,
1189 4507 1256 4562 ad
1280 4523 1339 4563 se
1370 4507 1535 4562 trahit
1562 4517 1725 4577 atque
1758 4517 2034 4561 trausmu-
2069 4497 2112 4551 ι)

462 4617 560 4660 tat.
625 4604 871 4673 Namque
927 4611 983 4656 et
1037 4617 1133 4656 cor
1169 4600 1215 4655 si
1252 4599 1398 4670 quod
1435 4599 1693 4654 damnum
1729 4598 2034 4667 pertulerit,

462 4702 636 4749 totum
669 4708 870 4763 corpus
901 4708 1055 4763 teque
1090 4691 1309 4746 adiicit:
1337 4700 1391 4747 et
1422 4692 1466 4746 si
1493 4706 1698 4761 aegrum
1726 4689 1912 4753 fuerit,
1939 4690 2037 4744 tuti

467 4803 657 4842 massa:
684 4797 883 4856 nocet;
925 4787 1009 4841 sin
1043 4786 1336 4849 incolume,
1368 4798 1760 4854 usquequaque
1790 4782 2034 4852 prodest.

467 4882 638 4935 Secus
676 4894 827 4943 vero,
858 4879 904 4934 si
929 4878 1076 4950 quod
1103 4876 1252 4932 aliud
1282 4875 1587 4931 membrum
1613 4876 1848 4937 laboret,
1871 4873 2038 4928 corde

465 4971 726 5025 incolumi
777 4981 1055 5033 manente,
1110 4968 1269 5024 facile
1305 4976 1361 5022 et
1386 4966 1619 5020 aliorum
1664 4965 2037 5020 membrorum

464 5065 726 5117 damnum
761 5060 1098 5132 dispellitur.

532 5154 587 5207 8.
630 5154 700 5209 Ut
730 5162 918 5209 autem
939 5153 1281 5208 manifestius
1306 5151 1451 5222 quod
1483 5151 1610 5207 dico
1632 5149 1883 5212 etiiciam,
1917 5161 2039 5219 qua:

466 5246 678 5301 utilitas
710 5261 1012 5311 ramorum,
1045 5246 1134 5300 die
1180 5243 1338 5310 mihi,
1371 5242 1754 5304 viridantium,
1785 5240 1833 5294 si
1881 5237 2038 5293 radix

437 5339 813 5393 «marcescat?
860 5337 1037 5392 Serus
1078 5346 1299 5401 autem,
1342 5334 1618 5404 quodnam
1646 5332 2038 5388 detrimentum

465 5434 724 5488 foliorum
759 5430 999 5499 desuper
1030 5429 1420 5494 arescentium,
1461 5424 1761 5481 dummodo
1798 5437 1928 5478 sana
1968 5421 2040 5476 sit

464 5524 662 5578 radix?
711 5522 803 5578 Sic
831 5522 996 5577 etiam
1053 5520 1199 5574 nulla
1239 5527 1326 5576 est
1358 5518 1675 5573 divitiarum
1708 5515 1935 5581 utilitas,
1991 5514 2038 5568 si

464 5616 646 5670 anima
698 5615 770 5669 sit
815 5611 1146 5684 paupercula
1182 5627 1196 5664 :
1230 5624 1407 5678 neque
1440 5609 1678 5664 vicissim
1720 5615 1878 5663 nocet
1909 5622 2041 5676 pau-

468 5706 731 5770 pertas.si
767 5705 947 5758 anima
981 5702 1141 5757 dives
1167 5700 1260 5756 sit.
1300 5700 1367 5751 At
1396 5698 1704 5766 quomodo,
1758 5696 2037 5766 inquiunt,

471 5793 624 5849 dives
651 5795 719 5848 sit
754 5796 934 5849 anirna
983 5795 1027 5850 si
1071 5791 1270 5863 opibus
1304 5788 1528 5845 careat?
1577 5788 1693 5842 luto
1728 5801 1857 5841 vero
1908 5796 2039 5842 tunc

2135 3225 2236 3291 τῆς
2262 3223 2461 3294 πείρας
2490 3221 2669 3275 αὐτῶν
2695 3220 2794 3289 τὴν
2832 3218 3148 3282 εὐτέλειαθς

2211 3407 2276 3474 ζ’.
2318 3405 2695 3476 Ἐννοήσωμεν
2727 3401 2851 3467 τοὺς
2892 3401 2996 3473 πρδ
3046 3398 3206 3472 ἡμῶν
3264 3399 3723 3469 πλουτήσαντας⁶

2136 3500 2258 3568 οὐχὶ
2281 3500 2414 3567 δναρ
2446 3500 2623 3552 πάντα
2652 3498 2837 3549 ἐκεῖνα
2872 3513 2886 3554 ;
2915 3494 3036 3564 οὐχὶ
3067 3493 3193 3546 σκιὰ
3231 3491 3324 3544 καὶ
3354 3491 3510 3553 ἄνθος
3548 3506 3565 3555 ;
3597 3489 3725 3558 οὖχὶ

2136 3592 2382 3661 διήγημα
2414 3588 2510 3643 καὶ
2546 3586 2718 3658 μῦθος
2751 3606 2764 3651 ;
2795 3588 2822 3640 ὁ
2853 3587 3001 3639 δεῖνα
3052 3583 3420 3650 πεπλούτηκε,
3459 3579 3553 3634 καὶ
3608 3579 3723 3631 ποῦ

2138 3683 2284 3738 νῦνδ
2310 3679 2588 3743 πλοῦτοςς
2661 3676 2938 3732 ’Ᾱπὼλετο
2983 3678 3078 3730 καὶ
3142 3676 3485 3745 διέφθαρται.
3556 3670 3727 3725 Ἀλλὰ

2137 3774 2207 3828 τὰ
2234 3774 2306 3827 δι’
2333 3772 2515 3829 αὐτῶν
2544 3772 2920 3842 ἁμαρτήματα
2949 3770 3121 3840 μένει,
3153 3769 3247 3821 καὶ
3272 3769 3305 3839 ἡ
3333 3766 3420 3820 διὰ
3436 3765 3503 3818 τὰ
3536 3765 3726 3834 ἀμαρς

2137 3869 2361 3939 τήματα
2383 3866 2627 3929 κόλασις.
2660 3864 2839 3935 Μέχρι
2873 3863 3016 3939 τίνος
3048 3864 3252 3931 πτωχοὶ
3303 3862 3399 3913 καὶ
3462 3859 3723 3925 πένητες.

2138 3938 2209 4016 τὰ
2240 3961 2338 4030 μὲν
2368 3959 2600 4029 μένοντα
2629 3955 2944 4025 φεύγοντες,
2983 3938 3272 4016 διώκοντες
3302 3952 3356 4004 δὲ
3389 3952 3458 4005 τὰ
3493 3949 3729 4018 φεύγον-

2139 4070 2209 4106 τα
2246 4066 2263 4116 ;
2293 4050 2408 4105 Οὐκ
2439 4050 2556 4103 ἐστι
2588 4047 2844 4101 πλούσιον
2887 4041 3028 4098 εἶναι
3053 4044 3149 4099 τὸν
3185 4045 3261 4114 μὴ
3286 4045 3350 4113 τῇ
3383 4041 3526 4112 ψυχῇ
3553 4040 3727 4092 πλου-

2137 4138 2339 4196 τοῦντα
2374 4155 2388 4171 ·
2420 4140 2674 4210 καθάπερ
2711 4139 2811 4191 οὐκ
2842 4135 2920 4189 ἔνι
2953 4134 3171 4206 πτωχὸν
3221 4130 3360 4186 εἶναι
3396 4133 3486 4185 τὸν
3530 4131 3606 4202 μὴ
3666 4132 3727 4182 ὲν

2137 4236 2346 4306 διανοίᾳ
2370 4234 2563 4305 ἔχοντα
2608 4233 2706 4304 τὴν
2738 4229 2930 4283 πενίαν
2967 4244 2983 4262 ⁸
3011 4229 3059 4282 εί
3112 4228 3219 4298 γὰρ
3252 4224 3583 4296 κυριώτερον
3621 4225 3725 4275 τοῦ

2142 4329 2391 4398 σώματος
2419 4328 2451 4397 ἡ
2479 4324 2647 4396 ψυχὴ,
2673 4325 2773 4377 οὐκ
2804 4320 2982 4392 ίσχύει
3010 4320 3077 4373 τὰ
3120 4318 3195 4389 μὴ
3247 4318 3572 4388 ἰσχυρότερα
3619 4318 3727 4368 αύ-

2138 4422 2239 4493 τὴν
2266 4419 2529 4473 διαθεῖναι
2559 4416 2699 4486 πρὸς
2738 4415 2911 4468 ἑαυτά
2940 4430 2955 4446 ’
2982 4413 3098 4465 ἀλλ’
3128 4413 3161 4481 ἠ
3194 4413 3357 4481 κυρία
3386 4411 3450 4461 τὰ
3475 4408 3550 4478 μὴ
3572 4407 3729 4461 οὕτω

2140 4514 2310 4584 κύρια
2343 4512 2479 4583 πρὸς
2515 4509 2715 4579 ἑαυτὴν
2758 4506 3047 4575 ἐφέλκεται
3080 4506 3176 4557 καὶ
3211 4500 3541 4570 μεταϐάλλει
3569 4515 3585 4528 ·
3622 4501 3723 4553 καὶ
3750 4504 3765 4509 “

2139 4606 2248 4676 γὰρ
2277 4605 2309 4675 ἡ
2339 4602 2539 4672 καρδία
2575 4602 2707 4655 ὅταν
2739 4600 2863 4653 τινὰ
2912 4597 3132 4667 δέξηται
3168 4594 3391 4665 βλάϐην,
3466 4592 3612 4647 ἅπαν
3660 4593 3722 4645 τὸ

2142 4697 2301 4766 σῶμα
2332 4693 2479 4747 οὕτω
2507 4690 2826 4760 διατίθησι·
2869 4689 2972 4742 κᾶν
3005 4687 3308 4754 δύσκρατος
3358 4685 3610 4754 γένηται,
3642 4684 3721 4751 τῷ

2139 4788 2307 4841 παντὶ
2328 4784 2660 4854 λυμαίνεται
2703 4798 2717 4814 ·
2755 4781 2860 4835 κᾶν
2886 4779 3176 4850 εὔκρατος.
3207 4778 3268 4831 τὸ
3301 4779 3407 4831 πᾶν
3434 4778 3678 4844 ὀνίνησιν
3702 4793 3719 4807 ·

2141 4874 2208 4927 ἂν
2238 4872 2293 4926 δέ
2323 4889 2378 4925 τι
2408 4869 2519 4923 τῶν
2564 4869 2770 4923 λοιπῶν
2831 4868 3134 4938 διαφθαρῇ,
3176 4865 3383 4934 ταύτης
3446 4866 3721 4935 μενούσης

2139 4963 2348 5034 ὑγιοῦς,
2385 4962 2626 5024 εὐκόλως
2655 4960 2926 5013 κάκείνων
2946 4958 3042 5028 τὴν
3061 4957 3241 5029 λύμην
3263 4957 3719 5011 ἁποτινάσσεται.

2209 5159 2268 5214 η’
2304 5141 2424 5197 ἰνα
2451 5139 2506 5193 δὲ
2540 5140 2635 5192 καὶ
2666 5136 2998 5214 σαφέστερον
3019 5133 3047 5188 ὃ
3068 5133 3212 5203 λέγω
3238 5132 3468 5202 ποιήσω,
3501 5128 3557 5182 τί
3589 5127 3726 5181 alci-

2138 5209 2246 5291 δων
2268 5232 2482 5303 ὄφελος,
2512 5232 2633 5283 εἰπέ
2658 5246 2769 5299 μοι,
2811 5209 3061 5298 χλωρῶν,
3084 5227 3267 5296 ὅτανὴ
3295 5224 3421 5295 ῥίζα
3449 5223 3725 5292 μαραίνη-

2139 5343 2231 5382 ται
2265 5341 2281 5393 ;
2316 5324 2384 5377 Τί
2428 5324 2484 5377 δὲ
2518 5321 2712 5392 βλάϐος
2742 5321 2852 5374 τῶν
2903 5319 3111 5374 ἄνωθεν
3166 5314 3541 5387 ξηρανθέντων
3592 5313 3723 5382 φύλ-

2139 5419 2271 5481 λων,
2299 5414 2504 5485 ταύτης
2538 5412 2708 5483 οὕσης
2737 5412 2962 5480 ὑγιοῦς;
2992 5409 3149 5463 Οὕτω
3180 5410 3277 5462 καὶ
3306 5404 3544 5460 ἐνταῦθα
3566 5404 3723 5457 οὐδὲν

2140 5509 2333 5578 ὕφαλος
2387 5505 2717 5577 χρημάτων,
2767 5505 2949 5573 ψυχῆς
3014 5502 3185 5572 οὔσης
3245 5500 3506 5571 πενιχρᾶς
3539 5513 3555 5530 ⁶
3601 5496 3722 5550 οὐδὲ

2144 5598 2342 5669 βλάϐος
2368 5595 2584 5659 πενίας,
2606 5593 2788 5665 ψυχῆς
2822 5595 2990 5662 οὔσης
3020 5589 3302 5652 πλουσίας.
3333 5589 3445 5642 Καὶ
3488 5586 3605 5646 πῶς
3653 5585 3722 5637 ἂν

2140 5692 2352 5760 γένοιτο
2395 5688 2648 5753 πλουσία,
2707 5687 2865 5757 φησὶ,
2895 5684 3043 5756 ψυχὴ
3100 5685 3158 5737 ἒν
3216 5682 3375 5752 πενίᾳ
3424 5679 3719 5752 χρημάτων

2142 5779 2319 5848 οὖσα;
2380 5780 2634 5835 Μάλιστα
2695 5778 2760 5832 ἂν
2783 5778 2901 5832 τότε
2961 5777 3216 5844 γένοιτοο
3272 5773 3392 5827 τότε
3459 5770 3569 5841 γὰρ
3622 5765 3713 5822 καὶ
