4050 6210
347 291 406 350 ὓῖ
428 290 444 350 1

1725 301 2064 391 annuos
2111 305 2217 366 Ix.

3506 303 3612 364 use

343 407 596 462 πλουτεῖν
637 408 846 466 εἴωθεν.
881 409 940 462 Ei
982 409 1110 479 γὰρ,
1158 407 1340 470 καθὼς
1406 409 1664 472 πολλάκις
1728 413 1931 479 ἐδείξαο

2042 417 2314 472 maxime:
2354 427 2482 472 tunc.
2509 417 2656 472 enim
2693 421 2808 489 ipsa
2851 419 3120 475 ditescere
3161 419 3319 474 solet.
3355 419 3409 472 Si
3440 421 3609 476 enim.

349 519 468 573 μεν,
503 499 660 554 τοῦτο
695 502 1051 565 πλουτοῦντος
1077 504 1398 572 τεκμήριον,
1449 503 1507 556 τὸ
1561 507 1924 574 καταφρονεῖν

343 595 645 664 χρημάτων
676 597 768 647 καὶ
797 595 1024 664 μηδενὸς
1055 595 1285 656 δεῖσθαι,
1313 595 1539 667 εὔδηλον
1590 597 1672 650 ὅτι
1734 598 1924 660 πενίας

343 687 500 742 τοῦτο
526 685 762 756 μάλιστα
799 688 1048 754 σημεῖον,
1091 685 1152 736 τὺ
1201 685 1500 756 χρημάτων
1533 688 1784 756 ἐφίεσθαι
1818 704 1832 719 ·
1867 690 1926 742 τὸ

345 779 454 849 γὰρ
485 781 544 832 ἐν
579 781 744 848 πενίᾳ
772 773 912 830 εἶναι
947 777 1149 846 μᾶλλον
1184 781 1330 831 ποιεῖ
1365 777 1612 832 πλουτεῖν
1635 793 1650 807 ·
1685 781 1774 832 καὶ
1819 780 1926 849 γὰρ

343 873 424 924 ὅτι
449 871 819 940 εὐκολώτερον
850 871 912 924 ἄν
945 888 1024 930 τις
1063 871 1118 922 ἐν
1152 871 1314 942 πενίᾳ
1424 873 1480 924 ἐν
1513 871 1730 941 πλούτῳ
1762 887 1930 924 κατα·-

345 965 634 1033 φρονὴσειε
659 963 982 1032 χρημάτων,
1015 965 1104 1014 καὶ
1157 963 1358 1032 μᾶλλον
1383 964 1594 1032 ἐφίεται
1625 964 1926 1035 χρημάτων

343 1055 370 1106 6
397 1054 653 1116 πλούσιος
701 1053 732 1124 ῆ
777 1055 803 1106 6
835 1054 1026 1122 πένης,
1067 1055 1232 1107 παντί
1267 1072 1374 1108 που
1421 1056 1582 1128 δῆλον
1609 1071 1623 1086 ·
1655 1056 1730 1120 ὠς
1765 1057 1874 1128 γὰρ
1901 1061 1930 1111 6

347 1148 563 1218 μεθύων
599 1147 798 1216 μᾶλλον
831 1147 961 1218 διψᾷ
990 1147 1084 1202 τοῦ
1120 1149 1484 1218 μετασχόντος
1513 1150 1802 1218 αὐτάρκως
1831 1149 1922 1204 τοῦ

345 1239 614 1306 πόματος,
645 1237 817 1303 οὕτως
847 1241 874 1292 ὁ
915 1239 974 1290 ἐν
1023 1237 1240 1308 πλούτῳ
1273 1238 1475 1308 μᾶλλον
1509 1240 1762 1310 ὀρέγεται
1795 1257 1932 1310 χρη-

349 1329 534 1397 μάτων
564 1329 658 1382 τοῦ
693 1333 748 1382 ἐν
779 1330 942 1400 πενίᾳ
972 1329 1126 1393 ὄντος
1157 1347 1170 1362 ·
1221 1331 1344 1384 οὐδὲ
1377 1333 1487 1402 γάρ
1523 1333 1670 1386 ἐστιν
1697 1330 1840 1402 αὕτη
1895 1334 1930 1400 ἡ

347 1425 610 1492 ἐπιθυμία
635 1423 882 1494 τοιαύτη,
907 1423 1048 1476 ὥστε
1089 1423 1166 1494 τῷ
1189 1425 1394 1479 πλεόνι
1425 1425 1764 1488 σϐέννυσθαι,
1793 1425 1932 1479 ἀλλὰ

347 1516 656 1568 τούναντίον
687 1515 1022 1570 ἀνάπτεσθαι
1061 1516 1270 1586 πέφυκε
1301 1515 1478 1588 τούτῳ
1501 1534 1517 1549 υ
1555 1516 1652 1572 καὶ
1681 1517 1932 1586 καθάπερ

348 1609 408 1660 τὸ
437 1607 547 1676 πῦρ
585 1610 713 1662 ὅταν
768 1609 908 1680 λάϐῃ
965 1609 1190 1663 πλείονα
1229 1609 1462 1679 τροφὴν,
1517 1609 1638 1664 τότε
1699 1609 1937 1680 μάλιστα

347 1701 637 1772 ἀγριοῠται
666 1739 682 1762 ,
725 1701 868 1754 οὓτω
918 1701 1012 1756 καὶ
1059 1704 1091 1772 ή
1135 1701 1246 1755 τῶν
1305 1702 1603 1772 χρημάτων
1648 1704 1932 1774 ἐπιθυμία,

2033 521 2092 564 ιιι
2149 527 2292 580 ειυρο
2344 511 2868 578 demonstravimus,
2913 513 3100 566 divitis
3151 521 3232 566 est
3281 511 3614 566 conditionis

2031 611 2436 672 argumentum,
2465 619 2632 671 opum
2669 613 3038 674 contemptus,
3071 613 3126 658 et
3177 603 3378 657 nullius
3408 605 3482 656 rei
3527 604 3614 654 in-

2032 695 2290 763 digentia,
2319 705 2532 749 constat
2576 695 2814 750 vicissim
2855 697 2960 750 hoc
3008 712 3127 750 esse
3161 696 3497 764 panpertatis
3527 695 3612 748 in-

2029 786 2262 849 dictum,
2290 785 2334 836 si
2353 801 2486 854 epes
2513 786 3000 855 concupiscuntur.
3022 786 3268 854 Namque
3297 785 3352 838 in
3376 801 3614 854 paupere

2033 878 2142 930 vita
2201 879 2430 940 versari,
2459 878 2628 948 magis
2660 877 2786 932 facit
2812 878 3102 933 ditescere.
3123 877 3376 931 Profecto
3399 877 3616 930 facilius

2031 985 2264 1041 pauper,
2319 985 2481 1040 quam
2539 973 2725 1036 dives,
2763 987 2896 1041 opes
2941 979 3256 1026 contemnet
3293 971 3614 1040 :magisque

2031 1071 2184 1134 optat
2232 1065 2521 1134 pecuniam
2571 1064 2724 1118 dives
2779 1079 2942 1135 quam
2993 1077 3223 1134 pauper,
3267 1072 3322 1117 ut
3357 1063 3616 1116 omnibus

2031 1155 2376 1224 exploratum
2401 1161 2503 1208 est.
2541 1154 2692 1208 Sicut
2724 1157 2872 1208 enim
2896 1153 3085 1208 ebrius
3109 1153 3279 1222 magis
3311 1152 3423 1205 sitit
3447 1167 3609 1220 quam

2033 1247 2128 1317 qui
2161 1246 2441 1301 moderate
2471 1245 2706 1312 biberit;
2746 1247 2824 1300 sic
2858 1247 3023 1300 etiam
3053 1245 3205 1299 dives
3235 1243 3618 1300 vehementius

2035 1339 2324 1414 pecuniam
2353 1349 2506 1409 optat
2533 1354 2694 1410 quam
2731 1354 2960 1408 pauper.
2997 1338 3246 1408 Namque
3285 1337 3428 1390 haud
3463 1339 3616 1407 ejus-

2035 1432 2184 1485 modi
2208 1441 2291 1486 est
2329 1431 2444 1486 haec
2468 1431 2764 1500 cupiditas,
2818 1439 2875 1485 ut
2906 1431 3063 1499 copia
3115 1429 3289 1499 possit
3318 1428 3616 1498 exstingui,

2039 1525 2136 1581 sed
2197 1524 2266 1579 ab
2319 1525 2421 1580 hac
2455 1525 2640 1595 potius
2667 1525 2848 1594 augeri
2882 1523 3042 1577 solet.
3074 1523 3255 1592 Atque
3305 1531 3364 1574 ut
3401 1519 3616 1574 ﬂamma

2039 1632 2163 1674 cum
2195 1617 2456 1688 majorem
2489 1631 2668 1670 escam
2721 1625 2878 1670 nacta
2929 1615 3096 1670 fuerit
3121 1656 3135 1678 ,
3172 1625 3302 1668 tunc
3337 1613 3621 1683 potissima

2041 1712 2225 1775 stravit,
2255 1711 2335 1765 sic
2361 1710 2609 1780 pecunia:
2648 1710 2938 1778 cupiditas,
2982 1723 3092 1778 quo
3123 1709 3243 1778 plus
3269 1707 3388 1760 auri
3435 1707 3620 1776 inges-

347 1795 477 1846 ὅταν
539 1793 700 1846 πλέον
767 1793 1012 1866 ἐμϐάλλῃ
1073 1795 1321 1864 χρυσίον,
1381 1795 1500 1848 τότε
1565 1796 1798 1865 μάλιστα
1853 1797 1937 1849 ατ-

2042 1803 2200 1869 scris,
2235 1812 2364 1858 tunc
2391 1803 2624 1856 maxime
2657 1801 2962 1855 extollitur.

347 1901 520 1956 ρεται.

417 1977 484 2032 θ’.
519 1979 680 2032 Ὅθεν
707 1977 828 2032 οὐδὲ
847 1979 1070 2050 ἥδονται
1097 1982 1145 2033 οἱ
1177 1982 1478 2051 χρημάτων
1511 1985 1744 2053 ἐρῶντες
1793 1987 1934 2056 ὑπὲρ

345 2061 420 2123 ὧν
446 2071 678 2139 ἔχουσιν,
711 2069 806 2124 ἅτε
837 2072 1132 2142 κεχηνότες
1184 2074 1279 2144 ὅλῃ
1307 2078 1374 2146 τῇ
1429 2077 1639 2146 διανοίᾳ
1685 2079 1818 2147 πρὸς
1869 2079 1937 2131 τὰ

269 2209 272 2212 ,
349 2163 516 2233 μήπω
544 2163 818 2232 ληφθέντα
852 2179 866 2194 ·
904 2165 1000 2218 καὶ
1035 2167 1110 2236 μὴ
1172 2167 1332 2235 μόνον
1366 2169 1464 2237 οὐχ
1500 2169 1738 2238 ἥδονται,
1803 2170 1937 2223 ἀλλὰ.

346 2259 442 2310 καὶ⁸
474 2257 880 2326 βασανίζονταιε
915 2259 1024 2328 ὅσῳ
1047 2261 1113 2312 ἂν
1153 2259 1611 2329 περιϐάλλωνται,
1643 2261 1720 2328 τῷ
1771 2261 1936 2330 μηδὲν

347 2349 548 2402 εἰδέναι
583 2351 756 2419 πέρας
787 2351 883 2420 τῆς
912 2349 1172 2421 τοιαύτης
1219 2352 1539 2420 ἐπιθυμίας.
1575 2353 1789 2423 ’Ὥσπερ
1827 2353 1938 2424 ἄρα

347 2445 444 2498 καὶ
491 2447 520 2498 6
552 2444 821 2513 διηνεκῶς
871 2442 1062 2513 διψῶν,
1101 2443 1206 2498 κᾶν
1263 2445 1462 2516 μυρίας
1497 2445 1664 2517 ἐκπίῃ
1730 2447 1934 2516 πηγὰς,

348 2535 448 2605 τῆς
477 2534 672 2604 ἡδονῆς
701 2534 935 2596 οὐδόλως
985 2533 1330 2596 αἰσθάνεται,
1359 2533 1449 2587 διὰ
1493 2535 1556 2586 τὸ
1590 2533 1664 2605 μὴ
1727 2533 1940 2602 λαμϐά-

351 2647 462 2682 νειν
483 2630 646 2698 κόρον
677 2646 690 2660 ·
719 2629 814 2682 καὶ
840 2628 1096 2698 καθάπερ
1129 2629 1294 2681 πάλιν
1326 2627 1584 2699 εὐνοῦχος
1639 2627 1938 2696 ἐπιθυμίαν

350 2723 488 2794 ἔχων
511 2722 917 2794 ἀπαροενεῦσαι
943 2725 1145 2788 νεᾶνιν,
1169 2721 1244 2785 ὡς
1283 2723 1416 2793 φησί
1456 2741 1540 2786 τις
1583 2723 1767 2792 σοφὸς,
1805 2724 1933 2777 ὅταν

349 2819 522 2886 αὐτὴν
553 2816 846 2888 περιλάϐῃ,
871 2815 1254 2883 συμπλέκεται
1293 2815 1394 2883 μὲν
1425 2817 1490 2885 τῇ
1538 2815 1814 2888 ἐρωμένῃ,
1864 2813 1938 2883 μὴ

351 2909 646 2978 δυνάμενος
677 2911 736 2962 δέ
766 2911 866 2979 τὴν
899 2907 1200 2976 ἐπιθυμίαν
1247 2907 1549 2976 ἐμπλῆσαι,
1578 2907 1677 2976 τὴν
1703 2905 1942 2974 ἐσχάτην

353 3005 589 3070 βάσανον
632 3003 894 3069 ὑπομένει
925 3017 940 3034 ο
976 3000 1123 3053 οὕτω
1158 3000 1252 3052 καὶ
1282 3002 1310 3053 ό
1353 2999 1691 3068 φιλάργυρος
1749 2996 1941 3050 ἐπιθυ-

360 3099 478 3169 μῶν
511 3097 738 3167 χρυσίου
767 3097 860 3148 καί
891 3092 1179 3162 ἀργυρίου,
1211 3092 1344 3144 ὅταν
1373 3094 1430 3144 ἐν
1486 3091 1680 3157 κτήσει
1713 3089 1941 3157 γένηται

352 3191 584 3253 τούτων,
615 3188 930 3256 συγγίνεται
962 3186 1062 3254 μέν
1083 3189 1148 3254 τῇ
1173 3183 1426 3254 εὐπορίᾳν
1451 3183 1526 3244 ὡς
1549 3179 1755 3249 nam"
1781 3179 1940 3249 Elmv'

355 3283 636 3352 ἐμπλῆσαι
669 3281 725 3332 δὲ
758 3280 858 3349 τὴν
911 3277 1210 3347 ἐπιθυμίαν
1247 3277 1470 3328 ἃπασαν
1503 3273 1562 3326 οὐ
1619 3272 1941 3340 δυνάμενος,

351 3375 442 3432 ἀεί
473 3376 618 3427 ἐστιν
648 3376 706 3426 ἐν
737 3371 900 3444 ὀδύνῃ
936 3386 950 3400 ’
987 3369 1244 3421 πλουτεῖν
1272 3367 1378 3437 γὰρ
1401 3365 1564 3418 πλέον
1595 3363 1942 3434 βουλόμενος,

355 3468 454 3522 καὶ
489 3462 882 3533 περιϐαλέσθαι
907 3461 1118 3522 πλεῖον,
1149 3458 1383 3512 ἀνάπτει
1435 3455 1661 3524 μᾶλλον,
1701 3453 1798 3508 καὶ
1855 3453 1946 3506 ού-

351 3560 546 3614 δέποτε
582 3555 819 3619 ἵσταται,
851 3552 992 3606 ἀλλὰ
1015 3549 1120 3604 κᾶν
1175 3549 1346 3620 μυρία
1374 3547 1516 3619 λάϐῃ
1541 3545 1795 3611 τάλαντα,
1826 3543 1944 3597 ἐτέ-

359 3669 470 3722 ρων
501 3647 778 3703 τοσούτων
823 3645 1084 3714 ἐπιθυμεῖ
1117 3659 1132 3675 ·
1166 3642 1272 3695 κᾶν
1303 3641 1512 3694 τούτων
1549 3637 1808 3708 ἐπιτύχῃ,
1865 3636 1946 3697 δὶς

357 3746 628 3803 τοσούτων
657 3741 872 3812 ἐφίεται
907 3757 920 3772 ·
949 3739 1046 3792 καὶ
1071 3733 1277 3807 προῖὼν
1308 3735 1405 3786 καὶ
1438 3733 1506 3784 τὰ
1527 3731 1654 3800 ὅρη,
1693 3729 1790 3782 καὶ
1845 3727 1946 3796 τὴν

277 3901 280 3904 _
357 3845 482 3912 γῆν,
519 3839 616 3893 καὶ
657 3835 758 3906 τὴν
825 3833 1119 3894 θάλατταν,
1153 3826 1250 3880 καὶ
1291 3825 1470 3879 πάντα
1530 3818 1946 3912 εὖχεταιᾼαὺτῷ

355 3909 618 3999 γενέσθαι
643 3925 890 3996 χρισίον,
921 3922 1118 3990 καινήν
1141 3935 1264 3972 τινα
1296 3915 1494 3986 μανίαν
1546 3914 1642 3966 καὶ
1684 3909 1942 3980 φοϐερὰν,

356 4025 453 4076 καὶ
485 4020 744 4074 οὐδέποτε
765 4014 1076 4084 δυναμένην
1133 4009 1428 4076 σϐεσθῆναι
1501 4003 1850 4074 μαινόμενος.
1885 4001 1946 4052 Ei

355 4111 540 4163 τοίνυν
583 4109 644 4160 τὸ
691 4107 874 4158 πλεῖον
917 4101 1176 4172 ἐφίεσθαι
1215 4097 1408 4157 πενίας
1448 4093 1784 4162 τεκμήριον,
1818 4093 1844 4143 6
1889 4090 1946 4144 δὲ

355 4209 418 4259 ὲν
453 4204 670 4274 πλούτῳ
695 4200 962 4263 τοιοῦτος,
1007 4191 1164 4258 οὗτος
1197 4193 1437 4264 μάλιστά
1468 4194 1618 4245 ἐστιν
1650 4191 1709 4242 ἐν
1757 4187 1942 4256 πενίᾳ.

370 4301 536 4372 Ὀρᾷς
561 4301 645 4351 ὅτι
675 4297 800 4349 τότε
833 4293 1076 4363 μάλιστα
1115 4291 1340 4342 πένεται
1369 4290 1402 4356 ἡ
1433 4287 1603 4356 ψυχὴ,
1627 4285 1756 4338 ὅταν
1785 4284 1948 4334 πλου-

356 4395 426 4460 τῇ
461 4409 476 4424 ο
514 4391 610 4444 καὶ
639 4390 762 4442 τότε
793 4385 1034 4447 πλουτεῖ,
1063 4384 1194 4436 ὅταν
1217 4383 1274 4434 ἐν
1305 4380 1466 4448 πενίᾳ
1577 4395 1590 4442 ς

435 4489 485 4536 ι’.
526 4483 668 4534 Είδὲ
737 4480 938 4550 βούλει,
980 4476 1076 4530 καὶ
1135 4473 1228 4526 ἐπὶ
1274 4471 1586 4541 προσώπων
1639 4469 1730 4520 τὸν
1789 4463 2026 4533 λόγονῦ

357 4575 738 4646 γυμνάσωμεν
771 4587 786 4602 ·
821 4573 918 4625 καὶ
948 4570 1196 4622 ἔστωσαν
1233 4565 1326 4618 δύο
1383 4564 1549 4627 τινὲς,
1589 4561 1618 4612 ὁ
1672 4561 1774 4632 μὲν
1812 4560 1948 4628 ἔχων

363 4668 538 4738 μύρια
574 4667 835 4730 τάλαντα,
859 4667 887 4716 6
909 4665 966 4716 δὲ
1021 4662 1154 4715 δέκα
1189 4673 1202 4687 ·
1235 4658 1330 4711 καὶ
1373 4654 1717 4726 ἀμφοτέρους
1779 4651 1950 4705 ταῦτα

359 4761 772 4832 ἀφαιρούμεθα.
811 4758 908 4820 Τίς
941 4751 1036 4810 οὖν
1073 4752 1278 4823 μᾶλλον
1305 4749 1536 4817 ἀλγήσει
1574 4766 1588 4814 ;
1639 4747 1696 4799 'O
1721 4747 1788 4799 τὰ
1844 4745 1946 4816 μύ-

363 4873 458 4930 ρια
485 4853 776 4914 ἀπολέσας.
805 4851 917 4903 Οὐκ
941 4849 1008 4902 ἂν
1035 4847 1090 4900 δὲ
1121 4845 1322 4916 μᾶλλον
1348 4843 1603 4912 ἤλγησεν,
1627 4841 1675 4891 εἰ
1714 4837 1786 4908 μὴ
1815 4839 1950 4906 μᾶλ-

359 4949 458 5002 λον
485 4945 694 5014 ἐφίλει·
727 4943 858 4997 εἰδὲ
897 4941 1101 5010 μᾶλλον
1137 4939 1304 5008 φιλεῖ,
1334 4936 1538 5006 μᾶλλον
1576 4931 1838 5002 ἐπιθυμεῖ
1861 4945 1875 4960 °
1903 4931 1950 4982 εί

361 5041 420 5096 δὲ
446 5041 646 5110 μᾶλλον
673 5037 956 5106 ἐπιθυμεῖ,
994 5033 1192 5104 μᾶλλόν
1242 5035 1390 5085 ἐστιν
1420 5029 1478 5080 ἐν
1507 5027 1669 5097 πενία
1695 5041 1709 5056 ·
1756 5025 1950 5078 τούτου

361 5133 476 5202 γὰρ
503 5132 736 5202 μάλιστα
761 5127 1158 5197 ἐπιθυμοῦμεν,
1185 5119 1246 5178 οὗ
1291 5123 1528 5193 μάλιστά
1551 5123 1720 5190 ἐσμεν
1765 5119 1823 5171 ἐν
1870 5119 1952 5171 ἐν·

364 5227 488 5297 δείᾳ
519 5241 534 5258 ⁸
569 5225 678 5280 ἀπὺ
709 5225 819 5293 γὰρ
845 5223 1052 5284 ἐνδείας
1087 5217 1408 5290 ἡέπιθυμία
1442 5229 1456 5246 ⁸
1484 5215 1613 5268 ἔνθα
1667 5214 1778 5284 γὰρ
1805 5211 1872 5266 ἂν

365 5319 550 5387 κόρος,
579 5317 878 5386 ἐπιθυμίαν
905 5315 1007 5367 οὐκ
1028 5312 1174 5365 ἐστιν
1206 5305 1346 5362 εἶναι
1377 5322 1390 5338 ·
1427 5309 1520 5359 καὶ
1544 5305 1652 5376 γὰρ
1685 5305 1804 5356 τότε
1849 5302 1954 5372 μά-

366 5411 528 5462 λιστα
547 5409 815 5479 διψῶμεν,
851 5409 979 5460 ὅταν
1018 5403 1210 5466 ἐνδεῶς
1265 5401 1477 5472 ἔχωμεν
1515 5397 1700 5452 ποτοῦ.
1748 5394 1954 5449 Λοιπὸν

369 5498 466 5554 οὖν
497 5499 756 5570 ού.παρὰ
819 5501 1029 5561 πενίαν,
1095 5495 1230 5549 ἀλλὰ
1277 5493 1408 5563 παρ’
1471 5493 1616 5561 ἡμᾶς
1673 5488 1870 5549 αὐτοὺς
1917 5489 1950 5555 ή

373 5594 546 5664 βλάϐη
579 5594 786 5662 γίνεται
811 5607 824 5620 ’
850 5591 1025 5654 οὐδεὶς
1051 5591 1158 5660 γὰρ
1195 5589 1344 5658 ἡμᾶς
1373 5586 1712 5655 λυμανεῖται,
1744 5580 1836 5633 ἐὰν
1863 5579 1951 5646 νή-

449 5775 491 5806 "
547 5773 712 5828 Eceli.
747 5789 878 5836 xxx,
912 5772 1000 5824 21.
1861 5729 1894 5764 ⁸

2110 1985 2162 2038 9.
2195 1984 2560 2051 Quamobrem
2591 1999 2658 2038 ne.
2681 1981 3028 2036 delectantur
3043 1981 3262 2050 quidem
3297 1979 3614 2035 divitiarum

2039 2089 2315 2133 amatores
2339 2079 2403 2132 iis
2421 2093 2540 2146 qua:
2574 2077 2770 2130 habent
2793 2117 2806 2139 ,
2831 2073 3273 2146 quandoquidem
3298 2084 3406 2128 tota
3435 2083 3619 2130 mente

2039 2171 2104 2223 ad
2153 2171 2274 2223 illas
2315 2170 2528 2222 inhiant
2559 2184 2694 2236 quas
2735 2169 2980 2222 nomium
3033 2167 3212 2238 adepti
3247 2175 3393 2220 sunt.
3431 2167 3620 2235 Neque

2041 2272 2250 2319 tantum
2309 2279 2418 2318 non
2469 2263 2836 2327 delectantur,
2876 2277 3066 2314 verum
3100 2261 3263 2314 etiam
3301 2261 3622 2314 cruciantur

2039 2371 2148 2427 quo
2179 2357 2352 2426 magis
2382 2357 2680 2420 ditescant,
2715 2353 2841 2423 quia
2876 2353 3085 2408 nullum
3111 2352 3428 2424 cupiditatis
3451 2351 3623 2421 hujus

2041 2449 2336 2504 terminum
2391 2455 2715 2518 agnoscunt.
2777 2443 2933 2501 Sicut
2991 2445 3138 2500 enim
3203 2446 3295 2514 qui
3352 2453 3620 2514 perpetuo

2040 2541 2176 2604 sitit,
2208 2541 2422 2596 etiamsi
2458 2547 2747 2594 sexcentos
2778 2538 2998 2592 hauriat
3035 2537 3236 2605 fontes,
3275 2537 3482 2592 nullam
3518 2549 3620 2591 vo-

2041 2635 2304 2704 luptatem
2337 2633 2502 2701 capit,
2537 2633 2664 2701 quia
2695 2631 2902 2685 nullam
2946 2630 3256 2684 satietatem
3298 2629 3616 2698 experitur;

2041 2741 2236 2782 rursus
2261 2727 2403 2780 sicut
2429 2725 2600 2796 Spado
2623 2725 2851 2793 cupiens
2873 2723 3225 2792 juveueulam
3247 2722 3622 2792 devirginare.

2043 2829 2103 2875 ut
2158 2821 2234 2873 ait
2292 2817 2514 2888 quidam
2571 2817 2790 2888 sapiens
2819 2817 2882 2882 ι’,
2940 2831 3065 2869 cum
3114 2830 3234 2869 eam
3267 2814 3624 2882 corripuerit,

2042 2913 2238 2967 nititur
2271 2911 2492 2980 quidem
2533 2911 2585 2963 in
2628 2911 2912 2972 amasiam,
2969 2907 3062 2963 sed
3092 2907 3218 2976 quia
3267 2905 3623 2976 cupiditatem

2043 3003 2262 3072 explere
2293 3003 2504 3071 nequit,
2539 3001 2856 3066 cruciatur;
2892 3001 2966 3053 ita
3003 3013 3198 3052 avarus
3227 2997 3346 3076 auri
3381 2998 3624 3068 argenti-

1970 3121 2012 3177 α
2046 3110 2152 3164 que
2180 3094 2434 3163 cupidus,
2468 3109 2650 3147 rerum
2686 3093 2906 3163 quidem
2948 3093 3102 3162 copia
3127 3089 3354 3159 potitur,
3379 3091 3473 3144 sed
3494 3089 3622 3158 quia

2050 3197 2230 3240 tamen
2268 3185 2626 3256 cupiditatem
2656 3193 2821 3238 totam
2860 3186 3080 3251 explere
3109 3184 3326 3252 nequit,
3355 3191 3622 3252 perpetuo

2047 3277 2294 3330 cruciatu
2351 3285 2596 3344 urgetur.
2636 3273 2803 3345 Magis
2844 3277 2989 3327 enim
3022 3275 3292 3328 ditescere
3327 3277 3537 3336 volens,
3572 3282 3626 3328 et

2047 3367 2299 3439 pluribus
2359 3367 2686 3428 redundare,
2750 3365 3201 3434 ineenditpotius
3255 3382 3418 3436 quam
3472 3367 3627 3422 sedat

2048 3461 2442 3530 cupiditatem:
2468 3459 2560 3514 sed
2585 3459 2688 3513 etsi
2720 3457 2910 3512 decem
2942 3456 3109 3510 millia
3145 3457 3342 3512 talenta
3386 3459 3619 3526 ceperit.

2049 3551 2276 3607 totidem
2338 3552 2441 3606 alia
2489 3549 2694 3619 expetit
2737 3568 2749 3603 :
2789 3565 2910 3620 qum.
2959 3549 3003 3604 si
3055 3559 3386 3604 consecutus
3438 3549 3626 3610 fuerit.

2049 3645 2275 3700 totidem
2317 3655 2536 3715 exoptat
2573 3665 2586 3700 :
2639 3661 2986 3714 pergensque.
3027 3660 3213 3714 porro,
3249 3655 3460 3698 mortles
3489 3660 3626 3714 quo-

2048 3751 2176 3806 que,
2201 3747 2256 3791 et
2291 3747 2487 3791 terram
2516 3755 2580 3792 ac
2607 3753 2776 3800 mare,
2811 3738 2991 3790 omnia
3026 3735 3264 3805 denique
3295 3751 3491 3790 aurum
3518 3737 3624 3791 sibi

2051 3827 2166 3881 ﬁeri
2197 3830 2428 3897 posmlat
2451 3868 2463 3891 ,
2504 3845 2638 3882 nova
2674 3829 2908 3898 quadam
2953 3827 3164 3882 insania
3191 3870 3204 3894 ,
3258 3838 3312 3882 et
3342 3843 3622 3896 nunquam

2048 3920 2444 3990 exstinguenda
2482 3921 2782 3974 insaniens.
2838 3919 2892 3974 Si
2937 3936 3067 3991 ergo
3096 3922 3252 3990 plura
3285 3919 3624 3982 desiderare,

2049 4014 2388 4080 paupertatis
2413 4019 2498 4065 est
2537 4011 2798 4066 indicium
2827 4052 2841 4076 ,
2875 4011 3184 4082 huiusmodi
3220 4021 3399 4064 autem
3427 4011 3626 4077 estqui

2052 4103 2105 4156 in
2139 4101 2346 4156 divitiis
2377 4112 2626 4158 versatur
2653 4145 2666 4168 ,
2717 4105 2966 4172 sequitur
3022 4112 3080 4156 ut
3133 4101 3220 4156 hic
3256 4117 3364 4172 pra:
3412 4103 3629 4155 creteris

2049 4210 2259 4265 pauper
2308 4196 2399 4250 sit.
2435 4194 2624 4252 Vidcn‘
2676 4195 2840 4264 igitur
2891 4202 3019 4249 tunc
3051 4193 3334 4264 potissime
3383 4193 3620 4246 animam

2049 4300 2171 4340 esse
2196 4301 2508 4354 pauperem,
2528 4301 2651 4340 cum
2683 4295 2762 4338 est
2785 4285 2938 4339 dives
2959 4327 2971 4348 ,
2995 4291 3049 4340 et
3083 4293 3212 4338 tunc
3230 4299 3347 4340 esse
3376 4283 3624 4348 divitem,

2052 4393 2174 4434 cum
2221 4379 2272 4432 in
2317 4387 2636 4448 paupertate
2670 4379 2798 4433 est?

2128 4471 2214 4524 l0.
2247 4469 2398 4535 Quod
2441 4471 2484 4524 si
2517 4476 2712 4538 mavis,
2760 4483 2818 4526 ut
2853 4473 3014 4527 etiam
3049 4471 3100 4524 in
3129 4471 3379 4539 personis
3409 4484 3625 4523 sermo-

2053 4578 2175 4616 nem
2232 4571 2476 4616 nostrum
2511 4579 2905 4624 exerceamus.
2959 4562 3069 4616 sint
3118 4561 3307 4629 utique
3365 4561 3475 4614 duo
3507 4560 3630 4628 qni-

2052 4655 2202 4720 dam,
2222 4655 2360 4710 alius
2383 4655 2572 4710 decem
2607 4657 2751 4709 mille
2773 4656 2970 4710 talenta
2997 4654 3226 4716 habens,
3244 4653 3384 4707 alius
3401 4653 3588 4708 decem
3614 4673 3627 4708 :

2053 4761 2218 4815 porro
2261 4755 2555 4815 utrumque
2590 4745 2705 4800 suis
2754 4744 3074 4814 spoliemus.
3113 4743 3245 4808 Quis
3283 4744 3501 4812 gravius
3535 4743 3628 4796 do-

2051 4838 2229 4894 lebit?
2278 4837 2420 4892 Sane
2455 4839 2548 4906 qui
2582 4838 2769 4893 decem
2830 4836 2980 4889 mille
3033 4835 3234 4888 amisit.
3281 4835 3402 4890 Non
3446 4843 3626 4890 autem

2055 4929 2226 5000 magis
2264 4929 2500 4996 doleret,
2553 4929 2654 4984 nisi
2719 4935 2841 4998 plus
2879 4915 3146 4981 'atnaret:
3179 4927 3322 4997 quod
3358 4927 3400 4980 si
3457 4927 3628 4998 magis

2055 5031 2220 5088 amat,
2273 5023 2445 5092 magis
2477 5023 2670 5094 cupit:
2707 5023 2750 5078 si
2808 5022 2978 5090 magis
3017 5021 3186 5090 cupit,
3233 5022 3436 5092 majore
3485 5037 3625 5092 pau-

2054 5123 2264 5186 pertate
2292 5125 2560 5185 urgetur:
2595 5130 2717 5167 nam
2760 5115 2862 5168 hoc
2895 5114 3136 5182 precipue
3163 5122 3438 5183 optamus.
3471 5115 3628 5186 cujus

2054 5209 2327 5280 prteeipuc
2353 5209 2660 5278 indigemus
2701 5227 2712 5261 :
2771 5222 3006 5278 namque
3035 5222 3100 5260 ea
3133 5216 3372 5278 egestate
3413 5207 3630 5275 cupidi-

2055 5312 2174 5357 tas:
2207 5301 2305 5354 ubi
2355 5301 2502 5354 enim
2540 5301 2782 5364 satietas,
2824 5316 2930 5354 non
2966 5310 3048 5354 est
3081 5314 3309 5355 cernere
3359 5299 3629 5368 cupidita-

2058 5404 2183 5448 lem.
2227 5391 2362 5447 Nam
2416 5401 2546 5446 tunc
2593 5391 2974 5446 vehementius
3022 5391 3256 5458 sitimus,
3315 5407 3436 5446 cum
3501 5369 3628 5458 potui

2055 5500 2326 5539 caremus.
2359 5483 2624 5553 Superest
2680 5481 2865 5550 igitur,
2905 5497 3009 5535 non
3053 5497 3080 5536 a
3119 5487 3438 5551 paupertate.
3469 5477 3562 5530 sed
3593 5492 3626 5528 a

2056 5576 2215 5632 nobis
2271 5575 2406 5646 ipsis
2461 5573 2717 5628 damnum
2774 5573 2876 5627 hoc
2929 5573 3240 5643 provenire.
3275 5567 3448 5624 Nemo
3478 5565 3626 5621 enim
