4050 6210
517 285 620 348 983

493 509 593 548 oro
616 506 931 565 quaesoque;
964 513 1031 552 ne
1084 499 1244 554 talem
1275 503 1546 569 patiamur
1577 507 1863 576 insaniam,
1916 515 2061 568 salu-

493 593 603 640 tem
649 595 892 640 nostram
929 598 1154 658 propter
1198 592 1472 648 modicum
1533 610 1821 668 argentum
1875 607 2058 674 prodi-

489 677 849 745 genteszsed
903 677 1210 736 futurarum
1278 700 1462 740 rerum
1524 704 1676 758 spem
1739 692 2058 753 faveamus:

489 780 650 821 senes
691 767 909 835 quidem
941 808 958 834 ,
991 778 1180 838 utpote
1230 776 1514 832 manifeste
1559 791 1845 838 cernentes
1894 785 2060 843 breve

489 854 648 909 nobis
675 871 960 926 superesse
995 858 1119 912 vitae
1166 870 1415 932 tempus;
1460 866 1691 937 juvenes
1716 881 1921 938 autem,
1961 891 2060 930 ceu

491 955 640 1001 certo
674 949 930 1014 scientes,
964 950 1110 1006 haud
1143 955 1375 1010 multum
1405 958 1563 1013 nobis
1589 963 1859 1032 reliquum
1891 981 2011 1022 esse
2041 986 2056 1022 :

490 1051 724 1106 namque
755 1047 814 1092 ut
856 1039 943 1094 fur
977 1042 1030 1096 in
1079 1055 1260 1109 nocte,
1299 1047 1370 1101 ita
1414 1049 1532 1105 dies
1575 1051 1662 1106 illa
1699 1059 1867 1110 venit.
1899 1057 2058 1114 Omni

489 1129 656 1199 igitur
707 1133 891 1187 studio
952 1135 1191 1191 vitemus
1232 1139 1445 1208 cupida:
1497 1145 1743 1201 avaritia:
1783 1149 2058 1204 morbum.

487 1219 806 1291 Quanquam
836 1225 982 1280 enim
1021 1241 1160 1283 saeva
1197 1240 1279 1286 est
1304 1230 1418 1286 haec
1453 1233 1632 1290 bellua
1657 1277 1672 1300 ,
1707 1247 1768 1291 ut
1799 1238 2058 1308 diximus,

489 1312 872 1380 nihilominus,
907 1317 950 1371 si
984 1327 1131 1374 certe
1159 1322 1413 1388 velimus,
1447 1324 1603 1382 facile
1630 1343 1746 1383 eam
1775 1335 2060 1401 superabi-

487 1418 630 1458 mus.
650 1405 768 1460 Non
792 1408 939 1462 enim
964 1409 1147 1465 innata
1172 1421 1256 1466 est
1273 1429 1333 1469 ac
1354 1418 1616 1473 naturalis
1634 1420 1730 1474 ista
1752 1423 2059 1492 cupiditas;

487 1493 732 1564 alioquin
779 1496 890 1567 jam
944 1499 1071 1555 inde
1114 1517 1144 1556 a
1193 1521 1374 1560 rerum
1430 1507 1589 1563 initio
1647 1511 1809 1567 insita
1842 1512 2058 1570 fuisset.

487 1582 652 1652 Atqui
711 1587 1017 1656 antiquitus
1078 1607 1256 1662 neque
1290 1610 1484 1649 aurum
1531 1609 1671 1665 erat,
1716 1617 1892 1671 neque
1940 1606 2058 1660 auri

489 1675 632 1730 ullus
659 1687 891 1735 amator.

559 1769 647 1822 ll.
675 1769 831 1837 Jan),
887 1773 931 1828 si
1001 1775 1199 1842 vultis,
1229 1780 1371 1833 unde
1409 1781 1514 1837 hoc
1549 1785 1749 1840 malum
1790 1792 2057 1859 eruperit,

486 1857 685 1916 dicam.
724 1862 862 1918 Dum
902 1881 1269 1930 praecessores
1317 1887 1447 1930 suos
1481 1876 1714 1947 quisque
1745 1883 2057 1946 mmulatur,

489 1954 738 2010 morbum
779 1969 1040 2028 aggravat
1067 1978 1081 2028 ;
1113 1971 1168 2017 et
1210 1965 1547 2036 cupientem,
1578 1969 1625 2026 is
1655 1973 1748 2042 qui
1783 1977 2059 2030 antecedit

485 2043 700 2100 incitat.
733 2047 866 2103 Nam
909 2065 1032 2105 cum
1069 2053 1254 2108 vident
1282 2055 1474 2114 domos
1500 2061 1832 2129 splendidas,
1872 2064 2060 2119 latitu-

484 2137 668 2192 dinem
690 2153 967 2210 agrorum,
1001 2159 1285 2200 servorum
1311 2165 1522 2219 greges,
1544 2161 1598 2206 et
1625 2163 1881 2224 argentea
1910 2172 2057 2217 vasa,

485 2239 540 2281 et
591 2230 815 2284 multam
873 2236 1324 2292 vestimentorum
1371 2245 1705 2311 congeriem,
1763 2246 1903 2300 nihil
1949 2264 2057 2302 non

485 2325 655 2384 agunt
697 2327 757 2372 ut
786 2319 924 2374 alios
959 2335 1222 2392 superent
1256 2343 1268 2379 :
1310 2336 1474 2406 atque
1501 2332 1572 2386 ita
1597 2335 1810 2401 priores
1838 2350 2056 2390 causam

490 2408 735 2474 prabent
773 2414 1050 2480 secundis,
1087 2416 1140 2470 hi
1177 2415 1358 2474 autem
1415 2425 1671 2491 posteris.
1707 2425 1859 2492 Quod
1893 2429 1938 2483 si
1969 2443 2054 2484 so-

486 2499 771 2555 brietatem
833 2505 1071 2562 retinere
1107 2509 1332 2575 vellent,
1381 2513 1504 2568 aliis
1546 2517 1790 2587 magistri
1829 2535 1936 2574 non
1980 2522 2060 2574 fo-

484 2600 625 2646 rent.
683 2594 870 2665 Neque
929 2597 1133 2654 idcirco
1183 2601 1234 2654 hi
1301 2605 1634 2671 posteriores
1690 2619 2058 2677 excusantur;

483 2695 614 2739 sunt
642 2688 788 2740 enim
842 2688 934 2744 alii
975 2691 1066 2760 qui
1108 2708 1239 2762 opes
1273 2706 1664 2764 contemnunt;
1697 2703 1840 2770 quod
1879 2704 2054 2773 ipsum

483 2791 813 2848 magnopere
842 2780 1222 2850 demonstrat,
1255 2799 1363 2840 non
1397 2803 1514 2844 esse
1571 2793 1894 2848 naturaliter
1928 2796 2058 2850 insi-

484 2879 600 2924 tum
627 2873 874 2928 avaritia:
897 2875 1171 2941 morbum,
1199 2892 1321 2946 quae
1343 2895 1430 2934 res
1457 2895 1521 2934 ex
1542 2881 1648 2938 illis
1679 2886 1929 2953 patescit,
1959 2889 2055 2959 qui

483 2964 644 3021 alieni
705 2965 775 3022 ab
834 2981 900 3021 eo
953 2976 1099 3022 sunt.
1152 2967 1430 3038 Siquidem
1477 2974 2056 3048 physicae‘qualitates

483 3073 803 3114 communes
857 3060 1115 3114 omnibus
1143 3071 1313 3114 sunt:
1373 3063 1487 3119 haec
1536 3078 1718 3123 autem
1763 3073 2055 3141 cupiditas,
2085 3102 2129 3159 ο

484 3150 646 3219 culpa
681 3158 868 3205 nostra
920 3153 1302 3208 tantummodo
1323 3155 1538 3210 exsistit
1572 3176 1584 3210 :
1621 3159 1747 3214 hinc
1787 3165 2053 3229 nascitur,

484 3241 617 3296 hinc
675 3250 942 3312 augetur;
993 3254 1048 3298 et
1101 3242 1180 3298 illi
1216 3245 1488 3304 inhiantes
1525 3265 1648 3304 cum
1682 3259 2054 3324 occupaverit.

486 3344 676 3390 contra
707 3345 956 3390 naturam
991 3335 1116 3392 facit
1139 3338 1342 3394 vivere.
1363 3340 1576 3396 Etenim
1607 3358 1729 3399 cum
1762 3362 1869 3401 non
1893 3358 2058 3417 ag‘no-
2085 3411 2090 3417 _

487 3438 648 3483 scunt
703 3429 998 3499 populares
1049 3445 1199 3497 suos,
1265 3432 1491 3501 amicos,
1522 3434 1744 3500 fratres,
1794 3450 2058 3510 cognatos

487 3536 713 3590 prorsus
775 3521 1080 3590 quoslibet,
1110 3531 1166 3577 et
1216 3539 1337 3576 cum
1377 3524 1483 3578 illis
1540 3541 1598 3580 se
1640 3527 1786 3596 ipsos
1839 3546 2058 3601 quoque

487 3612 794 3680 negligunt,
831 3612 883 3666 id
918 3613 1062 3666 enim
1087 3629 1217 3668 vero
1253 3625 1439 3668 contra
1463 3625 1708 3670 naturam
1745 3621 1927 3676 vivere
1951 3635 2054 3677 est.

487 3702 642 3758 Unde
681 3714 909 3774 apparet
931 3704 1267 3758 contrarium
1300 3713 1509 3760 naturae
1549 3722 1672 3762 esse
1706 3709 1810 3763 hoc
1839 3711 2055 3776 vitium,

487 3797 540 3850 id
577 3809 660 3852 est
689 3799 932 3852 avaritiae
963 3798 1238 3854 morbum.

560 3889 650 3943 ιε.
676 3888 971 3959 Propterea
1005 3898 1060 3943 et
1102 3889 1271 3945 ludas
1319 3891 1371 3944 in
1410 3891 1553 3947 hunc
1591 3893 1842 3950 morbum
1899 3897 2058 3966 culpa

486 3999 584 4038 sua
613 3982 928 4051 implicitus,
967 3981 1213 4050 proditor
1236 3981 1438 4037 Christi
1478 3986 1711 4050 exstitit,
1746 4001 2058 4056 quanquam

487 4077 556 4129 ab
581 4074 773 4129 eodem
819 4073 1038 4128 Christo
1080 4083 1322 4129 vocatus.
1372 4075 1585 4145 Quippe
1613 4093 1720 4131 non
1771 4088 1855 4132 est
1911 4094 2062 4133 coar-

487 4177 645 4221 etans
674 4165 767 4219 Dei
807 4166 1044 4230 vocatio,
1100 4179 1278 4235 neque
1319 4166 1425 4218 vim
1485 4167 1613 4221 facit
1665 4169 1834 4222 menti
1867 4184 2058 4224 eorum

487 4257 583 4326 qui
616 4255 872 4310 virtutem
906 4255 1159 4324 amplecti
1192 4256 1386 4308 nolunt
1417 4255 1544 4309 :sed
1573 4256 1823 4311 hortatur
1851 4266 2060 4312 tantum

486 4359 545 4405 et
570 4348 850 4413 consulit,
878 4356 935 4402 et
964 4350 1156 4414 satagit
1201 4357 1364 4416 atque
1394 4347 1485 4400 dat
1518 4363 1738 4417 operam
1779 4350 2059 4405 suadendo

1641 303 2042 370 TllEODORI
2090 314 2642 382 MELITENIOTRE

495 399 655 454 nobis
683 399 922 463 nocebit.
951 402 993 458 si
1030 405 1212 461 sobria
1243 416 1424 464 mente
1457 409 2060 490 fuerimus-Propterea

2172 442 2383 496 φωμεν.
2423 433 2514 485 Διὸ
2549 437 2877 505 παρακαλῶ,
2935 441 3009 510 μὴ
3071 446 3236 500 τοσαῦ

3643 343 3740 406 Ωὲἷὶ

3241 466 3340 516 την
3387 449 3744 526 ὑπομένωμεν

2167 519 2374 586 ἄνοιαν,
2403 525 2744 592 προδιδόντες
2775 531 2870 595 τὴν
2898 537 3174 605 σωτηρίαν
3206 541 3363 609 ἡμῶν
3407 545 3495 597 διὰ
3555 552 3745 617 μικρὶν

2167 611 2490 679 ἀργυρίδιον
2526 633 2538 647 ·
2575 616 2690 670 ἀλλ’
2723 622 3076 692 ἀντεχόμενοι
3119 630 3216 696 τῆς
3249 611 3566 704 μελλούσης
3601 611 3746 692 ἑλπί-

2164 698 2272 761 δος.
2310 704 2488 773 οἱμὲν
2534 712 2932 778 γεγηρακότες,
2972 716 3067 768 ἅτε
3115 698 3317 785 εἰδότες
3363 698 3616 796 φανερῶς
3666 733 3743 783 ὅτι

2163 790 2346 858 ὀλίγος
2392 797 2527 865 ἡμῖν
2573 799 2924 856 ὑπολείπεται
2967 809 3066 876 τῆς
3121 811 3265 879 ζωῆς
3317 790 3539 884 χρόνος-⁸
3587 821 3637 872 οί
3691 823 3741 874 δὲ

2165 882 2296 947 νέοι,
2329 883 2423 938 ἅτε
2460 893 2818 960 πεπεισμένοι
2856 897 3045 964 σαφῶς
3080 901 3161 953 ὅτι
3190 904 3252 956 οὔ
3289 907 3422 959 πολὺ
3452 909 3512 961 τὸ
3570 910 3744 962 λειπε-

2167 989 2328 1040 μενον
2354 994 2368 1009 ο
2396 976 2471 1040 ὡς
2495 979 2602 1051 γὰρ
2639 983 2881 1054 κλέπτης
2926 987 2983 1039 ὲν
3013 995 3191 1058 νυκτὶ,
3252 995 3424 1059 οὕτως
3483 1002 3515 1068 ἡ
3571 1003 3743 1070 ἡμέρα

2163 1064 2343 1135 ἐκείνη
2374 1068 2616 1138 ἔρχεται.
2672 1077 2967 1149 Φεύγωμεν
2992 1086 3142 1157 πάσῃ
3190 1090 3394 1159 σπουδῇ
3428 1064 3526 1160 τῆς
3558 1064 3746 1163 φιλαρ-

2164 1157 2364 1255 γνρίας
2398 1162 2500 1228 τὴν
2543 1166 2733 1220 νόσον·
2761 1173 2809 1223 ει
2841 1173 2948 1244 γὰρ
3008 1179 3100 1230 και
3134 1180 3306 1232 δεινὸν
3335 1157 3490 1234 τὸυτῖ
3536 1157 3600 1236 τε
3651 1157 3742 1255 οη-

2165 1244 2300 1314 ρίον,
2328 1249 2404 1311 ὡς
2431 1253 2680 1325 εἵπομεν.
2713 1259 2828 1313 ἀλλ’
2880 1264 3030 1333 ὅμως
3075 1267 3171 1320 ὲάν
3223 1270 3486 1339 θέλωμεν,
3548 1244 3746 1344 ῥᾳδῗίιλς

2163 1340 2536 1409 περιεσόμεθα
2569 1362 2584 1377 ·
2621 1349 2682 1400 οὐ
2717 1351 2824 1419 γάρ
2853 1353 3000 1407 ἐστιν
3034 1358 3064 1425 ἡ
3101 1357 3370 1430 ἐπιθυμία
3401 1340 3743 1433 αὖτητέμφυο

2162 1444 2254 1490 τος
2283 1431 2378 1484 καὶ
2405 1437 2611 1506 φυσική
2647 1453 2660 1468 ·
2695 1440 2726 1508 ἢ
2755 1442 2860 1512 γὰρ
2897 1444 2962 1496 ἂν
2992 1449 3146 1518 παρὰ
3178 1451 3274 1520 τὴν
3305 1452 3480 1523 ἀρχὴν
3501 1431 3738 1524 ἐνετέθη.

2162 1519 2280 1574 Νῦν
2300 1523 2357 1574 δὲ
2383 1529 2605 1595 χρυσίον
2629 1531 2728 1585 οὐκ
2759 1528 2824 1602 ἦν
2856 1535 3086 1606 ἀνωθεν,
3108 1519 3235 1596 οὐδὲν
3253 1519 3472 1615 ηράἓίς
3495 1519 3741 1616 χρυσίου.

2237 1792 2325 1842 ια’.
2375 1787 2516 1842 ⁹Δλλ⁹
2570 1793 2618 1844 εί
2670 1792 2949 1860 βούλεσθε,
3012 1798 3153 1868 λέγω
3186 1801 3348 1856 πόθεν
3404 1807 3624 1877 εἰσῆλθε
3689 1812 3745 1866 τὺ

2162 1880 2330 1932 κακόν
2360 1897 2374 1913 ο
2406 1881 2634 1946 ἕκαστος
2682 1886 2776 1938 τὸν
2826 1891 2932 1958 πρὸ
2964 1891 3127 1944 αὐτοῦ
3183 1893 3491 1963 ζηλοῦντες,
3533 1901 3743 1954 ἐπέτει-

2162 1987 2252 2022 νον
2296 1971 2358 2022 to
2388 1973 2624 2043 νόσημα,
2689 1977 2782 2029 καὶ
2827 1981 2921 2032 τὸν
2989 1982 3317 2053 βουλόμενον
3371 1989 3398 2042 ὁ
3454 1993 3746 2059 προλαῦὼν

2164 2057 2420 2126 ἐρεθίζει.
2468 2062 2640 2116 Ὅταν
2687 2068 2794 2136 γὰρ
2850 2067 3035 2122 ίδωσιν
3079 2074 3255 2136 οίκίας
3307 2057 3594 2147 λαμπρὰς,
3656 2084 3742 2133 καὶ

2163 2148 2368 2218 πλῆθος
2385 2153 2595 2222 ἀγρῶν,
2624 2159 2719 2208 καὶ
2750 2158 3100 2228 ἀνδραπόδων
3129 2165 3348 2232 ἀγέλας,
3385 2171 3479 2222 καὶ
3525 2171 3743 2239 ἀργυρᾶ

2164 2240 2354 2309 σκεύη,
2393 2243 2488 2294 καὶ
2517 2244 2687 2300 πολὺν
2738 2250 2970 2318 ἱματίων
3025 2256 3276 2323 φορυτὸν,
3340 2261 3515 2313 πάντα
3572 2267 3742 2331 πράτ-

2163 2347 2365 2396 τουσιν,
2396 2333 2537 2387 ὥστε
2571 2337 2977 2406 ὑπερϐαλέσθαι
3011 2358 3026 2373 °
3082 2344 3222 2398 ὥστε
3269 2347 3319 2400 oi
3376 2342 3586 2420 πρῶτοι
3637 2353 3742 2405 τῶν

2161 2421 2432 2494 δευτέρων
2459 2426 2620 2480 αίτιοι
2665 2429 2925 2498 γίνονται,
2955 2435 3199 2489 κάκεῖνοι
3222 2437 3329 2490 τῶν
3369 2443 3492 2508 μετ’
3517 2445 3738 2508 αὐτούς.

2164 2512 2226 2566 Ei
2256 2514 2311 2566 δὲ
2343 2516 2628 2572 ἐϐούλοντο
2657 2528 2977 2595 σωφρονεῖνζ
3001 2527 3101 2579 οὐκ
3131 2526 3196 2580 ἄν
3252 2535 3364 2594 τοϊς
3404 2532 3591 2596 ἄλλοις
3631 2539 3744 2604 ἐγί-

2161 2623 2314 2660 νοντο
2364 2609 2733 2667 διδάσκαλοι·
2798 2617 2999 2686 μᾶλλον
3047 2620 3104 2672 δὲ
3153 2621 3274 2674 οὐδὲ
3323 2625 3535 2688 τούτοις
3600 2628 3742 2681 ἔστιν

2160 2699 2428 2768 ἀπολογία
2453 2718 2467 2732 ⁸
2504 2704 2611 2757 eici
2645 2706 2752 2777 γὰρ
2778 2709 2870 2762 καὶ
2902 2710 3082 2781 ἕτεροι
3113 2716 3415 2783 χρημάτων
3467 2734 3649 2787 κατ-ας
3663 2738 3742 2789 ρο-

2160 2792 2378 2858 νοῦντες
2410 2810 2423 2825 ·
2447 2795 2476 2848 ὃ
2503 2797 2596 2850 καὶ
2627 2801 2756 2852 αὐτὸ
2785 2802 2986 2872 δεῖγμα
3041 2808 3297 2873 μέγιστον
3321 2809 3413 2862 τοῦ
3447 2811 3521 2880 μὴ
3583 2830 3744 2878 φυσι-

2161 2885 2254 2936 κὸν
2287 2879 2426 2940 εἶναι
2450 2887 2510 2940 τὸ
2546 2890 2641 2959 τῆς
2689 2892 3057 2965 φιλαργυρίας
3095 2898 3304 2968 νόσημα
3330 2917 3346 2932 ο
3371 2904 3464 2954 καὶ
3512 2879 3583 2955 ἐκ
3637 2905 3744 2956 τῶν

2161 2973 2365 3043 ταύτης
2415 2976 2525 3046 γὰρ
2577 2980 3018 3052 ἀπηλλαγμένων
3075 2986 3234 3041 τοῦτο
3281 2991 3494 3057 γίνεται
3560 2994 3740 3062 δῆλον,

2162 3064 2347 3134 ἐπειδὴ
2385 3065 2453 3118 τὰ
2481 3067 2581 3137 τῆς
2609 3070 2824 3138 φύσεως
2859 3075 3011 3128 κοινὰ
3036 3078 3254 3132 πάντων
3288 3081 3436 3134 ἐστίν
3467 3098 3482 3113 ο
3514 3082 3664 3152 αὕτη
3691 3087 3742 3137 δὲ

2164 3157 2226 3206 ἐκ
2277 3157 2552 3228 ῥᾳθυμίας
2607 3162 2638 3230 ἡ
2674 3163 2941 3234 ὲπιθυμία
3001 3169 3210 3234 γίνεται
3243 3172 3411 3243 μόνης
3440 3189 3455 3204 ·
3487 3175 3744 3228 ἐντεῦθεν

2163 3250 2381 3315 φὲεται,
2419 3252 2666 3306 ἐντεῦθεν
2707 3253 2929 3321 αὔξεται
2957 3276 2971 3290 ·
3008 3261 3248 3325 καὶτοὺς
3297 3266 3434 3333 πρὸς
3462 3267 3641 3338 αὐτὴν
3659 3286 3745 3320 κε-

2162 3345 2393 3412 χηνότας
2426 3345 2553 3398 ὅταν
2585 3346 2704 3418 ἕλῃ,
2731 3350 2886 3420 παρά
2915 3351 3078 3419 φύσιν
3103 3357 3248 3407 ποιεῖ
3277 3357 3399 3426 ζῇν.
3423 3359 3606 3413 Ὅταν
3638 3363 3743 3430 γὰρ

2161 3435 2398 3503 ἀγνοῶσι
2422 3441 2546 3502 τοὺς
2563 3442 2887 3510 ὁμοφύλους,
2916 3447 3043 3510 τοὺς
3076 3448 3360 3517 ἀδελφοὺς,
3390 3453 3516 3514 τοὺς
3542 3470 3743 3523 συγγε-

2162 3533 2269 3592 νεῖς
2315 3532 2561 3598 ἅπαντας
2593 3535 2799 3601 ἁπλῶς,
2835 3541 2920 3590 καὶ
2956 3542 3092 3607 μετὰ
3118 3542 3323 3596 τούτων
3361 3545 3455 3598 καὶ
3487 3547 3737 3608 ἑαυτοὺς.

2163 3625 2311 3692 παρὰ
2377 3625 2537 3692 φύσιν
2569 3627 2726 3681 τοῦτὸ
2756 3631 2870 3682 ἐστι
2905 3633 3025 3701 ζῇν.
3060 3634 3223 3687 Ὅθεν
3267 3636 3424 3708 δῆλον
3467 3642 3549 3691 ὅτι
3589 3642 3740 3710 παρὰ

2162 3715 2324 3781 φύσιν
2359 3719 2389 3786 ἠ
2421 3717 2610 3783 κακία,
2637 3723 2733 3772 καὶ
2761 3720 2820 3772 τὸ
2849 3723 2946 3790 τῆς
2981 3723 3342 3795 φιλαργυρίας
3386 3728 3631 3799 νόσημα.

2237 3897 2320 3967 ιβ’.
2349 3901 2442 3952 Διὰ
2477 3899 2635 3954 τοῦτο
2675 3903 2769 3956 καὶ
2797 3905 2824 3956 ὸ
2856 3904 3055 3966 Ἰούδας
3081 3906 3250 3975 τοῦτῳ
3293 3909 3618 3979 περιπεσὼν
3674 3915 3736 3965 ἐκ

2163 3988 2462 4058 ῥᾳθυμίας,
2507 3992 2771 4061 προδότης
2821 3995 3035 4059 ἐγένετο
3094 3997 3187 4051 τοῦ
3237 3999 3495 4067 Χριστοό,
3550 4004 3736 4056 καίτοι

2159 4081 2382 4147 κληθεὶς
2419 4079 2513 4134 ὑπ’
2542 4082 2708 4135 αὐτοῦ
2732 4083 2825 4137 τοῦ
2853 4086 3095 4156 Χριστοῦ
3125 4105 3138 4120 ι
3170 4091 3261 4142 καὶ
3295 4093 3404 4161 γὰρ
3435 4094 3534 4146 οὐκ
3566 4095 3740 4160 ἀναγ-

2162 4171 2398 4241 καστικὴ
2433 4173 2528 4225 τοῦ
2553 4173 2686 4226 Θεοῦ
2723 4177 2754 4243 ὴ
2788 4175 3001 4244 κλῆσις,
3022 4180 3142 4232 οὐδὲ
3178 4180 3426 4248 βιάζεται
3455 4185 3554 4252 τὴν
3596 4185 3740 4254 γνὼ-

2163 4279 2271 4333 μην
2303 4264 2410 4316 τῶν
2438 4263 2513 4334 μὴ
2549 4263 2892 4336 βουλομένων
2926 4269 3127 4341 ἀρετὴν
3155 4273 3372 4327 ἑλέσθαι
3403 4291 3416 4305 ·
3451 4275 3591 4329 ἀλλὰ
3629 4295 3737 4329 πα-

2163 4357 2340 4420 ραινεῖ
2371 4357 2464 4424 μὲν
2498 4358 2593 4410 καὶ
2627 4359 3008 4426 συμϐουλεύει,
3054 4364 3146 4415 καὶ
3204 4365 3380 4418 πάντα
3439 4370 3590 4418 ποιεῖ
3644 4372 3737 4420 καὶ

488 4453 552 4498 ut
591 4442 719 4497 boui
759 4440 992 4495 ﬁamus:
1027 4454 1189 4510 quam
1232 4438 1278 4493 si
1315 4440 1560 4493 nonnulli
1601 4456 1706 4493 non
1739 4440 2056 4505 admittunt,

2166 4446 2643 4514 πραγματεύεται,
2681 4447 2821 4502 ὥστε
2877 4453 3063 4505 πεῖσαι
3107 4455 3359 4519 γενέσθαι
3406 4458 3683 4526 χρηστούς
3718 4476 3732 4490 ο

486 4537 633 4592 haud
674 4534 880 4592 idcirco
911 4532 1092 4603 cogit;
1115 4532 1275 4588 sicuti
1309 4547 1486 4601 neque
1514 4531 1710 4587 Judam
1743 4532 1918 4603 coegit
1941 4533 2059 4588 ﬁeri

486 4623 717 4686 bonum,
749 4630 1036 4692 postquam
1071 4621 1350 4689 improbus
1400 4637 1710 4691 pravusque
1749 4623 1907 4692 culpa
1940 4639 2061 4692 pro—

485 4716 606 4786 pria
645 4713 714 4767 ob
779 4712 927 4765 hunc
982 4711 1233 4764 morbum
1281 4721 1548 4765 evaserat.
1588 4712 1726 4767 llinc
1775 4713 1944 4775 enim,
2005 4725 2062 4767 et

488 4823 596 4860 non
634 4802 878 4870 aliunde,
934 4802 1070 4856 [lunt
1116 4803 1429 4873 huiusmodi
1464 4804 1834 4858 mutationes:
1871 4819 2063 4872 quem-

488 4895 783 4950 admodum
822 4910 852 4948 a
887 4895 1031 4948 bono
1057 4895 1240 4948 studio
1255 4894 1562 4963 procedunt
1580 4897 1891 4950 contrarian
1914 4895 2059 4962 Quot

487 4989 634 5042 enim
685 4987 780 5057 qui
823 4986 1040 5040 fuerant
1095 4987 1354 5050 violenti,
1416 4989 1814 5044 mansuetiores
1863 4989 2060 5044 ovibus

491 5089 675 5148 postea
710 5077 1215 5143 evaserunt?Quot
1242 5079 1548 5144 luxuriosi,
1579 5080 1837 5149 deinceps
1871 5082 2058 5150 pudici

487 5171 1006 5238 exstiteruntiQuot
1035 5180 1195 5225 antea
1229 5188 1472 5242 rapaces,
1492 5173 1689 5228 deinde
1721 5189 1815 5228 sua
1841 5189 2060 5244 quoque

487 5267 879 5338 proiecerunt?
913 5267 1302 5334 Quamobrem,
1328 5269 1374 5322 si
1405 5269 1668 5339 sapimus,
1705 5270 1890 5338 procul
1918 5271 2059 5340 abji-

489 5364 699 5417 ciamus
753 5361 1067 5415 divitiarum
1100 5361 1476 5429 cupiditatem,
1517 5371 1572 5417 et
1620 5363 1864 5417 avaritia:
1914 5378 2059 5416 mor-

487 5453 653 5517 bum;
681 5452 837 5521 cujus
867 5452 1167 5521 nequitiam
1206 5454 1305 5523 ipsi
1331 5469 1549 5523 quoque
1579 5462 1850 5508 testantur
1887 5455 2055 5517 avari,

491 5545 744 5615 iniuriam
768 5543 872 5598 sibi
904 5543 1019 5598 ﬁeri
1039 5545 1372 5617 iudicantes.
1393 5545 1829 5614 quotiescunque
1858 5543 2061 5613 aliquis

492 5634 572 5689 eis
611 5635 712 5690 hoc
740 5637 1094 5706 opprobrium
1137 5637 1421 5706 ohjeccrit.
1451 5635 1515 5689 Et
1548 5652 1607 5690 re
1656 5637 1876 5704 quidem
1905 5651 2055 5697 vera,

501 5740 774 5779 summum
811 5726 912 5781 hoc
942 5738 1023 5782 est
1058 5726 1432 5796 opprobrium,
1470 5727 1759 5794 multaeque
1801 5726 2058 5797 nequitiae

2166 4537 2215 4588 εἰ
2239 4538 2292 4589 δὲ
2330 4538 2404 4608 μὴ
2435 4539 2752 4606 ἀνάσχοιντὸ
2777 4558 2943 4607 τινες,
2967 4543 3065 4596 οὐκ
3127 4545 3447 4612 ἀναγκάζει,
3478 4548 3736 4616 καθάπερ

2164 4626 2286 4678 οὺέὲ
2317 4627 2406 4678 τὸν
2454 4628 2658 4681 Ἰούδαν
2685 4630 2964 4698 ἠνάγκασε
2997 4634 3248 4699 γενέσθαι
3292 4635 3474 4700 καλὸν,
3502 4637 3736 4704 γενόμε-

2163 4735 2252 4770 νον
2284 4719 2556 4789 μοχθηρὸν
2591 4720 2686 4774 καὶ
2715 4720 2915 4791 φαῦλον
2942 4723 3047 4776 ἀπὸ
3068 4725 3257 4778 τούτου
3283 4725 3374 4778 τοῦ
3425 4729 3734 4798 νοσήματος

2163 4810 2226 4860 ἐκ
2271 4811 2540 4880 ῥᾳυυμίας
2571 4826 2584 4840 ·
2630 4812 2879 4865 ἐντεῦθεν
2917 4815 3009 4867 καὶ
3073 4817 3181 4885 γὰρ
3235 4819 3334 4871 οὐκ
3399 4818 3622 4871 ἄλλοθεν
3675 4821 3733 4872 αἱ

2162 4901 2408 4955 τοιαῦται
2441 4903 2753 4971 μεταϐολαὶ,
2792 4906 3039 4974 καθάπερ
3071 4908 3175 4960 ἀπὸ
3222 4911 3460 4979 σπουδῆς
3506 4915 3562 4964 αἱ
3597 4915 3734 4982 πρδς

2163 4993 2223 5045 τὸ
2262 4994 2524 5046 ἐναντίον.
2561 4995 2720 5047 Πόσοι
2741 4995 2871 5062 γοῦν
2892 4997 3172 5066 γενόμενοι
3201 4999 3394 5068 βίαιοι,
3442 5002 3737 5071 προϐάτων

2163 5083 2502 5154 ἡμερώτεροι
2531 5086 2812 5153 γεγόνασιν
2842 5086 3066 5158 ὕστερον
3097 5107 3112 5156 ;
3156 5093 3315 5146 Πόσοι
3343 5095 3593 5162 ἀσελγεῖς
3632 5096 3740 5148 σώ-

2165 5191 2360 5242 φρονες
2393 5174 2530 5242 μετὰ
2557 5176 2727 5228 ταῦτα
2755 5181 3098 5247 κατέστησαν
3131 5198 3146 5244 ;
3200 5183 3362 5235 Πόσοι
3409 5185 3735 5239 πλεονέκται

2163 5264 2269 5333 πρὸ
2305 5265 2494 5316 τούτου
2527 5264 2752 5335 ὕστερον
2773 5268 3003 5339 ἔρριψαν
3028 5273 3119 5323 καὶ
3173 5272 3242 5325 τὰ
3285 5274 3509 5339 αὐτῶν;
3567 5277 3736 5330 Ὥστε

2162 5356 2558 5423 ἐὰννὴειυμεν,
2595 5359 3046 5432 ἐκϐαλοῦμεντὴν
3078 5365 3374 5434 ἐπιθυμῖαν
3424 5368 3518 5420 τοῦ
3568 5369 3739 5421 1:10:3-

2161 5463 2273 5509 του,
2302 5446 2395 5498 καὶ
2419 5447 2514 5516 τῆς
2545 5449 2908 5518 φιλαργυρίας
2947 5453 3005 5504 τὸ
3031 5454 3263 5521 νόσημα,
3297 5456 3433 5527 ὅπερ
3467 5459 3555 5510 καὶ
3573 5460 3736 5512 αὐτοὶ

2165 5536 2534 5607 μαρτυροῦσιν
2567 5535 2705 5591 εἶναι
2740 5543 2910 5595 κακὸν
2932 5545 2980 5594 0i
3017 5545 3371 5616 φιλάργυροι.
3416 5551 3733 5618 νομίζοντες

2164 5631 2321 5700 ῧῦριν
2344 5632 2402 5682 τὸ
2431 5629 2685 5700 πρᾶγμα,
2717 5633 2844 5685 ὅταν
2875 5651 2956 5697 τις
2991 5636 3174 5698 αὐτοῖς
3231 5637 3388 5690 τοῦτο
3433 5640 3734 5708 προσενέγο

2164 5739 2234 5794 κῃ
2257 5723 2323 5786 ρο
2363 5722 2560 5784 ὄνειδος
2601 5738 2612 5750 ⁸
2644 5724 3095 5794 ἔσχατον-τοῦτο,
3128 5734 3224 5781 καὶ
3269 5730 3468 5800 πολλῆς
3525 5729 3730 5791 κακίας
