4050 6210
323 333 433 395 985

1712 344 2056 408 ETlllCON
2111 349 2213 411 IX.

3488 360 3590 425 056

320 443 622 508 ἀπόδειξις.
659 443 722 497 Εἰ
755 444 863 514 γὰρ
907 447 1210 518 χρημάτων
1255 448 1534 520 ὑπεριδεῖν
1568 455 1668 506 οὑκ
1724 455 1908 524 ἀνεχόυ

2019 469 2421 529 argumeutum.
2457 461 2588 517 Nam
2636 464 2678 518 si
2729 481 2859 534 opes
2895 475 3248 521 contemnere
3287 485 3393 522 non
3428 473 3592 524 susti-

325 536 490 608 μεθα,
538 538 684 600 τίνος
741 537 904 594 ἄλλου
968 542 1341 613 περιεσόμεθά
1389 562 1516 597 ποτε
1569 548 1908 618 ἐπιθυμίαςς

321 629 457 682 ἀλλὰ
488 626 832 700 δοξομανίας,
869 632 1044 702 θυμοῦ
1079 633 1111 703 ἢ
1141 633 1358 704 όργῆςς
1396 637 1505 690 Καὶ
1560 639 1677 702 πῶς
1707 641 1775 694 ἄν
1833 659 1910 704 τις

323 721 617 791 πεισθείης
657 723 960 792 ἐπιθυμίας
999 725 1099 792 μὲν
1133 728 1241 798 γὰρ
1277 727 1440 782 ἕνεκα
1493 729 1596 800 τῆς
1653 733 1765 784 τῶν
1812 751 1916 785 σω⁶

327 812 512 882 μάτων
544 815 638 866 καὶ
663 812 835 884 θυμοῦ
863 817 956 867 καὶ
988 816 1159 886 ὀργῆς
1180 817 1370 873 πολλοὶ
1419 820 1514 873 καὶ
1557 823 1655 890 τῆς
1711 824 1913 893 σαρκὸς

322 904 424 971 τὴν
457 905 809 972 κατασκευὴν
840 907 1177 975 λογίζονται,
1215 912 1315 964 καὶ¹
1344 912 1445 974 τὰς
1479 912 1790 982 ὑπερϐολὰς
1815 917 1910 966 ἁν-

322 996 623 1050 τιτιθέασιν
659 997 860 1068 ίατρῶν
891 1001 1083 1064 παῖδες
1115 1016 1130 1030 ·
1182 1003 1280 1056 καὶ⁸
1321 1003 1415 1058 τὸν
1442 1004 1540 1072 μέν
1581 1005 1914 1075 θερμότερον

326 1091 426 1142 καὶ
456 1088 756 1159 ὑγρότερον
788 1089 1120 1162 λαγνότερον
1152 1090 1297 1148 εἷναί
1345 1113 1501 1164 φασι,
1531 1097 1623 1150 τὸν
1669 1097 1724 1150 δέ
1776 1098 1914 1168 πρὸς

329 1179 967 1250 ξηροτέρανψπεσόντα
993 1185 1333 1256 δυσκρασίαν
1368 1188 1666 1258 ἀκροχολον
1695 1190 1792 1243 καὶ
1823 1191 1914 1242 θυ-

328 1269 504 1342 μώδη.
524 1271 912 1344 Φυλαργυρίας
946 1276 1002 1329 δέ
1032 1277 1218 1331 ἐνεκεν
1249 1279 1427 1343 οὐδεὶς
1448 1280 1704 1335 οὐδέποτε
1730 1281 1912 1334 αὐτῶν

327 1361 559 1431 ἣκουσεν
587 1363 892 1434 είρηκότων
922 1382 976 1418 τι
1009 1368 1269 1422 τοιοῦτον.
1317 1369 1474 1424 Οὕτω
1507 1370 1782 1441 ῥᾳθυμίας
1815 1372 1913 1441 μό·

326 1468 427 1519 νης
460 1452 580 1504 ἐστὶ
613 1453 707 1506 καὶ
750 1453 932 1526 ψυχῆς
987 1459 1298 1528 ἁναλγήτου
1354 1460 1513 1514 τοῦτο
1568 1461 1628 1514 τὸ
1676 1462 1910 1535 νόσημα,

325 1543 424 1596 καὶ
445 1543 671 1598 δυνατὸν
690 1547 851 1600 τοῦτο
886 1552 1081 1616 φυγεῖν
1111 1553 1282 1622 ἡμᾶς,
1333 1553 1399 1606 ἂν
1430 1554 1697 1624 θέλωμεν.

397 1632 488 1702 ιγ’.
522 1635 927 1706 Σπουδάσωμεν
957 1641 1274 1710 τοιγαροῦν,
1307 1644 1604 1710 ἀγαπητοὶ,
1639 1645 1734 1698 καὶ
1785 1644 1911 1698 τοῦ·

318 1744 383 1780 το
406 1727 835 1797 δ;ορθὼσασθαι,
869 1732 962 1785 καὶ
999 1732 1068 1786 τὰ
1100 1733 1224 1786 καθ’
1251 1735 1490 1806 ἑκάστην
1519 1736 1740 1806 ἡλικίαν
1774 1739 1908 1808 ἡμῖν

2020 567 2228 606 nemus.
2270 570 2563 623 quamnam
2599 573 2836 626 unquam
2865 559 3149 613 vincemus
3177 561 3337 614 aliam
3382 560 3597 628 cupidi-

2019 646 2232 698 tatem?
2263 663 2391 700 num
2448 648 2675 715 glorim?
2708 666 2836 703 num
2884 653 3051 706 animi
3084 653 3440 708 vehementia:
3499 663 3594 705 aut

2017 735 2142 789 irae?
2177 736 2310 802 Quis
2361 738 2411 791 id
2449 739 2674 792 credat?
2719 740 3084 808 Cupiditatem
3132 744 3351 811 quidem
3401 757 3596 811 corpo-

2016 842 2162 893 rum,
2222 837 2274 882 et
2330 829 2497 882 animi
2536 831 2960 894 vehementiam,
2997 842 3053 887 et
3106 835 3264 896 iram,
3326 835 3481 886 multi
3538 834 3591 886 in

2017 919 2198 972 carnis
2225 928 2474 973 naturam
2505 921 2815 987 conferunt,
2849 940 3012 994 quam
3051 941 3164 980 rem
3206 926 3404 980 medici
3434 942 3596 993 exag-

2017 1018 2240 1079 gerant:
2275 1019 2328 1064 et
2358 1027 2482 1065 eum
2510 1014 2601 1080 qui
2633 1015 2703 1067 sit
2738 1015 2966 1069 calidior
3016 1017 3386 1077 humidiorve.
3430 1015 3591 1070 lasci-

2014 1101 2225 1154 viorem
2272 1117 2392 1156 esse
2435 1104 2588 1157 aiunt
2621 1120 2635 1157 :
2684 1117 2738 1158 at
2777 1107 3064 1161 sicciorem
3101 1110 3356 1163 sortitum
3390 1118 3595 1176 tempe.

2017 1194 2308 1260 rationem,
2343 1194 2664 1250 irritabilem
2713 1195 2829 1251 fore
2882 1209 2938 1253 et
2983 1200 3330 1254 iracundum.
3369 1201 3594 1254 Verum-

2018 1293 2195 1338 tamen
2243 1284 2311 1338 de
2366 1286 2591 1339 avaritia
2648 1287 2786 1343 nihil
2849 1289 3161 1361 hujusmodi
3210 1293 3279 1346 ab
3333 1293 3421 1348 his
3482 1293 3591 1348 dici

2015 1388 2255 1442 unquam
2279 1386 2620 1444 compertum
2659 1387 2763 1433 est.
2800 1378 2951 1433 Adeo
2986 1381 3157 1435 solius
3213 1383 3476 1437 socordiae
3509 1391 3592 1438 est

2013 1465 2319 1535 animaeque
2373 1467 2601 1538 ignaviae
2651 1469 2738 1525 hic
2797 1471 3062 1540 morbus,
3107 1488 3344 1543 eumque
3394 1475 3589 1551 vitare,

2013 1557 2304 1625 potestatis
2327 1567 2526 1614 nostra:
2545 1571 2650 1617 est.

2087 1647 2173 1700 15.
2205 1646 2536 1704 Studeamus
2577 1651 2782 1722 itaque,
2838 1652 3169 1718 charissimi,
3212 1652 3316 1708 hoc
3371 1669 3590 1723 quoque

2015 1741 2307 1794 emendare
2336 1741 2548 1808 vitium,
2580 1752 2636 1798 et
2669 1759 2761 1799 eas
2789 1759 2910 1814 qua:
2959 1745 3014 1800 in
3061 1747 3290 1816 singulis
3337 1747 3592 1801 mtatibus

323 1820 687 1888 ἐπιγινόμενα
712 1822 861 1894 πάθη
887 1827 1024 1892 πρὸς
1057 1826 1118 1879 τδ
1143 1827 1386 1881 ἐναντίον
1438 1828 1772 1898 μεταθεῖναι.
1814 1831 1911 1884 Ἂν

2019 1829 2340 1886 oboriuntur
2360 1832 2520 1888 nobis
2538 1834 2890 1904 cupiditates,
2909 1835 2964 1891 in
2995 1836 3332 1891 contrarium
3351 1849 3589 1892 vertere.

321 1912 379 1966 δὲ
403 1913 528 1967 καθ’
549 1914 782 1968 ἕκαστον
818 1917 986 1986 μέρος
1020 1918 1120 1987 τῆς
1160 1919 1310 1990 ζωῆς
1358 1920 1518 1990 ἡμῶν
1575 1923 1910 1990 παραπλέωο

327 2023 431 2077 μεν
478 2009 607 2071 τοὺς
654 2010 752 2079 τῆς
799 2009 1002 2077 ἀρετῆς
1059 2003 1279 2076 πόνους,
1349 2014 1627 2083 πανταχοῦ
1673 2017 1911 2083 ναυάγια

327 2098 717 2168 ὑπομένοντες,
754 2101 846 2152 ἐπὶ
869 2101 960 2154 τὸν
988 2101 1183 2171 λιμένα
1212 2102 1403 2156 λοιπον
1433 2105 1680 2169 ἐλθόντες
1711 2105 1912 2176 ἔρημοι

324 2189 566 2259 φορτίων
613 2192 1050 2261 πνευματικῶν,
1111 2195 1179 2245 τὰ
1233 2193 1439 2263 ἔσχατα
1501 2195 1908 2266 ὑπομενοῦμεν.

326 2281 574 2348 Πέλαγος
626 2281 736 2354 γάρ
794 2283 945 2337 ἐστιν
977 2284 1280 2352 τεταμένον
1329 2287 1357 2338 ὁ
1393 2286 1584 2356 παρὼν
1635 2287 1786 2355 βίος’
1817 2289 1910 2342 καὶ

327 2366 519 2439 ὥσπερ
541 2370 599 2423 ἐν
629 2372 696 2439 τῇ
719 2369 961 2442 θαλάττῃ
991 2369 1162 2442 ταύτῃ
1196 2371 1450 2444 διάφοροι
1497 2374 1690 2428 κόλποι
1723 2375 1910 2443 διαφόο

252 2448 254 2450 ’
332 2477 460 2532 ρους
490 2461 705 2531 ἔχοντες
728 2462 1004 2532 χειμῶνας
1037 2479 1052 2494 ο
1096 2467 1240 2518 καὶὸ
1271 2468 1373 2534 μὲν
1425 2467 1648 2534 Αἰγαῖος
1701 2467 1792 2520 διὰ
1845 2469 1915 2522 τὰ

326 2553 622 2623 πνεύματά
645 2557 757 2607 ἐστι
790 2555 1027 2626 χαλεπός
1056 2573 1069 2586 ·
1096 2560 1124 2610 6
1175 2557 1230 2610 δὲ
1283 2558 1533 2628 πορθμὸς
1581 2561 1607 2613 6
1635 2561 1914 2632 Τυρρηνι-

327 2643 426 2706 κὸς
447 2643 536 2697 διὰ
557 2645 656 2715 τὴν
686 2648 1053 2718 στενοχωρίαν
1089 2663 1102 2676 ·
1139 2650 1172 2718 ἡ
1208 2647 1266 2702 δέ
1302 2651 1584 2721 Χάρυὸδις
1611 2653 1642 2722 ἡ
1675 2653 1812 2722 προς
1846 2655 1910 2723 τῇ

332 2735 510 2808 Λιϐύῃ
539 2738 627 2791 διὰ
651 2737 718 2791 τὰ
747 2739 992 2810 τέλματα
1022 2755 1037 2771 ⁸
1072 2743 1105 2812 ἡ
1138 2743 1442 2810 Προποντὶς
1467 2745 1499 2813 ὴ
1543 2742 1650 2808 ἔξω
1680 2743 1773 2797 τοῦ
1809 2745 1912 2797 Εὑο

335 2825 513 2892 ξείνου
544 2829 748 2883 Πόντου
780 2831 866 2884 διὰ
887 2831 946 2884 τδ
975 2833 1234 2902 ῥαγδαῖον
1266 2833 1360 2888 τοῦ
1415 2835 1598 2906 ροθίου
1633 2852 1649 2867 σ
1700 2836 1770 2892 τὰ
1809 2837 1915 2902 ἔξω

333 2919 609 2992 Γαδείρων
638 2921 724 2976 διὰ
748 2923 846 2994 τὴν
894 2925 1137 2995 ἐρημίαν
1184 2927 1279 2978 καὶ
1326 2925 1387 2979 τὸ
1435 2927 1658 2996 άτριόἐς
1705 2929 1799 2984 καὶ
1856 2928 1916 2981 τδ

331 3014 688 3084 ἀνιστόρητον
715 3016 826 3068 τῶν
857 3017 1038 3071 τόπων
1059 3035 1073 3051 ο
1109 3019 1207 3071 καὶ
1237 3019 1365 3074 ἄλλο
1397 3021 1564 3091 μέρος
1595 3021 1660 3073 δι’
1685 3021 1870 3091 ἕτερον
1896 3037 1910 3051 ·

332 3105 476 3158 οὕτω
503 3108 594 3158 καὶ
633 3108 726 3160 ἐπὶ⁹
756 3108 856 3178 τῆς
885 3111 1030 3178 ζωῆς
1079 3111 1179 3180 τῆς
1229 3112 1532 3183 ἡμετέρας.
1587 3113 1699 3166 Καὶ
1765 3113 1914 3182 πρῶ-

333 3215 426 3250 τον
469 3199 705 3269 πέλαγος
755 3201 904 3254 ἔστιν
957 3201 1086 3255 ίδεῖν
1139 3202 1200 3256 τὸ
1237 3203 1339 3272 τῆς
1397 3204 1654 3276 παιδικῆς
1696 3205 1913 3276 ἡλικίας

333 3294 505 3347 πολὺν
532 3295 654 3365 ἕχον
679 3295 773 3350 τὸν
798 3297 959 3351 σάλον
991 3297 1080 3350 διὰ
1103 3299 1162 3351 τὸ
1197 3299 1449 3369 ἀνόητον,
1478 3299 1567 3352 διὰ
1621 3301 1720 3369 τὴν
1757 3301 1912 3377 εὑκο-

333 3384 480 3450 λίαν,
503 3387 591 3441 διὰ
623 3388 685 3441 τὸ
715 3388 792 3459 μὴ
829 3389 1164 3459 πεπηγέναι.
1201 3392 1302 3444 Διά
1351 3389 1514 3444 τοῦτο
1562 3391 1660 3445 καὶ
1718 3392 1912 3446 παιδα·

335 3479 556 3546 γωγοὺς
585 3480 900 3548 ἐφιστῶμεν
947 3483 1043 3534 καὶ
1098 3482 1480 3550 διδασκάλους,
1511 3483 1572 3536 τὸ
1623 3483 1810 3537 λεῖπον
1847 3486 1913 3553 τῇ

292 3611 314 3626 .
337 3570 500 3638 φύσει
524 3572 612 3625 διὰ
631 3573 730 3643 τῆς
755 3574 1076 3644 ἐπιμελείας
1112 3577 1488 3647 είσφέροντες,
1557 3575 1748 3646 ὥσπερ
1798 3578 1916 3629 ἐκεῖ

336 3661 424 3716 διὰ
459 3663 555 3733 τῆς
575 3666 771 3734 τέχνης
803 3666 898 3734 τῆς
922 3667 1344 3738 κυϐερνητικῆς.
1375 3669 1532 3722 Μετὰ
1571 3668 1776 3738 ταύτην
1819 3669 1916 3738 τὴν

338 3754 557 3823 ἠλικίαν
586 3757 733 3825 ὴτοῦ
770 3759 1058 3828 μειρακίου
1113 3759 1419 3828 διαδέχεται
1469 3760 1737 3824 θάλασσα,
1789 3761 1918 3814 ἔνθα

342 3843 550 3914 σφοδρὰ
571 3845 638 3898 τὰ
670 3845 983 3914 πνεύματα,
1017 3847 1268 3918 καθάπερ
1302 3850 1361 3899 ἐν
1410 3847 1488 3916 τῷ
1529 3847 1761 3915 Αίγαίῳ,
1818 3849 1917 3913 τῆς

341 3935 638 4004 ἐπιθυμίας
664 3939 798 4006 ἡμῖν
819 3937 1218 4007 αὐξανομένης.
1278 3937 1387 3990 Καὶ
1421 3938 1559 4006 αὕτη
1615 3937 1852 4007 μάλιστα
1885 3939 1916 4005 ἡ

340 4024 532 4095 ἡλικία
558 4026 902 4096 διορθώσεως
938 4027 1170 4098 ἔρημος,
1201 4027 1262 4081 οὑ
1290 4027 1377 4081 διὰ
1397 4027 1456 4080 τὸ
1484 4029 1554 4080 τά
1583 4029 1919 4098 ἁμαρτήμα-

340 4129 412 4168 τα
433 4118 509 4184 μὴ
557 4117 930 4188 ἐλέγχεσθαι·
995 4119 1090 4170 καὶ
1135 4119 1244 4187 γὰρ
1294 4118 1390 4170 καὶ
1444 4117 1761 4180 διδάσκαλος
1821 4119 1918 4170 καὶ

341 4207 694 4277 παιδαγωγὸς
747 4210 936 4262 λοιπὸν
983 4209 1282 4275 ἐξίσταται.
1339 4209 1510 4262 Ὅταν
1565 4206 1660 4262 οὑν
1711 4209 1778 4262 τὰ
1821 4209 1919 4277 μέν

343 4300 638 4370 πνεύματα
691 4300 1054 4372 σφοδρότερον
1092 4301 1345 4371 διαπνέῃ,
1403 4301 1432 4353 6
1475 4300 1532 4354 δέ
1577 4300 1921 4372 κυϐερνήτης

341 4389 760 4460 ἀσθενέστερος,
792 4395 887 4444 καὶ⁹
931 4394 958 4442 6
995 4391 1217 4459 ἀμύνων
1238 4389 1410 4454 οὐδεὶς
1435 4386 1492 4462 ᾖ,
1523 4389 1776 4458 ἐννόησον
1825 4391 1919 4443 τοῦ

2013 1923 2171 1992 Quod
2210 1927 2254 1982 si
2297 1943 2392 1997 per
2423 1929 2671 1999 singulos
2705 1930 2828 1984 vita
2871 1941 3069 1985 nostra:
3099 1932 3299 2001 gradus
3340 1933 3592 2002 negiexc-

2015 2018 2192 2072 rimus
2219 2019 2436 2073 virtutis
2475 2019 2715 2085 labores,
2747 2021 2950 2092 ubique
2979 2022 3263 2092 naufragia
3291 2026 3588 2094 patientes,

2015 2123 2140 2164 cum
2166 2110 2219 2164 in
2252 2120 2469 2181 portum
2505 2111 2744 2181 denique
2771 2113 3056 2170 veniemus
3105 2117 3444 2184 spiritalibus
3473 2133 3591 2171 sar-

2015 2201 2156 2256 cinis
2205 2203 2384 2265 vacui,
2427 2217 2740 2272 supremam
2793 2219 3011 2271 pmnam
3069 2208 3307 2262 luemus.
3358 2205 3588 2278 Pelagus

2015 2292 2162 2345 enim
2189 2301 2400 2346 vastum
2429 2301 2511 2346 est
2536 2292 2645 2346 vita
2665 2308 2929 2362 prtesens.
2952 2295 3019 2350 Et
3042 2297 3501 2366 quemadmodum
3536 2301 3589 2352 in

2019 2369 2306 2438 hoc’mari
2362 2383 2566 2438 diversi
2620 2386 2776 2440 sinus
2826 2395 2987 2449 sunt,
3037 2387 3287 2442 diversas
3329 2389 3593 2444 habentes

2017 2476 2370 2536 tempestates
2395 2486 2410 2534 ;
2437 2486 2561 2524 nam
2590 2471 2834 2542 Egazum
2861 2489 3010 2529 mare
3052 2477 3124 2530 ob
3156 2489 3345 2532 ventos
3373 2478 3592 2532 diliieile

2016 2567 2132 2613 est:
2159 2559 2359 2614 fretum
2384 2560 2788 2632 Tyrrhenicum
2813 2575 3033 2635 prapter
3064 2569 3344 2636 angustias
3371 2586 3387 2634 ;
3417 2571 3593 2640 Syrtis

2015 2647 2158 2717 apud
2191 2649 2416 2721 Libyam
2443 2651 2514 2706 ob
2546 2661 2754 2707 tractus
2781 2655 3088 2722 palustres;
3125 2657 3412 2727 Propontis
3439 2670 3592 2714 extra

2017 2745 2245 2808 pontum
2277 2739 2546 2795 Euxinum
2567 2751 2786 2812 propter
2806 2743 3074 2800 undarum
3098 2747 3358 2816 impetum
3385 2766 3397 2808 ;
3425 2751 3591 2802 maria

2018 2831 2158 2887 ultra
2185 2831 2362 2888 Gades
2393 2845 2620 2904 prapter
2643 2838 3004 2894 solitudinem
3040 2849 3094 2894 et
3118 2839 3223 2893 iter
3247 2840 3590 2902 inusitatum,

2016 2931 2072 2975 et
2120 2923 2365 2978 locorum
2399 2925 2782 2994 ignorantiam,
2821 2938 2878 2984 et;
2924 2930 3044 2983 aliae
3074 2931 3233 2984 aliam
3273 2931 3342 2985 ob
3370 2947 3588 2986 causam

2017 3026 2233 3084 partes;
2292 3019 2362 3074 ita
2417 3023 2676 3075 usuvenit
2722 3023 2847 3076 vitae
2891 3033 3107 3077 nostrae.
3154 3023 3394 3077 Primum
3443 3039 3598 3076 mare

2019 3108 2206 3164 videre
2247 3121 2331 3165 σει
2361 3113 2587 3182 puerilis
2631 3115 2827 3181 aetatis,
2857 3115 3080 3170 multam
3127 3115 3333 3169 habens
3354 3131 3594 3170 commo-

2020 3202 2222 3257 tionem
2254 3205 2324 3259 ob
2357 3205 2626 3260 inscitiam
2655 3217 2710 3262 et
2737 3208 3142 3278 simplicitatem
3185 3225 3247 3264 ac
3291 3209 3588 3262 levitatem.

2021 3295 2319 3365 Propterea
2342 3307 2398 3351 et
2414 3301 2734 3369 paedagogos
2752 3300 3081 3369 apponimus
3099 3308 3261 3370 atque
3283 3301 3594 3370 magistros,

2021 3399 2231 3443 natura:
2271 3390 2542 3445 defectum
2594 3406 2726 3446 cura
2757 3394 3096 3462 supplentes,
3146 3395 3285 3448 sicut
3340 3394 3394 3448 in
3453 3393 3597 3446 mari

2019 3478 2372 3547 providemus
2392 3481 2735 3548 gubernandi
2763 3493 2898 3537 arte.
2944 3483 3094 3538 lianc
3143 3493 3354 3538 atatem
3386 3483 3594 3553 excipit

2019 3570 2404 3626 adolescentia
2431 3587 2601 3637 mare,
2653 3574 2744 3628 ubi
2781 3574 3135 3629 vehementes
3163 3574 3329 3634 venti.
3363 3574 3508 3628 sicut
3538 3575 3592 3626 in

2017 3661 2227 3730 Egmo,
2267 3672 2424 3718 aucta
2470 3663 2522 3716 in
2565 3664 2723 3718 nobis
2767 3664 3229 3734 concupiscentia.
3266 3667 3442 3732 Atque
3479 3664 3595 3717 lucc

2021 3756 2364 3823 potissimum
2387 3766 2518 3810 tetas
2541 3757 2897 3811 emendatore
2923 3765 3109 3817 caret,
3136 3770 3243 3809 non
3267 3755 3442 3808 solum
3468 3755 3598 3824 quia

2022 3846 2401 3901 vehementius
2442 3845 2678 3912 fastidit,
2705 3847 2798 3901 sed
2842 3847 2968 3916 quia
3012 3855 3229 3915 peccata
3256 3861 3362 3900 nou
3407 3862 3598 3915 reprc-

2022 3936 2374 4003 henduntur;
2404 3953 2524 3990 nam
2559 3939 2815 4007 magister
2835 3949 2891 3992 et
2929 3937 3291 4008 paedagogus
3316 3938 3424 4008 jam
3467 3937 3596 3990 sub-

2021 4027 2152 4081 moti
2207 4027 2380 4082 fuere.
2416 4027 2551 4082 Cum
2578 4043 2708 4097 ergo
2758 4027 2904 4082 venti
2951 4027 3174 4097 quidem
3218 4025 3595 4082 vehementius

2021 4117 2176 4182 flant,
2223 4118 2558 4188 gubernator
2586 4134 2716 4172 vero
2761 4118 3031 4172 infirmior
3081 4127 3182 4181 est,
3214 4126 3270 4170 et
3317 4127 3596 4186 protector

2022 4211 2207 4265 nullus
2223 4220 2328 4275 est,
2353 4210 2638 4265 considera
2660 4220 2860 4280 quanta
2893 4211 2963 4265 sit
2995 4220 3308 4280 tempestas.
3332 4208 3596 4263 Posthine

2022 4303 2203 4357 adhuc
2241 4302 2344 4356 alia
2371 4301 2547 4357 aetatis
2582 4318 2728 4372 pars,
2759 4317 2960 4372 nempe
3001 4301 3176 4356 virilis
3205 4301 3377 4364 subit,
3403 4301 3457 4354 in
3489 4315 3596 4369 qua

2023 4396 2099 4449 rei
2124 4395 2411 4449 familiaris
2441 4411 2593 4459 cura,
2621 4395 2674 4448 in
2706 4409 2812 4464 qua
2841 4411 3000 4459 uxor,
3032 4393 3261 4464 nuptiae,
3293 4393 3595 4448 liberorum

341 4483 613 4553 χειμῶνος
652 4485 716 4536 τὸ
735 4483 988 4553 μέγεθος.
1015 4484 1170 4537 Μετὰ
1197 4482 1358 4536 τοῦτο
1382 4481 1548 4536 πάλιν
1575 4481 1766 4551 ἕτερον
1824 4483 1914 4551 μέ-

2023 4486 2354 4556 procreatio,
2386 4486 2581 4540 domus
2616 4486 2956 4556 regimen,et
2983 4487 3138 4540 multi
3163 4484 3595 4539 sollicitudinum

343 4589 434 4646 ρος
453 4577 552 4646 τῆς
581 4575 823 4645 ἡλικίας,
860 4577 920 4630 τὸ
939 4577 1051 4630 τῶν
1082 4576 1291 4646 ἀνδρῶν
1317 4575 1550 4640 ἔπεισιν,
1582 4576 1640 4627 ἐν
1661 4569 1704 4643 ᾧ
1730 4577 1797 4628 τὰ
1818 4578 1917 4646 τῆς

340 4670 659 4740 οἰκονομίας
685 4671 962 4723 ἐπίκειται
997 4684 1012 4699 ’
1048 4670 1136 4723 ὅτε
1183 4669 1240 4721 δὲ
1271 4667 1408 4738 γυνὴ
1441 4669 1536 4721 καὶ
1595 4668 1773 4736 γάμος
1821 4672 1917 4722 καὶ

2026 4575 2236 4630 nimbi:
2269 4586 2512 4646 tuncque
2553 4577 2830 4646 praecipue
2863 4577 3090 4631 avaritia
3118 4575 3410 4631 eﬂlorescit
3435 4583 3598 4643 atque

2024 4668 2254 4723 invidia.

341 4767 659 4822 παιδοποιία
691 4767 786 4822 καὶ
807 4767 985 4830 οἰκίας
1031 4764 1363 4837 προστασία,
1423 4764 1518 4818 καὶ
1567 4765 1762 4818 πολλαὶ
1818 4765 1926 4818 τῶν
2002 4767 2302 4836 φροντίδων
2351 4765 2598 4836 νιφάδες,
2644 4766 2766 4820 τότε
2817 4762 3053 4836 μάλιστα
3090 4762 3188 4816 καί
3264 4761 3600 4832 φιλαργυρία

339 4861 496 4916 ἀνθεῖ
554 4862 648 4916 καὶ
707 4862 994 4932 βασκανία.

417 4953 499 5009 ιδ’.
535 4955 703 5008 Ὀταν
730 4949 824 5006 οὖν
847 4951 1078 5005 ἕκαστον
1110 4953 1275 5021 μέρος
1316 4951 1417 5020 τῆς
1446 4949 1678 5020 ἡλικίας
1709 4965 1920 5020 παρερ-

340 5047 574 5118 χώμεθα
609 5048 750 5116 μετὰ
777 5046 1075 5113 ναυαγίων,
1107 5044 1224 5107 πῶς
1274 5043 1585 5114 ἁρκέσομεν
1615 5045 1679 5112 τῇ
1716 5041 1922 5111 παρούο

343 5157 414 5212 σῃ
449 5140 562 5209 ζωῇ
591 5158 606 5205 ;
637 5139 753 5201 πῶς
777 5138 878 5209 τὴν
911 5136 1212 5206 μέλλουσαν
1238 5134 1636 5204 διαφευξόμεθα
1655 5133 1877 5186 κόλασιν
1903 5149 1918 5196 ;

342 5236 473 5288 ὅταν
503 5234 612 5302 γὰρ
647 5233 705 5284 ἐν
745 5230 844 5299 μέν
881 5231 947 5300 τῇ
981 5227 1177 5299 πρώτῃ
1212 5227 1398 5297 ἡλικίᾳ
1433 5226 1599 5294 μηδὲν
1637 5223 1920 5295 μανθάνω-

347 5340 450 5391 μεν
491 5323 669 5391 ὑγιές,
701 5323 759 5374 ἐν
797 5321 852 5374 δέ
876 5324 940 5391 τῇ
972 5320 1186 5388 νεότητι
1223 5318 1298 5390 μὴ
1329 5319 1796 5388 σωφρονήσωμεν,
1825 5317 1920 5368 καλ⁸

345 5416 541 5483 ἄνδρες
593 5415 880 5482 γενόμενοι
933 5410 1298 5482 φιλαργυρίας
1358 5410 1434 5481 μὴ
1479 5408 1920 5480 περιγενώμεθα,

341 5509 463 5561 τότε
496 5507 684 5574 ὥσπερ
721 5507 798 5568 εἴς
821 5523 940 5559 τινα
969 5505 1192 5558 ἀντλίαν
1219 5505 1276 5557 τὸ
1310 5507 1483 5574 γῆρας
1519 5503 1786 5567 ἐλθόντες,
1825 5503 1919 5554 καὶ

345 5601 550 5661 πάσαις
583 5601 703 5662 ταῖς
727 5598 932 5666 πάγαις
975 5597 1201 5658 ταύταις
1231 5597 1290 5648 τὸ
1341 5596 1546 5663 σκάφος
1600 5594 1698 5664 τῆς
1740 5594 1919 5663 ψυχῆς

348 5688 741 5761 ἀσθενέστερον
768 5687 1311 5754 κατασκευάσαντες,
1361 5685 1471 5738 τῶν
1525 5685 1754 5738 σανίδων
1805 5685 1920 5737 δια-

345 5779 681 5849 λελυμένωνν
713 5781 1097 5852 ἀπαντήσομεν
1156 5781 1235 5842 εἰς
1290 5779 1505 5832 ἐκεῖνον
1543 5777 1632 5830 τὸν
1697 5776 1915 5845 λιμένα,

2099 4947 2185 5002 14.
2219 4945 2273 5002 Si
2301 4959 2433 5017 ergo
2465 4945 2708 5015 singulas
2726 4943 2903 5000 atatis
2928 4953 3112 5013 partes
3141 4943 3287 4998 inter
3314 4942 3596 5014 naufragia

2025 5039 2414 5108 transigemus,
2450 5037 2583 5108 quid
2626 5047 2828 5091 nostra
2863 5037 3117 5107 pra‘senti
3153 5035 3278 5089 vita:
3314 5035 3600 5104 fiet?quo-

2026 5129 2189 5182 modo
2221 5130 2459 5183 futuram
2501 5128 2794 5182 vitabimus
2820 5126 3072 5196 poenam?
3094 5126 3226 5181 Nam
3264 5126 3309 5180 si
3341 5126 3392 5178 in
3424 5126 3597 5196 prima

2022 5232 2181 5277 :etate
2239 5223 2380 5277 nihil
2427 5238 2620 5276 sanum
2665 5222 3062 5285 didicerimus,
3115 5223 3169 5275 in
3226 5221 3593 5275 adolescentia

2024 5323 2393 5383 temperantes
2438 5329 2546 5367 non
2585 5314 2874 5377 fuerimus,
2928 5313 2982 5365 in
3019 5312 3277 5366 virilitate
3309 5312 3592 5366 avaritiam

2023 5420 2133 5459 non
2166 5405 2646 5474 superaverimus;
2683 5411 2814 5456 tunc
2848 5402 2915 5457 ad
2961 5411 3304 5458 senectutem
3333 5401 3496 5455 veluti
3526 5399 3592 5451 ad

2023 5499 2315 5567 quamdam
2347 5499 2614 5552 sentinam
2645 5477 2911 5566 proiecti,
2940 5506 3227 5565 postquam
3266 5495 3351 5547 his
3380 5490 3596 5546 cunctis

2023 5589 2432 5661 impedimentis
2479 5593 2735 5660 scapham
2775 5587 2968 5644 animze
3007 5587 3363 5642 infirmiorem
3398 5583 3600 5637 enece-

2022 5686 2215 5748 rimus,
2247 5681 2449 5736 tabulis
2489 5682 2912 5743 dissilientibus,
2949 5681 3008 5735 in
3062 5680 3214 5734 illum
3250 5684 3468 5745 portum
3501 5689 3600 5726 ωε

2023 5774 2257 5839 niemus,
2309 5772 2496 5830 multis
2556 5772 2770 5830 onerati
2828 5769 3138 5841 quisquiliis
3199 5782 3298 5837 pro
3358 5763 3598 5836 spiritali
