4050 6210
327 235 432 298 ἐκεῖ
1404 253 1506 314 EX
1562 251 1799 314 una!)

1862 256 1902 312 ἶ)
1917 255 1954 312 E

1999 257 2528 320 ASTRONOMM.
3486 272 3592 330 θ’(ι

323 355 624 422 τροφίμους
661 357 890 414 ποιοῦσα
925 364 1052 434 περὶ
1081 365 1186 434 γῆν
1218 370 1628 436 στρεφομένους
1661 370 1767 432 ἔτι,
1798 373 1894 422 καὶ

2013 373 2201 438 vincit,
2259 389 2424 442 supra
2487 373 2706 444 quidem
2773 377 3054 430 terrestria
3117 378 3424 446 erigendo,
3493 401 3586 437 su-

322 451 382 498 τὸ
411 449 474 516 δὴ
524 451 781 517 μέγιστον
811 455 892 515 είς
939 456 1173 525 μίμησιν
1213 459 1474 526 ἥκοντας.
1500 461 1623 512 ὅσον
1658 461 1902 528 ἐφικτὸν,

322 540 418 590 τοῦ
453 540 610 596 Θεοῦ.
643 543 750 594 Ἦν
796 544 1031 612 ὑμνοῦσι
1083 548 1182 616 μὲν
1211 550 1262 600 οἶ
1299 565 1356 602 τε
1385 550 1645 618 τρόφιμοι
1677 551 1904 618 ταύτης,

323 631 416 682 καὶ
457 632 682 700 ὅσοιπερ
737 635 844 686 ἀπὸ
898 637 998 705 τῆς
1057 639 1284 692 συννὰου
1333 657 1509 712 ταυτῃ
1572 644 1902 712 ποιητικῆς·

327 719 556 788 ὑμνοῦσι
585 723 644 774 δὲ
675 722 951 791 λογοποιοί
1000 741 1084 792 τε,
1127 729 1222 780 καὶ
1279 723 1360 791 οἷς
1407 732 1468 783 τὸ
1506 733 1606 800 τὴν
1655 731 1906 798 γλῶτταν

327 811 629 880 ἑλληνίζειν
662 817 886 888 σπουδὴ,
920 817 1058 887 πλὴν
1090 819 1138 872 εί
1171 821 1244 888 μή
1279 821 1378 874 πού
1410 837 1494 883 τις
1531 821 1730 890 μανίαν
1761 824 1906 876 ἁπα-

329 905 636 974 ρηγκερητον
671 907 920 974 μαίνεται
947 925 962 942 ο
995 910 1140 964 οὕτω
1175 911 1319 982 μέγα
1352 913 1446 964 καὶ
1471 914 1613 966 θεῖόν
1643 929 1694 966 τι
1719 915 1908 984 χρῆμα

327 996 508 1062 σοφία.
543 999 649 1050 Καὶ
677 999 848 1065 οὕτως
879 1001 1176 1072 ὑπερφυῶς
1206 1003 1573 1074 ὲννοῆσαι,ὼ;
1601 1005 1736 1074 μηδὲ
1763 1006 1912 1072 ἔχειν

327 1089 506 1140 εἰπεῖν
543 1090 680 1157 μήτε
735 1108 788 1144 τι
829 1092 940 1146 τῶν
987 1095 1118 1164 παρ’
1175 1097 1310 1164 ἡμῖν
1345 1097 1536 1167 ἕτερον
1577 1095 1908 1167 πάμπληθες

327 1177 623 1248 ὑπερέχειν
676 1181 786 1235 τῶν
835 1184 1048 1236 ἄλλων·
1085 1185 1284 1238 οὐκοῦν
1317 1187 1441 1240 οὐδὲ
1498 1188 1748 1254 γέγονεν,
1801 1185 1910 1240 οὐδ’

327 1269 476 1338 eum
533 1289 610 1340 τῳ
668 1275 862 1344 μηδενὶ
894 1277 954 1328 τὸ
997 1279 1298 1351 πρόσρημα
1361 1281 1507 1334 τοῦτ’
1565 1285 1906 1349 ἐπενεγκεῖν,

327 1359 630 1416 οὔτ’ἄλλου
677 1363 752 1434 (1)
789 1365 990 1435 μᾶλλον
1023 1371 1220 1441 σοφίαςΙ
1254 1371 1532 1442 ἀνθρώπῳ
1585 1377 1907 1443 προσήκειν.

331 1455 543 1508 οὐκοῦν
573 1458 684 1510 οὐδ’
733 1459 885 1514 ἐστιν
937 1461 1137 1526 ἄλλως,
1174 1463 1248 1533 μὴ
1303 1463 1502 1533 σοφίας
1531 1459 1800 1530 ὑπούσης,
1831 1466 1910 1536 τῷ

328 1545 446 1600 ὄντι
478 1551 866 1620 καταφανῆναι
921 1553 1210 1606 κάλλιστον
1235 1555 1328 1608 καὶ
1371 1554 1662 1626 ἄνθρωπον
1694 1557 1912 1628 ἀληθῶς

327 1639 474 1709 λόγῳ
496 1657 552 1692 τε
583 1643 890 1712 χρώμενον,
923 1647 1016 1697 καὶ
1053 1647 1230 1714 τούτῳ
1254 1647 1364 1700 τῶν
1410 1647 1614 1700 λοιπῶν
1647 1651 1910 1720 μετεχόν-

327 1747 438 1784 των
461 1733 558 1785 τοῦ
587 1735 688 1804 ζῇν
715 1737 1068 1806 διαφέροντα.

2007 480 2219 534 praque
2253 466 2490 546 visibilia
2517 465 2839 522 collocando
2897 469 3146 525 alumnos
3179 487 3330 536 suos,
3385 483 3588 528 terram

2008 556 2186 610 adhuc
2215 556 2518 613 incolentes
2555 573 2740 613 rerum
2773 561 3076 615 cmlcstium
3115 563 3410 630 participes
3460 567 3587 620 red-

2007 647 2110 712 dit,
2141 657 2196 702 et
2229 648 2294 701 ad
2323 649 2516 712 Deum,
2552 661 2818 719 quantum
2847 655 3063 722 assequi
3099 653 3150 707 id
3185 655 3332 721 licet,
3367 657 3588 712 imitan-

2007 742 2138 794 dum
2171 752 2472 810 promovet.
2505 743 2677 809 Quam
2707 761 2830 799 cum
2864 747 3030 815 ipsius
3063 747 3299 801 alumnis
3319 759 3590 819 quotquot

2007 837 2300 903 peetieam,
2333 850 2456 889 cum
2492 850 2554 889 ea
2593 837 2857 905 templum
2913 855 3206 893 commune
3269 839 3584 904 habentem,

2007 926 2222 990 colunt,
2273 927 2491 997 hymnis
2517 929 2820 983 celebrant.
2851 925 3132 990 O'ratores.
3164 933 3370 1000 quique
3407 932 3592 988 Grzece

2009 1014 2158 1082 loqui
2204 1015 2474 1078 ambiunt,
2509 1017 2612 1070 nisi
2667 1019 2876 1074 insania
2922 1020 3208 1076 incurabili
3243 1032 3472 1090 agantur
3505 1039 3594 1078 ιο-

2009 1111 2338 1174 xenturque,
2378 1105 2566 1162 laudes
2606 1108 2724 1179 ejus
2757 1120 2964 1164 canunt
3009 1122 3060 1165 et
3093 1113 3412 1181 praedicant,
3453 1115 3592 1167 adeo

2011 1211 2204 1266 magna
2234 1199 2532 1269 divinaque
2551 1216 2639 1256 res
2689 1213 2778 1257 est
2801 1205 3095 1274 sapientia.
3129 1207 3376 1276 Tamque
3393 1209 3592 1262 eximie

2013 1305 2078 1344 ac
2115 1292 2328 1346 excelse
2351 1291 2416 1346 de
2447 1307 2510 1346 ea
2564 1296 2938 1358 sentiendum,
2970 1307 3029 1354 ut
3079 1299 3228 1354 aliud
3289 1300 3590 1368 quidquam

2011 1396 2224 1446 eorum,
2255 1399 2375 1452 qua:
2409 1385 2552 1454 apud
2583 1401 2684 1440 nos
2725 1389 2988 1442 mortales
3015 1389 3173 1442 valde
3221 1390 3390 1444 multa
3424 1402 3553 1442 sunt
3577 1431 3591 1450 ,

2013 1475 2226 1528 caeteris
2257 1485 2515 1542 praestare
2543 1478 2834 1547 quisquam
2883 1479 3066 1534 dicere
3097 1491 3354 1549 nequeat.
3404 1481 3592 1549 Neque

2015 1563 2306 1632 contingit,
2344 1574 2403 1618 ut
2435 1566 2579 1619 ullus
2614 1567 2718 1622 alia
2751 1567 2818 1624 de
2849 1585 2910 1622 re
2943 1570 3190 1639 qualibet
3217 1570 3322 1623 hoc
3352 1569 3590 1641 elogium

2013 1657 2328 1724 protulerit,
2369 1659 2576 1712 nullam
2609 1661 2818 1716 scilicet
2850 1664 3048 1715 homini
3079 1680 3180 1716 rem
3219 1665 3386 1732 magis
3431 1679 3594 1732 quam

1939 1737 1986 1797 Β
2012 1751 2334 1817 sapientiam
2361 1753 2655 1806 convenire.
2679 1753 2840 1808 Nullo
2871 1756 3052 1823 itaque
3087 1755 3193 1808 alio
3217 1755 3401 1815 modo,
3427 1771 3592 1824 quam

327 1828 374 1881 si
408 1829 675 1896 sapientia
705 1829 904 1893 subsit,
937 1831 1220 1888 hominem
1267 1831 1724 1903 pulcherrimum,
1756 1843 1812 1891 et
1850 1838 2063 1894 ratione
2095 1857 2222 1896 vera
2273 1852 2538 1908 utentem,
2590 1845 2660 1900 ob
2702 1861 2934 1918 eamque
2975 1850 3189 1905 caneris
3219 1851 3596 1904 animantibus

327 1921 646 1977 viventibus
685 1925 1120 1991 praestantiorem
1158 1927 1718 2000 excellentioremqua
1759 1935 2050 1990 ostendere
2089 1937 2352 2006 possibile
2409 1949 2512 1995 est.

399 2015 478 2071 B’.
511 2019 622 2087 Τῆς
679 2019 862 2074 τοίνυν
912 2022 1250 2091 σεμνοτάτης
1303 2025 1624 2092 φιλοσοφίας
1676 2028 1742 2080 τὰ
1775 2027 1902 2098 περὶ

327 2107 420 2161 τδν
440 2109 672 2180 οὐρανὸν
703 2111 1038 2182 θεωρήματα
1067 2116 1162 2168 τοῦ
1191 2115 1506 2184 θεολογικοῦ
1528 2118 1653 2187 δίχα
1684 2122 1906 2174 πάντων

330 2204 868 2274 ὑπερανιδρυμένου,
894 2208 954 2260 τὺ
981 2205 1278 2278 κράτιστον
1315 2212 1409 2262 καὶ
1448 2211 1775 2278 κεφάλαιονο
1813 2213 1906 2267 καὶ

331 2296 570 2362 πάρεστι
597 2297 656 2350 τὸ
689 2297 792 2366 τῆς
831 2299 1172 2369 ὑπερνεφοῦς
1212 2303 1580 2371 ἀστρονομίας
1631 2304 1906 2372 ὑπερϐάλ-

329 2388 424 2440 λον
451 2391 603 2459 ὁρᾷν.
643 2389 714 2442 'H
745 2391 852 2442 τῶν
883 2392 1056 2445 ἄλλων
1087 2388 1224 2444 οὖσα
1261 2394 1518 2458 καθάπαξ
1547 2394 1902 2462 ἐπίπροσθεν,

329 2481 468 2551 ὕλην
501 2482 600 2550 μὲν
626 2482 998 2554 ὑποϐέϐληται
1031 2486 1174 2538 κατα
1225 2486 1318 2536 τὸν
1351 2487 1572 2538 εἰπόντα
1599 2486 1664 2536 τι
1721 2485 1904 2554 μακὰ-

334 2592 451 2645 ριον
481 2575 714 2644 οὐρανοῦ
749 2575 930 2645 σῶμα,
988 2577 1218 2647 παρέχει
1275 2577 1330 2629 δὲ
1367 2579 1464 2646 τήν
1513 2595 1571 2630 τε
1603 2577 1786 2630 αἰτίαν
1839 2580 1904 2648 τῇ

329 2667 490 2738 λοιπῇ
544 2667 902 2739 μαθηματικῇ
957 2669 1182 2737 θεωρία,
1217 2670 1312 2721 καὶ
1367 2671 1506 2732 ὅλως
1539 2669 1636 2740 τὴν
1667 2671 1906 2737 γένεσιν,

333 2761 568 2829 ἀριθμόν
591 2777 650 2812 τε
685 2761 782 2831 ἤδη
817 2761 1008 2831 κόσμῳ
1039 2764 1288 2830 γεννῶσα
1345 2763 1434 2816 τὸν
1465 2763 1778 2832 σύστοιχον,
1814 2763 1908 2816 καὶ

331 2853 666 2923 ἁρμονικοὺς
698 2853 890 2922 λόγους
917 2855 1008 2907 καὶ
1062 2856 1330 2926 μουσικήν
1349 2872 1365 2887 ο
1399 2855 1468 2908 τά
1497 2873 1554 2908 τε
1589 2855 1698 2910 τῶν
1723 2873 1908 2926 γραμ-

336 2948 456 3017 μῶν
484 2948 742 3002 οὐσιοῦσα
769 2948 944 3018 πάθη,
987 2951 1102 3016 καὶ,
1141 2949 1214 3012 ὡς
1246 2949 1376 3010 ἔπος
1423 2950 1617 3010 εἰπεῖν,
1650 2950 1910 3019 δημαγω-

333 3041 466 3108 γοὺς
493 3039 780 3111 οὐρανίους
811 3041 906 3093 καὶ
941 3041 1202 3108 σοφιστὰς
1226 3043 1284 3092 ὲν
1319 3038 1500 3108 αἰθέρι
1525 3041 1656 3101 τοὺς
1696 3039 1910 3109 ἀνθρώ-

335 3145 472 3192 πους
525 3132 790 3184 ποιοῦσα·
854 3130 928 3201 μὴ
980 3131 1100 3182 κατ’
1134 3129 1208 3197 (2)
1263 3129 1550 3198 ἐπιψαύειν
1580 3131 1747 3198 γαίης
1781 3133 1911 3184 ποσὶ

333 3220 665 3285 δοκοῦντας,
719 3222 849 3274 ὅταν
899 3221 1116 3290 ἄστρων
1169 3224 1312 3274 κατά
1355 3219 1480 3273 νοῦν
1529 3219 1911 3291 ἁμφιδρόμους

338 3312 592 3382 ίχνεύωσι
617 3311 824 3374 ἕλικας.

2081 2032 2145 2084 ll.
2199 2032 2566 2104 Philosophia:
2619 2039 2788 2108 igitur
2842 2055 3057 2094 summo
3108 2041 3260 2096 cultu
3315 2055 3380 2095 ac
3429 2057 3597 2094 vene-

2008 2125 2228 2178 ratione
2271 2130 2670 2196 prosequcndre
2723 2130 3086 2195 theoremata,
3145 2147 3266 2202 quae
3309 2133 3377 2186 ad
3412 2149 3594 2185 rerum

2009 2215 2313 2270 cmlestium
2369 2221 2894 2290 contemplationem
2946 2223 3242 2292 pertinent.
3313 2223 3598 2292 theologia?

2007 2307 2236 2361 scientia
2267 2325 2433 2376 supra
2463 2322 2692 2366 caeteras
2718 2315 3062 2382 seorsimque
3094 2315 3161 2368 ab
3213 2313 3280 2368 iis
3317 2314 3479 2368 sedes
3509 2331 3604 2366 su-

2011 2398 2297 2453 blimiores
2331 2401 2554 2456 interim
2587 2414 2914 2472 occupantc,
2956 2405 3230 2473 prtecipua
3289 2405 3435 2458 inter
3493 2405 3606 2457 alia

2009 2497 2180 2553 sunt;
2241 2489 2722 2560 principatnmque
2782 2493 3060 2557 obtinent;
3093 2495 3256 2563 inque
3292 2493 3396 2548 illis
3427 2495 3606 2548 nubes

2010 2587 2064 2634 et
2086 2590 2284 2635 cuncta
2317 2591 2560 2637 meteora
2595 2585 2910 2651 superantis
2941 2587 3294 2638 astronomia:
3319 2587 3600 2640 excellen-

2011 2673 2140 2726 tiam
2168 2676 2438 2743 speculari
2473 2676 2622 2730 licet.
2651 2676 2778 2742 Qua:
2809 2693 2932 2731 cum
2986 2688 3214 2731 caeteras
3249 2693 3438 2730 omnes
3491 2693 3599 2730 sct-

2011 2765 2189 2819 enlias
2220 2767 2530 2829 antecellat,
2565 2769 2855 2820 materiam
2881 2766 3129 2836 quidem,
3156 2781 3252 2820 seu
3291 2767 3595 2836 objectum.

2013 2855 2066 2909 in
2098 2871 2206 2925 quo
2235 2865 2506 2916 versatur.
2541 2857 2667 2912 coeli
2701 2873 2924 2925 corpus.
2952 2857 3178 2912 beatum
3211 2855 3431 2910 cuidam
3461 2855 3589 2932 .dic-

2015 2955 2152 3009 lum.
2189 2947 2484 3015 proponit;
2527 2933 2754 3017 ipsaque
2786 2963 2950 3002 causa
3009 2958 3064 3003 et
3096 2949 3322 3002 omnino
3365 2947 3598 3016 genitrix

2013 3039 2558 3106 contemplationum.
2594 3055 2715 3108 qum
2747 3041 2800 3093 in
2846 3039 3060 3094 cmteris
3093 3039 3404 3093 matheseos
3433 3039 3600 3106 parti-

2013 3129 2118 3183 bus
2156 3139 2320 3193 sunt;
2364 3145 2488 3184 cum
2528 3139 2584 3184 et
2616 3147 2904 3184 numerum
2951 3131 3197 3202 ejusdem
3233 3147 3354 3185 cum
3397 3131 3603 3183 mundo

2015 3222 2228 3277 ordinis
2257 3233 2313 3278 et
2345 3233 2573 3286 naturae,
2605 3225 2846 3278 rationes
2878 3223 3227 3278 harmonicas
3251 3233 3306 3278 et
3338 3223 3602 3278 musicam

1944 3291 1994 3354 ε
2021 3314 2290 3384 producat
2333 3325 2704 3384 generetque;
2737 3317 3118 3384 liueat-umque
3153 3315 3516 3384 proprietates
3551 3325 3605 3368 et

333 3407 660 3464 allectiones
689 3408 950 3474 stabiliat,
994 3415 1182 3478 atque,
1221 3417 1282 3463 ut
1338 3407 1412 3463 ita
1452 3407 1654 3476 dicam,
1703 3417 1954 3464 oratores
1993 3412 2245 3467 caelestes
2283 3421 2339 3466 et
2392 3413 2667 3482 sophistas
2713 3413 2984 3466 aathereos
3043 3411 3298 3464 homines
3375 3411 3602 3474 reddat;

333 3504 451 3572 qui,
485 3515 610 3556 cum
631 3503 1121 3560 circumvertentes
1145 3517 1204 3558 se
1230 3511 1504 3557 astrorum
1531 3503 1906 3560 revolutiones
1946 3515 2130 3562 mente
2201 3507 2609 3579 investigarin—t,
2651 3506 2888 3577 pedibus
2953 3515 3156 3562 terram
3220 3505 3434 3559 calcare
3479 3520 3565 3558 am
3587 3535 3600 3542 -

335 3602 479 3672 plius
516 3615 576 3656 se
605 3615 716 3656 non
749 3607 964 3669 putant.

405 3691 480 3748 1".
517 3694 674 3747 Εἴπω
705 3693 768 3745 τὸ
801 3691 988 3762 μεῖξον
1017 3693 1111 3746 καὶ
1140 3691 1499 3762 τελειότερον,
1533 3709 1554 3744 ‹
1590 3692 1654 3745 Οί
1687 3691 1913 3764 οὐρανοὶ

335 3785 650 3857 διηγοῦνται
695 3783 856 3848 δόξαν
910 3783 1066 3850 Θεοῦ,
1127 3783 1351 3852 ποίησιν
1406 3783 1466 3836 δὲ
1515 3783 1719 3853 χειρῶν
1745 3782 1912 3836 αὐτοῦ

335 3877 666 3945 ἀναγγέλλει
713 3877 774 3930 τὸ
812 3877 1120 3947 στερέωμα.
1167 3893 1186 3926 ι
1251 3875 1361 3928 Καὶ
1389 3876 1486 3928 ὅτε
1541 3875 1918 3942 ἐγεννήθησαν

335 3971 536 4041 ἄστρα,
569 3971 705 4040 φησὶ
755 3970 892 4038 πρὸς
927 3969 1050 4021 Ἰὼϐ
1085 3969 1114 4020 ὁ
1153 3968 1406 4039 ἀριθμῶν
1467 3967 1648 4038 πλήθη
1675 3968 1914 4038 ἄστρων,

337 4064 434 4116 καὶ
455 4064 622 4116 πᾶσιν
641 4058 829 4124 αὐτοῖς
852 4062 1097 4131 ὀνόματα
1123 4061 1330 4125 καλῶν,
1356 4079 1374 4110 ι
1407 4060 1646 4130 ’ᾘνεσάν
1671 4076 1738 4128 με
1763 4059 1916 4129 φωνῇ

343 4155 554 4226 μεγάλῃ
618 4157 823 4219 πάντες
880 4154 1106 4222 ἄγγελοί
1166 4172 1269 4221 μου
1331 4155 1426 4214 καὶ
1489 4153 1762 4222 ὕμνησαν.
1804 4151 1919 4204 »Τί

337 4247 544 4312 milia;
590 4247 843 4314 ’Δὸραὰμ
873 4248 900 4300 ὁ
951 4247 1226 4314 μακάριος
1271 4245 1382 4322 τῶν
1411 4244 1718 4312 ’Λσσυρίων
1751 4244 1922 4312 ὲκφύς

339 4342 408 4408 τῇ
441 4339 689 4409 πολυθὲῳ
738 4338 992 4401 καθάπαξ
1047 4337 1402 4406 ὲνισχημένος
1443 4336 1640 4404 πλάνῃ,
1684 4335 1923 4404 πρῶτος,

339 4431 423 4500 εἴη
445 4430 490 4482 δ’
523 4431 698 4482 εἰπεῖν
727 4429 821 4481 καὶ
862 4430 1045 4498 μόνος,
1083 4429 1175 4480 τὸν
1209 4428 1316 4480 τῶν
1342 4427 1480 4480 ὅλων
1509 4425 1655 4494 ἔγνω
1687 4427 1924 4494 ποιητὴν

2093 3688 2180 3748 ill.
2218 3691 2376 3758 Quod
2409 3689 2707 3744 maximum
2741 3703 2871 3743 vero
2906 3687 3477 3758 perfectlssimumqne
3498 3695 3604 3745 est.

2021 3787 2199 3842 dicam
2237 3802 2250 3838 :
2281 3804 2298 3836 ι
2337 3783 2470 3838 (Σωιὶ
2503 3792 2764 3837 enarrant
2793 3781 3021 3850 gloriam
3061 3779 3177 3844 Dei,
3225 3789 3280 3834 et
3311 3793 3450 3848 opus
3493 3793 3608 3829 ma-

2023 3891 2192 3931 nuum
2219 3875 2337 3945 eius
2365 3873 2656 3926 annuntiat
2681 3873 3090 3925 lirmamentum
3131 3871 3146 3900 ¹
3174 3885 3188 3932 ;
3229 3885 3246 3919 ι
3280 3883 3389 3938 quo
3419 3878 3601 3920 autumi

2023 3975 2304 4022 momento
2350 3973 2494 4020 astra
2527 3973 2714 4018 creata
2767 3972 2913 4024 sunt,
2952 3962 3045 4031 qui
3075 3975 3266 4016 eorum
3300 3960 3604 4014 multitudi-

2025 4073 2124 4113 nes
2155 4033 2432 4116 numerat,
2477 4065 2532 4111 et
2563 4056 2822 4110 omnibus
2851 4055 2918 4108 iis
2972 4055 3197 4109 nomina
3223 4063 3403 4116 vocat,
3463 4053 3609 4105 Deus

2025 4153 2092 4206 ad
2132 4151 2326 4207 Johum
2356 4149 2512 4204 dicit:
2538 4143 2572 4200 ἰ
2629 4149 2816 4218 Magna
2867 4163 3002 4202 voce
3057 4161 3250 4202 omnes
3289 4147 3467 4217 angeli
3503 4147 3606 4198 mei

2021 4242 2388 4298 laudaveram
2423 4257 2508 4295 me
2553 4242 2881 4310 lii-nmisque
2915 4239 3272 4295 celebrarunt
3313 4239 3354 4292 ¹.
3397 4257 3412 4288 ι
3462 4237 3601 4304 Quid

2028 4336 2226 4404 plura?
2259 4337 2530 4388 Abraham
2561 4337 2652 4388 ille
2685 4335 2881 4390 beatus
2905 4335 2960 4388 in
2991 4333 3213 4404 Assyria
3259 4339 3442 4389 natus.
3474 4331 3610 4383 deo-

2029 4445 2264 4498 rumque
2294 4431 2657 4497 plurimorum
2689 4429 2825 4480 falso
2873 4429 3025 4481 cultu
3076 4437 3131 4479 ct
3158 4439 3343 4478 errore
3377 4423 3612 4490 implici-

341 4525 435 4577 καὶ
479 4523 616 4576 Θεδν
663 4523 978 4590 πολυῖστωρ
1038 4521 1112 4574 ὣν
1143 4523 1238 4574 καὶ
1267 4519 1626 4583 πανσύνετος,
1671 4518 1805 4588 φησί
1843 4535 1912 4580 τις

2029 4533 2136 4584 tus,
2169 4523 2397 4591 primus,
2431 4521 2587 4574 liceat
2614 4521 2775 4574 etiam
2806 4520 2989 4574 dicere
3020 4519 3190 4581 solus,
3227 4517 3616 4570 universorum

341 4617 482 4688 ἀνὴρ
512 4617 674 4686 ἱερὸς,
705 4614 1292 4686 ἀποπροσποιούμενος
1345 4615 1444 4682 μὲν
1491 4613 1554 4665 τὸ
1587 4612 1698 4664 τῶν
1721 4611 1915 4662 Ἀσσυ-

343 4709 474 4781 ρίων
507 4709 835 4779 ἐγχείρημα,
891 4707 990 4778 τὴν
1045 4707 1103 4759 δὲ
1153 4707 1250 4776 τῆς
1295 4705 1552 4775 ἀληθείας
1608 4701 1920 4772 κατάληψιν

340 4803 534 4873 ἀρκεῖν
586 4801 894 4873 ἡγούμενος
946 4797 1126 4868 ἐαυτῷ
1182 4797 1320 4868 πρὸς
1373 4797 1555 4850 πᾶσαν
1602 4794 1918 4863 εὐετηρία-ι,

341 4896 464 4948 ἐπεὶ
489 4895 584 4947 καὶ
621 4895 792 4963 μόνην
819 4888 960 4945 οἶδεν
1006 4889 1359 4958 εὐδαιμονίαν
1387 4885 1676 4956 φιλοσοφία
1713 4885 1790 4956 (5)
1820 4885 1921 4953 τὴν

339 4989 438 5056 τῆς
471 4985 652 5056 ψυχῆς
690 4985 939 5049 εὐεξίαν·
977 4987 1072 5038 καὶ
1103 4984 1286 5054 μέντοι
1317 4983 1412 5036 καὶ
1444 4983 1542 5052 τὴν
1579 4979 1757 5050 ἀληθῆ
1789 4977 1924 5049 περὶ

341 5080 480 5134 Θεοῦ
507 5081 850 5151 κτησάμενος
885 5079 1108 5146 γνῶσιν,
1136 5081 1246 5140 τοῖς
1271 5075 1393 5129 κατ’
1421 5077 1650 5148 οὐρανὸν
1677 5075 1926 5142 θεάματι

340 5175 440 5228 τδν
479 5173 722 5244 ἡγεμόνα
773 5174 900 5226 νοῦν
946 5171 1187 5241 impasti);
1247 5171 1549 5238 ἐπιστήσας
1575 5181 1590 5196 ·
1630 5168 1926 5238 κράτιστος

341 5268 418 5320 ὢν
443 5269 514 5320 τὰ
541 5265 782 5332 τοιαῦτα,
811 5265 908 5320 καὶ
939 5263 1229 5336 ξύμπασαν
1259 5260 1630 5332 ἀστρονομίας
1664 5259 1801 5330 ἔχων
1827 5257 1929 5330 τὴν

343 5361 543 5430 ἓπιστή
551 5377 684 5428 μην.
981 5435 994 5451 .

419 5483 434 5512 ¹
466 5482 614 5538 Psal.
647 5495 760 5542 ιιι,
799 5479 850 5533 1.
929 5481 950 5511 ³
977 5477 1102 5534 Job.
1131 5493 1320 5540 xxxix,
1355 5477 1408 5530 Ἰ.

421 5620 497 5684 (τι)
532 5621 702 5674 υῦδὲν
731 5621 880 5674 ἄλλο.

421 5693 498 5760 (ν)
540 5692 684 5743 Ποτ’.

2020 4615 2338 4670 Creatorem
2369 4623 2424 4668 ct
2482 4613 2652 4666 Deum
2685 4612 2927 4682 agnovit,
2961 4625 3084 4666 cum
3124 4611 3238 4678 ipse
3277 4607 3620 4664 multiscius.

2021 4717 2193 4777 utque
2225 4707 2311 4760 vir
2345 4705 2566 4774 quidem
2595 4719 2751 4760 sacer
2775 4706 2871 4769 ait,
2911 4703 3160 4759 omnium
3190 4702 3502 4770 intelligens
3532 4717 3622 4753 «ξεί

2023 4807 2108 4855 set
2131 4817 2145 4860 ;
2165 4799 2530 4870 abdicatoque
2553 4799 2902 4869 Assyriorum
2935 4797 3208 4858 instituto,
3239 4795 3306 4849 ad
3337 4793 3614 4848 felicitatis

2027 4893 2424 4946 abundantiam
2463 4893 2790 4960 copiamque
2820 4905 3003 4944 rerum
3057 4890 3328 4952 omnium,
3363 4889 3624 4942 veritati;~

2030 4983 2580 5052 comprehensionem
2618 4985 2722 5038 sibi
2753 4982 3003 5037 sullicere
3037 4983 3408 5053 existimavit:
3440 4981 3611 5033 solam

2032 5077 2307 5144 siquidem
2341 5077 2674 5146 unieamque
2734 5076 3131 5130 beatitudinem
3186 5073 3612 5144 philosophiam,

2034 5171 2128 5238 qui
2161 5171 2354 5224 anima:
2383 5171 2564 5224 bonus
2591 5181 2884 5240 rectusque
2919 5171 3138 5224 habitus
3169 5179 3270 5234 est,
3309 5169 3423 5240 ipse
3449 5181 3620 5220 nove-

2035 5271 2141 5316 rat.
2169 5262 2364 5316 Verum
2390 5262 2662 5331 siquidem
2695 5264 2760 5316 de
2808 5262 2918 5318 Deo
2951 5263 3235 5318 scientiam
3264 5273 3320 5316 et
3347 5260 3624 5328 εοεηίιίοα

2037 5369 2158 5408 nent
2186 5354 2289 5408 fuit
2317 5365 2623 5416 assecutus.
2653 5357 2744 5412 ubi
2781 5357 2996 5418 mentis,
3029 5371 3148 5424 quae
3173 5369 3296 5425 pars
3320 5354 3372 5408 in
3395 5351 3624 5405 ιιοιιιίιιθ

2105 5617 2183 5688 (5)
2217 5617 2569 5690 Φιλοσοφίαν.
