4050 6210
553 310 656 373 991

1663 310 2068 377 THEODORI
2110 310 2687 375 ΜΕΙᾸΤΕΝῙΟΤᾸΞ.

3695 320 3797 385 992

552 427 878 498 principalis
908 439 1013 497 est,
1069 440 1323 488 accurata
1395 431 1756 505 diligentique
1829 426 2199 498 applicatione
2241 426 2675 481 theorematihus
2722 426 3051 483 coelestibus
3104 429 3503 499 perfectissime.
3536 437 3802 506 perceptis

552 521 823 581 universa:
860 528 1214 581 astronomia!
1244 527 1497 597 peritiam
1533 530 1846 600 acquisivit.

625 614 711 668 IV.
743 614 855 670 Hoc
873 619 1037 671 etiam
1066 620 1286 686 addere,
1318 623 1482 692 idque
1508 636 1838 694 opportune,
1865 637 2110 693 possum.

2286 614 2359 670 A'.
2406 615 2559 683 Ἐχω
2608 613 2704 667 καὶ
2750 615 2869 669 τόδε
2931 618 3287 688 προσθεῖναι,
3337 621 3431 674 καὶ
3488 621 3655 685 ὅντως
3706 625 3793 677 ἐπὶ

554 705 805 761 Salvator
825 710 1046 778 quidem
1094 723 1345 768 naturam
1375 725 1619 770 nostram
1654 724 1879 786 propter
1912 732 2013 773 nos
2036 718 2120 772 in-

551 796 671 851 duit
698 799 963 863 ;intinitis
988 818 1121 856 vero
1144 805 1310 859 editis
1346 806 1643 874 miraculis,
1666 807 1981 864 Judaaorum
2013 810 2117 879 ipsi

551 887 918 944 insidiantium
960 895 1161 949 malitia
1194 905 1251 949 et
1279 897 1482 952 invidia
1513 899 1731 954 tandem
1763 902 2121 970 compreheno

550 994 645 1033 sus
674 981 726 1034 in
755 972 974 1037 erui-em
1008 987 1203 1042 volans
1232 999 1539 1059 Sponteque
1570 1006 1668 1045 sua
1719 993 1923 1063 agitur,
1950 999 2009 1047 et
2062 993 2119 1048 in

550 1085 712 1125 carne
741 1074 963 1142 patitur.
998 1077 1202 1133 Praeter
1221 1088 1419 1135 caetera
1451 1092 1654 1146 autem,
1685 1099 1807 1152 quae
1834 1085 2121 1155 inopinato

549 1161 882 1235 insolitaque
910 1183 1060 1223 more
1109 1176 1476 1242 contigerunt,
1511 1175 1765 1230 tenebras
1797 1177 1898 1231 soli
1932 1192 2123 1247 snper-

547 1254 727 1319 l'undi,
762 1258 830 1311 iis
860 1260 1026 1313 etiam
1055 1263 1147 1331 qui
1184 1278 1369 1317 rerum
1406 1265 1711 1320 cmlestium
1751 1269 1997 1337 apprime
2022 1285 2121 1339 pe-

548 1345 639 1401 riti
691 1360 871 1412 erant,
905 1351 1367 1421 discernentibus,
1397 1357 1634 1424 accidit;
1672 1360 1817 1427 quod
1872 1362 2122 1416 omnium

548 1438 782 1495 maxime
812 1442 877 1496 ad
910 1443 1086 1508 illum,
1111 1447 1204 1516 qui
1230 1447 1285 1502 in
1311 1448 1457 1520 ligno
1486 1451 1963 1508 condemnationis
1991 1453 2121 1509 sub-

547 1531 694 1587 latus
730 1543 872 1602 erat,
910 1539 1375 1608 cognoscendum,
1410 1544 1557 1613 quod
1604 1543 1749 1600 Deus
1780 1545 1899 1614 ipse
1948 1555 2119 1612 esset,

548 1638 741 1680 causas
778 1629 1030 1695 prmbuit.
1076 1630 1222 1687 Solis
1272 1634 1442 1701 enim,
1477 1635 1571 1705 qui
1629 1616 1739 1692 diei
1790 1639 1985 1695 oculus
2039 1651 2127 1698 est

548 1716 1048 1787 splendidissimus,
1110 1725 1357 1795 eclipsim
1394 1742 1490 1797 per
1525 1729 1671 1784 luna:
1729 1729 1784 1783 in
1846 1730 2124 1800 synodicis

549 1809 1029 1877 conjunctionibus
1068 1812 1715 1888 interpositionemjuxta
1736 1827 1949 1875 naturae
1977 1821 2124 1891 leges

547 1896 767 1964 factam,
798 1908 852 1953 at
882 1901 1001 1957 sine
1036 1919 1188 1959 mora
1223 1906 1277 1960 in
1344 1907 1589 1962 tenebris
1621 1923 1859 1978 semper,
1896 1925 2124 1967 cernere

549 1989 879 2060 quandoque
917 1995 1111 2062 datur;
1139 2012 1261 2067 qua:
1296 1998 1522 2069 insuper
1554 2000 1708 2069 prior
1741 2002 1928 2057 deﬁcit
1958 2019 2081 2072 pars
2102 2042 2119 2067 .

551 2083 724 2147 prima
759 2098 977 2153 quoque
1010 2087 1202 2142 lumini
1238 2090 1578 2158 restituitur;
1601 2091 1972 2164 vicissimque,
2001 2110 2125 2165 quae

550 2173 744 2227 ultimo
774 2174 1106 2232 obscuratur
1142 2180 1287 2245 loco,
1321 2191 1596 2250 postrema
1644 2185 1811 2239 etiam
1841 2188 2072 2256 emergit
2106 2205 2121 2243 :

549 2274 716 2332 atque
739 2265 905 2320 etiam
935 2268 1172 2324 diversis
1194 2270 1249 2325 in
1284 2279 1447 2328 terra:
1470 2272 1804 2341 climatibus,
1828 2276 1953 2331 aliis
1973 2277 2124 2333 aliis-

548 2368 657 2422 que
687 2353 1004 2412 bominihus
1037 2359 1185 2413 varia
1209 2369 1266 2416 et
1298 2361 1551 2433 inaequali
1585 2365 1960 2436 magnitudine
1980 2368 2123 2424 ecli-

549 2448 665 2515 psis
729 2460 974 2518 apparet.
1013 2451 1144 2519 Qua:
1191 2469 1324 2510 vero
1388 2456 1491 2513 sub
1541 2457 1809 2525 passionis
1862 2468 2122 2531 tempus,

551 2538 773 2606 quando
808 2539 980 2612 legale
1029 2543 1237 2600 Pascha
1289 2546 1653 2614 mactabatnr,
1705 2548 1761 2603 in
1819 2550 2123 2619 plenilunio

549 2627 679 2683 luna
706 2630 805 2685 soli
837 2646 902 2686 ex
927 2631 1193 2689 diametro
1218 2637 1491 2705 opposita,
1511 2647 1563 2692 et
1595 2639 1746 2693 illinc
1768 2639 1834 2692 ad
1857 2643 2122 2713 conjunc-

552 2718 759 2773 tionem
824 2721 1165 2778 incessanter
1219 2737 1500 2793 currente,
1560 2729 1773 2797 incidit,
1826 2734 2118 2803 conjuncta

549 2811 811 2867 miraculo
840 2813 939 2868 fuit
973 2816 1109 2870 visa.
1147 2817 1358 2873 Statum
1407 2837 1596 2876 rursus
1633 2824 1726 2892 qui
1763 2825 1814 2878 in
1853 2826 2118 2896 principio

546 2900 670 2968 fuit,
712 2907 827 2963 haec
877 2909 1100 2979 eclipsis
1153 2912 1480 2968 mirabiliter
1536 2916 1785 2980 retinuit,
1829 2918 1902 2972 ita
1960 2928 2020 2973 ut
2051 2923 2121 2974 ab

548 2997 706 3052 initio
739 3010 795 3053 et
840 3010 962 3069 post
994 3001 1196 3056 solidas
1234 3020 1330 3072 per
1363 3016 1471 3060 tres
1516 3007 1680 3062 horas
1736 3008 2003 3065 deﬁciens
2064 3021 2122 3066 et

547 3091 880 3146 ohscuratus
914 3101 1061 3147 totus
1085 3094 1166 3150 sol
1199 3098 1585 3165 permanserit.
1617 3099 1898 3158 Tenebras
1928 3119 2115 3173 porro,

546 3199 670 3250 qua:
695 3193 968 3239 terrarum
1001 3188 1189 3243 orbem
1240 3190 1323 3245 ab.
1356 3191 1571 3248 oriente
1599 3194 1664 3249 ad
1702 3209 1957 3252 occasum
1985 3213 2114 3268 pro-

2221 708 2434 778 καιρόν.
2467 707 2814 763 Πολιτεύεται
2858 709 2959 779 μὲν
3004 711 3115 782 γὰρ
3154 716 3216 783 τῇ
3266 714 3388 768 καθ’
3441 717 3590 785 ἡμᾶς
3637 717 3792 784 φύσε·

2219 800 2289 853 δι’
2319 799 2462 869 ἡμᾶς
2492 799 2520 851 ό
2562 800 2755 870 Σωτήρ
2776 818 2791 835 ο
2826 804 3038 872 μυρίων
3077 804 3135 858 δὲ
3167 806 3305 859 ὅσων
3334 807 3630 873 θαυμάτων
3662 825 3789 877 χρη-

2224 889 2459 959 σάμενος
2488 890 2809 956 ἐπιδείξεσι,
2842 893 2993 958 τέλος
3039 893 3134 948 τοῦ
3168 897 3277 950 τῶν
3315 896 3591 952 Ἰουδαίων
3620 900 3775 952 ὲπιθε

2225 979 2391 1050 μένου
2425 979 2601 1051 τούτῳ
2633 981 2829 1049 φθόνου
2863 986 3071 1052 κακῶς,
3105 986 3248 1041 ἑκὼν
3295 989 3389 1047 ἐπὶ
3426 987 3521 1042 τὸν
3567 991 3770 1059 σταυρδ

2222 1071 2509 1138 ἀνάγεται,
2537 1071 2634 1126 καὶ
2683 1074 2883 1144 πάσχει
2935 1078 3142 1147 σαρκί·
3174 1078 3297 1132 τότε
3341 1080 3526 1133 τοίνυν
3574 1081 3709 1150 πρός
3735 1097 3797 1149 γε

2221 1166 2334 1227 τοῖς
2389 1164 2576 1227 ἄλλοις
2631 1166 2957 1236 παραδόξως
3010 1171 3400 1241 γεγενημένοις
3459 1178 3551 1227 καὶ
3614 1175 3800 1236 σκότος

2221 1253 2374 1323 ἡλίου
2418 1257 2824 1327 καταχεόμενον
2878 1255 2949 1331 ἦν
2999 1263 3115 1324 τοῖς
3162 1262 3507 1333 ἡκριόωκόσι
3558 1266 3800 1335 ἀκριϐῶς

2221 1347 2292 1400 τά
2336 1347 2586 1416 οὐράνια,
2630 1350 2852 1405 πάντων
2903 1353 3144 1422 μάλιστα
3208 1356 3445 1425 παρέχον
3503 1357 3800 1425 μανθάνειν

2224 1436 2358 1491 Θεδν
2379 1434 2520 1493 εἶναι
2547 1440 2640 1494 τὸν
2673 1439 2817 1512 ξύλῳ
2856 1447 3300 1515 μετεωρισθέντα
3331 1448 3433 1511 τῆς
3460 1448 3799 1519 καταδίκη<⁸

2224 1529 2324 1600 τὴν
2382 1532 2484 1601 μὲν
2538 1533 2648 1605 γὰρ
2710 1535 2973 1590 ἑκάστοτε
3052 1538 3384 1609 γιγνομένην
3448 1539 3800 1610 ὲκλειπτικὴν

2225 1625 2530 1693 φαντασίαν
2557 1625 2649 1680 τοῦ
2674 1626 2776 1695 τῆς
2800 1627 3016 1698 ἡμέρας
3052 1628 3337 1699 ὀφθαλμοῦ
3384 1631 3799 1702 λαμπροτάτου,

2225 1718 2290 1771 ἐκ
2337 1716 2450 1771 τῶν
2505 1717 2637 1788 περὶ
2677 1718 2779 1788 τὴν
2823 1718 3108 1791 συνοδικὴν
3145 1721 3411 1788 συζυγίαν
3442 1722 3543 1790 τῆς
3570 1721 3803 1792 σελήνης

2227 1807 2682 1878 ἔπιπροσθήσεων
2718 1809 2869 1864 ἔστιν
2911 1811 3043 1882 όρᾷν
3077 1810 3156 1881 τῷ
3193 1811 3294 1881 τῆς
3344 1812 3561 1882 φύσεως
3602 1816 3800 1868 ἀποτε-

2226 1901 2498 1971 λουμένην
2528 1904 2662 1972 ὅρῳ.
2689 1905 2785 1957 καὶ
2829 1906 3000 1974 μόνης
3032 1922 3202 1973 κεκτη
3214 1905 3383 1976 μένην
3433 1906 3633 1975 χρόνον
3661 1907 3802 1959 οὐδέ.

2228 2010 2381 2047 ποτε·
2411 1993 2533 2046 Ἔτι
2572 2009 2636 2061 γε
2672 1994 2779 2066 μὴν
2815 1995 2911 2049 καὶ
2957 1997 3020 2049 τὸ
3063 1996 3284 2067 πρῶτον
3318 1997 3573 2051 ὲκλεῖπον
3613 2001 3797 2070 μέρος,

2224 2084 2369 2139 τοῦτ’
2411 2084 2547 2138 αὐτὸ
2598 2086 2692 2139 καὶ
2746 2085 2977 2154 πρώτως
3022 2087 3549 2159 ἀναπληρούμενον,
3614 2093 3801 2160 ὥσπερ

2224 2178 2357 2232 αὐτὸ
2410 2176 2735 2242 τελευταίως
2774 2179 3260 2248 ἐπισκοτούμενον,
3294 2181 3801 2254 ἀνακαθαιρόμενον

2225 2268 2495 2323 ὕστατον·
2532 2269 2670 2324 ἀλλά
2721 2272 2819 2327 καὶ
2869 2271 3052 2327 ἄλλοτ’
3102 2274 3287 2336 ἄλλοις
3340 2275 3664 2346 ἀνθρώποις
3710 2278 3798 2330 ἐπὶ

2222 2360 2498 2431 διαφόρων
2536 2363 2719 2434 μερῶν
2752 2364 3164 2436 φανταζόμενον
3192 2368 3293 2437 τῆς
3330 2368 3453 2437 γῆς.
3485 2368 3603 2436 Τὴν
3644 2369 3702 2421 δὲ
3745 2371 3801 2421 ἐν

2223 2451 2302 2522 τῷ
2333 2453 2587 2523 Σωτῆρος
2640 2451 2803 2510 πάθει
2843 2457 3242 2528 γεγενημένην,
3274 2458 3332 2510 ἓν
3375 2475 3436 2512 τε
3474 2460 3799 2528 πανσελήνῳ

2223 2545 2481 2612 τηνικάδε
2515 2545 2746 2615 νομικοῦ
2797 2547 3065 2616 θυομένου
3116 2549 3306 2618 φάσκα
3342 2550 3441 2619 (ι),
3471 2550 3800 2619 τελεσθῆναι

2226 2636 2322 2690 σὺν
2368 2635 2608 2708 θαύματι
2667 2640 2767 2708 τῆς
2828 2640 3060 2710 σελήνης
3123 2639 3293 2710 οὔσης
3345 2644 3409 2695 ὲκ
3471 2642 3831 2718 διαμέτρουη

2222 2729 2478 2783 κάκεῖθεν
2530 2731 2855 2807 δραμούσης
2901 2734 3147 2803 ἀχρόνως
3199 2735 3336 2803 πρίις
3380 2734 3643 2788 σύνοδον·
3707 2737 3800 2788 καὶ

2223 2820 2381 2885 αὖθις
2412 2822 2479 2875 αὖ
2510 2823 2611 2892 τῆς
2640 2825 2915 2895 προτέρας
2947 2826 3218 2897 τυχούσης
3249 2828 3496 2892 ὲκτῦπως
3525 2829 3797 2891 στάσεως,

2222 2916 2469 2979 καὶτοῖς
2521 2914 2671 2974 ὅλοις
2724 2916 2819 2970 ἐπὶ
2867 2918 3046 2987 τρισὶν
3095 2918 3245 2981 ὅλαις
3293 2916 3467 2987 ὥραις
3506 2917 3661 2971 οὕτω
3687 2918 3802 2971 δια-

2224 3010 2405 3076 μεῖναι
2445 3009 2585 3077 μετὰ
2634 3009 2726 3061 τὸν
2774 3010 2870 3062 τοῦ
2912 3010 3130 3080 πρώτου
3164 3000 3531 3074 ’ἐκλείποντος
3581 3013 3798 3082 χρόνον,

2219 3101 2313 3155 τοῦ
2337 3100 2383 3156 δ’
2413 3099 2481 3157 αὖ
2525 3102 2753 3174 ὕστερον
2783 3103 3004 3173 πρώτου
3027 3119 3043 3135 ⁸
3085 3104 3222 3172 πρὸς
3267 3103 3323 3158 δὲ
3366 3105 3459 3158 καὶ
3487 3103 3661 3174 ζόῳον
3694 3105 3798 3158 πᾶ-

2222 3210 2321 3248 σαν
2344 3196 2484 3249 κατά
2516 3196 2713 3249 ταυτὸν
2745 3195 2844 3266 τὴν
2875 3196 2967 3266 ὑφ’
2998 3199 3148 3266 ἡλίου
3175 3198 3495 3269 ἀνισχοντος
3526 3196 3665 3266 ἄχρι
3712 3197 3801 3251 καὶ

548 3284 766 3331 tensum
801 3286 1138 3347 terruerunt,
1158 3274 1387 3353 quaeque
1405 3285 1602 3340 virium
1620 3300 1685 3341 ac
1707 3289 1962 3356 potentiae
1989 3305 2119 3346 cru—

2225 3288 2480 3359 Βυομένου
2537 3290 2795 3359 μεγάλως
2858 3291 3273 3363 ἐκπλήττοντα,
3328 3289 3424 3346 καὶ
3487 3291 3551 3345 τδ
3617 3289 3801 3358 περιὸν

547 3367 696 3422 cxhxi
726 3371 1159 3440 magnitudinem
1191 3375 1500 3442 ostendere,
1565 3379 1714 3433 Sulus
1767 3381 2116 3438 ineonsuetas

2225 3378 2503 3433 δεικνύντα
2558 3383 2658 3448 τῆς
2704 3380 2799 3434 τοῦ
2856 3382 3263 3451 σταυρωθέντος
3317 3383 3519 3451 ἰσχύος,
3550 3382 3717 3451 μόνος
3740 3379 3801 3434 ἀν

549 3459 717 3515 fuisse
756 3464 994 3531 noverit,
1021 3466 1115 3536 qui
1143 3467 1209 3521 ad
1248 3471 1595 3524 astronomiae
1631 3472 1855 3528 intimos
1894 3477 2121 3545 penitis-

547 3551 826 3624 simosque
852 3571 1099 3612 recessus
1117 3561 1440 3628 penetrarit.
1475 3563 1550 3615 Ex
1585 3562 1808 3632 quibus,
1838 3567 1942 3620 nisi
1978 3567 2109 3622 data

548 3660 712 3714 opera
741 3646 1013 3718 malignus
1041 3664 1164 3704 esse
1193 3650 1316 3720 quis
1349 3652 1500 3717 velit,
1535 3655 1843 3710 caelestium
1874 3668 2122 3712 contum-

550 3741 789 3810 platione
821 3744 1143 3812 scientifica,
1169 3761 1289 3816 qua:
1325 3763 1433 3802 non
1471 3749 1748 3804 hominem
1786 3752 2118 3821 simplicem,

548 3834 644 3889 scd
670 3835 852 3889 Deum
899 3835 1180 3893 hominem
1218 3839 1271 3893 in
1326 3839 1475 3911 ligno
1508 3842 1835 3910 pendentem
1877 3845 2121 3900 declarat

548 3939 603 3979 ct
639 3928 909 3996 prmdicit,
953 3940 1211 4000 tanquam
1245 3942 1579 4002 praeceptore
1647 3951 1778 3990 usus
1831 3937 2118 3991 veritatem

550 4021 691 4076 Ιι.ιιιο
720 4031 866 4077 certe
883 4023 1179 4079 admodum
1207 4028 1543 4095 cognoverit.
1565 4027 1828 4083 Tenebrae
1850 4030 2121 4099 siquidem

550 4123 853 4178 nocturnae,
912 4130 1033 4186 qua:
1090 4116 1397 4172 meridiano
1446 4127 1690 4188 tempore
1747 4122 2121 4192 contigerunt,

550 4207 855 4262 secundum
884 4210 1271 4265 astronomiae
1301 4211 1440 4265 artis
1461 4211 1714 4282 dogmata
1741 4223 1950 4268 natura:
1974 4215 2125 4285 leges

552 4316 662 4355 non
696 4310 921 4365 secutae,
955 4303 1052 4358 sed
1083 4303 1310 4374 iubente
1348 4318 1413 4359 ac
1443 4304 1797 4374 praecipiente
1845 4306 1955 4363 Deo
1994 4319 2123 4364 sunt

551 4403 868 4465 portentosa
907 4396 1135 4452 obortae.

624 4488 685 4546 V.
720 4487 1003 4560 Tanquam
1035 4503 1169 4559 ergo
1205 4504 1320 4544 rem
1349 4489 1588 4560 aliquant
1641 4504 1830 4547 revera
1888 4493 2128 4549 admira-

551 4581 717 4637 bilem
746 4595 812 4635 ac
846 4579 1294 4650 pulcherrimam,
1325 4597 1448 4650 quae
1480 4581 1625 4635 inter
1670 4581 1917 4639 homines
1945 4585 2124 4640 scien-

2219 3473 2388 3543 εἰδείη
2438 3473 2625 3542 σαφῶς
2672 3474 2700 3526 ὃ
2735 3472 2787 3541 γ’
2841 3476 2922 3535 εἰς
2952 3473 3250 3544 τοῦσχατον
3283 3474 3658 3542 ἀστρονομίας
3691 3474 3798 3526 ἰών.

2224 3565 2419 3618 Ἔνθεν
2446 3582 2530 3619 τοι
2557 3565 2653 3618 καὶ
2682 3565 2838 3637 γνοίη
2865 3566 3009 3637 μάλα
3033 3567 3299 3636 ἀκριϐῶς,
3326 3569 3374 3619 εί
3400 3567 3476 3637 μὴ
3500 3568 3803 3620 συντίθοιτο

2222 3656 2592 3719 ἐθελοκακεῖν,
2621 3657 3033 3727 χρώμενοςνώς
3083 3658 3160 3729 (5)
3198 3660 3329 3728 περὶ
3358 3660 3695 3729 παιδοτρίϐῃ
3740 3659 3802 3728 τῇ

2220 3749 2328 3802 τῶν
2380 3749 2648 3817 οὐρανίων
2695 3753 3099 3822 ἐπιστημονικῇ
3147 3750 3373 3822 θεωρία,
3420 3750 3664 3820 τάληθὲς
3708 3750 3804 3821 ήδη

2224 3842 2670 3913 προαγγελλούσῃ
2708 3844 2782 3912 μὴ
2808 3842 2966 3912 ψιλὸν
2992 3844 3283 3911 ἄνθρωπον
3330 3839 3497 3912 εἶναι,
3520 3842 3804 3912 θεάνθρω-

2223 3952 2325 3987 πον
2385 3936 2442 3987 δὲ
2506 3936 2598 3987 ἐπὶ
2663 3935 2825 4000 ξύλου
2905 3935 3301 4004 κρεμάμενον·
3368 3938 3417 3987 εί
3471 3935 3536 4004 δὴ
3599 3937 3696 3987 καὶ
3750 3931 3807 3985 τὸ

2222 4027 2538 4098 νυκῖερινὸν
2576 4028 2698 4080 τότε
2732 4027 2921 4093 σκότος
2958 4029 3016 4079 ὲν
3062 4025 3408 4095 μεσημϐρία.
3442 4026 3520 4096 μὴ
3561 4026 3802 4094 συμόἀν,

2224 4111 2364 4190 ᾗπερ
2415 4118 2567 4172 δοκεῖ
2604 4122 2669 4189 τῇ
2721 4120 2910 4192 τέχνῃ,
2959 4118 3173 4187 φύσεως
3227 4119 3436 4180 πάντως
3489 4115 3805 4187 ἀκολουθία,

2223 4209 2360 4262 Θεοῦ
2387 4210 2443 4263 δὲ
2475 4209 2797 4292 θαυμασίως
2828 4210 3236 4281 προστάγματι.

2300 4476 2372 4532 E'.
2397 4479 2561 4533 Ὥστε
2585 4477 2763 4544 ἔξεστι
2793 4476 2898 4548 μὴν
2924 4478 3094 4541 ὅντως
3116 4478 3191 4541 ὡς
3223 4478 3513 4532 θεσπέσιόν
3537 4495 3592 4531 τι
3617 4446 3810 4547 χρῆμα

2226 4572 2323 4627 καὶ
2361 4572 2670 4635 κάλλιστον,
2706 4569 2805 4640 τὴν
2854 4573 2912 4622 ὲν
2955 4569 3270 4641 ἀνθρώποις
3320 4571 3669 4640 τιμιωτάτην
3718 4569 3813 4622 καὶ

552 4674 766 4743 tiasque
798 4684 1022 4728 caeteras
1049 4673 1226 4728 locum
1253 4674 1487 4727 maxime
1508 4673 1798 4729 sublimem
1830 4682 1887 4730 et
1915 4676 2119 4732 divinis

2228 4666 2514 4734 θειοτάτην
2559 4662 2658 4732 τῆς
2708 4661 2902 4731 λοιπῆς
2946 4661 3182 4731 θεωρίας
3229 4661 3466 4732 ἔχουσαν
3497 4663 3677 4728 τάξιν,
3714 4663 3812 4731 τὴν

552 4767 861 4836 proximum
890 4774 1142 4836 occupat.
1172 4767 1558 4821 astronomiam
1584 4781 1751 4837 supra
1778 4767 2007 4823 modum
2032 4785 2123 4826 ve-

552 4858 876 4922 nerandam;
905 4858 1085 4928 adque
1114 4859 1401 4928 superiora
1430 4858 1786 4914 scandentem
1817 4861 2120 4930 appellare,

552 4953 686 5017 quin
723 4950 889 5004 etiam
946 4951 1213 5020 praeconis
1253 4951 1398 5005 vices
1461 4949 1727 5006 adorandi
1766 4950 2061 5007 obeuntem
2092 4967 2122 5007 a

556 5042 667 5096 Deo
704 5040 771 5094 ad
832 5056 933 5095 nos
966 5042 1262 5111 profectam
1296 5043 1479 5098 dicere
1506 5056 1823 5113 possumus.
1871 5043 2128 5098 omnibus

557 5145 706 5190 recte
738 5135 1220 5192 considerantibus
1243 5138 1387 5207 quod
1445 5146 1666 5207 oportet
1703 5146 2127 5202 monstrantem,

552 5242 621 5283 ac
651 5227 798 5282 clare
826 5229 1272 5294 annuntiantem,
1329 5229 1509 5300 ipsum
1550 5243 1652 5299 pro
1680 5228 1999 5284 hominibus
2029 5228 2130 5282 ho-

556 5319 761 5374 minem
792 5318 1017 5386 factum,
1049 5322 1330 5392 Deumque
1372 5336 1562 5378 rursus
1586 5331 1894 5377 manentem
1942 5322 2129 5377 carnis

549 5416 723 5472 etiam
748 5416 1126 5483 assumptione
1162 5432 1374 5471 omnem
1405 5416 1457 5469 in
1481 5430 1642 5471 cruce
1674 5424 1927 5468 naturam
1966 5428 2130 5468 reno-

558 5523 711 5564 vare.
738 5507 1141 5575 Astronomiam
1179 5509 1460 5563 enimvero
1492 5514 1649 5561 vetus
1677 5519 1917 5575 veraque
1942 5521 2130 5559 narra-

552 5603 638 5657 tio
665 5612 771 5666 est,
801 5617 830 5655 a
865 5602 977 5656 Deo
1011 5616 1109 5672 per
1143 5601 1397 5670 angelum
1429 5598 1583 5654 Sethi
1612 5599 2127 5668 posteriatraditam

547 5705 700 5753 esse.
737 5692 882 5763 quod
910 5706 1009 5762 pro
1040 5700 1321 5763 comperto
1343 5690 1561 5761 quidem
1591 5688 1878 5745 habeatur.
1908 5704 1909 5707 ‘

626 5810 711 5882 (ι)
744 5810 955 5881 Πάσχα.

2230 4755 2574 4827 ύπέρσεμνον
2597 4754 2983 4826 ἀστρονομίαν,
3008 4757 3102 4809 καὶ
3123 4755 3237 4809 ἀνω
3271 4755 3564 4824 βαίνουσαν
3589 4771 3811 4823 προσει-

2230 4852 2384 4913 πεῖν,
2449 4847 2585 4902 ἀλλά
2645 4850 2741 4901 καὶ
2794 4848 2998 4917 τρόπον
3050 4850 3294 4918 κήρυκος
3355 4847 3810 4915 σεϐασμιωτάτου

2232 4940 2360 5010 παρ’
2403 4941 2549 5010 ἡμᾶς
2602 4940 2759 5011 ἥκειν
2792 4939 2928 5009 πρὸς
2976 4939 3070 4991 τοῦ
3123 4937 3283 4994 Θεοῦ.
3319 4940 3453 4992 πᾶσι
3510 4938 3811 4992 δεικνῦσαν

2235 5035 2346 5096 τοίς
2390 5032 2570 5095 καλῶς
2617 5031 2884 5101 ξυνορῶσι
2922 5034 2982 5084 τὸ
3015 5031 3153 5098 δέον,
3189 5032 3285 5085 καὶ
3331 5031 3602 5101 λαμπρῶς
3636 5032 3817 5096 ἀπαγ-

2235 5124 2531 5192 γέλλουσαν
2558 5124 2699 5192 ὑπὲρ
2724 5104 3027 5193 ἀνθρώπων
3067 5124 3233 5177 αὐτὸν
3279 5124 3573 5193 γενόμενον
3597 5122 3813 5194 ἀνθρω-

2232 5233 2333 5271 πον
2376 5216 2510 5270 Θεὸν
2554 5216 2709 5281 αὖθις
2742 5217 2996 5287 μένοντα,
3025 5217 3120 5270 καὶ
3160 5216 3238 5287 τῷ
3264 5218 3364 5285 τῆς
3406 5216 3608 5286 σαρκὸς
3638 5230 3811 5285 προσ-

2234 5312 2483 5383 λήμματι
2526 5313 2710 5364 πᾶσαν
2755 5311 2847 5365 ἐπὶ
2890 5309 3123 5381 σταυροῦ
3154 5308 3252 5378 τὴν
3282 5308 3444 5377 φύσιν
3476 5306 3810 5376 ἀνανεούμε-

2234 5423 2344 5460 νον.
2387 5406 2783 5476 Ἀστρονομίαν
2834 5405 2928 5457 καὶ
2980 5404 3089 5474 γὰρ
3129 5403 3260 5472 πρὸς
3293 5402 3429 5455 Θεοῦ
3456 5401 3523 5454 δι’
3565 5399 3806 5469 ἀγγέλου

2238 5497 2468 5559 παλαιὸς
2505 5497 2661 5565 λόγος
2689 5496 2783 5551 καὶ
2810 5496 3023 5566 ἀληθῶς
3050 5495 3189 5566 ἔχων
3213 5494 3460 5550 δεδόσθαι
3482 5494 3591 5557 τοῖς
3620 5494 3691 5545 ἐκ
3713 5487 3808 5545 τοῦ

2236 5590 2370 5659 Σήθο
2409 5590 2494 5661 εἴη
2528 5590 2614 5659 δή.

2309 5798 2384 5871 (ii)
2428 5799 2522 5851 Ὠσ
2536 5796 2706 5868 περεί.
