4050 6210
289 295 391 354 993

287 495 593 566 ματισμοὺς
616 496 724 546 τῶν
751 494 1020 562 κινήσεων
1054 493 1210 562 ἡλίου
1243 511 1300 544 τε
1332 493 1431 544 καὶ
1476 492 1732 560 σελήνης,
1768 491 1863 544 καὶ

283 587 392 640 τῶν
443 586 650 640 λοιπῶν
697 587 946 656 ἀστέρων
1000 586 1138 653 πρός
1195 601 1254 636 τε
1304 582 1569 650 ἀλλήλους
1624 583 1718 633 καὶ
1765 584 1864 649 τὴν

283 683 388 752 γῆν
419 681 668 752 θεωρεῖν,
701 679 762 734 τό
798 695 856 732 τε
907 679 973 730 δι’
1018 675 1384 744 ἀστρονομίας
1423 675 1862 742 προγνωστικξν,

280 778 440 831 τοῦτο
475 778 538 845 δὴ
569 778 690 836 ταῖς
736 773 1015 841 ἀληθείαις
1048 771 1122 839 (6)
1160 769 1362 821 εἰδέναι
1408 767 1594 832 τέλος,
1629 770 1756 835 περὶ
1789 760 1863 818 ὧν

282 877 315 942 ἡ
360 871 565 940 σπουδὴ
617 869 695 939 τῷ
731 867 1052 936 Πτολεμαίῳ
1102 866 1161 917 ὲν
1202 865 1312 926 τοῖς
1363 862 1512 932 τρισὶ
1559 863 1696 930 πρ“ς
1751 865 1862 923 τοῖς

279 971 414 1021 δέκα
453 966 678 1036 βιϐλίοις
710 963 808 1032 τῆς
848 961 1093 1028 μεγάλης
1156 955 1486 1020 συντάξεως,
1517 956 1608 1008 καὶ
1659 955 1864 1022 γνῶσιν

281 1058 535 1130 ἡγεῖσθαι
564 1053 738 1108 ταῦτα
777 1053 863 1105 διὰ
896 1050 1217 1120 φιλοσοφίας
1266 1046 1702 1116 ἐπιστημονικὴν
1737 1046 1862 1112 περί

277 1168 444 1204 τινων
474 1149 578 1202 ὑπὸ
625 1143 762 1198 Θεοῦ
807 1143 1180 1214 παρηγμένων
1225 1141 1440 1208 φύσεων
1480 1138 1588 1204 ὅπη
1639 1154 1693 1188 τε
1728 1137 1858 1205 ἔχει,

279 1246 374 1299 καὶ
433 1245 583 1304 ὅπως
639 1239 818 1294 ταῦτα
875 1239 1140 1305 φέρεται,
1195 1233 1398 1294 θεῖκοίς
1454 1227 1860 1298 πειθαρχοῦντα

277 1338 502 1400 πάντως
527 1335 680 1406 ὅροις
708 1349 768 1386 τε
813 1331 908 1385 καὶ
941 1329 1356 1399 προστάγμασι,
1393 1323 1538 1392 μέγα
1588 1321 1860 1373 δέδεικται

274 1427 635 1499 πολλαχόθεν,
661 1427 756 1478 καὶ
793 1424 867 1487 ὡς
897 1421 1116 1492 ἀληθῶς
1149 1417 1442 1490 ὑπερμὲγα
1473 1432 1532 1466 τε
1568 1414 1661 1466 καὶ
1694 1412 1863 1477 ὑπερ-

277 1523 635 1577 σπούδαστον.

353 1703 428 1758 Z'.
463 1702 536 1755 Τό
566 1717 630 1769 γε
674 1697 782 1770 μὴν
821 1699 920 1759 τὰς
949 1691 1247 1767 δραστικὰς
1286 1689 1492 1744 τούτων
1540 1686 1856 1753 ποιότητας,

277 1800 374 1852 καὶ.
409 1797 510 1869 τὴν
545 1793 783 1862 φυσικὴν
827 1788 938 1842 τῶν
993 1781 1469 1854 συσχηματισμῶν
1517 1779 1694 1832 αὐτῶν
1727 1775 1857 1827 ίδισ-
1889 1764 1927 1818 Β

275 1867 529 1960 τροπίαν,
560 1885 743 1940 αἰτίαν
784 1881 894 1936 τῶν
944 1878 1074 1948 περὶ
1117 1876 1268 1946 ἡμᾶς
1303 1867 1733 1942 συμπτωμάτων
1775 1867 1857 1918 τί-

277 1959 492 2046 θεσθαι,
538 1974 1052 2047 καταψευδομένους
1102 1969 1210 2022 τῶν
1259 1963 1551 2034 οὐρανίων,
1603 1961 1710 2013 κάκ
1757 1959 1856 2028 τῆς

274 2075 482 2130 τούτων
509 2071 782 2142 κινήσεως
811 2069 910 2130 τὰς
941 2065 1188 2134 γενέσεις
1219 2060 1464 2122 πλέκειν,
1501 2057 1595 2110 καί
1618 2055 1684 2107 τὰ
1725 2053 1856 2122 ξυμ-

279 2168 556 2232 ϐαίνοντα,
611 2161 907 2216 κάντεῦθεν
969 2159 1151 2212 δοκεῖν
1219 2155 1317 2224 τὴν
1379 2151 1487 2204 τῶν
1551 2146 1857 2219 μελλόντων

277 2265 424 2333 ἔχειν
477 2257 678 2312 εἰδέναι
723 2253 1058 2324 πρόγνωσιν,
1093 2247 1122 2300 ὃ
1171 2247 1234 2318 δὴ
1282 2245 1380 2313 τῆς
1435 2237 1854 2310 ἀστρολογικῆς,

274 2359 376 2426 τῆς
404 2357 450 2409 δ’
483 2352 651 2422 αὐτῆς
693 2351 788 2402 καὶ
822 2343 1210 2418 μαθηματικῆς
1253 2337 1528 2409 λαχούσης
1559 2333 1856 2426 ἐξαιρέτως

275 2425 596 2517 κεκλῆσθαι,
646 2439 1017 2510 πολυασχὸλου
1050 2431 1416 2504 ματαιότητός
1449 2431 1586 2491 ἐστι,
1625 2427 1691 2496 τῇ
1746 2425 1855 2477 τῶν

274 2545 493 2612 ἄστρων
538 2535 750 2604 κινήσει
801 2531 869 2584 τὰ.
919 2530 1168 2598 ἡμέτερα
1218 2519 1630 2593 συμφερούσης.
1681 2517 1854 2570 Τοῦτο

273 2635 454 2688 τοίνυν
484 2629 620 2700 πρὸς
652 2627 730 2696 τῷ
764 2624 930 2694 μηδὲν
959 2622 1106 2689 ὑγιὲς
1137 2619 1434 2687 κεκτῆσθαι
1469 2615 1563 2667 καὶ
1601 2613 1855 2684 ἀληθείας

271 2729 534 2799 ἐχόμενον
577 2720 670 2774 καὶ
722 2717 860 2787 πρὸς
907 2715 1114 2782 πλάνην
1157 2712 1314 2781 φέρει
1359 2710 1453 2763 καὶ
1496 2707 1658 2777 βυθὸν
1701 2707 1854 2758 ἀπω-

271 2821 424 2881 λείας
454 2818 568 2878 τοῖς
610 2811 856 2866 εὐσεϐεῖν
889 2808 1129 2861 ἐθέλουσι
1161 2803 1302 2856 πάνυ
1331 2819 1413 2854 τοι
1437 2801 1851 2870 λυμαινόμενοι.

269 2911 440 2968 Ταῦτ’
471 2911 578 2980 ἄρα
610 2907 704 2958 καὶ
748 2904 904 2970 νόμοι
936 2899 1094 2962 θεῖοι,
1127 2897 1220 2949 καὶ
1257 2894 1562 2947 θεσπεσίων
1607 2893 1700 2946 καὶ
1735 2893 1852 2944 θεο-

271 3003 499 3076 πρεπῶν
551 2998 900 3060 θεσπίσματα
938 2990 1279 3046 διδασκάλων
1310 2988 1408 3040 σύν
1463 3004 1525 3055 γε
1580 2989 1692 3047 τοῖς
1753 2985 1852 3053 τὴν

272 3096 513 3170 μαγικὴν
558 3089 939 3159 κακοτεχνίαν,
973 3089 1066 3139 καὶ
1114 3083 1250 3137 Θεοῦ
1283 3084 1473 3154 πόρρω
1525 3081 1846 3151 βάλλουσαν,
1880 3137 1916 3170 ρ

266 3191 457 3254 κακῶς
509 3188 604 3240 καὶ
633 3184 810 3244 ἀθέως
853 3179 1241 3250 ἐξησκημένην
1277 3177 1378 3246 (7),
1407 3176 1502 3228 καὶ
1533 3173 1849 3243 μαθηματι-

267 3285 422 3346 κοὺς,
482 3281 660 3334 είτουν
722 3273 1108 3344 ἀστρολόγους,
1164 3269 1240 3330 ὡς
1294 3271 1463 3332 εἰκὸς,
1511 3267 1850 3336 ἀποτροπιιά-

265 3377 476 3442 ζιινται·
509 3373 606 3426 an
657 3370 722 3436 δὴ
775 3369 910 3436 προς
945 3367 1008 3416 τὰ
1045 3364 1157 3417 ἄνω
1188 3363 1492 3430 κεχηνότας
1523 3377 1586 3428 γε
1639 3361 1844 3428 μάτην,

265 3473 358 3524 καὶ
398 3471 464 3536 τῇ
513 3468 718 3519 τούτων
771 3461 984 3526 κινήσει
1030 3457 1126 3526 τὴν
1175 3456 1455 3525 ἡμετέραν
1493 3452 1845 3522 προσαρτῶν-

263 3581 364 3625 τας
424 3561 567 3628 ζωὴν
633 3553 1038 3624 θεομαχοῦντας
1094 3549 1376 3616 ἄντικρυς,
1409 3545 1504 3597 καὶ
1560 3543 1848 3612 βαίνοντας

263 3658 434 3718 ὅντως
487 3653 628 3720 ὑπὲρ
669 3650 734 3700 τὰ
793 3643 1137 3712 ἐσκαμμένα,
1192 3641 1284 3693 ἐπὶ
1317 3639 1470 3706 κακῲ
1508 3639 1694 3708 ,δήπου
1746 3637 1848 3704 τῆς

269 3751 416 3805 σφῶν
463 3741 643 3800 αὐτῶν
699 3740 964 3810 κεφαλῆς,
1019 3740 1076 3790 ἐν
1126 3736 1226 3792 ἴσω
1281 3735 1326 3787 δ’
1379 3738 1554 3786 εἰπεῖν
1603 3737 1697 3786 καὶ
1744 3733 1848 3801 ψυ-

267 3841 388 3907 χῆςο

337 4107 420 4160 ll'.
468 4102 606 4155 ’Λλλ’
632 4098 875 4160 ἐκείνους
913 4097 1012 4166 μὲν
1040 4095 1182 4148 οὕτω
1225 4094 1432 4157 πάντας
1461 4093 1519 4146 δὲ
1552 4093 1714 4158 ἀξίως
1746 4097 1846 4165 τῆς

267 4198 543 4271 ἡμετέρας
567 4193 857 4260 ἐξωθοῦσιν
889 4189 1061 4260 αὐλῆς
1093 4191 1140 4242 οί
1175 4187 1354 4250 καλῶς
1387 4187 1556 4257 αὐτῆς
1587 4191 1848 4258 προϊστά-

273 4309 423 4362 μενοι
450 4307 463 4320 ·
491 4287 604 4354 ἐγὼ
644 4286 700 4338 δὲ
749 4285 958 4342 τούτοις
992 4283 1094 4335 ὅσα
1141 4285 1234 4334 καὶ
1265 4283 1392 4344 παῖς
1428 4281 1672 4350 πατράσι
1711 4281 1845 4333 ἑπό-

273 4400 430 4453 μενος
459 4383 569 4442 τοῖς
599 4379 762 4448 ἱεροῖς
793 4374 1055 4446 τροφεῦσι
1089 4375 1182 4426 καὶ
1213 4374 1550 4436 παιδευταῖς,
1587 4374 1683 4425 καὶ
1715 4374 1843 4443 παρ’

267 4475 420 4528 οὐδὲν
459 4473 554 4543 μὲν
584 4469 755 4537 ἄγων,
789 4467 882 4518 καὶ
905 4462 1181 4516 διαπτύων
1212 4464 1358 4515 δυοῖν
1388 4462 1496 4513 τῶν
1519 4463 1618 4530 τῆς
1650 4461 1847 4530 ἀστρο-

271 4567 536 4638 θεὰμονος
564 4561 754 4630 σοφίας
779 4557 935 4610 εἱδῶν
964 4555 1024 4607 τὸ
1053 4554 1328 4622 δεύτερον,
1357 4553 1430 4614 ὡς
1460 4551 1754 4604 ἐπίϐουλόν
1787 4567 1846 4602 τε

272 4663 360 4713 καὶ
391 4655 683 4726 σφαλερὸν,
714 4649 850 4705 καθὸ
882 4649 982 4712 τὰς
1019 4649 1128 4701 τῶν
1163 4649 1649 4717 ἐμπεριεχομένων
1683 4664 1848 4715 μετα-

271 4753 431 4811 ϐολὰς
458 4749 545 4800 διὰ
591 4745 702 4798 τῶν
733 4743 977 4812 ἀστέρων
1025 4738 1506 4811 συσχηματισμῶν
1553 4738 1849 4791 ἀποτελου-

271 4842 441 4910 μένας
465 4841 514 4893 οἱ
546 4837 674 4908 περὶ
727 4819 901 4888 ταῦτα
949 4833 1151 4903 κομψοὶ
1191 4832 1471 4902 τηνόιλλως
1518 4831 1685 4899 φασὶν
1723 4831 1846 4882 ἐπι-

271 4933 626 4989 σκέπτεσθαι.
659 4931 752 4983 καὶ
785 4929 904 4981 λίαν
947 4925 1327 4988 ἐπικινδύνως.
1375 4924 1450 4976 Τὸ
1498 4924 1762 4993 πρότερον
1791 4920 1850 4973 δὲ

267 5030 334 5096 τῇ
388 5025 539 5088 τάξει
595 5038 654 5074 τε
709 5021 803 5073 καὶ
858 5017 1108 5084 δυνάμει,
1169 5017 1263 5068 καὶ
1323 5015 1553 5084 φέρεται
1608 5015 1717 5085 γὰρ
1773 5012 1844 5066 τὰ

268 5119 464 5187 πρῶτα
493 5113 635 5168 κατὰ
661 5109 769 5164 τῶν
815 5111 1013 5174 ἄλλων,
1047 5109 1182 5175 πρὸς
1225 5108 1492 5177 μεγίστην
1521 5107 1708 5178 ὄνησιν
1747 5106 1846 5175 φέ-

273 5225 385 5278 ρον,
424 5210 517 5260 καὶ
550 5205 676 5274 περὶ
706 5203 804 5262 τὰς
833 5202 941 5254 τῶν
967 5201 1214 5269 ἀστέρων
1249 5202 1411 5270 μ’ἶνον
1445 5203 1690 5269 κινήσεις
1725 5203 1846 5270 ἔχον

268 5303 326 5351 ὲν
349 5299 494 5366 λόγῳ
522 5297 825 5363 τιθέμενος,
852 5291 1008 5356 ἔδοξα
1043 5289 1180 5360 πρὸς
1223 5287 1528 5359 εὕχρηστον
1566 5292 1664 5360 τῆς
1708 5293 1846 5344 θεω-

274 5391 396 5462 ρίας
429 5385 930 5458 ὑπομνηματισμὸν
961 5381 1204 5451 ἐμαυτοῦ
1233 5398 1292 5434 τε
1327 5382 1489 5451 χάριν
1521 5384 1615 5436 καὶ
1643 5384 1752 5436 τῶν
1781 5400 1844 5450 γε

272 5481 696 5556 προτρεψάντων
740 5479 804 5530 ὲκ
837 5476 1218 5529 παλαιοτάτων
1251 5475 1520 5545 συνήθων,
1561 5479 1616 5530 ἐν
1651 5477 1750 5545 μὲν
1780 5482 1844 5546 τῇ

276 5575 468 5646 πρώτῃ
513 5571 678 5642 βίϐλῳ
727 5570 822 5622 τοῦ
881 5569 1146 5638 πικράντος
1211 5567 1618 5637 συντάγματθςν
1664 5569 1737 5632 ὡς
1791 5573 1848 5621 ἐν

352 5755 428 5826 (6)
462 5753 570 5817 Τὰς
604 5751 877 5824 ἀληθείας.

1361 293 1458 351 EX
1505 289 1736 351 LIBRI)
1789 290 1882 350 DE

355 405 446 471 (Γ.
498 403 570 458 Τὸ
621 403 720 473 μὲν
764 403 856 458 οὖν
888 403 1014 466 τοὺς
1061 403 1374 474 γινομένους
1423 404 1686 456 ἑκάστοτε
1731 420 1857 471 σχη-
1892 413 1931 464 Α

1952 291 2358 351 ASTRONOM
2378 293 2444 351 ΙΛ
2459 339 2472 352 .
2705 347 2708 350 .
3443 297 3539 356 99':

2042 405 2126 459 γι.
2168 405 2538 460 Occurrentes
2597 403 2760 475 igitur
2796 403 3032 460 subinde
3065 415 3248 462 motus
3306 407 3442 463 solis
3491 405 3549 460 ei

1967 496 2108 550 luna:
2139 507 2571 568 ca‘terarumque
2601 497 2884 552 stellarum
2911 497 3060 553 inter
3079 513 3138 553 se
3165 507 3220 553 et
3241 499 3310 554 ad
3343 509 3548 554 terram

1966 590 2447 659 configuratioucs,
2490 591 2873 659 contemplari,
2909 600 2986 656 et,
3019 606 3142 660 quae
3167 607 3268 660 per
3299 600 3554 648 astrono-

1967 683 2129 734 iniam
2185 683 2436 744 habetur,
2485 683 2914 750 praenotionem;
2963 685 3055 753 qui
3103 685 3404 740 veritatem
3451 701 3552 740 no-

1967 775 2302 828 scendarum
2345 775 2468 830 finis
2496 786 2598 840 est,
2634 777 2687 830 in
2722 777 2926 845 quibus
2959 778 3324 847 assequendis
3360 779 3542 833 trede-

1966 867 2072 920 cim
2099 883 2306 937 magna:
2328 869 2761 922 constructionis
2781 869 2940 923 libris
2961 869 3286 936 compositis
3317 885 3544 938 operam

1966 975 2120 1013 suam
2151 959 2478 1014 Ptolemaeus
2513 961 2750 1024 locavit;
2801 977 2976 1029 caque
3007 961 3370 1015 scientilicam
3424 959 3550 1030 phi-

1967 1051 2226 1119 losophi.»
2253 1054 2456 1119 regulis
2488 1053 2802 1107 existimare
2845 1053 2911 1107 de
2949 1053 3316 1122 quorumdam
3349 1070 3378 1107 a
3435 1053 3548 1107 Deo

1967 1143 2366 1213 producturum
2420 1145 2634 1197 naturis
2681 1146 2986 1209 notionem,
3021 1147 3296 1215 quomodo
3328 1147 3440 1214 ipsa
3487 1161 3546 1200 se

1965 1235 2226 1294 habeant.
2259 1244 2316 1288 et
2345 1251 2450 1303 qua
2481 1236 2694 1289 ratione
2726 1236 2925 1290 divinis
2954 1241 3240 1306 praeceptis
3269 1251 3324 1290 et
3354 1239 3546 1291 decre-

1965 1328 2033 1382 tis
2065 1343 2290 1396 prorsus
2314 1327 2672 1397 ohsequendo
2709 1329 2979 1394 ferantur,
3036 1348 3228 1401 magna
3255 1341 3310 1384 et
3369 1331 3540 1384 ardua

1963 1421 2152 1474 multis
2181 1421 2520 1490 argumentis
2549 1421 2921 1477 demonstrata
2965 1439 3052 1478 res
3085 1433 3190 1486 est,
3235 1437 3402 1494 utque
3445 1440 3540 1477 ve-

1963 1529 2082 1565 rum
2114 1512 2313 1577 dicam,
2338 1527 2504 1582 supra
2539 1517 2761 1567 modum
2819 1530 3012 1584 magno
3042 1525 3095 1571 et
3127 1531 3342 1570 summo
3393 1515 3542 1570 cultu

1960 1605 2296 1659 veneranda.

2030 1697 2144 1752 νη.
2194 1699 2499 1764 Qualitates
2529 1707 2712 1753 autem
2749 1699 2995 1768 ipsorum
3033 1700 3260 1764 activas,
3294 1710 3351 1754 et
3383 1709 3532 1755 natu-

1959 1791 2126 1844 ralem
2157 1793 2654 1863 configurationum
2679 1793 3008 1864 peculiarem
3042 1792 3286 1856 modum,
3315 1809 3537 1856 causam

1959 1899 2148 1940 eorum
2177 1903 2297 1958 qua}
2344 1887 2660 1942 hominibus
2689 1887 2970 1947 accidunt,
3001 1885 3319 1940 caelestibus
3347 1900 3544 1955 corpo-

1961 1977 2116 2033 ribus
2141 1979 2275 2034 falsa
2302 1981 2595 2036 tribuendo
2619 1989 2863 2035 statuere
2889 1995 2904 2045 ;
2931 1994 3106 2048 exque
3131 1979 3351 2032 illorum
3387 1987 3534 2033 motu

1957 2070 2299 2139 genethliaca
2331 2072 2566 2126 themata
2591 2082 2917 2135 contexere;
2951 2079 3008 2124 et
3035 2069 3341 2124 accidentia
3363 2068 3538 2122 dedu-

1957 2177 2104 2224 cere,
2135 2162 2372 2231 indeque
2403 2163 2798 2232 praanotionem
2837 2162 3150 2215 futurorum
3183 2161 3372 2215 haberi
3407 2174 3535 2230 pos-

1959 2267 2038 2316 se.
2085 2252 2234 2323 quod
2275 2254 2341 2307 ad
2382 2253 2760 2323 astrologiam,
2815 2252 3218 2308 mathematica:
3265 2250 3535 2321 singulari

1959 2345 2272 2414 eximioque
2299 2346 2522 2400 nomine
2539 2345 2880 2414 iusignitam,
2900 2345 3165 2414 pertinet,
3188 2343 3531 2410 existimare.

1959 2438 2150 2492 otiosa:
2179 2439 2428 2492 stultitiae
2456 2438 2524 2492 ad
2579 2447 2852 2492 astrorum
2909 2447 3112 2502 motus,
3149 2445 3408 2506 tanquam
3465 2437 3534 2492 ad

1959 2542 2171 2591 causas,
2209 2528 2475 2582 humanas
2511 2529 2754 2582 actiones
2785 2529 3070 2582 referentis
3088 2544 3228 2598 opus
3252 2541 3352 2584 est.
3385 2529 3540 2586 Illius

1959 2619 2126 2687 igitur
2156 2619 2308 2682 artis,
2360 2635 2481 2688 qua:
2519 2624 2585 2671 ad
2618 2619 2916 2688 quidquam
2977 2620 3105 2674 boni
3137 2622 3367 2691 sanique
3401 2623 3536 2677 nihil

1957 2715 2188 2778 confert,
2226 2729 2456 2782 qmeque
2509 2715 2713 2766 nullam
2754 2728 2877 2766 cum
2927 2716 3159 2770 veritate
3211 2715 3530 2771 affinitatem

1959 2807 2142 2864 habet,
2172 2807 2411 2874 cognitio
2441 2807 2497 2859 in
2544 2821 2814 2871 errorem,
2847 2808 3220 2875 corruptionis
3269 2809 3540 2876 perditirh

1957 2901 2148 2968 nisque
2177 2899 2452 2970 abyssum,
2483 2898 2569 2967 pie
2618 2914 2776 2968 agere
2808 2901 3122 2956 volentibus
3153 2902 3310 2954 valde
3343 2902 3533 2970 perni-

1956 2991 2181 3054 ciosam,
2215 2989 2462 3044 adducit.
2495 2988 2644 3044 Talia
2673 2990 2858 3059 igitur,
2895 3005 3002 3042 una
3034 3005 3160 3044 cum
3188 2991 3380 3060 magiae
3407 3007 3532 3058 pra-

1955 3097 2074 3135 vam
2129 3093 2326 3148 artem,
2385 3095 2508 3151 qua!
2547 3081 2826 3135 hominem
2863 3097 2892 3134 a
2935 3081 3048 3134 Deo
3079 3081 3238 3152 longe
3293 3082 3532 3150 projicit.

1957 3173 2202 3243 improbe
2229 3187 2285 3228 et
2313 3182 2502 3244 spreto
2531 3174 2759 3228 numine
2789 3174 3201 3236 exercentibus,
3229 3175 3534 3228 mathema-

1956 3269 2202 3336 ticisque,
2241 3266 2496 3320 videlicet
2539 3266 2868 3334 "astrologis,
2925 3276 2980 3321 et
3026 3267 3174 3334 leges
3223 3265 3442 3330 divinae,
3474 3275 3532 3320 et

1955 3360 2336 3428 magistrorum
2363 3359 2454 3411 Dei
2482 3358 3096 3424 cultorum,diviuoque
3117 3358 3326 3426 Spiritu
3355 3361 3525 3413 adfla-

1956 3463 2132 3506 torum
2159 3451 2375 3504 oraeula
2401 3451 2525 3518 jure
2554 3449 2746 3502 merito
2775 3458 3099 3504 aversantur
3116 3450 3533 3506 abominantur—

1955 3557 2078 3611 que.
2117 3542 2194 3596 Illi
2226 3541 2430 3610 quippe
2463 3542 2528 3593 ad
2562 3553 2792 3608 corpora
2813 3540 3102 3608 superiora
3131 3541 3398 3596 oscitante
3431 3557 3529 3596 ore

1954 3634 2156 3686 frustra
2177 3631 2558 3700 respicientes,
2585 3631 2653 3684 ab
2678 3645 2868 3682 eorum
2899 3638 3049 3682 motu
3083 3629 3250 3683 vitam
3279 3641 3525 3686 nostram

1951 3726 2215 3794 pendere,
2250 3725 2418 3778 Deum
2451 3724 2686 3776 adverso
2721 3722 2876 3775 vultu
2923 3721 3318 3791 impugnando.
3376 3726 3526 3794 posi-

1952 3827 2144 3886 taeque
2187 3817 2450 3870 terminos
2487 3813 2866 3880 transiliendo,
2896 3823 3179 3882 statuunt,
3231 3818 3375 3872 unde
3411 3825 3528 3871 tan-

1949 3910 2072 3963 dem
2109 3909 2161 3962 in
2189 3918 2352 3977 caput
2380 3923 2540 3962 suum
2579 3909 2882 3977 perniciem
2939 3908 3288 3979 animamque
3319 3912 3526 3980 pariter

1948 4015 2102 4055 suam
2123 4007 2434 4054 accersunt.

2025 4093 2159 4147 VIII.
2189 4092 2280 4146 Sic
2316 4093 2506 4161 itaque
2558 4107 2753 4147 omnes
2786 4093 2912 4150 illos
2957 4110 3026 4149 ex
3085 4096 3292 4150 nostris
3325 4099 3520 4164 caulis,

1950 4188 2044 4257 qui
2086 4193 2234 4240 recte
2273 4185 2379 4239 illis
2408 4195 2652 4254 praesunt
2686 4195 2956 4254 pastores,
2987 4189 3184 4242 merito
3217 4191 3518 4258 expellunt.

1953 4283 2154 4335 Ilorum
2194 4279 2360 4333 etiam
2389 4293 2513 4343 ego,
2569 4287 2758 4348 utpote
2791 4277 2934 4333 filius
2993 4290 3208 4349 patrum
3250 4285 3524 4338 nutricio-

1951 4389 2068 4426 rum
2097 4382 2152 4426 ct
2179 4371 2596 4439 paedagogorum
2633 4370 2878 4440 vestigiis
2898 4371 3229 4440 insistendo,
3258 4377 3522 4442 duarum,

1879 4473 1922 4527 ι)
1953 4481 2072 4534 quae
2118 4463 2262 4517 circa
2317 4473 2461 4516 astra
2522 4474 2829 4524 versantur,
2885 4465 3242 4520 scientiarum
3290 4468 3522 4522 alteram

1952 4557 2099 4610 rullo
2137 4556 2190 4609 in
2239 4555 2414 4624 pretio
2449 4555 2648 4618 habeo,
2698 4565 2866 4622 utque
2909 4555 3276 4624 deceptricein
3325 4575 3387 4610 ac
3423 4557 3525 4612 fal-

1951 4649 2122 4702 lacem
2188 4649 2534 4715 intutamque
2594 4662 2818 4700 aversiir
2879 4662 2894 4699 :
2949 4658 3223 4716 quatenus
3283 4665 3404 4718 qua:
3464 4650 3519 4704 in

1951 4738 2156 4791 mundo
2189 4735 2523 4790 mutationes
2569 4735 2846 4798 accidunt,
2906 4737 2973 4790 ab
3009 4746 3282 4791 astrorum
3335 4741 3520 4808 positu

1949 4841 2002 4882 et
2029 4827 2466 4896 configuratione
2495 4825 2712 4877 immitti
2748 4836 3022 4890 asserunt,
3058 4830 3148 4896 qui
3178 4845 3298 4882 eam
3331 4833 3523 4899 praaci-

1951 4938 2056 4992 pne
2086 4924 2315 4991 iactant,
2346 4937 2411 4975 ac
2448 4921 2686 4974 maximo
2722 4937 2846 4974 cum
2897 4923 3144 4990 periculo
3167 4925 3521 4990 profitentur.

1949 5013 2153 5069 Ordine
2181 5029 2310 5068 vero
2339 5023 2396 5068 et
2427 5014 2683 5070 facultate
2705 5017 2966 5085 primam,
3003 5018 3206 5087 primas
3225 5020 3373 5072 enim
3399 5037 3524 5088 par-

1951 5116 2033 5159 tes
2063 5106 2177 5159 hazc
2203 5105 2468 5160 adversus
2501 5107 2633 5161 alias
2661 5109 2762 5160 sibi
2797 5109 3055 5172 vindicat,
3081 5111 3424 5164 utilissimam
3460 5126 3526 5166 ac

1948 5198 2183 5251 maxime
2213 5197 2642 5262 conducibilem,
2678 5199 2731 5253 iu
2759 5209 3034 5254 astrorum
3061 5204 3298 5256 motibus
3319 5203 3524 5257 riman-

1949 5291 2032 5344 dis
2081 5291 2428 5343 solummodo
2459 5299 2770 5344 versantcm
2801 5293 3022 5361 plurimi
3053 5293 3278 5356 faciens,
3323 5297 3376 5348 in
3407 5297 3526 5365 pri-

1948 5399 2034 5436 mo
2067 5381 2228 5450 hujus
2258 5380 2442 5449 eperis
2478 5379 2629 5446 libro,
2669 5389 2730 5434 ut
2774 5381 2996 5436 tlicoriac
3026 5383 3438 5450 explicationem
3469 5395 3526 5440 et

1949 5477 2004 5529 in
2035 5476 2176 5528 illam
2197 5475 2676 5538 commentarium,
2705 5484 2812 5528 tam
2835 5474 2959 5535 mei,
2984 5493 3146 5544 quam
3177 5477 3520 5532 hortatorum

1949 5569 2084 5622 mihi
2117 5568 2183 5620 ab
2215 5565 2448 5632 antiquo
2487 5567 2841 5622 familiarium
2889 5583 3052 5624 causa
3091 5571 3391 5625 faciliorem
3425 5587 3524 5626 εκ-

2031 5748 2103 5816 (7)
2153 5745 2599 5816 Ἐξηεκημὲνοις.
2981 5779 3005 5802 .
