4050 6210
265 294 398 363 1001

1261 292 1665 361 GEORGIUS
1698 294 2056 359 LAPITHA.
2098 323 2167 333 --
2202 296 2555 359 NOTITIA.

3384 292 3520 361 1002

258 420 598 474 καθέκαδτον
629 420 882 489 ὁρίζοντα
911 419 1063 488 παρά
1098 419 1192 483 τὰς
1221 420 1493 486 ἐγκλίσεις
1529 422 1834 491 γενομένης
1868 428 1910 482 Α

1942 435 2040 489 per
2068 420 2316 489 singulos
2376 417 2694 472 horizontes
2748 430 2810 471 ex
2870 412 3323 472 inclinationibus
3350 414 3518 468 variis

258 516 317 566 ἐν
361 513 481 576 ταῖς
528 512 717 577 τάξεσι
771 515 1066 583 διαφορᾶς·
1107 514 1164 565 ὲν
1194 511 1252 565 δὲ
1294 514 1372 583 τῷ
1426 516 1597 585 τρίτῳ
1645 515 1838 586 βιϐλίῳ

257 607 354 672 τὴν
380 603 613 675 ἡλιακὴν
646 604 865 675 κίνησιν
886 621 899 634 ⁸
935 607 994 657 ὲν
1019 604 1076 659 δὲ
1102 603 1181 674 τῷ
1206 607 1449 675 τετάρτῳ
1478 608 1573 660 καὶ
1601 607 1838 677 πέμπτῳ

258 695 360 767 τὴν
406 694 742 763 σεληνιακήν
772 710 786 723 ·
822 696 882 745 ἐν
918 692 977 747 δὲ
1025 694 1107 762 τῷ
1154 692 1299 762 ἒκτῳ
1344 692 1412 746 τὰ
1463 692 1691 755 ταύταις
1719 694 1841 745 ὲπι-

259 785 672 855 συμϐαίνοντα,
710 780 1004 850 συνοδικάς
1048 803 1108 838 τε
1158 786 1302 855 φημὶ
1334 785 1430 838 καὶ
1475 784 1841 853 πανπληνιαο

258 880 361 943 κάς
398 877 688 946 συζυγίας,
727 878 820 931 καὶ
871 879 1000 940 τοὺς
1030 877 1224 940 ἄλλους
1254 876 1348 935 οὒς
1398 877 1539 946 πρὸς
1562 877 1655 928 τὸν
1683 877 1839 947 ἥλιον

256 974 290 1045 ἢ
324 972 556 1042 σελήνην
589 973 827 1024 ποιεῖται
877 970 1296 1043 σχηματισμούς
1322 988 1335 1001 ·
1374 970 1456 1024 ἔτι
1508 986 1571 1037 γε
1600 971 1708 1040 μὴν
1743 969 1839 1023 καὶ

256 1066 355 1129 τὰς
391 1064 744 1127 ἐκλειπτικὰς
779 1065 1086 1133 φαντασίας
1143 1064 1240 1116 καὶ
1289 1063 1358 1116 τὰ
1407 1062 1712 1132 παθήματα
1735 1077 1748 1091 ·
1780 1063 1838 1113 ὲν

255 1158 312 1210 δὲ
342 1156 419 1226 τῷ
453 1156 668 1225 ἑϐδόμῳ
704 1154 801 1207 καὶ
828 1153 1002 1225 ὀγδόῳ
1035 1153 1105 1206 τὰ
1136 1154 1270 1222 περὶ
1299 1151 1401 1222 τῆς
1442 1152 1553 1206 τῶν
1580 1151 1839 1205 ἀπλανῶν

256 1250 606 1319 καλουμένων
664 1248 923 1316 σφαίρας.
974 1248 1065 1299 Ἐν
1120 1248 1177 1300 δὲ
1230 1248 1344 1309 τοῖς
1406 1246 1616 1309 λοιποῖς
1674 1246 1838 1298 πέντε

259 1341 489 1411 βιϐλίοις
520 1340 589 1393 τὰ
617 1340 745 1409 περὶ
773 1338 883 1391 τῶν
909 1338 1071 1392 πέντε
1105 1337 1400 1406 πλανητῶν
1430 1352 1840 1408 προσαγορευο-

261 1434 459 1501 μένων.
483 1432 734 1492 "Emam
781 1430 840 1483 δὲ
895 1430 1126 1492 τούτων,
1157 1428 1231 1491 ὥς
1287 1444 1458 1497 φησιν
1512 1430 1570 1479 ὲν
1617 1425 1695 1496 τῷ
1743 1424 1838 1478 τοῦ

257 1524 479 1593 πρώτου
536 1524 799 1593 δευτέρῳ,
851 1522 1130 1575 δείκνυσιν
1182 1521 1211 1572 ὁ
1262 1522 1426 1587 σοφὸς
1486 1517 1837 1588 Πτολεμαῖος,

257 1618 460 1687 ἀρχαῖς
495 1616 594 1685 μὲν
630 1616 725 1666 καὶ
761 1614 950 1685 ὥσπερ
986 1612 1262 1682 Θεμελίοις
1293 1612 1372 1674 εἰς
1415 1609 1512 1681 τὴν
1552 1608 1841 1679 ἀνεύρεσιν

258 1710 543 1779 χρώμενος
595 1709 710 1770 τοῖς
768 1704 1032 1776 ἐναργέσι
1113 1702 1498 1773 φαινομένοις,
1559 1702 1654 1755 καὶ
1716 1702 1837 1763 ταῖς

1942 520 2118 566 ortam
2144 512 2382 581 explicat
2416 519 2473 566 et
2524 509 2791 565 ostendit.
2822 506 3011 564 Tertio
3056 508 3200 563 libro
3231 507 3366 562 solis
3396 521 3519 560 mo—

1942 613 2084 670 tum,
2118 613 2256 659 utet
2298 610 2497 671 quarto
2527 610 2583 657 et
2624 602 2819 671 quinto
2848 601 3124 665 lunarem,
3154 599 3416 670 expendit
3461 607 3519 653 et

1939 695 2294 750 determinat.
2325 693 2491 749 Sexto
2528 709 2651 763 quae
2682 693 2929 760 utrisque
2952 692 3120 747 simul
3156 692 3511 762 contingunt,

1939 788 2232 858 synodicas
2272 802 2473 856 nempe
2507 786 2756 857 syzygias
2785 793 2843 840 et
2892 785 3229 849 plenilunia:
3270 784 3520 854 aliasque

1940 879 2077 936 solis
2104 889 2159 934 et
2202 879 2347 933 lunae
2373 879 2439 933 ad
2467 877 2704 933 invicem
2737 877 3093 934 habitudines
3122 888 3179 932 et
3206 877 3520 948 conﬁgura-

1942 969 2119 1039 tioues
2150 983 2181 1023 a
2206 982 2264 1022 se
2296 967 2641 1024 observatas.
2698 966 2942 1038 Eclipses
2983 977 3271 1038 praeterea,
3308 983 3520 1039 easque

1940 1038 2372 1115 concomitantia
2412 1060 2719 1119 accidentia
2747 1067 2805 1114 et
2833 1060 3283 1116 circumsmntias
3337 1060 3523 1116 decla-
3564 1048 3569 1051 ’

1941 1160 2049 1208 rat.
2083 1151 2329 1221 Septimo
2357 1161 2412 1205 et
2438 1157 2635 1206 octavo
2667 1165 2788 1220 quae
2824 1149 2894 1204 ad
2952 1151 3227 1221 sphaeram
3284 1152 3519 1223 lixarum

1940 1243 2222 1313 pertinent
2252 1243 2535 1297 stellarum
2582 1242 2925 1311 exsequitur.
2958 1241 3262 1297 Postremis
3298 1241 3518 1297 tandem

1941 1336 2186 1406 quinque
2218 1335 2563 1405 planetarum
2622 1337 3025 1405 appellaturum
3083 1344 3269 1393 motus
3302 1339 3520 1393 exami-

1943 1436 2037 1481 nat
2080 1437 2137 1481 et
2180 1428 2604 1496 contemplatur.
2644 1428 3094 1499 Unumquodque
3132 1445 3266 1484 vero
3298 1446 3517 1495 eorum,

1945 1528 2003 1573 ut
2031 1532 2158 1588 cap.
2194 1520 2229 1573 ἓ
2257 1519 2387 1574 libri
2414 1524 2455 1587 ιι
2483 1520 2600 1590 ipse
2635 1522 2850 1587 scribit,
2904 1522 3104 1578 doctus
3161 1522 3519 1588 Ptolemaeus,

1944 1610 2252 1665 manifestis
2273 1610 2549 1680 clarisque
2579 1608 2980 1682 phaeuomenis,
2999 1617 3277 1687 certisque
3305 1627 3360 1671 et
3380 1615 3519 1671 nulli

1944 1703 2115 1758 dubio
2146 1703 2424 1770 obnoxiis,
2455 1720 2580 1774 qua
2638 1706 2708 1762 ab
2766 1709 3149 1765 anterioribus
3204 1710 3519 1779 priscisque

260 1797 606 1861 ἀδιστάκτοις
654 1796 762 1849 τῶν
792 1813 852 1849 τε
914 1796 1020 1863 πρὸ
1098 1795 1314 1847 ἐκείνου
1386 1795 1482 1847 καὶ
1549 1793 1661 1847 τῶν
1719 1794 1840 1846 κατ’
1876 1782 1916 1840 Β

1946 1798 2303 1862 astronomis,
2336 1812 2568 1867 quaeque
2602 1814 2701 1853 sua
2752 1808 2915 1855 atate
2942 1802 3103 1857 facta:
3141 1801 3386 1868 fuerant,
3416 1803 3521 1857 ob-

261 1892 468 1943 ὲκείνον
497 1891 817 1959 τηρήσεων’
853 1888 955 1951 τὰς
995 1888 1052 1941 δὲ
1087 1886 1289 1956 ἐφεξῆς
1319 1886 1429 1939 τῶν
1473 1884 1837 1956 καταλήψεων

1950 1888 2377 1954 servationibus,
2406 1905 2508 1959 pro
2542 1890 2834 1961 principiis
2872 1906 2940 1947 ac
2976 1893 3149 1948 veluti
3184 1893 3524 1948 fundamen-

260 1980 589 2055 ἐφαρμόζων
633 1982 721 2037 διὰ
776 1983 886 2035 τῶν
940 1984 997 2034 ἐν
1054 1984 1175 2045 ταῖς
1226 1983 1576 2052 γραμμικαῖς
1625 1980 1840 2048 ὲφόδυις

1952 1982 2020 2035 tis
2054 1980 2341 2043 adhibitis,
2374 1982 2639 2038 ostendit.
2664 1982 2795 2049 Quae
2818 2000 2949 2039 vero
2972 2000 3037 2040 ex
3094 1985 3204 2040 illis
3247 1985 3521 2055 colligun-

262 2074 615 2140 ἀποδείξεων.

1948 2085 2037 2127 tur
2068 2083 2124 2128 et
2152 2074 2724 2143 comprehenduntur,
2752 2076 3063 2132 linearibus
3090 2077 3522 2133 demonstratio-

1942 2168 2108 2221 nibus
2140 2175 2265 2235 apte
2298 2168 2705 2222 accommodata
2749 2168 3023 2238 explanat.

3373 2360 3466 2367 >~1=

1506 2512 1673 2558 ANNO
1720 2512 1951 2557 DOMINI
1994 2515 2267 2558 MCCCXLI

559 2667 1924 2999 GEORGIUS_
2067 2670 3283 2883 LAPITHA

1448 3101 1587 3157 ΤΟΥ
1628 3102 1979 3156 ΣΟΦΩΤΔΤΟ
1990 3104 2027 3155 Υ
2077 3103 2337 3156 ΚΥΡΙΟΥ

731 3261 1539 3435 ΓΕΩΡΓΙ

1546 3260 1850 3434 ΟΥ
1964 3258 3064 3453 ΛΑΠΙΘΟΥ,

1639 3514 1775 3569 ΤΟΥ
1812 3516 2145 3582 ΚΥΠΡῙΟΥ,

932 3671 1314 3756 ΣίΓΙΧΟΙ
1366 3671 2002 3758 -ΠΟΛΙἹἹΚΟΙ
2080 3671 2839 3761 ΑΥΤΟΣΧΕΔΙΟΙ

1676 3823 1801 3875 ΕΙΣ
1836 3824 2110 3877 ΑΚΟΗΝ.

1848 3964 1922 3978 ...σε

1418 4083 1591 4143 SAPl
1604 4083 2007 4146 ENTISSIMI
2067 4084 2347 4146 DOMINI

530 4257 1336 4415 GEORGII
1452 4252 2410 4459 LAPITHXE,
2533 4261 3253 4464 CYPRII,

1282 4577 1289 4585 .
1366 4503 1824 4597 VERSUS
1898 4503 2437 4598 POLITICI

830 4688 943 4750 EX
989 4685 1377 4748 TEMPORE
1421 4685 1655 4750 FACT!
1689 4682 2126 4758 PALAMQUE
2172 4687 2528 4749 OMNIBUS
2563 4690 2978 4751 RECITATI.

510 4820 602 4885 (Ex
638 4818 859 4868 editione
886 4820 928 4867 J.
970 4819 1026 4867 F.
1057 4816 1360 4870 Boissonadii
1399 4818 1447 4867 iu
1474 4815 1677 4869 Notice:
1707 4822 1754 4868 et
1782 4813 1996 4866 Exn-aiis
2030 4815 2091 4866 de
2115 4818 2163 4865 ια
2183 4813 2503 4879 bibliothéque
2526 4819 2590 4867 du
2629 4815 2736 4879 Roi,
2763 4826 2883 4869 tom.
2919 4818 3025 4880 ΧΠ,
3051 4827 3190 4884 parte
3212 4828 3290 4886 υ.)

1574 5048 2217 5141 ΡΒλλΕΓΑΤΙΟ

690 5208 770 5270 In
801 5224 924 5287 qua
954 5204 1263 5265 inseritur
1296 5202 1530 5260 notitia
1557 5198 1633 5262 de
1661 5200 1940 5279 Georgio
1975 5203 2241 5282 Lapitha
2275 5223 2351 5263 ea:
2384 5204 2621 5304 Aliatio
2655 5206 2742 5267 De
2785 5196 3119 5272 (inunctis.

348 5452 434 5513 Le
476 5450 701 5529 poéme
749 5445 994 5524 dontje
1026 5444 1239 5506 donne
1270 5441 1356 5505 ici
1392 5444 1450 5505 la
1491 5444 1815 5522 premiére
1860 5446 2143 5515 éditmn,
2195 5463 2226 5506 δ
2271 5447 2370 5507 éle
2418 5461 2645 5525 cople,
2695 5464 2849 5511 avec
2894 5454 3068 5512 toute
3118 5451 3527 5514 l’exactitude

246 5556 424 5618 dont
454 5551 520 5629 je
566 5550 708 5611 suis
756 5547 1061 5628 capable,
1111 5560 1225 5605 sur
1278 5561 1363 5605 un
1403 5546 1761 5606 manuscrit
1800 5548 1877 5608 de
1926 5547 1979 5609 la
2023 5545 2473 5626 bibliotheque
2515 5547 2600 5607 du
2648 5548 2793 5621 Rei,
2834 5548 3074 5629 lequel,
3113 5552 3296 5626 apres
3349 5551 3527 5613 avoir

250 5654 450 5736 porte
490 5651 1041 5711 suecessivement
1075 5648 1165 5707 les
1198 5646 1502 5707 numeros
1548 5646 1731 5720 2039,
1773 5646 1961 5723 2256,
1999 5648 2183 5721 3337,
2246 5655 2343 5711 est
2379 5647 2794 5728 aujourd’ltui
2823 5649 3047 5715 inserit
3079 5670 3160 5716 au
3193 5652 3524 5731 catalogue

246 5771 419 5817 sous
457 5757 510 5815 lc
550 5752 774 5813 ehiil‘re
809 5753 991 5812 “2877.

588 5860 858 5918 PATttOL.
895 5860 1008 5919 GR.
1051 5855 1314 5915 CXLIX.

3078 5854 3157 5913 32
