4050 6210
371 339 508 405 1069

1241 337 1547 399 NICEPH.
1581 336 1968 395 GREGOIUE
2002 337 2434 398 ALLOCUTIO
2468 339 2566 398 AD
2606 340 2758 401 1MP.

3478 342 3636 408 1οῗον

371 453 467 506 νῦν
516 452 857 523 εὐφροσύνης
893 452 1139 523 μακροὺς
1171 451 1520 520 ἀναπέμπειν
1560 450 1686 512 τοὺς
1732 447 1938 516 ὕμνους
1972 451 2013 507 Α
2047 451 2094 502 o'.
2128 450 2183 502 δὲ
2209 452 2272 505 τὸ
2298 451 2397 521 τῆς
2419 452 2656 516 διανοίας
2691 453 2784 517 ὀξὺ
2805 453 2897 507 καὶ
2926 453 3326 526 τελεσιουργὸν,
3351 459 3442 510 καὶ
3467 459 3615 521 ὅπως

372 545 703 612 ἐπείγονται,
729 546 825 600 καὶ
854 546 1054 616 σκιρτᾷ
1085 545 1202 598 καὶ
1233 544 1417 612 χαίρει
1464 543 1556 594 τὸν
1593 541 1795 612 ὡραῖον
1840 541 1939 610 τῆς

372 637 638 709 εὐθυμίας
689 639 894 708 χιτῶνα
942 639 1004 690 τδ
1056 635 1164 690 τῶν
1216 621 1430 689 πόλεων
1501 633 1942 704 ἀμφιεννύμενον

375 731 686 801 πρόσωπον.
717 731 790 783 Σὺ
815 731 924 799 γάρ
946 727 998 783 εἴ
1034 729 1131 782 καλ⁸
1153 727 1422 796 ζωογόνος
1453 727 1561 780 τῶν
1597 725 1942 796 πραγμάτων

374 824 574 894 καρδία
614 825 709 877 καὶ
755 825 939 892 τεῖχος
977 822 1074 876 καὶ
1111 820 1362 890 θεμέλιος
1413 821 1510 874 καὶ
1557 815 1788 880 πλοῦτος
1834 817 1942 870 τῶν

375 915 606 977 πόλεων,
635 915 733 967 καὶ
779 913 916 984 πρὸς
965 913 1026 966 σέ
1061 911 1374 981 βλέπουσιν,
1427 909 1560 963 ὅπου
1593 924 1699 978 περ
1755 907 1820 961 ἃν
1851 902 1942 978 ᾗς,

373 1000 565 1070 ὥσπερ
591 1001 660 1053 τά
682 1001 782 1070 τῆς
814 1001 918 1070 γῆς
959 1001 1320 1071 βλαστήματα
1353 999 1492 1070 πρὸς
1520 998 1693 1068 ἥλιον.
1727 997 1870 1050 Ἀλλ’
1893 997 1943 1050 οἱ

377 1089 478 1160 μὲν
505 1090 660 1158 σοφοί
689 1107 744 1142 τε
793 1091 890 1144 καὶ
913 1090 1132 1161 ἐλληνες
1163 1090 1315 1158 λόγοι
1337 1088 1408 1143 τά
1436 1106 1496 1142 τε
1532 1087 1670 1143 ἄλλα
1708 1089 1804 1142 καὶ
1848 1088 1945 1140 Ἦ-

379 1181 583 1251 ρακλέα
604 1183 697 1236 τὸν
729 1183 874 1236 πάνυ
908 1181 1250 1252 παμπόλλων
1281 1180 1592 1251 ἀνθρώπων
1618 1180 1716 1234 καὶ
1736 1176 1945 1231 πόλεων

376 1274 677 1346 εὐεργέτην
731 1274 1083 1329 καταστάντα
1127 1272 1262 1342 φασὶ
1309 1272 1561 1342 μεγάλης
1596 1273 1699 1342 τῆς
1745 1267 1944 1324 ἐαυτοῦ

376 1370 534 1438 δόξης
581 1368 862 1438 ἐμπλῆσαι
908 1369 1011 1436 τήν
1070 1384 1130 1420 τε
1191 1366 1425 1420 Ἐλλάδα
1485 1366 1581 1420 καὶ
1631 1366 1784 1426 ὅσαις
1849 1363 1948 1434 τῆς

389 1461 639 1524 Ἑλλάδος
671 1460 930 1513 ἐπέκεινα
963 1457 1152 1510 πόλεσι
1205 1458 1300 1511 καὶ
1330 1457 1538 1529 χώραις
1585 1456 1694 1510 ἔδει
1727 1455 1828 1526 τῆς
1853 1454 1951 1508 αύ-

378 1549 472 1604 τοῦ
499 1549 750 1621 βοηθείας
773 1565 786 1580 ο
820 1547 1189 1601 ἐπελαύνοντα
1217 1549 1330 1618 γάρ
1353 1547 1642 1617 καθαίρειν
1666 1547 1702 1600 δι
1727 1547 1826 1616 τῆς
1846 1545 1950 1613 γῆς

381 1641 596 1711 ἐκείνης
653 1640 848 1709 ἐφύετο
903 1640 1191 1709 νοσήματα
1245 1640 1339 1693 καὶ
1400 1639 1716 1708 ὑϐρίσματα
1778 1638 1950 1693 ὁπόσα

382 1733 727 1802 γεωργοῦσιν
761 1734 946 1800 ἄγριοι
977 1731 1147 1801 θῆρες
1177 1731 1274 1784 καὶ
1311 1731 1472 1793 πόδες
1530 1730 1764 1800 λῃστῶν.
1807 1729 1949 1784 Ἀλλ’

2053 542 2348 596 ἀκόλουθον
2380 545 2442 597 τὸ
2467 545 2575 598 τῶν
2609 545 2836 612 ἀγώνων
2867 545 3040 616 πέρας
3068 550 3241 609 ποιεῖς
3266 549 3388 608 ταῖς
3433 549 3617 600 ἐπιϐο-

2047 633 2167 696 λαῖς
2197 633 2306 687 τῶν
2329 634 2516 704 ἀρχῶν
2539 650 2553 665 ο
2587 635 2810 702 φθάνεις
2839 636 2946 706 γὰρ
2979 635 3057 705 τῷ
3095 637 3247 706 τάχει
3277 636 3372 690 τοῦ
3417 637 3619 706 δρόμου

2049 726 2147 796 τὴν
2180 725 2278 796 σὴν
2316 726 2600 793 ἀγγελίαν,
2625 727 2722 781 καὶ
2767 727 2897 798 πρὶν
2942 728 3273 797 ἀκουσθῆναι
3301 729 3469 800 φαίνῃ
3516 746 3619 780 πα-

2054 817 2169 888 ρὼν
2205 816 2297 870 καὶ
2325 819 2391 887 τῇ
2439 817 2684 888 αἱφνιδίᾳ
2726 835 2821 870 σου
2867 818 3146 890 παρουσίᾳ
3196 819 3264 872 τά
3315 817 3425 870 τῶν
3457 819 3622 870 πολεο

2055 904 2196 975 μίων
2229 905 2454 973 θραύεις
2485 907 2800 975 σκέμματα.
2827 905 2984 961 Οὕτω
3027 909 3152 971 τοὺς
3178 907 3496 978 Τριϐαλλῶν
3532 909 3624 960 καὶ

2055 997 2264 1051 Μυσῶν
2305 996 2612 1068 ἐξέπληξας
2663 1001 2963 1070 ἡγεμόνας,
3005 999 3364 1055 καθεύδουσιν
3394 1001 3626 1062 ἐπιστὰς

2053 1086 2313 1150 πολλάκις
2363 1090 2771 1162 ἀπροσδόκητος
2793 1091 2982 1163 ὥσπερ
3027 1111 3110 1157 τις
3160 1093 3400 1164 αίθέριος
3430 1109 3626 1161 κεραυ-

2053 1181 2177 1242 νόςο
2228 1181 2371 1235 οὕτω
2424 1180 2556 1235 Χίον
2601 1178 2764 1248 εἷλες,
2811 1183 2957 1238 οὕτω
3005 1185 3264 1238 Φώκαιαν
3321 1183 3630 1245 ἐδουλώσω,

2054 1272 2228 1334 οὕτως
2276 1273 2568 1343 Ἰλλυριοὺς
2615 1275 2980 1345 κατέδραμες,
3023 1275 3165 1328 οὕτω
3215 1275 3310 1328 νῦν
3359 1275 3629 1336 Λίτωλοὺς

2056 1365 2152 1418 καὶ
2184 1364 2528 1434 Ἀκαρνᾶνας
2557 1368 2613 1430 ἐς
2670 1367 2731 1420 τὸ
2762 1369 2989 1437 ἀρχαῖον
3034 1369 3382 1437 ἐπανήγαγες
3443 1368 3630 1438 σχῆμα

2057 1459 2157 1528 τῆς
2195 1457 2489 1526 Ῥωμαίων
2535 1459 2836 1527 ἡγεμονίας
2865 1461 2964 1529 (l).
3043 1499 3059 1516 .
3140 1497 3154 1511 .
3238 1498 3252 1514 .
3332 1501 3346 1515 .
3425 1499 3439 1513 .
3521 1502 3534 1515 .
3616 1504 3629 1516 .

3317 1553 3411 1606 καὶ
3467 1554 3632 1622 ἄμφω

2057 1640 2126 1693 τὰ
2162 1645 2402 1710 στοιχεῖα
2435 1642 2726 1711 ἐμπλήσας
2774 1643 2868 1696 τοῦ
2901 1644 3201 1712 θαύματος.
3234 1646 3392 1711 Λέγω
3439 1643 3504 1714 δὴ
3536 1645 3633 1710 τὴν

2059 1733 2323 1786 διαϐᾶσαν
2362 1733 2420 1798 ἐξ
2450 1732 2636 1798 Ἀσίας
2671 1735 2792 1787 καθ’
2815 1735 2972 1805 ἡμῶν
3003 1735 3279 1805 Περσικὴν
3302 1737 3517 1805 ἐκείνην
3542 1737 3633 1788 καὶ

381 1829 567 1882 ἐκεῖνα
609 1829 759 1892 λόγοι
791 1827 901 1895 ἀρα
945 1821 1086 1896 ἦσαν
1125 1824 1313 1894 μύθων
1344 1823 1674 1891 αὐτονομίαν
1705 1838 1953 1888 συναγω-
1985 1805 2027 1858 Β
2057 1824 2336 1893 δύσμαχον
2363 1825 2594 1893 δύναμίν
2631 1843 2690 1879 τε
2733 1827 2828 1878 καὶ
2871 1826 3107 1892 ὅπλισιν,
3144 1828 3210 1896 ἢν
3248 1827 3432 1897 ἡμέρᾳ
3467 1845 3634 1895 κατηυ

381 1918 670 1989 νιζομένην
710 1916 1066 1980 πλουτοῦντες
1098 1917 1173 1978 ὡς
1195 1917 1263 1968 τὰ
1295 1914 1470 1968 πολλά
1515 1914 1609 1966 καὶ
1647 1914 1820 1983 ῥᾷστα
1850 1912 1951 1980 τὴν

383 2009 551 2079 ἀκοὴν
581 2009 1017 2071 ύποκλέπτοντες
1041 2023 1058 2040 ο
1100 2007 1197 2060 νῦν
1245 2005 1292 2059 δ’
1321 2002 1464 2058 εἶδεν
1501 2003 1658 2056 ἄλλον
1688 2005 1722 2072 ὴ
1760 2001 1952 2064 Ἑλλάς

394 2103 672 2174 Ἡρακλέα
739 2104 820 2167 σὲ,
865 2103 1106 2172 πολυετῆ
1163 2100 1504 2169 καθαίροντα
1574 2098 1676 2166 γῆς
1732 2095 1951 2162 ἐκείνης

388 2197 668 2266 νοσήματα
687 2195 779 2248 καὶ
799 2194 1139 2264 ὑϐρίσματα,
1163 2193 1223 2245 οὐ
1255 2192 1414 2260 θέρος
1438 2189 1534 2242 καὶ
1552 2190 1651 2258 ἐαρ
1675 2189 1754 2250 είς
1771 2186 1954 2240 ὃπλων

383 2288 748 2358 περιμένοντα
801 2285 1013 2355 χρείαν,
1066 2282 1202 2336 ἀλλά
1253 2281 1448 2349 φύσεις
1480 2279 1638 2348 ὡρῶν
1686 2279 1781 2333 καὶ
1810 2293 1954 2330 στοιο

385 2382 546 2448 χείων
588 2377 1044 2445 καινοτομοῦντα,
1079 2375 1174 2428 καὶ
1231 2373 1390 2443 θέρος
1425 2372 1524 2441 μὲν
1555 2371 1860 2439 ἡγούμενον
1892 2367 1954 2419 τὸ

385 2469 496 2521 τῶν
549 2469 834 2536 χειμώνων
863 2466 1058 2534 ψῦχος,
1085 2465 1301 2532 τρυφὴν
1348 2464 1405 2514 δὲ
1435 2463 1536 2528 τὴν
1588 2462 1828 2523 ἀσιτίαν,
1861 2461 1956 2512 καὶ

390 2559 556 2611 ὕπνον
589 2557 689 2626 μὲν
718 2555 816 2625 τὴν
849 2555 1182 2624 ἀγρυπνίαν,
1209 2553 1550 2614 ἀναπαύσεις
1581 2551 1635 2602 δὲ
1668 2548 1956 2619 βασιλικάς

389 2650 486 2702 καὶ
515 2646 795 2718 ῥᾳθυμίας
823 2646 884 2699 τὺ
918 2643 1356 2708 διανυκτερεύειν
1409 2641 1621 2712 αἴθριον
1652 2641 1746 2693 καὶ
1775 2641 1958 2700 πόνοις

393 2741 544 2802 ίδίοις
595 2738 674 2808 τῷ
730 2736 897 2807 κοινῷ
941 2735 1040 2804 τὴν
1077 2735 1348 2803 ὠφέλειαν
1380 2732 1720 2802 παρέχεσθαι
1771 2731 1959 2785 καὶτὸ

395 2831 661 2901 μηδαμῶς
713 2831 839 2890 τοὺς
873 2826 1164 2888 πλείστους
1207 2826 1575 2898 περιδρόμους
1615 2823 1810 2892 τρέψαι
1841 2819 1961 2892 βού-

391 2919 578 2970 λεσθαι
608 2917 744 2986 πρὸς
776 2916 1014 2986 ἠρεμίαν
1048 2914 1155 2967 οὐδ’
1189 2915 1287 2984 ὀψὲ
1316 2914 1411 2968 τοῦ
1446 2916 1662 2984 χρόνου,
1691 2911 1826 2966 ἀλλὰ
1867 2911 1960 2962 πό-

389 3026 500 3071 νοις
532 3009 728 3070 πόνους
762 3007 1050 3079 ἐπιφέρειν
1072 3006 1166 3060 καὶ
1189 3005 1464 3076 διαδόχους
1487 3005 1713 3072 ἀγώιων
1743 3002 1961 3070 ἀγῶνας

390 3100 656 3152 δεικνύειν
689 3099 829 3152 κατά
853 3099 914 3151 τὸ
944 3099 1186 3169 συνεχὲς,
1213 3096 1598 3168 ἠπειρωτικῶν
1627 3095 1726 3165 μὲν
1760 3094 1960 3148 θαλασ-

393 3193 562 3258 σίους,
585 3189 889 3244 θαλασσίων
915 3190 961 3242 δ’
987 3189 1054 3244 αὖ
1074 3189 1497 3260 ὴπειρωτικούς.
1525 3189 1636 3242 Καὶ
1659 3187 1768 3240 τῶν
1788 3187 1964 3240 τοιούο

391 3299 500 3334 των
533 3281 762 3348 ἀγώνων
791 3282 838 3333 οί
861 3281 961 3349 μὲν
982 3280 1042 3333 τὸ
1067 3281 1269 3350 πλῆθος
1296 3279 1690 3346 θαυμάζουσιν,
1715 3279 1764 3330 oi
1785 3277 1840 3330 δὲ
1867 3278 1967 3347 τὴν

399 3371 727 3448 συνέχειαν,
753 3371 848 3424 καὶ
874 3371 924 3424 οί
950 3371 1049 3440 μέν
1077 3372 1140 3424 τδ
1185 3372 1293 3424 τῶν
1328 3372 1547 3442 δρόμων
1579 3370 1968 3442 ἀγχίστροφον,

397 3554 712 3610 civitatibus
767 3569 1017 3609 securum
1087 3553 1493 3610 fundamentum
1538 3563 1605 3608 ριι
1630 3567 1758 3624 opes
1791 3553 1973 3607 firmas

397 3655 658 3715 praestas;
723 3644 775 3697 in
838 3655 890 3696 te
953 3644 1153 3713 igitur,
1206 3644 1513 3712 ubicunque
1576 3643 1698 3705 sis.
1759 3657 1971 3707 omnes,

399 3734 745 3803 sicutplantae
789 3733 956 3786 solem
991 3749 1201 3799 versus,
1226 3733 1541 3799 respiciunt.
1568 3732 1633 3787 Et
1662 3731 1973 3787 Grtecorum

399 3825 616 3894 quidem
659 3827 831 3878 docta:
857 3823 1153 3878 relationes
1178 3823 1460 3877 llerculem
1494 3823 1846 3891 plurimarum
1876 3838 1974 3877 na-

401 3918 612 3972 tionum
663 3915 1053 3983 civitatumque
1103 3913 1502 3970 benefactorem
1551 3913 1721 3968 fuisse
1752 3928 1817 3968 ae
1877 3929 1973 3968 no-

405 4007 564 4061 minis
619 4006 700 4060 sui
762 4005 909 4063 fama
958 4004 1221 4060 Graeciam
1277 4003 1570 4073 rcplerisse
1646 4013 1705 4060 et
1776 4004 1974 4060 vicinis

404 4100 654 4170 gentibus
702 4098 906 4155 auxilio
968 4097 1144 4156 fuiSse
1198 4096 1362 4154 fidem
1403 4095 1656 4159 faciunt,
1705 4095 1973 4166 siquidem

409 4203 622 4254 terras,
687 4205 822 4259 quas
882 4188 1056 4254 adiit,
1110 4189 1318 4244 morbis
1388 4204 1454 4245 ac
1506 4188 1745 4243 ferarum
1810 4190 1971 4245 latro-

407 4300 642 4354 numque
671 4285 878 4354 injuriis
913 4284 1170 4338 liberarit.
1208 4283 1313 4338 Sed
1348 4283 1463 4338 istae
1507 4284 1702 4338 fabula:
1755 4285 1858 4341 fide
1894 4285 1974 4339 le-

407 4376 593 4444 gitima
625 4387 874 4430 carentes
896 4390 1056 4430 aures
1100 4377 1478 4431 tantummodo
1523 4376 1766 4432 titillant.
1821 4376 1875 4432 In
1924 4389 1984 4432 te

2060 1915 2279 1978 γωνίσω
2336 1915 2458 1983 μιᾷ,
2488 1914 2782 1977 πλείστους
2840 1914 2941 1983 μὲν
3000 1916 3228 1980 ἀνελὼν,
3298 1917 3515 1978 πλείους
3578 1916 3635 1969 δὲ

2061 2005 2270 2068 ζῶντας
2297 2004 2456 2062 ἑλών.
2505 2005 2613 2057 Καὶ
2662 2004 2700 2058 ὃ.
2739 2006 2909 2058 πάλαι
2956 2005 3330 2074 Θεμιστοκλέα
3355 2008 3634 2075 ἀκούομεν

2061 2097 2120 2160 ἐξ
2164 2096 2420 2164 Ἀττικῆς
2472 2097 2568 2149 καὶ
2621 2097 2938 2149 Παυσανίαν
2989 2099 3054 2150 ὲκ
3115 2100 3524 2170 Λακεδαίμονος
3580 2101 3637 2152 ἐν

2065 2187 2237 2256 ἱκανῷ
2269 2187 2822 2255 διαστήματιςχρόνου
2872 2186 2969 2240 δύο
2997 2188 3400 2257 μερισαμένους
3432 2190 3636 2258 στήσα-

2065 2277 2185 2329 σθαι
2208 2277 2446 2346 τρόπαια
2480 2276 2620 2329 κατά
2643 2277 2754 2330 τῶν
2797 2277 2939 2347 μετὰ
2985 2276 3188 2348 Ξέρξου
3233 2279 3483 2348 Περσῶν,
3515 2309 3582 2318 -—
3609 2283 3637 2334 ὁ

2065 2371 2165 2438 μὲν
2192 2370 2303 2439 γάρ
2331 2371 2387 2422 ἐν
2405 2373 2518 2431 τοῖς
2549 2370 2681 2438 περὶ
2705 2369 2988 2439 Σαλαμῖνα
3014 2373 3222 2433 στενοῖς
3247 2371 3344 2442 τὴν
3375 2372 3637 2441 ναυτικὴν

2065 2460 2290 2511 ἐκείνων
2325 2460 2693 2512 κατεϐἀπτισε
2747 2461 3000 2530 δύναμιν,
3033 2465 3061 2516 ὁ
3091 2463 3148 2516 δὲ
3200 2467 3328 2534 περὶ
3380 2465 3640 2518 Βοιωτίαν
3677 2516 3681 2521 .

2065 2553 2133 2600 τὰ
2167 2549 2585 2618 περιλειφθέντα
2614 2550 2713 2602 σὺν
2752 2552 3046 2623 Μαρδονίῳ
3097 2555 3441 2624 στρατόπεδα
3476 2573 3640 2608 κατε-

2065 2641 2385 2710 τροπὼσατο
2409 2671 2479 2682 —-
2501 2641 2674 2694 ταῦτα
2701 2643 2765 2696 σὺ
2798 2642 3009 2710 βέλτιον
3041 2646 3100 2697 ἐν
3131 2648 3316 2718 ἡμέρᾳ
3360 2649 3637 2717 διεπράξω

2072 2732 2168 2800 μιᾷ
2194 2730 2335 2784 κατὰ
2383 2729 2490 2782 τῶν
2519 2731 2956 2783 ἐπεισπεσόντων
3003 2733 3139 2802 ἡμῖν
3176 2735 3462 2802 αἰφνιδίως
3503 2736 3640 2804 Περ-

2075 2822 2204 2873 σῶν.
2234 2819 2374 2882 Τοὺς
2405 2819 2504 2888 μὲν
2536 2820 2645 2890 γάρ
2699 2820 2912 2890 κύμασι
2972 2822 3066 2875 καὶ
3123 2823 3323 2892 ῥοθίοις
3371 2825 3641 2895 θαλάττης

2071 2913 2275 2976 ἔδωκας
2313 2912 2701 2984 βαπτίζεσθαι,
2738 2917 2862 2978 τοὺς
2894 2914 2951 2968 δέ
2981 2915 3234 2986 καθάπερ
3275 2918 3554 2987 ἀστάχυας
3583 2920 3641 2970 ἐν

2035 3005 2038 3008 ’
2071 3006 2184 3066 τοῖς
2235 3005 2521 3075 παραλίοις
2570 3004 2671 3077 τῆς
2717 3005 2941 3077 Θρᾴκης
2973 3007 3384 3077 κατέστρωσας,
3417 3008 3543 3072 τοὺς
3583 3009 3640 3061 δὲ

2073 3094 2290 3158 πλείους
2319 3095 2530 3159 ζῶντας
2557 3096 2859 3167 ἐχειρὼσω,
2910 3097 3097 3168 ὥσπερ
3137 3100 3195 3152 ἐν
3226 3100 3444 3172 ἐξουσίᾳ
3487 3100 3644 3170 βασι-

2073 3185 2201 3254 λικῇ
2231 3188 2394 3255 τριχῇ
2451 3187 2512 3240 τδ
2535 3189 2632 3256 τῆς
2669 3188 2828 3256 νίκης
2883 3187 3269 3258 διαιρούμενος
3321 3193 3639 3261 κράτιστον.

2073 3273 2248 3327 Πάλαι
2281 3277 2382 3344 μὲν
2411 3273 2506 3330 οὖν
2537 3276 2819 3346 ἐθαύμαζε
2857 3277 3030 3349 δῆμος
3063 3281 3330 3351 Ἑλλήνων
3368 3283 3669 3338 ’Δλκιϐιόμ

2073 3362 2171 3433 δην
2205 3365 2414 3420 ἐκεῖνον
2469 3366 2563 3421 τὸν
2607 3369 2981 3440 Σωκρατικὸν,
3017 3371 3110 3424 τίον
3161 3373 3553 3440 Κλεινίου,.τὸν
3584 3377 3644 3428 ἐν

2075 3544 2166 3599 alii
2210 3547 2546 3603 velocitatem
2581 3558 2637 3605 et
2679 3565 2908 3605 acumen
2961 3551 3160 3622 ingenii
3200 3555 3278 3609 tui
3317 3559 3641 3628 suspiciunt.

2076 3636 2209 3692 Nam
2262 3641 2436 3695 nuntii
2475 3641 2552 3696 tui
2582 3655 2744 3698 cursu
2791 3652 3208 3714 praevertuntur,
3249 3656 3305 3702 et
3342 3650 3667 3707 subitatua,

2078 3733 2366 3802 praesentia
2397 3735 3107 3792 hostiummachinamenta
3150 3739 3302 3794 irrita
3337 3741 3494 3798 facis.
3557 3743 3647 3800 Sic

2079 3819 2439 3877 Triballorum
2472 3823 2849 3896 Mysoruinque
2893 3829 3059 3887 duces
3102 3835 3438 3890 conturbasti
3469 3875 3484 3897 ,
3546 3852 3646 3892 nec

2077 3912 2328 3979 Opinatos
2369 3928 2462 3968 eos
2491 3913 2736 3974 fulminis
2779 3919 2954 3974 instar
2985 3922 3302 3979 adoriendo.
3337 3929 3429 3981 Sic
3471 3927 3650 3982 Chion

2075 4003 2288 4070 cepisti,
2322 4003 2400 4057 sic
2428 4003 2709 4060 Phocaeam
2751 4009 3048 4080 subegisti;
3079 4013 3159 4068 sic
3188 4012 3460 4085 Illyricum
3493 4019 3648 4073 inva-

2076 4093 2229 4160 sisti;
2268 4095 2347 4148 sic
2379 4112 2550 4166 nuper
2563 4096 2760 4154 IEtolis
2777 4109 2940 4170 atque
2965 4101 3344 4163 Acarnauibus
3369 4110 3644 4179 antiquam

2079 4183 2446 4240 [lonmnorum
2481 4188 2708 4245 formam
2742 4192 3017 4260 refecisti;
3050 4197 3130 4251 sic
3162 4207 3358 4253 terram
3392 4216 3669 4272 mareque.
3767 4240 3783 4252 -

2078 4276 2432 4345 stupefecisti.
2463 4279 2594 4334 Dico
2624 4283 2878 4351 equidem
2910 4289 3210 4343 exercitum
3259 4289 3420 4344 istum
3463 4291 3648 4347 Persi-

2080 4385 2230 4428 cum.
2259 4369 2348 4438 qui
2393 4382 2583 4428 contra
2628 4389 2726 4430 nos
2754 4375 2957 4441 movit,
2996 4387 3048 4434 te
3078 4395 3184 4436 uno
3209 4383 3306 4437 die.
3336 4383 3666 4454 proﬂigasse.

409 4478 585 4522 autem
623 4467 833 4525 Grmcia
881 4482 1079 4522 novum
1137 4469 1378 4536 possidet
1421 4467 1706 4524 llerculem
1742 4471 1832 4538 qui
1888 4487 1962 4524 re-

2081 4473 2131 4512 et
2189 4461 2386 4517 multos
2414 4473 2510 4517 aut
2549 4466 2851 4533 cecidisse,
2895 4478 2991 4524 aut
3035 4474 3193 4527 vivos
3231 4476 3457 4542 cepisse.
3493 4476 3648 4542 Quod

407 4561 620 4627 gienem
679 4560 837 4614 istam
874 4575 978 4614 non
1038 4559 1243 4616 morbis
1289 4575 1354 4615 ac
1382 4561 1594 4630 injuriis
1625 4561 1844 4628 liberat,
1883 4565 1974 4632 qui

408 4666 573 4704 \‘t-rno
608 4664 768 4719 atque
801 4653 990 4706 aestivo
1025 4661 1267 4720 tempore
1310 4668 1415 4708 non
1445 4654 1511 4708 ad
1542 4669 1691 4708 arma
1723 4655 1974 4721 recurrit,

361 4794 365 4796 ν
406 4742 499 4795 sed
525 4741 819 4796 stationum
847 4752 904 4796 et
928 4745 1316 4797 elementorum
1348 4753 1596 4800 naturam
1630 4746 1989 4813 reformavit;-

407 4831 498 4898 qni
548 4831 716 4896 frigus
757 4830 1049 4885 hibernum
1083 4846 1177 4898 pro
1205 4841 1416 4894 testate,
1445 4832 1642 4887 famem
1673 4849 1768 4902 pro
1799 4837 1976 4888 abun-

407 4920 618 4981 dantia,
656 4919 923 4972 insomnia
957 4933 1053 4984 pro
1079 4920 1261 4989 quiete
1301 4920 1490 4974 habes.
1544 4918 1623 4974 Tu
1672 4923 1718 4976 si
1751 4913 1851 4978 sub
1885 4924 1978 4979 dio

407 5018 719 5076 pernoctas,
743 5011 887 5076 regia
927 5020 977 5062 te
1008 5009 1285 5077 voluptate
1316 5009 1417 5063 frui
1450 5019 1641 5080 putas;
1672 5023 1724 5064 tu
1759 5016 1976 5084 propria

411 5101 693 5153 commoda
721 5101 994 5153 communi
1039 5101 1254 5154 utilitati
1296 5103 1611 5171 postponis;
1649 5114 1700 5156 tu
1731 5106 1979 5161 cursibus

415 5191 711 5245 laboriosis
729 5204 864 5243 nova
886 5191 1186 5244 certamina
1213 5203 1267 5246 et
1293 5192 1509 5247 labores
1523 5194 1694 5261 addis,
1725 5211 1821 5251 nec
1847 5207 1982 5250 tem.

412 5281 533 5351 pori
566 5295 666 5334 nec
692 5281 852 5334 rebus
883 5282 1172 5348 parcendo.
1210 5291 1265 5334 et
1302 5298 1506 5351 pugnas
1538 5293 1649 5337 tum
1679 5286 1979 5340 maritimas

412 5389 536 5427 cum
571 5383 855 5426 terreStres
891 5372 1099 5426 ciendo.
1155 5370 1221 5425 Et
1266 5374 1454 5427 horum
1485 5376 1700 5444 quidem
1728 5381 1978 5432 certami-

421 5479 546 5517 num
576 5461 667 5515 alii
699 5461 1121 5525 multitudinem,
1159 5459 1248 5516 alii
1275 5463 1635 5532 frequentiam
1665 5470 1968 5537 mirantur;

483 5596 558 5663 (ι)
591 5596 722 5660 Qua:
759 5608 879 5672 post
908 5613 961 5674 ξ’,
997 5599 1295 5674 ἡγεμονίας
1329 5599 1583 5674 leguntur
1620 5619 1791 5674 usque
1825 5607 1888 5660 ad
1925 5625 1973 5662 ν.

417 5681 702 5745 κρατιστον
750 5667 1032 5745 (lin_._3l),
1092 5667 1430 5745 ingnturginc
1479 5667 1977 5745 demntn'apposito

419 5749 572 5805 signo
603 5738 813 5790 addidit
843 5738 1121 5794 librarius.
1157 5739 1292 5794 Dcdt
1315 5738 1446 5808 qua:
1484 5743 1584 5810 lcgt
1617 5738 1974 5810 adhuc-pote-

2081 4551 2226 4606 enim
2245 4553 2371 4606 olim
2399 4554 2794 4610 Themistocles
2823 4574 2888 4612 ex
2916 4559 3124 4628 Attica,
3143 4572 3197 4618 ct
3220 4564 3517 4623 Pausanias
3543 4569 3649 4622 La-

2078 4648 2386 4700 cetlrcmone
2416 4649 2619 4717 egressi
2669 4647 2936 4716 fecerunt,
2969 4654 3074 4707 duo
3128 4656 3196 4712 de
3252 4657 3427 4715 Xerxe
3479 4661 3644 4717 Persa

2083 4745 2286 4805 tropica
2314 4739 2591 4807 erigenda,
2620 4767 2694 4784 ---
2722 4758 2953 4813 quorum
2985 4762 3126 4803 unus
3167 4751 3381 4818 quidem
3417 4754 3646 4808 classem

2085 4829 2316 4882 hostium
2375 4832 2427 4883 in
2485 4830 2624 4888 freto
2653 4834 2891 4892 Basotico
2931 4837 3148 4904 delevit,
3195 4841 3330 4897 alter
3381 4855 3562 4900 castra
3617 4865 3646 4900 a

2086 4917 2367 4976 llardonio
2407 4921 2594 4978 relicta
2633 4927 2798 4996 cepit,
2831 4957 2899 4968 -——
2929 4929 2983 4984 id
3035 4941 3089 4986 tu
3149 4934 3338 4989 melius
3398 4951 3503 4991 una
3565 4939 3650 4996 die

2086 5010 2284 5074 fecisti,
2320 5012 2535 5080 l‘crsas,
2576 5018 2666 5085 qui
2703 5030 2917 5074 nosmet
2945 5023 3185 5091 aggressi
3216 5023 3458 5092 fuerant,
3497 5029 3647 5082 subio

2087 5102 2279 5169 gentle.
2317 5103 2462 5158 Alios
2503 5106 2646 5159 enim
2693 5111 2851 5165 undis
2906 5125 2970 5165 ac
3032 5115 3282 5170 lutetibus
3335 5120 3502 5172 maris
3553 5119 3651 5172 im-

2086 5194 2345 5260 intersisti,
2377 5196 2514 5252 alios
2544 5208 2601 5252 ut
2631 5202 2871 5257 calamos
2911 5206 2975 5258 ad
3009 5204 3258 5263 Thraciae
3303 5211 3481 5266 littora
3511 5224 3651 5267 stra-

2087 5285 2230 5351 t'isti,
2285 5287 2419 5342 alios
2445 5304 2673 5345 numero
2707 5293 2889 5361 plures
2949 5298 3101 5354 vivos
3149 5301 3363 5368 cepisti,
3427 5304 3508 5358 sic
3553 5317 3650 5372 pro

2087 5377 2228 5448 regia
2285 5385 2374 5435 tua
2424 5392 2692 5450 potestate
2734 5386 2931 5456 triplici
2967 5390 3190 5447 victoria
3241 5394 3483 5450 functus.
3513 5395 3652 5448 Olim

2087 5471 2298 5538 quidem
2329 5471 2500 5530 ϐταιεί
2534 5476 2867 5535 Alcibiadem
2897 5481 3045 5536 illum
3078 5482 3652 5551 Socraticum,Clinia

2087 5621 2248 5676 rant;
2301 5613 2559 5669 nonnulla
2591 5618 2736 5673 enim
2765 5620 2832 5673 ab
2868 5619 3237 5695 initio_recisit
3267 5624 3636 5695 biblioncgus.

3029 5693 3232 5746 Εοιῖυιι
3266 5693 3577 5749 ιιεειεαεις.
