1900 3063
226 153 255 187 11
598 182 604 188 .
822 151 1029 188 ΝΙΟΕΡΉΟΒΙ
1049 157 1238 189 ῦΒΕϐΟΒΕ
1804 159 1814 189 1
1825 157 1856 188 2

222 213 280 236 tum
297 209 410 236 Tarsum
427 216 481 243 pra:
497 208 603 237 caneris
617 209 764 244 egregiam.
783 209 830 236 ubi
845 210 928 237 etiam
945 210 996 236 An-

1054 211 1142 238 ὀπίσω
1161 211 1251 239 ἀπιὼν
1268 212 1297 243 ἐς
1312 211 1451 245 Κιλικίαν,
1463 211 1564 244 θέσεως
1587 212 1702 247 ἔχουσαν
1717 210 1851 246 εὐφυῶς,
1867 234 1887 248 υ

223 255 332 282 tiochite
351 255 504 290 patriarcha
521 255 683 291 plerumque
700 255 793 283 sedem
810 263 887 282 suam
907 255 996 283 habet.

1055 256 1185 291 πλείστην
1197 266 1226 283 τε
1248 257 1306 291 ἅμα
1318 258 1365 284 καὶ
1383 258 1444 285 λίαν
1459 257 1544 285 οὖσαν
1561 258 1710 292 εὐδαίμονα
1733 257 1854 292 χώραν.
1866 271 1880 294 ὲ

222 300 291 328 lluie
305 301 378 328 enim
394 301 455 328 urbi
476 308 538 328 cum
554 301 613 328 alim
639 301 813 330 ammoitates
827 306 910 337 atque
926 309 996 329 com-

1055 301 1118 328 ἔνθα
1139 301 1171 336 δὴ
1188 302 1234 327 καὶ
1258 302 1369 334 πολλαῖς
1396 303 1522 337 ἐνέτυχον
1539 302 1586 329 καὶ
1606 302 1701 333 ἄλλαις
1724 302 1873 340 πλησιο-η

222 345 300 372 moda
316 351 476 380 suppetunt,
496 351 551 373 tum
573 346 684 382 Cydnus
702 346 802 374 ﬂumen
820 347 927 382 placide
941 355 996 375 eam

1054 346 1154 382 χώροις
1177 348 1308 383 ἀλλήλαις
1332 348 1443 375 πόλεσιν
1466 348 1595 383 ἀγαθαῖς,
1622 349 1657 383 τῇ
1685 347 1787 383 Ταρσῷ
1811 348 1854 374 δὲ
1879 371 1887 385 τ

220 392 275 425 20
286 392 482 426 praeterﬂuens.
495 392 521 419 in
533 401 588 428 quo
602 392 715 420 ﬂumine
724 393 878 420 Alexander
889 393 996 428 Magnus

1056 393 1173 428 μάλιστα
1198 393 1305 427 πασῶν,
1324 391 1342 431 ᾖ
1367 395 1414 421 καὶ
1433 395 1591 430 πατριάρχῃ
1609 394 1648 428 τῷ
1670 393 1857 429 ’Δντιοχείας
1884 408 1887 432 3

220 438 280 464 solo
294 438 352 472 ejus
364 443 476 472 aspectu
492 438 644 473 cupiditate
668 438 798 466 incensus
818 445 880 466 sese
895 439 996 467 lavasse

1053 439 1236 467 ἐνδιαιτᾶσθαι
1255 440 1289 467 τὰ
1302 440 1386 467 πολλὰ
1401 441 1581 475 περιγίνεται.
1600 440 1641 466 Τά
1658 448 1686 466 τε
1702 439 1757 473 γὰρ
1772 438 1856 464 ἄλλα.
1884 475 1887 477 ι

220 482 333 509 dicitur.
1053 486 1194 520 περίεστιν
1224 487 1293 522 αὐτῇ
1319 486 1438 519 τάγαθὰ,
1460 486 1508 512 καὶ
1539 485 1642 516 Κύδνος
1674 485 1688 511 ὁ
1716 483 1858 517 ποταμὸς

219 528 308 562 ἡσυχῆ
325 529 508 564 .παραρρέων,
525 529 554 556 ἐν
580 526 603 564 ᾦ
628 529 674 557 καὶ
700 529 873 565 Ἀλέξανδρόν
901 538 983 564 φασιν
1002 530 1104 558 ἐκεῖνον
1132 532 1177 558 τὸν
1205 533 1302 567 μέγαν,
1327 533 1367 564 είς
1399 532 1547 566 ἐπιθυμίαν
1564 534 1596 559 ὲκ
1611 531 1696 567 μόνης
1709 530 1759 566 τῆς
1775 529 1855 561 θέας
1881 556 1887 569 η

220 574 379 608 ἐληλυθότα,
395 575 554 603 λούσασθαι.

254 619 286 646 ll.
299 620 366 647 Cum
375 629 439 648 vero
449 621 492 649 ille
503 621 658 657 hujusmodi
668 621 745 657 plura
755 622 858 650 referre
868 623 934 650 mihi
946 623 996 650 vel-

1089 620 1126 649 B'.
1147 622 1265 648 Ἐκεῖνον
1279 621 1302 647 δ’
1325 623 1364 648 ἐτι
1382 622 1428 648 καὶ
1454 621 1539 648 πλείω
1563 621 1676 648 τοιαῦτα
1702 622 1853 655 συνείρειν

219 665 266 697 let,
278 665 407 699 equidem
421 673 484 693 eum
499 667 678 701 prohibebam
693 671 720 695 et
735 667 904 695 narrationis
917 668 996 702 hujus

1053 667 1214 702 βουλόμενον
1233 668 1320 701 ἔγωγε
1343 667 1474 701 ἐπισχὼν,
1489 667 1536 693 καὶ
1557 667 1588 693 τδ
1611 669 1662 701 τῆς
1684 668 1851 702 διηγήσεως
1886 694 1887 708 1

220 712 429 739 continuatione
446 712 530 740 incisa
546 713 579 739 ab
595 721 628 740 eo
643 713 788 748 petebam,
802 718 832 741 ut
848 714 881 742 ad
896 721 1002 742 sermo-

219 765 281 784 nem
295 765 424 786 reversus
437 759 617 793 responderet
631 759 698 786 mihi
713 760 894 795 interroganti
907 760 940 787 de
953 767 1001 794 pa-

220 801 349 828 triarchis
363 806 391 829 et
408 802 548 837 episcopis
558 823 565 836 ,
581 803 628 837 qui
645 803 705 830 illas
720 803 879 838 provincias
892 803 1000 830 ratione

218 847 354 874 sanctiore
373 848 546 882 gubernandi
566 854 649 883 atque
669 849 881 876 administrandi
898 856 999 876 munus

1050 712 1142 747 τεμὼν
1155 713 1277 747 συνεχὲς,
1293 712 1439 739 ἀναλαϐεῖν
1457 713 1503 740 τὸν
1517 712 1596 746 λόγον
1614 713 1740 739 ἐκέλευον
1755 711 1846 744 αὖθις
1886 740 1887 747 η

1055 759 1104 785 καὶ
1130 757 1301 793 ἀνερωτῶντί
1326 766 1371 793 μοι
1396 757 1592 793 ἀποκρίνεσθαι
1613 759 1792 793 πατριαρχῶν
1808 767 1847 785 τε.

1053 803 1116 838 πέρι
1140 803 1188 829 καὶ
1208 803 1376 835 ὲπισκόπων,
1392 801 1449 830 ὅσοι
1470 802 1573 829 διέπειν
1595 803 1642 829 καὶ
1661 802 1772 829 διοικεῖν
1786 804 1847 834 τὰς
1886 798 1887 801 ¹

1053 849 1187 885 ἔπαρχίας
1213 849 1321 880 ικείνας
1350 848 1397 875 τὸν
1428 847 1572 884 ἱερώτερον
1599 848 1695 884 ἔλαχον
1720 849 1844 884 τρόπον-

218 892 308 919 sortiti
327 898 431 920 essent.
453 893 560 920 Homini
581 899 672 921 autem
688 894 768 922 valde
784 894 952 922 oblivionem
970 894 996 921 in

1050 895 1105 922 Καὶ
1119 895 1284 930 ἐμεμφόμην
1297 894 1427 925 ἐπιεικῶς
1437 894 1487 928 τῆς
1503 894 1589 929 λήθης
1612 895 1657 921 τὸν
1681 895 1777 930 ἄνδρα,
1794 896 1842 922 ὅτι

217 938 396 975 opprobrium
415 939 483 965 verti
495 960 502 971 ,
520 939 592 974 quod
612 947 655 967 res
673 940 784 974 quidem
801 947 857 968 non
874 940 911 968 ita
930 940 998 967 mihi

218 983 312 1010 auditu
339 984 510 1011 necessarias
535 992 646 1012 narrare
670 989 724 1012 tam
748 985 830 1013 enixe
854 985 997 1016 studeret,

218 1030 377 1056 memoriam
391 1035 482 1056 autem
499 1037 593 1057 earum
611 1038 702 1058 rerum
714 1050 721 1063 ,
737 1038 799 1066 qua:
814 1031 894 1059 nobis
910 1031 996 1058 maxi-

217 1082 260 1101 me
275 1076 473 1110 cognoscenda:
490 1081 583 1103 essent
598 1080 626 1103 et
641 1084 708 1112 quas
727 1077 837 1112 pietatis
853 1084 934 1104 causa
949 1084 998 1103 ve-

215 1127 296 1154 spera
315 1124 344 1147 et
363 1127 442 1147 mane
461 1124 489 1147 et
505 1121 620 1147 meridie
637 1120 733 1148 audire
748 1120 857 1148 dulcius
871 1120 938 1147 mihi
954 1120 997 1147 vi-

216 1166 328 1195 derclur
346 1174 427 1200 quam
448 1166 470 1193 si
492 1166 605 1194 Croesus
622 1166 713 1202 Lydus
729 1166 789 1193 auri
807 1166 874 1193 mihi
890 1165 998 1194 modios

215 1211 373 1246 largiretur,
383 1212 522 1239 oblivione
533 1211 749 1246 prolundissima
760 1211 907 1244 obruisset,
918 1211 997 1246 quasi

217 1266 271 1284 non
293 1258 351 1292 ipse
370 1262 443 1285 esset
463 1258 504 1290 is,
525 1259 572 1293 qui
594 1257 702 1285 initium
722 1265 834 1284 suarum
859 1257 998 1284 narratio-

217 1311 283 1330 num
306 1303 340 1330 ab
361 1303 489 1330 Ecclesiae
514 1303 665 1338 naufragiis
690 1302 828 1334 duxissat.
851 1301 924 1337 quod
947 1309 998 1336 pro

215 1350 312 1384 patriis
328 1349 471 1384 religionis
489 1349 624 1376 institutis
642 1349 757 1376 Palamm
773 1356 843 1376 nova
863 1353 945 1384 atque
966 1348 998 1375 il-

216 1395 336 1430 legitima
363 1395 490 1430 dogmata
515 1395 638 1429 irrepere
662 1394 777 1422 vidisset
800 1394 883 1429 idque
906 1394 996 1429 ipsum

215 1449 265 1475 pro
285 1447 366 1468 causa
387 1440 578 1468 conversionis
597 1448 690 1469 rerum
710 1439 882 1474 publicarum
902 1439 929 1466 in
950 1439 998 1467 de-

216 1487 345 1513 lt‘riorcm
367 1485 553 1513 conditionem
573 1493 685 1520 suaeque
708 1486 899 1513 involuntariaa
926 1485 997 1520 fugat

215 1532 367 1559 habuisset.
395 1531 547 1564 Quamnam
571 1539 636 1558 vero
655 1531 753 1563 aliam,
774 1531 903 1565 inquam,
923 1531 995 1565 opti-

275 1557 445 1604 m
467 1557 821 1611 Agalhanrgclerdeb'ebas.
844 1557 995 1610 colligere?
1009 1557 1030 1587 α

215 1628 296 1655 quam
323 1621 404 1647 aliam
426 1620 611 1647 narrationem
638 1620 689 1647 hac
707 1620 758 1654 21
776 1620 996 1654 praestantiorem

215 1671 299 1701 atque
325 1666 517 1701 pretiosiorem
539 1665 654 1700 putabas
674 1665 742 1692 mihi
761 1666 934 1693 extrinsecus
955 1665 996 1692 af-

216 1713 288 1739 ferre
314 1712 414 1747 posse?
434 1711 505 1746 quod
533 1712 607 1739 aliud
633 1711 823 1746 pulcherrima:
849 1711 997 1746 voluptatis

215 1758 406 1791 adjumeutum
429 1757 531 1785 nostris
550 1757 729 1792 popularibus
748 1757 936 1787 orthodoxam.
950 1757 995 1784 hic

216 1803 295 1830 ﬁdem
313 1803 477 1830 tuentibus?
498 1803 549 1836 Qui
572 1803 682 1838 quidem
704 1803 797 1831 cuncti
814 1803 995 1831 vehementer
1015 1816 1019 1821 -

215 1849 328 1884 cupiant
339 1849 410 1876 suire
421 1870 427 1880 .
442 1849 580 1883 quomodo
597 1853 678 1876 tantze
694 1849 858 1877 calamitatis
869 1868 877 1881 ,
893 1852 995 1883 quanta

216 1895 262 1922 Dei
276 1895 397 1922 Ecclesia
412 1895 509 1922 amicta
521 1900 562 1922 est
572 1915 579 1927 ,
595 1895 663 1922 fartta
678 1895 788 1922 illoruttt
802 1895 887 1922 animi
902 1894 994 1922 aﬂ'ecti

215 1941 319 1968 fuerint
335 1948 396 1967 cum
409 1941 518 1975 scriptis
536 1941 699 1968 monstrosis
716 1941 753 1973 ii,
769 1940 816 1976 qui
833 1945 890 1968 tum
906 1941 995 1968 domi-

215 1991 361 2020 nabantur.
375 1991 435 2024 pios
447 1989 573 2016 homines
586 1994 643 2016 toto
655 1989 722 2016 orbe
734 1994 869 2016 terrarum
882 1988 909 2016 in
922 1988 996 2016 frau-

214 2037 276 2063 dem
294 2036 425 2063 inducere
441 2036 632 2063 adniterentur
643 2035 822 2070 omniumque
836 2035 994 2062 societatem

214 2087 294 2116 atque
311 2089 477 2108 consensum
493 2081 572 2116 quasi
595 2086 727 2115 tropteum
749 2080 887 2115 qu'oddam
913 2085 995 2108 tanta:

217 2127 398 2159 improbitatis
414 2127 466 2153 sibi
484 2134 581 2160 parare
598 2126 744 2152 ambitiose
760 2127 914 2152 studerent.

249 2171 295 2197 Ill.
311 2170 387 2202 Quod
404 2177 466 2196 ctnn
485 2178 534 2204 ego
549 2170 678 2196 dixissem
691 2188 698 2199 .
714 2169 918 2203 Agathangelus
933 2176 993 2196 scr-

1050 941 1104 968 τῶν
1118 941 1156 976 μὴ
1172 941 1242 968 πάνυ
1255 949 1281 967 τι
1296 940 1454 974 ἀναγκαίων
1468 940 1556 975 ἔμοιγ’
1573 940 1683 967 ἀκούειν
1699 941 1729 967 ἐν
1747 949 1841 975 φρονο
1886 939 1887 942 “

1049 986 1101 1012 τίδι
1126 986 1310 1020 ποιησάμενος
1332 986 1364 1020 τῇ
1389 985 1504 1021 μεγίστῃ
1521 985 1658 1018 διεξιέναι,
1672 983 1710 1012 ὦν
1725 986 1792 1020 ἡμῖν
1806 986 1841 1017 ἐς

1049 1032 1083 1058 τὰ
1100 1031 1210 1067 μάλισθ’
1234 1031 1340 1067 ὑπῆρχε
1362 1030 1511 1066 μανθάνειν
1534 1031 1652 1066 ἀνάγκη,
1674 1033 1721 1059 καὶ
1735 1029 1773 1059 ὧν
1788 1033 1839 1058 εὐ-

1049 1077 1156 1109 σεϐείας
1182 1077 1264 1103 ἓνεκα
1284 1077 1404 1111 ἑσπέρας
1425 1078 1471 1102 καὶ
1503 1076 1576 1111 πρωῒ
1592 1077 1638 1103 καὶ
1655 1077 1839 1113 μεσημϐρίας

1048 1116 1158 1150 ἀκούειν
1177 1122 1253 1158 ἥδιον
1275 1122 1363 1154 ἔδοξεν
1383 1121 1416 1148 ἄν
1440 1131 1485 1157 μοι
1508 1122 1525 1158 ἢ
1547 1122 1664 1158 Κροίσου
1681 1122 1729 1149 τοῦ
1744 1124 1845 1150 Δυδοῦι

1047 1169 1155 1204 χρυσῶν
1174 1178 1218 1203 μοι
1233 1170 1355 1204 χοίνικας
1378 1169 1577 1203 παρεχομένου,
1595 1169 1699 1196 τούτων
1715 1169 1737 1196 δ’
1752 1170 1837 1201 αὐτὸς

1047 1215 1096 1249 τὴν
1124 1215 1235 1250 μνήμην
1261 1214 1346 1250 λήθης
1371 1215 1489 1249 μακροῖς
1521 1215 1657 1249 πυθμέσιν
1684 1215 1831 1250 ἐκάλυψεν,

1047 1259 1143 1294 ὥσπερ
1157 1259 1190 1286 ἂν
1204 1259 1229 1286 εί
1250 1260 1287 1295 μὴ
1303 1260 1385 1292 αὐτὸς
1398 1257 1432 1295 ἦν
1444 1260 1458 1286 ὁ
1475 1260 1607 1295 προοίμια
1621 1260 1676 1288 τῶν
1694 1261 1834 1296 σφετέρων

1048 1304 1197 1339 πεπραχὼς
1219 1303 1372 1342 διηγήσεων
1395 1305 1430 1331 τὰ
1455 1304 1504 1340 τῆς
1519 1304 1685 1340 Ἐκκλησίας
1702 1305 1832 1338 ναυάγια,

1047 1351 1087 1377 ὅτι
1102 1350 1155 1376 τῶν
1170 1350 1291 1384 πατρίων
1304 1350 1427 1385 νομίμων
1446 1350 1496 1385 τῆς
1511 1351 1651 1383 εὒσεϐεἱας
1666 1351 1832 1386 ἐπίπροσθεν

1046 1396 1081 1423 τὰ
1106 1395 1153 1422 τοῦ
1183 1395 1302 1430 Παλαμᾶ
1330 1395 1413 1422 καινά
1437 1404 1467 1422 τε
1488 1397 1535 1423 καὶ
1554 1396 1586 1432 [Γ.
1601 1397 1635 1424 99
1655 1395 1682 1432 b]
1708 1395 1829 1431 E'xesepa

1047 1441 1247 1476 παρεισρέοντα
1284 1441 1434 1475 πεφώρακε
1472 1441 1614 1476 δόγματα,
1646 1442 1695 1469 καὶ
1727 1442 1828 1477 ταύτην

1047 1487 1175 1518 ἐπιεικῶς
1200 1487 1292 1514 αἰτίαν
1317 1486 1462 1521 τιθέμενος
1486 1486 1537 1521 τῆς
1561 1496 1591 1514 τε
1614 1488 1668 1515 τῶν
1684 1488 1831 1516 πολιτικῶν

1048 1534 1093 1560 ἐπὶ
1108 1533 1138 1560 τὸ
1157 1533 1248 1568 χεῖρον
1272 1533 1446 1567 πραγμάτων
1460 1533 1620 1569 ἀνατροπῆς
1635 1535 1681 1561 καὶ
1706 1535 1763 1569 ἅμα
1778 1536 1829 1571 τῆς

1047 1579 1171 1606 ἐντεῦθεν
1200 1579 1330 1606 ἀκουσίου
1357 1579 1446 1614 φυγῆς
1474 1579 1584 1608 ἑαυτοῦ.
1611 1582 1665 1607 Καὶ
1689 1581 1750 1608 τίνα
1774 1582 1830 1617 γὰρ

1047 1625 1131 1660 ἄλλην
1150 1626 1234 1660 ἐχρῆν
1256 1634 1286 1652 σε
1305 1627 1469 1660 συναγαγεῖν
1496 1626 1627 1661 ἱστορίαν,
1645 1627 1768 1660 βέλτιστε
1785 1629 1831 1663 φί-

1047 1671 1249 1705 λων,ἱφσ.σκον,
1269 1671 1455 1705 ’Ᾱγαθάγγελε
1469 1681 1475 1703 ;
1491 1671 1557 1697 Τίνα
1573 1671 1597 1697 δ’
1614 1671 1697 1706 ἄλλην
1712 1673 1830 1708 κρείττω

1047 1717 1093 1742 καὶ
1107 1716 1273 1752 τιμιωτέραν
1288 1716 1390 1752 ταύτης
1407 1717 1499 1752 ᾠήθης
1517 1717 1578 1752 ἐμοὶ
1595 1719 1703 1752 κομιεῖν
1716 1719 1827 1753 ἀφήγη-

1048 1769 1091 1789 σιν
1110 1761 1220 1795 ἔξωθεν,
1246 1763 1293 1789 καὶ
1315 1764 1373 1799 ἅμα
1396 1763 1450 1789 τῶν
1471 1762 1617 1798 ὀρθοδόξων
1630 1765 1687 1795 τοῖς
1706 1764 1831 1791 ἐνταυθοῖ

1047 1807 1216 1842 πατριώταις
1250 1808 1346 1843 ἡδονῆς
1380 1808 1429 1842 τῆς
1465 1808 1608 1843 βελτίστης
1637 1809 1742 1843 ἐφόδια,
1768 1810 1829 1837 λίαν

1047 1852 1201 1887 ἐφιεμένοις
1224 1853 1308 1880 ἅπασι
1335 1854 1431 1888 μαθεῖν
1454 1854 1527 1885 ὅπως
1551 1855 1695 1885 κάκείνους
1714 1856 1729 1889 ἡ
1748 1857 1828 1890 φήμη

1047 1900 1101 1925 τῶν
1117 1896 1167 1926 ὧδε
1183 1899 1331 1934 συμφορῶν
1349 1899 1398 1934 τῆς
1414 1899 1460 1926 τοῦ
1482 1899 1550 1926 Θεοῦ
1572 1900 1695 1936 διέθηκεν
1710 1901 1827 1937 Ἐκκλη-

1048 1945 1118 1978 σίας,
1133 1946 1253 1981 γραφαῖς
1267 1945 1432 1980 τερατώδεσι
1448 1946 1502 1972 τῶν
1520 1946 1636 1973 ἐνταῦθα
1650 1947 1827 1975 δυναστευόν-

1046 1997 1099 2015 των
1122 1989 1186 2020 τοὺς
1203 1989 1327 2024 πανταχῆ
1353 1990 1402 2024 τῆς
1426 1990 1590 2025 οἰκουμένης
1613 1990 1735 2022 εὐσεϐεῖς
1752 1992 1828 2018 ἐπει-

1046 2035 1170 2069 γομένων
1184 2035 1333 2070 ἑξαπατᾷν,
1351 2036 1399 2062 καὶ
1414 2036 1639 2069 φιλονεικούντων
1655 2036 1703 2071 τὴν
1716 2044 1825 2063 παντα-

1048 2080 1125 2114 χόθεν
1150 2080 1289 2114 ἑταιρείαν
1314 2089 1343 2106 τε
1375 2082 1421 2107 καὶ
1449 2080 1595 2114 ὁμολογίαν
1621 2081 1672 2116 τῆς
1697 2082 1828 2119 τοιαύτης

1047 2126 1145 2156 κακίας
1162 2125 1216 2152 οἷόν
1230 2135 1257 2151 τι
1273 2125 1444 2159 καρποῦσθαι
1459 2126 1600 2160 τρόπαιονς

1082 2169 1119 2196 Γ¹.
1134 2170 1218 2196 Ταῦτ’
1238 2170 1304 2204 ἐμοῦ
1321 2179 1353 2205 γε
1369 2171 1524 2204 διεξιόντος,
1546 2173 1689 2201 ὑπολαϐὼν
1708 2174 1722 2200 ὀ
1745 2174 1826 2209 Ἀγα-

215 2223 321 2243 nionem
336 2215 476 2249 excipiens
501 2223 507 2240 :
521 2214 596 2244 Mihi.
610 2214 709 2247 inquit,
725 2213 822 2241 melius
835 2213 924 2241 visum
938 2218 991 2245 est,

1049 2215 1192 2249 θάγγελος.
1204 2215 1281 2250 Ἐμοὶ
1289 2216 1316 2243 δὲ
1329 2217 1443 2251 βέλτιον,
1458 2218 1553 2253 ἔφησε,
1565 2219 1698 2253 δέδοκται,
1709 2221 1768 2247 θεία
1781 2230 1827 2256 μοι

214 2263 366 2290 odiviuum
391 2261 492 2295 caputl
515 2261 542 2286 in
565 2259 618 2286 [lue
650 2259 730 2294 hujus
759 2259 923 2287 narrationis
950 2259 996 2287 illa

213 2307 327 2336 seorsim
339 2311 503 2341 pertractare
515 2311 597 2340 atque
613 2305 754 2340 persequi.
767 2304 813 2331 ubi
830 2305 897 2332 nihil
917 2313 996 2340 pror-

214 2363 279 2386 sus.
304 2354 376 2388 qnud
402 2360 447 2380 res
469 2351 637 2379 confundere
653 2356 735 2385 atque
754 2350 867 2377 turbare
887 2355 995 2385 posset.

214 2399 431 2429 subaudiendum
453 2403 545 2430 esset;
564 2394 617 2432 qua
635 2397 746 2431 quidem
769 2396 796 2423 in
820 2405 849 2424 re
874 2397 914 2424 sic
939 2398 995 2424 fere

213 2445 382 2476 statuebam,
402 2442 544 2469 historiam
563 2442 745 2468 univcrsalcm
763 2445 791 2468 et
810 2441 971 2468 saecularem
986 2461 993 2473 ,

216 2496 245 2517 ιιι
268 2489 389 2516 breviter
410 2488 516 2518 dicam,
537 2486 649 2513 differre
674 2486 708 2512 ab
732 2486 846 2513 historia
863 2486 994 2515 ecclesia-

214 2536 283 2563 stica
299 2540 327 2562 et
344 2534 487 2568 utriusque
501 2532 716 2566 descriptionem
732 2532 898 2565 peculiarem
912 2537 994 2567 atque

213 2585 368 2617 separatam
396 2587 474 2612 esse,
505 2584 649 2612 utramque
678 2577 803 2604 diversas
834 2578 994 2612 plerumque

215 2636 276 2659 res,
293 2634 345 2653 non
361 2625 471 2652 easdem
488 2623 644 2658 complecti.
660 2623 727 2650 Cum
744 2628 835 2651 autem
853 2628 880 2650 tu
903 2624 994 2657 dupli-

213 2681 273 2700 t‘cttl
287 2672 408 2699 laborem
425 2678 475 2705 pro
491 2669 607 2704 simplici
623 2669 649 2696 in
666 2673 692 2696 te
705 2669 845 2702 suscipere
863 2670 994 2703 volucris,

214 2723 242 2745 ct
264 2726 325 2753 qua:
347 2717 444 2743 eodem
469 2722 591 2749 tempore
615 2715 641 2742 in
668 2721 784 2750 utroque
809 2723 908 2750 genere
931 2723 994 2752 eve-

217 2763 303 2797 niant,
326 2769 382 2788 uno
410 2760 644 2794 comprchemlerc
676 2760 814 2787 volumine
845 2760 995 2797 constitue-

216 2809 252 2833 ris
264 2828 270 2839 ,
288 2816 321 2834 nc
337 2815 386 2841 ego
399 2806 509 2841 quidem
526 2806 580 2833 ullo
597 2811 674 2840 pacto
691 2813 734 2832 res
750 2805 846 2832 cedent
861 2796 994 2840 tcttﬁioris

215 2854 302 2887 spatio
317 2859 406 2888 gestas
419 2852 587 2887 conjuncliln
603 2852 728 2886 persrqui
746 2851 946 2883 dubitaverim,
965 2858 993 2879 ut

1047 2261 1162 2296 κεφαλὴ,
1181 2262 1360 2295 τελευτῶντος
1384 2273 1431 2299 μοι
1449 2265 1525 2291 τοῦδε
1549 2264 1596 2291 τοῦ
1625 2266 1704 2300 λόγου
1726 2267 1828 2299 διεξελ-

1047 2306 1103 2333 θεῖν
1123 2307 1203 2338 εὑθὺς
1229 2308 1392 2335 ἀπολαϐόντι
1415 2309 1501 2344 χωρὶς
1523 2311 1624 2343 ἐκεῖνα,
1644 2311 1758 2346 μηδενὲς
1780 2313 1828 2338 τοῦ

1047 2354 1160 2389 συγχεῖν
1181 2354 1329 2388 δυναμένου
1354 2355 1445 2388 σφίσιν
1471 2356 1538 2387 ὅλως
1559 2358 1827 2391 συνυπακουομένου,

1046 2398 1118 2430 ὅπως
1134 2399 1192 2425 ποτ’
1206 2399 1252 2425 ἐπὶ
1266 2399 1328 2425 νοῦν
1339 2399 1461 2434 εἰληφότι
1480 2400 1619 2427 διεστάναι
1633 2401 1687 2428 τῶν
1709 2402 1826 2430 καθόλου

1048 2445 1093 2470 καὶ
1107 2443 1247 2478 κοσμικῶν
1260 2445 1352 2476 ἁπλῶς
1367 2447 1455 2472 εἰπεῖν
1469 2446 1502 2472 τὰ
1519 2447 1568 2480 τῆς
1591 2445 1824 2484 ὲκιέλησιαστικῆς

1052 2489 1194 2524 Ἱστορίας,
1211 2491 1258 2516 καὶ
1272 2490 1341 2517 ίδίαν
1352 2490 1401 2525 μὲν
1416 2490 1485 2518 εἶναι
1496 2493 1608 2526 ταυτηνὶ
1623 2496 1825 2528 πραγματείαν,

1047 2535 1115 2562 ἰδίαν
1131 2535 1154 2561 δ’
1177 2536 1297 2569 ἐκείνην,
1315 2538 1360 2562 καὶ
1377 2536 1463 2563 ἄλλων
1476 2537 1610 2572 ἑκατέραν
1631 2537 1669 2570 ὡς
1687 2539 1721 2565 τὰ
1742 2540 1827 2567 πολλὰ

1046 2580 1092 2606 καὶ
1105 2580 1134 2605 οὺ
1147 2580 1201 2606 τῶν
1214 2580 1314 2608 αὐτῶν.
1337 2582 1415 2607 Ἐπεὶ
1432 2582 1461 2608 δὲ
1477 2584 1509 2608 σὺ
1529 2583 1642 2610 διπλοῦν
1657 2584 1716 2610 ἀνθ’
1739 2585 1826 2612 ἁπλοῦ

1045 2625 1090 2649 τὸν
1114 2624 1193 2650 πόνον
1219 2625 1394 2659 ἀναδέχεσθαι
1418 2625 1500 2657 εἵλου,
1526 2627 1573 2652 καὶ
1592 2627 1610 2654 ἃ
1632 2628 1678 2654 τὸν
1699 2628 1781 2655 αὐτὴν
1798 2631 1827 2656 ἐν

1045 2670 1186 2705 ἑκατέροις
1210 2671 1363 2705 συμπίπτει
1387 2672 1509 2705 γίνεσθαι
1540 2673 1636 2707 χρόνον
1667 2673 1750 2708 βίϐλῳ
1777 2676 1825 2710 μιᾷ

1046 2715 1197 2741 συντιθέναι
1216 2724 1257 2742 σοι
1278 2716 1410 2748 δέδοκται,
1428 2717 1478 2744 οὐκ
1497 2718 1529 2744 ἂν
1543 2718 1598 2744 οὐδ’
1618 2718 1698 2750 αὐτὸς
1721 2720 1824 2753 οὐδαμῆ

1045 2770 1076 2795 γε
1104 2762 1250 2796 ὀκνήσαιμι
1278 2763 1311 2789 τὰ
1343 2765 1393 2797 τῆς
1418 2764 1503 2799 αὐτῆς
1529 2765 1558 2790 ὲν
1586 2766 1676 2800 ταυτῴ
1702 2766 1825 2799 π;ριόδου

1045 2807 1171 2838 διεξιέναι
1197 2808 1359 2843 συλλήϐδην,
1374 2810 1435 2835 ἐπεὶ
1451 2811 1497 2835 καὶ
1519 2811 1619 2844 τρόπον
1643 2812 1734 2846 ἕτερον
1760 2813 1826 2845 πριτ-

1046 2861 1124 2887 τερον
1145 2853 1294 2887 (εἰρήσεται
1310 2855 1361 2889 γὰρ
1384 2855 1509 2890 τάληθὲς)
1526 2856 1636 2884 ἐδεδίειν
1660 2858 1729 2893 μάλα
1746 2858 1825 2890 αὐτὸς
