1900 3063
219 138 253 172 19
746 151 748 155 ·
803 143 987 174 NICEPHOF

1039 143 1224 178 GREGORE
1799 156 1837 188 20

215 195 309 230 specie
331 199 414 231 atque
435 197 622 232 magnitudine
647 197 824 225 :ediiiciorum
848 203 930 234 atque
943 204 985 226 sta

1051 201 1073 228 δ’
1084 202 1118 230 ἄν
1131 211 1174 234 τις
1198 203 1279 236 εὐθὺς
1298 205 1351 232 κάκ
1374 206 1458 242 μόνης
1474 208 1526 243 τῆς
1543 209 1723 244 περιφανείας
1741 220 1771 238 τε
1786 214 1836 240 καὶ

216 241 345 268 bulorum
361 242 445 268 etiam
461 248 606 277 antequam
620 243 647 270 in
665 244 783 271 hominis
802 245 888 280 ipsius
901 245 997 280 adspe-

214 292 289 315 etum
320 287 438 320 vrnerit,
463 288 542 316 l'acile
571 294 716 324 cognoscet
739 297 802 317 cum
824 298 996 325 nequaquam

215 341 298 360 unum
312 341 373 361 esse
389 342 421 362 ex
446 334 614 370 ignobilibus
641 339 724 370 atque
749 335 873 370 plebeiis,
895 336 943 364 sed
963 344 994 364 ex

213 379 376 407 clarissimis
395 384 477 415 atque
497 380 665 415 primoribus
679 381 786 409 insulte.
811 381 885 409 ldem
911 383 996 417 magis

213 425 297 451 etiam
322 430 465 458 cognoscet
481 433 515 452 ex
538 426 600 454 vita:
614 429 672 462 ejus
693 426 825 462 dignitate
842 432 923 463 atque
936 436 997 463 gra-

213 470 310 498 vitate.
323 469 402 497 Festa
418 471 491 498 enim
506 475 533 498 et
549 472 619 499 sacri
631 476 783 500 conventus
794 478 874 508 atque
889 481 995 501 summa

214 514 240 540 in
266 514 361 549 inopes
378 514 530 542 liberalitas
557 516 631 543 illam
655 518 765 544 domum
785 523 894 546 ornant.
917 518 996 547 Chri-

211 560 366 588 stianorum
389 566 482 589 autem
507 562 688 597 captivorum,
705 564 752 598 qui
774 565 872 592 crebro
888 565 925 594 ibi
939 566 995 593 cir-

211 606 461 640 cumducebantur,
490 608 635 636 maximam
664 609 784 637 habebat
808 617 915 643 curam,
931 618 995 639 cum

209 657 239 680 et
261 652 321 688 ipse
341 653 454 689 largiter
467 654 598 689 majorem
611 660 693 690 atque
711 656 852 684 meliorem
867 657 922 693 29
937 666 997 693 par-

210 705 265 726 tem
279 698 313 726 ad
332 707 429 727 eorum
447 700 587 728 conferret
602 701 757 730 libertatem
772 708 799 730 et
823 703 893 732 alios
910 712 996 732 sacra:

211 744 362 780 Scriptum
371 746 516 780 praeceptis
524 746 726 776 adhortaretur.
743 749 909 785 Praecipuum
921 750 994 777 enim

209 790 394 817 etmavimum
408 791 530 818 studium
547 792 573 820 in
585 801 618 820 eo
631 794 798 828 collocabat,
816 800 846 823 ut
863 795 995 824 Christia-

209 840 260 862 nos
279 834 306 861 in
321 836 408 863 sacris
429 837 556 865 ecclesiis
575 843 755 875 congregatos
771 848 833 868 cum
849 841 916 869 alias
930 842 995 869 reli-

208 879 299 914 gionis
322 881 397 916 leges
411 881 534 916 doceret,
561 887 618 911 tum
645 885 762 913 maxime
776 891 912 919 moneret,
934 887 993 915 ino-

208 924 290 960 pibus
309 933 486 961 summopere
508 929 732 963 prospiciendum
748 935 775 958 et
792 931 991 966 providendum

208 978 281 999 esse.
292 971 384 1006 Quare
409 972 511 1000 factum
526 978 587 1007 est,
602 978 632 1002 ut
654 976 711 1010 ejus
725 983 809 1010 opera
827 981 882 1004 tota
902 976 991 1005 insula

207 1016 407 1045 misericordia:
419 1023 501 1053 atque
515 1019 576 1047 ﬁdei
596 1021 674 1055 quasi
692 1022 817 1056 palarstra
833 1027 925 1057 pateat
940 1024 992 1051 ibi-

206 1071 260 1097 que
277 1063 392 1091 maxima
404 1065 440 1092 sit
455 1066 624 1100 captivorum
640 1067 761 1095 libertas.

245 1108 301 1135 Vlll
325 1109 352 1135 In
361 1109 412 1136 illis
424 1110 491 1138 locis
498 1116 562 1138 sunt
571 1111 652 1139 etiam
667 1113 739 1148 regis
749 1113 848 1148 praedia
858 1114 990 1150 sedesque

205 1159 287 1186 atque
300 1155 526 1188 splendidissima:
550 1157 610 1192 ejus
630 1162 658 1185 et
681 1159 872 1193 pulcherrimae
896 1160 989 1193 mdes,

205 1200 276 1233 quod
293 1200 338 1227 illa
355 1208 418 1235 pars
445 1201 541 1229 iiisulae
555 1203 705 1231 ammniore
719 1204 820 1239 gaudet
835 1205 906 1232 aeris
922 1210 990 1233 tem-

205 1245 281 1279 perie
305 1246 510 1281 ctjucundiore
534 1248 598 1275 situ.
622 1248 755 1281 Quocirca
778 1248 938 1284 frequenter
955 1258 989 1278 ex

204 1289 360 1325 propinquo
373 1290 406 1318 ad
421 1299 483 1318 eum
497 1293 622 1320 veniebat
637 1293 770 1328 Georgius
787 1293 927 1329 Lapithes,
941 1295 988 1330 qui

203 1342 308 1362 sumina
334 1336 406 1370 apud
429 1345 492 1364 eum
513 1339 667 1365 reverentia
687 1345 770 1374 atque
793 1339 898 1368 honore
912 1340 988 1368 frue-

203 1380 286 1407 batur
306 1388 368 1408 cutu
395 1387 509 1416 propter
534 1383 696 1417 dignitatem
728 1388 784 1410 tum
810 1382 922 1419 propter
944 1393 988 1412 sa-

203 1426 347 1460 pientiam,
362 1434 415 1461 qua
429 1427 552 1454 omnium
567 1428 684 1456 maxime
700 1429 830 1464 praeditus
844 1435 914 1457 erat.
930 1431 987 1458 Rex

203 1470 284 1498 etiam
303 1470 361 1505 ipse
377 1470 548 1506 philosophia
561 1472 719 1500 Latinorum
733 1474 802 1502 haud
813 1467 988 1503 mediocriter

202 1521 261 1543 erat
281 1515 419 1549 imbutus;
444 1517 492 1544 sed
506 1525 661 1553 quanquam
676 1527 708 1547 ea
722 1520 756 1548 de
778 1528 859 1549 causa
878 1529 988 1556 semper

202 1561 337 1596 plurimos
350 1562 525 1597 [sapientium
549 1563 709 1592 Latinorum
733 1565 837 1594 circum
853 1574 883 1595 se
899 1567 985 1597 habe-

203 1606 260 1637 bat,
277 1606 363 1641 magis
379 1610 469 1634 tamen
484 1606 672 1637 delectabatur
687 1609 798 1646 Georgii
816 1611 987 1640 humanitate

203 1656 287 1686 atque
315 1645 530 1681 consuetudine.
557 1653 702 1689 Sapientes
727 1645 812 1690 enim,
830 1657 928 1693 inquit,
947 1664 987 1694 ty-

203 1696 281 1724 rauui
305 1697 470 1731 sapientium
504 1701 680 1729 commercio.
719 1702 788 1730 Eum
819 1703 901 1739 igitur
923 1712 986 1732 cum

201 1751 294 1770 secum
309 1743 432 1780 haberet,
455 1744 591 1774 adductus
601 1751 654 1780 est,
672 1751 701 1774 ut
721 1753 865 1784 utramque
885 1750 987 1785 pariter

203 1789 364 1822 sapientium
379 1789 431 1817 sibi
447 1795 565 1825 pararet,
587 1791 743 1820 Graecorum
768 1794 872 1822 scilicet
891 1801 919 1823 et
934 1796 985 1823 La-

202 1835 332 1863 tinorum.
342 1835 476 1872 Georgius
487 1837 561 1865 enim
573 1837 757 1872 peritissimus
766 1845 826 1867 erat
839 1841 986 1877 utriusque

200 1882 342 1916 sapientia:
349 1890 381 1910 ac
396 1882 506 1919 linguae.
517 1883 606 1917 Quare
619 1885 748 1913 audiebat
759 1893 822 1913 eum
832 1894 878 1914 rex
890 1888 987 1916 luben-

201 1933 243 1956 ter
253 1936 344 1957 coram
357 1937 387 1957 se
397 1937 469 1965 saepe
485 1931 670 1966 disputantem
682 1940 745 1961 cum
754 1933 924 1968 sapientibus
933 1936 986 1963 La-

200 1975 285 2008 tinis,
300 1983 370 2011 quos
388 1977 608 2012 syllogismorum
634 1980 917 2014 argumentationibus
932 1981 987 2017 30

199 2022 277 2056 quasi
291 2022 352 2049 telis
366 2021 519 2055 fortissime
538 2024 677 2058 impetitus
691 2025 850 2060 superabat,
874 2033 986 2061 pratser-

200 2069 247 2096 tim
261 2076 323 2096 cum
340 2074 481 2097 certamen
494 2069 536 2105 ide
558 2070 635 2098 cultu
651 2072 803 2105 patriorum
827 2072 983 2108 dogmatum

198 2114 358 2142 institutum
371 2119 450 2148 erat;
479 2119 536 2143 tum
554 2116 628 2144 enim
652 2117 773 2145 ﬂuminis
799 2117 885 2146 instar
911 2119 984 2147 Scri-

198 2163 285 2194 plura:
302 2167 386 2186 sacra!
401 2160 681 2190 demonstrationibus
706 2163 733 2190 in
756 2170 805 2191 eos
821 2164 930 2192 irruens
943 2165 984 2192 είς
999 2166 1021 2193 D

196 2205 264 2233 iecit
285 2209 316 2233 ut
335 2205 403 2232 muti
421 2213 533 2240 prorsus
556 2207 648 2242 pisces
665 2215 725 2236 esse
740 2208 910 2237 viderentur.
925 2210 982 2238 Re-

196 2260 258 2288 gem
272 2259 339 2279 vero
359 2251 435 2279 hisce
448 2252 682 2287 disputationibus
705 2254 844 2282 interdum
864 2255 891 2283 iu
913 2256 982 2284 iram

196 2298 370 2332 compulsum
388 2305 484 2325 rursus
505 2298 652 2328 verborum
672 2305 816 2328 venustate
830 2306 858 2328 et
886 2301 985 2329 iri-eiu-

198 2344 275 2372 tabilt
289 2343 414 2370 veritatis
432 2343 502 2371 ﬂexu
521 2349 603 2378 atque
629 2345 862 2375 circumversione
876 2347 984 2375 demul-

196 2391 286 2419 cebat.
310 2390 368 2418 Tali
393 2391 474 2425 igitur
494 2391 600 2418 ratione
622 2392 694 2426 regis
710 2391 851 2420 iracundia
877 2394 982 2429 placide

197 2445 321 2472 repressa
339 2437 370 2464 ad
384 2437 612 2472 tranquillitatem
627 2443 655 2464 et
669 2438 758 2464 securi
765 2443 846 2466 tatem
859 2440 981 2466 animum

196 2484 256 2518 ejus
272 2483 403 2510 traduxit.
422 2483 516 2517 Neque
531 2489 588 2510 erat
605 2484 762 2517 quisquam,
780 2489 809 2510 ut
820 2485 913 2519 paucis
926 2492 982 2512 rem

195 2529 350 2564 expediam,
367 2530 425 2557 sive
453 2529 553 2557 Graeca:
575 2529 709 2557 doctrinae
737 2530 809 2557 haud
839 2531 982 2565 imperitus

195 2575 253 2602 sive
269 2574 446 2608 philosophia:
461 2575 565 2601 Latina:
581 2575 695 2602 orituino
724 2583 778 2602 non
797 2583 894 2609 expers
910 2579 980 2608 erat,

194 2621 260 2655 quin
277 2620 301 2647 ci
321 2625 350 2647 ut
365 2620 392 2647 in
418 2621 543 2655 quolibet
566 2621 646 2648 docto
662 2621 812 2648 certamine
833 2621 918 2648 multo
931 2622 980 2648 ad-

195 2666 325 2694 versariis
350 2666 484 2701 superiori
509 2667 625 2701 palmam
649 2667 737 2694 daret.
765 2666 850 2702 llujus
867 2667 917 2694 viri
943 2667 982 2694 fa-

196 2719 265 2736 tuam
286 2711 414 2746 equidem
443 2711 538 2742 ctiam,
553 2717 701 2749 antequam
720 2712 784 2739 hinc
811 2712 978 2746 navigarem.

195 2764 364 2790 :N’Ct‘pt‘l'alll.
387 2764 449 2784 cum
471 2765 525 2784 nou
547 2757 635 2784 solum
655 2758 761 2785 litteras
785 2766 856 2793 swpe
875 2758 980 2785 lectita-

195 2808 253 2826 rem
268 2822 275 2833 ,
296 2803 395 2835 quibus
423 2803 476 2830 luis
505 2802 604 2829 litteris
625 2808 652 2830 et
679 2803 770 2830 cilicio
791 2804 920 2831 amicitim
937 2812 979 2831 rc-

197 2847 360 2881 :pondebat,
384 2848 432 2876 scd
456 2849 538 2876 etiam
562 2856 626 2876 cum
653 2849 749 2877 laudes
773 2851 831 2885 ejus
854 2858 975 2878 summas

1049 247 1096 274 τοῦ
1110 249 1245 283 μεγέθους
1261 250 1316 277 τῶν
1327 251 1423 279 οἰκιῶν
1437 253 1483 280 καὶ
1497 254 1642 282 ὲπαύλεων
1655 255 1704 282 τοῦ
1724 257 1835 292 ἀνδρὸς,

1048 293 1096 320 καὶ
1112 295 1243 339 πρὶνηείς
1256 296 1318 331 ὄψιν
1342 297 1411 325 ἰέναι
1430 299 1524 332 αὑτοῦ,
1541 300 1572 336 [ί.
1591 302 1639 329 101
1663 302 1689 339 b]
1721 303 1759 339 μὴ
1778 305 1838 331 τῶν

1049 339 1155 373 ἀγενῶν
1171 338 1241 368 εἶναι
1256 343 1305 370 καὶ
1324 344 1379 370 τῶν
1395 344 1500 372 πολλῶν
1513 345 1572 379 ἕνα,
1586 347 1628 374 ὅτι
1642 348 1680 383 μὴ
1693 338 1836 376 τῶνίπάνυ

1047 394 1073 413 τι
1085 386 1147 414 λίαν
1168 388 1282 423 ἐνδόξων
1296 391 1344 416 καὶ
1367 390 1484 426 πρώτων
1501 392 1552 425 τῆς
1565 393 1647 428 νήσου
1657 402 1664 410 ·
1677 395 1755 430 γνοίη
1767 395 1790 422 δ’
1802 395 1838 423 ἂν

1049 433 1150 468 μᾶλλον
1168 434 1202 461 ὲκ
1216 434 1262 461 τοῦ
1276 435 1379 470 τρόπου
1394 437 1441 464 καὶ
1454 437 1503 473 τῆς
1520 438 1602 474 ἄλλης
1623 439 1670 466 τοῦ
1693 440 1750 475 βίου
1766 450 1838 476 σεμ-

1047 479 1170 514 νότητος.
1196 480 1305 516 Ἐορταὶ
1326 482 1382 517 γὰρ
1409 483 1456 510 καὶ
1487 484 1655 520 πανηγύρεις
1682 486 1753 521 ίεραὶ
1783 488 1838 522 τὴν

1046 525 1135 553 οἰκίαν
1149 525 1259 562 ικείνην
1271 527 1415 562 ἐκόσμουν,
1426 530 1474 556 καὶ
1488 531 1615 566 χορηγίαι
1629 531 1683 558 τῶν
1697 532 1838 568 δεομένων

1046 572 1178 606 δαψιλεῖς.
1202 572 1263 600 Τῶν
1290 582 1323 608 γε
1350 575 1404 610 μὴν
1432 576 1517 611 συχνὰ
1542 578 1750 613 περιαγομένων
1775 579 1838 606 ἐκεῖ

1046 618 1218 654 Χριστιανῶν
1237 620 1419 655 αἰχμαλώτων
1445 618 1578 658 μεγίστην
1593 624 1710 650 ἐποιεῖτο
1724 626 1836 660 προμή-

1046 665 1131 697 θειαν,
1154 665 1235 698 αὑτός
1262 675 1292 693 τε
1318 668 1447 702 παρέχων
1466 669 1591 704 ἀφθόνως
1620 669 1655 696 τὰ
1676 671 1761 705 μείζω
1783 672 1834 698 καὶ

1045 711 1200 746 τελεώτερα
1221 712 1272 746 τῆς
1298 712 1401 740 τούτων
1424 713 1594 750 ἐλευθερίας,
1617 717 1663 742 καὶ
1691 716 1748 751 ἃμα
1767 718 1834 749 τοὺς

1045 757 1142 790 ἄλλους
1171 758 1291 794 ὀτρύνων
1316 759 1493 792 διδασκαλίας
1522 761 1578 788 τῶν
1602 761 1682 788 θείων
1703 762 1832 797 Γραφῶν.

1047 803 1148 838 Ἔργον
1172 804 1226 839 γὰρ
1243 804 1326 831 αὐτοῦ
1345 805 1557 832 σπουδαιότατον
1580 807 1698 841 μάλιστα
1721 808 1834 835 πάντων

1045 848 1133 882 ἱεραῖς
1160 849 1319 884 ἐκκλησίαις
1347 850 1558 886 ἀθροιζομένους
1580 853 1761 888 Χριστιανοὺς
1789 854 1833 881 δια

1045 893 1155 921 δάσκειν
1174 894 1208 920 τά
1221 903 1251 921 τε
1265 894 1333 922 ἄλλα
1354 897 1403 931 τῆς
1423 896 1564 929 εὐσεϐείας
1575 897 1688 933 νόμιμα,
1702 899 1749 925 καὶ
1762 900 1832 934 πρός

1044 947 1077 973 γε
1097 939 1225 975 φροντίδα
1250 941 1387 968 ποιεῖσθαι
1410 942 1464 968 τῶν
1482 941 1617 977 δεομένων
1633 944 1776 979 μεγίστην,
1791 945 1832 976 ὡς

1045 982 1115 1012 εῖναι
1128 986 1163 1012 δι’
1178 986 1283 1012 ἐκεῖνον
1304 987 1394 1013 πᾶσαν
1413 987 1520 1022 ἐκείνην
1531 988 1580 1022 τὴν
1595 988 1675 1022 νῆσον
1687 988 1762 1015 ὲλέου
1782 990 1831 1016 καὶ

1045 1031 1165 1063 πίστεως
1185 1031 1303 1066 στάδιον,
1321 1033 1369 1060 καὶ
1385 1033 1505 1068 μάλιστα
1522 1033 1630 1061 πάντων
1647 1035 1831 1070 αίχμαλώτων

1044 1077 1216 1113 ιλευθερίιν.

1080 1122 1121 1151 Η’.
1137 1123 1197 1150 Elui
1210 1132 1243 1158 γε
1256 1124 1309 1159 μὴν
1322 1125 1368 1151 καὶ
1378 1125 1406 1152 αί
1420 1125 1467 1152 τοῦ
1479 1127 1563 1161 ρηγδς
1578 1127 1642 1161 περὶ
1651 1127 1714 1159 τοὺς
1727 1127 1830 1159 τόπους

1043 1169 1164 1200 ἐκείνους
1187 1169 1315 1201 ἐπαύλεις
1345 1170 1394 1197 καὶ
1422 1171 1533 1204 δίαιται,
1550 1173 1598 1198 καὶ
1621 1173 1650 1198 αι
1675 1172 1729 1199 τῶν
1744 1173 1830 1199 οἴκων

1042 1215 1146 1242 ἱκείνου
1163 1214 1352 1249 λαμπρότητες
1368 1217 1438 1244 πάνυ
1455 1217 1537 1244 καλαὶ
1549 1217 1594 1244 διὰ
1606 1218 1636 1245 τὸ
1648 1219 1828 1254 χαριέστερον

1042 1258 1111 1287 εῖναι
1128 1261 1178 1296 τῆς
1193 1261 1276 1295 νήσου
1291 1262 1321 1289 τὸ
1338 1262 1420 1297 μέρος
1435 1263 1523 1290 έκεῖνο
1538 1264 1619 1299 ἀέρος
1636 1273 1665 1291 τε
1681 1264 1762 1291 ἓνεκα
1777 1265 1827 1291 καὶ

1042 1307 1101 1341 ἅμα
1125 1306 1225 1338 θέσεως
1243 1307 1327 1341 ἄλλης
1348 1309 1396 1335 καὶ
1423 1309 1560 1344 ῥᾳθυμίας
1581 1310 1636 1336 τῶν
1660 1312 1762 1338 τόπων.
1780 1311 1828 1337 Διὸ

1042 1352 1096 1378 κὰκ
1112 1353 1159 1378 τοῦ
1177 1351 1268 1387 σχεδὸν
1279 1352 1406 1388 ισεφοίτα
1421 1353 1494 1388 θαμὰ
1507 1355 1572 1389 παρ’
1583 1355 1662 1382 αὑτὸν
1674 1357 1687 1382 ὁ
1700 1356 1826 1391 Λαπίθης

1041 1397 1189 1433 Γεώργιος,
1206 1397 1253 1425 καὶ
1274 1398 1377 1434 σφόδρα
1399 1400 1497 1435 κομιδῆ
1517 1400 1618 1435 πολλῆς
1637 1401 1756 1428 ἀπέλαυε
1774 1402 1826 1436 τῆς

1042 1445 1158 1480 ρηγικῆς
1175 1445 1268 1477 αἰδοῦς
1291 1445 1339 1472 καὶ
1361 1445 1445 1480 τιμῆς
1460 1445 1504 1472 διά
1517 1455 1546 1472 τε
1562 1447 1612 1481 τὴν
1626 1446 1709 1482 ἄλλην
1725 1447 1825 1481 σεμνό-

1040 1498 1120 1523 τητα,
1137 1490 1186 1516 καὶ
1219 1490 1253 1525 ἢν
1283 1490 1416 1526 ἐκέκτητο
1445 1490 1564 1525 μάλιστα
1581 1491 1690 1518 πάντων
1714 1491 1823 1526 σοφίαν,

1002 1543 1024 1572 c
1041 1535 1103 1561 ιπεὶ
1118 1534 1165 1562 καὶ
1193 1535 1276 1566 αὐτὸς
1301 1535 1332 1563 οὐ
1361 1537 1480 1571 μετρίως
1500 1537 1553 1571 τῆς
1568 1537 1690 1564 Λατίνων
1704 1537 1823 1572 μετέσχε

1039 1579 1198 1614 φιλοσοφίας
1213 1582 1228 1607 ὁ
1240 1581 1300 1616 ρὴξ,
1316 1581 1362 1607 καὶ
1375 1581 1409 1608 δι’
1422 1582 1489 1609 αὑτό
1502 1591 1533 1616 γε
1547 1583 1624 1610 τουτὶ
1640 1582 1754 1614 πολλοὺς
1773 1583 1825 1618 μὶν

1038 1625 1108 1661 ἀμφ’
1122 1626 1202 1652 αὑτὸν
1225 1627 1289 1658 τοὺς
1306 1627 1430 1653 Λατίνων
1452 1626 1509 1663 εἶχε
1528 1628 1628 1662 σοφοὺς
1647 1629 1702 1660 ἀεὶ.
1720 1630 1775 1664 ἤρα
1796 1629 1826 1655 δὲ

1040 1671 1141 1707 μᾶλλον
1166 1672 1218 1707 τῆς
1240 1671 1379 1707 Γεωργίου
1406 1672 1510 1708 μούσης
1526 1674 1573 1700 καὶ
1596 1673 1704 1708 ὁμιλίας
1718 1682 1725 1689 ·
1742 1674 1825 1708 Σοφοὶ

1038 1718 1102 1752 γὰρ,
1128 1718 1206 1753 φησὶ,
1235 1719 1363 1755 τύραννοι
1391 1719 1482 1754 σοφῶν
1507 1719 1646 1755 συνουσίᾳ.
1666 1719 1757 1755 Ἐχων
1776 1719 1825 1747 οὖν

1037 1763 1117 1791 αὑτὸν
1139 1763 1211 1798 ἔχειν
1243 1764 1389 1791 ἐπέπειστο
1419 1764 1466 1791 καὶ
1495 1765 1592 1798 σοφίαν
1618 1766 1691 1792 κατὰ
1720 1767 1826 1793 ταυτὸν

1037 1810 1182 1845 ἑκατέραν,
1205 1809 1255 1845 τήν
1279 1818 1309 1836 τε
1344 1810 1479 1844 Ἐλλήνων
1509 1811 1580 1845 φημὶ
1606 1811 1653 1839 καὶ
1680 1812 1822 1839 Λατίνων·

1037 1855 1124 1888 δεξιὸς
1137 1855 1191 1891 γὰρ
1213 1857 1243 1883 ὲν
1256 1856 1312 1887 τοῖς
1328 1859 1446 1890 μάλιστα
1470 1851 1517 1882 καὶ
1543 1856 1603 1882 καθ’
1629 1857 1764 1892 ἑκατέραν
1779 1865 1826 1883 σο-

1037 1903 1102 1936 φίαν
1120 1903 1167 1929 καὶ
1191 1901 1315 1936 γλῶτταν
1334 1902 1348 1928 ό
1375 1902 1395 1928 Γ
1397 1901 1512 1936 εώργιος
1537 1899 1584 1937 ἢν.
1597 1902 1690 1938 Ταύτῃ
1711 1911 1752 1929 τοι
1775 1902 1824 1929 καὶ

1037 1948 1122 1984 ἡδέως
1135 1947 1218 1975 αὑτοῦ
1233 1948 1335 1983 ἤκουσε
1357 1946 1551 1982 διαλεγομένου
1567 1947 1654 1982 συχνὰ
1666 1948 1724 1978 τοῖς
1737 1947 1824 1974 Λατί-

1036 2003 1089 2022 νων
1104 1995 1197 2029 σοφοῖς
1222 1995 1265 2021 ὲπ¹
1288 1993 1383 2026 αὐτοῦ,
1405 1993 1454 2019 καὶ
1477 1994 1534 2025 τοῖς
1554 1993 1609 2021 τῶν
1635 1993 1824 2028 συλλογισμῶν

1036 2039 1235 2071 ἀποδεικτικοῖς
1253 2038 1360 2074 βέλεσιν
1382 2040 1409 2071 ὲς
1429 2038 1464 2066 τὰ
1481 2039 1616 2074 κράτιστα
1633 2039 1775 2070 ϐάλλοντος
1791 2047 1823 2065 τε

1036 2085 1083 2111 καὶ
1104 2084 1236 2116 νικῶντος
1255 2085 1365 2117 αὐτοὺς,
1381 2085 1428 2111 καὶ
1444 2085 1552 2120 μάλισθ’
1569 2085 1613 2111 ὅτε
1634 2084 1700 2118 περὶ
1717 2084 1822 2119 δογμάσ

1037 2139 1090 2157 των
1102 2131 1226 2165 πατρίων
1242 2130 1292 2165 τῆς
1309 2130 1458 2165 θρησκείας
1481 2128 1515 2166 ἦν
1529 2131 1543 2157 ὁ
1559 2130 1632 2164 ἀγών
1643 2138 1652 2146 ·
1670 2131 1823 2164 τηνικαῦτα

1035 2177 1089 2211 γὰρ
1116 2176 1198 2207 πολὺς
1226 2177 1297 2203 κατὰ
1326 2176 1400 2210 σφῶν
1423 2177 1484 2208 ταῖς
1513 2177 1567 2203 τῶν
1593 2177 1674 2204 θείων
1702 2177 1824 2212 Γραφῶν

1036 2220 1189 2253 ἀποδείξεσι
1216 2221 1284 2256 ῥέων
1300 2220 1395 2255 ἰχθύας
1414 2221 1538 2255 ἀφώνους
1552 2222 1684 2257 ἄντικρυς
1698 2222 1822 2256 ἔφαινεν.

1037 2266 1119 2292 Ὥστε
1138 2266 1185 2293 καὶ
1201 2266 1377 2300 χαλεπαίνειν
1389 2267 1469 2293 ὲνίοτ¹
1482 2267 1513 2292 ἐν
1527 2266 1633 2299 τούτοις
1653 2267 1822 2302 ὡρμημένον

1035 2310 1081 2336 τὸν
1099 2310 1172 2345 ρἦα
1182 2309 1293 2343 ἔθελγεν
1310 2309 1388 2341 αὖθις
1402 2310 1483 2336 αὐτὸν
1494 2311 1527 2345 τῇ
1545 2310 1599 2337 τῶν
1613 2310 1700 2345 λόγων
1713 2311 1821 2345 οειρῆνι

1034 2357 1082 2381 καὶ
1100 2355 1161 2386 ταῖς
1176 2354 1226 2389 τῆς
1251 2354 1381 2389 ἀληθείας
1402 2355 1610 2391 ἀναντιρρήτοις
1629 2356 1758 2390 στροφαῖς
1773 2356 1822 2382 καὶ

1034 2401 1243 2434 περιστροφαῖς.
1262 2399 1409 2430 Τοιαύταις
1422 2400 1454 2434 δή
1474 2408 1531 2426 τισι
1548 2400 1672 2434 μεθόδοις
1687 2400 1718 2426 τὸ
1739 2400 1821 2435 χαλε-

1034 2445 1130 2472 παῐνόν
1142 2453 1172 2471 τε
1191 2445 1352 2471 ἀνέστελλεν
1365 2446 1492 2480 ἐμμελῶς
1511 2446 1558 2479 τῆς
1574 2446 1693 2480 ρηγικῆς
1709 2446 1818 2481 ἐκείνης

1032 2490 1132 2525 ψυχῆς,
1146 2491 1193 2517 καὶ
1215 2491 1245 2518 τὸ
1268 2491 1406 2525 εὐθυμοῦν
1425 2492 1585 2526 ἀντεισῆγεν
1609 2491 1749 2523 ἐπιεικῶς.
1765 2492 1821 2518 Καὶ

1033 2534 1067 2572 ἦν
1080 2536 1174 2567 ἁπλῶς
1187 2537 1275 2562 εἰπεῖν
1299 2536 1386 2567 οὐδεὶς
1401 2538 1455 2563 τῶν
1471 2537 1599 2563 ἁπάντων
1614 2537 1644 2568 ὃς
1665 2537 1695 2562 οὐ
1709 2537 1819 2570 λογικοῦ

1034 2581 1134 2610 παντὸς
1148 2579 1254 2614 ἀγῶνος
1269 2579 1328 2613 μεθ’
1353 2580 1508 2614 ὑπερϐολῆς
1524 2581 1600 2615 αὐτῷ
1616 2580 1650 2606 τὰ
1666 2580 1714 2614 τῆς
1737 2581 1818 2615 νίκης

1031 2626 1148 2660 ⁴κικιρεῖχε
1165 2625 1294 2659 τρόπαια,
1306 2624 1363 2651 οὔθ’
1375 2626 1448 2657 ὅστις
1462 2625 1494 2652 υὺ
1516 2626 1590 2659 μάλα
1609 2625 1737 2659 ἁξύνετος
1759 2627 1820 2654 Ἐλ-

1030 2669 1144 2704 ληνικῆς
1160 2670 1263 2704 μούσης
1281 2667 1325 2704 ἦν,
1340 2669 1397 2695 οὗθ’
1412 2670 1486 2700 ὅστις
1497 2670 1643 2705 Λατινικῆς
1656 2669 1815 2705 φιλοσοφίας

1030 2715 1060 2741 οὺ
1082 2715 1155 2750 μάλα
1173 2724 1198 2741 τι
1210 2716 1304 2750 ἀδαὴς.
1318 2713 1398 2750 Εῐχόν
1420 2724 1451 2749 γε
1468 2715 1522 2750 μὴν
1538 2716 1626 2749 ἔγωγε
1647 2717 1695 2743 τοῦ
1719 2711 1815 2751 ἀνδρὸς

1030 2761 1133 2787 ἐκείνου
1159 2760 1208 2795 τὴν
1228 2762 1323 2795 φήμην
1349 2762 1394 2787 καὶ
1413 2762 1477 2794 πρὶν
1503 2761 1629 2787 ἐντεῦθεν
1654 2762 1813 2794 ἐκπλεῦσαι,

1031 2807 1068 2841 μὴ
1088 2806 1167 2840 μόνον
1184 2807 1242 2838 ταῖς
1262 2807 1378 2840 γραφαῖς
1401 2807 1574 2841 ἐντυγχάνων
1590 2808 1695 2834 ἐκείνου
1711 2807 1813 2835 πολλά-

1029 2860 1071 2883 κις
1090 2852 1148 2886 ὡδὶ,
1167 2852 1199 2884 ἃς
1219 2852 1324 2879 ἐκεῖθεν
1338 2852 1439 2884 ἐκεῖνος
1461 2853 1502 2879 σοὶ
1529 2854 1582 2880 τῶν
1597 2862 1626 2880 τε
1642 2853 1812 2889 γραμμάτων
