  <div class='ocr_page' id='page_1' title='image "/cluster/home/n/w/nwhite01/storage/ocr_20150623/149/njp.32101077773172/020.png"; bbox 0 0 1900 3063; ppageno 0'>
   <div class='ocr_carea' id='block_1_1' title="bbox 555 158 745 165">
    <p class='ocr_par' dir='ltr' id='par_1_1' title="bbox 555 158 745 165">
     <span class='ocr_line' id='line_1_1' title="bbox 555 158 745 165; baseline 0.016 -3"><span class='ocrx_word' id='word_1_1' title='bbox 555 158 745 165; x_wconf 72' lang='lat'><strong>——.__._</strong></span> 
     </span>
    </p>
   </div>
   <div class='ocr_carea' id='block_1_2' title="bbox 275 234 837 329">
    <p class='ocr_par' dir='ltr' id='par_1_2' title="bbox 275 234 837 322">
     <span class='ocr_line' id='line_1_2' title="bbox 275 234 837 322; baseline 0.011 -5"><span class='ocrx_word' id='word_1_2' title='bbox 275 234 771 322; x_wconf 80' lang='grc' dir='ltr'><strong>ΝΙΚΗΦΟΡΟΥ</strong></span> <span class='ocrx_word' id='word_1_3' title='bbox 831 260 837 282; x_wconf 81' lang='grc'><em>’</em></span> 
     </span>
    </p>
   </div>
   <div class='ocr_carea' id='block_1_3' title="bbox 889 234 1452 329">
    <p class='ocr_par' dir='ltr' id='par_1_3' title="bbox 890 258 1452 329">
     <span class='ocr_line' id='line_1_3' title="bbox 890 258 1452 329; baseline 0.012 -6"><span class='ocrx_word' id='word_1_4' title='bbox 890 258 1005 326; x_wconf 83' lang='grc' dir='ltr'>ΟΥ</span> <span class='ocrx_word' id='word_1_5' title='bbox 1062 262 1452 329; x_wconf 89' lang='grc' dir='ltr'><strong>ΓΡΗΓΟΡΑ</strong></span> 
     </span>
    </p>
   </div>
   <div class='ocr_carea' id='block_1_4' title="bbox 470 378 1262 442">
    <p class='ocr_par' dir='ltr' id='par_1_4' title="bbox 470 378 1262 442">
     <span class='ocr_line' id='line_1_4' title="bbox 470 378 1262 442; baseline 0.01 -9"><span class='ocrx_word' id='word_1_6' title='bbox 470 378 761 435; x_wconf 88' lang='grc' dir='ltr'><strong>ΡΩΜΑΙΚ</strong></span> <span class='ocrx_word' id='word_1_7' title='bbox 770 381 869 436; x_wconf 92' lang='grc' dir='ltr'><strong>ΗΣ</strong></span> <span class='ocrx_word' id='word_1_8' title='bbox 916 382 1262 442; x_wconf 88' lang='grc' dir='ltr'><strong>ΙΣΤΟΡΙΑΣ</strong></span> 
     </span>
    </p>
   </div>
   <div class='ocr_carea' id='block_1_5' title="bbox 713 493 1080 537">
    <p class='ocr_par' dir='ltr' id='par_1_5' title="bbox 713 493 1080 537">
     <span class='ocr_line' id='line_1_5' title="bbox 713 493 1080 537; baseline 0 -2"><span class='ocrx_word' id='word_1_9' title='bbox 713 493 895 537; x_wconf 87' lang='grc' dir='ltr'><strong>ΛΟΓΟΣ</strong></span> <span class='ocrx_word' id='word_1_10' title='bbox 934 495 1028 536; x_wconf 87' lang='lat' dir='ltr'><strong>KE’.</strong></span> <span class='ocrx_word' id='word_1_11' title='bbox 1071 509 1080 519; x_wconf 67' lang='grc'><strong>⁸</strong></span> 
     </span>
    </p>
   </div>
   <div class='ocr_carea' id='block_1_6' title="bbox 351 603 1389 754">
    <p class='ocr_par' dir='ltr' id='par_1_6' title="bbox 351 603 1389 754">
     <span class='ocr_line' id='line_1_6' title="bbox 351 603 1389 754; baseline 0.008 -8"><span class='ocrx_word' id='word_1_12' title='bbox 351 671 416 746; x_wconf 89' lang='grc' dir='ltr'><strong>Ν</strong></span> <span class='ocrx_word' id='word_1_13' title='bbox 421 603 869 751; x_wconf 80' lang='lat' dir='ltr'><strong>ICEPHORI</strong></span> <span class='ocrx_word' id='word_1_14' title='bbox 908 673 1389 754; x_wconf 76' lang='lat' dir='ltr'><strong>GREGOR/E</strong></span> 
     </span>
    </p>
   </div>
   <div class='ocr_carea' id='block_1_7' title="bbox 452 816 1296 883">
    <p class='ocr_par' dir='ltr' id='par_1_7' title="bbox 452 816 1296 883">
     <span class='ocr_line' id='line_1_7' title="bbox 452 816 1296 883; baseline 0.014 -11"><span class='ocrx_word' id='word_1_15' title='bbox 452 816 887 878; x_wconf 76' lang='lat' dir='ltr'><strong>BYZANTlN/E</strong></span> <span class='ocrx_word' id='word_1_16' title='bbox 920 816 1296 883; x_wconf 68' lang='lat' dir='ltr'><strong>HISTOBIZE</strong></span> 
     </span>
    </p>
   </div>
   <div class='ocr_carea' id='block_1_8' title="bbox 428 943 1308 1000">
    <p class='ocr_par' dir='ltr' id='par_1_8' title="bbox 428 943 1308 1000">
     <span class='ocr_line' id='line_1_8' title="bbox 428 943 1308 1000; baseline 0.011 -14"><span class='ocrx_word' id='word_1_17' title='bbox 428 943 602 988; x_wconf 78' lang='lat' dir='ltr'><strong>LIBER</strong></span> <span class='ocrx_word' id='word_1_18' title='bbox 658 945 974 991; x_wconf 87' lang='lat' dir='ltr'><strong>VICESIMUS</strong></span> <span class='ocrx_word' id='word_1_19' title='bbox 1019 950 1308 1000; x_wconf 82' lang='lat' dir='ltr'><strong>QUINTUS.</strong></span> 
     </span>
    </p>
   </div>
   <div class='ocr_carea' id='block_1_9' title="bbox 91 1111 837 1160">
    <p class='ocr_par' dir='ltr' id='par_1_9' title="bbox 91 1111 837 1153">
     <span class='ocr_line' id='line_1_9' title="bbox 91 1111 837 1153; baseline 0.009 -14"><span class='ocrx_word' id='word_1_20' title='bbox 91 1111 174 1146; x_wconf 70' lang='grc' dir='ltr'><strong>[ϐοά.</strong></span> <span class='ocrx_word' id='word_1_21' title='bbox 191 1113 251 1141; x_wconf 86' lang='lat' dir='ltr'><strong>Vat.</strong></span> <span class='ocrx_word' id='word_1_22' title='bbox 268 1113 347 1147; x_wconf 77' lang='lat' dir='ltr'><strong>I095,</strong></span> <span class='ocrx_word' id='word_1_23' title='bbox 363 1114 383 1141; x_wconf 73' lang='grc'><strong>[³</strong></span> <span class='ocrx_word' id='word_1_24' title='bbox 392 1114 426 1142; x_wconf 87' lang='lat'><strong>98</strong></span> <span class='ocrx_word' id='word_1_25' title='bbox 440 1113 478 1150; x_wconf 74' lang='grc'><strong>6.]</strong></span> <span class='ocrx_word' id='word_1_26' title='bbox 489 1116 527 1142; x_wconf 79' lang='grc' dir='ltr'><strong>Α¹.</strong></span> <span class='ocrx_word' id='word_1_27' title='bbox 548 1116 626 1150; x_wconf 77' lang='grc' dir='ltr'>Ἐμοὶ</span> <span class='ocrx_word' id='word_1_28' title='bbox 637 1117 664 1143; x_wconf 76' lang='grc' dir='ltr'><strong>δὲ</strong></span> <span class='ocrx_word' id='word_1_29' title='bbox 679 1119 837 1153; x_wconf 78' lang='grc' dir='ltr'>προσωτέρυ</span> 
     </span>
    </p>
   </div>
   <div class='ocr_carea' id='block_1_10' title="bbox 889 1111 1676 1160">
    <p class='ocr_par' dir='ltr' id='par_1_10' title="bbox 933 1120 1676 1160">
     <span class='ocr_line' id='line_1_10' title="bbox 933 1120 1676 1160; baseline 0.013 -13"><span class='ocrx_word' id='word_1_30' title='bbox 933 1120 1029 1156; x_wconf 80' lang='lat'><strong>1-18</strong></span> <span class='ocrx_word' id='word_1_31' title='bbox 1048 1120 1068 1149; x_wconf 81' lang='grc' dir='ltr'><strong>Ι.</strong></span> <span class='ocrx_word' id='word_1_32' title='bbox 1083 1122 1150 1149; x_wconf 90' lang='lat' dir='ltr'><strong>Cum</strong></span> <span class='ocrx_word' id='word_1_33' title='bbox 1173 1123 1282 1158; x_wconf 76' lang='lat' dir='ltr'><strong>longius</strong></span> <span class='ocrx_word' id='word_1_34' title='bbox 1298 1125 1424 1160; x_wconf 74' lang='lat' dir='ltr'><strong>progredi</strong></span> <span class='ocrx_word' id='word_1_35' title='bbox 1448 1127 1545 1154; x_wconf 81' lang='lat' dir='ltr'><strong>vellem</strong></span> <span class='ocrx_word' id='word_1_36' title='bbox 1570 1128 1676 1156; x_wconf 87' lang='lat' dir='ltr'><strong>duahus</strong></span> 
     </span>
    </p>
   </div>
   <div class='ocr_carea' id='block_1_11' title="bbox 55 1159 843 1199">
    <p class='ocr_par' dir='ltr' id='par_1_11' title="bbox 55 1159 843 1199">
     <span class='ocr_line' id='line_1_11' title="bbox 55 1159 843 1199; baseline 0.01 -16"><span class='ocrx_word' id='word_1_37' title='bbox 55 1159 192 1192; x_wconf 75' lang='grc' dir='ltr'><strong>προάγειν</strong></span> <span class='ocrx_word' id='word_1_38' title='bbox 216 1160 368 1194; x_wconf 78' lang='grc' dir='ltr'><strong>βουλομένῳ</strong></span> <span class='ocrx_word' id='word_1_39' title='bbox 379 1161 452 1187; x_wconf 78' lang='grc' dir='ltr'>δυοῖν</span> <span class='ocrx_word' id='word_1_40' title='bbox 467 1161 559 1194; x_wconf 71' lang='grc' dir='ltr'>ἕνεκα,</span> <span class='ocrx_word' id='word_1_41' title='bbox 572 1163 646 1193; x_wconf 84' lang='grc' dir='ltr'>ὅπως</span> <span class='ocrx_word' id='word_1_42' title='bbox 673 1172 704 1190; x_wconf 82' lang='grc' dir='ltr'><strong>τε</strong></span> <span class='ocrx_word' id='word_1_43' title='bbox 728 1164 843 1199; x_wconf 77' lang='grc' dir='ltr'><strong>μάθοιμι</strong></span> 
     </span>
    </p>
   </div>
   <div class='ocr_carea' id='block_1_12' title="bbox 56 1202 844 1240">
    <p class='ocr_par' dir='ltr' id='par_1_12' title="bbox 56 1202 844 1240">
     <span class='ocr_line' id='line_1_12' title="bbox 56 1202 844 1240; baseline 0.009 -13"><span class='ocrx_word' id='word_1_44' title='bbox 56 1203 141 1237; x_wconf 76' lang='grc' dir='ltr'>μέχρι</span> <span class='ocrx_word' id='word_1_45' title='bbox 156 1202 241 1229; x_wconf 73' lang='grc' dir='ltr'>πόσου</span> <span class='ocrx_word' id='word_1_46' title='bbox 255 1204 304 1238; x_wconf 85' lang='grc' dir='ltr'>τῆς</span> <span class='ocrx_word' id='word_1_47' title='bbox 318 1203 458 1238; x_wconf 67' lang='grc' dir='ltr'>ἀλλοτρίας</span> <span class='ocrx_word' id='word_1_48' title='bbox 471 1205 579 1239; x_wconf 76' lang='grc' dir='ltr'><strong>ἐκείνης</strong></span> <span class='ocrx_word' id='word_1_49' title='bbox 591 1206 642 1240; x_wconf 85' lang='grc' dir='ltr'>γῆς</span> <span class='ocrx_word' id='word_1_50' title='bbox 657 1207 705 1233; x_wconf 74' lang='grc' dir='ltr'>καὶ</span> <span class='ocrx_word' id='word_1_51' title='bbox 724 1207 758 1233; x_wconf 81' lang='grc' dir='ltr'>δι’</span> <span class='ocrx_word' id='word_1_52' title='bbox 773 1208 844 1234; x_wconf 73' lang='grc' dir='ltr'>ὅτων</span> 
     </span>
    </p>
   </div>
   <div class='ocr_carea' id='block_1_13' title="bbox 55 1248 843 1286">
    <p class='ocr_par' dir='ltr' id='par_1_13' title="bbox 55 1248 843 1286">
     <span class='ocr_line' id='line_1_13' title="bbox 55 1248 843 1286; baseline 0.009 -13"><span class='ocrx_word' id='word_1_53' title='bbox 55 1248 143 1274; x_wconf 80' lang='grc' dir='ltr'><strong>ἐθνῶν</strong></span> <span class='ocrx_word' id='word_1_54' title='bbox 158 1249 272 1275; x_wconf 79' lang='grc' dir='ltr'><strong>ἐκείνων</strong></span> <span class='ocrx_word' id='word_1_55' title='bbox 292 1249 379 1285; x_wconf 81' lang='grc' dir='ltr'>διήκει</span> <span class='ocrx_word' id='word_1_56' title='bbox 405 1250 557 1285; x_wconf 76' lang='grc' dir='ltr'><strong>σωζόμενον</strong></span> <span class='ocrx_word' id='word_1_57' title='bbox 574 1251 604 1277; x_wconf 77' lang='grc' dir='ltr'>τὸ</span> <span class='ocrx_word' id='word_1_58' title='bbox 615 1252 787 1286; x_wconf 81' lang='grc' dir='ltr'><strong>Χριστιανῶν</strong></span> <span class='ocrx_word' id='word_1_59' title='bbox 803 1253 843 1280; x_wconf 73' lang='grc' dir='ltr'>ἔτι</span> 
     </span>
    </p>
   </div>
   <div class='ocr_carea' id='block_1_14' title="bbox 56 1294 844 1330">
    <p class='ocr_par' dir='ltr' id='par_1_14' title="bbox 56 1294 844 1330">
     <span class='ocr_line' id='line_1_14' title="bbox 56 1294 844 1330; baseline 0.009 -12"><span class='ocrx_word' id='word_1_60' title='bbox 56 1294 147 1326; x_wconf 77' lang='grc' dir='ltr'>γένος,</span> <span class='ocrx_word' id='word_1_61' title='bbox 158 1294 205 1321; x_wconf 82' lang='grc' dir='ltr'><strong>καὶ</strong></span> <span class='ocrx_word' id='word_1_62' title='bbox 222 1295 296 1326; x_wconf 78' lang='grc' dir='ltr'>ὅπως</span> <span class='ocrx_word' id='word_1_63' title='bbox 309 1296 338 1322; x_wconf 82' lang='grc' dir='ltr'>ὲν</span> <span class='ocrx_word' id='word_1_64' title='bbox 349 1296 440 1330; x_wconf 81' lang='grc' dir='ltr'><strong>μέσοις</strong></span> <span class='ocrx_word' id='word_1_65' title='bbox 455 1298 511 1328; x_wconf 85' lang='grc' dir='ltr'>τοῖς</span> <span class='ocrx_word' id='word_1_66' title='bbox 525 1297 650 1323; x_wconf 78' lang='grc' dir='ltr'>ἀσεϐέσιν</span> <span class='ocrx_word' id='word_1_67' title='bbox 667 1297 706 1324; x_wconf 75' lang='grc' dir='ltr'><strong>ἔτι</strong></span> <span class='ocrx_word' id='word_1_68' title='bbox 719 1298 774 1325; x_wconf 81' lang='grc' dir='ltr'>τῶν</span> <span class='ocrx_word' id='word_1_69' title='bbox 790 1307 844 1325; x_wconf 83' lang='grc' dir='ltr'>πα-</span> 
     </span>
    </p>
   </div>
   <div class='ocr_carea' id='block_1_15' title="bbox 58 1337 842 1378">
    <p class='ocr_par' dir='ltr' id='par_1_15' title="bbox 58 1337 842 1378">
     <span class='ocr_line' id='line_1_15' title="bbox 58 1337 842 1378; baseline 0.013 -17"><span class='ocrx_word' id='word_1_70' title='bbox 58 1337 143 1369; x_wconf 76' lang='grc' dir='ltr'>τρίων</span> <span class='ocrx_word' id='word_1_71' title='bbox 155 1337 247 1372; x_wconf 74' lang='grc' dir='ltr'>ἔχεται</span> <span class='ocrx_word' id='word_1_72' title='bbox 262 1339 404 1374; x_wconf 83' lang='grc' dir='ltr'><strong>δογμάτων</strong></span> <span class='ocrx_word' id='word_1_73' title='bbox 416 1340 464 1374; x_wconf 79' lang='grc' dir='ltr'>τῆς</span> <span class='ocrx_word' id='word_1_74' title='bbox 474 1341 615 1373; x_wconf 77' lang='grc' dir='ltr'>εὐσεϐείας</span> <span class='ocrx_word' id='word_1_75' title='bbox 629 1342 700 1369; x_wconf 76' lang='grc' dir='ltr'>κατὰ</span> <span class='ocrx_word' id='word_1_76' title='bbox 709 1343 754 1370; x_wconf 73' lang='grc' dir='ltr'>τὸν</span> <span class='ocrx_word' id='word_1_77' title='bbox 766 1344 842 1378; x_wconf 81' lang='grc' dir='ltr'>σφίσι</span> 
     </span>
    </p>
   </div>
   <div class='ocr_carea' id='block_1_16' title="bbox 57 1381 842 1424">
    <p class='ocr_par' dir='ltr' id='par_1_16' title="bbox 57 1381 842 1424">
     <span class='ocr_line' id='line_1_16' title="bbox 57 1381 842 1424; baseline 0.011 -17"><span class='ocrx_word' id='word_1_78' title='bbox 57 1381 245 1417; x_wconf 67' lang='grc' dir='ltr'>ἁπλούστερον</span> <span class='ocrx_word' id='word_1_79' title='bbox 268 1393 296 1410; x_wconf 86' lang='grc' dir='ltr'>τε</span> <span class='ocrx_word' id='word_1_80' title='bbox 313 1385 360 1410; x_wconf 72' lang='grc' dir='ltr'>καὶ</span> <span class='ocrx_word' id='word_1_81' title='bbox 376 1384 555 1420; x_wconf 83' lang='grc' dir='ltr'>ἀληθέστερον</span> <span class='ocrx_word' id='word_1_82' title='bbox 581 1386 692 1421; x_wconf 81' lang='grc' dir='ltr'><strong>τρόπον,</strong></span> <span class='ocrx_word' id='word_1_83' title='bbox 714 1389 761 1415; x_wconf 80' lang='grc' dir='ltr'>καὶ</span> <span class='ocrx_word' id='word_1_84' title='bbox 785 1389 842 1424; x_wconf 73' lang='grc' dir='ltr'><strong>ἅμα</strong></span> 
     </span>
    </p>
   </div>
   <div class='ocr_carea' id='block_1_17' title="bbox 58 1427 841 1468">
    <p class='ocr_par' dir='ltr' id='par_1_17' title="bbox 58 1427 841 1468">
     <span class='ocr_line' id='line_1_17' title="bbox 58 1427 841 1468; baseline 0.01 -15"><span class='ocrx_word' id='word_1_85' title='bbox 58 1427 210 1455; x_wconf 66' lang='grc' dir='ltr'>Θεάσασοαι</span> <span class='ocrx_word' id='word_1_86' title='bbox 226 1429 253 1454; x_wconf 80' lang='grc' dir='ltr'><strong>εἴ</strong></span> <span class='ocrx_word' id='word_1_87' title='bbox 265 1429 291 1455; x_wconf 89' lang='grc' dir='ltr'><strong>τί</strong></span> <span class='ocrx_word' id='word_1_88' title='bbox 308 1438 360 1456; x_wconf 81' lang='grc' dir='ltr'><strong>που</strong></span> <span class='ocrx_word' id='word_1_89' title='bbox 374 1431 422 1465; x_wconf 85' lang='grc' dir='ltr'>τῆς</span> <span class='ocrx_word' id='word_1_90' title='bbox 431 1432 546 1466; x_wconf 76' lang='grc' dir='ltr'>ἀρχαίας</span> <span class='ocrx_word' id='word_1_91' title='bbox 566 1433 661 1466; x_wconf 82' lang='grc' dir='ltr'>σοφίας</span> <span class='ocrx_word' id='word_1_92' title='bbox 673 1434 781 1468; x_wconf 75' lang='grc' dir='ltr'><strong>ἐκείνης</strong></span> <span class='ocrx_word' id='word_1_93' title='bbox 793 1443 841 1461; x_wconf 86' lang='grc' dir='ltr'>πε-</span> 
     </span>
    </p>
   </div>
   <div class='ocr_carea' id='block_1_18' title="bbox 59 1473 841 1513">
    <p class='ocr_par' dir='ltr' id='par_1_18' title="bbox 59 1473 841 1513">
     <span class='ocr_line' id='line_1_18' title="bbox 59 1473 841 1513; baseline 0.01 -15"><span class='ocrx_word' id='word_1_94' title='bbox 59 1473 147 1506; x_wconf 80' lang='grc' dir='ltr'>ρίεστι</span> <span class='ocrx_word' id='word_1_95' title='bbox 169 1473 284 1508; x_wconf 72' lang='grc' dir='ltr'>λείψανα</span> <span class='ocrx_word' id='word_1_96' title='bbox 307 1475 451 1508; x_wconf 74' lang='grc' dir='ltr'>Χαλδαίοις</span> <span class='ocrx_word' id='word_1_97' title='bbox 468 1478 514 1504; x_wconf 78' lang='grc' dir='ltr'>καὶ</span> <span class='ocrx_word' id='word_1_98' title='bbox 536 1478 666 1513; x_wconf 78' lang='grc' dir='ltr'><strong>Πέρσαις,</strong></span> <span class='ocrx_word' id='word_1_99' title='bbox 679 1479 804 1513; x_wconf 75' lang='grc' dir='ltr'>ἐμποδὼν</span> <span class='ocrx_word' id='word_1_100' title='bbox 817 1481 841 1507; x_wconf 74' lang='grc' dir='ltr'>οε</span> 
     </span>
    </p>
   </div>
   <div class='ocr_carea' id='block_1_19' title="bbox 56 1519 841 1559">
    <p class='ocr_par' dir='ltr' id='par_1_19' title="bbox 56 1519 841 1559">
     <span class='ocr_line' id='line_1_19' title="bbox 56 1519 841 1559; baseline 0.01 -15"><span class='ocrx_word' id='word_1_101' title='bbox 56 1519 109 1545; x_wconf 76' lang='grc' dir='ltr'>τῶν</span> <span class='ocrx_word' id='word_1_102' title='bbox 137 1520 328 1554; x_wconf 85' lang='grc' dir='ltr'>Ίεραπολιτῶν</span> <span class='ocrx_word' id='word_1_103' title='bbox 338 1522 502 1558; x_wconf 82' lang='grc' dir='ltr'>γεγένηνται</span> <span class='ocrx_word' id='word_1_104' title='bbox 513 1523 705 1559; x_wconf 84' lang='grc' dir='ltr'><strong>κοσμιώτεροι,</strong></span> <span class='ocrx_word' id='word_1_105' title='bbox 722 1525 783 1551; x_wconf 77' lang='grc' dir='ltr'>ἐπεί</span> <span class='ocrx_word' id='word_1_106' title='bbox 799 1526 841 1552; x_wconf 82' lang='grc' dir='ltr'>τοι</span> 
     </span>
    </p>
   </div>
   <div class='ocr_carea' id='block_1_20' title="bbox 55 1564 841 1604">
    <p class='ocr_par' dir='ltr' id='par_1_20' title="bbox 55 1564 841 1604">
     <span class='ocr_line' id='line_1_20' title="bbox 55 1564 841 1604; baseline 0.01 -14"><span class='ocrx_word' id='word_1_107' title='bbox 55 1573 85 1598; x_wconf 84' lang='grc' dir='ltr'><strong>γε</strong></span> <span class='ocrx_word' id='word_1_108' title='bbox 97 1564 181 1600; x_wconf 76' lang='grc' dir='ltr'>μέχρι</span> <span class='ocrx_word' id='word_1_109' title='bbox 194 1566 242 1592; x_wconf 73' lang='grc' dir='ltr'><strong>καὶ</strong></span> <span class='ocrx_word' id='word_1_110' title='bbox 263 1567 291 1597; x_wconf 74' lang='grc' dir='ltr'><strong>ἐς</strong></span> <span class='ocrx_word' id='word_1_111' title='bbox 311 1567 434 1599; x_wconf 72' lang='grc' dir='ltr'><strong>ἐκείνους</strong></span> <span class='ocrx_word' id='word_1_112' title='bbox 461 1568 654 1604; x_wconf 81' lang='grc' dir='ltr'>προεληλύθειν</span> <span class='ocrx_word' id='word_1_113' title='bbox 667 1570 732 1604; x_wconf 74' lang='grc' dir='ltr'>ἐγὼ,</span> <span class='ocrx_word' id='word_1_114' title='bbox 750 1571 841 1598; x_wconf 84' lang='grc' dir='ltr'>διακο-</span> 
     </span>
    </p>
   </div>
   <div class='ocr_carea' id='block_1_21' title="bbox 57 1611 841 1650">
    <p class='ocr_par' dir='ltr' id='par_1_21' title="bbox 57 1611 841 1650">
     <span class='ocr_line' id='line_1_21' title="bbox 57 1611 841 1650; baseline 0.011 -14"><span class='ocrx_word' id='word_1_115' title='bbox 57 1611 131 1642; x_wconf 81' lang='grc' dir='ltr'>σίους</span> <span class='ocrx_word' id='word_1_116' title='bbox 145 1612 216 1645; x_wconf 83' lang='grc' dir='ltr'>ὁμοῦ</span> <span class='ocrx_word' id='word_1_117' title='bbox 232 1612 279 1638; x_wconf 83' lang='grc' dir='ltr'><strong>καὶ</strong></span> <span class='ocrx_word' id='word_1_118' title='bbox 297 1611 327 1647; x_wconf 81' lang='grc' dir='ltr'><strong>[Γ.</strong></span> <span class='ocrx_word' id='word_1_119' title='bbox 347 1613 380 1640; x_wconf 85' lang='grc'>99</span> <span class='ocrx_word' id='word_1_120' title='bbox 397 1613 426 1649; x_wconf 86' lang='lat' dir='ltr'><strong>a]</strong></span> <span class='ocrx_word' id='word_1_121' title='bbox 441 1614 540 1648; x_wconf 84' lang='grc' dir='ltr'><strong>χιλίους</strong></span> <span class='ocrx_word' id='word_1_122' title='bbox 555 1615 637 1649; x_wconf 65' lang='grc' dir='ltr'>ἐγγύς</span> <span class='ocrx_word' id='word_1_123' title='bbox 651 1625 702 1644; x_wconf 88' lang='grc' dir='ltr'><strong>που</strong></span> <span class='ocrx_word' id='word_1_124' title='bbox 717 1617 841 1650; x_wconf 75' lang='grc' dir='ltr'><strong>σταδίους</strong></span> 
     </span>
    </p>
   </div>
   <div class='ocr_carea' id='block_1_22' title="bbox 55 1657 839 1694">
    <p class='ocr_par' dir='ltr' id='par_1_22' title="bbox 55 1657 839 1694">
     <span class='ocr_line' id='line_1_22' title="bbox 55 1657 839 1694; baseline 0.011 -12"><span class='ocrx_word' id='word_1_125' title='bbox 55 1657 190 1692; x_wconf 74' lang='grc' dir='ltr'><strong>θαλάττης</strong></span> <span class='ocrx_word' id='word_1_126' title='bbox 212 1657 374 1692; x_wconf 74' lang='grc' dir='ltr'>ἀπέχοντας.</span> <span class='ocrx_word' id='word_1_127' title='bbox 401 1659 438 1685; x_wconf 67' lang='grc' dir='ltr'><strong>Οὔ</strong></span> <span class='ocrx_word' id='word_1_128' title='bbox 465 1660 519 1694; x_wconf 74' lang='grc' dir='ltr'><strong>γάρ</strong></span> <span class='ocrx_word' id='word_1_129' title='bbox 532 1660 613 1687; x_wconf 75' lang='grc' dir='ltr'>εὔοδα</span> <span class='ocrx_word' id='word_1_130' title='bbox 632 1661 742 1689; x_wconf 76' lang='grc' dir='ltr'>ἔσεσθαι</span> <span class='ocrx_word' id='word_1_131' title='bbox 759 1663 839 1690; x_wconf 80' lang='grc' dir='ltr'>ὑπισ-</span> 
     </span>
    </p>
   </div>
   <div class='ocr_carea' id='block_1_23' title="bbox 55 1701 840 1743">
    <p class='ocr_par' dir='ltr' id='par_1_23' title="bbox 55 1701 840 1743">
     <span class='ocr_line' id='line_1_23' title="bbox 55 1701 840 1743; baseline 0.01 -16"><span class='ocrx_word' id='word_1_132' title='bbox 55 1701 165 1735; x_wconf 76' lang='grc' dir='ltr'>χνοῦντό</span> <span class='ocrx_word' id='word_1_133' title='bbox 180 1710 225 1734; x_wconf 78' lang='grc' dir='ltr'><strong>μοι</strong></span> <span class='ocrx_word' id='word_1_134' title='bbox 239 1702 279 1729; x_wconf 85' lang='grc' dir='ltr'>ἔτι</span> <span class='ocrx_word' id='word_1_135' title='bbox 293 1703 328 1729; x_wconf 77' lang='grc' dir='ltr'>τὰ</span> <span class='ocrx_word' id='word_1_136' title='bbox 343 1704 459 1738; x_wconf 73' lang='grc' dir='ltr'>πρόσθεν</span> <span class='ocrx_word' id='word_1_137' title='bbox 477 1705 522 1731; x_wconf 84' lang='grc' dir='ltr'><strong>διὰ</strong></span> <span class='ocrx_word' id='word_1_138' title='bbox 547 1706 577 1732; x_wconf 82' lang='grc' dir='ltr'>τὸ</span> <span class='ocrx_word' id='word_1_139' title='bbox 592 1706 646 1733; x_wconf 86' lang='grc' dir='ltr'>τῶν</span> <span class='ocrx_word' id='word_1_140' title='bbox 662 1709 840 1743; x_wconf 71' lang='grc' dir='ltr'>προσοικούν-</span> 
     </span>
    </p>
   </div>
   <div class='ocr_carea' id='block_1_24' title="bbox 55 1747 838 1788">
    <p class='ocr_par' dir='ltr' id='par_1_24' title="bbox 55 1747 838 1788">
     <span class='ocr_line' id='line_1_24' title="bbox 55 1747 838 1788; baseline 0.011 -16"><span class='ocrx_word' id='word_1_141' title='bbox 55 1755 109 1773; x_wconf 80' lang='grc' dir='ltr'><strong>των</strong></span> <span class='ocrx_word' id='word_1_142' title='bbox 132 1747 338 1781; x_wconf 70' lang='grc' dir='ltr'>άλλόγλωσσον·</span> <span class='ocrx_word' id='word_1_143' title='bbox 355 1750 385 1775; x_wconf 73' lang='grc' dir='ltr'>οὐ</span> <span class='ocrx_word' id='word_1_144' title='bbox 405 1750 457 1785; x_wconf 84' lang='grc' dir='ltr'>μὴν</span> <span class='ocrx_word' id='word_1_145' title='bbox 480 1751 536 1777; x_wconf 73' lang='grc' dir='ltr'><strong>οὐδ’</strong></span> <span class='ocrx_word' id='word_1_146' title='bbox 557 1753 581 1778; x_wconf 87' lang='grc' dir='ltr'><strong>εί</strong></span> <span class='ocrx_word' id='word_1_147' title='bbox 601 1752 680 1779; x_wconf 71' lang='grc' dir='ltr'>εὔοδα</span> <span class='ocrx_word' id='word_1_148' title='bbox 697 1751 731 1788; x_wconf 83' lang='grc' dir='ltr'>ἧν</span> <span class='ocrx_word' id='word_1_149' title='bbox 747 1755 838 1781; x_wconf 75' lang='grc' dir='ltr'>ἐντεῦ-</span> 
     </span>
    </p>
   </div>
   <div class='ocr_carea' id='block_1_25' title="bbox 57 1791 838 1834">
    <p class='ocr_par' dir='ltr' id='par_1_25' title="bbox 57 1791 838 1834">
     <span class='ocr_line' id='line_1_25' title="bbox 57 1791 838 1834; baseline 0.013 -18"><span class='ocrx_word' id='word_1_150' title='bbox 57 1791 114 1822; x_wconf 71' lang='grc' dir='ltr'>θεν,</span> <span class='ocrx_word' id='word_1_151' title='bbox 128 1792 220 1826; x_wconf 78' lang='grc' dir='ltr'>ἥκιστ’</span> <span class='ocrx_word' id='word_1_152' title='bbox 237 1792 284 1820; x_wconf 86' lang='grc' dir='ltr'><strong>οὖν</strong></span> <span class='ocrx_word' id='word_1_153' title='bbox 310 1794 384 1829; x_wconf 82' lang='grc' dir='ltr'>ὅμως</span> <span class='ocrx_word' id='word_1_154' title='bbox 411 1795 619 1830; x_wconf 76' lang='grc' dir='ltr'><strong>περιλείπεσθαι</strong></span> <span class='ocrx_word' id='word_1_155' title='bbox 645 1797 784 1834; x_wconf 81' lang='grc' dir='ltr'>Χαλδαῖκῇ</span> <span class='ocrx_word' id='word_1_156' title='bbox 808 1808 838 1826; x_wconf 82' lang='grc' dir='ltr'><strong>τε</strong></span> 
     </span>
    </p>
   </div>
   <div class='ocr_carea' id='block_1_26' title="bbox 60 1837 839 1879">
    <p class='ocr_par' dir='ltr' id='par_1_26' title="bbox 60 1837 839 1879">
     <span class='ocr_line' id='line_1_26' title="bbox 60 1837 839 1879; baseline 0.013 -17"><span class='ocrx_word' id='word_1_157' title='bbox 60 1837 95 1870; x_wconf 65' lang='grc' dir='ltr'><strong>τῇ</strong></span> <span class='ocrx_word' id='word_1_158' title='bbox 116 1837 162 1863; x_wconf 74' lang='grc' dir='ltr'>καὶ</span> <span class='ocrx_word' id='word_1_159' title='bbox 185 1838 307 1874; x_wconf 81' lang='grc' dir='ltr'>Περσικῇ</span> <span class='ocrx_word' id='word_1_160' title='bbox 324 1840 419 1874; x_wconf 82' lang='grc' dir='ltr'>σοφίας</span> <span class='ocrx_word' id='word_1_161' title='bbox 436 1841 504 1873; x_wconf 79' lang='grc' dir='ltr'>ὅλως</span> <span class='ocrx_word' id='word_1_162' title='bbox 527 1842 636 1877; x_wconf 77' lang='grc' dir='ltr'>ἐκείνης</span> <span class='ocrx_word' id='word_1_163' title='bbox 658 1843 717 1879; x_wconf 83' lang='grc' dir='ltr'>ίχνη</span> <span class='ocrx_word' id='word_1_164' title='bbox 741 1854 770 1871; x_wconf 86' lang='grc' dir='ltr'>τε</span> <span class='ocrx_word' id='word_1_165' title='bbox 793 1847 839 1872; x_wconf 78' lang='grc' dir='ltr'>καὶ</span> 
     </span>
    </p>
   </div>
   <div class='ocr_carea' id='block_1_27' title="bbox 60 1882 838 1925">
    <p class='ocr_par' dir='ltr' id='par_1_27' title="bbox 60 1882 838 1925">
     <span class='ocr_line' id='line_1_27' title="bbox 60 1882 838 1925; baseline 0.013 -18"><span class='ocrx_word' id='word_1_166' title='bbox 60 1882 246 1917; x_wconf 77' lang='grc' dir='ltr'><strong>γνωρίσματα.</strong></span> <span class='ocrx_word' id='word_1_167' title='bbox 270 1884 316 1916; x_wconf 76' lang='grc' dir='ltr'><strong>Ἐξ</strong></span> <span class='ocrx_word' id='word_1_168' title='bbox 328 1885 390 1911; x_wconf 80' lang='grc' dir='ltr'>ὅτου</span> <span class='ocrx_word' id='word_1_169' title='bbox 406 1886 459 1920; x_wconf 83' lang='grc' dir='ltr'>γὰρ</span> <span class='ocrx_word' id='word_1_170' title='bbox 480 1885 510 1912; x_wconf 82' lang='grc' dir='ltr'>τὸ</span> <span class='ocrx_word' id='word_1_171' title='bbox 525 1887 657 1914; x_wconf 73' lang='grc' dir='ltr'>Σκυθικὸν</span> <span class='ocrx_word' id='word_1_172' title='bbox 672 1889 838 1925; x_wconf 80' lang='grc' dir='ltr'>ὲπιῤῥεῦσαν</span> 
     </span>
    </p>
   </div>
   <div class='ocr_carea' id='block_1_28' title="bbox 59 1927 839 1971">
    <p class='ocr_par' dir='ltr' id='par_1_28' title="bbox 59 1927 839 1971">
     <span class='ocr_line' id='line_1_28' title="bbox 59 1927 839 1971; baseline 0.015 -20"><span class='ocrx_word' id='word_1_173' title='bbox 59 1927 202 1959; x_wconf 80' lang='grc' dir='ltr'>γένος’καὶ</span> <span class='ocrx_word' id='word_1_174' title='bbox 226 1928 340 1963; x_wconf 77' lang='grc' dir='ltr'>ἐκχυθὲν</span> <span class='ocrx_word' id='word_1_175' title='bbox 356 1929 461 1957; x_wconf 79' lang='grc' dir='ltr'>ἄνωθέν</span> <span class='ocrx_word' id='word_1_176' title='bbox 476 1931 559 1958; x_wconf 78' lang='grc' dir='ltr'>ποθεν</span> <span class='ocrx_word' id='word_1_177' title='bbox 575 1932 605 1965; x_wconf 76' lang='grc' dir='ltr'><strong>ἐξ</strong></span> <span class='ocrx_word' id='word_1_178' title='bbox 621 1934 761 1968; x_wconf 84' lang='grc' dir='ltr'>άρκτικῶν</span> <span class='ocrx_word' id='word_1_179' title='bbox 784 1944 839 1971; x_wconf 86' lang='grc' dir='ltr'>πη-</span> 
     </span>
    </p>
   </div>
   <div class='ocr_carea' id='block_1_29' title="bbox 57 1971 839 2017">
    <p class='ocr_par' dir='ltr' id='par_1_29' title="bbox 57 1971 839 2017">
     <span class='ocr_line' id='line_1_29' title="bbox 57 1971 839 2017; baseline 0.014 -20"><span class='ocrx_word' id='word_1_180' title='bbox 57 1971 113 2005; x_wconf 85' lang='grc' dir='ltr'><strong>γῶν</strong></span> <span class='ocrx_word' id='word_1_181' title='bbox 129 1972 252 2008; x_wconf 77' lang='grc' dir='ltr'>καθάπερ</span> <span class='ocrx_word' id='word_1_182' title='bbox 277 1975 394 2009; x_wconf 78' lang='grc' dir='ltr'>ἀχανοῦς</span> <span class='ocrx_word' id='word_1_183' title='bbox 420 1985 492 2009; x_wconf 79' lang='grc' dir='ltr'>τινος</span> <span class='ocrx_word' id='word_1_184' title='bbox 516 1978 587 2013; x_wconf 79' lang='grc' dir='ltr'>ὕδωρ</span> <span class='ocrx_word' id='word_1_185' title='bbox 606 1980 752 2014; x_wconf 81' lang='grc' dir='ltr'>πελάγους,</span> <span class='ocrx_word' id='word_1_186' title='bbox 769 1982 839 2017; x_wconf 76' lang='grc' dir='ltr'><strong>Πέρ-</strong></span> 
     </span>
    </p>
   </div>
   <div class='ocr_carea' id='block_1_30' title="bbox 59 2018 838 2058">
    <p class='ocr_par' dir='ltr' id='par_1_30' title="bbox 59 2018 838 2058">
     <span class='ocr_line' id='line_1_30' title="bbox 59 2018 838 2058; baseline 0.017 -16"><span class='ocrx_word' id='word_1_187' title='bbox 59 2026 104 2049; x_wconf 61' lang='grc' dir='ltr'>σις</span> <span class='ocrx_word' id='word_1_188' title='bbox 123 2027 153 2044; x_wconf 80' lang='grc' dir='ltr'>τι</span> <span class='ocrx_word' id='word_1_189' title='bbox 173 2018 338 2047; x_wconf 69' lang='grc' dir='ltr'>ἐδουλώσατο</span> <span class='ocrx_word' id='word_1_190' title='bbox 362 2023 409 2048; x_wconf 69' lang='grc' dir='ltr'>καὶ</span> <span class='ocrx_word' id='word_1_191' title='bbox 429 2023 538 2058; x_wconf 87' lang='grc' dir='ltr'>Μήδους</span> <span class='ocrx_word' id='word_1_192' title='bbox 563 2026 611 2052; x_wconf 86' lang='grc' dir='ltr'>καὶ</span> <span class='ocrx_word' id='word_1_193' title='bbox 637 2027 727 2053; x_wconf 78' lang='grc' dir='ltr'>πᾶσαν</span> <span class='ocrx_word' id='word_1_194' title='bbox 751 2028 838 2055; x_wconf 79' lang='grc' dir='ltr'>είπείν</span> 
     </span>
    </p>
   </div>
   <div class='ocr_carea' id='block_1_31' title="bbox 57 2064 838 2109">
    <p class='ocr_par' dir='ltr' id='par_1_31' title="bbox 57 2064 838 2109">
     <span class='ocr_line' id='line_1_31' title="bbox 57 2064 838 2109; baseline 0.017 -21"><span class='ocrx_word' id='word_1_195' title='bbox 57 2064 169 2098; x_wconf 80' lang='grc' dir='ltr'>ταυτηνὶ</span> <span class='ocrx_word' id='word_1_196' title='bbox 192 2064 242 2099; x_wconf 81' lang='grc' dir='ltr'><strong>τὴν</strong></span> <span class='ocrx_word' id='word_1_197' title='bbox 264 2065 356 2093; x_wconf 77' lang='grc' dir='ltr'>Ἀσίαν</span> <span class='ocrx_word' id='word_1_198' title='bbox 370 2066 451 2102; x_wconf 76' lang='grc' dir='ltr'>ἄχρις</span> <span class='ocrx_word' id='word_1_199' title='bbox 473 2068 561 2095; x_wconf 79' lang='grc' dir='ltr'>Ἰνδῶν</span> <span class='ocrx_word' id='word_1_200' title='bbox 580 2079 610 2096; x_wconf 91' lang='grc' dir='ltr'>τε</span> <span class='ocrx_word' id='word_1_201' title='bbox 636 2071 749 2099; x_wconf 67' lang='grc' dir='ltr'>ἐκείνων</span> <span class='ocrx_word' id='word_1_202' title='bbox 770 2074 838 2109; x_wconf 61' lang='grc' dir='ltr'>πρὸς</span> 
     </span>
    </p>
   </div>
   <div class='ocr_carea' id='block_1_32' title="bbox 56 2109 839 2153">
    <p class='ocr_par' dir='ltr' id='par_1_32' title="bbox 56 2109 839 2153">
     <span class='ocr_line' id='line_1_32' title="bbox 56 2109 839 2153; baseline 0.014 -19"><span class='ocrx_word' id='word_1_203' title='bbox 56 2109 92 2135; x_wconf 81' lang='grc' dir='ltr'>ἓω</span> <span class='ocrx_word' id='word_1_204' title='bbox 107 2111 154 2135; x_wconf 80' lang='grc' dir='ltr'><strong>καὶ</strong></span> <span class='ocrx_word' id='word_1_205' title='bbox 167 2109 247 2145; x_wconf 79' lang='grc' dir='ltr'>ἄχρις</span> <span class='ocrx_word' id='word_1_206' title='bbox 268 2111 391 2146; x_wconf 64' lang='grc' dir='ltr'>Ἀράϐων</span> <span class='ocrx_word' id='word_1_207' title='bbox 405 2116 518 2141; x_wconf 80' lang='grc' dir='ltr'>τουτωνὶ</span> <span class='ocrx_word' id='word_1_208' title='bbox 533 2116 600 2150; x_wconf 84' lang='grc' dir='ltr'>πρὸς</span> <span class='ocrx_word' id='word_1_209' title='bbox 616 2116 702 2150; x_wconf 82' lang='grc' dir='ltr'>νότον,</span> <span class='ocrx_word' id='word_1_210' title='bbox 712 2118 742 2144; x_wconf 86' lang='grc' dir='ltr'>οὐ</span> <span class='ocrx_word' id='word_1_211' title='bbox 757 2119 839 2153; x_wconf 87' lang='grc' dir='ltr'>μόνον</span> 
     </span>
    </p>
   </div>
   <div class='ocr_carea' id='block_1_33' title="bbox 56 2154 838 2198">
    <p class='ocr_par' dir='ltr' id='par_1_33' title="bbox 56 2154 838 2198">
     <span class='ocr_line' id='line_1_33' title="bbox 56 2154 838 2198; baseline 0.014 -18"><span class='ocrx_word' id='word_1_212' title='bbox 56 2155 87 2180; x_wconf 69' lang='grc' dir='ltr'>τὶ</span> <span class='ocrx_word' id='word_1_213' title='bbox 110 2154 197 2182; x_wconf 82' lang='grc' dir='ltr'>πλείω</span> <span class='ocrx_word' id='word_1_214' title='bbox 221 2156 274 2182; x_wconf 87' lang='grc' dir='ltr'>τῶν</span> <span class='ocrx_word' id='word_1_215' title='bbox 293 2157 434 2193; x_wconf 73' lang='grc' dir='ltr'>ἐγχωρίων</span> <span class='ocrx_word' id='word_1_216' title='bbox 457 2160 531 2194; x_wconf 80' lang='grc' dir='ltr'>ὴοῶν</span> <span class='ocrx_word' id='word_1_217' title='bbox 557 2162 671 2188; x_wconf 73' lang='grc' dir='ltr'>ἐκείνων</span> <span class='ocrx_word' id='word_1_218' title='bbox 698 2163 765 2198; x_wconf 76' lang='grc' dir='ltr'><strong>ἔσῦη</strong></span> <span class='ocrx_word' id='word_1_219' title='bbox 791 2165 838 2191; x_wconf 75' lang='grc' dir='ltr'>καὶ</span> 
     </span>
    </p>
   </div>
   <div class='ocr_carea' id='block_1_34' title="bbox 56 2201 837 2238">
    <p class='ocr_par' dir='ltr' id='par_1_34' title="bbox 56 2201 837 2238">
     <span class='ocr_line' id='line_1_34' title="bbox 56 2201 837 2238; baseline 0.017 -12"><span class='ocrx_word' id='word_1_220' title='bbox 56 2201 204 2236; x_wconf 74' lang='grc' dir='ltr'>ἐτεθνήκει,</span> <span class='ocrx_word' id='word_1_221' title='bbox 227 2202 295 2230; x_wconf 71' lang='grc' dir='ltr'>ἀλλὰ</span> <span class='ocrx_word' id='word_1_222' title='bbox 320 2204 368 2230; x_wconf 77' lang='grc' dir='ltr'>καὶ</span> <span class='ocrx_word' id='word_1_223' title='bbox 390 2205 459 2232; x_wconf 73' lang='grc' dir='ltr'>αὐτὰ</span> <span class='ocrx_word' id='word_1_224' title='bbox 484 2206 538 2232; x_wconf 86' lang='grc' dir='ltr'>τῶν</span> <span class='ocrx_word' id='word_1_225' title='bbox 562 2208 648 2235; x_wconf 81' lang='grc' dir='ltr'>ἐθνῶν</span> <span class='ocrx_word' id='word_1_226' title='bbox 664 2210 777 2238; x_wconf 79' lang='grc' dir='ltr'>ἐκείνων</span> <span class='ocrx_word' id='word_1_227' title='bbox 802 2212 837 2238; x_wconf 78' lang='grc' dir='ltr'>τὰ</span> 
     </span>
    </p>
   </div>
   <div class='ocr_carea' id='block_1_35' title="bbox 55 2248 837 2292">
    <p class='ocr_par' dir='ltr' id='par_1_35' title="bbox 55 2248 837 2292">
     <span class='ocr_line' id='line_1_35' title="bbox 55 2248 837 2292; baseline 0.018 -20"><span class='ocrx_word' id='word_1_228' title='bbox 55 2248 152 2274; x_wconf 71' lang='grc' dir='ltr'>τοπικὰ</span> <span class='ocrx_word' id='word_1_229' title='bbox 180 2248 354 2284; x_wconf 83' lang='grc' dir='ltr'>διαστήματά</span> <span class='ocrx_word' id='word_1_230' title='bbox 376 2259 405 2277; x_wconf 84' lang='grc' dir='ltr'><strong>τε</strong></span> <span class='ocrx_word' id='word_1_231' title='bbox 433 2252 479 2279; x_wconf 82' lang='grc' dir='ltr'>καὶ</span> <span class='ocrx_word' id='word_1_232' title='bbox 506 2253 568 2288; x_wconf 80' lang='grc' dir='ltr'>ὅρια</span> <span class='ocrx_word' id='word_1_233' title='bbox 595 2259 761 2292; x_wconf 69' lang='grc' dir='ltr'>συγκέχυται</span> <span class='ocrx_word' id='word_1_234' title='bbox 790 2260 837 2286; x_wconf 76' lang='grc' dir='ltr'>καὶ</span> 
     </span>
    </p>
   </div>
   <div class='ocr_carea' id='block_1_36' title="bbox 58 2293 836 2341">
    <p class='ocr_par' dir='ltr' id='par_1_36' title="bbox 58 2293 836 2341">
     <span class='ocr_line' id='line_1_36' title="bbox 58 2293 836 2341; baseline 0.019 -23"><span class='ocrx_word' id='word_1_235' title='bbox 58 2293 229 2321; x_wconf 83' lang='grc' dir='ltr'>παντάπασίν</span> <span class='ocrx_word' id='word_1_236' title='bbox 254 2295 312 2322; x_wconf 73' lang='grc' dir='ltr'>ἐστι</span> <span class='ocrx_word' id='word_1_237' title='bbox 337 2296 575 2327; x_wconf 77' lang='grc' dir='ltr'>δυσείκαστανῦν.</span> <span class='ocrx_word' id='word_1_238' title='bbox 600 2302 728 2331; x_wconf 82' lang='grc' dir='ltr'>Γίνεσθαι</span> <span class='ocrx_word' id='word_1_239' title='bbox 744 2305 771 2331; x_wconf 80' lang='grc' dir='ltr'><strong>δέ</strong></span> <span class='ocrx_word' id='word_1_240' title='bbox 791 2314 836 2341; x_wconf 87' lang='grc' dir='ltr'>μοι</span> 
     </span>
    </p>
   </div>
   <div class='ocr_carea' id='block_1_37' title="bbox 58 2338 836 2385">
    <p class='ocr_par' dir='ltr' id='par_1_37' title="bbox 58 2338 836 2385">
     <span class='ocr_line' id='line_1_37' title="bbox 58 2338 836 2385; baseline 0.018 -22"><span class='ocrx_word' id='word_1_241' title='bbox 58 2338 170 2372; x_wconf 82' lang='grc' dir='ltr'>μάλιστα</span> <span class='ocrx_word' id='word_1_242' title='bbox 196 2339 256 2372; x_wconf 86' lang='grc' dir='ltr'>νῦν,</span> <span class='ocrx_word' id='word_1_243' title='bbox 280 2340 360 2376; x_wconf 68' lang='grc' dir='ltr'>εἴπερ</span> <span class='ocrx_word' id='word_1_244' title='bbox 385 2343 455 2376; x_wconf 82' lang='grc' dir='ltr'>ποτ’,</span> <span class='ocrx_word' id='word_1_245' title='bbox 472 2344 632 2381; x_wconf 78' lang='grc' dir='ltr'>ἀξύμφορον</span> <span class='ocrx_word' id='word_1_246' title='bbox 649 2348 768 2382; x_wconf 74' lang='grc' dir='ltr'>ἔφασκον</span> 
     </span>
    </p>
   </div>
   <div class='ocr_carea' id='block_1_38' title="bbox 55 2384 835 2429">
    <p class='ocr_par' dir='ltr' id='par_1_38' title="bbox 55 2384 835 2429">
     <span class='ocr_line' id='line_1_38' title="bbox 55 2384 835 2429; baseline 0.019 -20"><span class='ocrx_word' id='word_1_247' title='bbox 55 2384 138 2411; x_wconf 76' lang='grc' dir='ltr'>ἐκεῖσε</span> <span class='ocrx_word' id='word_1_248' title='bbox 150 2385 266 2420; x_wconf 76' lang='grc' dir='ltr'>πάροδον</span> <span class='ocrx_word' id='word_1_249' title='bbox 279 2387 323 2414; x_wconf 82' lang='grc' dir='ltr'><strong>διὰ</strong></span> <span class='ocrx_word' id='word_1_250' title='bbox 338 2390 385 2420; x_wconf 73' lang='grc' dir='ltr'><strong>τὰς</strong></span> <span class='ocrx_word' id='word_1_251' title='bbox 399 2389 461 2424; x_wconf 82' lang='grc' dir='ltr'>άρτι</span> <span class='ocrx_word' id='word_1_252' title='bbox 483 2396 685 2429; x_wconf 77' lang='grc' dir='ltr'>κατεσχηκυίας</span> <span class='ocrx_word' id='word_1_253' title='bbox 701 2397 747 2422; x_wconf 82' lang='grc' dir='ltr'><strong>καὶ</strong></span> <span class='ocrx_word' id='word_1_254' title='bbox 766 2384 835 2424; x_wconf 71' lang='lat' dir='ltr'><strong>2mi-</strong></span> 
     </span>
    </p>
   </div>
   <div class='ocr_carea' id='block_1_39' title="bbox 55 2429 756 2473">
    <p class='ocr_par' dir='ltr' id='par_1_39' title="bbox 55 2429 756 2473">
     <span class='ocr_line' id='line_1_39' title="bbox 55 2429 756 2473; baseline 0.02 -18"><span class='ocrx_word' id='word_1_255' title='bbox 55 2429 98 2462; x_wconf 69' lang='lat'><strong>01;</strong></span> <span class='ocrx_word' id='word_1_256' title='bbox 126 2431 224 2463; x_wconf 61' lang='grc' dir='ltr'>αὐτοὺς</span> <span class='ocrx_word' id='word_1_257' title='bbox 244 2433 309 2459; x_wconf 62' lang='grc' dir='ltr'>κατ’</span> <span class='ocrx_word' id='word_1_258' title='bbox 337 2435 459 2470; x_wconf 79' lang='grc' dir='ltr'>ἀλλήλων</span> <span class='ocrx_word' id='word_1_259' title='bbox 478 2437 568 2473; x_wconf 74' lang='grc' dir='ltr'>ἑριδάς</span> <span class='ocrx_word' id='word_1_260' title='bbox 597 2449 626 2466; x_wconf 85' lang='grc' dir='ltr'>τε</span> <span class='ocrx_word' id='word_1_261' title='bbox 652 2443 698 2468; x_wconf 78' lang='grc' dir='ltr'>καὶ</span> <span class='ocrx_word' id='word_1_262' title='bbox 725 2451 756 2469; x_wconf 81' lang='grc' dir='ltr'><strong>στ</strong></span> 
     </span>
    </p>
   </div>
   <div class='ocr_carea' id='block_1_40' title="bbox 54 2477 829 2524">
    <p class='ocr_par' dir='ltr' id='par_1_40' title="bbox 54 2477 829 2524">
     <span class='ocr_line' id='line_1_40' title="bbox 54 2477 829 2524; baseline 0.021 -23"><span class='ocrx_word' id='word_1_263' title='bbox 54 2477 114 2511; x_wconf 80' lang='grc' dir='ltr'>περὶ</span> <span class='ocrx_word' id='word_1_264' title='bbox 139 2478 292 2512; x_wconf 84' lang='grc' dir='ltr'>πρωτείων,</span> <span class='ocrx_word' id='word_1_265' title='bbox 311 2480 358 2506; x_wconf 85' lang='grc' dir='ltr'>τοῦ</span> <span class='ocrx_word' id='word_1_266' title='bbox 374 2482 450 2516; x_wconf 84' lang='grc' dir='ltr'>σφῶν</span> <span class='ocrx_word' id='word_1_267' title='bbox 475 2484 597 2520; x_wconf 78' lang='grc' dir='ltr'>ἀρχηγοῦ</span> <span class='ocrx_word' id='word_1_268' title='bbox 623 2488 670 2514; x_wconf 77' lang='grc' dir='ltr'><strong>καὶ</strong></span> <span class='ocrx_word' id='word_1_269' title='bbox 695 2489 829 2524; x_wconf 77' lang='grc' dir='ltr'>ἡγεμόνος</span> 
     </span>
    </p>
   </div>
   <div class='ocr_carea' id='block_1_41' title="bbox 54 2523 829 2569">
    <p class='ocr_par' dir='ltr' id='par_1_41' title="bbox 54 2523 829 2569">
     <span class='ocr_line' id='line_1_41' title="bbox 54 2523 829 2569; baseline 0.021 -22"><span class='ocrx_word' id='word_1_270' title='bbox 54 2523 102 2557; x_wconf 71' lang='grc' dir='ltr'>πρὸ</span> <span class='ocrx_word' id='word_1_271' title='bbox 117 2523 213 2558; x_wconf 81' lang='grc' dir='ltr'>μικροῦ</span> <span class='ocrx_word' id='word_1_272' title='bbox 235 2524 406 2560; x_wconf 77' lang='grc' dir='ltr'>τεθνηκότος.</span> <span class='ocrx_word' id='word_1_273' title='bbox 430 2529 513 2556; x_wconf 73' lang='grc' dir='ltr'>Ταῦτ’</span> <span class='ocrx_word' id='word_1_274' title='bbox 533 2531 579 2558; x_wconf 74' lang='grc' dir='ltr'>οὖν</span> <span class='ocrx_word' id='word_1_275' title='bbox 594 2532 677 2568; x_wconf 77' lang='grc' dir='ltr'>ἔγωγ’</span> <span class='ocrx_word' id='word_1_276' title='bbox 691 2523 829 2569; x_wconf 80' lang='grc' dir='ltr'>ἀκηκοὼς,</span> 
     </span>
    </p>
   </div>
   <div class='ocr_carea' id='block_1_42' title="bbox 57 2568 831 2616">
    <p class='ocr_par' dir='ltr' id='par_1_42' title="bbox 57 2568 831 2616">
     <span class='ocr_line' id='line_1_42' title="bbox 57 2568 831 2616; baseline 0.022 -23"><span class='ocrx_word' id='word_1_277' title='bbox 57 2569 98 2594; x_wconf 76' lang='grc' dir='ltr'><strong>καὶ</strong></span> <span class='ocrx_word' id='word_1_278' title='bbox 123 2568 180 2604; x_wconf 73' lang='grc' dir='ltr'>ἅμα</span> <span class='ocrx_word' id='word_1_279' title='bbox 207 2572 328 2606; x_wconf 82' lang='grc' dir='ltr'>συνορῶν</span> <span class='ocrx_word' id='word_1_280' title='bbox 351 2573 400 2608; x_wconf 84' lang='grc' dir='ltr'>τῆς</span> <span class='ocrx_word' id='word_1_281' title='bbox 415 2575 511 2609; x_wconf 71' lang='grc' dir='ltr'>ὁμοίας</span> <span class='ocrx_word' id='word_1_282' title='bbox 533 2579 692 2613; x_wconf 85' lang='grc' dir='ltr'>συγχύσεως</span> <span class='ocrx_word' id='word_1_283' title='bbox 705 2568 831 2616; x_wconf 16' lang='grc' dir='ltr'>τδγνεμό-</span> 
     </span>
    </p>
   </div>
   <div class='ocr_carea' id='block_1_43' title="bbox 59 2616 833 2660">
    <p class='ocr_par' dir='ltr' id='par_1_43' title="bbox 59 2616 833 2660">
     <span class='ocr_line' id='line_1_43' title="bbox 59 2616 833 2660; baseline 0.021 -21"><span class='ocrx_word' id='word_1_284' title='bbox 59 2622 132 2646; x_wconf 76' lang='grc' dir='ltr'>μενον</span> <span class='ocrx_word' id='word_1_285' title='bbox 145 2616 192 2641; x_wconf 80' lang='grc' dir='ltr'><strong>καὶ</strong></span> <span class='ocrx_word' id='word_1_286' title='bbox 207 2616 251 2642; x_wconf 70' lang='grc' dir='ltr'><strong>ἐπ’</strong></span> <span class='ocrx_word' id='word_1_287' title='bbox 267 2618 391 2653; x_wconf 75' lang='grc' dir='ltr'>’Ἄραϐας</span> <span class='ocrx_word' id='word_1_288' title='bbox 406 2616 531 2648; x_wconf 67' lang='grc' dir='ltr'>τουτουσὶ</span> <span class='ocrx_word' id='word_1_289' title='bbox 554 2626 726 2660; x_wconf 82' lang='grc' dir='ltr'>προχωροῦν,</span> <span class='ocrx_word' id='word_1_290' title='bbox 740 2629 833 2654; x_wconf 88' lang='grc' dir='ltr'>τελευ-</span> 
     </span>
    </p>
   </div>
   <div class='ocr_carea' id='block_1_44' title="bbox 58 2661 831 2706">
    <p class='ocr_par' dir='ltr' id='par_1_44' title="bbox 58 2661 831 2706">
     <span class='ocr_line' id='line_1_44' title="bbox 58 2661 831 2706; baseline 0.022 -21"><span class='ocrx_word' id='word_1_291' title='bbox 58 2661 178 2693; x_wconf 74' lang='grc' dir='ltr'>τήσαντος</span> <span class='ocrx_word' id='word_1_292' title='bbox 191 2664 290 2689; x_wconf 79' lang='grc' dir='ltr'>νεωστὶ</span> <span class='ocrx_word' id='word_1_293' title='bbox 305 2665 353 2690; x_wconf 83' lang='grc' dir='ltr'>καὶ</span> <span class='ocrx_word' id='word_1_294' title='bbox 368 2666 416 2692; x_wconf 85' lang='grc' dir='ltr'><strong>τοῦ</strong></span> <span class='ocrx_word' id='word_1_295' title='bbox 428 2667 582 2701; x_wconf 62' lang='grc' dir='ltr'>Ἀἰγυπτίου</span> <span class='ocrx_word' id='word_1_296' title='bbox 597 2671 697 2706; x_wconf 78' lang='grc' dir='ltr'>Φαραὼ</span> <span class='ocrx_word' id='word_1_297' title='bbox 715 2675 762 2700; x_wconf 78' lang='grc' dir='ltr'><strong>καὶ</strong></span> <span class='ocrx_word' id='word_1_298' title='bbox 776 2675 831 2701; x_wconf 79' lang='grc' dir='ltr'>τῶν</span> 
     </span>
    </p>
   </div>
   <div class='ocr_carea' id='block_1_45' title="bbox 57 2707 830 2754">
    <p class='ocr_par' dir='ltr' id='par_1_45' title="bbox 57 2707 830 2754">
     <span class='ocr_line' id='line_1_45' title="bbox 57 2707 830 2754; baseline 0.023 -24"><span class='ocrx_word' id='word_1_299' title='bbox 57 2707 128 2733; x_wconf 74' lang='grc' dir='ltr'>υἰέων</span> <span class='ocrx_word' id='word_1_300' title='bbox 149 2708 212 2742; x_wconf 75' lang='grc' dir='ltr'>περὶ</span> <span class='ocrx_word' id='word_1_301' title='bbox 231 2708 282 2744; x_wconf 82' lang='grc' dir='ltr'><strong>τῆς</strong></span> <span class='ocrx_word' id='word_1_302' title='bbox 303 2711 391 2747; x_wconf 82' lang='grc' dir='ltr'>ἀρχῆς</span> <span class='ocrx_word' id='word_1_303' title='bbox 413 2713 442 2739; x_wconf 78' lang='grc' dir='ltr'><strong>ὲν</strong></span> <span class='ocrx_word' id='word_1_304' title='bbox 472 2714 597 2750; x_wconf 77' lang='grc' dir='ltr'>ἀλλήλοις</span> <span class='ocrx_word' id='word_1_305' title='bbox 619 2719 830 2754; x_wconf 77' lang='grc' dir='ltr'>στασιαζόντων,</span> 
     </span>
    </p>
   </div>
   <div class='ocr_carea' id='block_1_46' title="bbox 58 2754 831 2798">
    <p class='ocr_par' dir='ltr' id='par_1_46' title="bbox 58 2754 831 2798">
     <span class='ocr_line' id='line_1_46' title="bbox 58 2754 831 2798; baseline 0.023 -21"><span class='ocrx_word' id='word_1_306' title='bbox 58 2754 97 2778; x_wconf 72' lang='grc' dir='ltr'>καὶ</span> <span class='ocrx_word' id='word_1_307' title='bbox 123 2756 304 2790; x_wconf 76' lang='grc' dir='ltr'>πεφυρμένων</span> <span class='ocrx_word' id='word_1_308' title='bbox 326 2761 452 2795; x_wconf 83' lang='grc' dir='ltr'>πανταχῆ</span> <span class='ocrx_word' id='word_1_309' title='bbox 469 2762 522 2788; x_wconf 85' lang='grc' dir='ltr'>τῶν</span> <span class='ocrx_word' id='word_1_310' title='bbox 547 2763 597 2798; x_wconf 86' lang='grc' dir='ltr'>τῆς</span> <span class='ocrx_word' id='word_1_311' title='bbox 617 2765 758 2798; x_wconf 71' lang='grc' dir='ltr'>Αἰγύπτου</span> <span class='ocrx_word' id='word_1_312' title='bbox 783 2769 831 2795; x_wconf 79' lang='grc' dir='ltr'>καὶ</span> 
     </span>
    </p>
   </div>
   <div class='ocr_carea' id='block_1_47' title="bbox 62 2798 830 2845">
    <p class='ocr_par' dir='ltr' id='par_1_47' title="bbox 62 2798 830 2845">
     <span class='ocr_line' id='line_1_47' title="bbox 62 2798 830 2845; baseline 0.022 -22"><span class='ocrx_word' id='word_1_313' title='bbox 62 2798 179 2834; x_wconf 78' lang='grc' dir='ltr'>’Δραὸἔας</span> <span class='ocrx_word' id='word_1_314' title='bbox 199 2804 380 2837; x_wconf 84' lang='grc' dir='ltr'>πραγμάτων,</span> <span class='ocrx_word' id='word_1_315' title='bbox 406 2806 523 2841; x_wconf 79' lang='grc' dir='ltr'>τάχιστα</span> <span class='ocrx_word' id='word_1_316' title='bbox 547 2809 700 2845; x_wconf 73' lang='grc' dir='ltr'>ἀνεχώρουν</span> <span class='ocrx_word' id='word_1_317' title='bbox 726 2813 830 2841; x_wconf 70' lang='grc' dir='ltr'>ἐκεῖθεν</span> 
     </span>
    </p>
   </div>
   <div class='ocr_carea' id='block_1_48' title="bbox 161 2848 520 2883">
    <p class='ocr_par' dir='ltr' id='par_1_48' title="bbox 161 2848 520 2883">
     <span class='ocr_line' id='line_1_48' title="bbox 161 2848 520 2883; baseline 0.008 -5"><span class='ocrx_word' id='word_1_318' title='bbox 161 2848 296 2880; x_wconf 76' lang='grc' dir='ltr'>ΡΑτῐυιιη</span> <span class='ocrx_word' id='word_1_319' title='bbox 313 2852 370 2881; x_wconf 77' lang='lat' dir='ltr'><strong>Gn.</strong></span> <span class='ocrx_word' id='word_1_320' title='bbox 387 2852 520 2883; x_wconf 80' lang='lat' dir='ltr'><strong>CXLIX.</strong></span> 
     </span>
    </p>
   </div>
   <div class='ocr_carea' id='block_1_49' title="bbox 895 1168 1673 1208">
    <p class='ocr_par' dir='ltr' id='par_1_49' title="bbox 895 1168 1673 1208">
     <span class='ocr_line' id='line_1_49' title="bbox 895 1168 1673 1208; baseline 0.014 -16"><span class='ocrx_word' id='word_1_321' title='bbox 895 1173 926 1193; x_wconf 76' lang='lat' dir='ltr'><strong>ex</strong></span> <span class='ocrx_word' id='word_1_322' title='bbox 941 1168 1042 1198; x_wconf 86' lang='lat' dir='ltr'><strong>causis,</strong></span> <span class='ocrx_word' id='word_1_323' title='bbox 1056 1168 1155 1202; x_wconf 88' lang='lat' dir='ltr'><strong>partim</strong></span> <span class='ocrx_word' id='word_1_324' title='bbox 1175 1174 1204 1197; x_wconf 90' lang='lat' dir='ltr'><strong>ut</strong></span> <span class='ocrx_word' id='word_1_325' title='bbox 1225 1178 1431 1205; x_wconf 86' lang='lat' dir='ltr'><strong>cognoscerem.</strong></span> <span class='ocrx_word' id='word_1_326' title='bbox 1445 1173 1478 1199; x_wconf 82' lang='lat' dir='ltr'><strong>ad</strong></span> <span class='ocrx_word' id='word_1_327' title='bbox 1494 1181 1575 1208; x_wconf 85' lang='lat' dir='ltr'><strong>quem</strong></span> <span class='ocrx_word' id='word_1_328' title='bbox 1591 1175 1673 1203; x_wconf 76' lang='lat' dir='ltr'><strong>finem</strong></span> 
     </span>
    </p>
   </div>
   <div class='ocr_carea' id='block_1_50' title="bbox 896 1212 1675 1252">
    <p class='ocr_par' dir='ltr' id='par_1_50' title="bbox 896 1212 1675 1252">
     <span class='ocr_line' id='line_1_50' title="bbox 896 1212 1675 1252; baseline 0.014 -15"><span class='ocrx_word' id='word_1_329' title='bbox 896 1216 975 1238; x_wconf 63' lang='lat' dir='ltr'><strong>terra:</strong></span> <span class='ocrx_word' id='word_1_330' title='bbox 987 1212 1061 1240; x_wconf 88' lang='lat' dir='ltr'><strong>illius</strong></span> <span class='ocrx_word' id='word_1_331' title='bbox 1076 1215 1237 1249; x_wconf 60' lang='lat' dir='ltr'><strong>peregrina},</strong></span> <span class='ocrx_word' id='word_1_332' title='bbox 1252 1219 1280 1242; x_wconf 80' lang='lat' dir='ltr'><strong>et</strong></span> <span class='ocrx_word' id='word_1_333' title='bbox 1295 1224 1344 1250; x_wconf 87' lang='lat' dir='ltr'><strong>per</strong></span> <span class='ocrx_word' id='word_1_334' title='bbox 1355 1225 1423 1251; x_wconf 82' lang='lat' dir='ltr'><strong>quas</strong></span> <span class='ocrx_word' id='word_1_335' title='bbox 1433 1223 1526 1252; x_wconf 57' lang='lat' dir='ltr'><strong>gentes</strong></span> <span class='ocrx_word' id='word_1_336' title='bbox 1539 1220 1675 1248; x_wconf 85' lang='lat' dir='ltr'><strong>Christia-</strong></span> 
     </span>
    </p>
   </div>
   <div class='ocr_carea' id='block_1_51' title="bbox 894 1258 1675 1300">
    <p class='ocr_par' dir='ltr' id='par_1_51' title="bbox 894 1258 1675 1300">
     <span class='ocr_line' id='line_1_51' title="bbox 894 1258 1675 1300; baseline 0.013 -17"><span class='ocrx_word' id='word_1_337' title='bbox 894 1264 994 1285; x_wconf 89' lang='lat' dir='ltr'><strong>norum</strong></span> <span class='ocrx_word' id='word_1_338' title='bbox 1011 1258 1103 1286; x_wconf 89' lang='lat' dir='ltr'><strong>adhuc</strong></span> <span class='ocrx_word' id='word_1_339' title='bbox 1117 1268 1201 1295; x_wconf 84' lang='lat' dir='ltr'><strong>genus</strong></span> <span class='ocrx_word' id='word_1_340' title='bbox 1215 1261 1320 1288; x_wconf 88' lang='lat' dir='ltr'><strong>salvum</strong></span> <span class='ocrx_word' id='word_1_341' title='bbox 1334 1264 1540 1296; x_wconf 80' lang='lat' dir='ltr'><strong>extenderetnr,</strong></span> <span class='ocrx_word' id='word_1_342' title='bbox 1562 1270 1590 1292; x_wconf 90' lang='lat' dir='ltr'><strong>et</strong></span> <span class='ocrx_word' id='word_1_343' title='bbox 1605 1274 1675 1300; x_wconf 89' lang='lat' dir='ltr'><strong>quo—</strong></span> 
     </span>
    </p>
   </div>
   <div class='ocr_carea' id='block_1_52' title="bbox 894 1303 1675 1344">
    <p class='ocr_par' dir='ltr' id='par_1_52' title="bbox 894 1303 1675 1344">
     <span class='ocr_line' id='line_1_52' title="bbox 894 1303 1675 1344; baseline 0.014 -15"><span class='ocrx_word' id='word_1_344' title='bbox 894 1303 976 1330; x_wconf 91' lang='lat' dir='ltr'><strong>modo</strong></span> <span class='ocrx_word' id='word_1_345' title='bbox 988 1303 1061 1331; x_wconf 86' lang='lat' dir='ltr'><strong>inter</strong></span> <span class='ocrx_word' id='word_1_346' title='bbox 1074 1305 1178 1333; x_wconf 86' lang='lat' dir='ltr'><strong>medios</strong></span> <span class='ocrx_word' id='word_1_347' title='bbox 1191 1306 1361 1342; x_wconf 80' lang='lat' dir='ltr'><strong>irreligiosos</strong></span> <span class='ocrx_word' id='word_1_348' title='bbox 1375 1308 1500 1337; x_wconf 80' lang='lat' dir='ltr'><strong>homines</strong></span> <span class='ocrx_word' id='word_1_349' title='bbox 1512 1312 1599 1344; x_wconf 86' lang='lat' dir='ltr'><strong>patria</strong></span> <span class='ocrx_word' id='word_1_350' title='bbox 1612 1313 1675 1340; x_wconf 72' lang='lat' dir='ltr'><strong>ﬁdei</strong></span> 
     </span>
    </p>
   </div>
   <div class='ocr_carea' id='block_1_53' title="bbox 893 1348 1676 1392">
    <p class='ocr_par' dir='ltr' id='par_1_53' title="bbox 893 1348 1676 1392">
     <span class='ocr_line' id='line_1_53' title="bbox 893 1348 1676 1392; baseline 0.011 -17"><span class='ocrx_word' id='word_1_351' title='bbox 893 1348 1020 1382; x_wconf 84' lang='lat' dir='ltr'><strong>dogmata</strong></span> <span class='ocrx_word' id='word_1_352' title='bbox 1036 1350 1204 1385; x_wconf 86' lang='lat' dir='ltr'><strong>simpliciore</strong></span> <span class='ocrx_word' id='word_1_353' title='bbox 1219 1360 1266 1380; x_wconf 84' lang='lat' dir='ltr'><strong>sua</strong></span> <span class='ocrx_word' id='word_1_354' title='bbox 1281 1358 1309 1381; x_wconf 90' lang='lat' dir='ltr'><strong>ct</strong></span> <span class='ocrx_word' id='word_1_355' title='bbox 1325 1354 1433 1381; x_wconf 84' lang='lat' dir='ltr'><strong>veriore</strong></span> <span class='ocrx_word' id='word_1_356' title='bbox 1449 1356 1555 1383; x_wconf 88' lang='lat' dir='ltr'><strong>ratione</strong></span> <span class='ocrx_word' id='word_1_357' title='bbox 1573 1358 1676 1392; x_wconf 87' lang='lat' dir='ltr'><strong>ample-</strong></span> 
     </span>
    </p>
   </div>
   <div class='ocr_carea' id='block_1_54' title="bbox 893 1397 1674 1432">
    <p class='ocr_par' dir='ltr' id='par_1_54' title="bbox 893 1397 1674 1432">
     <span class='ocr_line' id='line_1_54' title="bbox 893 1397 1674 1432; baseline 0.014 -11"><span class='ocrx_word' id='word_1_358' title='bbox 893 1399 1025 1427; x_wconf 84' lang='lat' dir='ltr'><strong>cteretur,</strong></span> <span class='ocrx_word' id='word_1_359' title='bbox 1045 1397 1144 1430; x_wconf 83' lang='lat' dir='ltr'><strong>partim</strong></span> <span class='ocrx_word' id='word_1_360' title='bbox 1170 1404 1199 1424; x_wconf 93' lang='lat' dir='ltr'><strong>ut</strong></span> <span class='ocrx_word' id='word_1_361' title='bbox 1222 1399 1356 1430; x_wconf 84' lang='lat' dir='ltr'><strong>viderem,</strong></span> <span class='ocrx_word' id='word_1_362' title='bbox 1384 1409 1448 1428; x_wconf 91' lang='lat' dir='ltr'><strong>num</strong></span> <span class='ocrx_word' id='word_1_363' title='bbox 1477 1402 1548 1429; x_wconf 81' lang='lat' dir='ltr'><strong>forte</strong></span> <span class='ocrx_word' id='word_1_364' title='bbox 1573 1405 1674 1432; x_wconf 84' lang='lat' dir='ltr'><strong>alicubi</strong></span> 
     </span>
    </p>
   </div>
   <div class='ocr_carea' id='block_1_55' title="bbox 889 1440 1676 1484">
    <p class='ocr_par' dir='ltr' id='par_1_55' title="bbox 889 1440 1676 1484">
     <span class='ocr_line' id='line_1_55' title="bbox 889 1440 1676 1484; baseline 0.015 -18"><span class='ocrx_word' id='word_1_365' title='bbox 889 1440 964 1477; x_wconf 73' lang='lat' dir='ltr'><strong>apud</strong></span> <span class='ocrx_word' id='word_1_366' title='bbox 979 1440 1121 1469; x_wconf 72' lang='lat' dir='ltr'><strong>Chaldzeos</strong></span> <span class='ocrx_word' id='word_1_367' title='bbox 1136 1447 1163 1470; x_wconf 91' lang='lat' dir='ltr'><strong>et</strong></span> <span class='ocrx_word' id='word_1_368' title='bbox 1181 1443 1278 1471; x_wconf 83' lang='lat' dir='ltr'><strong>Persas</strong></span> <span class='ocrx_word' id='word_1_369' title='bbox 1299 1445 1419 1480; x_wconf 61' lang='lat' dir='ltr'><strong>antiquae</strong></span> <span class='ocrx_word' id='word_1_370' title='bbox 1437 1447 1511 1475; x_wconf 91' lang='lat' dir='ltr'><strong>illius</strong></span> <span class='ocrx_word' id='word_1_371' title='bbox 1530 1450 1676 1484; x_wconf 78' lang='lat' dir='ltr'><strong>sapientiae</strong></span> 
     </span>
    </p>
   </div>
   <div class='ocr_carea' id='block_1_56' title="bbox 892 1487 1676 1525">
    <p class='ocr_par' dir='ltr' id='par_1_56' title="bbox 892 1487 1676 1525">
     <span class='ocr_line' id='line_1_56' title="bbox 892 1487 1676 1525; baseline 0.014 -13"><span class='ocrx_word' id='word_1_372' title='bbox 892 1491 1034 1513; x_wconf 78' lang='lat' dir='ltr'><strong>exstarent</strong></span> <span class='ocrx_word' id='word_1_373' title='bbox 1059 1487 1192 1523; x_wconf 60' lang='lat' dir='ltr'><strong>reliquias,</strong></span> <span class='ocrx_word' id='word_1_374' title='bbox 1210 1489 1244 1516; x_wconf 86' lang='lat' dir='ltr'><strong>ab</strong></span> <span class='ocrx_word' id='word_1_375' title='bbox 1269 1489 1446 1525; x_wconf 80' lang='lat' dir='ltr'><strong>llierapolitis</strong></span> <span class='ocrx_word' id='word_1_376' title='bbox 1473 1493 1676 1524; x_wconf 76' lang='lat' dir='ltr'><strong>honestissimis</strong></span> 
     </span>
    </p>
   </div>
   <div class='ocr_carea' id='block_1_57' title="bbox 893 1531 1675 1576">
    <p class='ocr_par' dir='ltr' id='par_1_57' title="bbox 893 1531 1675 1576">
     <span class='ocr_line' id='line_1_57' title="bbox 893 1531 1675 1576; baseline 0.015 -19"><span class='ocrx_word' id='word_1_377' title='bbox 893 1531 1072 1565; x_wconf 84' lang='lat' dir='ltr'><strong>impediehar,</strong></span> <span class='ocrx_word' id='word_1_378' title='bbox 1085 1533 1117 1561; x_wconf 86' lang='lat' dir='ltr'><strong>ad</strong></span> <span class='ocrx_word' id='word_1_379' title='bbox 1133 1542 1202 1569; x_wconf 88' lang='lat' dir='ltr'><strong>quos</strong></span> <span class='ocrx_word' id='word_1_380' title='bbox 1218 1543 1304 1570; x_wconf 85' lang='lat' dir='ltr'><strong>usque</strong></span> <span class='ocrx_word' id='word_1_381' title='bbox 1320 1544 1370 1572; x_wconf 82' lang='lat' dir='ltr'><strong>ego</strong></span> <span class='ocrx_word' id='word_1_382' title='bbox 1384 1545 1573 1572; x_wconf 77' lang='lat' dir='ltr'><strong>processeram</strong></span> <span class='ocrx_word' id='word_1_383' title='bbox 1588 1549 1675 1576; x_wconf 85' lang='lat' dir='ltr'><strong>quan-</strong></span> 
     </span>
    </p>
   </div>
   <div class='ocr_carea' id='block_1_58' title="bbox 892 1579 1672 1622">
    <p class='ocr_par' dir='ltr' id='par_1_58' title="bbox 892 1579 1672 1622">
     <span class='ocr_line' id='line_1_58' title="bbox 892 1579 1672 1622; baseline 0.015 -19"><span class='ocrx_word' id='word_1_384' title='bbox 892 1585 973 1611; x_wconf 84' lang='lat' dir='ltr'><strong>quam</strong></span> <span class='ocrx_word' id='word_1_385' title='bbox 986 1579 1060 1606; x_wconf 91' lang='lat' dir='ltr'><strong>mille</strong></span> <span class='ocrx_word' id='word_1_386' title='bbox 1075 1579 1132 1607; x_wconf 80' lang='lat' dir='ltr'><strong>fere</strong></span> <span class='ocrx_word' id='word_1_387' title='bbox 1146 1581 1273 1610; x_wconf 86' lang='lat' dir='ltr'><strong>ducentis</strong></span> <span class='ocrx_word' id='word_1_388' title='bbox 1288 1584 1385 1611; x_wconf 86' lang='lat' dir='ltr'><strong>stadiis</strong></span> <span class='ocrx_word' id='word_1_389' title='bbox 1399 1592 1414 1612; x_wconf 90' lang='lat' dir='ltr'><strong>a</strong></span> <span class='ocrx_word' id='word_1_390' title='bbox 1427 1586 1495 1613; x_wconf 86' lang='lat' dir='ltr'><strong>mari</strong></span> <span class='ocrx_word' id='word_1_391' title='bbox 1510 1586 1672 1622; x_wconf 65' lang='lat' dir='ltr'><strong>disjunctos.</strong></span> 
     </span>
    </p>
   </div>
   <div class='ocr_carea' id='block_1_59' title="bbox 892 1625 1671 1665">
    <p class='ocr_par' dir='ltr' id='par_1_59' title="bbox 892 1625 1671 1665">
     <span class='ocr_line' id='line_1_59' title="bbox 892 1625 1671 1665; baseline 0.015 -14"><span class='ocrx_word' id='word_1_392' title='bbox 892 1625 923 1651; x_wconf 86' lang='lat' dir='ltr'><strong>lli</strong></span> <span class='ocrx_word' id='word_1_393' title='bbox 942 1625 1015 1652; x_wconf 88' lang='lat' dir='ltr'><strong>enim</strong></span> <span class='ocrx_word' id='word_1_394' title='bbox 1040 1626 1114 1654; x_wconf 86' lang='lat' dir='ltr'><strong>locos</strong></span> <span class='ocrx_word' id='word_1_395' title='bbox 1138 1628 1221 1655; x_wconf 84' lang='lat' dir='ltr'><strong>etiam</strong></span> <span class='ocrx_word' id='word_1_396' title='bbox 1239 1629 1444 1665; x_wconf 75' lang='lat' dir='ltr'><strong>longinquiores</strong></span> <span class='ocrx_word' id='word_1_397' title='bbox 1461 1633 1495 1660; x_wconf 90' lang='lat' dir='ltr'><strong>ob</strong></span> <span class='ocrx_word' id='word_1_398' title='bbox 1521 1633 1671 1663; x_wconf 82' lang='lat' dir='ltr'><strong>incolarum</strong></span> 
     </span>
    </p>
   </div>
   <div class='ocr_carea' id='block_1_60' title="bbox 892 1671 1674 1716">
    <p class='ocr_par' dir='ltr' id='par_1_60' title="bbox 892 1671 1674 1716">
     <span class='ocr_line' id='line_1_60' title="bbox 892 1671 1674 1716; baseline 0.018 -20"><span class='ocrx_word' id='word_1_399' title='bbox 892 1671 1060 1705; x_wconf 85' lang='lat' dir='ltr'><strong>peregrinam</strong></span> <span class='ocrx_word' id='word_1_400' title='bbox 1095 1673 1215 1708; x_wconf 82' lang='lat' dir='ltr'><strong>linguam</strong></span> <span class='ocrx_word' id='word_1_401' title='bbox 1246 1683 1300 1703; x_wconf 90' lang='lat' dir='ltr'><strong>non</strong></span> <span class='ocrx_word' id='word_1_402' title='bbox 1326 1678 1468 1706; x_wconf 85' lang='lat' dir='ltr'><strong>connnode</strong></span> <span class='ocrx_word' id='word_1_403' title='bbox 1494 1680 1564 1708; x_wconf 88' lang='lat' dir='ltr'><strong>adiri</strong></span> <span class='ocrx_word' id='word_1_404' title='bbox 1593 1690 1674 1716; x_wconf 81' lang='lat' dir='ltr'><strong>posse</strong></span> 
     </span>
    </p>
   </div>
   <div class='ocr_carea' id='block_1_61' title="bbox 891 1716 1674 1761">
    <p class='ocr_par' dir='ltr' id='par_1_61' title="bbox 891 1716 1674 1761">
     <span class='ocr_line' id='line_1_61' title="bbox 891 1716 1674 1761; baseline 0.018 -18"><span class='ocrx_word' id='word_1_405' title='bbox 891 1716 1075 1751; x_wconf 80' lang='lat' dir='ltr'><strong>alIirmabant;</strong></span> <span class='ocrx_word' id='word_1_406' title='bbox 1092 1720 1158 1753; x_wconf 94' lang='lat' dir='ltr'><strong>quin</strong></span> <span class='ocrx_word' id='word_1_407' title='bbox 1174 1721 1255 1748; x_wconf 85' lang='lat' dir='ltr'><strong>etiam</strong></span> <span class='ocrx_word' id='word_1_408' title='bbox 1273 1721 1294 1750; x_wconf 90' lang='lat' dir='ltr'><strong>si</strong></span> <span class='ocrx_word' id='word_1_409' title='bbox 1307 1723 1384 1751; x_wconf 79' lang='lat' dir='ltr'><strong>facile</strong></span> <span class='ocrx_word' id='word_1_410' title='bbox 1400 1724 1469 1752; x_wconf 89' lang='lat' dir='ltr'><strong>adiri</strong></span> <span class='ocrx_word' id='word_1_411' title='bbox 1488 1733 1612 1761; x_wconf 64' lang='lat' dir='ltr'><strong>possent,</strong></span> <span class='ocrx_word' id='word_1_412' title='bbox 1633 1734 1674 1756; x_wconf 88' lang='lat' dir='ltr'><strong>at-</strong></span> 
     </span>
    </p>
   </div>
   <div class='ocr_carea' id='block_1_62' title="bbox 855 1765 1673 1812">
    <p class='ocr_par' dir='ltr' id='par_1_62' title="bbox 855 1765 1673 1812">
     <span class='ocr_line' id='line_1_62' title="bbox 855 1765 1673 1812; baseline 0.02 -26"><span class='ocrx_word' id='word_1_413' title='bbox 855 1782 878 1812; x_wconf 75' lang='grc' dir='ltr'><strong><em>Β</em></strong></span> <span class='ocrx_word' id='word_1_414' title='bbox 894 1765 983 1789; x_wconf 87' lang='lat' dir='ltr'><strong>tamen</strong></span> <span class='ocrx_word' id='word_1_415' title='bbox 1000 1771 1173 1799; x_wconf 87' lang='lat' dir='ltr'><strong>nequaquam</strong></span> <span class='ocrx_word' id='word_1_416' title='bbox 1193 1767 1264 1801; x_wconf 91' lang='lat' dir='ltr'><strong>apud</strong></span> <span class='ocrx_word' id='word_1_417' title='bbox 1280 1767 1423 1797; x_wconf 80' lang='lat' dir='ltr'><strong>Chalde</strong></span> <span class='ocrx_word' id='word_1_418' title='bbox 1439 1776 1466 1798; x_wconf 89' lang='lat' dir='ltr'><strong>et</strong></span> <span class='ocrx_word' id='word_1_419' title='bbox 1481 1772 1579 1801; x_wconf 77' lang='lat' dir='ltr'><strong>Persas</strong></span> <span class='ocrx_word' id='word_1_420' title='bbox 1599 1774 1673 1802; x_wconf 86' lang='lat' dir='ltr'><strong>illius</strong></span> 
     </span>
    </p>
   </div>
   <div class='ocr_carea' id='block_1_63' title="bbox 890 1807 1672 1853">
    <p class='ocr_par' dir='ltr' id='par_1_63' title="bbox 890 1807 1672 1853">
     <span class='ocr_line' id='line_1_63' title="bbox 890 1807 1672 1853; baseline 0.018 -20"><span class='ocrx_word' id='word_1_421' title='bbox 890 1807 1030 1841; x_wconf 69' lang='lat' dir='ltr'><strong>sapientia:</strong></span> <span class='ocrx_word' id='word_1_422' title='bbox 1049 1810 1163 1845; x_wconf 85' lang='lat' dir='ltr'><strong>vestigia</strong></span> <span class='ocrx_word' id='word_1_423' title='bbox 1189 1817 1271 1847; x_wconf 87' lang='lat' dir='ltr'><strong>atque</strong></span> <span class='ocrx_word' id='word_1_424' title='bbox 1300 1813 1404 1842; x_wconf 85' lang='lat' dir='ltr'><strong>indicia</strong></span> <span class='ocrx_word' id='word_1_425' title='bbox 1427 1824 1584 1852; x_wconf 85' lang='lat' dir='ltr'><strong>superesse.</strong></span> <span class='ocrx_word' id='word_1_426' title='bbox 1611 1820 1672 1853; x_wconf 84' lang='lat' dir='ltr'><strong>Quo</strong></span> 
     </span>
    </p>
   </div>
   <div class='ocr_carea' id='block_1_64' title="bbox 889 1851 1672 1901">
    <p class='ocr_par' dir='ltr' id='par_1_64' title="bbox 889 1851 1672 1901">
     <span class='ocr_line' id='line_1_64' title="bbox 889 1851 1672 1901; baseline 0.019 -23"><span class='ocrx_word' id='word_1_427' title='bbox 889 1851 962 1879; x_wconf 93' lang='lat' dir='ltr'><strong>enim</strong></span> <span class='ocrx_word' id='word_1_428' title='bbox 988 1860 1022 1880; x_wconf 73' lang='lat' dir='ltr'><strong>ex</strong></span> <span class='ocrx_word' id='word_1_429' title='bbox 1049 1858 1170 1890; x_wconf 88' lang='lat' dir='ltr'><strong>tempore</strong></span> <span class='ocrx_word' id='word_1_430' title='bbox 1196 1865 1262 1891; x_wconf 86' lang='lat' dir='ltr'><strong>gens</strong></span> <span class='ocrx_word' id='word_1_431' title='bbox 1285 1858 1411 1894; x_wconf 87' lang='lat' dir='ltr'><strong>Scythica</strong></span> <span class='ocrx_word' id='word_1_432' title='bbox 1431 1851 1469 1889; x_wconf 14' lang='lat' dir='ltr'><strong>exi</strong></span> <span class='ocrx_word' id='word_1_433' title='bbox 1480 1863 1602 1892; x_wconf 85' lang='lat' dir='ltr'><strong>fontibus</strong></span> <span class='ocrx_word' id='word_1_434' title='bbox 1621 1851 1672 1901; x_wconf 61' lang='lat'><strong>19</strong></span> 
     </span>
    </p>
   </div>
   <div class='ocr_carea' id='block_1_65' title="bbox 889 1900 1672 1938">
    <p class='ocr_par' dir='ltr' id='par_1_65' title="bbox 889 1900 1672 1938">
     <span class='ocr_line' id='line_1_65' title="bbox 889 1900 1672 1938; baseline 0.018 -14"><span class='ocrx_word' id='word_1_435' title='bbox 889 1900 1150 1932; x_wconf 80' lang='lat' dir='ltr'><strong>septentrionalibus</strong></span> <span class='ocrx_word' id='word_1_436' title='bbox 1163 1902 1250 1932; x_wconf 81' lang='lat' dir='ltr'><strong>eﬂ‘usa</strong></span> <span class='ocrx_word' id='word_1_437' title='bbox 1266 1904 1397 1934; x_wconf 88' lang='lat' dir='ltr'><strong>ﬂuctuum</strong></span> <span class='ocrx_word' id='word_1_438' title='bbox 1417 1907 1505 1935; x_wconf 87' lang='lat' dir='ltr'><strong>instar</strong></span> <span class='ocrx_word' id='word_1_439' title='bbox 1523 1910 1605 1937; x_wconf 84' lang='lat' dir='ltr'><strong>maris</strong></span> <span class='ocrx_word' id='word_1_440' title='bbox 1621 1900 1672 1938; x_wconf 76' lang='lat' dir='ltr'><strong>ini-</strong></span> 
     </span>
    </p>
   </div>
   <div class='ocr_carea' id='block_1_66' title="bbox 889 1945 1672 1989">
    <p class='ocr_par' dir='ltr' id='par_1_66' title="bbox 889 1945 1672 1989">
     <span class='ocr_line' id='line_1_66' title="bbox 889 1945 1672 1989; baseline 0.019 -19"><span class='ocrx_word' id='word_1_441' title='bbox 889 1945 977 1972; x_wconf 83' lang='lat' dir='ltr'><strong>manis</strong></span> <span class='ocrx_word' id='word_1_442' title='bbox 993 1945 1102 1981; x_wconf 80' lang='lat' dir='ltr'><strong>lateque</strong></span> <span class='ocrx_word' id='word_1_443' title='bbox 1114 1949 1224 1982; x_wconf 80' lang='lat' dir='ltr'><strong>expansi</strong></span> <span class='ocrx_word' id='word_1_444' title='bbox 1239 1950 1265 1976; x_wconf 94' lang='lat' dir='ltr'><strong>in</strong></span> <span class='ocrx_word' id='word_1_445' title='bbox 1278 1950 1367 1978; x_wconf 85' lang='lat' dir='ltr'><strong>Asiam</strong></span> <span class='ocrx_word' id='word_1_446' title='bbox 1384 1953 1464 1981; x_wconf 82' lang='lat' dir='ltr'><strong>irruit</strong></span> <span class='ocrx_word' id='word_1_447' title='bbox 1477 1959 1559 1989; x_wconf 85' lang='lat' dir='ltr'><strong>atque</strong></span> <span class='ocrx_word' id='word_1_448' title='bbox 1574 1957 1672 1985; x_wconf 82' lang='lat' dir='ltr'><strong>Persas</strong></span> 
     </span>
    </p>
   </div>
   <div class='ocr_carea' id='block_1_67' title="bbox 889 1990 1671 2036">
    <p class='ocr_par' dir='ltr' id='par_1_67' title="bbox 889 1990 1671 2036">
     <span class='ocr_line' id='line_1_67' title="bbox 889 1990 1671 2036; baseline 0.017 -20"><span class='ocrx_word' id='word_1_449' title='bbox 889 1990 1037 2025; x_wconf 88' lang='lat' dir='ltr'><strong>Medosque</strong></span> <span class='ocrx_word' id='word_1_450' title='bbox 1051 1997 1079 2019; x_wconf 89' lang='lat' dir='ltr'><strong>et</strong></span> <span class='ocrx_word' id='word_1_451' title='bbox 1096 1997 1179 2020; x_wconf 84' lang='lat' dir='ltr'><strong>totam</strong></span> <span class='ocrx_word' id='word_1_452' title='bbox 1195 1994 1252 2022; x_wconf 81' lang='lat' dir='ltr'><strong>fere</strong></span> <span class='ocrx_word' id='word_1_453' title='bbox 1266 1996 1370 2024; x_wconf 80' lang='lat' dir='ltr'><strong>hancce</strong></span> <span class='ocrx_word' id='word_1_454' title='bbox 1381 1997 1472 2026; x_wconf 84' lang='lat' dir='ltr'><strong>Asiam</strong></span> <span class='ocrx_word' id='word_1_455' title='bbox 1483 2008 1536 2026; x_wconf 86' lang='lat' dir='ltr'><strong>una</strong></span> <span class='ocrx_word' id='word_1_456' title='bbox 1548 2009 1581 2028; x_wconf 78' lang='lat' dir='ltr'><strong>ex</strong></span> <span class='ocrx_word' id='word_1_457' title='bbox 1595 2009 1671 2036; x_wconf 81' lang='lat' dir='ltr'><strong>parte</strong></span> 
     </span>
    </p>
   </div>
   <div class='ocr_carea' id='block_1_68' title="bbox 890 2037 1670 2082">
    <p class='ocr_par' dir='ltr' id='par_1_68' title="bbox 890 2037 1670 2082">
     <span class='ocr_line' id='line_1_68' title="bbox 890 2037 1670 2082; baseline 0.015 -19"><span class='ocrx_word' id='word_1_458' title='bbox 890 2044 977 2071; x_wconf 88' lang='lat' dir='ltr'><strong>usque</strong></span> <span class='ocrx_word' id='word_1_459' title='bbox 993 2037 1027 2065; x_wconf 88' lang='lat' dir='ltr'><strong>ad</strong></span> <span class='ocrx_word' id='word_1_460' title='bbox 1044 2038 1126 2066; x_wconf 89' lang='lat' dir='ltr'><strong>Indos</strong></span> <span class='ocrx_word' id='word_1_461' title='bbox 1141 2040 1274 2068; x_wconf 82' lang='lat' dir='ltr'><strong>orientem</strong></span> <span class='ocrx_word' id='word_1_462' title='bbox 1286 2050 1391 2075; x_wconf 88' lang='lat' dir='ltr'><strong>versus,</strong></span> <span class='ocrx_word' id='word_1_463' title='bbox 1409 2048 1437 2071; x_wconf 89' lang='lat' dir='ltr'><strong>et</strong></span> <span class='ocrx_word' id='word_1_464' title='bbox 1446 2046 1531 2072; x_wconf 87' lang='lat' dir='ltr'><strong>altera</strong></span> <span class='ocrx_word' id='word_1_465' title='bbox 1547 2055 1580 2074; x_wconf 69' lang='lat' dir='ltr'><strong>ex</strong></span> <span class='ocrx_word' id='word_1_466' title='bbox 1594 2054 1670 2082; x_wconf 79' lang='lat' dir='ltr'><strong>parte</strong></span> 
     </span>
    </p>
   </div>
   <div class='ocr_carea' id='block_1_69' title="bbox 889 2084 1669 2121">
    <p class='ocr_par' dir='ltr' id='par_1_69' title="bbox 889 2084 1669 2121">
     <span class='ocr_line' id='line_1_69' title="bbox 889 2084 1669 2121; baseline 0.014 -11"><span class='ocrx_word' id='word_1_467' title='bbox 889 2091 975 2117; x_wconf 81' lang='lat' dir='ltr'><strong>usque</strong></span> <span class='ocrx_word' id='word_1_468' title='bbox 986 2085 1018 2111; x_wconf 85' lang='lat' dir='ltr'><strong>ad</strong></span> <span class='ocrx_word' id='word_1_469' title='bbox 1030 2084 1135 2112; x_wconf 78' lang='lat' dir='ltr'><strong>Arabes</strong></span> <span class='ocrx_word' id='word_1_470' title='bbox 1146 2086 1286 2114; x_wconf 84' lang='lat' dir='ltr'><strong>meridiem</strong></span> <span class='ocrx_word' id='word_1_471' title='bbox 1299 2095 1394 2116; x_wconf 87' lang='lat' dir='ltr'><strong>versus</strong></span> <span class='ocrx_word' id='word_1_472' title='bbox 1408 2090 1434 2116; x_wconf 93' lang='lat' dir='ltr'><strong>in</strong></span> <span class='ocrx_word' id='word_1_473' title='bbox 1448 2091 1579 2120; x_wconf 89' lang='lat' dir='ltr'><strong>ditionem</strong></span> <span class='ocrx_word' id='word_1_474' title='bbox 1593 2101 1669 2121; x_wconf 86' lang='lat' dir='ltr'><strong>suam</strong></span> 
     </span>
    </p>
   </div>
   <div class='ocr_carea' id='block_1_70' title="bbox 888 2128 1670 2170">
    <p class='ocr_par' dir='ltr' id='par_1_70' title="bbox 888 2128 1670 2170">
     <span class='ocr_line' id='line_1_70' title="bbox 888 2128 1670 2170; baseline 0.015 -16"><span class='ocrx_word' id='word_1_475' title='bbox 888 2128 1004 2163; x_wconf 77' lang='lat' dir='ltr'><strong>redegit.</strong></span> <span class='ocrx_word' id='word_1_476' title='bbox 1024 2137 1078 2156; x_wconf 91' lang='lat' dir='ltr'><strong>non</strong></span> <span class='ocrx_word' id='word_1_477' title='bbox 1094 2130 1182 2157; x_wconf 88' lang='lat' dir='ltr'><strong>solum</strong></span> <span class='ocrx_word' id='word_1_478' title='bbox 1197 2131 1341 2160; x_wconf 84' lang='lat' dir='ltr'><strong>domestici</strong></span> <span class='ocrx_word' id='word_1_479' title='bbox 1364 2133 1554 2170; x_wconf 84' lang='lat' dir='ltr'><strong>indigenarum</strong></span> <span class='ocrx_word' id='word_1_480' title='bbox 1580 2147 1670 2167; x_wconf 85' lang='lat' dir='ltr'><strong>mores</strong></span> 
     </span>
    </p>
   </div>
   <div class='ocr_carea' id='block_1_71' title="bbox 889 2177 1668 2223">
    <p class='ocr_par' dir='ltr' id='par_1_71' title="bbox 889 2177 1668 2223">
     <span class='ocr_line' id='line_1_71' title="bbox 889 2177 1668 2223; baseline 0.014 -21"><span class='ocrx_word' id='word_1_481' title='bbox 889 2177 1087 2210; x_wconf 84' lang='lat' dir='ltr'><strong>propemodum</strong></span> <span class='ocrx_word' id='word_1_482' title='bbox 1102 2178 1229 2206; x_wconf 83' lang='lat' dir='ltr'><strong>exstincti</strong></span> <span class='ocrx_word' id='word_1_483' title='bbox 1245 2184 1309 2207; x_wconf 88' lang='lat' dir='ltr'><strong>sunt</strong></span> <span class='ocrx_word' id='word_1_484' title='bbox 1322 2184 1403 2216; x_wconf 84' lang='lat' dir='ltr'><strong>atque</strong></span> <span class='ocrx_word' id='word_1_485' title='bbox 1421 2182 1608 2223; x_wconf 68' lang='lat' dir='ltr'><strong>intermortui,</strong></span> <span class='ocrx_word' id='word_1_486' title='bbox 1622 2187 1668 2214; x_wconf 87' lang='lat' dir='ltr'><strong>sed</strong></span> 
     </span>
    </p>
   </div>
   <div class='ocr_carea' id='block_1_72' title="bbox 888 2219 1670 2262">
    <p class='ocr_par' dir='ltr' id='par_1_72' title="bbox 888 2219 1670 2262">
     <span class='ocr_line' id='line_1_72' title="bbox 888 2219 1670 2262; baseline 0.015 -16"><span class='ocrx_word' id='word_1_487' title='bbox 888 2219 972 2247; x_wconf 88' lang='lat' dir='ltr'><strong>etiam</strong></span> <span class='ocrx_word' id='word_1_488' title='bbox 1001 2221 1059 2256; x_wconf 86' lang='lat' dir='ltr'><strong>ipsa</strong></span> <span class='ocrx_word' id='word_1_489' title='bbox 1083 2223 1203 2257; x_wconf 85' lang='lat' dir='ltr'><strong>gentium</strong></span> <span class='ocrx_word' id='word_1_490' title='bbox 1233 2224 1376 2254; x_wconf 84' lang='lat' dir='ltr'><strong>intervalla</strong></span> <span class='ocrx_word' id='word_1_491' title='bbox 1408 2227 1530 2262; x_wconf 83' lang='lat' dir='ltr'><strong>ﬁnesque</strong></span> <span class='ocrx_word' id='word_1_492' title='bbox 1556 2219 1670 2258; x_wconf 73' lang='lat' dir='ltr'><strong>confusa</strong></span> 
     </span>
    </p>
   </div>
   <div class='ocr_carea' id='block_1_73' title="bbox 888 2270 1668 2306">
    <p class='ocr_par' dir='ltr' id='par_1_73' title="bbox 888 2270 1668 2306">
     <span class='ocr_line' id='line_1_73' title="bbox 888 2270 1668 2306; baseline 0.015 -14"><span class='ocrx_word' id='word_1_493' title='bbox 888 2270 953 2294; x_wconf 88' lang='lat' dir='ltr'><strong>sunt</strong></span> <span class='ocrx_word' id='word_1_494' title='bbox 968 2271 1050 2301; x_wconf 85' lang='lat' dir='ltr'><strong>atque</strong></span> <span class='ocrx_word' id='word_1_495' title='bbox 1068 2276 1142 2296; x_wconf 91' lang='lat' dir='ltr'><strong>nunc</strong></span> <span class='ocrx_word' id='word_1_496' title='bbox 1168 2277 1280 2303; x_wconf 86' lang='lat' dir='ltr'><strong>prorsus</strong></span> <span class='ocrx_word' id='word_1_497' title='bbox 1305 2274 1416 2306; x_wconf 82' lang='lat' dir='ltr'><strong>cognitu</strong></span> <span class='ocrx_word' id='word_1_498' title='bbox 1446 2274 1576 2302; x_wconf 73' lang='lat' dir='ltr'><strong>difficilia.</strong></span> <span class='ocrx_word' id='word_1_499' title='bbox 1599 2276 1668 2304; x_wconf 90' lang='lat' dir='ltr'><strong>Tum</strong></span> 
     </span>
    </p>
   </div>
   <div class='ocr_carea' id='block_1_74' title="bbox 887 2316 1670 2350">
    <p class='ocr_par' dir='ltr' id='par_1_74' title="bbox 887 2316 1670 2350">
     <span class='ocr_line' id='line_1_74' title="bbox 887 2316 1670 2350; baseline 0.015 -12"><span class='ocrx_word' id='word_1_500' title='bbox 887 2317 978 2339; x_wconf 83' lang='lat' dir='ltr'><strong>autem</strong></span> <span class='ocrx_word' id='word_1_501' title='bbox 993 2321 1074 2348; x_wconf 89' lang='lat' dir='ltr'><strong>quam</strong></span> <span class='ocrx_word' id='word_1_502' title='bbox 1091 2316 1206 2342; x_wconf 80' lang='lat' dir='ltr'><strong>maxime</strong></span> <span class='ocrx_word' id='word_1_503' title='bbox 1221 2316 1272 2343; x_wconf 89' lang='lat' dir='ltr'><strong>iter</strong></span> <span class='ocrx_word' id='word_1_504' title='bbox 1287 2317 1314 2344; x_wconf 92' lang='lat' dir='ltr'><strong>in</strong></span> <span class='ocrx_word' id='word_1_505' title='bbox 1332 2317 1397 2345; x_wconf 85' lang='lat' dir='ltr'><strong>istas</strong></span> <span class='ocrx_word' id='word_1_506' title='bbox 1413 2324 1502 2348; x_wconf 90' lang='lat' dir='ltr'><strong>terras</strong></span> <span class='ocrx_word' id='word_1_507' title='bbox 1519 2320 1670 2350; x_wconf 85' lang='lat' dir='ltr'><strong>incommo-</strong></span> 
     </span>
    </p>
   </div>
   <div class='ocr_carea' id='block_1_75' title="bbox 887 2357 1670 2395">
    <p class='ocr_par' dir='ltr' id='par_1_75' title="bbox 887 2357 1670 2395">
     <span class='ocr_line' id='line_1_75' title="bbox 887 2357 1670 2395; baseline 0.014 -11"><span class='ocrx_word' id='word_1_508' title='bbox 887 2357 952 2384; x_wconf 88' lang='lat' dir='ltr'><strong>dum</strong></span> <span class='ocrx_word' id='word_1_509' title='bbox 979 2359 1046 2386; x_wconf 87' lang='lat' dir='ltr'><strong>mihi</strong></span> <span class='ocrx_word' id='word_1_510' title='bbox 1066 2360 1124 2387; x_wconf 82' lang='lat' dir='ltr'><strong>fore</strong></span> <span class='ocrx_word' id='word_1_511' title='bbox 1148 2361 1275 2389; x_wconf 74' lang='lat' dir='ltr'><strong>dieebant</strong></span> <span class='ocrx_word' id='word_1_512' title='bbox 1297 2363 1332 2391; x_wconf 91' lang='lat' dir='ltr'><strong>ob</strong></span> <span class='ocrx_word' id='word_1_513' title='bbox 1349 2365 1541 2394; x_wconf 80' lang='lat' dir='ltr'><strong>contentiones</strong></span> <span class='ocrx_word' id='word_1_514' title='bbox 1562 2367 1670 2395; x_wconf 53' lang='lat' dir='ltr'><strong>discor.</strong></span> 
     </span>
    </p>
   </div>
   <div class='ocr_carea' id='block_1_76' title="bbox 888 2403 1669 2446">
    <p class='ocr_par' dir='ltr' id='par_1_76' title="bbox 888 2403 1669 2446">
     <span class='ocr_line' id='line_1_76' title="bbox 888 2403 1669 2446; baseline 0.013 -16"><span class='ocrx_word' id='word_1_515' title='bbox 888 2403 1002 2439; x_wconf 84' lang='lat' dir='ltr'><strong>diasque</strong></span> <span class='ocrx_word' id='word_1_516' title='bbox 1024 2405 1057 2432; x_wconf 90' lang='lat' dir='ltr'><strong>de</strong></span> <span class='ocrx_word' id='word_1_517' title='bbox 1073 2406 1229 2441; x_wconf 86' lang='lat' dir='ltr'><strong>principatu</strong></span> <span class='ocrx_word' id='word_1_518' title='bbox 1246 2409 1317 2435; x_wconf 86' lang='lat' dir='ltr'><strong>inter</strong></span> <span class='ocrx_word' id='word_1_519' title='bbox 1334 2409 1407 2444; x_wconf 86' lang='lat' dir='ltr'><strong>ipsos</strong></span> <span class='ocrx_word' id='word_1_520' title='bbox 1430 2410 1544 2446; x_wconf 79' lang='lat' dir='ltr'><strong>Scythas</strong></span> <span class='ocrx_word' id='word_1_521' title='bbox 1558 2416 1669 2440; x_wconf 84' lang='lat' dir='ltr'><strong>cxortas</strong></span> 
     </span>
    </p>
   </div>
   <div class='ocr_carea' id='block_1_77' title="bbox 759 2443 1667 2490">
    <p class='ocr_par' dir='ltr' id='par_1_77' title="bbox 759 2443 1667 2490">
     <span class='ocr_line' id='line_1_77' title="bbox 759 2443 1667 2490; baseline 0.012 -16"><span class='ocrx_word' id='word_1_522' title='bbox 759 2443 869 2483; x_wconf 76' lang='grc' dir='ltr'>άσειςα</span> <span class='ocrx_word' id='word_1_523' title='bbox 887 2449 1010 2485; x_wconf 86' lang='lat' dir='ltr'><strong>principe</strong></span> <span class='ocrx_word' id='word_1_524' title='bbox 1036 2459 1130 2479; x_wconf 88' lang='lat' dir='ltr'><strong>eorum</strong></span> <span class='ocrx_word' id='word_1_525' title='bbox 1156 2458 1237 2488; x_wconf 82' lang='lat' dir='ltr'><strong>atque</strong></span> <span class='ocrx_word' id='word_1_526' title='bbox 1260 2455 1329 2482; x_wconf 87' lang='lat' dir='ltr'><strong>duce</strong></span> <span class='ocrx_word' id='word_1_527' title='bbox 1345 2443 1434 2490; x_wconf 79' lang='lat' dir='ltr'><strong>paulo</strong></span> <span class='ocrx_word' id='word_1_528' title='bbox 1459 2461 1521 2484; x_wconf 83' lang='lat' dir='ltr'><strong>ante</strong></span> <span class='ocrx_word' id='word_1_529' title='bbox 1547 2463 1667 2485; x_wconf 91' lang='lat' dir='ltr'><strong>mortuo.</strong></span> 
     </span>
    </p>
   </div>
   <div class='ocr_carea' id='block_1_78' title="bbox 884 2496 1667 2535">
    <p class='ocr_par' dir='ltr' id='par_1_78' title="bbox 884 2496 1667 2535">
     <span class='ocr_line' id='line_1_78' title="bbox 884 2496 1667 2535; baseline 0.011 -14"><span class='ocrx_word' id='word_1_530' title='bbox 884 2496 961 2528; x_wconf 83' lang='lat' dir='ltr'><strong>Quod</strong></span> <span class='ocrx_word' id='word_1_531' title='bbox 978 2504 1040 2524; x_wconf 89' lang='lat' dir='ltr'><strong>cum</strong></span> <span class='ocrx_word' id='word_1_532' title='bbox 1070 2505 1121 2532; x_wconf 89' lang='lat' dir='ltr'><strong>ego</strong></span> <span class='ocrx_word' id='word_1_533' title='bbox 1137 2499 1275 2527; x_wconf 85' lang='lat' dir='ltr'><strong>audissem</strong></span> <span class='ocrx_word' id='word_1_534' title='bbox 1294 2501 1450 2535; x_wconf 88' lang='lat' dir='ltr'><strong>similesque</strong></span> <span class='ocrx_word' id='word_1_535' title='bbox 1469 2503 1564 2530; x_wconf 88' lang='lat' dir='ltr'><strong>turhas</strong></span> <span class='ocrx_word' id='word_1_536' title='bbox 1585 2504 1667 2530; x_wconf 85' lang='lat' dir='ltr'><strong>etiam</strong></span> 
     </span>
    </p>
   </div>
   <div class='ocr_carea' id='block_1_79' title="bbox 884 2542 1667 2582">
    <p class='ocr_par' dir='ltr' id='par_1_79' title="bbox 884 2542 1667 2582">
     <span class='ocr_line' id='line_1_79' title="bbox 884 2542 1667 2582; baseline 0.011 -14"><span class='ocrx_word' id='word_1_537' title='bbox 884 2542 911 2568; x_wconf 92' lang='lat' dir='ltr'><strong>in</strong></span> <span class='ocrx_word' id='word_1_538' title='bbox 928 2542 1032 2570; x_wconf 78' lang='lat' dir='ltr'><strong>Arabes</strong></span> <span class='ocrx_word' id='word_1_539' title='bbox 1048 2545 1166 2578; x_wconf 83' lang='lat' dir='ltr'><strong>grassari</strong></span> <span class='ocrx_word' id='word_1_540' title='bbox 1186 2544 1320 2579; x_wconf 84' lang='lat' dir='ltr'><strong>viderem,</strong></span> <span class='ocrx_word' id='word_1_541' title='bbox 1344 2555 1406 2573; x_wconf 85' lang='lat' dir='ltr'><strong>cum</strong></span> <span class='ocrx_word' id='word_1_542' title='bbox 1433 2556 1521 2582; x_wconf 86' lang='lat' dir='ltr'><strong>nuper</strong></span> <span class='ocrx_word' id='word_1_543' title='bbox 1556 2555 1667 2577; x_wconf 83' lang='lat' dir='ltr'><strong>mortuo</strong></span> 
     </span>
    </p>
   </div>
   <div class='ocr_carea' id='block_1_80' title="bbox 886 2588 1667 2627">
    <p class='ocr_par' dir='ltr' id='par_1_80' title="bbox 886 2588 1667 2627">
     <span class='ocr_line' id='line_1_80' title="bbox 886 2588 1667 2627; baseline 0.012 -13"><span class='ocrx_word' id='word_1_544' title='bbox 886 2588 1028 2617; x_wconf 81' lang='lat' dir='ltr'><strong>Pharaone</strong></span> <span class='ocrx_word' id='word_1_545' title='bbox 1043 2590 1171 2626; x_wconf 60' lang='lat' dir='ltr'><strong>IEgyptio</strong></span> <span class='ocrx_word' id='word_1_546' title='bbox 1186 2592 1232 2619; x_wconf 82' lang='lat' dir='ltr'><strong>lilii</strong></span> <span class='ocrx_word' id='word_1_547' title='bbox 1247 2593 1306 2626; x_wconf 89' lang='lat' dir='ltr'><strong>ejus</strong></span> <span class='ocrx_word' id='word_1_548' title='bbox 1322 2594 1355 2621; x_wconf 90' lang='lat' dir='ltr'><strong>de</strong></span> <span class='ocrx_word' id='word_1_549' title='bbox 1371 2602 1455 2627; x_wconf 73' lang='lat' dir='ltr'><strong>regno</strong></span> <span class='ocrx_word' id='word_1_550' title='bbox 1469 2595 1541 2622; x_wconf 85' lang='lat' dir='ltr'><strong>inter</strong></span> <span class='ocrx_word' id='word_1_551' title='bbox 1560 2603 1588 2622; x_wconf 89' lang='lat' dir='ltr'><strong>se</strong></span> <span class='ocrx_word' id='word_1_552' title='bbox 1611 2597 1667 2624; x_wconf 88' lang='lat' dir='ltr'><strong>dis-</strong></span> 
     </span>
    </p>
   </div>
   <div class='ocr_carea' id='block_1_81' title="bbox 884 2633 1666 2675">
    <p class='ocr_par' dir='ltr' id='par_1_81' title="bbox 884 2633 1666 2675">
     <span class='ocr_line' id='line_1_81' title="bbox 884 2633 1666 2675; baseline 0.013 -16"><span class='ocrx_word' id='word_1_553' title='bbox 884 2633 1007 2661; x_wconf 78' lang='lat' dir='ltr'><strong>siderent</strong></span> <span class='ocrx_word' id='word_1_554' title='bbox 1031 2640 1058 2662; x_wconf 75' lang='lat' dir='ltr'><strong>et</strong></span> <span class='ocrx_word' id='word_1_555' title='bbox 1081 2636 1270 2672; x_wconf 63' lang='lat' dir='ltr'><strong>Egyptiorunt</strong></span> <span class='ocrx_word' id='word_1_556' title='bbox 1297 2639 1473 2674; x_wconf 81' lang='lat' dir='ltr'><strong>Arabumque</strong></span> <span class='ocrx_word' id='word_1_557' title='bbox 1497 2648 1541 2668; x_wconf 86' lang='lat' dir='ltr'><strong>res</strong></span> <span class='ocrx_word' id='word_1_558' title='bbox 1565 2641 1666 2675; x_wconf 85' lang='lat' dir='ltr'><strong>ubique</strong></span> 
     </span>
    </p>
   </div>
   <div class='ocr_carea' id='block_1_82' title="bbox 885 2679 1666 2719">
    <p class='ocr_par' dir='ltr' id='par_1_82' title="bbox 885 2679 1666 2719">
     <span class='ocr_line' id='line_1_82' title="bbox 885 2679 1666 2719; baseline 0.012 -14"><span class='ocrx_word' id='word_1_559' title='bbox 885 2679 1044 2713; x_wconf 89' lang='lat' dir='ltr'><strong>miscerent,</strong></span> <span class='ocrx_word' id='word_1_560' title='bbox 1061 2682 1206 2710; x_wconf 84' lang='lat' dir='ltr'><strong>celerrime</strong></span> <span class='ocrx_word' id='word_1_561' title='bbox 1230 2684 1293 2711; x_wconf 89' lang='lat' dir='ltr'><strong>inde</strong></span> <span class='ocrx_word' id='word_1_562' title='bbox 1319 2685 1461 2719; x_wconf 83' lang='lat' dir='ltr'><strong>profectus</strong></span> <span class='ocrx_word' id='word_1_563' title='bbox 1489 2686 1514 2713; x_wconf 95' lang='lat' dir='ltr'><strong>in</strong></span> <span class='ocrx_word' id='word_1_564' title='bbox 1542 2680 1666 2714; x_wconf 86' lang='lat' dir='ltr'><strong>Ciliciam</strong></span> 
     </span>
    </p>
   </div>
   <div class='ocr_carea' id='block_1_83' title="bbox 884 2727 1665 2766">
    <p class='ocr_par' dir='ltr' id='par_1_83' title="bbox 884 2727 1665 2766">
     <span class='ocr_line' id='line_1_83' title="bbox 884 2727 1665 2766; baseline 0.012 -15"><span class='ocrx_word' id='word_1_565' title='bbox 884 2727 997 2759; x_wconf 85' lang='lat' dir='ltr'><strong>recessi,</strong></span> <span class='ocrx_word' id='word_1_566' title='bbox 1016 2727 1162 2754; x_wconf 78' lang='lat' dir='ltr'><strong>maximam</strong></span> <span class='ocrx_word' id='word_1_567' title='bbox 1187 2733 1268 2764; x_wconf 87' lang='lat' dir='ltr'><strong>atque</strong></span> <span class='ocrx_word' id='word_1_568' title='bbox 1293 2731 1529 2765; x_wconf 83' lang='lat' dir='ltr'><strong>opulentissimam</strong></span> <span class='ocrx_word' id='word_1_569' title='bbox 1551 2736 1665 2766; x_wconf 85' lang='lat' dir='ltr'><strong>terram,</strong></span> 
     </span>
    </p>
   </div>
   <div class='ocr_carea' id='block_1_84' title="bbox 883 2771 1666 2809">
    <p class='ocr_par' dir='ltr' id='par_1_84' title="bbox 883 2771 1666 2809">
     <span class='ocr_line' id='line_1_84' title="bbox 883 2771 1666 2809; baseline 0.013 -12"><span class='ocrx_word' id='word_1_570' title='bbox 883 2771 937 2798; x_wconf 71' lang='lat' dir='ltr'><strong>situ</strong></span> <span class='ocrx_word' id='word_1_571' title='bbox 966 2776 1048 2807; x_wconf 87' lang='lat' dir='ltr'><strong>atque</strong></span> <span class='ocrx_word' id='word_1_572' title='bbox 1077 2776 1174 2800; x_wconf 87' lang='lat' dir='ltr'><strong>natura</strong></span> <span class='ocrx_word' id='word_1_573' title='bbox 1205 2776 1375 2809; x_wconf 76' lang='lat' dir='ltr'><strong>praeclaram,</strong></span> <span class='ocrx_word' id='word_1_574' title='bbox 1414 2778 1458 2804; x_wconf 88' lang='lat' dir='ltr'><strong>ubi</strong></span> <span class='ocrx_word' id='word_1_575' title='bbox 1494 2786 1555 2805; x_wconf 88' lang='lat' dir='ltr'><strong>eum</strong></span> <span class='ocrx_word' id='word_1_576' title='bbox 1598 2779 1666 2808; x_wconf 84' lang='lat' dir='ltr'><strong>alias</strong></span> 
     </span>
    </p>
   </div>
   <div class='ocr_carea' id='block_1_85' title="bbox 884 2817 1664 2860">
    <p class='ocr_par' dir='ltr' id='par_1_85' title="bbox 884 2817 1664 2860">
     <span class='ocr_line' id='line_1_85' title="bbox 884 2817 1664 2860; baseline 0.015 -18"><span class='ocrx_word' id='word_1_577' title='bbox 884 2817 983 2844; x_wconf 76' lang='lat' dir='ltr'><strong>multas</strong></span> <span class='ocrx_word' id='word_1_578' title='bbox 997 2818 1141 2852; x_wconf 67' lang='lat' dir='ltr'><strong>praeclaras</strong></span> <span class='ocrx_word' id='word_1_579' title='bbox 1157 2820 1239 2848; x_wconf 85' lang='lat' dir='ltr'><strong>urbes</strong></span> <span class='ocrx_word' id='word_1_580' title='bbox 1255 2822 1329 2849; x_wconf 86' lang='lat' dir='ltr'><strong>inter</strong></span> <span class='ocrx_word' id='word_1_581' title='bbox 1344 2830 1427 2858; x_wconf 83' lang='lat' dir='ltr'><strong>seque</strong></span> <span class='ocrx_word' id='word_1_582' title='bbox 1441 2824 1546 2852; x_wconf 79' lang='lat' dir='ltr'><strong>vicinas</strong></span> <span class='ocrx_word' id='word_1_583' title='bbox 1560 2825 1664 2860; x_wconf 81' lang='lat' dir='ltr'><strong>inveni,</strong></span> 
     </span>
    </p>
   </div>
   <div class='ocr_carea' id='block_1_86' title="bbox 1479 2872 1493 2900">
    <p class='ocr_par' dir='ltr' id='par_1_86' title="bbox 1479 2872 1493 2900">
     <span class='ocr_line' id='line_1_86' title="bbox 1479 2872 1493 2900; baseline 0 0"><span class='ocrx_word' id='word_1_584' title='bbox 1479 2872 1493 2900; x_wconf 82' lang='lat'><strong>1</strong></span> 
     </span>
    </p>
   </div>
   <div class='ocr_carea' id='block_1_87' title="bbox 870 3007 1035 3048">
    <p class='ocr_par' dir='ltr' id='par_1_87' title="bbox 870 3007 1035 3048">
     <span class='ocr_line' id='line_1_87' title="bbox 870 3007 1035 3048; baseline 0 0"><span class='ocrx_word' id='word_1_585' title='bbox 870 3007 1035 3048; x_wconf 58' lang='lat' dir='ltr'><strong>tam</strong></span> 
     </span>
    </p>
   </div>
  </div>
