1900 3063
221 153 251 186 ll
593 181 600 186 .
818 151 1025 186 NICEPHORI
1045 155 1234 187 GREGORJE
1446 172 1448 175 -
1800 154 1832 186 i2

217 213 276 235 tum
293 208 407 236 Tarsum
423 215 478 243 pne
493 207 599 236 caeteris
613 207 760 243 egregiam,
780 207 826 234 ubi
841 208 924 235 etiam
941 208 993 235 An-

1050 209 1138 236 όπίσω
1157 209 1247 236 ἀπιὼν
1264 209 1293 241 ἐς
1309 208 1447 243 Κιλικίαν,
1459 209 1560 242 θέσεως
1583 210 1698 245 ἔχουσαν
1713 208 1830 244 εὐφυῶς,

219 255 328 282 tioehiae
348 255 501 289 patriarcha
518 255 679 289 plerumque
696 253 789 281 sedem
806 261 883 281 suam
903 253 993 281 habet.

1051 254 1181 289 πλείστην
1193 263 1223 280 τε
1244 254 1302 289 ἅμα
1314 256 1361 282 καὶ
1380 255 1440 282 λίαν
1456 255 1540 282 οὖσαν
1558 255 1706 290 εὐδαίμονα
1729 254 1833 289 χώραν.

219 300 287 327 lluie
301 300 374 327 enim
391 300 451 327 urbi
472 308 535 328 cum
550 300 610 327 alia:
635 299 809 328 ammnitates
823 304 906 335 atque
922 307 993 327 com-

1051 299 1114 325 ἔνθα
1135 299 1167 334 δὴ
1184 300 1230 325 καὶ
1254 299 1365 331 πολλαῖς
1392 299 1519 334 ἐνέτυχον
1536 300 1582 326 καὶ
1602 299 1697 331 ἀλλαις
1720 299 1833 334 πλησιο-

219 345 297 372 moda
313 350 472 380 suppetunt,
492 350 547 373 tum
570 345 680 381 Cydnus
698 345 798 372 ﬂumen
816 345 924 380 placide
938 353 993 372 eam

1050 344 1150 380 χώροις
1173 345 1304 380 ἀλλήλαις
1329 345 1440 372 πόλεσιν
1463 345 1591 380 ἀγαθαῖς,
1619 346 1653 380 τῇ
1681 344 1783 380 Ταρσῷ
1807 344 1835 370 δέ

217 391 272 425 20
283 391 479 426 praeterﬂuens,
491 391 517 418 in
529 399 584 426 quo
599 391 711 419 lluntine
720 391 874 418 Alexander
885 391 993 426 Magnus

1052 391 1170 426 μάλιστα
1195 391 1301 424 πασῶν,
1320 388 1338 429 ᾖ
1363 392 1411 419 καὶ
1430 392 1587 427 πατριάρχῃ
1605 392 1644 426 τῷ
1667 390 1836 425 Ἀντιοχείας

218 438 277 463 solo
291 437 349 472 ejus
361 442 473 472 aspectu
489 437 640 472 cupiditate
664 437 794 464 incen5us
815 444 876 464 sese
891 437 993 464 levasse

1049 437 1233 465 ἐνδιαιτᾶσθαι
1251 438 1285 464 τά
1297 438 1383 464 πολλὰ
1397 438 1577 473 περιγίνεται.
1596 437 1637 463 Τά
1654 445 1682 463 τε
1698 435 1753 470 γὰρ
1767 435 1836 461 ἄλλα

217 482 330 508 dicitur.
1050 483 1191 518 περίεστιν
1220 484 1290 519 αὑτῇ
1315 483 1434 516 τάγαθὰ,
1457 484 1505 510 καὶ
1536 482 1638 514 Κύδνος
1670 482 1684 508 ό
1712 479 1837 514 ποταμὸς

216 528 305 562 ἡσυχῆ
322 529 505 563 παραρρέων,
521 528 550 555 ἐν
576 525 600 562 ᾧ
624 527 671 555 καὶ
696 527 870 563 Ἀλέξανδρόν
898 535 980 562 φασιν
999 527 1101 556 ἐκεῖνον
1129 529 1174 556 τὸν
1202 530 1299 564 μέγαν,
1323 531 1363 562 είς
1395 529 1544 563 ἐπιθυμίαν
1561 531 1593 556 ἐκ
1607 528 1691 564 μόνης
1705 527 1755 563 τῆς
1770 525 1837 557 θέας

217 574 375 608 ἐληλυθότα,
392 575 550 602 λούσασθαι.

251 619 282 646 ll.
295 620 362 647 Cum
371 628 435 647 vero
445 620 489 648 ille
499 620 655 655 hujusmodi
664 620 741 655 plura
751 620 855 648 referre
864 621 931 648 ntibi
943 621 993 648 vel-

1086 618 1123 646 B’.
1143 619 1262 646 Ὲκεῖνον
1276 618 1298 645 δ’
1321 620 1361 646 ἐτι
1379 619 1425 645 καὶ
1451 619 1535 645 πλείω
1560 618 1672 645 τοιαῦτα
1698 618 1836 651 συνείρειν

216 665 263 696 let,
275 665 404 699 equidem
417 673 480 692 cunt
495 665 675 700 proltibebam
690 670 716 693 el
731 665 900 693 narrationis
913 665 993 700 hujus

1049 664 1212 700 βουλόμενον
1230 665 1317 698 ἔγωγε
1339 664 1471 698 ἐπισχὼν,
1486 665 1533 690 καὶ
1554 664 1584 690 τὸ
1607 665 1658 698 τῆς
1680 663 1835 699 διηγήσεως

216 711 426 737 continuatione
442 711 526 738 incisa
543 712 576 738 ab
592 719 625 738 eo
640 712 784 746 petebant,
798 716 828 739 ut
844 712 877 740 ad
893 719 993 740 sermo-

1047 710 1138 745 τεμὼν
1151 710 1274 745 συνεχὲς,
1290 709 1436 737 ἀναλαϐεῖν
1453 710 1500 737 τὸν
1514 709 1593 743 λόγον
1610 710 1736 736 ἐκέλευον
1751 707 1832 740 αὖθις

215 765 278 784 nem
292 764 420 784 reversus
433 757 614 792 responderet
628 758 695 784 mihi
710 758 890 793 interroganti
903 758 937 785 de
950 765 998 792 pa-

216 801 346 827 triarchis
360 805 388 827 et
405 801 544 835 episcopis
555 821 562 834 ,
577 801 625 836 qui
641 801 702 828 illas
717 801 876 836 provincias
889 801 993 828 ratione

1049 800 1113 835 πέρι
1137 800 1185 827 καὶ
1205 800 1373 832 ἐπισκόπων,
1389 798 1446 826 ὅσοι
1467 799 1569 826 διέπειν
1591 800 1638 826 καὶ
1657 798 1768 825 διοικεῖν
1782 800 1834 830 τὰς

1876 168 1879 176 ι

1876 183 1880 194 ι

1872 231 1880 246 ι

1051 757 1101 783 καὶ
1127 755 1299 790 ἀνερωτῶντί
1323 763 1368 790 μοι
1393 754 1589 790 ἀποκρίνεσθαι
1609 755 1787 789 πατριαρχῶν
1802 763 1834 781 τε
1879 783 1882 797 ί

215 846 351 873 sanctiore
370 846 542 880 gubernandi
563 853 646 881 atque
666 847 878 874 administrandi
895 854 993 874 munus

1050 847 1184 882 ἐπαρχίας
1210 846 1318 877 ἐκείνας
1347 845 1395 872 τὸν
1425 845 1569 881 ἱερώτερον
1596 844 1692 880 ἔλαχον
1716 845 1832 880 τρόπον.
1879 875 1882 879 λ

215 891 305 918 sortiti
325 896 428 919 essent.
450 891 557 919 Homini
578 897 669 919 autem
685 893 765 920 valde
781 892 949 919 oblivionem
967 892 993 919 in

1047 893 1102 919 Καὶ
1116 892 1281 928 ἐμεμφόμην
1295 891 1423 922 ἐπιεικῶς
1435 891 1484 925 τῆς
1499 891 1585 925 λήθης
1609 891 1654 917 τὸν
1678 891 1773 926 ἄνδρα,
1789 892 1831 918 ὅτι
1880 923 1882 927 ι

1047 939 1101 966 τῶν
1115 939 1153 974 μὴ
1169 939 1239 966 πάνυ
1252 947 1278 964 τι
1292 937 1451 971 ἀναγκαίων
1466 936 1553 971 ἔμοιγ’
1570 936 1680 963 ἀκούειν
1696 937 1726 962 ἐν
1743 945 1830 970 φρον.

1046 984 1098 1010 τίδι
1123 983 1307 1018 ποιησάμενος
1328 983 1361 1017 τῇ
1386 981 1502 1018 μεγίστῃ
1518 981 1655 1014 διεξιέναι,
1669 978 1706 1008 ὧν
1721 981 1788 1016 ἡμῖν
1801 981 1831 1012 ἐς

1046 1030 1080 1056 τὰ
1096 1029 1207 1064 μάλισθ’
1231 1029 1337 1064 ὑπῆρχε
1359 1027 1508 1062 μανθάνειν
1531 1028 1649 1062 ἀνάγκη,
1671 1029 1718 1055 καὶ
1732 1024 1770 1054 ὧν
1784 1029 1830 1054 εὗ·-

1046 1075 1153 1106 σεσείας
1179 1074 1260 1101 ἕνεκα
1281 1074 1401 1108 ἑσπέρας
1422 1074 1468 1099 καὶ
1500 1073 1573 1107 πρωῒ
1589 1073 1636 1100 καὶ
1652 1073 1830 1108 μεσημϐρίας

1045 1114 1155 1147 ἀκούειν
1174 1119 1250 1155 ηδιον
1272 1119 1360 1151 ἔδοξεν
1380 1118 1413 1145 ἀν
1437 1128 1482 1154 μοι
1505 1118 1522 1154 ἢ
1544 1119 1662 1154 Κροίσου
1679 1118 1727 1145 τοῦ
1742 1119 1835 1146 Λυδοῦ-

1045 1166 1153 1202 χρυσῶν
1171 1174 1215 1200 μοι
1230 1166 1352 1201 χοίνικας
1375 1165 1574 1200 παρεχομένου,
1592 1165 1696 1192 τούτοιν
1712 1166 1735 1192 δ’
1749 1165 1829 1197 αὐτὸς

1044 1212 1093 1247 τὴν
1121 1212 1232 1247 μνήμην
1258 1211 1343 1246 λήθης
1368 1212 1486 1246 μακροῖς
1518 1211 1654 1246 πυθμέσιν
1681 1211 1827 1247 ἐκάλυψεν,

1044 1257 1139 1292 ὥσπερ
1154 1257 1187 1284 ἂν
1201 1257 1226 1283 εί
1247 1257 1284 1292 μὴ
1300 1257 1382 1288 αὐτὸς
1395 1254 1429 1291 ἦν
1441 1257 1455 1282 ό
1472 1257 1603 1292 προοίμια
1618 1256 1673 1284 τῶν
1691 1257 1830 1292 σφετέρων

1045 1302 1195 1337 πεπραχὼς
1216 1301 1369 1338 διηγήσεων
1392 1301 1427 1327 τὰ
1452 1301 1501 1336 τῆς
1516 1300 1682 1336 Ἐκκλησῖας
1698 1301 1828 1334 ναυάγια,

1044 1348 1084 1375 ὃτι
1099 1348 1152 1374 τῶν
1167 1347 1288 1381 πατρίων
1301 1347 1424 1382 νομίμων
1443 1347 1493 1382 τῆς
1507 1347 1647 1379 εἶισεδείας
1663 1347 1828 1383 ἐπίπροσθεν

1043 1394 1078 1421 τὰ
1103 1393 1150 1420 τοῦ
1180 1393 1299 1428 Παλαμᾶ
1327 1391 1410 1419 καινά
1435 1400 1464 1419 τε
1485 1393 1532 1419 καὶ
1551 1392 1583 1428 [Γ.
1597 1393 1632 1420 99
1652 1392 1679 1428 b]
1705 1391 1826 1427 ἔκθεσμα

1044 1439 1244 1474 παρεισρέοντα
1281 1437 1430 1472 πεφώρακε
1469 1437 1611 1473 δόγματα,
1644 1439 1692 1465 καὶ
1724 1438 1826 1474 ταύτην

1044 1484 1172 1515 ἐπιεικῶς
1197 1483 1289 1510 αἰτίαν
1314 1483 1459 1518 τιθέμενος
1483 1483 1534 1518 τῆς
1558 1492 1588 1511 τε
1611 1485 1666 1511 τῶν
1682 1485 1828 1512 πολιτικῶν

1045 1532 1090 1558 ἐπὶ
1105 1530 1135 1557 τὸ
1154 1530 1245 1565 χεῖρον
1269 1530 1444 1564 πραγμάτων
1457 1530 1617 1566 ἀνατροπῆς
1632 1531 1679 1558 καὶ
1705 1532 1762 1565 ἅμα
1776 1533 1827 1567 τῆς

1045 1577 1169 1604 ἐντεῦθεν
1197 1576 1326 1602 ἀκουσίου
1354 1576 1443 1612 φυγῆς
1472 1577 1582 1605 ἑαυτοῦ.
1609 1578 1662 1604 Καὶ
1687 1578 1747 1604 τίνα
1771 1579 1827 1614 γὰρ

1044 1623 1128 1658 ἀλλην
1147 1623 1231 1658 ἐχρῆν
1253 1631 1283 1649 σε
1302 1624 1467 1656 συναγαγεῖν
1493 1623 1625 1657 ἱστορίαν,
1644 1623 1766 1657 βέλτιστε
1783 1625 1828 1659 φί-

1044 1669 1108 1701 λων,
1117 1669 1246 1703 ῑφασχον,
1266 1668 1452 1702 Ἀγαθάγγελε
1466 1677 1473 1700 ;
1489 1668 1555 1694 Τίνα
1571 1668 1595 1694 δ’
1611 1668 1695 1703 ἄλλην
1709 1669 1827 1704 κρείττω

1045 1715 1091 1740 καὶ
1104 1714 1270 1750 τιμιωτέραν
1285 1713 1388 1749 ταύτης
1405 1713 1497 1748 ᾠήθης
1515 1714 1575 1748 ἐμοὶ
1593 1715 1701 1748 κομιεῖν
1713 1716 1825 1750 ἀφήγη-

1045 1767 1088 1786 σιν
1107 1759 1217 1792 ἐξωθεν,
1243 1760 1290 1786 καὶ
1313 1761 1370 1795 ἀμα
1393 1759 1448 1786 τῶν
1468 1759 1615 1794 ὁρθοδόξων
1628 1761 1685 1792 τοῖς
1704 1761 1828 1787 ἐνταυθοῖ

1045 1804 1214 1839 πατριώταις
1247 1805 1344 1840 ἡδονῆς
1377 1804 1427 1839 τῆς
1462 1804 1606 1839 βελτίστης
1635 1805 1739 1839 ἐφόδια,
1766 1806 1826 1834 λίαν

1045 1849 1199 1885 ἐφιεμένοις
1222 1850 1306 1877 ἅπασι
1333 1851 1429 1885 μαθεῖν
1452 1850 1525 1882 ὅπως
1549 1851 1693 1882 κάκείνους
1712 1852 1727 1886 ή
1746 1853 1826 1887 φήμη

1045 1897 1099 1922 τῶν
1115 1893 1165 1923 ὦδε
1181 1896 1328 1931 συμφορῶν
1347 1896 1396 1931 τῆς
1411 1896 1459 1923 τοῦ
1480 1896 1547 1923 Θεοῦ
1570 1897 1693 1933 διέθηκεν
1708 1898 1824 1933 Ἐκκλη-

1046 1942 1116 1974 σίας,
1131 1943 1251 1978 γραφαῖς
1265 1942 1430 1977 τερατώδεσι
1446 1943 1500 1969 τῶν
1518 1943 1634 1970 ἐνταῦθα
1648 1943 1824 1970 δυναστευόν-

1044 1995 1097 2012 των
1120 1986 1183 2017 toi);
1201 1986 1325 2021 πανταχῆ
1351 1987 1400 2021 τῆς
1424 1987 1588 2022 οἰκουμένης
1612 1987 1734 2018 εὐσεϐεῖς
1751 1989 1825 2013 ἐπει-

1044 2032 1168 2067 γομένων
1183 2032 1331 2067 ἐξαπατᾷν,
1349 2033 1397 2059 καὶ
1412 2032 1637 2066 φιλονεικούντωι
1653 2032 1702 2068 τὴν
1715 2041 1822 2059 παντα‹

1046 2077 1123 2112 χόθεν
1149 2077 1288 2112 ἑταιρείαν
1312 2086 1342 2104 τε
1373 2079 1419 2104 καὶ
1447 2078 1593 2112 ὁμολογίαν
1620 2077 1670 2113 τῆς
1695 2078 1825 2114 τοιαύτης

214 937 393 974 οφιινοιιςίιιιιι
412 937 480 964 verti
492 958 499 970 ,
516 937 589 972 quod
609 945 652 965 res
670 937 781 972 quidem
798 945 854 966 non
871 938 908 965 ita
927 937 995 965 mihi

214 982 309 1008 auditu
336 983 507 1009 necessarias
531 990 644 1010 narrare
667 987 721 1010 tam
745 983 828 1011 enixe
851 983 994 1015 studeret,

215 1028 374 1055 memoriam
388 1033 479 1055 autem
496 1035 590 1055 earum
608 1036 699 1056 rerum
711 1049 718 1061 ,
734 1036 796 1064 qua:
811 1029 891 1057 nobis
907 1029 994 1056 maxi-

214 1081 258 1100 me
272 1074 470 1108 cognoseenda:
487 1079 580 1102 essent
595 1078 623 1101 et
638 1082 705 1109 quas
724 1075 834 1110 pietatis
849 1082 931 1102 causa
946 1081 995 1101 vc-

213 1125 294 1152 spera
313 1123 341 1146 et
360 1126 440 1146 mane
458 1122 486 1146 et
502 1118 617 1146 meridie
634 1118 730 1146 audire
745 1118 854 1145 dulcius
868 1117 935 1145 mihi
951 1117 994 1144 vi-

214 1165 325 1194 deretur
343 1173 425 1199 quam
445 1165 467 1191 si
489 1164 602 1192 Crcesus
618 1164 711 1200 Lydus
726 1164 786 1191 auri
805 1164 871 1191 mihi
887 1163 995 1191 modios

212 1210 371 1245 largiretur,
380 1210 519 1238 oblivione
530 1210 745 1245 prolundissima
757 1209 904 1242 obruisset,
915 1208 994 1244 quasi

215 1265 269 1283 non
290 1257 349 1291 ipse
367 1261 441 1284 esset
461 1256 502 1289 is,
522 1256 569 1291 qui
591 1256 699 1284 initium
719 1263 831 1282 suarum
856 1255 995 1282 narratio-

214 1309 280 1329 num
304 1301 338 1329 ab
358 1301 487 1329 Eeclesize
511 1301 663 1336 naufragiis
687 1301 825 1332 duxisset,
847 1299 922 1335 quod
943 1307 995 1334 pro

212 1348 310 1382 patriis
326 1348 468 1383 religionis
486 1347 621 1375 institutis
639 1347 754 1374 Palantm
771 1354 840 1373 nova
860 1351 943 1381 atque
963 1346 995 1373 il-

213 1393 333 1428 legitima
360 1394 487 1428 dogmata
513 1393 635 1427 irrepere
659 1392 774 1420 vidisset
797 1391 880 1426 idque
903 1392 993 1427 ipsum

212 1447 262 1474 pro
283 1446 364 1466 causa
384 1438 575 1466 conversionis
594 1445 687 1466 rerum
707 1437 879 1472 publicarum
898 1437 926 1464 in
947 1438 995 1465 de-

213 1486 343 1512 lt‘riorem
365 1484 551 1512 conditionem
571 1491 682 1519 sumque
705 1483 896 1511 involuntarite
923 1483 994 1518 fusse

213 1531 364 1558 habuisset.
392 1530 544 1563 Quamnam
568 1537 633 1557 vero
652 1530 750 1562 aliam,
772 1529 900 1564 inquam.
920 1529 993 1563 opti-

213 1585 256 1604 nte
285 1576 436 1603 amicorum
465 1574 666 1610 Agathangelc,
692 1574 814 1602 debebas
841 1574 993 1608 colligere?

212 1628 294 1655 quant
320 1620 401 1647 aliant
424 1619 608 1646 narrationem
635 1618 686 1646 hac
703 1619 755 1653 21
772 1619 993 1653 przestantioretn

212 1671 296 1700 atque
323 1665 515 1700 pretiosiorem
536 1664 651 1699 putabas
671 1665 739 1692 tnihi
758 1665 931 1692 extrinsecus
952 1663 994 1691 af-

213 1713 286 1739 ferre
312 1711 412 1746 posse?
432 1710 503 1745 quod
531 1711 604 1738 aliud
631 1710 821 1745 pulcherrimze
846 1709 994 1744 voluptatis

213 1758 404 1791 adjumentum
427 1756 528 1784 nostris
547 1756 726 1791 popularibus
745 1756 933 1783 orthodoxam.
947 1755 993 1782 hic

214 1803 292 1830 [idem
311 1802 475 1830 tuentibus?
495 1802 546 1835 Qui
569 1802 679 1837 quidem
701 1802 793 1830 cuncti
811 1802 992 1830 vehementer
1012 1814 1016 1819 -

212 1849 325 1884 cupiant
337 1849 407 1876 srire
418 1869 425 1880 ,
439 1849 578 1883 quontodo
594 1853 675 1876 tantm
691 1847 856 1876 calamitatis
867 1866 875 1880 ,
891 1850 993 1882 quanta

214 1895 260 1922 Dei
274 1895 395 1922 Ecclesia
409 1895 507 1922 aiilicta
519 1899 560 1922 est
570 1915 578 1927 ,
592 1894 661 1921 fatua
676 1894 785 1922 illorunt
799 1893 884 1921 animi
900 1892 992 1920 allecti

213 1941 317 1968 fuerint
333 1948 394 1968 cum
407 1940 516 1975 scriptis
533 1940 696 1968 monstrosis
714 1940 751 1972 ii,
767 1939 814 1974 qui
830 1943 887 1966 tum
903 1939 993 1966 donti-

213 1991 360 2020 nabantur.
374 1991 433 2024 pios
445 1989 572 2016 homines
584 1993 642 2015 toto
653 1988 720 2015 Orbe
733 1992 867 2014 terrarum
879 1986 906 2014 in
919 1986 994 2013 l'rau-

213 2037 275 2063 dent
293 2036 424 2063 inducere
440 2036 630 2063 adnilerentur
642 2033 821 2068 omniumque
834 2033 992 2060 societatem

212 2087 293 2116 atque
310 2089 476 2108 consensum
492 2080 570 2115 quasi
593 2085 726 2114 tropzeum
747 2078 885 2113 quoddam
911 2083 993 2106 tantm

215 2127 397 2160 improbitatis
413 2126 465 2154 sibi
483 2133 580 2160 parare
597 2125 742 2152 ambitiose
758 2124 912 2151 studerent.

1045 2123 1144 2154 κακίας
1160 2122 1215 2150 οἷόν
1228 2132 1256 2149 τι
1271 2123 1442 2158 καρποῦσθαι
1458 2124 1598 2158 τρόπαιονς

247 2172 294 2198 ΙΙΙ.
309 2171 386 2204 Quod
403 2178 465 2198 cttnt
483 2177 534 2204 ego
548 2169 677 2196 dixissem
689 2187 697 2199 .
712 2168 916 2203 Agathangelus
931 2175 992 2195 scr-

1080 2168 1117 2195 l".
1132 2169 1216 2195 Ί“αῦτ’
1236 2169 1303 2203 ἐμοῦ
1320 2177 1351 2204 γε
1367 2169 1523 2202 διεξιόντος,
1544 2169 1688 2197 ὑπολαϐὼν
1707 2170 1721 2196 ὸ
1743 2170 1824 2205 Ἀγα-

214 2225 320 2245 monent
334 2217 474 2251 excipiens
500 2224 506 2241 :
520 2214 595 2244 Mihi.
609 2213 708 2248 inquit,
723 2213 821 2240 melius
834 2213 922 2241 visum
935 2218 989 2244 est.

1047 2214 1190 2249 θάγγελος.
1203 2214 1280 2249 Ἐμοὶ
1288 2215 1315 2241 δέ
1328 2216 1442 2250 βέλτιον,
1457 2216 1552 2251 ἔφησε,
1564 2216 1697 2250 δέδοκται,
1708 2216 1767 2243 θεία
1780 2226 1825 2252 μοι

213 2274 228 2291 o
243 2265 365 2293 divinum
390 2262 491 2296 caput]
514 2262 541 2288 in
564 2260 617 2287 line
649 2259 728 2294 hujus
757 2259 921 2286 narrationis
949 2259 993 2287 iila

1046 2261 1162 2295 κεφαλὴ,
1180 2261 1359 2293 τελευτῶν-τός
1382 2270 1430 2297 μοι
1448 2262 1524 2288 τοῦδε
1548 2261 1595 2287 τοῦ
1623 2262 1703 2297 λόγου
1724 2263 1826 2295 διεξελ-

213 2309 326 2338 seorsim
338 2313 502 2343 pertractare
514 2311 596 2340 atque
613 2305 752 2340 persequi.
767 2304 812 2331 ulti
829 2304 896 2331 nihil
916 2312 993 2339 pror-

1046 2305 1102 2332 οεῖν
1122 2305 1202 2337 εὐθὺς
1227 2306 1391 2333 ἁπολαϐὀντι
1415 2306 1500 2341 χωρὶς
1521 2307 1624 2339 ἐκεῖνα,
1643 2307 1756 2342 μηδενὶς
1779 2308 1826 2334 τοῦ

213 2365 278 2388 sus,
303 2355 375 2390 quod
401 2361 447 2381 res
468 2351 637 2380 confundere
652 2355 733 2384 atque
753 2350 865 2377 turbare
886 2355 993 2385 posset.

1046 2353 1158 2388 συγχεῖν
1180 2352 1329 2386 δυναμένου
1353 2353 1445 2386 σφίσιν
1470 2352 1537 2383 ἥλως
1557 2354 1825 2386 συνυπακουομένσυ,

213 2401 431 2431 subaudiendum
453 2403 545 2430 esset;
563 2405 616 2432 qua
634 2396 745 2430 quidem
768 2396 795 2422 ιιι
819 2404 848 2423 re
873 2397 913 2423 sic
938 2397 993 2423 lere

1045 2397 1117 2428 ὅπως
1133 2397 1191 2424 ποτ’
1205 2398 1251 2423 ἐπὶ
1265 2397 1327 2423 νοῦν
1338 2397 1460 2431 εἰληφότι
1479 2397 1618 2424 διεστάναι
1632 2397 1686 2424 τῶν
1708 2398 1824 2425 καθόλου

213 2447 382 2477 statuebam,
402 2443 543 2470 historiam
562 2441 744 2468 universalem
762 2445 790 2468 et
809 2441 970 2468 smcularem
985 2460 992 2472 ,

1047 2444 1093 2468 καὶ
1106 2442 1246 2476 κοσμικῶν
1259 2443 1351 2474 ἀπλῶς
1367 2443 1454 2469 εἰπεῖν
1468 2442 1502 2469 τὰ
1518 2444 1568 2478 τῆς
1591 2442 1823 2479 ἐκιίλιησιαστικῆς

215 2498 245 2519 ιιι.
268 2491 389 2518 breviter
410 2489 516 2518 dicant.
537 2486 649 2514 dill‘crre
673 2486 708 2513 ab
731 2486 846 2513 historia
862 2485 993 2514 ecclesia-

1051 2487 1193 2522 Ἰστορίας,
1211 2489 1258 2514 καὶ
1271 2488 1340 2515 ἰδίαν
1351 2488 1400 2523 μὲν
1415 2487 1484 2515 εἶναι
1495 2489 1608 2524 ταυτηνὶ
1622 2492 1825 2524 πραγματεῐαν,

214 2538 282 2564 stica
299 2541 327 2564 et
344 2535 487 2568 utriusque
501 2532 716 2566 descriptionem
731 2531 897 2565 peculiarem
911 2536 993 2566 atque

1047 2533 1115 2560 ίδίαν
1130 2533 1153 2559 δ’
1177 2534 1296 2568 ἐκεὶνην,
1314 2536 1360 2559 καὶ
1376 2533 1462 2561 ἄλλων
1476 2535 1610 2569 ἑκατέραν
1631 2534 1668 2566 ὡς
1687 2535 1721 2561 τὰ
1742 2535 1826 2562 πολλὰ

214 2586 368 2618 separatam
396 2587 474 2612 esse,
505 2584 648 2611 utramque
678 2577 803 2604 diversas
833 2577 993 2612 plerumque

1045 2579 1091 2605 καὶ
1105 2578 1134 2604 οὐ
1147 2578 1201 2604 τῶν
1214 2578 1314 2606 αὐτῶν.
1337 2579 1414 2605 Ἐπεὶ
1431 2579 1460 2605 δὲ
1476 2581 1508 2605 σὺ
1529 2580 1642 2607 διπλοῦν
1657 2580 1716 2607 ἀνθ’
1738 2581 1826 2607 ἁπλοῦ

215 2637 275 2660 res,
293 2635 346 2653 non
361 2625 471 2652 easdem
488 2623 644 2658 complecti.
660 2623 727 2650 Cum
744 2628 834 2650 autent
853 2627 880 2649 tu
902 2622 993 2656 dupli—

1045 2622 1090 2648 τὸν
1114 2622 1193 2648 πόνον
1219 2623 1394 2657 ἀναδέχεσθαι
1418 2623 1500 2654 είλου,
1526 2624 1573 2650 καὶ
1592 2623 1611 2650 ἃ.
1633 2624 1679 2650 τῦν
1700 2624 1781 2651 αὐτὴν
1798 2626 1827 2651 ἐν

213 2682 273 2701 rem
288 2673 408 2700 laborem
425 2678 475 2705 pro
491 2669 607 2704 simplici
623 2669 649 2696 in
666 2673 691 2696 te
705 2668 844 2701 suscipere
863 2669 993 2701 volucris,

1045 2668 1186 2703 ἑκατέροις
1210 2669 1363 2703 συμπίπτει
1387 2670 1509 2703 γίνεσθαι
1540 2670 1636 2704 χρόνον
1667 2670 1750 2704 βίσλῳ
1779 2672 1826 2705 μιᾷ

214 2724 242 2746 et
265 2725 325 2753 qua:
348 2716 444 2743 eodem
469 2721 591 2749 tempore
615 2715 641 2741 itt
668 2720 784 2749 utroque
808 2722 907 2749 genere
931 2722 993 2750 eve-

1046 2713 1197 2740 συντιοέναι
1217 2722 1258 2740 σοι
1278 2714 1410 2746 δέδοκται,
1428 2715 1478 2741 οὐκ
1497 2715 1529 2742 ἂν
1544 2715 1598 2742 οὐδ’
1618 2715 1699 2747 αὐτος
1722 2715 1826 2749 οὐδαμῆ

217 2763 304 2797 niant,
327 2768 382 2787 uno
410 2760 644 2794 comprehendere
676 2760 814 2786 volumine
844 2759 995 2797 constitutv

216 2810 252 2834 ri»;
264 2828 270 2839 ,
289 2816 321 2834 tte
337 2814 386 2840 ego
399 2806 509 2841 quidem
526 2806 580 2833 ullo
597 2810 674 2840 parlo
691 2813 734 2832 res
750 2805 846 2832 eodem
861 2795 994 2839 tem’poris

215 2855 303 2888 spatio
317 2859 406 2888 gestas
419 2853 587 2887 conjum-Iim
603 2852 728 2886 persequi
746 2851 929 2878 dubitaverint
941 2871 947 2882 ,
965 2857 993 2878 ut

1006 1555 1027 1584 C

1045 2768 1076 2794 γε
1104 2760 1250 2795 ὀκνήσαιμι
1278 2761 1312 2787 τὰ
1344 2762 1393 2795 τῆς
1419 2761 1503 2797 αὐτῆς
1529 2762 1558 2787 ἐν
1587 2763 1676 2797 ταυτῴ
1703 2763 1827 2796 περιόδου

1045 2805 1172 2836 διεξιέναι
1198 2806 1360 2841 uenﬁcam.
1375 2808 1435 2833 ἐπεὶ
1451 2809 1497 2833 καὶ
1519 2808 1620 2841 τρόπον
1643 2808 1736 2842 ἕτερον
1761 2809 1829 2842 πρή-

1046 2859 1125 2885 τεριιν
1145 2851 1294 2885 (εἱρήτεται
1310 2853 1362 2887 γᾶρ
1385 2853 1510 2887 τάληθὲς)
1526 2854 1637 2880 ἐδεδίειν
1661 2855 1731 2889 μάλα
1748 2855 1828 2886 αὐτος
