1900 3063
220 139 254 172 19
746 150 749 155 ’
805 142 1013 174 NICEPHORI
1034 142 1225 176 GREGORIE
1800 154 1836 186 20

217 197 310 231 specie
332 201 415 232 atque
436 197 623 233 magnitudine
649 197 825 225 azdiliciorum
849 203 931 233 atque
945 203 986 225 sta

1052 200 1074 227 δ’
1085 201 1119 229 ἄν
1133 210 1175 233 τις
1199 202 1280 235 εὐθὺς
1299 203 1352 230 κάκ
1375 205 1459 240 μόνης
1476 206 1527 241 τῆς
1545 208 1725 242 περιφανείας
1743 218 1772 237 τε
1787 213 1834 238 καὶ

217 241 346 269 bulorum
363 243 446 269 etiam
462 248 607 277 antequam
621 243 648 270 in
666 244 784 271 hominis
803 244 889 279 ipsius
902 244 999 279 adspe-

215 293 290 316 ctum
321 288 439 321 Vl'llCl‘il,
464 288 544 316 facile
571 293 718 324 cognosm-t
740 297 803 317 cum
826 297 997 324 nequaquam

215 342 300 361 unum
314 342 375 362 esse
390 342 423 362 ex
447 335 615 371 ignobilibus
643 339 726 370 atque
751 335 874 370 plebeiis,
896 336 944 363 sed
964 343 996 363 ex

215 380 377 407 clarissimis
397 385 478 415 alque
499 380 667 415 primoribus
681 381 787 408 insulae.
813 381 886 409 Idem
912 382 998 417 magis

214 426 298 452 etiam
323 431 466 459 cognoscet
483 433 517 453 ex
539 426 602 454 vitae
615 429 674 462 ejus
694 426 826 462 dignitate
843 432 925 462 alque
938 435 999 463 gra-

215 471 311 498 vitate.
325 471 404 498 Festa
420 471 493 498 enim
508 476 534 499 et
552 472 621 499 sacri
633 476 784 500 conventus
795 477 876 508 alque
891 480 997 500 summa

215 515 242 542 in
267 515 363 550 inopes
380 515 532 543 liberalitas
559 516 633 543 illam
657 518 767 544 domum
787 523 896 546 ornant.
919 517 998 546 Chri-

214 561 368 588 stianorum
391 567 484 589 autem
509 562 690 597 captivorum,
707 563 754 598 qui
776 564 874 592 crebro
890 565 927 593 ibi
941 565 998 592 cir-

213 607 463 640 cun-ducebantur,
491 608 636 636 maximam
665 609 786 636 habebat
809 617 917 643 curam,
933 618 996 638 eum

212 657 242 680 et
263 653 323 688 ipse
343 654 456 690 largiter
469 654 600 689 majorem
613 660 695 690 atque
713 656 854 684 meliorem
869 657 924 692 29
939 665 999 692 par-

213 706 267 727 tem
281 699 315 727 ad
335 707 432 727 eorum
449 700 589 728 conferret
605 701 760 730 libertatem
774 707 801 730 et
825 703 895 731 alios
912 711 998 731 sacrae

213 745 365 780 Scriptum
373 746 518 780 praeceptis
526 746 728 775 adhortaretur.
745 748 911 784 Praecipuum
923 749 996 776 enim

211 795 240 817 et
250 790 397 818 maximum
410 791 532 819 studium
549 793 620 820 ineo
634 794 801 827 collocabat,
818 800 848 823 ut
866 795 998 823 Christia-

211 840 263 862 nos
282 835 309 862 in
323 836 410 863 saeris
432 837 558 865 ecclesiis
577 843 758 874 congregatos
774 847 835 867 cum
852 840 918 868 alias
933 841 997 868 reli-

211 881 301 915 gionis
325 881 400 916 leges
413 882 536 916 doceri-t,
564 887 621 911 tum
648 885 764 913 maxime
779 890 914 918 moneret,
936 887 996 914 ino-

211 925 292 960 pibus
312 933 489 961 summopere
511 929 735 963 prospiciendum
751 934 778 957 et
795 930 994 965 providendum

211 979 284 999 esse.
295 972 387 1006 Quare
412 972 514 1001 factum
529 978 571 1001 est
582 994 590 1007 ,
604 978 635 1002 ut
657 975 714 1010 ejus
728 983 812 1010 opera
829 980 885 1003 tota
905 975 993 1003 insula

211 1017 411 1045 misericordia
422 1023 504 1053 atque
518 1019 579 1047 lldei
599 1021 678 1055 quasi
694 1021 820 1056 palmstra
836 1026 928 1056 pateat
943 1022 995 1050 ibi-

209 1071 263 1098 que
280 1064 395 1092 maxima
408 1065 443 1093 sit
458 1066 627 1100 captivorum
643 1067 764 1094 libertas.

249 1109 304 1136 Vill
328 1109 355 1136 Ιιι
364 1109 416 1137 illis
427 1110 494 1138 locis
501 1116 565 1138 sunt
574 1111 656 1139 etiam
670 1112 742 1148 regis
752 1113 851 1148 praedia
861 1114 993 1149 sedesque

208 1159 290 1188 atque
303 1155 529 1189 splendidissima:
553 1157 614 1192 ejus
633 1162 661 1185 et
684 1158 874 1192 pulcherrimae
899 1159 992 1192 aedes,

208 1201 279 1234 quod
297 1201 341 1227 illa
359 1209 422 1236 pars
448 1201 544 1229 i’nsnla».
558 1203 708 1231 amteniore
723 1204 823 1239 gaudet
838 1204 909 1231 aeris
925 1209 992 1232 tem-

209 1246 284 1280 perie
309 1246 513 1281 ctjucundiorc
537 1248 602 1276 situ.
626 1248 757 1281 Quocirca
782 1249 941 1284 frequenter
958 1257 992 1277 ex

207 1290 364 1325 propinquo
377 1291 410 1319 ad
424 1300 486 1319 eum
501 1293 626 1320 veniebat
640 1293 773 1328 Georgius
789 1293 930 1328 Lapithes,
944 1294 992 1329 qui

207 1343 312 1362 summa
338 1337 410 1371 apud
433 1345 496 1364 eum
517 1339 671 1365 reverentia
690 1345 774 1373 atque
797 1339 901 1367 honore
916 1339 991 1368 frue-

207 1381 289 1408 batur
310 1388 372 1408 cum
399 1387 513 1416 propter
537 1383 700 1418 dignitatem
731 1388 788 1410 tum
813 1381 926 1419 propter
947 1392 992 1412 sa-

207 1427 351 1461 pientiam,
365 1435 418 1462 qua
433 1427 556 1454 omnium
571 1428 688 1456 maxime
704 1429 834 1464 praeditus
848 1435 917 1457 erat.
933 1430 991 1457 Rex

206 1471 288 1498 etiam
307 1471 365 1506 ipse
380 1471 552 1506 philosophia
565 1472 722 1499 Latinorum
737 1473 806 1501 haud
816 1466 992 1502 mediocriter

205 1522 265 1544 erat
285 1517 422 1550 imbutus;
448 1518 496 1545 sed
509 1525 665 1553 quanquam
680 1527 712 1547 ea
726 1519 760 1547 de
782 1527 863 1548 causa
883 1529 991 1556 semper

206 1563 341 1596 plurimos
354 1563 529 1598 [sapientium
552 1563 713 1593 Latinorum
738 1565 841 1593 circum
857 1573 886 1594 se
903 1567 989 1596 habe-

207 1607 264 1638 bat.
281 1607 367 1642 magis
383 1611 473 1635 tamen
488 1607 676 1637 delectabatur
691 1609 802 1646 Georgii
820 1611 991 1640 humanitate

207 1657 290 1687 atque
319 1646 534 1681 consuetudine.
561 1653 706 1689 Sapientes
731 1657 817 1689 enim,
834 1657 932 1693 inquit,
951 1663 991 1694 ty-

206 1697 285 1724 ranni
309 1698 473 1733 sapientium
508 1701 684 1729 commercio.
723 1702 792 1730 Eum
823 1703 905 1739 igitur
927 1712 989 1732 cum

206 1752 299 1772 secum
313 1744 436 1780 haberet,
459 1745 595 1774 adductus
605 1751 658 1780 est,
676 1752 705 1775 ut
725 1753 869 1784 utramque
889 1750 990 1785 pariter

207 1790 369 1824 sapientiam
383 1790 435 1818 sibi
451 1795 569 1826 pararet,
591 1791 747 1820 Graecorum
772 1794 876 1822 scilicet
895 1801 923 1823 et
938 1796 989 1823 La<

206 1836 337 1864 tinorum.
346 1836 480 1872 Georgius
491 1838 565 1866 enim
578 1838 761 1872 peritissimus
770 1845 830 1868 erat
844 1841 990 1877 utriusque

205 1883 346 1918 sapientiae
353 1891 385 1911 ac
401 1883 510 1919 lingua.
521 1884 610 1918 Quare
624 1885 752 1913 audiebat
763 1894 826 1914 eum
836 1894 881 1914 rex
894 1888 991 1916 luben-

205 1935 247 1957 ter
257 1938 349 1957 coram
362 1938 391 1958 se
402 1938 474 1966 saepe
490 1931 674 1967 disputantem
687 1941 748 1961 cum
759 1934 928 1969 sapientibus
938 1935 990 1963 La-

205 1976 271 2004 tinis
282 1997 290 2010 ,
305 1984 375 2011 quos
393 1977 613 2012 syllogismorum
639 1981 921 2014 argumentationibus
936 1981 992 2016 30

204 2024 282 2057 quasi
296 2023 357 2050 telis
371 2022 524 2056 fortissime
542 2025 681 2058 lmpetitos
696 2026 854 2060 superabat,
878 2034 990 2061 praeser-

204 2070 252 2097 tim
266 2077 328 2097 cum
345 2074 486 2097 certamen
499 2070 541 2105 Ide
563 2071 639 2098 cultu
655 2072 808 2106 patriorum
832 2072 988 2108 dogmatum

203 2115 362 2143 institutum
376 2120 455 2149 erat;
484 2119 541 2143 tum
559 2117 633 2144 enim
656 2117 778 2146 ﬂuminis
803 2118 890 2146 instar
916 2119 989 2147 Scri-

203 2165 290 2195 ptura
307 2168 391 2188 sacra!
406 2161 686 2190 detuonstrationibus
710 2163 738 2191 in
761 2170 809 2192 eos
825 2164 934 2192 irruens
947 2165 988 2192 el-
1004 2165 1026 2192 D

201 2207 268 2235 iecit
290 2211 321 2234 ut
340 2206 408 2234 muti
426 2214 539 2242 prorsus
561 2208 652 2243 pisces
669 2216 730 2237 esse
745 2209 914 2239 viderentur.
931 2210 987 2238 Κο-

201 2261 263 2290 gem
277 2261 344 2281 vero
364 2252 440 2281 hisce
453 2253 686 2289 disputationibus
710 2255 849 2283 interdum
868 2255 896 2283 in
918 2255 987 2283 iram

202 2300 375 2334 compulsum
393 2307 489 2327 rursus
510 2299 657 2329 verborum
678 2305 821 2329 venustate
835 2306 863 2328 et
891 2301 990 2328 irrelu-

204 2345 281 2373 tabih
295 2345 418 2372 veritatis
437 2345 507 2372 ﬂexu
526 2350 608 2380 atque
634 2346 868 2375 circumversione
881 2347 989 2375 demul-

202 2393 292 2420 cebat.
316 2392 374 2420 Tali
399 2392 479 2427 igitur
499 2392 605 2420 ratione
627 2393 700 2427 regis
715 2393 857 2420 iracundia
882 2393 988 2427 placide

203 2446 328 2474 repressa
344 2438 376 2465 ad
390 2439 617 2473 tranquillitatem
633 2444 660 2465 et
674 2438 852 2466 securitatem
865 2439 986 2465 animum

202 2485 262 2520 ejus
278 2485 409 2511 traduxit.
428 2484 522 2518 Neque
536 2490 594 2511 erat
611 2485 767 2518 quisquam,
785 2488 814 2510 ut
826 2485 919 2518 paucis
932 2491 987 2512 rem

201 2530 356 2565 expediam,
373 2531 431 2558 sive
458 2531 558 2558 Grateaa
581 2530 715 2557 doctrina:
742 2530 815 2557 haud
845 2530 988 2564 imperitus

202 2576 259 2603 sive
275 2575 452 2610 philosophia:
467 2576 571 2602 Latinas
587 2575 701 2602 oumiuo
730 2583 784 2602 non
802 2582 900 2609 expers
916 2579 986 2607 erat,

200 2622 267 2656 quin
284 2622 308 2648 ci
327 2627 356 2648 ut
372 2621 399 2649 in
424 2622 549 2656 quolibet
572 2621 653 2647 docto
668 2620 818 2648 certamine
839 2621 924 2648 multo
937 2621 987 2648 ad-

202 2668 331 2695 versariis
357 2667 490 2702 superiori
516 2667 631 2702 palmam
656 2667 743 2693 daret.
772 2666 856 2702 Ili-jus
873 2667 923 2694 viri
949 2667 988 2694 fa-

202 2720 272 2738 mam
292 2712 421 2747 equidem
450 2712 545 2742 etiam,
560 2716 707 2749 antequam
726 2712 790 2739 hinc
817 2712 985 2746 navigarem.

202 2766 370 2792 aveeperatn.
394 2765 456 2785 cum
478 2765 532 2785 non
554 2757 642 2784 solum
662 2758 767 2785 litteras
791 2766 862 2793 stepe
881 2758 986 2785 lectita-

202 2810 260 2828 rcm
275 2824 282 2834 ,
302 2804 402 2837 quibus
430 2803 484 2830 tuis
511 2803 610 2830 litteris
632 2808 659 2831 et
686 2803 777 2831 otlicio
797 2804 927 2832 amicitia:
943 2813 986 2831 re-

203 2849 367 2883 spondebat,
392 2849 439 2877 sed
462 2850 545 2877 etiam
569 2857 632 2877 cum
660 2850 755 2877 laudes
779 2851 838 2885 ejus
860 2858 982 2878 summas

1051 246 1097 273 τοῦ
1112 247 1246 282 μεγέθους
1261 249 1318 275 τῶν
1329 250 1424 277 οἰκιῶν
1438 251 1485 278 καὶ
1499 252 1644 280 ἐπαύλεων
1656 253 1705 280 τοῦ
1726 255 1834 290 ἀνδρὸς,

1049 292 1098 319 καὶ
1113 293 1179 328 πρὶν
1203 294 1244 326 είς
1258 295 1319 329 ὄψιν
1344 296 1412 323 ἰέναι
1432 298 1526 331 αὑτοῦ,
1543 298 1574 335 [ί.
1593 300 1640 327 101
1665 300 1691 337 lt]
1723 302 1760 337 μὴ
1779 303 1836 330 τῶν

1050 338 1156 372 ἁγενῶν
1172 337 1242 368 εἶναι
1258 341 1306 368 καὶ
1326 342 1381 369 τῶν
1396 342 1502 370 πολλῶν
1516 343 1573 378 ἕνα,
1588 346 1629 372 ὅτι
1644 346 1681 381 μὴ
1695 347 1750 374 τῶν
1763 348 1835 374 πάνυ

1048 393 1074 412 τι
1087 385 1148 413 λίαν
1169 386 1283 421 ἐνδόξων
1298 389 1345 415 καὶ
1369 389 1485 424 πρώτων
1503 390 1553 424 τῆς
1567 392 1648 427 νήσου
1659 400 1666 408 ·
1679 393 1756 429 γνοίη
1768 393 1791 420 δ’
1802 393 1836 421 ἄν

1050 431 1151 467 μᾶλλον
1170 433 1203 460 ἐκ
1217 433 1263 460 τοῦ
1278 434 1380 468 τρόπου
1396 435 1443 462 καὶ
1456 436 1504 471 τῆς
1522 436 1604 473 ἄλλης
1624 437 1671 464 τοῦ
1695 438 1752 474 βίου
1768 448 1836 474 σεμ-

1048 477 1171 512 νότητος.
1197 478 1306 515 Ἐορταὶ
1328 481 1383 516 γὰρ
1410 481 1458 508 καὶ
1488 483 1657 518 πανηγύρεις
1684 484 1754 520 ἱεραὶ
1784 486 1836 520 τὴν

1048 524 1137 551 οίκίαν
1152 524 1260 561 ἐκείνην
1273 526 1417 560 ἐκόσμουν,
1428 528 1476 555 καὶ
1489 529 1617 564 χορηγίαι
1630 529 1684 556 τῶν
1699 530 1836 565 δεομένων

1048 570 1180 605 δαψιλεῖς.
1204 571 1265 598 Τῶν
1292 581 1324 607 γε
1352 573 1406 609 μὴν
1434 574 1519 610 συχνὰ
1544 576 1752 611 περιαγομένων
1776 577 1836 604 Este!

1048 617 1219 652 Χριστιανῶν
1239 619 1421 654 αἰχμαλώτων
1447 616 1580 656 μεγίστην
1595 622 1712 648 ἐποιεῖτο
1726 623 1835 658 προμή-

1048 664 1134 696 θειαν,
1156 664 1237 697 αὐτός
1264 673 1294 691 τι
1320 666 1449 701 παρέχων
1469 667 1593 702 ἀφθόνως
1622 667 1657 694 τὰ
1678 668 1763 702 μείζω
1785 670 1833 696 καὶ.

1047 709 1202 745 τελεώτερα
1223 710 1274 745 τῆς
1300 711 1403 738 τούτων
1426 711 1596 748 ἐλευθερίας,
1619 715 1664 740 καὶ
1693 714 1750 749 ἅμα
1769 716 1833 747 τοὺς

1047 755 1145 788 ἄλλους
1173 757 1293 792 ὀτρύνων
1319 757 1495 790 διδασκαλίας
1524 759 1580 786 τῶν
1604 759 1684 786 θείων
1705 760 1831 795 Γραφῶν.

1049 802 1150 836 Ἔργον
1174 803 1229 838 γὰρ
1245 802 1328 829 αὑτοῦ
1347 803 1560 831 σπουδαιότατον
1583 805 1700 839 μάλιστα
1723 806 1833 833 πάντων

1048 847 1135 881 ίερατς
1163 848 1322 882 ἐκκλησίαις
1350 848 1560 884 ἀθροιζομένους
1582 851 1763 885 Χριστιανοὺς
1791 852 1832 878 δι-

1048 892 1158 920 δάσκειν
1176 892 1211 919 τά
1224 901 1253 919 τε
1268 893 1335 920 ἄλλα
1357 895 1406 929 τῆς
1425 895 1567 927 εύσεσείας
1578 895 1690 931 νόμιμα,
1704 897 1751 923 καὶ
1764 897 1832 931 πρός

1047 946 1079 972 γι
1099 938 1228 974 φροντίδα
1252 939 1390 966 ποιεῖσθαι
1412 940 1468 966 τῶν
1485 940 1620 975 δεομένων
1636 942 1778 977 μεγίστην,
1792 942 1831 974 ὠς

1047 981 1118 1011 εῖναι
1131 984 1166 1010 δι’
1181 985 1286 1011 ἐκεῖνον
1306 985 1396 1012 πᾶσαν
1416 985 1523 1020 ἐκείνην
1533 986 1583 1020 τὴν
1597 986 1677 1021 νῆσον
1690 987 1764 1013 ἐλέου
1784 988 1831 1014 καὶ

1048 1029 1168 1062 πίστεως
1187 1030 1305 1064 στάδιον,
1324 1031 1372 1058 καὶ
1388 1031 1508 1066 μάλιστα
1524 1031 1633 1059 πάντων
1649 1033 1831 1067 αἰχμαλώτων

1047 1076 1219 1112 ἐλευθερίαν.

1083 1121 1124 1149 Η’.
1140 1122 1200 1148 Εἰσί
1213 1130 1246 1156 γε
1259 1122 1312 1158 μὴν
1325 1124 1370 1150 καὶ
1381 1123 1409 1150 αί
1423 1123 1470 1150 τοῦ
1482 1124 1566 1159 ρηγὺς
1581 1125 1645 1160 περὶ
1654 1125 1717 1156 τοὺς
1729 1125 1830 1156 τόπους

1045 1167 1167 1199 ἐκείνους
1190 1168 1318 1200 ἐπαύλεις
1348 1169 1397 1195 καὶ
1425 1169 1536 1202 δίαιται,
1553 1170 1601 1196 καὶ
1624 1170 1652 1196 αἱ
1678 1170 1732 1197 τῶν
1747 1171 1830 1197 οῐκων

1045 1213 1149 1241 ἐκείνου
1166 1213 1355 1248 λαμπρότητες
1372 1215 1441 1242 πάνυ
1459 1215 1541 1242 καλαὶ
1553 1215 1596 1242 διὰ
1609 1216 1639 1243 τὺ
1650 1217 1829 1252 χαριέστερον

1045 1257 1114 1286 εῐναι
1131 1260 1181 1295 τῆς
1196 1260 1279 1294 νήσου
1294 1260 1324 1287 τὸ
1341 1260 1423 1296 μέρος
1438 1262 1526 1288 ἐκεῖνο
1541 1262 1622 1297 ἀέρος
1639 1271 1668 1288 τε
1683 1262 1765 1289 ἕνεκα
1780 1263 1829 1288 καὶ

1046 1306 1104 1340 ἅμα
1129 1305 1229 1337 θέσεως
1246 1305 1330 1340 ἄλλης
1351 1307 1399 1333 καὶ
1426 1307 1563 1342 ῥᾳθυμίας
1585 1308 1639 1334 τῶν
1663 1310 1764 1336 τόπων.
1783 1308 1829 1334 Διδ

1045 1351 1099 1378 κάκ
1116 1351 1163 1377 τοῦ
1180 1350 1272 1386 σχεδὸν
1282 1351 1409 1386 ἐσεφοίτα
1424 1352 1497 1386 θαμὰ
1510 1353 1575 1387 παρ’
1586 1353 1666 1380 αὑτὸν
1677 1354 1691 1380 ὁ
1704 1353 1828 1388 Λαπίθης

1044 1396 1193 1432 Γεώργιος,
1209 1397 1257 1424 καὶ
1277 1397 1380 1432 σφόδρα
1402 1398 1500 1433 κομιδῆ
1520 1398 1621 1433 πολλῆς
1640 1399 1760 1426 ἀπέλαυε
1777 1400 1827 1434 τῆς

1045 1444 1161 1479 ρηγικῆς
1179 1444 1271 1476 αἰδοῦς
1294 1444 1342 1471 καὶ
1365 1444 1449 1479 τιμῆς
1463 1443 1507 1470 διά
1520 1453 1550 1471 τε
1565 1445 1615 1479 τὴν
1629 1444 1713 1480 ἄλλην
1729 1444 1827 1479 σεμνό-

1044 1497 1124 1522 τητα,
1140 1489 1189 1515 καὶ
1222 1490 1257 1525 ἢν
1286 1489 1420 1525 ἐκέκτητο
1449 1488 1572 1524 μάλιστα
1585 1489 1694 1516 πάντων
1718 1489 1825 1523 σοφίαν,

1006 1542 1027 1571 c
1044 1534 1106 1560 ἐπεὶ
1121 1533 1169 1561 καὶ
1196 1533 1279 1565 αὐτὸς
1305 1534 1336 1561 οὐ
1364 1536 1484 1570 μετρίως
1504 1535 1557 1570 τῆς
1571 1535 1694 1562 Λατίνων
1708 1535 1825 1570 μετέσχε

1043 1578 1202 1614 φιλοσοφίας
1217 1581 1232 1606 ὁ
1243 1580 1304 1614 pne.
1319 1581 1365 1606 καὶ
1378 1580 1413 1607 δι’
1425 1580 1493 1608 αὑτό
1505 1589 1537 1614 γε
1551 1581 1628 1608 τουτὶ
1643 1580 1758 1612 πολλοὺς
1776 1580 1827 1615 μὲν

1042 1625 1111 1660 ἀμφ’
1126 1625 1206 1652 αὑτὸν
1229 1626 1292 1657 τοὺς
1310 1625 1434 1652 Λατίνων
1455 1624 1513 1661 six:
1532 1626 1632 1660 σοφοὺς
1651 1627 1705 1658 ἀεὶ,
1723 1627 1778 1661 ἦρα
1799 1626 1828 1652 δέ

1043 1671 1144 1707 μᾶλλον
1170 1671 1221 1706 τῆς
1244 1670 1383 1705 Γεωργίου
1410 1671 1514 1707 μούσης
1531 1672 1576 1698 καὶ
1600 1670 1728 1705 ὁμιλίας·
1744 1671 1828 1705 Σοφοὶ

1042 1718 1106 1752 γὰρ,
1132 1717 1210 1752 φησὶ,
1239 1717 1367 1754 τύραννοι
1395 1717 1486 1752 σοφῶν
1511 1717 1650 1753 συνουσίᾳ.
1669 1717 1760 1753 Ἐχων
1779 1716 1828 1744 οὖν

1040 1763 1121 1791 αὑτὸν
1143 1763 1215 1798 ἔχειν
1247 1763 1392 1789 ἐπέπειστο
1422 1763 1470 1789 καὶ⁸
1499 1763 1596 1796 σοφίαν
1622 1763 1695 1789 κατὰ
1724 1764 1828 1790 ταυτὸν

1041 1809 1186 1844 ἑκατέραν,
1209 1808 1259 1844 τήν
1283 1817 1313 1834 τε
1347 1808 1483 1842 Ἑλλήνων
1513 1808 1584 1842 φημὶ
1610 1809 1656 1836 καὶ
1684 1809 1826 1836 Λατίνων·

1041 1855 1128 1888 δεξιὸς
1140 1854 1194 1890 γὰρ
1217 1856 1246 1882 ἐν
1260 1855 1316 1885 τοῖς
1332 1857 1450 1888 μάλιστα
1474 1849 1522 1880 καὶ
1546 1854 1607 1880 καθ’
1633 1854 1768 1889 ἑκατέραν
1783 1862 1828 1880 σο-

1041 1902 1106 1936 φίαν
1123 1901 1171 1928 καὶ
1195 1900 1319 1935 γλῶτταν
1338 1900 1352 1927 δ
1379 1899 1517 1935 Γεώργιος
1541 1897 1588 1935 ἦν.
1602 1899 1694 1935 Ταύτῃ
1715 1908 1756 1926 τοι
1780 1899 1827 1926 καὶ

1041 1947 1126 1983 ἡδέως
1139 1945 1222 1974 αὑτοῦ
1237 1946 1339 1981 ἤκουσε
1361 1945 1555 1980 διαλεγομένου
1572 1944 1658 1980 συχνὰ
1670 1945 1727 1975 τοῖς
1741 1944 1827 1971 Λατί-

1040 2002 1093 2021 νων
1108 1994 1202 2027 σοφοῖς
1227 1993 1270 2019 ἐπ’
1293 1991 1388 2025 αὐτοῦ,
1410 1991 1458 2018 καὶ
1482 1992 1538 2023 τοῖς
1559 1991 1613 2018 τῶν
1639 1990 1828 2025 συλλογισμῶν

1040 2038 1239 2070 ἀποδεικτικοῖς
1258 2037 1364 2073 βέλεσιν
1386 2039 1414 2069 ἐς
1434 2037 1469 2064 τὰ
1486 2037 1620 2072 κράτιστα
1638 2036 1780 2068 θάλλοντός
1795 2044 1826 2062 τε

1040 2085 1088 2111 καὶ
1108 2084 1241 2115 νικῶντος
1261 2084 1370 2116 αὐτοὺς,
1385 2083 1433 2109 καὶ
1449 2082 1556 2118 μάλισθ’
1573 2083 1618 2109 ὅτι
1639 2081 1706 2116 περὶ
1722 2081 1826 2116 δογμάο

1042 2139 1095 2157 των
1108 2130 1231 2164 πατρίων
1247 2128 1297 2164 τῆς
1314 2129 1463 2163 θρησκείας
1485 2126 1520 2163 ἦν
1534 2129 1548 2154 ό
1563 2128 1637 2161 ἁγών
1648 2136 1657 2144 ·
1675 2128 1827 2162 τηνικαῦτα

1040 2177 1094 2210 γὰρ
1120 2175 1203 2206 πολὺς
1231 2175 1302 2201 κατὰ
1331 2174 1406 2208 σφῶν
1428 2175 1488 2205 ταῖς
1518 2174 1571 2201 τῶν
1597 2174 1679 2201 θείων
1707 2174 1827 2209 Γραφῶν

1041 2219 1194 2252 ἀποδείξεσι
1221 2219 1289 2255 ῥέων
1305 2219 1400 2254 ἰχθύας
1418 2219 1543 2253 ἀφώνους
1557 2219 1688 2254 ἄντικρυς
1702 2219 1826 2253 ἔφαινεν.

1041 2265 1124 2292 Ὥστε
1143 2265 1191 2291 καὶ
1206 2264 1382 2299 χαλεπαίνειν
1394 2264 1474 2291 ἐνίοτ’
1487 2265 1518 2290 ἐν
1531 2264 1638 2296 τούτοις
1658 2264 1826 2300 ὡρμημένον

1040 2309 1086 2335 τὸν
1105 2308 1176 2343 ῥῆγα
1187 2308 1299 2342 ἔθελγεν
1315 2307 1393 2339 αὖθις
1407 2308 1488 2334 αὑτὸν
1498 2309 1532 2343 τῇ
1550 2307 1604 2335 τῶν
1618 2307 1705 2342 λόγων
1718 2308 1826 2342 οειρῆνι

1040 2355 1087 2380 καὶ
1106 2354 1167 2384 ut;
1181 2353 1232 2387 τῆς
1257 2351 1386 2387 ἀληθείας
1407 2353 1614 2389 ἁναντιρρἡοις
1634 2353 1763 2387 στροφαῖς
1779 2353 1827 2379 καὶ

1039 2399 1248 2433 περιστροφαῖς.
1267 2397 1414 2428 Τοιαύταις
1427 2398 1459 2432 δή
1480 2406 1536 2423 τισι
1554 2397 1677 2431 μεθόδοις
1693 2397 1723 2424 τὺ
1744 2397 1825 2432 χαλε-

1040 2443 1135 2470 παῖνόν
1148 2451 1178 2469 τε
1197 2443 1357 2470 ἀνέστελλεν
1370 2443 1497 2478 ἐμμελῶς
1516 2444 1564 2476 τῆς
1580 2443 1698 2478 ῥηγικῆς
1715 2443 1822 2477 ἐκείνης

1038 2489 1138 2524 ψυχῆς,
1152 2489 1199 2515 καὶ
1221 2489 1251 2516 τὸ
1274 2489 1411 2524 εὐθυμοῦν
1430 2489 1591 2523 ἁντεισῆγεν
1614 2489 1755 2520 ἐπιεικῶς.
1771 2489 1826 2515 Καὶ

1038 2533 1073 2570 ἦν
1086 2535 1180 2566 ἁπλῶς
1193 2535 1280 2561 εἰπεῖν
1305 2535 1392 2565 οὐδεὶς
1407 2536 1460 2561 τῶν
1476 2534 1605 2561 ἁπάντων
1619 2534 1649 2565 ὃς
1670 2534 1700 2559 οὐ
1715 2533 1824 2568 λογικοῦ

1040 2580 1140 2610 παντὸς
1154 2578 1259 2612 ἀγῶνος
1275 2577 1334 2612 μεθ’
1358 2578 1513 2612 ὑπερϐολῆς
1530 2578 1605 2612 αύτῴ
1622 2578 1655 2603 τὰ
1671 2578 1720 2611 τῆς
1743 2578 1823 2612 νίκης

1038 2625 1154 2658 παρεῖχε
1171 2624 1300 2658 τρόπαια,
1312 2622 1369 2649 οὔθ’
1380 2624 1454 2655 ὅστις
1468 2623 1500 2650 οὐ
1521 2624 1595 2657 μάλα
1615 2623 1743 2656 ἁξύνετος
1764 2624 1824 2650 Ἐλ-

1036 2668 1149 2703 ληνικῆς
1166 2668 1269 2702 μούσης
1286 2665 1331 2703 ἦν,
1346 2667 1403 2694 οὗθ’
1418 2668 1492 2698 ὅστις
1503 2668 1649 2702 Λατινικῆς
1662 2666 1820 2702 φιλοσοφίας

1036 2715 1066 2741 οὐ
1088 2714 1161 2749 μάλα
1179 2722 1204 2740 τι
1216 2714 1310 2749 ὰδαής.
1324 2711 1404 2748 Εῐχόν
1426 2722 1456 2747 γε
1474 2713 1527 2748 μὴν
1544 2714 1632 2747 ἔγωγε
1653 2714 1701 2739 τοῦ
1725 2708 1821 2749 ἀνδρὸς

1036 2760 1140 2787 ἐκείνου
1165 2759 1214 2794 τὴν
1235 2760 1330 2793 φήμην
1356 2760 1401 2785 καὶ
1419 2760 1483 2793 πρὶν
1509 2759 1634 2785 ἐντεῦθεν
1660 2759 1820 2792 ἐκπλεῦσαι,

1038 2806 1075 2839 μὴ
1095 2805 1174 2839 μόνον
1190 2806 1248 2836 ταῖς
1268 2806 1384 2838 γραφαῖς
1407 2805 1580 2839 ἐντυγχάνων
1596 2805 1701 2831 ἐκείνου
1717 2805 1820 2833 πολλάν

1036 2859 1078 2882 κις
1097 2851 1155 2884 ὡδὶ,
1173 2850 1206 2883 ἃς
1225 2850 1330 2878 ἐκεῖθεν
1345 2851 1446 2882 ἐκεῖνος
1467 2851 1509 2877 σοὶ
1535 2851 1588 2877 τῶν
1603 2859 1632 2877 τε
1648 2851 1818 2886 γραμμάτων
