1900 3063
1175 49 1178 51 .
1187 45 1216 52 ..Α

182 103 217 133 93
778 107 798 136 Ν
808 107 961 138 iCEPHOF

1015 109 1113 139 GREG
1119 109 1203 140 0R.E
1773 111 1812 143 Ἃ

179 163 261 191 atque
275 158 416 186 moderate
434 158 601 194 indagandae
617 161 766 195 pertinent,
783 170 814 189 ea
830 163 961 191 lubentis-

1017 165 1235 200 φιλοπονώτερον
1261 167 1366 202 μετῄει.
1394 154 1449 194 ῐξαὶ
1481 167 1568 194 ὁπόσα
1598 167 1646 201 μὲν
1677 168 1748 204 ὑπὲρ
1775 171 1812 195 τὰ

179 203 247 230 sime
261 204 384 236 admisit,
395 212 428 232 eo
438 205 549 240 quidem
560 207 675 234 consilio
704 215 738 235 nc
753 209 965 236 conturbarctnr

177 248 292 283 argutiis
304 249 530 286 Latinoruin,qui
546 252 582 279 ibi
596 253 729 286 incolunt.
742 259 769 282 et
782 255 854 290 regis
869 255 963 290 ipsius.

177 295 224 329 qui
255 295 281 322 in
302 295 354 324 hac
370 297 501 325 doctrina:
527 305 603 333 parte
627 307 681 326 non
711 299 799 328 levem
818 301 963 335 quamdam

178 347 260 375 atque
282 342 447 370 medioerem
475 351 584 378 operam
603 344 754 377 insumunt.
777 346 880 381 quippe
902 354 963 374 cum

177 386 298 422 Algyptii
322 388 425 416 Arabes
441 396 474 416 ex
503 390 657 425 propinquo
687 391 784 419 crebro
812 391 847 419 ad
873 400 964 428 regem

179 440 226 466 per
240 441 316 461 mare
330 434 541 467 proﬁciscantur
553 436 640 463 doctte
653 436 848 472 disputationis
861 441 889 465 et
905 446 964 465 am-

178 479 288 506 hitionis
311 487 402 511 causa,
429 488 484 508 non
509 481 568 509 sine
597 490 693 517 magna
712 482 757 510 illa
781 485 964 511 ostentatione

177 524 309 557 Arabum,
328 527 373 561 qui
396 531 480 554 tutam
508 527 590 555 vitam
610 528 636 555 in
653 536 687 557 eo
701 534 807 563 ponunt
828 530 963 564 studium,

177 574 206 596 ut
227 569 365 605 indagent,
384 572 406 599 si
433 573 506 608 quod
531 574 632 602 veteris
655 574 808 603 Chaldaicm
832 577 965 605 doctrinm.

174 616 263 643 adhuc
279 618 424 652 vestigium
448 625 584 648 servetur.
601 621 730 649 Dicebant
753 622 838 653 enim,
852 630 914 650 curn
931 623 965 651 ab

173 662 278 697 Opiiiee
292 664 436 692 definitum
449 670 532 698 esset,
552 672 581 694 ut
597 667 699 700 omnia,
717 676 777 702 qua:
792 671 921 698 oriuntur
937 675 965 698 et

175 712 327 743 intereunt,
344 711 498 739 cmlestium
515 713 636 740 siderum
650 715 781 748 qualitate
795 719 823 742 et
835 720 909 742 motu
923 716 964 743 ef—

176 756 323 783 ticerentur
335 759 363 783 et
376 756 572 788 formarentur.
598 763 679 793 atque
694 767 790 786 eerum
806 761 963 789 collocatio-

173 801 256 828 nibus
271 809 304 829 ac
329 802 495 836 rationibus,
510 811 570 838 qum
581 805 627 832 liis
640 812 701 832 cum
719 806 801 834 rebus
824 808 962 834 terrestri-

175 847 226 874 bus
248 847 460 881 iutercederent,
484 849 584 878 ﬂumen
611 852 733 879 materiae
757 853 835 887 quasi
853 853 959 888 legibus

175 898 318 927 regeretur
342 899 369 922 et
397 895 536 924 modulate
560 898 755 930 ordinaretur,
784 906 958 934 nequaquam

173 938 252 966 uehis
266 936 434 969 studendum
448 950 518 975 esse,
547 948 576 970 ut
591 944 678 971 altero
696 945 818 979 neglecto
841 945 959 973 alterum

174 989 279 1013 tantum
305 994 542 1022 cognosceremus.
571 990 675 1017 Caucam
706 991 779 1018 enim
810 991 957 1026 quamdam

172 1030 305 1060 doctrina:
327 1033 398 1061 viam
417 1035 535 1070 ingredi,
553 1037 599 1069 qui
616 1031 666 1064 nec
690 1045 752 1064 eum
773 1037 961 1072 speculatione

174 1078 270 1111 praxin
285 1080 451 1115 conjungere
460 1081 542 1109 vellet
555 1090 641 1118 neque
654 1091 715 1110 cum
730 1083 815 1110 altero
830 1083 958 1109 alterum.

173 1122 241 1150 Cum
258 1125 330 1152 enim
356 1127 383 1153 in
404 1127 512 1154 duobus
531 1128 605 1155 hisce
619 1129 765 1164 generibus
783 1128 961 1163 philosophia

175 1172 371 1206 contemplatio
400 1180 535 1207 versetur,
547 1183 608 1202 eum
626 1175 698 1202 haud
713 1183 778 1203 sane
809 1183 899 1202 rerum
917 1183 944 1202 ra

175 1215 265 1243 tiones
279 1217 467 1251 cogniturum,
483 1222 510 1246 et
526 1219 642 1247 multum
656 1219 752 1247 abesse
775 1225 805 1247 ut
824 1219 961 1255 perfectus

173 1261 283 1294 sapiens
294 1263 424 1296 appellari
444 1264 538 1298 possit,
553 1265 599 1299 qui
613 1272 667 1292 non
677 1264 731 1300 34
743 1269 857 1300 utraque
873 1265 961 1299 philo-

173 1307 277 1341 sophia:
287 1310 425 1343 mysteria.
436 1315 567 1344 quantum
580 1318 650 1346 opus
662 1315 744 1344 esset,
757 1311 923 1345 pcrsvrutari
934 1311 961 1337 in

173 1354 295 1380 animum
308 1355 459 1383 induceret.
623 1354 631 1361 “

1017 214 1179 248 ἐσκαμμένα
1203 212 1233 248 [1⁵.
1266 213 1316 240 102
1342 212 1367 249 [ι]
1402 215 1459 245 τοῖς
1488 213 1612 240 εὐσεὸἑσι
1635 214 1728 247 νόμοις
1759 216 1811 241 xui.

1017 259 1162 295 ὑπερόριον
1188 260 1272 286 τείνει
1295 260 1375 291 πόδα,
1393 260 1480 286 ταῦτα
1500 260 1523 286 δ’
1546 259 1688 286 ἀπεσείετό
1709 269 1738 286 τε
1760 261 1812 287 καὶ

1016 306 1142 332 διέπτυεν
1155 306 1192 337 ὡς
1208 306 1333 341 ἄχρηστα
1349 307 1407 337 τοῖς
1430 305 1552 332 εὐσεϐεῖν
1575 306 1716 332 ἐθέλουσιν
1727 314 1734 322 ·
1753 307 1809 333 ὅσα

1016 353 1038 379 δ’
1062 353 1102 383 είς
1124 353 1188 384 τοὺς
1211 352 1425 387 δημιουργικοῗδς
1446 352 1501 378 τῶν
1528 352 1614 379 ὅντων
1637 352 1722 386 ὑγιῶς
1739 353 1810 378 ἑπο-

1018 398 1113 433 ρεύετο
1132 398 1241 432 λόγους,
1260 398 1346 424 ταῦτα
1359 397 1382 424 δ’
1401 398 1528 432 ἀσμένως
1545 398 1707 424 παντάπασν
1729 398 1808 432 μάλα.

1017 443 1154 479 προσίετο.
1170 444 1294 471 Κάκεῖνα
1308 443 1336 470 δὲ
1353 443 1400 470 τοῦ
1419 443 1456 479 μὴ
1473 443 1628 471 κλονεῖσθαι
1648 444 1730 470 ἕνεκα
1745 445 1808 475 τοῖς

1016 490 1081 525 περὶ
1100 490 1134 517 τὰ
1150 489 1264 516 τοιαῦτα
1280 489 1394 524 κομψοῖς
1409 489 1462 515 τῶν
1474 489 1534 516 ἐκεῖ
1550 489 1685 518 Λατίνων,
1705 488 1752 521 ξύν
1774 498 1810 523 γε

1016 537 1091 572 αὐτῷ
1107 537 1182 571 ῤηὶ,
1198 536 1249 562 οὐκ
1272 535 1507 571 ὲρῤᾳθυμημένην
1533 535 1594 561 τινὰ
1612 535 1663 569 τὴν
1685 536 1810 569 σπουδὴν

1016 581 1055 617 τῷ
1080 581 1174 616 τοιῷδε
1200 581 1325 608 διδόντων
1347 581 1424 615 μέρει
1444 582 1494 615 τῆς
1516 581 1625 616 τέχνης,
1644 581 1691 608 ἆτε
1716 581 1808 616 ἀγχοῦ

1016 628 1070 655 τῶν
1095 628 1256 662 Αἰγυπτίων
1284 622 1409 662 Ἀράὸιιὶν
1439 627 1539 658 δντων,
1567 627 1617 654 καὶ
1647 627 1732 662 συχνὰ
1758 627 1810 654 καὶ

1015 673 1167 700 διαπόντιον
1183 675 1210 704 ις
1225 672 1273 698 τὸν
1296 672 1368 707 ρἦα
1385 671 1435 706 τὴν
1451 672 1545 706 ἄφιξιν
1567 672 1739 706 ποιουμένων
1761 671 1807 697 λο-

1016 720 1097 752 γικῆς
1125 725 1154 744 τε
1174 717 1283 752 ὁμιλίας
1307 717 1389 743 ἕνεκα
1413 716 1460 743 καὶ
1486 716 1544 751 ἅμα
1562 716 1728 751 φιλοτιμίας,
1751 725 1806 750 μα-

1016 764 1081 800 κρὶν
1103 763 1307 799 ιπισυρομένης
1324 762 1355 790 τὸ
1379 762 1564 789 ἐπιδεικτικὸν
1587 762 1713 797 Ἀράϐων
1730 762 1807 788 ὲκεί-

1016 820 1079 843 νων,
1096 807 1133 838 ὧν
1148 810 1193 836 τὸν
1209 811 1317 837 ἅπαντα
1338 809 1394 844 βίον
1415 809 1576 844 ἀπασχολετ,
1593 809 1620 836 ετ
1636 808 1662 835 τί
1684 817 1736 835 που
1752 808 1806 843 τῆς

1013 858 1096 884 πάλαι
1114 856 1269 890 Χσλδαῖκῆς
1281 856 1437 890 ἐπιστήμης
1453 855 1625 881 ἐλλέλειπται
1645 854 1804 889 σωζόμενον

1013 903 1053 929 ἔτι
1073 903 1194 938 σημεῖον.
1215 902 1357 936 Ἐφασκον
1369 900 1423 935 γὰρ
1443 899 1481 932 ὡς
1502 900 1564 926 ἐπεὶ
1575 899 1611 926 τὰ
1627 899 1679 926 ὑπὸ
1695 899 1806 933 γένεσιν

1015 950 1103 976 πάντα
1130 948 1178 974 καὶ
1205 947 1297 982 φθίσιν
1316 947 1349 981 τῇ
1367 947 1421 973 τῶν
1441 945 1576 981 οὐρανίων
1602 944 1729 979 ποιότητι
1755 944 1806 970 καὶ

1014 995 1121 1029 κινήσει
1143 993 1261 1028 πάσχειν
1280 1001 1311 1018 τε
1329 993 1374 1019 καὶ
1389 991 1583 1018 είδοποιεῖσθαι
1600 991 1668 1026 πρδς
1679 988 1727 1017 τοῦ
1753 990 1804 1025 δη-

1015 1039 1236 1075 μιουργήσαντος
1253 1036 1365 1071 ὥριστο,
1381 1036 1429 1062 καὶ
1444 1036 1500 1067 τοϊς
1523 1034 1635 1062 ἐκείνων
1659 1042 1806 1068 συσχημα-

1014 1084 1121 1118 τισμοῖς
1146 1091 1176 1109 τε
1202 1082 1248 1108 καὶ
1270 1082 1330 1113 ταῖς
1353 1081 1421 1115 πρὸς
1438 1081 1572 1114 τάπίγεια
1589 1078 1804 1106 συνοικειώσεσι

1015 1129 1045 1155 τδ
1061 1128 1122 1163 ῥέον
1144 1127 1194 1162 τῆς
1210 1127 1306 1160 ὑλικῆς
1322 1126 1465 1160 ποιότητος
1480 1123 1535 1153 οἷον
1560 1124 1747 1160 νομοθετεϊτιί
1769 1132 1800 1150 τε

1015 1173 1062 1199 aut
1084 1172 1258 1207 ῥυθμίζεται,
1285 1170 1390 1205 ἀνάγκη
1419 1170 1457 1205 μὴ
1483 1169 1598 1204 θάτερον
1626 1169 1676 1203 μὲν
1702 1168 1804 1195 εἰδέναι

1015 1219 1080 1254 περὶ
1100 1218 1198 1249 παντῆς
1227 1217 1375 1250 ποιεῖσθαι,
1396 1216 1509 1252 θάτερον
1535 1215 1557 1242 δ’
1580 1214 1622 1242 οὗ.
1640 1214 1676 1254 ⁷11
1694 1215 1747 1249 γὰρ
1769 1214 1804 1241 ἂν

1015 1265 1099 1301 χωλὸν
1116 1264 1234 1300 βαδίσειε
1245 1263 1338 1299 τρίὸον
1351 1262 1402 1297 τῆς
1416 1262 1573 1298 ἐπιστήμης
1587 1261 1615 1293 ὂς
1632 1261 1666 1288 ἂν
1683 1262 1751 1295 μήτε
1763 1260 1804 1294 τῷ

1016 1308 1180 1345 θεωρητικῷ
1197 1308 1342 1336 συνάπτειν
1361 1307 1442 1344 ἐθέλῃ
1461 1307 1492 1334 τὸ
1515 1306 1667 1342 πρακτικδν
1686 1306 1749 1340 μήτ’
1769 1303 1802 1331 αὖ

1017 1356 1125 1392 θατέρῳ
1152 1355 1276 1389 θάτερον.
1292 1354 1350 1388 Τῆς
1374 1354 1429 1389 γάρ
1453 1363 1494 1380 τοι
1513 1353 1672 1388 φιλοσοφίας
1694 1352 1723 1378 ὲν
1745 1353 1803 1382 τοῖς

171 1403 233 1430 δυσὶ
247 1404 354 1434 τούτοις
386 1404 468 1431 εἴδεσι
491 1405 693 1441 θεωρουμένης,
712 1406 793 1441 σχολῇ
813 1405 839 1439 γ’
859 1405 893 1432 ἂν
930 1407 994 1438 τοὺς
1012 1405 1109 1440 λόγους
1129 1404 1206 1439 γνοίη
1224 1403 1278 1430 τῶν
1296 1402 1393 1435 ὄντων,
1409 1402 1509 1429 πολλοῦ
1525 1403 1548 1428 δ’
1565 1401 1597 1428 ἂν
1613 1401 1668 1427 δεῖν
1684 1399 1756 1427 κατὰ
1771 1399 1804 1425 τὸ

172 1453 276 1485 ἐντελὲς
301 1453 435 1488 κληθῆναι
461 1454 552 1488 σοφὺν,
569 1450 592 1487 ᾧ
620 1454 656 1488 μὴ
679 1454 764 1489 ἄμφω
787 1454 848 1481 καθ’
871 1454 958 1481 1Ξπόσα
976 1455 1018 1481 δεῖ
1033 1453 1154 1489 μετιέναι
1169 1453 1259 1479 ἔπεισι
1272 1451 1306 1478 τὰ
1320 1450 1370 1485 τῆς
1383 1450 1543 1484 φιλοσοφίας
1561 1449 1710 1486 μυστήρια.

213 1499 258 1534 ΙΧἶ
274 1499 326 1527 Sed
344 1499 402 1527 lucc
422 1499 566 1527 hactenus.
585 1500 632 1528 Ille
648 1507 723 1533 vero,
737 1508 799 1529 cum
813 1501 960 1536 plurimum

1047 1499 1086 1528 8'.
1097 1499 1190 1531 ,Ἀλλὰ
1210 1498 1313 1525 τούτων
1330 1498 1381 1532 μὲν
1395 1497 1466 1529 ἃλις.
1484 1497 1560 1532 Ἐμοὶ
1575 1496 1597 1523 δ’
1615 1495 1653 1528 ὡς
1667 1496 1702 1522 τὰ
1716 1496 1802 1522 πολλὰ

174 1547 261 1574 otium
279 1551 372 1581 ageret
384 1547 426 1574 vel
442 1547 626 1581 occupatione
642 1547 699 1582 ipsa
721 1548 896 1582 praestantius
912 1547 962 1575 du-

173 1599 247 1621 ceret
265 1598 309 1621 tua
327 1599 407 1620 causa
423 1599 466 1620 me
494 1593 584 1621 colere
611 1597 694 1627 atque
720 1601 831 1626 curare,
853 1600 960 1620 mecum

173 1639 311 1667 circumiit
328 1638 458 1672 insulam,
477 1638 654 1673 ostenditque
676 1646 738 1674 qua:
753 1638 868 1666 visenda
882 1644 961 1666 erant

173 1693 236 1713 cum
249 1685 398 1718 aliislocis,
411 1689 467 1712 tum
485 1685 510 1712 in
523 1684 645 1716 theatris,
659 1684 736 1718 foris,
747 1685 860 1720 iudiciis
883 1684 960 1712 Mon-

174 1732 273 1760 stravit
287 1739 370 1766 porro
385 1731 465 1763 mihi,
480 1736 507 1758 ut
530 1731 725 1759 numismatum
744 1737 772 1758 et
790 1735 960 1758 monetarum

175 1777 245 1804 ratio
266 1785 316 1812 per
336 1785 418 1804 otutte
442 1784 530 1804 aevum
547 1776 643 1805 cadent
661 1781 784 1805 maneret
808 1785 898 1812 neque
914 1784 962 1803 un-

173 1832 257 1859 quam
275 1832 308 1851 ne
321 1824 464 1851 minimum
479 1822 590 1858 quidem
609 1827 779 1856 mutaretur;
799 1828 829 1850 ut
842 1822 868 1849 in
894 1830 963 1857 pon-

173 1871 286 1899 deribus
310 1875 393 1905 atque
416 1870 554 1898 mensuris
579 1870 670 1898 omnia
699 1876 791 1897 rerum
821 1868 959 1896 venalium

173 1925 274 1952 genera
287 1917 420 1944 darentur
442 1921 524 1952 atque
547 1916 741 1950 acciperentur
756 1922 810 1942 non
829 1923 880 1949 pro
895 1922 961 1942 ven—

173 1964 293 1992 ditorum
313 1963 529 1999 uniuscujusque
558 1963 708 1995 voluntate,
734 1962 782 1990 sed
808 1961 960 1989 secundum

173 2015 281 2038 vetusta
305 2010 425 2038 civitatis
450 2009 598 2042 instituta;
619 2017 674 2037 non
699 2013 781 2043 prout
801 2009 961 2036 divitiorutn

173 2056 288 2084 avaritia
306 2060 333 2084 et
350 2056 467 2083 aviditas
482 2055 543 2090 plus
566 2056 641 2091 justo
667 2056 768 2083 lucrari
790 2055 870 2082 vellet
884 2075 890 2085 .
913 2057 960 2082 sed

175 2108 257 2138 prout
273 2103 356 2138 leges.
373 2103 524 2137 disciplina:
542 2110 557 2129 a
571 2101 721 2137 majoribus
734 2101 803 2129 bene
820 2101 962 2135 descriptae

174 2150 314 2183 custodes,
333 2157 382 2184 per
403 2157 485 2176 omne
501 2153 609 2183 tempus
621 2148 762 2184 juberent.
780 2147 873 2182 Neque
891 2147 962 2174 divi-

174 2197 221 2224 tiis
233 2193 369 2224 eicellens
384 2203 472 2230 neque
484 2195 573 2222 artatis
587 2195 684 2221 robore
700 2193 832 2228 praeditus
850 2193 889 2220 ibi
904 2200 961 2223 eos,

175 2243 222 2278 qui
238 2242 383 2270 inferiores
399 2247 516 2276 utroque
541 2249 642 2275 genere
664 2242 738 2272 sint,
766 2240 845 2268 facile
870 2240 963 2274 oppri-

176 2294 252 2314 mere
267 2290 350 2321 atque
378 2285 578 2313 circumvenire
601 2285 708 2320 possit;
739 2292 801 2312 nam
825 2285 871 2320 qui
889 2285 964 2320 leges

175 2332 295 2360 civitatis
309 2332 352 2359 vel
369 2331 481 2359 minime
499 2331 651 2367 transgredi
667 2332 777 2365 audeat,
795 2331 817 2360 is
834 2332 925 2359 statim
939 2332 962 2359 si

176 2385 231 2405 non
248 2377 347 2412 capite,
358 2381 479 2404 attamen
496 2376 529 2403 iis
544 2375 676 2403 membris
694 2376 817 2410 corporis
829 2376 963 2403 multatur

176 2432 298 2460 quaapro
322 2424 428 2452 ratione
442 2423 534 2450 delicti
556 2423 629 2458 leges
656 2423 764 2458 jubcnt.
792 2423 854 2451 llaec
882 2424 962 2456 ratio,

176 2471 266 2506 inquit
293 2471 338 2498 ille
352 2490 359 2502 ,
377 2470 458 2498 crede
478 2469 566 2502 mihi,
595 2470 617 2497 si
649 2474 795 2503 servatur,
821 2470 964 2505 conjungit

175 2522 257 2551 atque
274 2517 398 2544 continet
412 2517 538 2544 civitates
555 2521 584 2544 et
601 2516 694 2547 urbes.
710 2521 797 2543 terras
814 2521 842 2543 et
857 2517 961 2544 insulas

176 2563 303 2597 privatim
322 2567 403 2596 atque
422 2562 549 2597 publice;
571 2562 613 2589 sin
638 2567 729 2589 autem
747 2562 892 2594 evertitur,
907 2562 961 2588 acri

176 2609 282 2644 impetu
297 2608 379 2635 etiam
395 2608 448 2644 35
466 2616 510 2636 res
523 2608 665 2636 universas
679 2613 708 2636 et
720 2609 840 2643 singulas
852 2608 961 2641 evertit,

175 2663 237 2697 quic
257 2654 406 2690 illegitimm
420 2655 447 2681 in
463 2654 622 2682 civitatibus
633 2659 661 2681 et
677 2655 792 2682 urbibus
807 2659 960 2686 versantur,

175 2709 238 2728 cum
265 2701 341 2728 nullo
365 2706 443 2736 pacto
464 2701 565 2734 rebus,
588 2709 648 2736 quae
672 2701 723 2736 legi
740 2705 903 2736 repugnant,
919 2701 963 2727 iir-

177 2755 251 2775 mum
267 2754 349 2782 atque
374 2748 471 2775 stabile
498 2748 707 2775 iuudamentum
731 2748 842 2776 subesse
867 2749 961 2783 possit,

176 2794 223 2821 sed
245 2793 322 2820 brevi
343 2799 464 2829 tempore
482 2795 572 2822 omnis
603 2794 787 2829 providentia,
812 2803 873 2829 quae
891 2803 962 2823 retu-

175 2840 312 2878 publicam
329 2841 481 2876 contineat,
498 2842 530 2870 iis
556 2842 708 2877 exagitetur
733 2846 759 2870 ct
785 2841 960 2874 dissolvatur,

1015 1547 1114 1583 σχολὴν
1141 1546 1227 1580 ἄγων,
1249 1545 1265 1580 ἢ
1293 1544 1341 1571 καὶ
1367 1543 1496 1578 ἀσχολίας
1521 1544 1673 1577 ὑπέρτερον
1697 1542 1802 1573 ἐκεῖνος

1015 1593 1130 1627 πρᾶγμα
1146 1590 1307 1626 ποιούμενος
1326 1589 1491 1625 θεραπεύειν
1507 1589 1556 1623 ἐμὲ
1578 1589 1622 1615 διὰ
1637 1588 1679 1620 σὲ,
1694 1589 1800 1616 ἐδείκνυ

1014 1638 1128 1673 περιιὼν
1155 1637 1203 1663 καὶ
1227 1635 1446 1671 περιηγούμενος
1472 1635 1559 1661 ὁπόσα
1578 1636 1611 1670 τῇ
1634 1635 1709 1670 νήσῳ
1724 1635 1802 1670 περί-

1014 1694 1090 1712 εστιν
1113 1684 1190 1719 ἆξιας
1200 1684 1273 1715 θέας,
1286 1683 1320 1710 τά
1342 1691 1371 1708 τε
1393 1682 1460 1708 ἄλλα
1485 1684 1533 1708 καὶ
1553 1683 1604 1708 ὅσα
1619 1682 1648 1708 ὲν
1663 1682 1802 1716 θεάτροις,

1012 1732 1041 1758 ὲν
1063 1731 1188 1766 ἀγοραῖς,
1208 1731 1236 1756 ὲν
1256 1728 1456 1763 δικαστηρίοις,
1474 1728 1504 1754 τὸ
1524 1729 1553 1754 ὲν
1577 1727 1729 1762 νομίσμασι
1754 1727 1800 1754 καὶ

1013 1780 1173 1815 χαράγμασι
1199 1777 1245 1804 τὸν
1266 1776 1376 1806 ἅπαντα
1397 1776 1495 1811 χρόνον
1515 1775 1649 1807 ὡσαύτως
1674 1775 1735 1810 ἔχον
1753 1775 1802 1801 καὶ

1016 1826 1126 1861 μηδαμῆ
1153 1825 1215 1860 μηδ’
1235 1824 1361 1852 ὁπωσοῦν
1387 1824 1568 1860 τρεπίμενον,
1593 1822 1640 1849 καὶ
1666 1822 1742 1852 ὅπως
1771 1822 1801 1848 ὲν

1014 1871 1145 1906 σταθμοῖς
1164 1871 1211 1898 καὶ
1238 1871 1348 1906 μέτροις
1364 1870 1525 1904 πλάστιγξιν
1552 1869 1596 1904 εἴη
1620 1868 1747 1902 διδόμενα
1770 1876 1800 1894 τε

1014 1919 1061 1945 καὶ
1075 1917 1271 1952 λαμὸανόμενα
1287 1917 1346 1952 εῐδη
1358 1916 1486 1950 καθάπαξ
1505 1915 1594 1942 ὠνίων
1615 1916 1734 1947 ἅπαντα,
1750 1914 1800 1950 οὐχ

1013 1965 1051 1997 ὡς
1065 1964 1119 1991 τῶν
1138 1964 1351 1998 πιπρασκόντων
1364 1963 1479 1994 ἕκαστος
1503 1962 1619 1998 βούλοιτ’
1633 1962 1677 1995 ἂν,
1691 1961 1749 1988 ἀλλΙ
1763 1961 1800 1992 ὡς

1013 2012 1047 2038 τὰ
1060 2011 1110 2046 τῆς
1127 2009 1266 2040 πολιτείας
1283 2009 1385 2044 ἀρχαῖα
1397 2008 1540 2035 κελεύουσι
1553 2007 1751 2042 δόγματα,οὑδ“
1764 2007 1801 2038 ὡς

1013 2058 1064 2093 τῆς
1080 2058 1134 2084 τῶν
1152 2056 1359 2091 εὐτυχεστέρων
1373 2055 1534 2088 πλεονεξίας
1555 2055 1586 2081 τὸ
1605 2054 1694 2088 λίχνον
1711 2061 1801 2088 παρα-

1013 2104 1168 2138 κερδαίνειν
1184 2103 1281 2135 ἐθέλει,
1302 2102 1360 2129 ἀλλ’
1376 2103 1414 2133 ὼς
1436 2104 1460 2129 o'.
1482 2102 1605 2136 σωτῆρες
1629 2101 1679 2135 τῆς
1700 2100 1802 2128 ἄνωθεν

1016 2149 1143 2182 εὐταξίας
1168 2150 1368 2184 προστάττουσι
1390 2150 1468 2185 νόμοι
1494 2149 1540 2175 τὶν
1564 2148 1672 2175 ἅπαντα
1695 2148 1800 2182 χρόνον.

1017 2196 1078 2222 Οὐδ’
1093 2196 1107 2222 ὁ
1122 2195 1231 2230 πλούτῳ
1247 2194 1385 2231 προῦχων,
1402 2195 1458 2221 οὐδ’
1481 2191 1503 2228 ᾧ
1528 2193 1589 2221 καθ’
1603 2193 1714 2229 ἠλικίαν
1737 2201 1802 2227 προσ

1017 2242 1164 2277 ϐεϐηκέναι
1190 2242 1300 2277 ξυνέϐη,
1315 2243 1346 2268 τὺ
1363 2241 1444 2268 πλέον
1470 2241 1542 2273 ἕξειν
1566 2242 1595 2267 ὲν
1619 2241 1725 2271 τούτοις
1749 2238 1803 2270 οἷός

1016 2288 1040 2315 τ’
1053 2288 1086 2316 ἂν
1102 2288 1144 2324 εἴη
1163 2289 1222 2315 ἐκεῖ
1235 2288 1289 2314 τῶν
1305 2289 1427 2322 ἡσσόνων
1446 2291 1507 2314 κατ’
1522 2287 1615 2321 ἄμφω.
1631 2285 1707 2320 Ταχῦ
1729 2285 1801 2320 μέντ’

1017 2335 1050 2362 ἂν
1073 2334 1246 2370 ἀφαιρεθείη.
1269 2335 1293 2360 εί
1310 2333 1348 2369 μὴ
1363 2334 1413 2369 τῆς
1436 2333 1568 2368 κεφαλῆς,
1584 2332 1642 2359 ἀλλ’
1656 2332 1703 2360 οὖν
1716 2333 1802 2359 ὁπόσα

1017 2381 1072 2408 τῶν
1088 2380 1135 2407 τοῦ
1152 2380 1277 2415 σώματος
1295 2380 1383 2415 μελῶν
1397 2379 1469 2406 κατὰ
1487 2380 1517 2406 τὸ
1532 2379 1580 2406 τοῦ
1598 2379 1802 2415 ἁμαρτηθέντος

1017 2427 1148 2462 ἀνάλογον
1165 2427 1189 2454 οἱ
1208 2427 1286 2461 νόμοι
1311 2427 1362 2461 τῆς
1385 2426 1523 2459 πολιτείας
1546 2427 1716 2460 κελεύουσιν,
1730 2427 1802 2458 ὅστις

1017 2474 1117 2504 αὐτοὺς
1144 2473 1310 2507 καπηλεύειν
1342 2473 1468 2500 ὁπωσοῦν
1496 2472 1617 2508 τολμῴη.
1648 2474 1704 2500 Καὶ
1731 2472 1801 2499 τοῦτ’

1017 2520 1102 2552 ἐστὶν,
1125 2520 1219 2551 ἔλεγεν
1242 2521 1347 2551 ἐκεῖνος
1375 2519 1437 2555 ἐμοὶ
1468 2519 1596 2554 βεϐαιῶν,
1612 2519 1626 2545 ὂ
1650 2519 1801 2554 σωζόμενον

1019 2566 1069 2600 μὲν
1086 2566 1227 2600 συνίστησι
1244 2567 1293 2592 καὶ
1307 2566 1416 2600 συνέχει
1433 2565 1573 2597 πολιτείας
1588 2566 1634 2591 καὶ
1648 2565 1742 2596 πόλεις
1758 2566 1802 2591 καὶ

1017 2611 1148 2645 ἠπείρους
1164 2611 1194 2647 [Γ.
1212 2611 1261 2638 105
1275 2611 1302 2646 [ι]
1323 2612 1369 2638 καὶ
1390 2612 1502 2646 νήσους,
1520 2611 1567 2637 καὶ
1592 2611 1646 2646 ἰδίᾳ
1659 2611 1706 2637 καὶ
1722 2611 1802 2645 δημο-

1018 2658 1074 2693 σίᾳ,
1100 2659 1322 2692 ἀνατρεπόμενον
1347 2658 1369 2684 δ’
1400 2657 1434 2684 αἱ
1466 2658 1567 2689 ὀξείαις
1602 2658 1801 2693 συνανατρέπει

1018 2705 1114 2739 ῥοπαῖς
1129 2704 1164 2731 τά
1178 2712 1207 2730 τε
1233 2704 1310 2731 κοινὰ
1335 2705 1382 2731 καὶ
1402 2704 1464 2731 καθ’
1486 2705 1589 2730 ἕκαστα
1605 2704 1660 2731 τῶν
1676 2705 1801 2738 πραγμά-

1015 2759 1071 2777 των
1094 2751 1145 2777 ὅσα
1174 2751 1268 2777 πόλεσι
1297 2760 1327 2777 τε
1355 2751 1402 2778 καὶ
1427 2750 1580 2781 πολιτείαις
1605 2750 1800 2784 ἓγκαλινδετται

1017 2796 1262 2832 παρανομούμενσ,
1279 2797 1391 2832 μηδαμῆ
1413 2798 1469 2828 τοῖς
1490 2797 1661 2832 παρανόμοις
1684 2796 1800 2822 συνεῖναι

1016 2842 1098 2878 φύσιν
1112 2843 1226 2879 ἐχούσης
1250 2844 1297 2879 τῆς
1315 2844 1423 2879 ἑδραίας
1443 2844 1575 2879 διαμονῆς
1592 2844 1639 2870 καὶ
1661 2843 1792 2879 κρηπῖδος.
