1900 3063
79 141 114 172 ‘25
577 150 801 182 BYZtNTlN/E
824 153 1016 186 HISTORI/E
1039 158 1109 188 LIB.
1132 160 1222 190 xxv.
1673 161 1707 191 εδ

82 197 142 248 ἀλλ’
158 199 188 224 ιν
199 199 230 248 οὐ
250 201 349 236 μακρῷ
363 202 401 238 τῷ
415 204 504 238 χράνῳ
517 206 603 240 ῥᾷστα
618 208 803 243 σαλευομένης
823 210 868 236 καλ

924 213 1072 241 harmonia:
1098 215 1194 246 instar.
1212 223 1273 243 cum
1305 216 1415 243 chorda:
1439 216 1642 248 dirumpuntur.
1671 218 1706 244 llt

80 245 265 280 διαλυομένης
286 247 395 283 ἁπάσης
427 251 554 284 προνοίας
583 253 753 289 συνδετικῆς,
779 255 872 290 ὥσπερ

80 291 219 324 ἁρμονίας
233 294 412 328 ῥηγνυμένων
423 296 478 323 τῶν
489 299 603 333 χορδῶν.
616 300 673 334 Τῆς
687 302 740 334 γὰρ
756 301 872 328 καθόλου
884 305 890 309 ⁴

81 336 224 382 πολιτείας
242 339 427 375 ὑγιαινούσης,
443 342 550 378 ἀνάγκη
576 344 662 376 δήπου
681 346 728 372 καὶ
749 346 783 373 τὰ
800 348 872 382 μέρη

82 381 175 413 κιλῶς
189 383 372 411 ἀπαλλάττειν
388 387 636 422 συνεξομοιούμενα
652 389 692 425 τῷ
709 391 772 424 ὅλῳ,
788 391 873 418 καθά-

85 434 140 461 περ
157 424 205 453 οὖν
224 428 379 456 τούναντίον
401 433 531 468 νοσούσης
555 436 601 460 καὶ
625 436 695 462 αὐτὰ
722 438 871 470 συννοσεῖν,

83 473 122 504 ὡς
155 475 198 504 είς
221 476 376 509 ἀρχέτυπον
406 479 455 513 τὴν
488 480 605 515 μίμησιν
629 483 799 518 ἀναφέροντα
826 485 872 511 καὶ

83 519 214 555 μάρτυρα
232 521 386 559 βεϐαιωτὴν
403 525 453 559 τῆς
469 527 571 559 κακίας
584 530 807 564 προενηνεγμένα
822 532 872 564 τὴν

82 564 228 599 πολιτικὴν
250 567 338 601 ἀρχὴν
359 569 406 595 καὶ
432 572 608 600 κατάστασιν.
624 573 733 605 Δίκαιος
754 575 845 601 τοίνυν
859 576 872 601 ὁ

83 609 187 643 Κύριος
203 611 250 639 ὢν.
270 613 315 638 καὶ
340 613 514 647 δικαιοσύνας
540 618 578 648 ὡς
599 618 629 644 τὺ
652 618 724 650 είκὸς
744 619 870 652 ἀγαπῶν,

83 654 148 688 ὺψοί
162 656 265 689 μᾶλλον
281 657 344 692 ἐονη
360 659 378 686 ᾱ
395 661 433 695 μὴ
447 662 530 696 νόμον
546 663 596 696 μὲν
613 663 679 698 ἔχει,
697 664 776 697 φύσει
794 665 821 691 δὲ
837 665 872 691 τὰ

83 701 131 726 τοῦ
147 703 234 736 νόμου
248 706 320 730 ποιεί
336 706 406 732 κατὰ
423 707 467 733 τὸν
481 707 553 735 θεῖον
566 709 740 742 ’Λπόστολον,
760 712 834 746 μισεί
843 711 871 738 δὲ

83 747 108 772 οῗ
119 747 171 782 ζῇν
188 749 237 782 μὲν
251 749 368 785 ᾕρηνταί
390 761 420 778 τε
443 755 489 780 καὶ
507 756 706 790 ἐπηγγείλαντο
725 758 794 784 κατὰ
809 758 871 788 τοὺς

83 795 132 829 τῆς
146 795 289 828 εὐσεϐείας
306 798 424 833 Θεσμοὺς
444 801 491 827 καὶ
511 802 620 836 νόμους,
637 803 728 838 ἔργοις
743 803 765 829 δ’
779 804 870 835 αὐτοῖς

83 842 342 876 καταψευδομένους
365 844 420 871 τῶν
440 847 614 880 ἐπαγγελιῶν
638 848 684 874 καὶ
705 848 870 883 ἀποσειομέ-

924 258 1008 289 eniln,
1024 259 1046 285 si
1065 264 1151 287 totum
1165 261 1283 287 civitatis
1310 269 1410 295 corpus
1434 269 1531 288 sanum
1554 265 1604 292 est,
1625 262 1706 288 etiam

924 304 1046 331 membra
1066 312 1127 332 cum
1137 313 1169 332 eo
1181 306 1378 333 concordantia
1394 306 1463 333 bene
1476 313 1535 333 sese
1545 306 1646 334 habere
1657 315 1706 334 ne-

923 356 1000 376 cesse
1014 354 1067 380 est.
1081 351 1120 376 sic
1136 356 1241 384 contra,
1257 351 1303 378 ubi
1319 352 1384 378 illud
1411 357 1534 387 aegrotat,
1549 353 1630 380 etiam
1650 353 1708 379 haec

922 402 978 421 non
993 401 1108 429 possunt
1123 403 1176 423 non
1194 404 1266 432 aagre
1281 397 1377 424 affecta
1397 405 1470 429 esse,
1485 399 1586 432 quippe
1601 406 1661 432 qum
1679 398 1707 424 id

923 445 1051 475 tanquam
1085 442 1203 476 primum
1236 443 1373 477 quoddam
1397 444 1536 478 exemplar
1566 444 1708 471 imitentur

922 490 1004 521 atque
1019 486 1139 514 civitatis
1153 488 1383 522 gubernationem
1403 496 1434 515 ac
1449 493 1550 515 Statum
1570 493 1601 516 ut
1626 489 1707 515 vitio-

922 532 1012 559 sitatis
1036 536 1133 560 testem
1159 533 1406 567 locupletissimum
1434 534 1582 569 proferant.
1614 535 1707 561 Domi-

922 576 973 604 nus
986 583 1087 609 autem.
1104 579 1148 613 qui
1163 579 1253 614 justus
1267 584 1309 606 est
1323 584 1360 610 et.
1377 576 1405 607 ut
1424 585 1650 610 consentaneum.
1663 580 1706 612 iu-

922 623 1025 650 stitiam
1039 629 1121 655 amat,
1147 624 1180 651 ad
1201 625 1331 659 majorem
1356 625 1514 652 felicitatem
1529 625 1621 652 evehit
1639 632 1706 659 gen-

924 669 994 702 tiles,
1018 670 1077 704 qui,
1104 674 1135 697 ut
1161 671 1199 698 ait
1216 676 1329 698 sanctus
1344 671 1525 706 Apostolus',
1550 678 1706 705 quanquam

922 716 1024 742 nullam
1038 715 1156 743 habeant
1176 717 1261 751 legem
1277 737 1284 748 .
1313 722 1401 744 taim-n
1429 722 1525 744 natura
1550 717 1620 743 duce
1647 717 1707 751 ejus

923 761 1067 795 prmeeptis
1082 762 1284 796 obsequuntur,
1299 763 1358 790 odit
1382 770 1449 790 vero
1468 770 1516 790 eos
1532 763 1578 797 qui
1596 762 1705 796 quidem

923 806 949 832 in
970 814 999 833 se
1011 813 1191 840 susceperunt
1202 813 1284 842 atque
1299 807 1415 842 professi
1433 813 1498 835 sunt
1513 815 1542 835 se
1556 808 1705 834 secundum

922 851 1063 887 religionis
1077 852 1203 879 instituta
1216 853 1345 888 legesque
1369 861 1430 881 esse
1444 852 1707 884 victuros.'actioni-

83 894 146 918 νους
158 887 248 914 πάντα
263 888 435 923 δικαιοσύνης
448 891 548 918 κανόνα
561 893 606 918 καὶ
621 893 753 928 στάθμην.
773 894 802 920 ’0
815 893 868 929 γὰρ

925 897 975 923 bus
988 901 1078 924 tamen
1093 899 1225 932 promissa
1239 899 1354 926 eludunt
1365 903 1392 925 et
1402 906 1496 926 omnes
1513 899 1626 934 iustitiae
1641 906 1706 925 nor-

81 932 262 969 δικαιοσύνην
283 934 332 970 μὲν
350 935 600 972 ἀποστρεφόμενος,
617 939 723 969 ἀδικίας
739 939 762 966 δ’
777 940 872 966 ἀνθαι-

83 979 216 1013 ρούμενος
232 981 362 1016 κλήρους.
380 983 427 1010 καὶ
444 984 512 1018 μήτε
532 984 594 1015 τοὺς
608 984 696 1015 θείους
711 985 871 1020 αἰδούμενος

82 1026 194 1058 νόμους,
214 1029 386 1063 περιῇρονῶν
408 1029 430 1056 δ’
454 1029 624 1063 ἀνθρώπινον
642 1031 753 1058 ἃπασαν
774 1031 869 1066 τύχην,

81 1070 160 1102 οὗτος
172 1071 297 1107 ἀφώρισε
311 1073 359 1107 μὲν
374 1074 445 1100 ἑκών
460 1083 490 1109 γε
508 1072 577 1101 εἶναι
589 1075 658 1102 Θεοῦ
673 1076 719 1102 τοῦ
733 1076 782 1110 τῆς
793 1077 872 1111 δίκης

82 1116 190 1152 ἔχοντος
207 1119 269 1149 τοὺς
291 1120 401 1153 θρόνους
418 1121 511 1155 σαφῶς
531 1121 639 1152 ἑαυτὸν.
655 1123 827 1157 συνῳκείωσε
847 1123 871 1149 δ’

83 1164 142 1198 ἅμα
156 1165 195 1200 τῷ
209 1165 336 1200 διαϐόλῳ.
357 1168 404 1193 Διὸ
419 1169 467 1194 καὶ
491 1169 649 1195 πλεονεκτεῖ
668 1169 716 1203 μὲν
733 1169 805 1196 κατὰ
822 1170 871 1202 τῆς

82 1210 174 1245 χώρας
200 1211 310 1246 ἐκείνης
334 1213 368 1240 τὰ
394 1211 520 1251 χιίρω,ᾖ
544 1215 579 1241 τὰ
600 1215 688 1241 τοιάδε
706 1216 870 1250 γεωργεῖται

81 1258 166 1290 κακὰ,
182 1260 336 1292 μειονεκτεῖ
350 1260 372 1286 δ’
396 1260 536 1295 ἑπομένως
551 1261 585 1288 τὰ
601 1261 718 1296 κρείττω
731 1269 738 1277 ’
764 1262 810 1288 καὶ
827 1261 869 1295 γί-

82 1308 158 1329 νεται
173 1304 310 1339 παντελὴς
325 1305 382 1332 ἐκεῖ
398 1306 487 1332 καλῶν
504 1306 617 1340 ἐρημία,
632 1307 679 1332 καὶ
693 1306 869 1342 κατορχεῖται

81 1346 177 1374 λοιπὸν
191 1349 240 1375 καὶ
261 1349 276 1375 ὁ
295 1349 418 1382 διάϐολος
436 1351 520 1385 ἄρδην
533 1352 620 1385 αὐτῆς
634 1352 787 1384 εὐσεϐείας.
802 1353 868 1386 πρὸς

71 1392 199 1427 -ἇρνησιν
225 1393 288 1425 τοὺς
314 1394 388 1428 αὐτῷ
416 1395 594 1429 πειθομένους
619 1398 704 1431 συχνὰ
728 1398 868 1431 ὲρεἿίζων.

82 1436 133 1465 Οἷα
152 1438 185 1473 δὴ
207 1440 277 1466 xit-tl.
294 1441 344 1475 τὴν
360 1440 515 1472 Βυζαντίων
539 1443 667 1476 γενέσθαι
684 1444 868 1478 ξυμπέπτωκε

82 1485 241 1511 πολιτείαν·
261 1487 400 1521 μισήσασα
420 1488 475 1522 γὰρ
496 1488 626 1523 ἀλήθειαν
648 1491 741 1525 ἐκείνη
759 1492 806 1518 καὶ
821 1500 869 1518 πο-

924 951 981 970 mas
994 951 1025 969 ac
1039 943 1147 978 regulas
1168 943 1311 979 ahjicinut.
1325 944 1377 977 Qui
1395 944 1468 971 enim
1482 944 1615 978 justitiam
1630 951 1708 970 aver-

923 992 999 1014 satus
1019 988 1160 1022 injustitia:
1176 989 1354 1023 amplectitur
1377 993 1477 1021 sortes,
1501 993 1528 1015 et
1542 988 1647 1023 legibus
1666 988 1708 1014 di-

923 1034 993 1060 vinis
1011 1033 1110 1067 spretis
1137 1033 1284 1061 humanam
1309 1035 1460 1068 quamlibet
1486 1035 1626 1062 fortunam
1652 1034 1707 1061 cir-

923 1079 1078 1113 cumspicit,
1096 1080 1118 1106 is
1134 1080 1278 1107 manifesto
1301 1088 1330 1108 se
1348 1081 1481 1115 disjunxit
1507 1087 1556 1107 sua
1580 1084 1676 1114 sponte
1692 1087 1707 1105 a

923 1124 978 1151 Deo
992 1125 1106 1159 justitia:
1128 1126 1225 1152 solium
1255 1131 1363 1153 tenente
1377 1146 1384 1157 ,
1414 1131 1496 1160 atque
1518 1133 1579 1152 cum
1598 1125 1706 1152 diabolo

922 1172 1058 1198 contraxit
1078 1172 1301 1200 familiaritatem.
1315 1172 1373 1205 Qua
1384 1174 1416 1199 de
1429 1180 1510 1199 causa
1522 1172 1548 1198 in
1564 1172 1608 1198 illa
1621 1176 1704 1203 terra,

922 1217 968 1244 ubi
979 1217 1040 1245 talia
1050 1223 1179 1245 seruntur
1188 1219 1267 1251 mala,
1275 1219 1328 1254 36
1336 1219 1460 1254 pessima:
1468 1224 1541 1246 artes
1548 1219 1704 1253 praevalent,

921 1263 1038 1290 virtutes
1051 1271 1118 1290 vero
1130 1264 1285 1291 necessario
1305 1265 1466 1292 inferiorem
1484 1268 1582 1291 tenent
1597 1264 1706 1294 locum;

922 1308 958 1335 ibi
974 1309 1082 1336 exsistit
1090 1309 1211 1337 omnium
1233 1310 1368 1337 bonorum
1385 1311 1513 1342 vastitas;
1537 1310 1573 1336 ibi
1589 1309 1707 1343 denique

921 1354 1045 1381 diabolus
1060 1355 1087 1381 in
1112 1355 1197 1388 ipsam
1216 1356 1378 1390 religionem
1403 1355 1641 1389 impudentissime
1664 1355 1706 1380 in-

921 1400 1018 1432 sultat,
1033 1408 1114 1434 quam
1134 1406 1163 1427 ut
1180 1401 1316 1435 dent-gent
1339 1405 1367 1428 et
1393 1401 1487 1427 tollant
1510 1407 1575 1426 suos
1590 1401 1708 1426 asseclas

920 1445 1021 1472 acriter
1036 1445 1156 1480 instigat.
1180 1445 1245 1472 Tale
1263 1445 1327 1480 quid
1343 1445 1425 1472 etiam
1444 1445 1632 1480 Byzantiorum
1650 1446 1706 1470 rei-

922 1491 1036 1524 publicze
1055 1490 1166 1518 accidit.
1183 1490 1252 1518 0dio
1270 1491 1343 1518 enim
1361 1492 1386 1518 in
1401 1491 1544 1518 veritatem
1558 1490 1706 1524 etimperii

82 1532 189 1567 λιτικῆς
207 1532 296 1567 ἀρχῆς
309 1534 493 1570 δικαιοσύνην,
509 1536 708 1571 οίκειωσαμένη
723 1538 747 1564 δ’
763 1538 868 1565 ἀδικίαν

921 1537 1052 1572 justitiam
1081 1543 1234 1574 concepto,
1264 1538 1397 1571 injustitia
1421 1544 1487 1563 vero
1503 1541 1532 1563 et
1555 1535 1705 1562 mendaciis

82 1578 131 1604 καὶ
149 1577 260 1612 ψεῦδος,
280 1579 353 1611 ὅλαις
377 1580 518 1616 παλάμαις
536 1582 585 1613 τὰς
604 1583 705 1617 ἑαυτῆς
724 1584 791 1618 πρὸς
807 1584 866 1611 ἀσέ-

83 1625 161 1650 ϐειαν
185 1624 338 1651 ἀνεπέτασε
361 1626 457 1658 πύλας.
476 1627 601 1662 Κάπειδὴ
621 1628 658 1662 τῷ
674 1629 790 1665 διαῢόλῳ
815 1629 869 1656 σώ-

83 1677 171 1703 ματος
194 1669 241 1695 ἐπὶ
268 1669 372 1701 τούτοις
400 1671 452 1698 ἔδει
480 1672 527 1698 καὶ
552 1672 669 1707 ὀργάνου
697 1674 769 1708 μάλα
797 1675 870 1710 αὐτῷ

83 1715 271 1750 προσήκοντος
287 1716 344 1748 νῦν,
362 1717 484 1752 εὑρίσκει
505 1719 648 1753 Παλαμᾶν,
664 1720 820 1755 ἀνδράριον,
833 1721 871 1753 ὡς

83 1762 192 1796 ἀκήκοα
203 1763 263 1796 μὲν,
281 1762 466 1798 ἐντελέσι-ερον
483 1764 552 1792 δ’ἐκ
571 1766 622 1800 τῆς
647 1767 729 1793 αὐτοῦ
747 1768 871 1802 μεμαθη-

83 1814 141 1832 κειν
155 1806 276 1841 γραφῆς,
294 1808 401 1840 εὐτελὲς
414 1809 463 1842 μὲν
478 1809 565 1840 ἄλλως
577 1811 624 1837 καὶ
641 1812 711 1846 πλὴν
728 1811 775 1837 τοῦ
792 1821 870 1838 κενο-

83 1851 171 1884 δοξεῖν
192 1853 239 1878 καὶ
265 1854 299 1879 δι’
318 1855 383 1881 αὐτό
403 1855 433 1888 γέ
457 1864 499 1881 τοι
522 1855 599 1882 τοῦτο
615 1857 770 1889 κακοδοξεῖν
788 1858 869 1884 πλέον

83 1899 152 1929 εἱδὸς
168 1899 246 1925 οὐδὲν
261 1899 353 1933 ὑγιές*
378 1901 422 1927 καὶ
446 1901 532 1936 τούτῳ
558 1904 713 1939 συμμαχεῖν
730 1903 870 1935 πεπεικὼς

83 1945 145 1976 τοὺς
165 1947 195 1971 ἐν
219 1946 341 1982 ἐξουσίᾳ,
368 1947 456 1974 πάντα
480 1948 632 1984 συλλήὸδην
655 1950 752 1982 εἰπεῖν,
783 1951 869 1976 ὁπόσα

83 1993 144 2018 κατ’
157 1992 255 2024 ἄλλους
271 1992 338 2018 ἄλλα
354 1994 468 2028 καιροὺς
482 1996 541 2025 ταῖς
559 1994 606 2021 τοῦ
621 1995 690 2022 Θεοῦ
708 1995 869 2030 ἐκκλησίαις

83 2037 188 2071 βέϐηλά
212 2046 241 2064 τε
267 2038 313 2065 καὶ
333 2039 398 2065 νόθα
416 2040 626 2075 παρεισεφθὰρη
646 2041 780 2076 δόγματα,
799 2041 869 2075 πρὸς

82 2084 130 2111 ἕνα
141 2086 247 2112 τουτονὶ
267 2084 402 2119 συνήλασε
418 2087 524 2121 χρόνον,
540 2087 587 2113 καὶ
612 2088 748 2123 πολύχουν
768 2088 867 2122 κομιδῆ

80 2131 111 2155 τὸ
128 2131 247 2164 πονηρὸν
261 2130 391 2158 ἐσκέδασε
407 2133 477 2157 κατὰ
502 2132 551 2166 τῆς
567 2132 732 2165 Ἐκκλησίας
747 2133 866 2168 Χριστοῦ

80 2175 111 2201 τὺ
135 2174 280 2208 γεώργιον.
308 2176 346 2202 Οὐ
368 2177 422 2211 γὰρ
450 2177 597 2204 πολυθεῖαν
626 2180 706 2212 μόνον
723 2179 868 2213 ὲδίδαξενδ

921 1583 1042 1613 adscitis.
1053 1584 1128 1610 muni
1157 1583 1256 1610 virium
1283 1584 1460 1610 contentione
1481 1582 1614 1617 impietati
1632 1582 1706 1608 fort-s

922 1628 1044 1655 reclusit.
1061 1629 1117 1660 Qua
1140 1628 1167 1654 in
1197 1636 1226 1655 re
1245 1636 1307 1655 cum
1326 1628 1434 1656 diabolo
1448 1635 1564 1662 corpore
1585 1627 1702 1662 quodam

921 1681 949 1702 et
969 1676 1151 1702 instrumento
1169 1675 1221 1701 sibi
1235 1675 1314 1708 plane
1327 1674 1505 1701 conveniente
1527 1680 1597 1708 opus
1611 1677 1706 1705 esset.

921 1720 1024 1754 reperit
1040 1727 1112 1746 nunc
1140 1719 1298 1751 Palamam,
1324 1718 1530 1749 homunculum,
1558 1722 1588 1744 ut
1614 1717 1706 1744 audivi

921 1765 1032 1800 quidem
1051 1765 1216 1802 (accuratius
1233 1771 1324 1791 autem
1350 1772 1384 1791 ex
1401 1765 1505 1797 scripto
1531 1763 1617 1797 ipsius
1643 1770 1705 1789 eum

920 1811 1075 1846 cognovi),
1100 1810 1264 1837 vilissimum
1297 1817 1384 1844 neque
1409 1809 1559 1844 quidquam
1589 1810 1706 1843 amplius

921 1857 1054 1884 scientem
1070 1857 1121 1883 nisi
1140 1856 1278 1891 quomodo
1293 1863 1391 1883 vanam
1410 1855 1522 1890 gloriam
1543 1860 1665 1889 captaret
1678 1859 1706 1880 et

921 1903 956 1930 ob
971 1903 996 1930 id
1025 1903 1113 1936 ipsum
1137 1909 1235 1936 pravas
1252 1902 1397 1936 opiniones
1425 1900 1547 1936 ﬁngeret.
1572 1900 1621 1927 Cui
1642 1907 1703 1926 cum

920 1950 1011 1977 socios
1028 1950 1196 1984 adiunxisset
1219 1949 1367 1983 principes,
1386 1948 1532 1982 dogmata,
1559 1952 1588 1973 ut
1611 1946 1706 1982 paucis

921 1994 1164 2029 comprehendam.
1191 1993 1304 2027 profana
1327 1998 1408 2027 atque
1428 1992 1581 2019 adulterata
1595 2011 1603 2023 ,
1630 1999 1706 2025 qna:-

921 2048 1028 2074 cuuque
1043 2039 1104 2066 aliis
1118 2039 1171 2065 alia
1188 2038 1356 2072 temporibus
1373 2038 1399 2064 in
1420 2036 1467 2063 Dei
1488 2036 1624 2063 Ecclesias
1644 2044 1706 2070 per—

919 2086 1024 2114 niciose
1039 2085 1233 2118 obrepseruut,
1250 2084 1334 2110 hocce
1349 2087 1471 2116 tempore
1487 2086 1587 2109 cuncta
1614 2081 1705 2116 coegit

920 2138 948 2160 et
966 2131 1068 2160 Christi
1082 2129 1221 2158 .Ecclesiaa
1245 2129 1412 2156 uberrimam
1432 2133 1460 2155 et
1483 2127 1584 2162 oppido
1601 2127 1703 2154 variam

920 2178 1104 2214 improbitatis
1116 2178 1221 2212 frugem
1240 2176 1366 2210 aspersit.
1385 2174 1452 2202 Nam
1473 2175 1556 2201 miser
1571 2174 1622 2201 iste
1644 2181 1702 2207 non

80 2221 269 2256 ταλαίπωρος,
284 2222 351 2249 ἀλλᾶ
371 2223 417 2248 καὶ
433 2223 529 2250 ἀθεῖαν
552 2225 756 2259 προστέθεικεν,
773 2227 868 2260 ἀρεια-

921 2224 1008 2252 solum
1025 2223 1233 2258 polytheismum
1250 2222 1354 2254 docuit,
1371 2221 1419 2249 sed
1437 2221 1517 2248 etiam
1537 2219 1702 2247 atheismum

81 2268 180 2301 νισμόν
193 2267 217 2293 0‘
232 2267 291 2302 ἆμα
303 2268 351 2294 καὶ
371 2269 563 2304 εικονομαχὶαν
577 2271 623 2296 καὶ
637 2270 766 2304 καθάπαξ
781 2272 866 2307 ἄρνη-

81 2321 124 2345 σιν
148 2313 306 2347 οἰκονομίας
330 2314 463 2348 ὲνσάρκου
483 2315 532 2341 τοῦ
557 2315 622 2342 Υίοῦ
640 2316 687 2343 καὶ
703 2317 791 2349 Λόγου
818 2318 865 2344 τοῦ

81 2360 161 2388 Θεοῦ.
177 2360 232 2387 Καὶ
250 2361 276 2386 τί
295 2360 336 2386 δεῖ
360 2361 423 2387 καθ’
439 2362 543 2388 ἕκαστα
562 2363 660 2396 λέγειν,
679 2363 740 2396 ἐξὸν
763 2364 795 2390 ὲκ
811 2363 866 2390 τῶν

81 2408 163 2442 ἱερῶν
178 2406 278 2441 βίὸλων
289 2406 343 2432 τῶν
352 2407 431 2433 θείων
442 2408 572 2443 Πατέρων
585 2409 707 2444 ἐλέγχειν
721 2410 780 2437 κατ’
793 2410 867 2446 ἴχνος

79 2454 205 2483 ἐπιόντας
223 2453 331 2480 ᾶπαντα
341 2460 349 2483 ;

114 2498 143 2526 l'.
162 2498 218 2526 Καὶ
233 2499 282 2532 μὲν
294 2498 326 2534 δὴ
339 2499 440 2525 τοιαῦτ’
448 2499 492 2526 ἐπ’
501 2501 567 2534 ἐμοῦ
581 2501 750 2536 συνείροντος
762 2502 809 2528 τοῦ
824 2512 867 2530 σο-

80 2544 131 2578 φοῦ
153 2545 201 2571 καὶ
224 2543 364 2578 θεοφιλοῦς
386 2544 417 2580 [ί.
435 2546 486 2572 105
507 2545 533 2581 ιιι
556 2546 660 2573 ἐκείνου
683 2548 791 2584 ἀνδρὸς,
819 2551 866 2576 καὶ

80 2589 186 2624 βίϐλους
200 2588 223 2614 δ’
235 2589 321 2615 hinc
337 2591 549 2624 προκομίζοντος
563 2592 596 2623 ἃς
610 2601 639 2618 τε
655 2593 737 2624 αὐτὸς
754 2595 866 2628 φιλοπό-

80 2644 131 2666 νως
147 2636 179 2661 ὲκ
194 2635 287 2668 πάσης
302 2635 497 2670 ὲρανισάμενος
511 2637 585 2669 θείας
601 2638 712 2672 Γραφῆς
725 2639 795 2666 ὅπλα
809 2643 867 2674 τοῖς

78 2681 137 2707 ἐκεῖ
144 2680 236 2712 καλῶς
245 2681 368 2706 εὐσεϐεῖν
374 2681 546 2716 αιρουμένοις
554 2683 705 2718 χαρίζεται,
714 2685 760 2710 καὶ
769 2685 802 2716 ἃς
809 2685 867 2712 ἓτε-

79 2734 118 2760 ροι
128 2725 184 2751 τῶν
194 2725 253 2751 ἐκεῖ
264 2726 479 2759 προσοικούντων
488 2727 636 2762 ἐλλογίμων
645 2729 750 2762 ἀνδρῶν
761 2730 868 2763 690086-

78 2772 128 2803 ξων
137 2771 314 2804 ὲκδεδὼκασι,
323 2773 382 2804 tot;
390 2772 436 2799 τοῦ
446 2772 563 2808 Παλαμὶ
572 2774 741 2807 κακοδοξίαις
751 2783 867 2811 περιφα-

114 2851 219 2878 ¹Ιιο;ιι.
241 2858 270 2882 ιι,
294 2850 334 2876 Η.

918 2270 1024 2297 addidit
1039 2269 1177 2302 simulque
1201 2268 1385 2295 Arianismum
1409 2271 1437 2294 ct
1462 2265 1678 2293 lconomachialn
1695 2284 1702 2295 ,

918 2314 1089 2349 negationem
1113 2314 1231 2347 denique
1266 2312 1463 2340 incarnationis
1486 2311 1547 2338 Filii
1572 2310 1703 2343 Verbiqw

919 2361 977 2388 Dei.
1004 2360 1057 2388 Sed
1072 2359 1137 2394 quid
1158 2359 1256 2386 attinet
1279 2358 1385 2393 singula
1408 2357 1546 2392 persequi,
1571 2356 1623 2390 37
1639 2363 1702 2382 cum

918 2407 1010 2434 omnia
1039 2414 1072 2433 ex
1087 2406 1172 2433 sacris
1188 2405 1338 2440 Scripturis
1352 2405 1463 2432 Patrum
1479 2408 1634 2430 sanctorum
1653 2408 1701 2435 per

917 2453 1024 2487 singula
1037 2452 1148 2487 vestigia
1160 2451 1302 2479 confutare
1314 2450 1412 2478 liceat?

952 2504 987 2530 X.
1001 2503 1069 2532 Dum
1086 2503 1148 2530 talia
1166 2503 1232 2530 mihi
1248 2502 1333 2530 refert
1357 2501 1399 2528 vir
1415 2501 1460 2527 ille
1478 2498 1699 2537 sapientissimis

918 2550 1030 2585 Deoque
1045 2550 1236 2581 charissimus,
1249 2556 1299 2575 nec
1313 2555 1367 2574 non
1383 2546 1522 2573 interdum
1548 2545 1634 2572 libros
1649 2552 1695 2578 ap—

917 2601 1017 2631 portal,
1035 2604 1096 2624 cum
1113 2602 1183 2630 quos
1197 2595 1255 2629 ipse
1272 2593 1358 2620 multo
1382 2600 1445 2619 cum
1472 2591 1564 2619 studio
1588 2598 1621 2617 cx
1639 2595 1694 2616 tota

917 2642 1057 2676 Scriptura
1073 2649 1149 2668 sacra
1169 2640 1279 2674 collegit
1291 2642 1319 2665 et
1330 2646 1378 2672 pro
1394 2638 1478 2665 armis
1504 2638 1557 2671 piis
1577 2636 1697 2663 homini-

917 2689 978 2720 bus,
995 2688 1042 2722 qui
1057 2687 1113 2714 illic
1128 2686 1260 2719 incolunt,
1275 2685 1470 2720 suppeditavit,
1491 2689 1548 2711 tum
1564 2691 1633 2718 quos
1649 2683 1696 2709 alii

917 2734 984 2761 clari
999 2738 1081 2768 atque
1097 2732 1241 2760 orthodoxi
1269 2732 1365 2759 insulae
1393 2732 1442 2758 viri
1475 2730 1566 2764 pravis
1581 2729 1697 2756 Palatina:

918 2779 1097 2814 opinionibus
1111 2777 1255 2806 manifesto
1266 2778 1388 2806 oblocuti
1413 2776 1579 2809 ediderunt,
1606 2782 1700 2805 ruuzor
