1900 3063
197 140 232 171 ΞῚ
787 139 874 169 NICE
880 137 995 168 PHOEI
1016 138 1038 167 G
1046 138 1208 169 REGOIL‘E
1791 141 1827 171 98

200 195 339 234 perfertur
353 194 387 222 ad
401 194 528 230 Cyprios,
549 194 771 223 Cantacuzeuum
790 195 984 231 imperatorem

1046 195 1091 226 «in;
1105 195 1302 230 ἀντιλέγοντες.
1316 195 1396 229 λόγος
1415 196 1443 226 ἐς
1455 195 1505 227 τὰς
1524 195 1578 222 τῶν
1592 196 1722 231 Κυπρίων
1742 197 1827 231 ἐμπέ-

201 245 283 268 noctu
297 241 364 267 clam
382 241 543 276 Byzantium
561 242 716 276 ingressum
737 249 886 276 occupasse
910 242 984 276 prin-

198 287 322 322 cipatum
342 287 452 314 auxiliis
463 292 490 315 et
509 288 651 314 fallacibus
666 282 917 316 machinationibus
933 288 985 315 Pa-
1009 295 1017 302 '

201 333 291 365 lamm,
304 333 349 360 cui
360 338 440 361 antea
456 333 785 367 borribilisjurisjurandi
803 333 916 368 pignore
927 341 987 361 sese

200 379 404 410 obstrinxisset,
434 378 475 406 vel
494 378 567 413 quod
588 379 661 406 idem
675 384 718 406 est
734 387 783 414 per
799 379 884 406 Deum
898 379 989 414 jnras-

201 429 252 456 set,
268 432 348 460 quem
362 425 471 459 ejurare
488 425 686 459 profitebatur,
704 433 734 452 se
761 424 987 452 confirmaturum

201 477 262 497 esse
283 475 366 504 atque
388 471 562 497 sauciturum
593 471 807 506 polytheismum
836 477 988 505 omnesque

202 516 261 551 ejus
274 516 403 551 profanas
419 521 502 551 atque
515 517 688 550 irreligiosas
701 516 851 548 novitates.
879 524 940 551 quze
959 516 987 543 in

203 561 248 588 Dei
277 561 427 589 Ecclesiam
445 562 558 590 intrusze
571 567 674 590 essent.
704 562 761 590 Hoc
776 562 894 597 Georgio
909 562 990 597 Lapi-

202 608 265 639 thae,
280 608 484 643 sapientissimo
499 609 570 640 viro,
587 616 713 643 magnam
727 609 821 644 injecit
835 609 988 641 tristitiam,

200 661 255 681 non
267 654 339 689 quod
365 654 575 682 Cantacuzenus
601 655 785 690 principatum
815 660 988 690 occupasset,

198 701 247 728 sed
266 701 338 736 quod
353 701 398 728 tali
409 701 595 736 jurejurando
611 701 732 728 Palamae
747 701 881 735 impietati
908 701 986 728 addi-

199 751 260 775 ctus
273 751 426 774 teneretur.
440 747 530 780 Quare
548 755 563 774 a
576 749 705 782 praeclara
726 749 774 775 illa
790 755 838 782 spe
853 747 987 783 deiectus,

200 801 260 827 quae
273 793 320 820 diu
335 793 392 828 jam
405 794 505 820 utentis
519 794 642 820 laetitiam
658 794 759 826 alebat,
777 802 849 829 aegre
867 795 929 821 tulit
945 794 989 821 in-

199 837 401 872 dignationem,
417 837 510 865 animo
532 838 621 865 turbis
634 838 736 873 agitato
749 838 891 872 marisque
904 838 990 865 instar

200 887 343 910 mstuante.
360 882 492 918 Sperabat
504 884 577 910 enim
591 883 647 918 38
665 891 771 911 mecuxn
795 891 826 911 se
848 883 991 917 navigatu-

202 938 262 957 rum
279 929 341 957 inde
356 930 475 957 abeunte
500 938 586 965 usque
603 930 776 965 Byzantium,
794 934 823 957 ut
844 934 870 957 te
885 930 990 964 aspice-

201 980 243 1003 ret
256 980 355 1011 tuaque
369 977 570 1004 consuetudine
583 980 733 1009 luteretur,
770 980 801 1003 ut
825 983 907 1010 supra
934 976 990 1011 jam

201 1022 332 1055 diximus,
347 1023 460 1058 majoris
474 1024 617 1058 sapientiae
631 1023 785 1058 cupiditate
804 1022 917 1054 ductus,
932 1022 990 1049 for-

201 1074 273 1096 tasse
290 1071 373 1096 etiam
392 1074 423 1097 ut
434 1075 568 1104 praeterea
581 1069 633 1097 alia
647 1068 772 1104 quaedam
787 1069 896 1103 negotia
911 1076 992 1096 cura-

201 1119 243 1142 ret
258 1119 286 1142 et
303 1122 348 1142 res
361 1115 485 1143 illustres
499 1120 582 1149 atque
597 1115 721 1150 egregias
749 1114 892 1145 inviseret,
921 1122 991 1148 quas

201 1168 257 1195 pne
272 1160 374 1188 ceteris
386 1161 580 1196 Byzantiorum
595 1160 662 1188 urbs
678 1160 813 1195 possidet.
841 1160 911 1187 Tum
925 1168 992 1187 vero

202 1207 280 1234 brevi
297 1211 423 1241 tempore
436 1215 551 1242 prorsus
563 1211 659 1234 contra
676 1214 720 1234 res
734 1206 868 1234 cecidisse
884 1207 990 1239 videns,

202 1259 301 1286 magno
320 1251 415 1279 dolore
429 1252 569 1290 cruciatus
599 1250 790 1287 illacrymabat
819 1251 946 1286 religioni
963 1252 990 1279 in

201 1297 357 1332 periculum
368 1297 517 1332 compulsa:
524 1298 669 1325 manifesto
683 1298 791 1325 arcanis
797 1298 844 1325 Dei
855 1298 882 1325 id
892 1298 992 1326 admit-

202 1343 286 1370 tentis
293 1343 444 1371 rationibus
451 1344 609 1372 conflatum.
621 1343 809 1380 Illacrymabat
818 1345 901 1371 etiam
912 1345 991 1372 morti

201 1395 266 1422 tua},
282 1397 365 1424 quam
379 1390 583 1424 suspicabatur,
612 1397 676 1417 cum
700 1389 832 1424 cogitaret
846 1397 927 1424 quam
949 1397 993 1416 ar-

200 1437 270 1464 dens
282 1444 345 1471 erga
363 1436 448 1463 Deum
461 1435 583 1464 studium
599 1443 737 1470 quamque
759 1443 911 1471 pugnacem
924 1443 993 1463 con-

201 1484 352 1511 teutionem
367 1491 418 1518 pro
430 1483 544 1511 Patrum
562 1483 697 1518 dogmatis
718 1490 805 1518 usque
820 1483 854 1510 ad
876 1487 992 1511 mortem

201 1531 378 1558 exhibiturus
389 1537 476 1557 esses.

238 1576 285 1604 XI.
297 1576 349 1604 Sed
357 1576 424 1611 quid
433 1576 530 1603 attinet
539 1575 630 1602 omnia
640 1575 796 1611 singulatim
808 1576 993 1611 referrc,quae

201 1623 230 1650 in
247 1623 293 1650 illa
311 1622 401 1650 insula
419 1630 474 1650 non
493 1622 586 1650 minus
600 1621 710 1649 duobus
726 1622 808 1649 annis
824 1622 992 1655 viderimus,

201 1677 264 1705 qme
278 1668 420 1696 commoda
435 1673 585 1703 suppetunt
597 1668 721 1699 urbibus,
736 1668 867 1703 portubus
877 1668 993 1703 aliisque

202 1715 281 1747 locis,
295 1722 358 1742 cum
370 1714 442 1742 haud
457 1722 543 1749 pauca
556 1714 589 1742 ad
604 1714 795 1742 enarrandum
813 1719 918 1741 restent
930 1722 993 1741 nos-

201 1770 256 1797 que
269 1761 448 1797 protrahant?
479 1761 569 1794 Quare
594 1761 670 1788 hisce
687 1760 771 1788 rebus
787 1760 879 1788 missis
896 1759 990 1794 profe-

202 1809 303 1836 ctionis
317 1808 484 1835 mentionem
502 1807 612 1835 faciam.
639 1806 737 1834 Statim
763 1806 847 1841 igitur
863 1810 925 1841 post
938 1806 994 1833 sol-

204 1855 308 1882 stitium
326 1854 450 1881 aestivum
469 1860 532 1880 cum
554 1852 754 1887 profectionem
770 1859 907 1886 pararem.
919 1851 993 1886 opti-

205 1909 266 1929 mus
284 1900 417 1936 Georgius
430 1900 585 1934 lacrymans
613 1901 642 1925 et
657 1897 749 1925 medio
774 1898 879 1927 animo.
907 1903 937 1924 ut
954 1898 992 1925 ita

205 1947 307 1980 dicam,
316 1947 352 1974 ob
362 1954 455 1974 meum
470 1945 622 1973 discessum
635 1945 724 1977 fissus,
738 1952 826 1979 usque
839 1944 873 1971 ad
883 1949 993 1979 portum

205 2002 250 2021 me
270 1993 497 2029 prosequebatur,
515 1991 575 2024 ubi,
605 1999 670 2019 cum
701 1991 841 2026 navigium
867 1995 994 2018 nostrum

206 2041 275 2067 velis
287 2039 376 2073 passis
393 2038 513 2066 secunda
528 2041 692 2073 tempestate
711 2036 740 2063 in
758 2037 845 2064 altum
865 2036 995 2071 provola-

206 2091 260 2118 ret,
269 2086 316 2113 diu
325 2085 415 2113 stabat
426 2084 514 2112 oculis
527 2092 569 2111 me
581 2084 729 2118 insequens
741 2083 895 2117 multasque
907 2082 995 2118 lacry-

207 2140 265 2160 mas
281 2131 460 2165 profundens,
476 2129 532 2165 39
544 2130 632 2157 donec
647 2136 662 2157 e
677 2133 827 2163 conspectu
841 2133 922 2156 terra:
933 2135 995 2155 sen-

206 2178 258 2205 sim
272 2177 459 2212 paulatimque
476 2175 582 2210 magnis
598 2174 750 2202 intervallis
765 2174 844 2208 quasi
860 2173 995 2201 receden-

1038 248 1146 267 πτωκεν
1154 241 1238 272 ἀκοὰς
1249 240 1286 271 ὡς
1298 241 1375 267 λάθοι
1383 241 1490 276 νύκτωρ
1499 241 1684 275 παρεισελθὼν
1691 243 1719 274 ἐς
1728 242 1828 274 Βυζάν-

1037 294 1094 311 τιον
1103 287 1118 312 ὸ
1130 285 1255 320 βασιλεὺς
1266 286 1504 322 Καντακουζηνδς,
1512 288 1560 314 καὶ
1571 287 1618 321 τήν
1629 288 1828 323 αὐτοκράτορος

1038 331 1094 358 ἓλοι
1113 332 1253 367 βασιλείαν
1270 333 1426 367 συνεργίαις
1444 334 1491 360 καὶ
1505 334 1628 368 δολεραῖς
1644 327 1691 361 τοῦ
1710 335 1827 369 Παλαμᾶ

1040 379 1306 412 προκαταστάσεσιν,
1322 379 1420 414 ὅρκους
1435 380 1582 414 φρικώδεις
1598 381 1717 415 ἐχέγγυα
1733 382 1829 416 πρότε-

1041 432 1087 458 ρον
1106 423 1180 458 αύτῷ
1201 425 1419 460 παρασχόμενος,
1442 425 1569 460 βεὸαιοῦν
1589 427 1637 453 καὶ
1658 428 1759 462 κυροῦν
1780 427 1829 462 τὴν

1040 469 1122 496 αὑτοῦ
1141 469 1286 497 πολυθεῖαν
1302 471 1348 497 καὶ
1364 471 1415 501 ὅσα
1431 472 1485 498 τῶν
1502 472 1623 507 βεϐήλων
1639 472 1721 499 αὑτοῦ
1739 482 1830 500 καινο-

1040 515 1149 550 φωνιῶν
1171 516 1303 552 εἰσερρύη
1327 518 1399 544 κατὰ
1420 517 1471 552 τῆς
1497 518 1544 545 τοῦ
1568 518 1635 545 Θεοῦ
1655 520 1828 554 Ἑκκλησίας,

1039 561 1137 588 ταυτὸν
1153 561 1175 587 δ’
1186 563 1273 589 εἰπεῖν
1284 583 1291 595 ,
1308 564 1349 595 είς
1366 563 1433 591 Θεδν
1448 564 1603 599 ὀμωμοκὼς
1619 564 1649 592 δν
1666 565 1828 601 ἐξόμνυσθαι

1040 607 1234 642 ἐπηγγέλλετο.
1248 609 1334 636 Τοῦτο
1350 610 1472 645 σφοδρῶς
1484 611 1530 637 τδν
1543 611 1624 646 σοφὸν
1637 612 1740 639 ἐκεῖνον
1752 613 1830 647 ἠνία-

1041 662 1088 680 σεν
1103 654 1188 688 ἄνδρα
1198 673 1207 686 ,
1224 655 1361 689 Γεώργιον
1374 656 1421 683 τὸν
1437 657 1561 691 Λαπίθην
1571 677 1579 689 ,
1595 658 1644 692 οὐχ
1660 659 1700 684 ὅτι
1714 658 1762 694 τήν
1778 659 1828 694 βα-

1041 698 1145 726 σιλείαν
1156 699 1212 726 ἕλοι
1224 701 1462 737 Καντακουζηνδς,
1475 703 1534 729 ἀλλ’
1544 704 1584 730 ὅτι
1596 703 1726 734 τοιούτοις
1737 705 1828 740 ὅρκοις

1042 745 1281 780 προκατείληπτο,
1298 747 1408 782 δέσμιος
1424 750 1484 780 ταῖς
1502 748 1550 776 τοῦ
1572 749 1690 784 Παλαμᾶ
1710 749 1829 784 γεγονὼς

1040 789 1224 821 δυσσεϐείαις.
1237 790 1320 818 Ὅθεν
1332 791 1382 823 τὰς
1396 793 1522 826 γενναίας
1537 793 1645 825 ὲκείνας
1658 793 1770 825 ἐλπίδας
1784 794 1829 820 ού-

1042 834 1110 860 τωσὶ
1126 833 1309 869 ζημιούμενος
1323 836 1352 863 αἶ
1367 836 1397 863 τὸ
1412 837 1541 872 ἡδόμενον
1555 837 1668 865 ἔσοσκον
1683 839 1715 865 ἔκ
1731 838 1829 865 πολλοῦ

1006 867 1027 895 Β
1040 880 1090 914 τῆς
1105 867 1194 915 ψυχῆς
1204 901 1212 914 ,
1229 867 1364 916 ήσχαλλεν
1375 903 1382 914 ,
1400 867 1545 918 ἐδυσφόρει
1555 903 1562 913 .
1579 884 1694 918 θόρυϐον
1709 882 1765 919 εἶχε
1781 885 1829 912 καὶ

1043 926 1121 952 σάλον
1135 927 1306 954 παντοδαπὸν
1321 928 1349 954 ὲν
1363 928 1448 963 ψυχῇ.
1462 929 1578 961 Ἦλπιξε
1594 930 1648 964 γὰρ
1664 931 1830 957 συνεκπλεύ-

1043 980 1099 998 σειν
1115 972 1221 999 ἐκεῖθεν
1237 973 1375 1000 ἐπανιόντι
1398 983 1443 1009 μοι
1466 975 1547 1009 μέχρι
1566 975 1613 1001 καὶ
1634 976 1663 1006 ἐς
1683 976 1830 1008 Βυζάντιον

1041 1015 1092 1050 τῆς
1109 1016 1158 1051 σῆς
1174 1016 1256 1044 ἕνεκα
1273 1017 1337 1048 θέας
1355 1018 1402 1044 καὶ
1418 1018 1544 1053 ὁμιλίας,
1559 1019 1597 1051 ὼς
1614 1019 1737 1054 έφθημεν
1753 1021 1829 1054 εἰρη-

1043 1060 1131 1092 κότες,
1147 1061 1181 1088 δι’
1193 1061 1283 1097 ἔρωτα
1301 1062 1397 1096 σοφίας
1414 1064 1548 1098 μείζονος,
1563 1064 1628 1096 ἴσως
1643 1064 1672 1090 δὲ
1687 1066 1732 1092 καὶ
1747 1064 1831 1098 ἄλλης

1042 1107 1111 1140 πρὸς
1127 1107 1232 1139 τούτοις
1249 1107 1345 1143 χρείας
1363 1108 1411 1135 καὶ
1428 1108 1492 1140 θέας
1508 1110 1595 1136 ὁπόσα
1609 1110 1659 1144 τὴν
1675 1110 1831 1142 Βυζαντίων

1043 1152 1192 1186 κεκτῆσθαι
1221 1153 1299 1180 πόλιν
1324 1154 1469 1189 συμϐαίνει
1496 1155 1550 1181 τῶν
1578 1156 1667 1182 ἄλλων
1692 1156 1831 1191 ἐξαίρετα.

1042 1197 1100 1223 Νῦν
1111 1197 1133 1224 δ’
1144 1198 1172 1224 ὲν
1186 1199 1285 1230 ἅκαρεί
1297 1199 1426 1227 τάναντία
1440 1200 1557 1227 νικῶντα
1573 1201 1709 1236 θεώμενος
1721 1202 1833 1236 περιών

1043 1244 1094 1279 γὴς
1107 1241 1158 1279 ἦν,
1173 1245 1220 1271 καὶ
1235 1245 1351 1280 ἐδάκρυε
1369 1246 1418 1281 μὲν
1434 1246 1483 1281 τὴν
1498 1247 1642 1274 εὐσέϐειαν
1655 1248 1684 1278 ἐς
1697 1247 1770 1274 οὕτω
1783 1257 1832 1274 πε-

1045 1289 1164 1323 ριφανῶς
1176 1290 1367 1317 συνελαθείσαν
1378 1291 1572 1326 ὲκριπισθέντα
1585 1291 1708 1319 κίνδυνον
1717 1292 1832 1327 τρόποις

1043 1334 1089 1361 τοῦ
1103 1335 1170 1361 Θεοῦ
1185 1337 1414 1371 συγχωρήσαντος
1428 1337 1605 1373 ἀπορρήτοις,
1621 1338 1737 1372 ἐδάκρυε
1750 1338 1772 1365 δ’
1785 1339 1833 1365 ἄλ-

1043 1380 1096 1412 λως
1118 1382 1165 1407 καὶ
1185 1382 1230 1409 τὸν
1252 1382 1297 1408 σὺν
1319 1382 1494 1417 ὑφορώμενος
1517 1383 1643 1414 θάνατον,
1664 1383 1694 1410 τὸ
1714 1383 1761 1410 τοῦ
1783 1383 1833 1409 σοῦ

1044 1427 1114 1453 κατὰ
1130 1427 1197 1454 Θεὸν
1212 1428 1293 1463 ζήλου
1308 1429 1440 1464 διάπυρον
1456 1428 1565 1462 ἐννοῶν,
1581 1430 1628 1456 καὶ
1643 1429 1710 1463 ὅσην
1724 1429 1773 1465 τὴν
1788 1429 1833 1455 ἔν-

1045 1482 1140 1500 στασιν
1156 1474 1225 1508 ὑπὲρ
1242 1475 1296 1501 τῶν
1315 1475 1437 1511 πατρίων
1450 1475 1636 1503 ἐνδείκνυσθαι
1648 1475 1756 1510 μέλλεις
1767 1475 1833 1510 δογ-

1005 1540 1027 1569 C
1047 1520 1140 1556 μάτων
1153 1520 1216 1556 ἄχρι
1232 1521 1359 1550 θανάτου.

1081 1567 1131 1596 IA'.
1141 1567 1196 1594 Καὶ
1207 1567 1234 1594 τί
1247 1568 1288 1595 δεῖ
1296 1568 1385 1595 πάντα
1393 1569 1520 1603 διεξιέναι
1530 1570 1590 1597 καθ’
1603 1570 1717 1603 ἕκαστα,
1724 1571 1774 1598 ὅσα
1782 1572 1835 1607 τῆς

1043 1613 1126 1648 νήσου
1138 1614 1211 1640 δυοῖν
1223 1614 1272 1649 οὐχ
1285 1611 1366 1649 ἦττον
1377 1615 1445 1641 ἑτῶν
1456 1615 1610 1650 τεθεάμεθα
1619 1637 1627 1649 ,
1639 1617 1726 1644 ὁπόσα
1738 1618 1835 1644 πόλεσί

1043 1667 1073 1684 τε
1090 1659 1137 1684 καὶ
1153 1658 1245 1693 λιμέσι
1262 1660 1310 1686 καὶ
1325 1659 1376 1686 ὅσα
1392 1659 1424 1694 δὴ
1439 1661 1500 1691 ταῖς
1519 1660 1613 1691 ἄλλαις
1630 1662 1761 1697 πρόσεστι
1778 1663 1834 1698 χώ-

1044 1713 1105 1740 ραις
1122 1705 1182 1732 ἐκεῖ
1197 1707 1231 1733 τὰ
1250 1706 1384 1741 χρήσιμα,
1402 1715 1457 1734 των
1474 1707 1631 1742 ἔμπροσθεν
1648 1709 1835 1737 ἀνθελκόντων

1044 1751 1118 1785 ἡμᾶς
1131 1751 1161 1777 ού
1176 1751 1282 1786 μικρῶν
1296 1751 1488 1786 ύπιρχόντων;
1504 1753 1550 1778 Διὸ
1563 1752 1666 1780 τούτων
1680 1754 1836 1789 ἀποσχόμε-

1044 1805 1089 1829 νος
1109 1798 1240 1825 ἐπανόδου
1266 1798 1453 1833 μεμνήσομαι.
1468 1799 1549 1834 Ἀρτι
1572 1800 1663 1827 τοίνυν
1685 1801 1733 1827 τοῦ
1756 1802 1833 1835 ἡλίου

1043 1846 1108 1879 περὶ
1120 1845 1223 1879 τροπὰς
1238 1846 1384 1879 γενομένου
1399 1845 1447 1876 τὰς
1462 1845 1580 1881 θερινὰς,
1595 1847 1688 1881 ἐπειδή
1705 1856 1736 1881 γε
1753 1848 1835 1874 ἀπαί-

1046 1899 1103 1926 ρειν
1116 1889 1239 1924 ἔμελλον.
1252 1890 1316 1925 ἄχρι
1331 1891 1440 1925 λιμένος
1454 1891 1557 1923 ἐκεῖνός
1574 1901 1608 1927 με
1624 1893 1807 1929 προύπεμπεν
1820 1896 1834 1921 ὁ

1045 1937 1126 1968 καλὸς
1143 1935 1296 1970 Γεώργιος,
1312 1936 1439 1972 δακρύων
1453 1946 1483 1964 τε
1500 1939 1547 1965 καὶ
1564 1940 1651 1973 μέσην
1667 1941 1754 1967 είπεῖν
1767 1950 1834 1975 τεμ-

1044 1983 1155 2016 νόμενος
1169 1982 1218 2017 τὴν
1234 1982 1348 2018 καρδίαν
1369 1983 1464 2019 τῲ’μῷ
1478 1985 1620 2020 χωρισμῷ,
1635 1986 1706 2013 ὥστε
1723 1988 1769 2013 καὶ
1783 1989 1834 2022 τῆς

1045 2029 1119 2065 ἡμᾶς
1130 2028 1250 2063 ἀγούσης
1260 2028 1381 2061 ὁλκάδος,
1394 2030 1487 2066 ἐπειδή
1500 2039 1530 2065 γε
1541 2032 1691 2058 ἀνεπέτασε
1702 2033 1735 2059 τὰ
1749 2034 1834 2068 ἱστία,

1046 2075 1126 2110 οὔρια
1141 2075 1265 2110 ἐφιείσης
1280 2076 1327 2102 ἐπὶ
1341 2076 1368 2102 τὸ
1383 2077 1512 2110 πέλαγος.
1526 2077 1663 2112 θεώμενος
1678 2079 1772 2106 ἵστατο
1788 2081 1836 2115 μέ-

1046 2130 1093 2156 χρι
1105 2121 1204 2148 πολλοῦ
1220 2130 1263 2156 με,
1279 2122 1365 2149 πολλὰ
1377 2123 1518 2157 καταχέων
1529 2123 1563 2150 τὰ
1574 2123 1691 2160 δάκρυα,
1703 2125 1756 2157 ἕως
1769 2127 1837 2153 ἁπε-

1047 2166 1194 2202 κρῦψαμεν
1213 2166 1320 2202 ἐκείνην
1340 2167 1390 2202 τὴν
1412 2168 1473 2203 γῆν,
1494 2167 1544 2204 τῆς
1566 2169 1655 2204 δψεως
1675 2171 1768 2205 ἡρέμα
1788 2173 1837 2198 καὶ

207 2225 242 2252 tis
257 2223 440 2251 auferremur.
455 2221 589 2256 Prospera
604 2219 684 2247 nobis
697 2219 874 2254 contingente
884 2220 992 2255 naviga-

1046 2215 1116 2241 κατὰ
1138 2213 1235 2249 μικρὸν
1252 2213 1405 2249 ἐνδιδούσης
1424 2216 1453 2240 ὲν
1468 2215 1526 2246 τοῖς
1548 2217 1664 2251 μακροῖς
1684 2216 1838 2252 διαστήμα-

209 2270 282 2297 tione
295 2276 367 2295 nono
386 2267 431 2294 die
445 2266 479 2294 ad
493 2266 602 2293 Cretam
618 2264 785 2300 appulimus,
805 2263 923 2291 insulam
938 2263 995 2291 fre-

208 2313 419 2350 quentissimam
441 2317 470 2339 et
482 2311 573 2347 Cypro
600 2310 687 2337 multo
702 2309 844 2345 majorem.
873 2308 996 2344 Oblonga

208 2368 274 2388 vero
286 2364 330 2387 est
345 2359 450 2394 pariter
467 2362 550 2392 atque
566 2356 622 2388 illa,
643 2356 725 2390 longa
741 2355 848 2382 scilicet
875 2363 928 2382 non
945 2355 995 2382 mi-

208 2414 261 2434 nus
276 2405 332 2432 duo
344 2404 428 2432 millia
444 2403 600 2437 octingenta
614 2402 712 2434 stadia,
725 2401 871 2428 latitudine
882 2401 998 2428 dimidio

209 2452 296 2480 multo
310 2451 428 2478 minore.
447 2449 517 2477 Cum
534 2456 601 2475 vero
617 2449 672 2483 jam
688 2447 735 2474 diu
749 2447 932 2474 vehementer
947 2454 996 2473 cu-

211 2503 303 2532 perem
318 2495 504 2531 labyrinthum
521 2494 547 2521 in
564 2493 644 2521 Creta
661 2493 750 2520 insula
778 2492 884 2523 videre,
920 2493 999 2526 isque

211 2542 291 2576 longe.
307 2541 417 2569 abesset
438 2549 453 2567 a
472 2545 553 2576 portu
567 2541 600 2567 ad
616 2538 856 2575 quem_appu|suri
874 2545 998 2570 eramus,

211 2589 314 2624 placuit
331 2588 397 2615 mihi
417 2593 473 2615 tum
489 2587 635 2614 occasione
657 2586 719 2612 data
750 2593 785 2612 ex
808 2585 871 2612 navi
889 2592 1000 2620 egresso

212 2636 302 2670 visere
316 2632 378 2662 cum
395 2635 440 2670 qui
454 2635 578 2668 proxime
590 2633 668 2660 abest
692 2633 727 2659 ab
753 2631 823 2659 urbe
846 2631 955 2659 Gnosso
971 2631 999 2658 in

213 2683 302 2709 media
318 2681 407 2709 insula
419 2681 481 2708 sita.
497 2679 685 2715 Labyrinthus
700 2683 793 2706 autem
821 2682 862 2705 est
883 2685 1000 2704 caverna

213 2728 424 2763 spatiosissima,
437 2726 585 2754 artiﬁciose
602 2726 683 2752 facta.
697 2725 767 2752 Cum
779 2725 852 2752 enim
865 2724 934 2758 lapis
946 2732 1002 2751 non

216 2774 364 2802 admodum
379 2781 460 2808 asper
480 2777 566 2803 esset,
593 2772 671 2798 locus
696 2770 836 2803 facillime,
863 2775 1000 2804 quantum

217 2820 279 2855 quis
294 2820 386 2857 vellet,
397 2819 486 2847 excidi
506 2818 606 2853 potuit.
620 2817 728 2844 Artifex
752 2817 836 2851 igitur
851 2824 904 2843 una
925 2821 1002 2851 porta

218 2866 352 2902 patefacta
362 2866 442 2901 longe
458 2865 563 2900 lapides
591 2862 744 2892 cxcidcudo
771 2870 933 2898 progressus
960 2867 1003 2890 cst

1047 2269 1100 2287 σιν.
1115 2260 1251 2291 Εὑπλοίας
1265 2260 1287 2286 δ’
1299 2261 1365 2295 ήμῖν
1379 2260 1528 2295 γενομένης
1545 2261 1663 2288 ἐναταῖοι
1679 2262 1707 2293 ἐς
1723 2263 1838 2298 Κρήτην

1047 2299 1189 2342 ἀφίγμεθα
1199 2327 1205 2339 ,
1221 2307 1302 2340 νῆσον
1317 2306 1605 2341 πολυανθρωποτάτην
1621 2308 1668 2335 καὶ
1686 2308 1772 2341 μείζω
1788 2308 1838 2343 μιν

1048 2353 1138 2388 πολλῷ
1156 2353 1206 2388 τῆς
1228 2351 1354 2388 Κύπρου,
1376 2353 1501 2388 ἐπιμήκη
1522 2352 1544 2379 δ’
1557 2353 1657 2387 ὁμοίως
1678 2354 1771 2389 ἐκείνῃ
1791 2356 1839 2381 καὶ

1048 2399 1150 2434 ταύτην
1172 2399 1363 2434 ὑπάρχουσαν,
1388 2399 1426 2429 ὡς
1448 2397 1518 2425 εἶναι
1543 2399 1630 2434 μῆκος
1653 2400 1702 2434 μὲν
1723 2400 1840 2426 σταδίων

1050 2445 1082 2481 [ί.
1098 2445 1149 2472 104
1160 2444 1189 2481 α]
1203 2445 1288 2479 αὐτὴν
1303 2446 1352 2472 οὐκ
1367 2442 1448 2481 ἦττον
1462 2445 1630 2473 ὀκτακοσίων
1645 2446 1703 2481 ἅμα
1719 2447 1766 2472 καὶ
1781 2447 1840 2472 δισ-

1050 2493 1158 2527 χιλίων,
1185 2491 1287 2523 πλάτος
1310 2491 1339 2518 δὲ
1355 2491 1444 2527 πολλῷ
1458 2491 1506 2519 τοῦ
1520 2493 1636 2526 ἡμίσεος
1650 2492 1734 2528 ἥττω.
1749 2492 1841 2527 Ἐχων

1050 2539 1072 2566 δ’
1085 2539 1117 2565 ὲκ
1135 2538 1232 2565 πολλοῦ
1249 2538 1294 2565 διὰ
1313 2539 1423 2573 μακρᾶς
1438 2538 1489 2573 τῆς
1506 2538 1626 2572 ἐφέσεως
1644 2539 1732 2571 ἔγωγε
1748 2538 1794 2564 τὸν
1811 2539 1840 2564 ἐν

1052 2585 1149 2620 Κρήτῃ
1163 2584 1324 2620 λαϐύρινθον
1338 2584 1498 2616 θεάσασθαι,
1513 2584 1690 2618 ὲπειδὴπολὺ
1703 2583 1749 2609 τοῦ
1764 2583 1843 2618 λιμέο

1053 2640 1096 2662 νος
1110 2630 1140 2657 οὖ
1156 2630 1389 2665 καθωρμίσθημεν
1404 2630 1571 2665 ἀφεστήκοι,
1588 2630 1660 2663 ἔδοξέ
1678 2639 1723 2664 μοι
1740 2631 1839 2665 καιρὸν

1052 2675 1141 2711 ἔχοντι
1154 2675 1202 2701 νῦν
1217 2674 1350 2701 ἀποϐάντι
1364 2674 1514 2701 θεάσασθαι
1529 2675 1576 2701 καὶ
1591 2675 1674 2702 αὐτὸν
1686 2695 1693 2708 ,
1710 2676 1842 2702 Κνωσσοῦ

1055 2721 1197 2756 μεσογείου
1214 2720 1316 2751 πόλεως
1333 2719 1449 2754 ἔγγιστα
1462 2720 1537 2747 ὕντα.
1552 2720 1632 2746 Ἔστι
1647 2720 1670 2746 δ’
1683 2721 1697 2746 ὁ
1711 2720 1844 2754 λαὸύριν-

1054 2767 1100 2798 οος
1115 2767 1247 2801 σπήλαιον
1261 2766 1521 2800 πολυχωρητότατον
1534 2766 1675 2801 τεχνητόν.
1695 2766 1771 2793 Ἐπεὶ
1787 2767 1842 2801 γὰρ

1055 2813 1132 2847 ἔτυχε
1149 2812 1222 2843 λίθος
1238 2812 1269 2839 ού
1287 2812 1358 2838 πάνυ
1376 2812 1493 2846 σκληρὸς
1508 2813 1557 2848 τὴν
1572 2813 1666 2840 οὐσίαν
1682 2813 1814 2847 ὑπάρχων
1830 2814 1844 2838 ὁ

1056 2860 1146 2893 τόπος,
1160 2859 1243 2886 ἔδωκε
1258 2858 1358 2893 πολλὴν
1370 2859 1419 2894 τὴν
1432 2859 1575 2896 ῥᾳστώνην
1587 2859 1711 2892 λιξεύειν
1723 2858 1766 2893 ἐφ’
1776 2858 1842 2884 ὀπό-
