1900 3063
193 147 226 178 3i
770 146 975 176 NICEPHORI
995 146 1150 175 GREGUR
1164 145 1185 173 E
1775 141 1809 171 32

192 201 291 239 lisjam
305 203 430 238 impediti
445 207 535 236 erant,
551 203 698 238 quominus
715 203 741 229 in
754 201 911 236 superiores
926 210 970 229 re-

1024 211 1084 232 νους
1100 202 1228 235 δυνάμεις
1239 221 1246 233 ,
1264 200 1337 233 μέγα
1353 199 1380 225 δὲ
1398 199 1444 226 διὰ
1458 198 1537 225 τοῦτο
1552 198 1662 232 φρονεῖν
1677 197 1788 231 ἔχοντας
1798 217 1807 230 ,

192 248 287 282 giones
302 250 334 274 et'
354 248 442 274 lacum
465 247 615 274 Mzeotidem
647 252 675 274 et
692 248 724 274 ad
749 248 819 274 ostia
842 247 972 275 Tanaidis

193 301 242 328 pro
257 301 307 320 suo
321 293 376 328 42
389 292 506 319 arbitrio
535 297 616 326 atque
641 293 792 323 voluntate,
822 297 853 319 nt
879 297 970 323 antea,

193 339 353 371 navigarent
367 346 398 365 ac
418 338 702 365 circumveherentur.
735 337 826 370 Quare
849 345 913 364 suas
928 345 975 364 eo-

193 385 252 418 pias
265 390 440 415 contraxere,
466 384 619 410 triremium
650 391 795 410 numerum
824 387 973 414 auxerunt.

191 429 273 455 etiam
291 435 396 456 veteres
411 437 444 455 ex
461 429 606 456 navalibus
625 429 809 463 undecunque.
823 428 972 462 productas

192 481 275 500 naves
313 473 476 506 refecerunt,
502 475 638 508 simulque
677 475 767 501 socias
795 474 973 508 subditasque

194 521 276 550 urbes
308 520 468 554 insulasque
489 521 523 547 ad
553 519 712 547 certaminis
736 520 895 547 societatem
924 521 974 547 ad-

191 569 331 596 vocarunt,
363 568 392 591 ut
420 572 496 591 arma
524 564 705 598 triremesque
720 569 748 592 et
774 565 876 591 milites
902 565 973 592 clas-

190 610 262 637 sicos
289 618 338 644 pro
367 618 415 637 sua
442 617 557 644 qua-que
590 609 719 636 facultate
732 610 902 636 conferrent.
918 609 971 637 Ad-

191 655 415 682 vocabantetiam
429 662 462 681 ex
474 655 586 681 remotis
600 655 758 688 regionibus
776 655 876 682 milites
889 655 973 689 largis

190 701 216 727 in
234 708 353 734 praesens
365 700 519 734 stipendiis,
533 700 697 733 largioribus
709 700 735 726 in
753 700 876 727 futurum
891 701 969 734 polli-

189 745 379 778 citationibus,
393 753 454 772 cum
470 746 539 772 alios
558 750 614 772 tum
631 745 786 776 Catalanos.
800 746 847 780 qui
864 746 898 773 ad
910 746 973 773 Gal-

190 791 272 818 licum
288 799 362 818 mare
378 791 493 818 inferius
513 792 675 823 incolentes,
705 792 749 818 ubi
777 792 969 827 Pyrenaaorum

190 837 324 863 montium
342 837 427 870 pedes
441 837 565 871 proxime
589 837 731 868 desinunt,
761 837 865 864 ferocia
888 841 972 872 atque

190 883 290 909 virtute
306 882 401 910 bellica
424 884 482 910 sive
501 884 600 918 praeliis
617 883 794 911 terrestribus
807 884 863 910 sive
876 884 974 919 pugnis

190 929 333 957 navalibus
350 929 516 962 exhibenda,
535 930 603 956 nulli
618 930 778 957 Latinorum
793 929 905 957 cedunt.

226 1062 295 1090 Xlll.
309 1063 377 1091 Cum
393 1063 477 1099 igitur
500 1064 571 1092 hanc
602 1065 638 1092 ob
653 1072 763 1092 causam
789 1064 872 1091 etiam
886 1064 969 1092 Creta

191 1109 309 1136 tumultu
324 1109 482 1137 turbaretur
491 1115 519 1137 et
532 1118 669 1137 armorum
680 1110 819 1137 sociorum
835 1110 973 1136 omnium-

190 1163 243 1189 que
257 1163 347 1183 rerum
363 1156 396 1182 ad
411 1156 532 1183 hostium
558 1156 731 1183 incursiones
757 1156 892 1194 arcendas
910 1156 973 1183 ido-

191 1208 304 1228 nearum
335 1207 465 1236 apparatu
499 1202 576 1236 quasi
593 1205 800 1234 concuteretur,
828 1202 892 1229 inde
910 1209 973 1230 vere

191 1245 304 1274 ineunte
322 1247 387 1276 abii.
406 1253 489 1281 atque
506 1248 617 1274 sinistra
641 1247 780 1274 Salamine
801 1247 888 1274 insula
904 1255 974 1281 prae-

191 1292 326 1322 termissa,
348 1293 393 1319 ubi
411 1292 615 1321 Themistocles
624 1292 733 1319 Neoclis
748 1292 820 1319 [ilius
833 1292 972 1327 quondam

190 1339 283 1372 copias
301 1339 411 1365 navales
426 1339 570 1366 Persarum
589 1339 753 1365 demersisse
766 1338 879 1371 dicitur,
891 1344 919 1366 ct
932 1339 974 1366 iu-

190 1385 274 1416 sulas,
288 1392 357 1418 quas
373 1385 505 1418 Cyclades
519 1390 631 1415 vocant,
645 1389 852 1418 prretcrvectus,
866 1384 899 1412 ad
920 1385 974 1411 Eu-

190 1429 277 1456 bmam
302 1429 418 1456 insulam
437 1430 594 1464 appulijam
622 1430 722 1456 tmlltos
753 1437 840 1456 annos
858 1430 972 1457 Venetis

189 1475 336 1501 subditam.
355 1475 412 1507 Qua
431 1475 458 1501 in
476 1475 563 1502 insula
581 1483 642 1502 cum
661 1475 771 1509 longius
795 1479 902 1509 tempus
917 1476 971 1512 43

1026 247 1121 272 ἔπειτα
1139 246 1212 280 παρὰ
1229 245 1306 277 δόξαν
1323 244 1368 270 ὑπ’
1380 243 1491 270 ἐκείνων
1505 242 1555 278 ἤδη
1573 241 1761 275 κωλυομένους
1779 241 1806 271 ἐς

1024 292 1069 318 τδν
1085 291 1140 317 ἄνω
1152 291 1234 317 τόπον
1248 290 1294 316 καὶ
1309 290 1358 323 τὴν
1372 289 1497 316 Μαιῶτιν
1511 288 1557 314 καὶ
1571 288 1619 318 τὰς
1634 286 1747 317 ἐκϐολὰς
1759 286 1807 313 τοῦ

1024 338 1154 366 Τανάϊδος
1173 335 1302 363 ἀναπλεῖν
1320 335 1368 362 καὶ
1389 334 1532 368 περιπλεῖν
1552 333 1613 360 κατ’
1627 332 1752 365 ἐξουσίαν
1769 331 1808 362 ὡς

1024 384 1165 418 πρότερον.
1180 381 1263 409 Ὅθεν
1274 381 1350 407 αὐτοί
1363 389 1392 406 τε
1407 380 1456 411 τὰς
1472 380 1575 410 οἰκείας
1588 379 1714 413 ἤθροιζον
1726 376 1808 404 δυνά-

1024 438 1099 463 μεις,
1120 429 1243 463 τριήρεις
1265 436 1294 454 τε
1318 426 1427 457 πλείους
1449 425 1504 452 τῶν
1527 425 1594 456 τέως
1617 423 1705 450 οὑσῶν
1727 431 1808 449 κατε-

1024 475 1155 508 σκεύαζον
1173 475 1218 502 καὶ
1238 474 1285 505 τὰς
1306 474 1338 500 ἐκ
1358 472 1455 499 πολλοῦ
1476 470 1694 505 νενεωλκημένας
1712 469 1808 496 καθελ-

1023 521 1154 551 κύσαντες
1180 519 1345 554 πανταχόθεν
1370 517 1576 548 ἐπεσκεύαζον,
1603 517 1650 543 καὶ
1675 515 1733 550 ἃμα
1755 515 1806 546 τὰς

1024 566 1195 602 συμμαχίδας
1212 566 1260 593 καὶ
1278 559 1415 599 ὑπηκόους
1431 564 1523 595 πόλεις
1540 563 1585 590 καὶ
1602 562 1699 596 νήσους
1717 562 1745 592 ἐς
1760 561 1806 587 τὸν

1022 613 1111 639 κοινὸν
1126 612 1239 638 ἐκάλουν
1253 611 1362 644 ἀγῶνα,
1377 610 1447 636 ὅπλα
1463 610 1503 635 καί·
1522 608 1643 643 τριήρεις
1660 606 1705 633 καὶ¹
1723 614 1805 640 στρα-

1023 659 1122 690 τιώτας
1135 659 1291 692 ναυμάχους
1305 655 1534 690 συνεισφιρούσας
1548 654 1619 680 κατὰ
1633 653 1681 688 τὴν
1694 652 1806 679 ἐνοῦσαν

1023 705 1125 739 ἑκάστῃ
1138 704 1263 737 δύναμιν.
1278 702 1463 729 Συνεκάλεσαν
1476 701 1499 727 δ’
1511 699 1557 727 οὖν
1571 699 1616 726 καὶ
1629 699 1683 725 τῶν
1697 699 1805 733 «sepem.

1024 750 1070 777 Θεν
1082 750 1174 785 ἀΰροῖς
1190 749 1240 784 μὲν
1252 750 1297 776 καὶ
1310 749 1361 782 ἠδη
1377 748 1560 782 μισθώμασιν,
1572 745 1735 780 ἁδροτέραις
1746 745 1768 772 δ’
1778 745 1806 776 ἐς

1024 796 1054 822 τὸ
1072 796 1166 830 μέλλον
1182 794 1376 828 ἐπαγγελίαις,
1393 794 1490 823 ἄλλους
1505 801 1534 818 τε
1552 793 1598 830 κατ
1615 791 1788 821 Κατελάνους
1798 810 1805 822 ,

1024 842 1048 869 οἳ
1064 827 1183 877 duo}th
1199 827 1274 868 κάτω
1289 839 1364 874 παρὰ
1378 839 1427 874 τὴν
1444 827 1737 873 Γαλλικὴθθάλασσαν,
1753 837 1807 870 ὅπη

1024 888 1078 914 τῶν
1094 886 1254 921 Πυρηναίων
1270 885 1341 920 ὀρῶν
1356 885 1380 911 oi
1397 884 1476 914 πόδες
1492 885 1609 917 ἄγχιστα
1624 882 1763 916 λήγουσιν.
1779 883 1806 912 ἐς

1024 933 1125 966 τόλμαν
1142 930 1302 966 πολεμικὴν,
1320 931 1369 964 ὅση
1387 937 1417 955 τε
1436 927 1606 962 ὴπειρωτικὴ
1625 927 1673 952 καὶ
1689 926 1738 960 ὅση
1757 925 1805 951 Θα-

1024 979 1149 1009 λάττιος,
1171 977 1225 1004 τῶν
1248 976 1390 1012 πρωτείων
1415 974 1503 1001 οὐδέσι
1527 973 1650 1000 Λατίνων
1675 980 1806 1006 παραχω·

1027 1024 1152 1060 ροῠντας.

1059 1071 1109 1098 ll".
1128 1070 1204 1096 Ἐπεὶ
1218 1069 1284 1103 γοῦν
1295 1069 1338 1096 διὰ
1351 1068 1436 1095 ταῦτα
1451 1067 1499 1094 καὶ
1514 1066 1608 1102 Κρήτη
1623 1065 1738 1100 θόρυῆον
1749 1063 1806 1099 εἶχε

1024 1119 1072 1145 καὶ
1086 1117 1123 1148 ὡς
1138 1117 1224 1143 εἰπεῖν
1239 1116 1341 1142 ἐσείετο
1357 1115 1442 1145 πᾶσα,
1456 1111 1721 1148 παρασκευαζομένη
1738 1111 1806 1144 πρὸς

1024 1162 1092 1189 ὅπλα
1110 1161 1272 1196 συμμαχικά
1287 1168 1315 1187 τε
1333 1161 1380 1186 καὶ
1397 1160 1447 1186 ὅσα
1462 1158 1516 1184 τῶν
1532 1156 1688 1190 πολεμικῶν
1706 1155 1807 1188 ἐφόδων

1024 1210 1093 1235 είσὶν
1117 1207 1316 1242 ἀποτρεπτικὰ,
1346 1205 1502 1240 μετέὄαινον
1527 1203 1631 1230 ἐκεῖθεν
1654 1201 1806 1236 ἀρχομένου

1023 1255 1070 1281 τοῦ
1087 1252 1154 1290 ἦρος
1165 1274 1172 1285 ,
1189 1254 1235 1281 καὶ
1251 1253 1330 1286 ἀφεὶς
1347 1251 1473 1284 εὐώνυμα
1490 1250 1627 1284 Σαλαμῖνα
1642 1248 1691 1283 τὴν
1706 1248 1787 1281 νῆσον
1797 1266 1805 1277 ,

1024 1301 1087 1327 ἔνθα
1102 1299 1285 1334 Θεμιστοκλέα
1300 1298 1345 1324 τὸν
1359 1297 1506 1327 Νεοκλέους
1523 1296 1624 1322 ἐκεῖνον
1639 1294 1721 1321 πάλαι
1738 1293 1805 1328 φασὶ

1023 1346 1072 1381 τὴν
1086 1347 1139 1372 τῶν
1155 1345 1266 1380 Περσῶν
1282 1344 1388 1378 ἐκείνην
1402 1343 1531 1377 ναυτικὴν
1546 1340 1745 1368 καταὸαπτίσαι
1759 1339 1806 1365 δύ-

1024 1399 1115 1424 ναμιν,
1139 1390 1237 1423 νήσους
1260 1397 1289 1414 τε
1313 1388 1345 1418 ἃς
1369 1387 1511 1418 Κυκλάδας
1533 1387 1599 1420 φασὶ
1621 1384 1806 1419 παραλλάξας,

1025 1434 1194 1462 κατέπλευσα
1216 1435 1244 1466 ἐς
1265 1433 1381 1460 Εὔϐοιαν
1402 1433 1450 1467 τὴν
1472 1432 1563 1466 νῆσον⁹
1584 1431 1703 1465 ὑπήκοον
1723 1427 1806 1456 οὖσαν

1024 1482 1175 1512 Βενετικοῖς
1198 1480 1264 1507 ἐτῶν
1288 1480 1338 1515 ἤδη
1364 1479 1485 1514 μακρῶν.
1510 1477 1562 1504 Καί
1589 1486 1621 1512 με
1645 1476 1805 1511 βουλόμενον

189 1521 352 1548 οοιιιιιιοι-ειοί
370 1521 584 1553 constituissem,
598 1529 737 1548 armorum
750 1522 869 1557 bellique
882 1531 968 1557 appa-

1024 1527 1133 1554 πλείονα
1155 1527 1250 1561 χρόνον
1271 1525 1437 1560 ἐνδιατρίψαι
1459 1523 1544 1558 ταύτῃ
1566 1524 1582 1558 ὴ
1606 1522 1659 1548 τῶν
1681 1521 1804 1548 Εὐϐοέων

190 1571 262 1596 ratu,
278 1566 306 1592 in
318 1574 399 1600 quem
412 1574 520 1593 summo
534 1567 626 1593 studio
643 1572 724 1601 atque
737 1568 878 1595 alacritate
889 1569 971 1596 etiam

191 1612 361 1639 Eubccenses
387 1613 584 1643 iucubuerunt,
605 1621 620 1640 ει
641 1614 783 1648 proposito
799 1613 969 1642 deterrebar.

191 1657 272 1684 Fama
288 1658 362 1684 enim
381 1662 451 1688 erat,
477 1658 588 1693 jamjam
614 1658 740 1685 triremes
770 1666 803 1686 ex
821 1659 915 1687 Genua
931 1661 973 1687 in-

191 1703 259 1730 festo
273 1703 374 1738 impetu
391 1703 417 1730 in
433 1711 481 1731 eos
497 1704 673 1739 navigaturas
688 1712 760 1733 esse.
779 1704 871 1738 Quare
883 1705 972 1734 ,brcvi

190 1753 313 1783 tempore
331 1754 385 1776 tota
399 1750 487 1776 insula
506 1751 673 1784 perlustrata
689 1757 717 1778 et
736 1752 865 1785 urbibus,
881 1760 971 1787 quan-

193 1799 251 1820 tum
265 1793 325 1821 ﬁeri
343 1794 441 1828 potuit,
464 1794 570 1825 invisis.
596 1795 630 1822 ad
653 1795 843 1830 Artemisium,
861 1797 973 1825 Euboeae

191 1840 409 1872 promontorium
449 1841 684 1875 septentrionale,
730 1843 868 1876 profectus
899 1851 971 1870 sum.

191 1885 268 1912 Unde
282 1893 343 1912 cum
354 1886 407 1920 jam
423 1887 536 1921 provehi
553 1887 664 1920 vellent,
676 1888 773 1916 classis
789 1889 908 1916 hostium
924 1890 972 1917 de»

190 1932 278 1958 currit
303 1939 401 1966 meque
426 1940 440 1958 a
458 1932 626 1965 profectione
655 1933 806 1968 prohibuit.
835 1934 973 1962 Triremes

190 1977 264 2003 enim
278 1977 438 2005 Genuenses
453 1978 662 2012 quatuordecim
676 1979 823 2006 celerrimo
839 1988 922 2007 cursu
938 1980 972 2006 ad

190 2022 311 2056 Oropum
325 2027 352 2049 et
365 2023 490 2050 Aulidem
507 2025 678 2058 appellentes
695 2025 746 2051 sub
763 2024 845 2051 ﬁnem
870 2027 974 2054 aestatis

191 2067 442 2102 conspiciebantur.
458 2069 532 2095 inter
547 2069 629 2096 hasce
642 2069 716 2096 enim
729 2070 813 2097 urbes
825 2070 906 2104 paulo
918 2078 974 2097 me-

193 2113 289 2140 ridiem
304 2121 402 2141 versus
416 2114 482 2142 sitas
497 2119 594 2148 portus
609 2120 651 2142 est
663 2115 807 2150 oblongus,
821 2124 866 2148 qui
879 2124 974 2151 quam-

191 2165 301 2192 cunque
313 2159 484 2192 tempestatis
507 2160 550 2186 vel
570 2160 814 2187 turbulentissima:
833 2161 886 2188 vim
901 2169 974 2188 con-

194 2204 311 2236 temnit;
329 2204 356 2231 in
371 2212 434 2231 eum
449 2205 532 2240 igitur
553 2206 634 2233 modo
650 2207 743 2233 hostes
766 2207 866 2234 invecti
884 2212 972 2234 erant.
989 2199 1011 2226 D

193 2249 307 2277 Postero
322 2254 414 2277 autem
431 2250 476 2277 die
510 2251 619 2285 triginta
643 2257 762 2286 quatuor
790 2252 916 2279 triremes
927 2253 975 2280 Ve-

194 2300 264 2323 neta:
272 2295 327 2330 jam
341 2295 388 2322 diu
401 2295 536 2323 insidiata:
553 2297 609 2324 illis
626 2297 747 2324 hostium
760 2297 877 2324 navibus
889 2298 974 2324 adve-

192 2346 244 2369 cta:
257 2346 354 2376 portus
382 2341 510 2369 faucibus
529 2342 686 2370 interclusis
710 2343 868 2371 Genuitieas
890 2351 975 2371 naves

194 2388 356 2423 necopinato
366 2389 445 2424 quasi
459 2388 511 2415 reti
521 2389 677 2416 cinxerunt.
693 2389 732 2416 Ex
745 2390 846 2424 quibus
855 2394 974 2424 quatuor

193 2443 277 2463 naves
290 2436 380 2462 statim
394 2435 460 2462 velis
475 2435 571 2469 passis,
594 2435 672 2469 quasi
696 2435 818 2462 alearum
831 2435 916 2470 jactui
945 2442 974 2462 re

192 2482 459 2516 commissa,aperto
494 2481 617 2515 periculo
641 2480 757 2507 dubium
784 2480 973 2515 pr:elerentes,

193 2527 313 2555 hostium
328 2528 447 2562 gladium
462 2527 707 2562 subterfugerant;
733 2527 854 2561 reliquas
883 2532 974 2553 autem

192 2581 275 2601 naves
290 2574 383 2608 paucis
397 2573 530 2608 exceptis,
550 2574 595 2607 qui
613 2573 640 2600 in
654 2573 841 2600 continentem
856 2573 975 2600 exsilue-

192 2625 267 2652 runt,
287 2628 382 2648 omnes
393 2627 454 2647 cum
468 2620 625 2647 lmminibus
638 2620 732 2647 Veneti
748 2623 880 2654 ceperunt
893 2627 973 2646 manu

192 2666 245 2702 Μ
260 2674 314 2693 non
324 2670 451 2693 conserta
464 2674 553 2700 neque
569 2674 656 2701 pugna
670 2665 759 2692 navali
775 2665 930 2691 commissa.
942 2665 975 2692 Et

193 2714 249 2740 h:cc
263 2713 375 2748 quidem
391 2721 433 2740 res
449 2714 486 2740 sic
503 2713 601 2740 solere
625 2713 672 2739 illo
698 2717 820 2746 tempore
846 2711 974 2740 habebat.

193 2758 342 2785 Prml‘ectus
355 2763 447 2784 autent
465 2758 560 2784 classis
575 2757 686 2784 Veneta:
717 2762 894 2791 posteaquam
921 2761 974 2783 tam

194 2811 325 2838 prospere
341 2811 385 2831 res
398 2803 567 2836 ceciderunt,
585 2803 694 2829 Enbma:
710 2803 874 2832 rationibus.
887 2810 975 2836 quan-

194 2854 252 2877 tum
266 2851 382 2877 maxime
401 2850 458 2877 lieri
475 2849 574 2884 potuit,
588 2848 732 2882 ordinatis,
750 2848 866 2876 navibus
879 2848 976 2876 solutis

1022 1572 1175 1600 ἀνέστειλεν
1195 1571 1319 1605 ἀσχολία,
1342 1571 1426 1604 πολλή
1449 1578 1489 1600 τις
1512 1567 1579 1595 οὖσα
1601 1568 1647 1594 καὶ
1668 1567 1736 1601 αὕτη
1759 1568 1807 1593 καὶ

1025 1618 1096 1652 μάλα
1111 1617 1141 1649 γέ
1155 1625 1180 1643 τι
1195 1615 1452 1649 κατεσπουδασμένῃ
1470 1614 1537 1648 πρὸς
1552 1613 1642 1639 ὃπλων
1655 1614 1700 1639 καὶ
1717 1611 1807 1647 μάχης

1023 1663 1198 1698 παρασκευήν
1211 1670 1218 1678 ·
1238 1661 1344 1696 μέλλειν
1360 1659 1414 1694 γὰρ
1433 1659 1471 1694 [ί.
1491 1659 1541 1685 105
1559 1657 1593 1692 a'i
1624 1658 1686 1684 ὅσον
1703 1657 1807 1683 οὐδέπω

1022 1707 1099 1740 λόγος
1111 1704 1144 1740 ἦν
1157 1705 1287 1739 πολεμίας
1301 1705 1332 1730 ὲκ
1345 1703 1477 1734 Γεννούας
1490 1703 1532 1728 ἐπ’
1543 1703 1640 1732 αὐτοὺς
1653 1702 1806 1728 καταπλεύ-

1023 1762 1080 1780 σειν
1101 1754 1234 1787 τριήρειῖ.
1251 1751 1334 1777 Ὅθεν
1355 1751 1384 1776 ἐν
1407 1749 1503 1784 βραχεῖ
1524 1749 1572 1784 τὴν
1594 1749 1676 1782 νῆσον
1700 1748 1808 1782 ἐκείνην

1023 1799 1107 1826 ἐλθὼν
1124 1799 1172 1824 καὶ
1195 1795 1403 1831 περισκοπήσας
1423 1795 1550 1825 ἃπασαν,
1567 1795 1615 1821 καὶ
1630 1794 1680 1824 τὶς
1701 1793 1808 1828 ἐκείνης

1023 1846 1084 1871 ὅσον
1097 1845 1158 1878 ἐξῆν
1170 1843 1316 1877 ἱστορήσας
1329 1841 1430 1874 πόλει-ς,
1442 1837 1509 1875 ἦχον
1522 1840 1566 1865 ἐπὶ
1578 1840 1608 1865 τὸ
1622 1839 1806 1874 Ἀρτεμίσιον,

1024 1891 1129 1926 βόρειον
1149 1890 1234 1924 ἄκρον
1254 1888 1381 1918 Εὖϐοίας.
1404 1887 1538 1914 Κάκεῖθεν
1560 1886 1637 1916 αὖθις
1658 1886 1806 1919 ἀνάγεσθαι

1024 1935 1185 1971 βουλόμενον
1199 1934 1314 1969 ἐπέσχεν
1329 1932 1459 1967 ἐξαίφνης
1473 1933 1490 1967 ή
1505 1932 1560 1958 τῶν
1575 1932 1711 1966 πολεμίων
1726 1940 1809 1958 κατα-

1024 1981 1163 2007 πλεύσασα
1182 1980 1306 2013 δύναμις,
1324 1979 1454 2014 Τριήρεις
1474 1978 1528 2013 γὰρ
1548 1978 1808 2012 Γεννουῖτικαὶ-τεο-

1025 2025 1223 2062 σαρεσκιίδεκα
1234 2025 1362 2058 λήγοντος
1374 2024 1470 2059 θέρους
1481 2023 1609 2058 ὤφθησαν
1618 2023 1667 2057 τὴν
1677 2023 1808 2057 ταχίστην

1024 2073 1053 2102 ἐς
1071 2071 1192 2105 Ὤρωπδν
1213 2069 1261 2096 καὶ
1284 2068 1381 2095 Αὐλίδα
1404 2069 1597 2101 καταίρουσαι.
1621 2067 1730 2099 Μεταξὺ
1754 2068 1809 2102 γὰρ

1024 2119 1083 2145 ταῖν
1108 2118 1180 2144 δυοῖν
1203 2116 1318 2142 ταύταιν
1341 2115 1503 2149 νοτιωτέραν
1524 2114 1573 2149 τὴν
1595 2114 1669 2139 θέσιν
1691 2105 1809 2148 ἐχουσῶν

1026 2164 1079 2190 τῶν
1098 2164 1201 2190 πόλεων
1218 2163 1291 2189 ἐστιν
1307 2162 1446 2196 ἐπιμήκης
1466 2160 1550 2194 λιμὴν
1564 2179 1571 2191 ,
1593 2160 1682 2186 πᾶσαν
1702 2159 1809 2193 ἀνέμων

1026 2209 1163 2244 χλευάζων
1182 2209 1267 2243 βίαιον
1284 2207 1408 2242 κίνησιν,
1428 2208 1456 2236 ἐς
1476 2206 1505 2232 ὃν
1520 2205 1622 2239 ἀρτίως
1642 2204 1809 2231 ἐσέπλευσαν

1024 2256 1048 2282 οι
1064 2255 1197 2289 πολέμιοι.
1213 2254 1267 2280 Καὶ
1282 2253 1340 2288 ἅμα
1354 2253 1382 2284 ἐς
1395 2252 1444 2287 τὴν
1457 2251 1604 2286 ὑστεραίαν
1616 2251 1746 2285 τέσσαρες
1761 2250 1809 2277 καὶ

1024 2300 1172 2335 τριάκοντα
1184 2299 1307 2334 τριήρεις
1322 2298 1476 2330 Βενετικαὶ,
1491 2297 1540 2327 τὰς
1557 2296 1687 2329 πολεμίας
1700 2296 1817 2327 ὲκείνας·

1025 2346 1058 2372 ἐκ
1079 2345 1180 2371 πολλοῦ
1200 2345 1379 2378 ναυλοχοῦσαι
1391 2364 1398 2375 ,
1415 2342 1587 2369 ἐπέπλευσαν
1604 2350 1634 2367 τε
1655 2343 1700 2368 καὶ
1715 2342 1744 2368 τδ
1759 2343 1808 2368 τοῦ

1025 2391 1133 2426 λιμένος
1148 2391 1267 2425 ἔφραξαν
1284 2390 1381 2424 στόμα.
1396 2389 1456 2415 Τῶν
1470 2388 1516 2415 οὖν
1532 2387 1724 2414 Γεννουῖτικῶν
1740 2388 1809 2413 νεῶν

1024 2439 1062 2471 ὡς
1081 2441 1110 2466 ἐν
1130 2438 1230 2473 δικτύῳ
1251 2438 1327 2472 παρὰ
1346 2436 1424 2468 δόξαν
1442 2436 1492 2470 ήδη
1517 2433 1760 2468 συγκλεισθεισῶν,
1780 2435 1809 2459 αἱ

1026 2484 1077 2519 μὲν
1092 2483 1223 2518 τέσσαρες
1239 2481 1318 2512 εὐθὺς
1335 2481 1539 2507 ἀναπετάσασαι
1554 2479 1588 2504 τὰ
1606 2479 1686 2508 ἱστία,
1701 2479 1745 2504 καὶ
1762 2487 1809 2504 κα-

1026 2529 1114 2563 θάπερ
1128 2529 1157 2554 ἐν
1172 2527 1266 2558 κύόοις
1281 2525 1328 2552 τοῦ
1344 2525 1499 2560 προφανοῦς
1513 2524 1559 2551 τὸν
1574 2524 1809 2558 ἀμφιϐαλλόμενον

1026 2573 1203 2608 ἀνθελόμεναί
1223 2581 1254 2598 τε
1278 2572 1326 2598 καὶ
1349 2571 1535 2606 ὰναρῤίψασαι
1559 2570 1691 2601 κίνδυνον,
1715 2569 1810 2595 ἔλαθον

1026 2619 1126 2646 οὑτωσὶ
1148 2619 1179 2644 τὸ
1201 2617 1329 2652 πολέμιον
1351 2617 1491 2651 διαδρᾶναι
1515 2615 1607 2650 ξίφοςυ
1629 2615 1678 2645 τάς
1701 2623 1731 2648 γε
1756 2615 1810 2648 μὴν

1026 2665 1196 2696 ἐπιλοίπους,
1213 2663 1284 2698 πλὴν
1300 2662 1397 2696 ὀλίγων
1415 2661 1520 2696 ἀνδρῶν
1538 2663 1566 2692 ἐς
1581 2660 1631 2694 τὴν
1648 2660 1746 2695 χέρσον
1763 2661 1810 2686 ἐ»-

1026 2709 1239 2746 πεπηδηκότων,
1255 2709 1420 2743 αὐτάνδρους
1434 2707 1544 2737 ἁπάσας
1559 2704 1631 2732 εἶλον
1648 2707 1712 2740 πρὶν
1727 2706 1808 2740 ἄρξαι

1026 2757 1126 2790 χειρῶν
1139 2756 1185 2781 καὶ
1201 2754 1360 2789 ναυμαχίας.
1375 2753 1428 2778 Καὶ
1440 2752 1526 2778 ταῦτα
1540 2751 1589 2785 μὲν
1603 2751 1664 2785 τῇδέ
1678 2760 1715 2785 πη
1731 2751 1808 2786 ἔσχεν

1026 2803 1084 2828 ἐκεῖ
1101 2802 1161 2828 κατ’
1175 2802 1277 2826 ἐκεῖνον
1293 2799 1339 2825 τὸν
1355 2799 1450 2834 χρόνον
1463 2806 1469 2813 ·
1486 2798 1500 2824 ὃ
1516 2805 1548 2831 γε
1568 2798 1620 2832 μὴν
1635 2797 1682 2823 τοῦ
1702 2799 1808 2824 Βινεινι-

1027 2848 1077 2875 κοῦ
1101 2847 1195 2874 στόλου
1217 2845 1361 2880 ναύαρχος,
1384 2845 1412 2876 ἐς
1436 2843 1513 2870 τοῦτο
1535 2843 1618 2878 τύχης
1642 2843 1809 2878 ἐληλυθότων
