1900 3063
89 185 126 216 33
603 181 823 212 BYZANTIN/E
843 181 1036 212 lIISTOliI/E
1058 182 1130 212 LIB.
1151 181 1240 212 XXV.
1684 183 1719 216 34

89 239 165 274 αὐτῷ
183 239 238 266 τῶν
254 239 427 274 πραγμάτων
438 258 445 270 ,
463 238 498 265 τά
515 247 543 265 τε
562 238 626 273 περὶ
643 238 694 272 τὴν
712 237 828 265 Εὔϐοιαν
845 237 883 267 ὡς

944 237 1005 264 :elis
1019 238 1108 271 plenis
1124 237 1187 264 inde
1221 240 1296 264 recta
1313 236 1472 272 Byzantium
1498 245 1592 266 versus
1608 246 1719 267 cursum

89 286 156 319 ὲνῆν
172 285 338 320 διῳκήσατο,
354 285 401 311 καὶ
416 284 473 318 ἅμα
489 284 623 319 πλήρεσιν
639 283 736 315 ἱστίοις
752 283 837 313 λύσας
852 282 883 314 ἐξ

90 331 207 361 Εὺϐοἱας
225 330 332 365 ἀνήχθη
347 329 412 355 εὐθὺ
429 328 576 360 Βυζαντίου
595 327 756 362 ποιούμενος
771 326 820 362 τὴν
836 334 884 353 πο-

92 375 182 409 ρεὶαν.
202 375 278 400 Ἐπεὶ
294 373 323 400 δὲ
342 373 444 408 μεταξὺ
459 372 606 408 γεγένηταί
622 372 646 398 οι
664 372 759 406 μαθεῖν
773 371 802 397 ὲν
817 371 884 397 Θεσ-

89 420 225 455 σαλονίκῃ
239 419 389 455 διατρίϐειν
401 420 445 446 τὸν
460 419 582 454 βασιλέα,
595 419 733 453 τέσσαρας
747 417 801 444 τῶν
815 417 883 443 νεῶν

90 466 299 501 ἀπιλεξάμενος
322 466 367 492 καὶ
388 465 443 492 τῶν
467 465 586 500 μάλιστά
606 465 630 491 οἱ
652 464 820 491 πιστοτάτων
843 463 883 490 ἑνὶ

92 513 251 548 παραδοὺς,
269 511 472 547 πρεσῦεύσοντα
485 511 589 546 πέμπει
606 511 672 546 πρὸς
689 510 803 546 βασιλέα
819 510 884 545 περὶ

92 557 259 593 συμμαχίας
279 558 350 584 κατὰ
372 557 427 583 τῶν
450 557 547 583 κοινῶν
570 556 686 592 ἐχθρῶν.
709 556 796 588 Αὐτὸς
818 556 840 582 δ’
856 558 883 587 ἐς

92 604 242 634 Βυζάντιον
268 603 378 639 ῆλαυνε,
402 603 581 639 καρτερήσων
604 603 654 638 τὴν
677 604 725 630 τοῦ
750 602 883 637 βασιλέως

90 649 198 684 ἄφιξιν.

130 695 181 722 1Δ’.
212 694 299 725 Αὐτὸς
315 694 337 722 δ’
357 693 391 721 ἂν
407 694 507 728 εἰδείης
526 694 630 730 βέλτιον
645 694 713 730 ἐμοῦ
739 695 774 722 τὰ
795 694 873 729 ἑξῆς,

92 741 176 772 αὑτός
191 749 222 767 τε
235 739 331 775 παρὼν
354 741 508 776 γινομένοις
523 741 569 767 καὶ
584 741 765 775 βλέποιν,⁷καὶ
782 741 885 775 σφόδρα

92 787 139 814 διὰ
149 787 269 822 σπουδῆς
280 787 315 812 τὰ
327 787 436 813 τοιαῦτα
456 787 627 822 συγγράφειν
638 787 718 822 ἔχων.
744 787 815 821 Ἐγὼ
829 788 884 822 γὰρ

92 835 159 863 τοῦς
174 834 205 859 ὲν
226 833 347 868 θαλάττῃ
364 834 434 864 τέως
451 833 545 864 δεδιὼς
561 833 691 868 θορύϐους
709 835 778 860 κατά
792 834 884 869 χώραν

96 880 193 912 μένειν
209 879 304 914 ἔκρινα
322 881 377 906 δεῖν
391 879 420 905 ὲν
444 879 545 914 καιρῷ.
565 879 631 905 ”οτε
647 879 678 913 δὴ
695 879 741 906 καὶ
756 880 806 911 τὰς
819 880 885 906 Γεν-

96 926 241 956 νουῖτικὰς
259 926 364 956 ἐκείνας
376 925 508 960 τέσσαρας
521 926 644 960 τριήρεις
654 925 887 960 παλινδρομούσας

96 971 270 1006 ἐθεασάμην.
293 971 321 997 αἳ
345 972 488 1005 διαφυγεῖν
508 971 694 1006 ἐδυνήθησαν,
716 971 753 1003 ὡς
768 972 888 1007 εἰρήκει-

96 1024 164 1050 μεν,
185 1017 231 1042 τὸν
248 1016 302 1050 πρὸ
330 1016 444 1051 βραχέος
472 1017 576 1042 ἐκεῖνον
605 1016 746 1048 κίνδυῆον,
770 1017 834 1050 μῐαν
858 1025 887 1042 τε

96 1062 169 1088 κατὰ
191 1063 222 1088 τὸ
237 1061 348 1096 λεληθὸς
362 1063 417 1089 τῶν
438 1063 569 1098 παράλων
590 1062 701 1094 ὲλούσας
720 1063 889 1090 πλουσιωτὰ-

96 1117 151 1142 την
166 1109 281 1140 Εὐϐοίας
296 1109 384 1139 πόλιν,
402 1109 448 1135 καὶ
463 1109 775 1144 ἐξανδραποδισαμένους
791 1111 822 1136 ὲκ
842 1109 888 1136 τοῦ

98 1155 248 1189 αἰφνιδίου,
263 1156 310 1182 καὶ
327 1155 528 1190 ἀπεληλυθυίας
553 1155 636 1187 εὐθὺς
652 1155 713 1190 μεθ’
724 1152 761 1182 ὧν
783 1155 889 1182 ἀπώλε-

101 1209 153 1227 σαν
169 1201 304 1236 πρότερον
330 1201 514 1236 στρατιωτῶν,
533 1201 571 1236 μὴ
590 1201 786 1236 προαισθέσθαι
809 1203 890 1238 δυνη-

100 1247 205 1273 θέντων
231 1247 286 1273 τῶν
303 1246 439 1278 Εὐϐοέων,
458 1247 527 1273 ἀλλὰ
549 1247 595 1273 τὸν
618 1247 800 1281 Ἐνδυμίωνος
821 1248 890 1279 τέως

100 1293 193 1318 εἰπεῖν
208 1292 394 1319 καθευδόντων
410 1291 494 1319 ὕπνον
509 1292 553 1319 διά
566 1301 597 1327 γε
617 1293 647 1319 τὺ
667 1292 783 1328 ἔναγχος
803 1295 890 1321 ἐκεῖνο

101 1338 225 1374 προτέρη
231 1347 278 1373 μα.

137 1383 190 1412 IE'.
207 1385 244 1410 Οὐ
269 1384 352 1416 πολὺς
377 1384 477 1419 μεταξὺ
491 1384 636 1420 παρεῤῥύη
651 1386 769 1420 χρόνος,¹
781 1387 827 1413 καὶ
841 1386 890 1418 τὰς

101 1431 250 1461 Βενετικὰς
265 1429 370 1459 ὲκείνας
383 1429 511 1464 ὲθεὼμην
524 1430 657 1464 τέτταρας
673 1431 719 1456 καὶ
741 1431 890 1466 τριάκοντα

99 1477 228 1511 τριήρεις
246 1476 335 1502 οἶκαδε
349 1475 493 1507 κατιούσας
514 1476 672 1510 ἀπράκτους
689 1477 721 1502 ὲκ
740 1476 890 1508 Βυζαντίδυ

100 1522 146 1548 διὰ
174 1522 205 1548 τὸ
229 1522 258 1548 ὲν
285 1521 467 1556 Θεσσαλονίκῃ
491 1521 643 1556 τηνικαῦτα
671 1522 823 1557 διατρίϐειν
844 1523 890 1549 τὸν

937 280 1065 307 intendit.
1083 281 1190 307 Interea
1208 289 1273 308 vero
1289 281 1392 308 certior
1417 281 1505 309 factus
1527 283 1720 318 imperatorem

936 325 1138 354 Thessalonicae
1165 328 1342 359 commorari,
1364 332 1483 363 quatuor
1495 329 1577 364 elegit
1604 338 1637 357 ex
1665 331 1721 358 suis
1746 322 1748 325 ”

936 370 1066 402 navibus,
1084 371 1186 405 quibus
1204 379 1288 399 unum
1304 380 1337 400 ex
1359 373 1526 401 ﬁdelissimis
1552 374 1605 401 sibi
1623 376 1720 408 praefe-

937 416 975 442 cit
991 416 1065 442 etad
1083 416 1277 451 imperatorem
1303 418 1337 445 de
1360 419 1494 447 societate
1515 424 1612 447 contra
1629 421 1722 447 hostes

937 469 1099 489 communes
1112 463 1253 498 jungenda
1273 469 1400 492 acturum
1429 465 1514 493 misit.
1543 466 1603 500 Ipse
1630 473 1720 494 autem

936 507 1097 543 Byzantiqu
1114 516 1228 536 cursum
1244 509 1355 543 direxit,
1382 510 1558 545 imperatoris
1574 512 1721 539 adventum

935 552 972 579 ibi
989 553 1204 587 prastolaturus.

972 692 1041 721 XIV.
1057 693 1098 720 Tu
1113 701 1178 720 vero
1192 693 1247 729 jam
1262 701 1294 722 ea
1320 702 1381 730 qua:
1399 695 1524 723 insecuta
1553 701 1629 728 sunt,
1652 704 1721 732 quo-

937 739 1019 766 modo
1037 747 1096 767 sese
1112 739 1241 772 habeant,
1257 748 1299 768 me
1314 741 1413 768 melius
1426 742 1590 776 cognovisti,
1617 749 1647 770 ut
1673 743 1720 777 qui

936 786 994 820 ipse
1009 786 1092 813 rebus
1105 786 1237 819 atlfueris,
1265 787 1322 821 ipse
1337 787 1445 814 videris
1467 795 1570 822 easque
1596 789 1719 815 conscri-

938 831 1003 859 bere
1018 833 1205 867 maximopere
1224 833 1350 860 studeas.
1367 834 1423 868 Ego
1441 841 1505 861 vero
1519 835 1663 867 tumultus,
1674 835 1720 869 qui

938 884 1011 904 mare
1032 879 1261 912 perVagahautur,
1291 883 1429 911 metuens,
1449 879 1475 906 in
1493 879 1554 906 loco
1570 878 1637 906 mihi
1663 887 1720 906 ma-

939 923 1058 950 nendum
1073 931 1134 950 esse
1150 923 1273 957 decrevi,
1297 932 1360 951 cum
1385 925 1538 959 praesertim
1561 933 1644 953 naves
1660 934 1724 960 qua-

939 971 1002 995 tuor
1016 968 1084 996 istas
1098 968 1269 1001 Geuuenses,
1287 977 1355 1005 quas
1375 971 1528 1005 periculum
1555 971 1638 1005 paulo
1659 976 1723 998 ante

938 1014 1130 1050 subterfugere
1147 1017 1268 1050 potuisse
1284 1016 1416 1049 diximus,
1438 1024 1584 1044 recurrere
1601 1022 1629 1045 et
1649 1018 1720 1044 clam

939 1069 993 1088 una
1006 1069 1039 1088 ex
1053 1062 1270 1096 opulentissimis
1286 1062 1396 1090 Euboea:
1412 1063 1528 1090 urbibus
1546 1063 1579 1090 ad
1599 1071 1673 1090 mare
1684 1063 1722 1090 si-

940 1106 975 1132 tis
988 1109 1068 1140 capta
1096 1111 1179 1141 atque
1209 1111 1324 1141 repente
1349 1107 1467 1142 direpta,
1497 1115 1560 1135 cum
1590 1107 1725 1134 militibus

939 1159 1008 1186 quos
1022 1156 1102 1179 antea
1111 1152 1273 1185 amiserant,
1303 1161 1399 1180 rursus
1423 1153 1501 1180 abire
1520 1153 1656 1185 viderent,
1669 1153 1724 1180 Eu—

939 1197 1099 1225 bmeusit‘us
1108 1207 1162 1226 non
1175 1199 1227 1226 tale
1239 1200 1304 1234 quid
1317 1199 1568 1234 prtesent'ientibus,
1577 1201 1623 1228 sed
1635 1201 1724 1236 Endy-

939 1244 1041 1271 mionis
1053 1252 1193 1278 somnum,
1212 1252 1242 1274 ut
1257 1246 1346 1279 aiunt,
1373 1246 1410 1274 ob
1426 1250 1565 1274 recentetn
1581 1247 1655 1274 illam
1685 1248 1724 1274 vi-

940 1290 1056 1318 ctoriam
1073 1291 1289 1319 dormientibus.

973 1382 1027 1418 45
1043 1383 1101 1411 XV.
1132 1383 1191 1411 Non
1215 1383 1251 1410 ita
1268 1383 1354 1411 multo
1382 1387 1444 1418 post
1460 1383 1542 1411 etiam
1559 1383 1723 1411 Venetorum

940 1431 1067 1458 triremes
1079 1435 1198 1465 quatuor
1211 1434 1239 1457 et
1265 1431 1362 1465 viginti
1386 1430 1521 1465 Byzantio
1534 1429 1645 1456 domum
1664 1430 1726 1457 red-

939 1481 1036 1504 euntes
1050 1477 1175 1514 videbam
1194 1484 1222 1504 rc
1240 1475 1350 1507 infecta,
1370 1476 1443 1511 quod
1459 1475 1662 1504 Thessalonica:
1676 1476 1726 1502 im-

941 1527 1052 1557 perator
1069 1528 1125 1550 tum
1141 1522 1314 1550 versabatur.
1341 1522 1435 1550 llieme
1450 1526 1541 1549 autem
1555 1523 1658 1549 interea
1671 1522 1727 1549 ela«

103 1567 232 1602 βασιλέα.
256 1567 334 1593 Ἐπεὶ
358 1567 386 1593 δὲ
413 1567 459 1594 καὶ
481 1568 496 1594 ὁ
524 1567 573 1601 μὲν
597 1567 702 1602 χειμὼν
730 1569 760 1594 έν
786 1569 891 1601 τούτοις

944 1575 989 1602 psa
1004 1575 1065 1605 cum
1079 1568 1134 1602 jam
1151 1568 1227 1595 verni
1247 1568 1314 1595 solis
1327 1567 1402 1594 faces
1416 1568 1644 1601 accenderentur,
1658 1576 1726 1602 qua-

102 1613 207 1648 παρῄει
233 1614 281 1640 καὶ
300 1614 326 1640 αἱ
349 1614 419 1640 κατὰ
438 1613 468 1648 [Γ.
492 1613 544 1640 105
559 1613 585 1649 ὑ]
605 1614 635 1640 τὸ
658 1613 705 1648 ἔαρ
722 1613 797 1649 ἡλίου
822 1614 891 1649 λαμ-

101 1660 191 1691 πάδες
208 1660 359 1695 ἀνήπτοντο
373 1680 380 1692 ,
399 1659 651 1695 τεσσαρεσκαίδεκα
671 1662 798 1696 τριήρεις
813 1660 891 1693 αὖθις

101 1708 135 1733 ὲκ
154 1706 280 1737 Βενετίας
303 1706 332 1736 ἐς
356 1706 504 1737 Βυζάντιον
528 1706 603 1737 ὅλαις
628 1705 769 1733 ἀνέὸαινον
785 1706 891 1738 κώπαις

100 1754 150 1779 καὶ
174 1752 250 1783 ὅλαις
272 1751 368 1787 ὁρμαῖς
387 1753 435 1786 τῆς
447 1751 547 1786 ψυχῆς,
569 1751 611 1786 ἐφ’
623 1748 645 1784 ᾧ
666 1752 712 1778 τὸν
728 1753 774 1778 τοῦ
790 1753 890 1779 Πόντου

103 1797 361 1832 προκατειληῳυίας
377 1797 478 1832 αὐχένα
494 1797 545 1828 τὰς
565 1798 741 1830 Γενουῖτικὰς
754 1799 892 1835 ναυλοχεῖν

102 1843 233 1874 ὁλκάδας,
253 1843 280 1868 αἳ
301 1843 350 1877 τὴν
373 1843 557 1878 σιτοπομπίαν
573 1844 677 1871 ἄνωθεν
692 1845 723 1871 ὲκ
737 1845 785 1872 τοῦ
801 1845 893 1878 Εὐξεί-

104 1896 152 1913 νου
165 1887 214 1914 καὶ
229 1887 284 1914 τῶν
298 1886 439 1913 Σκυθικῶν
451 1887 591 1921 παραλίων
608 1889 766 1924 ἐσκομίζειν
780 1889 893 1925 ἔμελλον

103 1934 163 1964 τοῖς
181 1934 212 1958 ιν
226 1933 358 1959 Γαλάτου.
376 1931 438 1960 τῶν
453 1940 484 1966 γε
500 1933 553 1968 μὴν
568 1933 631 1968 ἑξῆς
647 1934 727 1966 αὐτὸς
747 1935 781 1962 ἂν
793 1935 893 1969 εἰδείης

106 1978 188 2011 αὖθις
205 1979 323 2006 ἐνταῦθα
336 1979 431 2014 παρὼν
444 1981 490 2006 καὶ
501 1981 572 2015 ὁρῶν
587 1981 711 2015 ἀκριϐῶς
729 1982 778 2017 τὴν
792 1983 893 2009 ἀπὸὅαη

107 2035 164 2053 σιν.
187 2026 265 2062 Ἐμοὶ
283 2026 338 2062 γὰρ
354 2027 490 2061 ἀμυδραῖς
506 2036 576 2053 τισιν
594 2027 689 2059 ἀκοαῖς
704 2028 893 2064 μεμαθηκέναι

107 2073 335 2107 συμπέπτωκεν,
365 2073 423 2100 ἐκεῖ
443 2073 606 2107 διατρίϐοντι
620 2094 626 2105 ,
653 2073 688 2100 τά
714 2082 743 2100 τε
759 2074 826 2101 ἀλλα
849 2075 895 2103 καὶ

105 2118 146 2148 ὡς
163 2117 262 2152 μικροῦ
284 2118 375 2144 πᾶσαν
399 2118 449 2153 τὴν
463 2118 510 2145 τοῦ
529 2118 679 2145 Γαλατικοῦ
696 2121 828 2155 φρουρίου
847 2121 894 2147 δύ-

110 2171 208 2197 ναμιν,
225 2164 282 2190 ἀνω
295 2163 345 2198 μὲν
363 2165 436 2199 παρὰ
454 2164 499 2191 τὸν
514 2162 640 2197 Εὔξεινον
656 2166 753 2192 πόντον
768 2166 895 2193 ἀποκλει-

107 2209 231 2240 σθείσαν,
249 2209 312 2242 ἄρτι
327 2209 356 2235 δὲ
373 2208 532 2242 κατιοῦσαν,
561 2210 659 2243 ἕλοιεν,
688 2212 758 2238 κατά
786 2212 834 2246 μὲν
849 2213 895 2239 τὸν

105 2253 211 2288 αὐχένα
227 2253 275 2279 τοῦ
295 2253 396 2288 Πύντου
413 2253 463 2289 τὴν
489 2254 575 2281 πλείω
601 2254 748 2281 κατιοῦσαν
761 2257 805 2283 διά
817 2265 848 2290 γε
862 2258 894 2292 δὴ

106 2300 137 2325 τὸ
162 2299 200 2333 μὴ
227 2299 439 2333 προαισθέσθαι,
455 2299 504 2334 τὴν
531 2299 558 2326 δὲ
574 2300 671 2336 λοιπὴν
688 2301 816 2336 μείνασαν
839 2302 896 2329 διε-

108 2345 289 2378 σπασμένως,
321 2345 375 2378 ὅπη
405 2345 437 2379 δὴ
464 2345 512 2372 καὶ
537 2345 614 2381 τύχοι
643 2346 767 2381 ὁρμοῦσα
793 2347 895 2382 ἑκάστη

109 2390 251 2425 σποράδην
274 2390 344 2415 κατὰ
357 2390 392 2415 τὰ
403 2390 451 2415 τοῦ
467 2390 569 2416 Πόντου
586 2391 760 2422 ἐπίνεια,,πα
767 2392 897 2426 ραπλέον-

107 2445 151 2468 τε,
167 2436 294 2470 ὕστερον.
311 2436 388 2462 Ἐπεὶ
404 2436 430 2463 δὲ
442 2437 490 2462 καὶ
511 2436 657 2471 σύμμαχον
678 2437 728 2472 ήδη
746 2439 835 2472 σχοῖεν
851 2438 897 2465 τδν

109 2481 227 2519 βασιλέα
240 2480 391 2514 Βενετικοῖ,
407 2481 438 2508 ἐκ
451 2490 491 2516 τε⁹
498 2483 548 2517 γῆς
562 2483 608 2508 καὶ
619 2481 754 2518 θαλάττης
767 2483 898 2519 πλείστην

108 2518 342 2562 είσξνεηνκάμενον
361 2527 486 2562 δύναμιν,
499 2530 546 2555 καὶ
563 2528 621 2563 ἅμα
638 2529 763 2563 τριήρεις
781 2518 897 2564 προσέλ-

109 2575 183 2601 θοιεν
198 2575 292 2608 σφίσιν
317 2575 350 2601 ὲκ
366 2575 448 2610 νήσου
469 2576 518 2610 τῆς
533 2576 646 2611 Κρήτης
671 2573 745 2601 ὀκτὼ
762 2576 900 2611 συμμαχί-

108 2623 165 2654 δες,
180 2623 228 2648 καὶ
242 2621 312 2655 πρδς
325 2620 430 2652 τούτοις
444 2621 556 2653 ὁλκάδες
572 2621 786 2648 συσκευασθεϊεν
803 2621 832 2654 ἓξ
846 2622 899 2649 τῶν

109 2670 183 2694 πάνυ
203 2668 360 2702 μεγίστων,
380 2667 502 2702 μηχανὰς
526 2667 702 2698 παντοδαπὰς
721 2668 767 2694 καὶ
785 2668 900 2697 ὁπλίτας

108 2715 242 2750 ἀρίστους
255 2713 387 2748 φέρουσαι
404 2713 558 2745 πλείστους,
580 2714 688 2747 καίριον
703 2713 754 2747 ήδη
770 2714 900 2749 νομισθῆ-

109 2754 156 2787 ναι
172 2761 231 2790 τοῖς
248 2760 335 2786 ἅπασι
359 2750 460 2790 πάσαις
474 2759 541 2793 ὁμοῦ
562 2759 698 2794 διηάμεσι
713 2760 900 2793 προσελάσαν-

85 2798 93 2809 ἠ
110 2815 158 2839 τας
178 2805 375 2834 κυκλώσασθαι
391 2806 420 2832 τὸ
434 2806 564 2841 φρούριον
582 2806 751 2840 αὐθημερόν.
771 2807 824 2832 Kal.
839 2807 901 2834 τού-

111 2862 167 2880 των
195 2851 298 2878 οὑτωσὶ
325 2852 527 2886 πεπραγμένων
553 2851 704 2886 ἀνυσθῆναι
723 2852 800 2885 σφίσι
815 2853 900 2888 μηδὲν

111 2898 294 2935 ἠκηκόειμεν,
313 2896 351 2927 ὡς
366 2897 517 2931 ἀπογνόντα
530 2897 625 2924 λοιπον
643 2897 689 2923 τὸν
702 2896 752 2933 τῆς
768 2899 900 2934 ναυτικῆς

943 1613 1095 1642 tuordeeim
1111 1621 1195 1641 naves
1212 1621 1307 1640 rursus
1323 1613 1445 1641 Veneliis
1461 1613 1621 1648 Byzantium
1639 1619 1728 1640 ventis

943 1660 1027 1688 remis
1052 1660 1183 1695 omnique
1210 1660 1294 1686 animi
1321 1659 1424 1694 impetu
1449 1659 1674 1692 contenderunt,
1698 1666 1728 1686 ut

943 1706 1022 1734 Ponti
1037 1706 1162 1733 faucibus
1177 1706 1319 1741 occupatis
1329 1705 1516 1734 Genuensium
1533 1706 1648 1732 navibus
1663 1712 1728 1732 one—

943 1754 1024 1781 rariis
1049 1753 1256 1785 insidiareutur,
1282 1760 1344 1788 qua:
1364 1753 1399 1780 ab
1427 1746 1619 1787 superioribus
1646 1751 1726 1779 Ponti

944 1797 1043 1825 Euxini
1061 1797 1118 1824 oris
1133 1802 1160 1824 et
1175 1797 1337 1832 Scytharum
1353 1797 1434 1824 terris
1448 1797 1515 1823 mari
1538 1797 1728 1832 adjacentibus

944 1843 1070 1871 Galatazis
1102 1847 1285 1871 commeatum
1309 1847 1534 1878 transportaturae
1555 1848 1642 1870 erant.
1675 1842 1729 1874 Uos

944 1895 1047 1923 autem,
1062 1899 1122 1925 quae
1136 1892 1265 1918 insecutae
1279 1891 1344 1924 sint,
1360 1898 1441 1924 quem
1454 1889 1555 1916 exitum
1569 1888 1727 1920 habuerint,

945 1941 974 1964 tu
991 1937 1048 1972 ipse
1069 1941 1195 1964 accurate
1220 1936 1284 1967 scis,
1311 1944 1372 1963 cum
1398 1943 1520 1970 praesens
1543 1943 1592 1962 eas
1614 1935 1726 1961 videris.

944 1983 1000 2018 Ego
1025 1982 1097 2009 enim
1126 1981 1184 2009 illic
1210 1986 1393 2009 commoratus
1422 1986 1525 2008 tantum
1549 1989 1579 2008 ex
1605 1981 1729 2007 obscuris

945 2027 1111 2062 quibusdam
1130 2027 1288 2055 rumoribus
1312 2035 1374 2054 cum
1402 2028 1453 2054 alia
1478 2031 1533 2053 tum
1558 2027 1610 2053 hoc
1624 2027 1728 2057 audivi,

945 2074 1064 2101 Venetos
1077 2074 1274 2108 propemodum
1286 2078 1399 2100 cunctas
1410 2073 1513 2100 castelli
1524 2072 1634 2100 Galataei
1646 2079 1730 2099 navus

945 2120 1033 2148 Ponto
1055 2120 1160 2147 Euxino
1177 2120 1338 2147 interclusas
1356 2119 1471 2154 cepisse,
1490 2127 1550 2147 eum
1573 2119 1653 2147 modo
1683 2119 1731 2147 de-

946 2167 1129 2198 scendissent,
1147 2171 1173 2194 et
1187 2166 1317 2201 majorem
1335 2165 1444 2201 quidem
1468 2173 1562 2193 earum
1579 2170 1684 2200 partem
1697 2166 1729 2192 ad

947 2214 1027 2241 Ponti
1052 2214 1143 2241 fauces
1165 2221 1219 2247 quo
1244 2213 1312 2240 nihil
1338 2212 1453 2247 periculi
1474 2213 1619 2247 suspicata:
1647 2217 1732 2239 vecta:

948 2265 1051 2289 essent.
1068 2260 1187 2295 reliquas
1202 2267 1268 2287 vero
1291 2259 1430 2293 dispersas
1457 2259 1485 2286 in
1509 2258 1625 2293 singulis
1638 2257 1732 2285 statio‘

948 2306 1031 2333 nibus
1046 2305 1135 2339 Ponti,
1149 2307 1193 2332 ubi
1209 2313 1324 2340 quaeque
1339 2305 1366 2332 in
1379 2305 1488 2332 ancoris
1498 2304 1605 2336 fuisset,
1622 2309 1733 2338 praeter-

949 2352 1104 2386 navigando
1127 2357 1222 2385 postea
1242 2357 1404 2385 occupasse.
1428 2349 1497 2377 Cum
1519 2354 1610 2376 autem
1635 2349 1731 2376 Veneti

946 2399 1002 2434 jam
1024 2398 1231 2433 imperatorem,
1249 2397 1295 2431 qui
1312 2402 1384 2423 terra
1400 2396 1522 2431 marique
1544 2395 1675 2421 maximas
1687 2402 1733 2420 eo-

948 2446 1007 2480 pias
1017 2445 1189 2477 contulisset,
1205 2444 1309 2471 socium
1324 2443 1377 2470 sibi
1389 2442 1577 2477 adjunxt'ssent
1593 2440 1730 2467 triremes-

949 2498 1003 2524 que
1021 2497 1055 2516 cx
1077 2489 1157 2517 Creta
1180 2494 1243 2516 octo
1268 2489 1357 2516 socias
1387 2486 1577 2520 accepissent,
1601 2489 1733 2519 praeterea

949 2535 1005 2571 ἥδ
1018 2542 1065 2562 sex
1094 2541 1177 2561 naves
1202 2533 1344 2560 onerarias
1369 2531 1503 2558 maximas
1533 2529 1607 2556 omni
1633 2537 1733 2564 genere

950 2580 1139 2608 machinarum
1158 2583 1187 2606 et
1211 2578 1303 2613 gravis
1323 2581 1468 2603 armaturae
1489 2575 1622 2602 militibus
1646 2573 1733 2609 pluri-

951 2627 1003 2654 mis
1019 2626 1233 2658 fortissimisque
1263 2624 1410 2650 instructas
1435 2625 1651 2656 comparassent,
1678 2621 1732 2655 jam

951 2672 1081 2700 omnibus
1113 2671 1243 2698 idoneum
1272 2674 1380 2703 tempus
1413 2669 1501 2695 visum
1531 2675 1591 2694 esse
1627 2665 1735 2693 cunctis

951 2718 1038 2752 copiis
1053 2717 1177 2751 protinus
1185 2715 1326 2743 castellum
1336 2714 1478 2740 adorieudi
1487 2720 1567 2747 atque
1577 2711 1734 2739 obsidendi.

952 2764 1010 2791 Tali
1031 2763 1136 2789 ratione
1156 2761 1237 2788 rebus
1253 2760 1385 2788 institutis
1400 2760 1468 2786 nihil
1485 2761 1518 2786 ab
1534 2759 1568 2785 iis
1584 2757 1615 2784 ad
1629 2759 1733 2785 exitum

951 2807 1100 2833 adductqu
1116 2813 1187 2837 esse,
1205 2806 1393 2835 audiebamus,
1418 2804 1454 2831 ita
1472 2809 1501 2831 ut
1515 2803 1610 2831 classis
1628 2803 1736 2830 Veneta:

954 2852 1097 2887 praefectus
1122 2859 1150 2878 re
1173 2852 1228 2886 jam
1258 2852 1401 2886 desperata
1425 2854 1452 2876 et
1484 2850 1660 2884 imperatore,
1689 2849 1736 2883 qui

953 2898 1054 2926 bellum
1070 2902 1291 2933 persequeretur,
1309 2896 1415 2930 relicto,
1433 2904 1538 2924 summa
1561 2896 1737 2924 festinatione
