1900 3063
167 166 202 197 35
755 140 965 195 Ntc'srnont
986 153 1180 186 esseom
1752 153 1789 184 εδ

169 221 339 251 recesslsset,
356 216 459 246 certior
477 214 566 243 factus
578 215 611 242 ab
624 214 718 242 Genua
735 215 790 250 jam
809 213 949 248 sexaginta

1020 210 1062 238 iw
1078 209 1230 238 Βενετικῶν
1253 208 1397 243 δυνάμεως
1421 206 1555 243 ναύαρχον
1576 207 1625 235 τοῦ
1644 208 1692 243 μὲν
1709 207 1790 234 πολέ-

169 269 296 295 triremes
308 269 409 299 praeter
430 261 552 290 omnium
575 261 807 296 exspectationem
824 260 850 286 iu
866 259 951 286 altum

168 317 280 341 evectas
294 316 365 337 0358.

204 401 274 428 XVI.
291 400 353 427 llrec
366 398 493 434 equidem
517 404 533 424 ιι
555 395 645 432 patria
668 398 792 422 remotus
805 393 884 428 quasi
905 401 955 428 per

170 447 298 474 nebulam
316 445 406 475 audivi
419 453 427 477 ;
442 449 470 471 tu
488 447 579 471 autem
593 441 749 469 narratione
763 440 955 476 progrediente

170 494 277 520 veriora
294 492 417 526 qmedam
434 495 516 524 alque
536 488 654 517 certiora
670 488 704 514 de
726 486 811 514 rebus
837 485 882 513 hie
898 490 954 513 tum

170 538 254 572 gestis
273 544 404 570 expones,
429 535 531 562 additis
553 534 639 561 etiam
658 540 750 560 rerum
765 531 865 559 causis.
878 529 956 558 Nunc

170 590 235 610 vero
255 590 298 609 res
321 589 437 616 quarum
464 581 522 615 ipse
546 579 601 606 illic
628 582 768 613 spectator
785 577 834 608 fui,
858 584 891 603 ex
908 584 953 602 nr-

170 629 233 655 dine
251 628 300 654 tibi
327 629 457 654 accurate
475 630 558 659 atque
578 623 736 659 singillatim
755 622 882 649 referam.
903 621 957 648 lie-

169 673 331 701 vcrtendum
353 672 436 707 igitur
454 670 536 698 nobis
570 674 613 697 est
641 668 675 696 ad
701 667 728 695 id
748 668 821 695 unde
844 666 957 702 digressi

171 727 278 752 sumus,
295 722 325 745 ut
344 717 468 745 historiae
491 715 661 744 continuitas
685 714 842 749 praeclaram
867 720 958 740 rerum

172 764 338 800 cognitionis
354 762 509 790 facilitatem
526 761 645 797 prebeat
657 780 665 793 ,
682 767 745 795 quae
761 759 832 787 inest
849 758 876 785 in
895 765 960 793 per-

173 811 333 846 spicuitate.

208 896 290 925 XVII.
309 896 378 924 Cum
398 895 481 932 igitur
497 896 571 924 circa
586 894 680 922 fauces
701 893 811 922 Eubmae
829 897 858 920 et
873 891 958 928 Cary-
972 885 997 916 B

173 948 245 970 stum
264 943 359 970 urbem
380 946 500 969 exeunte
512 942 568 975 jam
585 944 681 967 testate
706 946 905 970 commorarer,
926 937 960 965 ad

173 989 287 1020 Oreutn,
309 987 418 1014 Ettbmte
439 987 536 1014 urbem
551 989 633 1020 portu
648 983 785 1015 ornatam,
801 982 959 1018 quindecim

175 1033 228 1060 illa:
253 1039 336 1059 naves
349 1031 458 1058 Venetae
483 1029 660 1065 appulerunt,
678 1035 747 1063 quas
772 1035 806 1055 ex
828 1027 961 1062 portubus

175 1078 295 1114 Byzantii
324 1077 473 1104 recessisse
497 1082 581 1110 supra
606 1073 864 1103 demonstravimus.
894 1071 961 1100 Octo

175 1129 266 1152 autem
300 1122 473 1150 Cretensium
505 1122 630 1148 triremes
659 1119 723 1147 inde
752 1119 806 1154 47
835 1118 869 1146 ad
897 1125 961 1146 suas

175 1179 220 1198 res
234 1169 362 1197 tutandae
376 1168 488 1195 domum
507 1167 655 1195 redierant.
668 1164 781 1193 Crebris
795 1171 860 1192 vero
877 1168 960 1199 atque

176 1215 305 1249 gravibus
335 1213 440 1240 nuntiis
466 1211 637 1239 terrentibus
664 1211 794 1243 insulam,
820 1209 960 1245 sexaginta

176 1261 295 1287 hostium
317 1267 401 1286 naves
428 1258 554 1293 proxime
579 1258 686 1289 adesse.
708 1256 835 1284 celeriter
851 1256 962 1283 Venetae

176 1307 273 1335 elatas-is
289 1306 432 1341 praefectus
446 1312 531 1333 naves
545 1308 679 1340 apparatu
703 1303 820 1331 classico
834 1305 961 1337 exempto

176 1360 276 1380 vacuas
291 1352 318 1378 in
342 1355 423 1386 portu
447 1350 613 1388 rudentibus
627 1355 776 1385 suspensas
799 1348 960 1381 submersit,

177 1408 210 1426 ne
223 1399 257 1426 ab
272 1398 397 1425 hostibus
409 1397 536 1433 protinus
556 1395 786 1431 adnavigantibus
812 1395 871 1429 capi
897 1401 961 1429 pos-

176 1449 248 1471 sent.
262 1443 330 1469 Tum
344 1449 427 1477 quam
442 1440 586 1468 celerrime
603 1444 692 1474 potest
706 1446 803 1467 omnes
821 1438 960 1466 Euboeen-

177 1496 223 1518 ses
253 1487 286 1514 ad
323 1487 446 1514 bellicam
474 1485 663 1513 fortitudinem
689 1484 790 1512 excitat
825 1483 962 1519 simulque

179 1542 242 1561 cum
260 1533 374 1563 Latinis.
389 1531 435 1567 qui
452 1531 568 1559 Athenis
585 1535 663 1559 erant
678 1535 707 1558 et
723 1530 837 1562 Thebis,
853 1530 919 1565 agit,
934 1534 963 1557 ut

181 1583 364 1606 trecentorutn
380 1577 501 1612 equitum
515 1577 684 1605 delectorum
697 1576 827 1604 auxilium
843 1577 961 1604 mittant.

179 1625 280 1653 Urbem
300 1629 390 1650 autem
407 1623 453 1651 die
469 1627 609 1658 noctuque
621 1623 729 1658 egregie
743 1622 869 1657 nullique
888 1629 964 1649 sum-

180 1671 240 1705 ptui
252 1677 365 1705 parcens
373 1676 482 1696 armare
490 1673 518 1696 et
530 1669 604 1696 omni
619 1668 851 1696 munimentorum
866 1675 966 1702 genere

183 1717 292 1743 firmare
307 1721 389 1750 atque
405 1715 494 1751 sepire
510 1714 581 1742 haud
597 1714 713 1742 destitit.
733 1715 847 1743 Duobus
863 1714 966 1742 interea

180 1762 281 1796 elapsis
295 1762 395 1789 diebus
418 1768 502 1788 naves
518 1761 571 1789 illae
585 1759 707 1788 hostium
723 1760 855 1788 Euboeam
871 1765 967 1795 peten-

184 1812 224 1834 tes
239 1807 292 1834 sub
308 1814 455 1841 vespcrnm
467 1806 727 1842 conspiciebantur;
742 1811 825 1841 atque
844 1806 890 1833 illo
906 1806 968 1841 qui-

182 1853 244 1881 dem
259 1861 382 1888 vespero,
395 1861 458 1881 eum
472 1858 546 1880 esset
560 1852 685 1885 malacia,
701 1853 729 1880 in
743 1853 798 1880 alto
809 1853 877 1879 mari
890 1860 968 1881 coena

184 1905 278 1934 parata
290 1904 316 1926 et
331 1899 424 1932 rebus,
439 1907 499 1934 qua:
511 1898 638 1934 gerendze
651 1902 739 1931 erant,
753 1899 881 1933 provisis,
897 1898 969 1927 inse-

184 1945 296 1980 quentis
312 1945 366 1972 dici
382 1945 468 1980 prima
485 1945 546 1972 luce
560 1945 652 1973 statim
669 1943 728 1972 acie
747 1945 879 1972 instructa
895 1944 968 1971 omni

185 1998 284 2026 genere
300 1998 438 2017 armorum
454 1990 561 2025 stipatae
576 1990 604 2017 in
626 1990 690 2018 Orei
706 1994 816 2025 portum
835 1990 971 2018 invehun-

186 2043 231 2065 tur
256 2043 439 2071 magnumque
464 2036 507 2063 sui
529 2040 661 2063 terrorem
686 2036 791 2063 faciunt
812 2035 972 2063 certaminis

186 2083 302 2110 Sublatis
324 2082 421 2117 signis,
434 2081 599 2109 canentibus
616 2081 691 2109 tubis
708 2081 839 2116 tibiisque
855 2077 972 2116 aliisque

187 2127 389 2159 instrumentis.
420 2135 480 2163 quae
502 2127 610 2155 animos
633 2128 666 2155 ad
691 2127 861 2155 alacritatem
889 2133 972 2162 atque

188 2172 314 2199 arderent
337 2172 473 2207 pugnandi
504 2172 638 2201 excitant.
672 2172 741 2200 Cum
764 2178 855 2199 autem
884 2173 970 2207 praelii

189 2218 292 2245 navalis
308 2217 386 2252 copia
400 2217 456 2253 48
470 2225 524 2245 non
549 2218 637 2250 ﬁeret,
658 2217 774 2245 navibus
798 2217 901 2253 quippe
918 2225 972 2244 non

187 2263 399 2291 occurrentibus
427 2271 488 2298 quze
513 2271 575 2291 cum
593 2263 627 2290 iis
646 2264 673 2291 in
701 2268 840 2291 certamen
863 2263 975 2290 desccn‘

188 2311 295 2342 derent,
310 2309 415 2337 idoneis
430 2308 534 2337 relictis
550 2308 711 2344 sagittariis,
724 2308 772 2343 qui
787 2316 872 2336 naves
885 2315 976 2336 custo-

185 2354 280 2381 dirent
298 2361 400 2389 eosque
412 2374 419 2388 ,
439 2354 487 2389 qui
502 2361 535 2381 ex
554 2353 771 2388 propugnaculis
797 2353 849 2380 tela
873 2353 978 2389 jacula-

189 2402 299 2433 bantur,
325 2400 506 2428 defenderent
519 2404 603 2434 atque
617 2404 787 2433 averterent,
817 2399 915 2435 reliqui
943 2400 976 2427 ad

188 2447 285 2473 urbem
306 2445 470 2481 cingendam
497 2445 594 2473 multis
620 2453 683 2472 cum
710 2445 792 2473 scalis
819 2445 847 2472 in
877 2450 976 2473 terram

188 2494 292 2527 egressi
307 2492 431 2527 protinus
446 2499 474 2518 se
491 2495 620 2526 capturos
634 2498 695 2518 esse
709 2491 804 2519 urbem
819 2491 976 2526 sperabant,

191 2536 365 2563 multitudine
378 2541 406 2563 et
424 2535 522 2563 bellica
536 2535 653 2563 militum
680 2535 796 2563 audacia
815 2535 890 2564 freti.
918 2535 978 2564 Cir-

191 2589 358 2609 cumsessam
376 2582 459 2617 igitur
475 2582 570 2609 urbem
591 2581 788 2617 oppugnabant
803 2582 854 2609 tela
870 2583 979 2610 eminus

193 2628 338 2660 mittendo,
354 2629 436 2656 scalis
458 2628 559 2656 muenia
577 2628 728 2655 adorientlo
749 2632 786 2661 et,
802 2628 866 2663 quia
891 2629 980 2656 homi-

192 2681 258 2700 num
286 2674 433 2700 multitudo
455 2674 659 2709 suppeditabat,
676 2674 771 2710 procul
787 2675 930 2703 cuniculos
945 2675 978 2702 ad

193 2726 287 2746 muros
305 2723 379 2746 recta
395 2714 557 2754 agendo,'ut
580 2726 627 2747 aut
649 2720 785 2748 scalarum
800 2728 916 2748 ascensu
932 2725 980 2754 aut

194 2765 383 2792 cuniculorum
401 2766 579 2793 subterraneo
603 2774 685 2794 cursu
706 2767 732 2793 in
756 2767 852 2794 urbem
869 2767 981 2795 clancu-

194 2809 250 2836 lum
268 2810 464 2846 irrumperent.
483 2813 550 2840 Cum
564 2816 655 2839 autem
674 2813 785 2842 Venctze
800 2813 896 2841 classis
911 2821 980 2848 prae-

201 2855 289 2884 fectus
305 2861 386 2890 atquc
410 2857 464 2885 dux
490 2858 624 2886 machinis
649 2859 790 2886 machinas
815 2859 980 2886 intrinsecus

1005 264 1057 292 μου
1074 256 1196 291 διάδοχον
1209 255 1322 290 ἀφεῖναι
1336 254 1383 281 τὸν
1400 254 1473 289 βασι)
1479 254 1520 286 έα,
1537 253 1618 280 αὐτὸν
1629 252 1658 279 δὲ
1671 253 1790 288 μαθόντα

1004 302 1054 337 ἠδη
1068 303 1115 328 καὶ
1130 302 1253 337 τριήρεις
1272 302 1305 327 ἐκ
1317 300 1451 331 Γεννούας
1467 300 1599 334 ἑξήκοντα
1612 299 1688 334 παρὰ
1702 300 1793 326 πᾶσαν

1004 348 1182 382 ἁναγομένας
1195 347 1305 378 ἐλπίδα,
1318 346 1392 378 ὅλαις
1408 346 1562 380 ἀναχωρεῖν
1586 345 1721 380 πορείαις.

1040 394 1100 426 ις’.
1119 393 1174 419 Καὶ
1197 393 1216 419 ἃ.
1244 392 1295 427 μὲν
1310 391 1439 426 ἀμυδρῶς
1451 391 1534 421 αὐτὸς
1551 391 1695 426 ἢκηκὸειν,
1714 391 1794 426 ἔκδη-

1010 445 1060 472 μος
1074 437 1113 464 ὢν
1129 437 1179 472 τῆς
1200 437 1339 472 πατρίδος,
1354 436 1432 463 ταῦτ’
1445 436 1521 463 ἐστίν
1533 443 1542 453 ⁸
1557 436 1638 468 αὐτὸς
1660 436 1683 463 δ’
1703 436 1736 464 ἀν
1749 446 1794 471 μοι

1005 484 1096 518 λέγοις
1117 483 1305 519 τάληθέστερά
1317 492 1347 510 τε
1363 483 1411 509 καὶ
1427 482 1590 518 βεϐαιότερα
1603 483 1658 509 τῶν
1671 482 1796 510 ἐνταυθοί

1006 530 1213 565 πεπραγμένων
1237 531 1361 561 ὲκείνων,
1380 529 1430 565 τῆς
1444 530 1610 565 ἀφηγήσεως
1634 528 1794 564 προϊούσης,

1007 576 1166 612 προστιθεὶς
1192 576 1222 603 ἑν
1245 575 1339 610 ταυτῷ
1371 577 1421 603 καὶ
1451 576 1486 602 τὰ
1510 575 1566 602 τῶν
1591 574 1797 610 πεπραγμένων

1007 623 1092 650 αἴτια.
1112 622 1170 649 Νῦν
1188 622 1211 649 δ’
1236 619 1274 648 ὦν
1296 622 1379 653 αὐτὸς
1408 622 1546 656 αὐτόπτης
1570 621 1635 656 ἑξῆς
1659 621 1796 656 ἐγενόμην

1009 669 1070 695 ἐκεῖ
1088 667 1198 703 παρὼν,
1224 665 1283 702 εῐμι
1301 667 1371 702 ἐρῶν
1391 667 1473 698 αὐτὸς
1495 667 1594 693 αὐτίκα
1607 667 1654 694 τὸν
1669 666 1798 693 λεπτότε-

1009 722 1055 749 ρον
1069 715 1116 740 καὶ
1132 713 1195 740 καθ’
1209 713 1314 740 ἕκαστα
1327 713 1439 747 τρόπον.
1459 711 1681 748 Ἐπαναληπτέον
1693 711 1787 738 τοίνυν

1008 759 1054 786 τὸν
1068 759 1147 793 λόγον
1172 758 1226 793 ὅπη
1241 757 1272 784 τδ
1292 758 1425 793 πρότερον
1442 758 1516 792 [χνος
1541 757 1683 790 ἐλίπομεν,
1705 756 1749 783 ῐνα
1764 756 1796 783 τὸ

1010 805 1061 839 τῆς
1078 803 1200 839 ἱστορίας
1228 804 1346 838 συναφὲς
1371 804 1421 838 τὴν
1443 803 1491 829 τοῦ
1521 803 1623 837 σαφοῦς
1651 802 1796 838 ῥᾳστώνην

1011 850 1100 885 εὐφυᾶ
1113 850 1223 885 παρέχῃ
1242 849 1297 880 τοῖς
1320 848 1548 883 ἐντυγχάνουσιν.

1045 894 1094 922 ΙΖ’.
1114 895 1231 929 Ἔτυχον
1258 894 1307 930 μὲν
1331 894 1387 927 ἐγὼ
1417 893 1563 928 διατρίϐων
1591 894 1656 929 περὶ
1670 893 1703 920 τὰ
1719 893 1798 920 κοῖλα

1013 941 1061 975 τῆς
1079 940 1193 972 Εὖϐοίας
1205 940 1254 967 καὶ
1270 939 1414 975 Κάρυστον
1428 940 1505 966 πόλιν
1525 939 1655 975 λήγοντος
1675 940 1727 975 ἠδη
1748 939 1798 966 τοῦ

1016 986 1123 1022 θέρους,
1148 985 1198 1012 καὶ⁸
1231 984 1382 1020 τηνικαῦτα
1417 984 1556 1017 ξυνέϐαινε
1590 985 1739 1013 καταπλεῖν
1769 985 1800 1018 ις

1019 1032 1125 1068 Ὠρεὸν,
1139 1031 1218 1058 πόλιν
1230 1030 1346 1062 Εὐϐοίας
1360 1030 1512 1065 εὐλίμενον,
1536 1031 1585 1062 τὰς
1601 1031 1800 1058 πεντεκαίδεκα

1013 1078 1159 1109 Βενετικὰς
1191 1077 1299 1109 ὲκείνας
1339 1077 1489 1112 τριήρεις,
1517 1077 1551 1109 ἃς
1584 1078 1617 1104 ὲκ
1645 1077 1801 1109 Βυζαντίων

1011 1124 1129 1158 λιμένων
1159 1122 1282 1158 ἐφθημεν
1311 1122 1493 1157 δεδηλωκότος
1531 1123 1715 1155 ὶπανιούσας*
1747 1123 1798 1155 τὰς

1013 1170 1067 1205 γὰρ
1096 1169 1168 1196 ὀκτὼ
1192 1169 1335 1204 Κρητικὰς
1361 1169 1509 1201 διαστάσας
1538 1169 1653 1196 αὐτόθεν
1678 1170 1801 1206 οἴχεσθαι

1012 1216 1144 1248 ἀπιούσας
1162 1216 1190 1248 ις
1203 1216 1326 1252 ίΚρήτην
1342 1216 1464 1251 φυλακῆς
1477 1215 1559 1244 haud.
1575 1216 1629 1244 τῶν
1643 1216 1728 1244 ἰδίων.
1743 1217 1800 1243 Καὶ

1013 1262 1071 1296 ἅμα
1088 1261 1186 1296 συχναὶ
1205 1263 1253 1288 καὶ
1269 1261 1377 1296 βαρεῖαι
1392 1260 1579 1297 κατέπληττον
1595 1262 1724 1296 ἀγγελίαι
1748 1261 1799 1296 τὴν

1014 1307 1107 1341 νῆσον,
1136 1304 1273 1339 ἐγγύτατα
1302 1303 1375 1332 εἶναι
1401 1305 1533 1340 πολεμίας
1569 1305 1702 1341 ἑξήκοντα
1723 1306 1818 1337 ναῦς.›

1013 1351 1138 1383 Σπεύσας
1152 1349 1200 1378 οὖν
1210 1352 1224 1378 ὁ
1237 1351 1291 1378 τῶν
1304 1351 1454 1378 Βενετικῶν
1466 1351 1598 1386 ναύαρχος
1613 1351 1646 1378 τὰ
1664 1352 1715 1387 μὲν
1729 1352 1799 1385 πλη-

1016 1398 1134 1434 ρώματα
1149 1398 1238 1425 πάντα
1251 1397 1306 1424 τῶν
1321 1397 1429 1425 οἰκείων
1448 1397 1516 1424 νεῶν
1527 1397 1630 1431 ἐξεῖλεν
1642 1398 1733 1430 εὐθὺς,
1749 1398 1802 1425 αὑ-

1013 1446 1063 1476 τὰς
1077 1444 1106 1470 δὲ
1120 1444 1202 1475 κενὰς
1214 1443 1242 1469 ὲν
1256 1442 1294 1478 τῷ
1305 1443 1394 1479 λιμένι
1413 1444 1552 1474 καλωδῖοις
1571 1443 1802 1479 προσηρτημένεις

1015 1490 1175 1521 κατέδυσεν,
1190 1488 1228 1521 ὡς
1245 1488 1283 1524 μὴ
1297 1488 1430 1524 ἁλώσιμοι
1440 1490 1495 1520 τοῖς
1505 1488 1644 1524 πολεμίοις
1659 1487 1690 1525 [1⁵.
1704 1488 1755 1515 106
1772 1487 1802 1524 a]

1015 1536 1094 1569 εὐθὺς
1108 1535 1288 1562 ἐπιπλεύσασι
1299 1535 1552 1569 γένοιντο.Ἔπειθ’,
1560 1535 1622 1563 ὅσον
1634 1534 1803 1570 saxosum!-

1014 1591 1063 1614 τας
1073 1590 1104 1608 τε
1120 1581 1239 1613 Εὐϐοέας
1251 1581 1319 1617 πρὸς
1332 1581 1476 1618 ὁπλιτικὴν
1488 1581 1615 1617 ἠρέθιζεν
1628 1581 1738 1617 ἀκμὴν,
1757 1582 1806 1609 καὶ

1016 1628 1073 1663 ἅμα
1080 1627 1102 1654 δ’
1116 1627 1298 1662 ἐπρεσϐεύετο
1312 1627 1380 1662 πρὸς
1392 1627 1455 1659 τοὺς
1467 1627 1629 1661 λνἋθήναις
1640 1627 1688 1654 καὶ
1702 1627 1805 1661 Θήϐαις

1015 1671 1159 1703 Λατίνους,
1173 1671 1338 1706 τριακοσίων
1354 1671 1458 1698 ἱππέων
1474 1670 1626 1698 ιπιλέκτων
1638 1671 1721 1698 αίτῶν
1733 1679 1806 1706 συμ-

1018 1718 1130 1753 μαχίαν.
1144 1717 1200 1751 Τήν
1221 1725 1252 1752 γε
1267 1717 1320 1752 μὴν
1334 1717 1412 1744 πόλιν
1424 1716 1511 1744 νύκτα
1524 1725 1554 1743 τε
1570 1717 1618 1743 καὶ
1632 1717 1737 1752 ἡμέραν
1753 1718 1806 1743 οὐκ

1017 1764 1139 1799 ἠμέλησε
1155 1764 1245 1790 πᾶσαν
1260 1763 1377 1795 ὁπλίζων
1394 1762 1546 1794 πολυτελῶς
1561 1763 1609 1789 καὶ
1620 1764 1710 1798 πάσης
1725 1764 1807 1797 ἀφει-

1017 1809 1071 1837 δῶν
1087 1809 1212 1844 δαπάνης
1237 1809 1286 1835 καὶ
1313 1808 1402 1835 πάντα
1422 1807 1580 1843 προστιθεὶς
1593 1807 1641 1835 καὶ
1656 1808 1808 1844 περιτιθεὶς

1019 1854 1198 1891 ὀχυρώματα.
1211 1855 1265 1882 Δύο
1274 1854 1376 1890 μεταξὺ
1391 1855 1620 1890 παρερῤυήκεσαν
1635 1854 1748 1890 ἡμέραι,
1761 1855 1809 1882 aut

1021 1899 1152 1934 ὤφθησαν
1174 1901 1202 1927 al
1222 1900 1349 1934 πολέμιαι
1365 1900 1426 1935 νῆες
1449 1900 1552 1927 ἐκεῖναι
1565 1900 1639 1935 πορν
1650 1899 1741 1935 δείλην
1755 1908 1808 1926 που

1019 1945 1068 1979 τὴν
1084 1944 1174 1979 ὀψίαν,
1186 1945 1365 1972 ὲπιπλέουσαι
1387 1945 1459 1973 κατὰ
1476 1946 1525 1980 τῆς
1539 1945 1666 1977 Εὐϐοίας.
1683 1945 1739 1971 Καὶ
1755 1944 1807 1980 τὴν

1023 1990 1072 2025 μὲν
1089 1989 1208 2024 ἑσπέραν
1218 1989 1338 2026 ἐκείνην,
1353 1991 1476 2027 γαλήνης
1489 1991 1584 2026 οὔσης,
1597 1993 1626 2018 ιν
1639 1991 1678 2026 τῷ
1693 1991 1807 2025 πελάγει

1024 2035 1156 2071 μετέωροι
1184 2036 1462 2072 δειπνοποιησάμςναι
1485 2037 1534 2064 καὶ
1551 2037 1581 2062 τδ
1599 2036 1727 2071 ποιητέον
1746 2044 1809 2063 σκε-

1023 2080 1154 2116 ψάμεναι,
1169 2081 1255 2110 ἕωθεν
1266 2082 1347 2114 εὐθὺς
1363 2082 1402 2114 at;
1413 2083 1534 2117 μάχιμον
1547 2081 1623 2114 τάξιν
1638 2081 1807 2117 ἡθροίζοντο.

1024 2127 1079 2153 Καὶ
1096 2127 1146 2162 μὲν
1161 2127 1194 2163 δὴ
1215 2127 1480 2163 καταπεφραγμέναι
1501 2128 1585 2156 πᾶσιν
1601 2128 1705 2161 ὅπλοις,
1723 2136 1809 2163 προσ-

1024 2172 1157 2199 ελάσασαι
1173 2174 1199 2203 ἐς
1215 2173 1261 2199 τὸν
1282 2172 1375 2208 Ὠρεοῦ
1389 2173 1487 2208 λιμένα
1502 2173 1604 2200 ἐκεῖναι
1622 2173 1810 2208 καταπληκτι-

991 2227 1011 2254 ο
1028 2218 1083 2249 κῶς
1099 2217 1280 2249 ὲσὲπλευσαν,
1295 2217 1328 2244 τά
1349 2226 1379 2244 τε
1396 2218 1498 2253 σημεῖα
1519 2217 1571 2252 τῆς
1588 2217 1679 2252 μάχης
1701 2216 1810 2252 ὴρμένα

1029 2264 1149 2299 ἔχουσαι,
1164 2264 1211 2290 καὶ
1226 2263 1275 2296 τὰς
1291 2263 1444 2299 πολεμικὰς
1458 2263 1680 2299 ἁνακρουόμεναι
1692 2262 1811 2297 σαλπιγ-

1029 2310 1079 2344 γας
1094 2318 1123 2336 τε
1144 2309 1191 2337 καὶ
1211 2309 1355 2345 σύριγγας,
1372 2309 1420 2336 καὶ
1434 2309 1485 2336 ὅσα
1497 2309 1552 2336 τῶν
1574 2308 1703 2336 τοιούτων
1727 2309 1812 2344 ὀργά-

1028 2364 1082 2381 νων
1097 2353 1215 2390 ὲρεθίζει
1235 2355 1303 2389 πρὸς
1318 2353 1451 2389 εὐψυχίαν
1472 2353 1624 2388 πολεμικὴν
1639 2353 1694 2381 τῶν
1709 2353 1813 2389 ἀνδρῶν

1027 2399 1077 2434 τὴν
1091 2400 1190 2436 ὁρμήν.
1209 2400 1287 2426 Ἐπεὶ
1304 2399 1332 2426 δὲ
1346 2399 1498 2434 ναυμαχίας
1515 2399 1620 2434 ἀγῶνες
1628 2399 1730 2434 ἣκιστα
1742 2396 1813 2434 ἦσαν

1030 2446 1071 2480 (οὑ
1099 2445 1153 2480 γὰρ
1179 2442 1251 2480 ἦσαν
1269 2445 1297 2471 αἱ
1321 2445 1574 2479 ἀνταγωνιζόμεναι
1597 2445 1684 2480 νῆες).
1703 2444 1813 2477 τοξότας
1835 2448 1839 2452 ‘

1030 2491 1108 2522 ὅσους
1124 2492 1207 2526 ἐχρῆν
1224 2485 1422 2529 καταλιπόντες
1436 2493 1465 2519 ὲν
1478 2493 1539 2525 ταῖς
1553 2493 1633 2519 ναυσὶ
1648 2492 1772 2527 φυλακῆς
1783 2500 1814 2519 τι

1030 2538 1112 2564 ἕνεκα
1132 2538 1180 2564 καὶ
1200 2537 1249 2564 τοῦ
1274 2537 1422 2573 βάλλοντας
1449 2537 1590 2573 ἀνείργειν
1603 2538 1651 2564 καὶ
1674 2538 1816 2573 ἀντιπερι-

1030 2584 1102 2619 σπᾷν
1116 2584 1175 2610 ἐκεῖ
1191 2583 1254 2615 τοὺς
1270 2581 1321 2610 ὲπῐ
1335 2583 1389 2611 τῶν
1405 2583 1555 2617 ιπᾶλξεων,
1571 2584 1595 2610 οἰ
1611 2583 1700 2611 λοιποὶ
1714 2583 1814 2615 πάντες

1031 2629 1078 2655 ἐπὶ
1093 2628 1142 2665 τὴν
1166 2626 1218 2663 γῆν
1246 2628 1415 2663 ἀπέϐαινον,
1440 2628 1634 2656 κυκλώσασθαι
1658 2628 1709 2664 τὴν
1736 2629 1813 2655 πόλιν

1031 2675 1200 2710 βουλόμενοι,
1232 2674 1369 2709 κλίμακάς
1397 2683 1427 2701 τε
1466 2676 1632 2709 ἐπαγόμενοι
1664 2675 1792 2704 πλείσυς
1807 2693 1814 2705 ι

1030 2720 1077 2746 καὶ
1092 2716 1150 2754 ἅμα
1166 2720 1291 2754 αἱρήσειν
1306 2719 1405 2753 αὐτίκα
1420 2719 1494 2754 μάλα
1506 2720 1555 2756 τὴΰ
1570 2721 1646 2747 πόλιν
1660 2721 1815 2753 ἐλπίζοντες

1031 2766 1074 2793 διά
1099 2774 1129 2792 τε
1154 2765 1185 2792 τὸ
1213 2765 1315 2800 πλῆθος
1344 2765 1391 2791 καὶ
1415 2766 1465 2800 τὴν
1485 2765 1588 2800 τόλμην
1611 2765 1665 2792 τῶν
1687 2763 1815 2794 ὁπλιτῶν.

1032 2811 1383 2849 Περιστρατοπεδεύσαντες
1400 2808 1448 2837 οὖν
1474 2811 1661 2846 ἐπολιόρκουν,
1684 2810 1771 2842 Viget;
1787 2817 1816 2837 τι

1033 2859 1175 2895 βάλλοντες
1189 2857 1330 2892 ἑκηϐόλοις
1348 2857 1393 2883 καὶ
1409 2857 1547 2892 κλίμακας
1566 2857 1605 2893 τῷ
1621 2858 1706 2891 τείχει
1731 2863 1816 2891 προσ-
