  <div class='ocr_page' id='page_1' title='image "/cluster/home/n/w/nwhite01/storage/ocr_20150623/149/njp.32101077773172/034.png"; bbox 0 0 1900 3063; ppageno 0'>
   <div class='ocr_carea' id='block_1_1' title="bbox 82 169 856 205">
    <p class='ocr_par' dir='ltr' id='par_1_1' title="bbox 82 169 853 203">
     <span class='ocr_line' id='line_1_1' title="bbox 82 169 853 203; baseline -0.005 0"><span class='ocrx_word' id='word_1_1' title='bbox 82 172 112 203; x_wconf 81' lang='grc' dir='ltr'><strong>3Ί</strong></span> <span class='ocrx_word' id='word_1_2' title='bbox 300 194 303 195; x_wconf 51' lang='grc' dir='ltr'><strong>ν</strong></span> <span class='ocrx_word' id='word_1_3' title='bbox 570 169 792 200; x_wconf 75' lang='lat' dir='ltr'><strong>BYZANTlN/E</strong></span> <span class='ocrx_word' id='word_1_4' title='bbox 811 169 853 199; x_wconf 82' lang='grc' dir='ltr'><strong>ΙῘῐ</strong></span> 
     </span>
    </p>
   </div>
   <div class='ocr_carea' id='block_1_2' title="bbox 909 169 1695 205">
    <p class='ocr_par' dir='ltr' id='par_1_2' title="bbox 909 169 1695 205">
     <span class='ocr_line' id='line_1_2' title="bbox 909 169 1695 205; baseline 0.009 -7"><span class='ocrx_word' id='word_1_5' title='bbox 909 169 1004 199; x_wconf 74' lang='lat' dir='ltr'><strong>)RL‘E</strong></span> <span class='ocrx_word' id='word_1_6' title='bbox 1024 169 1094 201; x_wconf 81' lang='lat' dir='ltr'><strong>LIB.</strong></span> <span class='ocrx_word' id='word_1_7' title='bbox 1115 169 1207 201; x_wconf 73' lang='lat' dir='ltr'><strong>XXV.</strong></span> <span class='ocrx_word' id='word_1_8' title='bbox 1659 172 1695 205; x_wconf 82' lang='lat'><strong>38</strong></span> 
     </span>
    </p>
   </div>
   <div class='ocr_carea' id='block_1_3' title="bbox 81 225 856 262">
    <p class='ocr_par' dir='ltr' id='par_1_3' title="bbox 81 225 856 262">
     <span class='ocr_line' id='line_1_3' title="bbox 81 225 856 262; baseline -0.004 -8"><span class='ocrx_word' id='word_1_9' title='bbox 81 229 200 261; x_wconf 79' lang='grc' dir='ltr'>άγοντες,</span> <span class='ocrx_word' id='word_1_10' title='bbox 221 226 270 253; x_wconf 77' lang='grc' dir='ltr'>καὶ</span> <span class='ocrx_word' id='word_1_11' title='bbox 285 226 345 262; x_wconf 72' lang='grc' dir='ltr'>ἅμα</span> <span class='ocrx_word' id='word_1_12' title='bbox 370 225 415 253; x_wconf 78' lang='grc' dir='ltr'><strong>διὰ</strong></span> <span class='ocrx_word' id='word_1_13' title='bbox 437 225 485 260; x_wconf 77' lang='grc' dir='ltr'>τὴν</span> <span class='ocrx_word' id='word_1_14' title='bbox 517 225 695 262; x_wconf 74' lang='grc' dir='ltr'><strong>πολυχειρίαν</strong></span> <span class='ocrx_word' id='word_1_15' title='bbox 723 226 789 253; x_wconf 81' lang='grc' dir='ltr'>εὐθὺ</span> <span class='ocrx_word' id='word_1_16' title='bbox 814 225 856 252; x_wconf 83' lang='grc' dir='ltr'>τοί</span> 
     </span>
    </p>
   </div>
   <div class='ocr_carea' id='block_1_4' title="bbox 909 225 1695 262">
    <p class='ocr_par' dir='ltr' id='par_1_4' title="bbox 914 226 1695 260">
     <span class='ocr_line' id='line_1_4' title="bbox 914 226 1695 260; baseline 0.006 -8"><span class='ocrx_word' id='word_1_17' title='bbox 914 232 1054 260; x_wconf 84' lang='lat' dir='ltr'><strong>opponere</strong></span> <span class='ocrx_word' id='word_1_18' title='bbox 1078 226 1149 253; x_wconf 84' lang='lat' dir='ltr'><strong>haud</strong></span> <span class='ocrx_word' id='word_1_19' title='bbox 1167 230 1300 258; x_wconf 82' lang='lat' dir='ltr'><strong>cessaret.</strong></span> <span class='ocrx_word' id='word_1_20' title='bbox 1320 227 1473 254; x_wconf 75' lang='lat' dir='ltr'><strong>certamina</strong></span> <span class='ocrx_word' id='word_1_21' title='bbox 1501 227 1538 254; x_wconf 91' lang='lat' dir='ltr'><strong>ho</strong></span> <span class='ocrx_word' id='word_1_22' title='bbox 1556 228 1622 255; x_wconf 75' lang='lat' dir='ltr'><strong>t&#39;um</strong></span> <span class='ocrx_word' id='word_1_23' title='bbox 1649 237 1695 257; x_wconf 80' lang='lat' dir='ltr'><strong>ex-</strong></span> 
     </span>
    </p>
   </div>
   <div class='ocr_carea' id='block_1_5' title="bbox 81 271 861 308">
    <p class='ocr_par' dir='ltr' id='par_1_5' title="bbox 81 271 861 308">
     <span class='ocr_line' id='line_1_5' title="bbox 81 271 861 308; baseline 0.003 -9"><span class='ocrx_word' id='word_1_24' title='bbox 81 273 184 308; x_wconf 80' lang='grc' dir='ltr'>τεῐχους</span> <span class='ocrx_word' id='word_1_25' title='bbox 213 271 350 307; x_wconf 83' lang='grc' dir='ltr'>διώρυχας</span> <span class='ocrx_word' id='word_1_26' title='bbox 370 271 512 307; x_wconf 79' lang='grc' dir='ltr'>πόρρωθεν</span> <span class='ocrx_word' id='word_1_27' title='bbox 541 272 683 307; x_wconf 81' lang='grc' dir='ltr'>δρῶντες,</span> <span class='ocrx_word' id='word_1_28' title='bbox 715 273 759 300; x_wconf 78' lang='grc' dir='ltr'>ἵνα</span> <span class='ocrx_word' id='word_1_29' title='bbox 788 274 861 301; x_wconf 74' lang='grc' dir='ltr'>δυοῖν</span> 
     </span>
    </p>
   </div>
   <div class='ocr_carea' id='block_1_6' title="bbox 83 316 862 354">
    <p class='ocr_par' dir='ltr' id='par_1_6' title="bbox 83 316 862 354">
     <span class='ocr_line' id='line_1_6' title="bbox 83 316 862 354; baseline 0.001 -9"><span class='ocrx_word' id='word_1_30' title='bbox 83 319 207 353; x_wconf 79' lang='grc' dir='ltr'>θάτερον,</span> <span class='ocrx_word' id='word_1_31' title='bbox 227 317 245 353; x_wconf 80' lang='grc' dir='ltr'>ἢ</span> <span class='ocrx_word' id='word_1_32' title='bbox 268 317 313 344; x_wconf 83' lang='grc' dir='ltr'>διὰ</span> <span class='ocrx_word' id='word_1_33' title='bbox 329 317 380 352; x_wconf 83' lang='grc' dir='ltr'>τῆς</span> <span class='ocrx_word' id='word_1_34' title='bbox 393 316 448 343; x_wconf 87' lang='grc' dir='ltr'>τῶν</span> <span class='ocrx_word' id='word_1_35' title='bbox 460 317 604 352; x_wconf 75' lang='grc' dir='ltr'><strong>κλιμάκων</strong></span> <span class='ocrx_word' id='word_1_36' title='bbox 618 318 731 345; x_wconf 66' lang='grc' dir='ltr'>ἑκείνων</span> <span class='ocrx_word' id='word_1_37' title='bbox 750 319 862 354; x_wconf 84' lang='grc' dir='ltr'>ἀναδρο-</span> 
     </span>
    </p>
   </div>
   <div class='ocr_carea' id='block_1_7' title="bbox 82 361 862 398">
    <p class='ocr_par' dir='ltr' id='par_1_7' title="bbox 82 361 862 398">
     <span class='ocr_line' id='line_1_7' title="bbox 82 361 862 398; baseline 0 -8"><span class='ocrx_word' id='word_1_38' title='bbox 82 364 145 398; x_wconf 75' lang='grc' dir='ltr'>μῆς,</span> <span class='ocrx_word' id='word_1_39' title='bbox 165 363 182 397; x_wconf 81' lang='grc' dir='ltr'>ἢ</span> <span class='ocrx_word' id='word_1_40' title='bbox 205 362 251 389; x_wconf 78' lang='grc' dir='ltr'>διὰ</span> <span class='ocrx_word' id='word_1_41' title='bbox 269 362 318 396; x_wconf 82' lang='grc' dir='ltr'>τῆς</span> <span class='ocrx_word' id='word_1_42' title='bbox 335 362 391 388; x_wconf 87' lang='grc' dir='ltr'>τῶν</span> <span class='ocrx_word' id='word_1_43' title='bbox 415 361 559 396; x_wconf 83' lang='grc' dir='ltr'>ὑπονόμων</span> <span class='ocrx_word' id='word_1_44' title='bbox 571 362 728 398; x_wconf 79' lang='grc' dir='ltr'>ὕποδρομῆς</span> <span class='ocrx_word' id='word_1_45' title='bbox 748 364 862 390; x_wconf 78' lang='grc' dir='ltr'>τουτωνὶ</span> 
     </span>
    </p>
   </div>
   <div class='ocr_carea' id='block_1_8' title="bbox 81 407 862 442">
    <p class='ocr_par' dir='ltr' id='par_1_8' title="bbox 81 407 862 442">
     <span class='ocr_line' id='line_1_8' title="bbox 81 407 862 442; baseline 0.003 -8"><span class='ocrx_word' id='word_1_46' title='bbox 81 409 199 435; x_wconf 78' lang='grc' dir='ltr'><strong>λάθωσιν</strong></span> <span class='ocrx_word' id='word_1_47' title='bbox 221 408 262 439; x_wconf 79' lang='grc' dir='ltr'><strong>είς</strong></span> <span class='ocrx_word' id='word_1_48' title='bbox 283 409 333 442; x_wconf 86' lang='grc' dir='ltr'>τὴν</span> <span class='ocrx_word' id='word_1_49' title='bbox 364 407 443 434; x_wconf 85' lang='grc' dir='ltr'>πόλιν</span> <span class='ocrx_word' id='word_1_50' title='bbox 468 408 711 442; x_wconf 75' lang='grc' dir='ltr'>παρεισπεσόντες.</span> <span class='ocrx_word' id='word_1_51' title='bbox 733 409 810 436; x_wconf 81' lang='grc' dir='ltr'>Ἐπεὶ</span> <span class='ocrx_word' id='word_1_52' title='bbox 833 409 862 436; x_wconf 65' lang='grc' dir='ltr'>δὲ</span> 
     </span>
    </p>
   </div>
   <div class='ocr_carea' id='block_1_9' title="bbox 80 452 864 488">
    <p class='ocr_par' dir='ltr' id='par_1_9' title="bbox 80 452 864 488">
     <span class='ocr_line' id='line_1_9' title="bbox 80 452 864 488; baseline 0.001 -9"><span class='ocrx_word' id='word_1_53' title='bbox 80 453 215 488; x_wconf 76' lang='grc' dir='ltr'><strong>μηχαναῖς</strong></span> <span class='ocrx_word' id='word_1_54' title='bbox 230 452 355 487; x_wconf 83' lang='grc' dir='ltr'>μηχανὰς</span> <span class='ocrx_word' id='word_1_55' title='bbox 367 453 382 479; x_wconf 84' lang='grc' dir='ltr'><strong>ό</strong></span> <span class='ocrx_word' id='word_1_56' title='bbox 398 452 452 479; x_wconf 79' lang='grc' dir='ltr'>τῶν</span> <span class='ocrx_word' id='word_1_57' title='bbox 467 452 619 479; x_wconf 81' lang='grc' dir='ltr'>Βενετιχῶν</span> <span class='ocrx_word' id='word_1_58' title='bbox 638 453 742 484; x_wconf 66' lang='grc' dir='ltr'>ἐκεῖνος</span> <span class='ocrx_word' id='word_1_59' title='bbox 765 453 864 487; x_wconf 85' lang='grc' dir='ltr'>ναύαρ-</span> 
     </span>
    </p>
   </div>
   <div class='ocr_carea' id='block_1_10' title="bbox 79 496 860 534">
    <p class='ocr_par' dir='ltr' id='par_1_10' title="bbox 79 496 860 534">
     <span class='ocr_line' id='line_1_10' title="bbox 79 496 860 534; baseline 0.004 -11"><span class='ocrx_word' id='word_1_60' title='bbox 79 499 120 532; x_wconf 72' lang='grc' dir='ltr'><strong>χος</strong></span> <span class='ocrx_word' id='word_1_61' title='bbox 138 506 169 523; x_wconf 81' lang='grc' dir='ltr'><strong>τε</strong></span> <span class='ocrx_word' id='word_1_62' title='bbox 189 497 239 524; x_wconf 78' lang='grc' dir='ltr'><strong>καὶ</strong></span> <span class='ocrx_word' id='word_1_63' title='bbox 261 496 372 532; x_wconf 81' lang='grc' dir='ltr'>ἡγεμὼν</span> <span class='ocrx_word' id='word_1_64' title='bbox 390 497 496 523; x_wconf 70' lang='grc' dir='ltr'>ἔνδοθεν</span> <span class='ocrx_word' id='word_1_65' title='bbox 512 497 672 525; x_wconf 82' lang='grc' dir='ltr'>ἁνθιστάναι</span> <span class='ocrx_word' id='word_1_66' title='bbox 688 498 738 525; x_wconf 81' lang='grc' dir='ltr'>οὐκ</span> <span class='ocrx_word' id='word_1_67' title='bbox 753 499 860 534; x_wconf 78' lang='grc' dir='ltr'>ἡμέλει,</span> 
     </span>
    </p>
   </div>
   <div class='ocr_carea' id='block_1_11' title="bbox 79 541 862 578">
    <p class='ocr_par' dir='ltr' id='par_1_11' title="bbox 79 541 862 578">
     <span class='ocr_line' id='line_1_11' title="bbox 79 541 862 578; baseline 0.003 -9"><span class='ocrx_word' id='word_1_68' title='bbox 79 543 234 569; x_wconf 70' lang='grc' dir='ltr'>συνεδαινεν</span> <span class='ocrx_word' id='word_1_69' title='bbox 248 541 319 569; x_wconf 86' lang='grc' dir='ltr'>εῐναι</span> <span class='ocrx_word' id='word_1_70' title='bbox 333 542 396 573; x_wconf 80' lang='grc' dir='ltr'>τοὺς</span> <span class='ocrx_word' id='word_1_71' title='bbox 414 542 514 574; x_wconf 65' lang='grc' dir='ltr'>ἔξωθεν</span> <span class='ocrx_word' id='word_1_72' title='bbox 527 543 582 570; x_wconf 76' lang='grc' dir='ltr'>τῶν</span> <span class='ocrx_word' id='word_1_73' title='bbox 598 543 736 578; x_wconf 74' lang='grc' dir='ltr'>πολεμίων</span> <span class='ocrx_word' id='word_1_74' title='bbox 753 544 862 578; x_wconf 82' lang='grc' dir='ltr'>ἀγῶνας</span> 
     </span>
    </p>
   </div>
   <div class='ocr_carea' id='block_1_12' title="bbox 78 587 862 624">
    <p class='ocr_par' dir='ltr' id='par_1_12' title="bbox 78 587 862 624">
     <span class='ocr_line' id='line_1_12' title="bbox 78 587 862 624; baseline 0.004 -10"><span class='ocrx_word' id='word_1_75' title='bbox 78 589 245 623; x_wconf 69' lang='grc' dir='ltr'>ἀπράκτους.</span> <span class='ocrx_word' id='word_1_76' title='bbox 267 588 378 623; x_wconf 84' lang='grc' dir='ltr'>Πρῶτον</span> <span class='ocrx_word' id='word_1_77' title='bbox 401 588 450 622; x_wconf 69' lang='grc' dir='ltr'>μὲν</span> <span class='ocrx_word' id='word_1_78' title='bbox 470 588 525 623; x_wconf 83' lang='grc' dir='ltr'><strong>γὰρ</strong></span> <span class='ocrx_word' id='word_1_79' title='bbox 552 587 649 624; x_wconf 83' lang='grc' dir='ltr'>βάρεσι</span> <span class='ocrx_word' id='word_1_80' title='bbox 662 589 744 616; x_wconf 81' lang='grc' dir='ltr'>λίθων</span> <span class='ocrx_word' id='word_1_81' title='bbox 762 591 795 616; x_wconf 81' lang='grc' dir='ltr'>ὲκ</span> <span class='ocrx_word' id='word_1_82' title='bbox 807 590 862 617; x_wconf 86' lang='grc' dir='ltr'>τῶν</span> 
     </span>
    </p>
   </div>
   <div class='ocr_carea' id='block_1_13' title="bbox 77 633 863 670">
    <p class='ocr_par' dir='ltr' id='par_1_13' title="bbox 77 633 863 670">
     <span class='ocr_line' id='line_1_13' title="bbox 77 633 863 670; baseline 0.004 -10"><span class='ocrx_word' id='word_1_83' title='bbox 77 633 215 666; x_wconf 78' lang='grc' dir='ltr'><strong>ἐπάλξεων</strong></span> <span class='ocrx_word' id='word_1_84' title='bbox 230 633 278 660; x_wconf 89' lang='grc' dir='ltr'>καὶ</span> <span class='ocrx_word' id='word_1_85' title='bbox 295 633 386 667; x_wconf 82' lang='grc' dir='ltr'>βέλεσι</span> <span class='ocrx_word' id='word_1_86' title='bbox 410 634 595 666; x_wconf 75' lang='grc' dir='ltr'><strong>παντοδαποῖς</strong></span> <span class='ocrx_word' id='word_1_87' title='bbox 611 635 782 670; x_wconf 71' lang='grc' dir='ltr'><strong>τραυματίας</strong></span> <span class='ocrx_word' id='word_1_88' title='bbox 797 635 863 663; x_wconf 75' lang='grc' dir='ltr'>ἀπέ-</span> 
     </span>
    </p>
   </div>
   <div class='ocr_carea' id='block_1_14' title="bbox 78 679 862 716">
    <p class='ocr_par' dir='ltr' id='par_1_14' title="bbox 78 679 862 716">
     <span class='ocr_line' id='line_1_14' title="bbox 78 679 862 716; baseline 0.004 -11"><span class='ocrx_word' id='word_1_89' title='bbox 78 688 153 713; x_wconf 76' lang='grc' dir='ltr'>φαινε</span> <span class='ocrx_word' id='word_1_90' title='bbox 170 680 241 714; x_wconf 80' lang='grc' dir='ltr'>σφᾶς</span> <span class='ocrx_word' id='word_1_91' title='bbox 256 680 304 706; x_wconf 77' lang='grc' dir='ltr'><strong>καὶ</strong></span> <span class='ocrx_word' id='word_1_92' title='bbox 319 680 545 715; x_wconf 78' lang='grc' dir='ltr'>ἀπεσόὸει.”οπη</span> <span class='ocrx_word' id='word_1_93' title='bbox 557 680 580 707; x_wconf 82' lang='grc' dir='ltr'>δ’</span> <span class='ocrx_word' id='word_1_94' title='bbox 596 679 669 716; x_wconf 74' lang='grc' dir='ltr'>ἐώρα</span> <span class='ocrx_word' id='word_1_95' title='bbox 686 681 735 707; x_wconf 79' lang='grc' dir='ltr'>καὶ</span> <span class='ocrx_word' id='word_1_96' title='bbox 752 681 862 708; x_wconf 79' lang='grc' dir='ltr'><strong>ὑπενόει</strong></span> 
     </span>
    </p>
   </div>
   <div class='ocr_carea' id='block_1_15' title="bbox 79 723 862 761">
    <p class='ocr_par' dir='ltr' id='par_1_15' title="bbox 79 723 862 761">
     <span class='ocr_line' id='line_1_15' title="bbox 79 723 862 761; baseline 0.004 -10"><span class='ocrx_word' id='word_1_97' title='bbox 79 725 186 760; x_wconf 77' lang='grc' dir='ltr'><strong>κλίμαξι</strong></span> <span class='ocrx_word' id='word_1_98' title='bbox 206 725 324 760; x_wconf 58' lang='grc' dir='ltr'>βάσιμον</span> <span class='ocrx_word' id='word_1_99' title='bbox 341 723 412 752; x_wconf 83' lang='grc' dir='ltr'>εἶναι</span> <span class='ocrx_word' id='word_1_100' title='bbox 426 726 457 752; x_wconf 77' lang='grc' dir='ltr'>τὸ</span> <span class='ocrx_word' id='word_1_101' title='bbox 478 727 577 760; x_wconf 85' lang='grc' dir='ltr'>τεῖχος,</span> <span class='ocrx_word' id='word_1_102' title='bbox 596 726 663 761; x_wconf 79' lang='grc' dir='ltr'>ὕψος</span> <span class='ocrx_word' id='word_1_103' title='bbox 678 726 769 753; x_wconf 84' lang='grc' dir='ltr'>ίκανδν</span> <span class='ocrx_word' id='word_1_104' title='bbox 781 727 862 759; x_wconf 75' lang='grc' dir='ltr'>εὐθὺς</span> 
     </span>
    </p>
   </div>
   <div class='ocr_carea' id='block_1_16' title="bbox 78 771 861 806">
    <p class='ocr_par' dir='ltr' id='par_1_16' title="bbox 78 771 861 806">
     <span class='ocr_line' id='line_1_16' title="bbox 78 771 861 806; baseline 0.005 -10"><span class='ocrx_word' id='word_1_105' title='bbox 78 771 244 806; x_wconf 81' lang='grc' dir='ltr'>προσετίθει,</span> <span class='ocrx_word' id='word_1_106' title='bbox 267 772 317 806; x_wconf 84' lang='grc' dir='ltr'>τήν</span> <span class='ocrx_word' id='word_1_107' title='bbox 346 779 376 797; x_wconf 83' lang='grc' dir='ltr'>τε</span> <span class='ocrx_word' id='word_1_108' title='bbox 400 771 454 798; x_wconf 87' lang='grc' dir='ltr'>τῶν</span> <span class='ocrx_word' id='word_1_109' title='bbox 470 771 611 805; x_wconf 67' lang='grc' dir='ltr'>ἐπάλξεων</span> <span class='ocrx_word' id='word_1_110' title='bbox 630 772 775 800; x_wconf 78' lang='grc' dir='ltr'>συνάπτων</span> <span class='ocrx_word' id='word_1_111' title='bbox 803 772 861 800; x_wconf 73' lang='grc' dir='ltr'>διι-</span> 
     </span>
    </p>
   </div>
   <div class='ocr_carea' id='block_1_17' title="bbox 77 817 861 854">
    <p class='ocr_par' dir='ltr' id='par_1_17' title="bbox 77 817 861 854">
     <span class='ocr_line' id='line_1_17' title="bbox 77 817 861 854; baseline 0.003 -11"><span class='ocrx_word' id='word_1_112' title='bbox 77 825 162 851; x_wconf 84' lang='grc' dir='ltr'>χειαν,</span> <span class='ocrx_word' id='word_1_113' title='bbox 183 817 233 843; x_wconf 76' lang='grc' dir='ltr'>καὶ</span> <span class='ocrx_word' id='word_1_114' title='bbox 252 817 366 849; x_wconf 83' lang='grc' dir='ltr'><strong>ταύταις</strong></span> <span class='ocrx_word' id='word_1_115' title='bbox 383 817 556 852; x_wconf 74' lang='grc' dir='ltr'>ἅνδρόμηκες</span> <span class='ocrx_word' id='word_1_116' title='bbox 575 818 750 853; x_wconf 75' lang='grc' dir='ltr'>οἰκοδόμημα</span> <span class='ocrx_word' id='word_1_117' title='bbox 777 827 861 854; x_wconf 87' lang='grc' dir='ltr'>προσ-</span> 
     </span>
    </p>
   </div>
   <div class='ocr_carea' id='block_1_18' title="bbox 77 861 857 898">
    <p class='ocr_par' dir='ltr' id='par_1_18' title="bbox 77 861 857 898">
     <span class='ocr_line' id='line_1_18' title="bbox 77 861 857 898; baseline 0.005 -11"><span class='ocrx_word' id='word_1_118' title='bbox 77 861 157 892; x_wconf 76' lang='grc' dir='ltr'>τιθεὶς</span> <span class='ocrx_word' id='word_1_119' title='bbox 171 862 242 897; x_wconf 79' lang='grc' dir='ltr'>πρὸς</span> <span class='ocrx_word' id='word_1_120' title='bbox 258 862 305 895; x_wconf 80' lang='grc' dir='ltr'><strong>ὀξὺ</strong></span> <span class='ocrx_word' id='word_1_121' title='bbox 326 862 372 889; x_wconf 73' lang='grc' dir='ltr'>καὶ</span> <span class='ocrx_word' id='word_1_122' title='bbox 393 863 492 889; x_wconf 68' lang='grc' dir='ltr'>λεπτὸν</span> <span class='ocrx_word' id='word_1_123' title='bbox 508 863 656 898; x_wconf 77' lang='grc' dir='ltr'>ἀπολῆγον,</span> <span class='ocrx_word' id='word_1_124' title='bbox 674 863 712 895; x_wconf 84' lang='grc' dir='ltr'>ὡς</span> <span class='ocrx_word' id='word_1_125' title='bbox 732 864 780 891; x_wconf 76' lang='grc' dir='ltr'>καὶ</span> <span class='ocrx_word' id='word_1_126' title='bbox 794 864 857 891; x_wconf 82' lang='grc' dir='ltr'>ἁνα-</span> 
     </span>
    </p>
   </div>
   <div class='ocr_carea' id='block_1_19' title="bbox 78 897 898 943">
    <p class='ocr_par' dir='ltr' id='par_1_19' title="bbox 78 897 898 943">
     <span class='ocr_line' id='line_1_19' title="bbox 78 897 898 943; baseline 0.004 -11"><span class='ocrx_word' id='word_1_127' title='bbox 78 907 139 934; x_wconf 76' lang='grc' dir='ltr'>6ὶσι</span> <span class='ocrx_word' id='word_1_128' title='bbox 156 909 215 939; x_wconf 82' lang='grc' dir='ltr'>τοῖς</span> <span class='ocrx_word' id='word_1_129' title='bbox 236 907 378 943; x_wconf 85' lang='grc' dir='ltr'>πολεμίοις</span> <span class='ocrx_word' id='word_1_130' title='bbox 399 907 533 943; x_wconf 86' lang='grc' dir='ltr'>δύσεργόν</span> <span class='ocrx_word' id='word_1_131' title='bbox 549 916 578 934; x_wconf 79' lang='grc' dir='ltr'><strong>τε</strong></span> <span class='ocrx_word' id='word_1_132' title='bbox 591 897 643 934; x_wconf 75' lang='grc' dir='ltr'>καὶ</span> <span class='ocrx_word' id='word_1_133' title='bbox 661 908 733 943; x_wconf 84' lang='grc' dir='ltr'>μάλα</span> <span class='ocrx_word' id='word_1_134' title='bbox 754 908 859 935; x_wconf 74' lang='grc' dir='ltr'>ὲπικίνυ</span> <span class='ocrx_word' id='word_1_135' title='bbox 877 897 898 925; x_wconf 71' lang='grc' dir='ltr'><strong>Β</strong></span> 
     </span>
    </p>
   </div>
   <div class='ocr_carea' id='block_1_20' title="bbox 77 951 859 990">
    <p class='ocr_par' dir='ltr' id='par_1_20' title="bbox 77 951 859 990">
     <span class='ocr_line' id='line_1_20' title="bbox 77 951 859 990; baseline 0.003 -12"><span class='ocrx_word' id='word_1_136' title='bbox 77 953 151 979; x_wconf 84' lang='grc' dir='ltr'>δυνον</span> <span class='ocrx_word' id='word_1_137' title='bbox 168 951 240 979; x_wconf 81' lang='grc' dir='ltr'>εἶναι</span> <span class='ocrx_word' id='word_1_138' title='bbox 255 952 304 988; x_wconf 80' lang='grc' dir='ltr'>τὴν</span> <span class='ocrx_word' id='word_1_139' title='bbox 318 953 372 980; x_wconf 84' lang='grc' dir='ltr'>τῶν</span> <span class='ocrx_word' id='word_1_140' title='bbox 387 952 476 980; x_wconf 83' lang='grc' dir='ltr'>ποδῶν</span> <span class='ocrx_word' id='word_1_141' title='bbox 497 953 587 987; x_wconf 86' lang='grc' dir='ltr'>βάσιν.</span> <span class='ocrx_word' id='word_1_142' title='bbox 604 954 675 988; x_wconf 83' lang='grc' dir='ltr'>[ιρός</span> <span class='ocrx_word' id='word_1_143' title='bbox 688 962 720 988; x_wconf 91' lang='grc' dir='ltr'><strong>γε</strong></span> <span class='ocrx_word' id='word_1_144' title='bbox 738 954 794 990; x_wconf 85' lang='grc' dir='ltr'>μὴν</span> <span class='ocrx_word' id='word_1_145' title='bbox 813 953 859 981; x_wconf 79' lang='grc' dir='ltr'>τὸν</span> 
     </span>
    </p>
   </div>
   <div class='ocr_carea' id='block_1_21' title="bbox 78 997 858 1034">
    <p class='ocr_par' dir='ltr' id='par_1_21' title="bbox 78 997 858 1034">
     <span class='ocr_line' id='line_1_21' title="bbox 78 997 858 1034; baseline 0.004 -11"><span class='ocrx_word' id='word_1_146' title='bbox 78 997 235 1033; x_wconf 79' lang='grc' dir='ltr'>ὑποχθόνιον</span> <span class='ocrx_word' id='word_1_147' title='bbox 261 998 364 1024; x_wconf 73' lang='grc' dir='ltr'>ἐκεῖνον</span> <span class='ocrx_word' id='word_1_148' title='bbox 391 999 542 1033; x_wconf 79' lang='grc' dir='ltr'>ὑπόνομον,</span> <span class='ocrx_word' id='word_1_149' title='bbox 566 999 768 1034; x_wconf 80' lang='grc' dir='ltr'>στοχασάμενος</span> <span class='ocrx_word' id='word_1_150' title='bbox 791 999 858 1026; x_wconf 79' lang='grc' dir='ltr'>ὅπου</span> 
     </span>
    </p>
   </div>
   <div class='ocr_carea' id='block_1_22' title="bbox 76 1044 860 1080">
    <p class='ocr_par' dir='ltr' id='par_1_22' title="bbox 76 1044 860 1080">
     <span class='ocr_line' id='line_1_22' title="bbox 76 1044 860 1080; baseline 0.003 -11"><span class='ocrx_word' id='word_1_151' title='bbox 76 1044 120 1070; x_wconf 81' lang='grc' dir='ltr'>τοῦ</span> <span class='ocrx_word' id='word_1_152' title='bbox 131 1044 243 1079; x_wconf 80' lang='grc' dir='ltr'><strong>τείχους</strong></span> <span class='ocrx_word' id='word_1_153' title='bbox 254 1044 439 1070; x_wconf 80' lang='grc' dir='ltr'>διεκπεσετται</span> <span class='ocrx_word' id='word_1_154' title='bbox 454 1044 614 1080; x_wconf 76' lang='grc' dir='ltr'>προχωροῦν</span> <span class='ocrx_word' id='word_1_155' title='bbox 625 1045 656 1071; x_wconf 84' lang='grc' dir='ltr'>τὸ</span> <span class='ocrx_word' id='word_1_156' title='bbox 668 1045 717 1080; x_wconf 82' lang='grc' dir='ltr'>τῆς</span> <span class='ocrx_word' id='word_1_157' title='bbox 727 1045 860 1080; x_wconf 82' lang='grc' dir='ltr'>διώρυχος</span> 
     </span>
    </p>
   </div>
   <div class='ocr_carea' id='block_1_23' title="bbox 76 1089 857 1126">
    <p class='ocr_par' dir='ltr' id='par_1_23' title="bbox 76 1089 857 1126">
     <span class='ocr_line' id='line_1_23' title="bbox 76 1089 857 1126; baseline 0.003 -11"><span class='ocrx_word' id='word_1_158' title='bbox 76 1089 158 1121; x_wconf 86' lang='grc' dir='ltr'>τέλος,</span> <span class='ocrx_word' id='word_1_159' title='bbox 185 1090 291 1124; x_wconf 79' lang='grc' dir='ltr'>τάφρον</span> <span class='ocrx_word' id='word_1_160' title='bbox 319 1089 476 1125; x_wconf 80' lang='grc' dir='ltr'>κατώρυξεν</span> <span class='ocrx_word' id='word_1_161' title='bbox 502 1090 575 1117; x_wconf 72' lang='grc' dir='ltr'>ἔνδον</span> <span class='ocrx_word' id='word_1_162' title='bbox 600 1090 681 1122; x_wconf 76' lang='grc' dir='ltr'>αὐτὸς</span> <span class='ocrx_word' id='word_1_163' title='bbox 699 1091 857 1126; x_wconf 82' lang='grc' dir='ltr'>ὲγκαρσίαν,</span> 
     </span>
    </p>
   </div>
   <div class='ocr_carea' id='block_1_24' title="bbox 76 1128 858 1172">
    <p class='ocr_par' dir='ltr' id='par_1_24' title="bbox 76 1128 858 1172">
     <span class='ocr_line' id='line_1_24' title="bbox 76 1128 858 1172; baseline 0.003 -11"><span class='ocrx_word' id='word_1_164' title='bbox 76 1136 103 1161; x_wconf 56' lang='lat' dir='ltr'><strong>to</strong></span> <span class='ocrx_word' id='word_1_165' title='bbox 119 1135 203 1170; x_wconf 74' lang='grc' dir='ltr'>βάθος</span> <span class='ocrx_word' id='word_1_166' title='bbox 229 1135 434 1162; x_wconf 80' lang='grc' dir='ltr'>πολλαπλασίαν</span> <span class='ocrx_word' id='word_1_167' title='bbox 460 1136 478 1172; x_wconf 80' lang='grc' dir='ltr'>ἢ</span> <span class='ocrx_word' id='word_1_168' title='bbox 504 1137 575 1163; x_wconf 81' lang='grc' dir='ltr'>κατὰ</span> <span class='ocrx_word' id='word_1_169' title='bbox 596 1128 655 1171; x_wconf 66' lang='grc' dir='ltr'>τὴν</span> <span class='ocrx_word' id='word_1_170' title='bbox 671 1137 803 1168; x_wconf 72' lang='grc' dir='ltr'>ἐκείνων,</span> <span class='ocrx_word' id='word_1_171' title='bbox 821 1136 858 1168; x_wconf 82' lang='grc' dir='ltr'>ὡς</span> 
     </span>
    </p>
   </div>
   <div class='ocr_carea' id='block_1_25' title="bbox 76 1182 859 1218">
    <p class='ocr_par' dir='ltr' id='par_1_25' title="bbox 76 1182 859 1218">
     <span class='ocr_line' id='line_1_25' title="bbox 76 1182 859 1218; baseline 0.001 -10"><span class='ocrx_word' id='word_1_172' title='bbox 76 1182 120 1217; x_wconf 74' lang='grc' dir='ltr'><strong>ὀψὲ</strong></span> <span class='ocrx_word' id='word_1_173' title='bbox 139 1182 189 1209; x_wconf 84' lang='grc' dir='ltr'>τοῦ</span> <span class='ocrx_word' id='word_1_174' title='bbox 204 1182 310 1217; x_wconf 76' lang='grc' dir='ltr'>τείχους</span> <span class='ocrx_word' id='word_1_175' title='bbox 324 1182 399 1214; x_wconf 62' lang='lat' dir='ltr'><strong>me;</strong></span> <span class='ocrx_word' id='word_1_176' title='bbox 414 1182 667 1217; x_wconf 61' lang='grc' dir='ltr'>παρεισπίπτοντας</span> <span class='ocrx_word' id='word_1_177' title='bbox 683 1183 752 1218; x_wconf 78' lang='grc' dir='ltr'>σφᾶς</span> <span class='ocrx_word' id='word_1_178' title='bbox 770 1182 859 1218; x_wconf 85' lang='grc' dir='ltr'>βόθρῳ</span> 
     </span>
    </p>
   </div>
   <div class='ocr_carea' id='block_1_26' title="bbox 76 1227 858 1264">
    <p class='ocr_par' dir='ltr' id='par_1_26' title="bbox 76 1227 858 1264">
     <span class='ocr_line' id='line_1_26' title="bbox 76 1227 858 1264; baseline 0 -10"><span class='ocrx_word' id='word_1_179' title='bbox 76 1228 120 1254; x_wconf 74' lang='grc' dir='ltr'><strong>καὶ</strong></span> <span class='ocrx_word' id='word_1_180' title='bbox 136 1228 257 1255; x_wconf 76' lang='grc' dir='ltr'>θανάτου</span> <span class='ocrx_word' id='word_1_181' title='bbox 285 1227 420 1262; x_wconf 69' lang='grc' dir='ltr'>πυθμέσιν</span> <span class='ocrx_word' id='word_1_182' title='bbox 437 1228 612 1263; x_wconf 75' lang='grc' dir='ltr'>ἐντυγχάνειν</span> <span class='ocrx_word' id='word_1_183' title='bbox 625 1229 858 1264; x_wconf 63' lang='grc' dir='ltr'><strong>ἀπροσδοκήτους⁸</strong></span> 
     </span>
    </p>
   </div>
   <div class='ocr_carea' id='block_1_27' title="bbox 76 1271 857 1309">
    <p class='ocr_par' dir='ltr' id='par_1_27' title="bbox 76 1271 857 1309">
     <span class='ocr_line' id='line_1_27' title="bbox 76 1271 857 1309; baseline 0.003 -11"><span class='ocrx_word' id='word_1_184' title='bbox 76 1272 305 1307; x_wconf 72' lang='grc' dir='ltr'>καταφερομένοις</span> <span class='ocrx_word' id='word_1_185' title='bbox 319 1273 372 1306; x_wconf 76' lang='grc' dir='ltr'><strong>γὰρ</strong></span> <span class='ocrx_word' id='word_1_186' title='bbox 387 1271 502 1303; x_wconf 76' lang='grc' dir='ltr'>ἐκείνοις</span> <span class='ocrx_word' id='word_1_187' title='bbox 529 1271 600 1307; x_wconf 75' lang='grc' dir='ltr'>βάρη</span> <span class='ocrx_word' id='word_1_188' title='bbox 616 1272 697 1299; x_wconf 81' lang='grc' dir='ltr'>λίθων</span> <span class='ocrx_word' id='word_1_189' title='bbox 713 1272 746 1308; x_wconf 73' lang='grc'><strong>[1⁵.</strong></span> <span class='ocrx_word' id='word_1_190' title='bbox 763 1273 815 1300; x_wconf 80' lang='grc'><strong>106</strong></span> <span class='ocrx_word' id='word_1_191' title='bbox 829 1271 857 1309; x_wconf 84' lang='lat' dir='ltr'><strong>b]</strong></span> 
     </span>
    </p>
   </div>
   <div class='ocr_carea' id='block_1_28' title="bbox 75 1316 852 1353">
    <p class='ocr_par' dir='ltr' id='par_1_28' title="bbox 75 1316 852 1353">
     <span class='ocr_line' id='line_1_28' title="bbox 75 1316 852 1353; baseline 0 -9"><span class='ocrx_word' id='word_1_192' title='bbox 75 1318 173 1344; x_wconf 74' lang='grc' dir='ltr'>ἄνωθεν</span> <span class='ocrx_word' id='word_1_193' title='bbox 192 1318 271 1344; x_wconf 79' lang='grc' dir='ltr'>αὐτοὶ</span> <span class='ocrx_word' id='word_1_194' title='bbox 287 1318 336 1350; x_wconf 73' lang='grc' dir='ltr'>μὲν</span> <span class='ocrx_word' id='word_1_195' title='bbox 350 1316 526 1352; x_wconf 83' lang='grc' dir='ltr'>παμπληθεῖς</span> <span class='ocrx_word' id='word_1_196' title='bbox 546 1317 626 1349; x_wconf 70' lang='grc' dir='ltr'>εὐθὺς</span> <span class='ocrx_word' id='word_1_197' title='bbox 642 1317 852 1353; x_wconf 74' lang='grc' dir='ltr'>ἑπιῤῥίπτοντες</span> 
     </span>
    </p>
   </div>
   <div class='ocr_carea' id='block_1_29' title="bbox 78 1362 856 1399">
    <p class='ocr_par' dir='ltr' id='par_1_29' title="bbox 78 1362 856 1399">
     <span class='ocr_line' id='line_1_29' title="bbox 78 1362 856 1399; baseline 0.003 -10"><span class='ocrx_word' id='word_1_198' title='bbox 78 1364 209 1397; x_wconf 76' lang='grc' dir='ltr'>ἀφύκτοις</span> <span class='ocrx_word' id='word_1_199' title='bbox 221 1363 337 1390; x_wconf 79' lang='grc' dir='ltr'>θανάτου</span> <span class='ocrx_word' id='word_1_200' title='bbox 350 1362 469 1394; x_wconf 78' lang='grc' dir='ltr'>δικτύοις</span> <span class='ocrx_word' id='word_1_201' title='bbox 481 1363 651 1399; x_wconf 79' lang='grc' dir='ltr'>παραχρῆμα</span> <span class='ocrx_word' id='word_1_202' title='bbox 662 1363 774 1392; x_wconf 82' lang='grc' dir='ltr'>ἐδίδουν.</span> <span class='ocrx_word' id='word_1_203' title='bbox 785 1364 856 1399; x_wconf 77' lang='grc' dir='ltr'>Συχ-</span> 
     </span>
    </p>
   </div>
   <div class='ocr_carea' id='block_1_30' title="bbox 74 1408 857 1446">
    <p class='ocr_par' dir='ltr' id='par_1_30' title="bbox 74 1408 857 1446">
     <span class='ocr_line' id='line_1_30' title="bbox 74 1408 857 1446; baseline 0.001 -10"><span class='ocrx_word' id='word_1_204' title='bbox 74 1409 122 1436; x_wconf 84' lang='grc' dir='ltr'>νῶν</span> <span class='ocrx_word' id='word_1_205' title='bbox 137 1409 160 1436; x_wconf 81' lang='grc' dir='ltr'>δ’</span> <span class='ocrx_word' id='word_1_206' title='bbox 175 1409 225 1436; x_wconf 71' lang='grc' dir='ltr'><strong>ἐπὶ</strong></span> <span class='ocrx_word' id='word_1_207' title='bbox 240 1408 345 1441; x_wconf 85' lang='grc' dir='ltr'>τούτοις</span> <span class='ocrx_word' id='word_1_208' title='bbox 367 1410 480 1444; x_wconf 75' lang='grc' dir='ltr'>ἡμερῶν</span> <span class='ocrx_word' id='word_1_209' title='bbox 497 1409 741 1446; x_wconf 74' lang='grc' dir='ltr'>παρερῤυηκυιῶν,</span> <span class='ocrx_word' id='word_1_210' title='bbox 758 1411 857 1445; x_wconf 79' lang='grc' dir='ltr'>ἀφῖκτο</span> 
     </span>
    </p>
   </div>
   <div class='ocr_carea' id='block_1_31' title="bbox 74 1455 856 1491">
    <p class='ocr_par' dir='ltr' id='par_1_31' title="bbox 74 1455 856 1491">
     <span class='ocr_line' id='line_1_31' title="bbox 74 1455 856 1491; baseline 0 -9"><span class='ocrx_word' id='word_1_211' title='bbox 74 1457 117 1482; x_wconf 80' lang='grc' dir='ltr'>καὶ</span> <span class='ocrx_word' id='word_1_212' title='bbox 132 1457 148 1490; x_wconf 85' lang='grc' dir='ltr'>ἡ</span> <span class='ocrx_word' id='word_1_213' title='bbox 162 1456 222 1482; x_wconf 83' lang='grc' dir='ltr'><strong>τῶν</strong></span> <span class='ocrx_word' id='word_1_214' title='bbox 242 1455 394 1490; x_wconf 80' lang='grc' dir='ltr'>’Δθηναίων</span> <span class='ocrx_word' id='word_1_215' title='bbox 415 1455 466 1491; x_wconf 69' lang='grc' dir='ltr'>ἤδη</span> <span class='ocrx_word' id='word_1_216' title='bbox 488 1456 535 1482; x_wconf 76' lang='grc' dir='ltr'>καὶ</span> <span class='ocrx_word' id='word_1_217' title='bbox 554 1455 683 1491; x_wconf 72' lang='grc' dir='ltr'>Θηϐαίων</span> <span class='ocrx_word' id='word_1_218' title='bbox 699 1457 856 1491; x_wconf 78' lang='grc' dir='ltr'>συμμαχία,</span> 
     </span>
    </p>
   </div>
   <div class='ocr_carea' id='block_1_32' title="bbox 74 1501 856 1537">
    <p class='ocr_par' dir='ltr' id='par_1_32' title="bbox 74 1501 856 1537">
     <span class='ocr_line' id='line_1_32' title="bbox 74 1501 856 1537; baseline 0.001 -9"><span class='ocrx_word' id='word_1_219' title='bbox 74 1502 212 1529; x_wconf 60' lang='grc' dir='ltr'>ἐπίλεκτοι</span> <span class='ocrx_word' id='word_1_220' title='bbox 226 1503 276 1537; x_wconf 84' lang='grc' dir='ltr'>μὲν</span> <span class='ocrx_word' id='word_1_221' title='bbox 299 1502 391 1534; x_wconf 83' lang='grc' dir='ltr'>ίππεϊς</span> <span class='ocrx_word' id='word_1_222' title='bbox 411 1502 576 1536; x_wconf 86' lang='grc' dir='ltr'>τριακόσιοι,</span> <span class='ocrx_word' id='word_1_223' title='bbox 591 1502 668 1534; x_wconf 79' lang='grc' dir='ltr'>πεζοὶ</span> <span class='ocrx_word' id='word_1_224' title='bbox 682 1501 705 1529; x_wconf 78' lang='grc' dir='ltr'>δ’</span> <span class='ocrx_word' id='word_1_225' title='bbox 718 1502 856 1530; x_wconf 82' lang='grc' dir='ltr'>ἐθελονταὶ</span> 
     </span>
    </p>
   </div>
   <div class='ocr_carea' id='block_1_33' title="bbox 914 271 1700 309">
    <p class='ocr_par' dir='ltr' id='par_1_33' title="bbox 914 271 1700 309">
     <span class='ocr_line' id='line_1_33' title="bbox 914 271 1700 309; baseline 0.004 -12"><span class='ocrx_word' id='word_1_226' title='bbox 914 271 1049 298; x_wconf 73' lang='lat' dir='ltr'><strong>trinsccus</strong></span> <span class='ocrx_word' id='word_1_227' title='bbox 1066 272 1143 298; x_wconf 85' lang='lat' dir='ltr'><strong>irrita</strong></span> <span class='ocrx_word' id='word_1_228' title='bbox 1163 276 1252 299; x_wconf 87' lang='lat' dir='ltr'><strong>erant.</strong></span> <span class='ocrx_word' id='word_1_229' title='bbox 1281 272 1403 300; x_wconf 81' lang='lat' dir='ltr'><strong>Primum</strong></span> <span class='ocrx_word' id='word_1_230' title='bbox 1421 272 1495 299; x_wconf 89' lang='lat' dir='ltr'><strong>enim</strong></span> <span class='ocrx_word' id='word_1_231' title='bbox 1517 274 1589 300; x_wconf 82' lang='lat' dir='ltr'><strong>saxis</strong></span> <span class='ocrx_word' id='word_1_232' title='bbox 1610 274 1700 309; x_wconf 75' lang='lat' dir='ltr'><strong>gravi-</strong></span> 
     </span>
    </p>
   </div>
   <div class='ocr_carea' id='block_1_34' title="bbox 914 316 1696 353">
    <p class='ocr_par' dir='ltr' id='par_1_34' title="bbox 914 316 1696 353">
     <span class='ocr_line' id='line_1_34' title="bbox 914 316 1696 353; baseline 0.003 -10"><span class='ocrx_word' id='word_1_233' title='bbox 914 316 965 344; x_wconf 90' lang='lat' dir='ltr'><strong>bus</strong></span> <span class='ocrx_word' id='word_1_234' title='bbox 980 321 1008 344; x_wconf 88' lang='lat' dir='ltr'><strong>et</strong></span> <span class='ocrx_word' id='word_1_235' title='bbox 1026 317 1100 344; x_wconf 87' lang='lat' dir='ltr'><strong>omni</strong></span> <span class='ocrx_word' id='word_1_236' title='bbox 1118 317 1262 344; x_wconf 81' lang='lat' dir='ltr'><strong>missilium</strong></span> <span class='ocrx_word' id='word_1_237' title='bbox 1275 325 1374 352; x_wconf 77' lang='lat' dir='ltr'><strong>genere</strong></span> <span class='ocrx_word' id='word_1_238' title='bbox 1391 325 1439 345; x_wconf 89' lang='lat' dir='ltr'><strong>eos</strong></span> <span class='ocrx_word' id='word_1_239' title='bbox 1456 325 1489 345; x_wconf 75' lang='lat' dir='ltr'><strong>ex</strong></span> <span class='ocrx_word' id='word_1_240' title='bbox 1503 326 1617 353; x_wconf 62' lang='lat' dir='ltr'><strong>propuu</strong></span> <span class='ocrx_word' id='word_1_241' title='bbox 1630 326 1696 346; x_wconf 84' lang='lat' dir='ltr'><strong>scu-</strong></span> 
     </span>
    </p>
   </div>
   <div class='ocr_carea' id='block_1_35' title="bbox 912 362 1697 398">
    <p class='ocr_par' dir='ltr' id='par_1_35' title="bbox 912 362 1697 398">
     <span class='ocr_line' id='line_1_35' title="bbox 912 362 1697 398; baseline 0.004 -9"><span class='ocrx_word' id='word_1_242' title='bbox 912 362 947 389; x_wconf 88' lang='lat' dir='ltr'><strong>lis</strong></span> <span class='ocrx_word' id='word_1_243' title='bbox 959 362 1096 397; x_wconf 86' lang='lat' dir='ltr'><strong>impetitos</strong></span> <span class='ocrx_word' id='word_1_244' title='bbox 1110 364 1242 390; x_wconf 84' lang='lat' dir='ltr'><strong>sauciavit</strong></span> <span class='ocrx_word' id='word_1_245' title='bbox 1255 368 1339 398; x_wconf 85' lang='lat' dir='ltr'><strong>atque</strong></span> <span class='ocrx_word' id='word_1_246' title='bbox 1359 364 1525 391; x_wconf 89' lang='lat' dir='ltr'><strong>deturbavit.</strong></span> <span class='ocrx_word' id='word_1_247' title='bbox 1542 364 1592 392; x_wconf 87' lang='lat' dir='ltr'><strong>Ubi</strong></span> <span class='ocrx_word' id='word_1_248' title='bbox 1607 370 1697 392; x_wconf 86' lang='lat' dir='ltr'><strong>autem</strong></span> 
     </span>
    </p>
   </div>
   <div class='ocr_carea' id='block_1_36' title="bbox 913 409 1699 437">
    <p class='ocr_par' dir='ltr' id='par_1_36' title="bbox 913 409 1699 437">
     <span class='ocr_line' id='line_1_36' title="bbox 913 409 1699 437; baseline 0 -1"><span class='ocrx_word' id='word_1_249' title='bbox 913 417 1020 436; x_wconf 91' lang='lat' dir='ltr'><strong>murum</strong></span> <span class='ocrx_word' id='word_1_250' title='bbox 1035 410 1117 436; x_wconf 85' lang='lat' dir='ltr'><strong>scalis</strong></span> <span class='ocrx_word' id='word_1_251' title='bbox 1130 417 1245 436; x_wconf 87' lang='lat' dir='ltr'><strong>ascensu</strong></span> <span class='ocrx_word' id='word_1_252' title='bbox 1264 409 1372 436; x_wconf 74' lang='lat' dir='ltr'><strong>facilem</strong></span> <span class='ocrx_word' id='word_1_253' title='bbox 1387 416 1449 436; x_wconf 85' lang='lat' dir='ltr'><strong>esse.</strong></span> <span class='ocrx_word' id='word_1_254' title='bbox 1471 409 1582 436; x_wconf 88' lang='lat' dir='ltr'><strong>videbat</strong></span> <span class='ocrx_word' id='word_1_255' title='bbox 1599 415 1626 437; x_wconf 90' lang='lat' dir='ltr'><strong>et</strong></span> <span class='ocrx_word' id='word_1_256' title='bbox 1652 417 1699 436; x_wconf 87' lang='lat' dir='ltr'><strong>stt-</strong></span> 
     </span>
    </p>
   </div>
   <div class='ocr_carea' id='block_1_37' title="bbox 913 454 1698 489">
    <p class='ocr_par' dir='ltr' id='par_1_37' title="bbox 913 454 1698 489">
     <span class='ocr_line' id='line_1_37' title="bbox 913 454 1698 489; baseline 0.001 -8"><span class='ocrx_word' id='word_1_257' title='bbox 913 454 1081 489; x_wconf 81' lang='lat' dir='ltr'><strong>spicabatur,</strong></span> <span class='ocrx_word' id='word_1_258' title='bbox 1099 454 1247 482; x_wconf 72' lang='lat' dir='ltr'><strong>altitudine</strong></span> <span class='ocrx_word' id='word_1_259' title='bbox 1262 454 1359 481; x_wconf 83' lang='lat' dir='ltr'><strong>idonea</strong></span> <span class='ocrx_word' id='word_1_260' title='bbox 1383 455 1474 481; x_wconf 86' lang='lat' dir='ltr'><strong>statim</strong></span> <span class='ocrx_word' id='word_1_261' title='bbox 1489 455 1590 486; x_wconf 83' lang='lat' dir='ltr'><strong>addita,</strong></span> <span class='ocrx_word' id='word_1_262' title='bbox 1611 456 1698 482; x_wconf 90' lang='lat' dir='ltr'><strong>inter-</strong></span> 
     </span>
    </p>
   </div>
   <div class='ocr_carea' id='block_1_38' title="bbox 912 500 1698 535">
    <p class='ocr_par' dir='ltr' id='par_1_38' title="bbox 912 500 1698 535">
     <span class='ocr_line' id='line_1_38' title="bbox 912 500 1698 535; baseline 0.001 -8"><span class='ocrx_word' id='word_1_263' title='bbox 912 500 981 527; x_wconf 85' lang='lat' dir='ltr'><strong>valla</strong></span> <span class='ocrx_word' id='word_1_264' title='bbox 997 501 1068 527; x_wconf 84' lang='lat' dir='ltr'><strong>inter</strong></span> <span class='ocrx_word' id='word_1_265' title='bbox 1083 500 1189 534; x_wconf 77' lang='lat' dir='ltr'><strong>singula</strong></span> <span class='ocrx_word' id='word_1_266' title='bbox 1207 500 1409 534; x_wconf 79' lang='lat' dir='ltr'><strong>propugnacula</strong></span> <span class='ocrx_word' id='word_1_267' title='bbox 1427 500 1581 534; x_wconf 70' lang='lat' dir='ltr'><strong>ueniunxit,</strong></span> <span class='ocrx_word' id='word_1_268' title='bbox 1609 500 1698 535; x_wconf 84' lang='lat' dir='ltr'><strong>iisque</strong></span> 
     </span>
    </p>
   </div>
   <div class='ocr_carea' id='block_1_39' title="bbox 912 544 1698 573">
    <p class='ocr_par' dir='ltr' id='par_1_39' title="bbox 912 544 1698 573">
     <span class='ocr_line' id='line_1_39' title="bbox 912 544 1698 573; baseline 0.001 -1"><span class='ocrx_word' id='word_1_269' title='bbox 912 545 1025 572; x_wconf 71' lang='lat' dir='ltr'><strong>aedificia</strong></span> <span class='ocrx_word' id='word_1_270' title='bbox 1045 545 1182 572; x_wconf 83' lang='lat' dir='ltr'><strong>adstruin</strong></span> <span class='ocrx_word' id='word_1_271' title='bbox 1200 544 1320 571; x_wconf 89' lang='lat' dir='ltr'><strong>hon.inis</strong></span> <span class='ocrx_word' id='word_1_272' title='bbox 1337 544 1510 572; x_wconf 88' lang='lat' dir='ltr'><strong>altitudinem</strong></span> <span class='ocrx_word' id='word_1_273' title='bbox 1537 553 1591 572; x_wconf 91' lang='lat' dir='ltr'><strong>non</strong></span> <span class='ocrx_word' id='word_1_274' title='bbox 1615 553 1698 573; x_wconf 75' lang='lat' dir='ltr'><strong>exce-</strong></span> 
     </span>
    </p>
   </div>
   <div class='ocr_carea' id='block_1_40' title="bbox 914 590 1698 626">
    <p class='ocr_par' dir='ltr' id='par_1_40' title="bbox 914 590 1698 626">
     <span class='ocr_line' id='line_1_40' title="bbox 914 590 1698 626; baseline 0.001 -9"><span class='ocrx_word' id='word_1_275' title='bbox 914 590 1018 623; x_wconf 84' lang='lat' dir='ltr'><strong>dentia,</strong></span> <span class='ocrx_word' id='word_1_276' title='bbox 1036 594 1117 625; x_wconf 79' lang='lat' dir='ltr'><strong>atque</strong></span> <span class='ocrx_word' id='word_1_277' title='bbox 1133 591 1160 617; x_wconf 95' lang='lat' dir='ltr'><strong>in</strong></span> <span class='ocrx_word' id='word_1_278' title='bbox 1176 595 1285 618; x_wconf 85' lang='lat' dir='ltr'><strong>tenuem</strong></span> <span class='ocrx_word' id='word_1_279' title='bbox 1301 595 1328 617; x_wconf 90' lang='lat' dir='ltr'><strong>et</strong></span> <span class='ocrx_word' id='word_1_280' title='bbox 1341 595 1451 617; x_wconf 85' lang='lat' dir='ltr'><strong>acutum</strong></span> <span class='ocrx_word' id='word_1_281' title='bbox 1468 590 1573 626; x_wconf 85' lang='lat' dir='ltr'><strong>apicem</strong></span> <span class='ocrx_word' id='word_1_282' title='bbox 1593 598 1698 618; x_wconf 78' lang='lat' dir='ltr'><strong>exeun-</strong></span> 
     </span>
    </p>
   </div>
   <div class='ocr_carea' id='block_1_41' title="bbox 913 634 1697 671">
    <p class='ocr_par' dir='ltr' id='par_1_41' title="bbox 913 634 1697 671">
     <span class='ocr_line' id='line_1_41' title="bbox 913 634 1697 671; baseline 0 -9"><span class='ocrx_word' id='word_1_283' title='bbox 913 635 960 667; x_wconf 85' lang='lat' dir='ltr'><strong>tia,</strong></span> <span class='ocrx_word' id='word_1_284' title='bbox 976 640 1006 662; x_wconf 87' lang='lat' dir='ltr'><strong>ttt</strong></span> <span class='ocrx_word' id='word_1_285' title='bbox 1032 635 1157 662; x_wconf 82' lang='lat' dir='ltr'><strong>hostibus</strong></span> <span class='ocrx_word' id='word_1_286' title='bbox 1176 635 1233 671; x_wconf 66' lang='grc'><strong>49</strong></span> <span class='ocrx_word' id='word_1_287' title='bbox 1254 635 1295 662; x_wconf 75' lang='lat' dir='ltr'><strong>vel</strong></span> <span class='ocrx_word' id='word_1_288' title='bbox 1314 634 1341 662; x_wconf 92' lang='lat' dir='ltr'><strong>in</strong></span> <span class='ocrx_word' id='word_1_289' title='bbox 1372 643 1479 662; x_wconf 87' lang='lat' dir='ltr'><strong>murum</strong></span> <span class='ocrx_word' id='word_1_290' title='bbox 1502 635 1587 662; x_wconf 87' lang='lat' dir='ltr'><strong>enisis</strong></span> <span class='ocrx_word' id='word_1_291' title='bbox 1611 637 1697 663; x_wconf 91' lang='lat' dir='ltr'><strong>ardua</strong></span> 
     </span>
    </p>
   </div>
   <div class='ocr_carea' id='block_1_42' title="bbox 911 681 1698 716">
    <p class='ocr_par' dir='ltr' id='par_1_42' title="bbox 911 681 1698 716">
     <span class='ocr_line' id='line_1_42' title="bbox 911 681 1698 716; baseline 0 -8"><span class='ocrx_word' id='word_1_292' title='bbox 911 686 940 708; x_wconf 87' lang='lat' dir='ltr'><strong>et</strong></span> <span class='ocrx_word' id='word_1_293' title='bbox 959 681 1067 709; x_wconf 85' lang='lat' dir='ltr'><strong>incessu</strong></span> <span class='ocrx_word' id='word_1_294' title='bbox 1083 681 1230 709; x_wconf 87' lang='lat' dir='ltr'><strong>admodum</strong></span> <span class='ocrx_word' id='word_1_295' title='bbox 1246 681 1399 716; x_wconf 89' lang='lat' dir='ltr'><strong>periculosa</strong></span> <span class='ocrx_word' id='word_1_296' title='bbox 1418 687 1520 709; x_wconf 87' lang='lat' dir='ltr'><strong>essent.</strong></span> <span class='ocrx_word' id='word_1_297' title='bbox 1535 681 1637 708; x_wconf 89' lang='lat' dir='ltr'><strong>Deinde</strong></span> <span class='ocrx_word' id='word_1_298' title='bbox 1649 689 1698 708; x_wconf 88' lang='lat' dir='ltr'><strong>au-</strong></span> 
     </span>
    </p>
   </div>
   <div class='ocr_carea' id='block_1_43' title="bbox 912 727 1698 762">
    <p class='ocr_par' dir='ltr' id='par_1_43' title="bbox 912 727 1698 762">
     <span class='ocr_line' id='line_1_43' title="bbox 912 727 1698 762; baseline -0.001 -8"><span class='ocrx_word' id='word_1_299' title='bbox 912 731 967 754; x_wconf 86' lang='lat' dir='ltr'><strong>tem</strong></span> <span class='ocrx_word' id='word_1_300' title='bbox 982 727 1141 762; x_wconf 86' lang='lat' dir='ltr'><strong>conjectura</strong></span> <span class='ocrx_word' id='word_1_301' title='bbox 1154 727 1236 760; x_wconf 78' lang='lat' dir='ltr'><strong>facta,</strong></span> <span class='ocrx_word' id='word_1_302' title='bbox 1249 734 1303 761; x_wconf 84' lang='lat' dir='ltr'><strong>qua</strong></span> <span class='ocrx_word' id='word_1_303' title='bbox 1319 732 1396 761; x_wconf 86' lang='lat' dir='ltr'><strong>parte</strong></span> <span class='ocrx_word' id='word_1_304' title='bbox 1410 727 1542 754; x_wconf 71' lang='lat' dir='ltr'><strong>mmnium</strong></span> <span class='ocrx_word' id='word_1_305' title='bbox 1558 727 1698 753; x_wconf 81' lang='lat' dir='ltr'><strong>subterra-</strong></span> 
     </span>
    </p>
   </div>
   <div class='ocr_carea' id='block_1_44' title="bbox 911 771 1696 806">
    <p class='ocr_par' dir='ltr' id='par_1_44' title="bbox 911 771 1696 806">
     <span class='ocr_line' id='line_1_44' title="bbox 911 771 1696 806; baseline 0.001 -8"><span class='ocrx_word' id='word_1_306' title='bbox 911 779 980 798; x_wconf 85' lang='lat' dir='ltr'><strong>neus</strong></span> <span class='ocrx_word' id='word_1_307' title='bbox 1003 771 1048 799; x_wconf 90' lang='lat' dir='ltr'><strong>ille</strong></span> <span class='ocrx_word' id='word_1_308' title='bbox 1066 771 1212 798; x_wconf 84' lang='lat' dir='ltr'><strong>cuniculus</strong></span> <span class='ocrx_word' id='word_1_309' title='bbox 1230 779 1412 806; x_wconf 85' lang='lat' dir='ltr'><strong>processurus</strong></span> <span class='ocrx_word' id='word_1_310' title='bbox 1431 776 1514 806; x_wconf 87' lang='lat' dir='ltr'><strong>atque</strong></span> <span class='ocrx_word' id='word_1_311' title='bbox 1534 771 1696 806; x_wconf 80' lang='lat' dir='ltr'><strong>proditurus</strong></span> 
     </span>
    </p>
   </div>
   <div class='ocr_carea' id='block_1_45' title="bbox 911 815 1697 849">
    <p class='ocr_par' dir='ltr' id='par_1_45' title="bbox 911 815 1697 849">
     <span class='ocr_line' id='line_1_45' title="bbox 911 815 1697 849; baseline -0.003 -5"><span class='ocrx_word' id='word_1_312' title='bbox 911 822 996 847; x_wconf 85' lang='lat' dir='ltr'><strong>esset.</strong></span> <span class='ocrx_word' id='word_1_313' title='bbox 1024 816 1062 844; x_wconf 88' lang='lat' dir='ltr'><strong>ibi</strong></span> <span class='ocrx_word' id='word_1_314' title='bbox 1082 816 1157 843; x_wconf 82' lang='lat' dir='ltr'><strong>intus</strong></span> <span class='ocrx_word' id='word_1_315' title='bbox 1179 815 1281 843; x_wconf 87' lang='lat' dir='ltr'><strong>fossam</strong></span> <span class='ocrx_word' id='word_1_316' title='bbox 1307 820 1492 849; x_wconf 77' lang='lat' dir='ltr'><strong>transversam</strong></span> <span class='ocrx_word' id='word_1_317' title='bbox 1520 816 1586 842; x_wconf 86' lang='lat' dir='ltr'><strong>fecit</strong></span> <span class='ocrx_word' id='word_1_318' title='bbox 1610 816 1697 843; x_wconf 91' lang='lat' dir='ltr'><strong>multo</strong></span> 
     </span>
    </p>
   </div>
   <div class='ocr_carea' id='block_1_46' title="bbox 912 861 1695 896">
    <p class='ocr_par' dir='ltr' id='par_1_46' title="bbox 912 861 1695 896">
     <span class='ocr_line' id='line_1_46' title="bbox 912 861 1695 896; baseline 0.001 -8"><span class='ocrx_word' id='word_1_319' title='bbox 912 861 1120 896; x_wconf 81' lang='lat' dir='ltr'><strong>profundiorem</strong></span> <span class='ocrx_word' id='word_1_320' title='bbox 1147 869 1228 896; x_wconf 88' lang='lat' dir='ltr'><strong>quam</strong></span> <span class='ocrx_word' id='word_1_321' title='bbox 1261 862 1369 889; x_wconf 89' lang='lat' dir='ltr'><strong>illorum</strong></span> <span class='ocrx_word' id='word_1_322' title='bbox 1389 866 1448 888; x_wconf 90' lang='lat' dir='ltr'><strong>erat</strong></span> <span class='ocrx_word' id='word_1_323' title='bbox 1471 861 1634 892; x_wconf 84' lang='lat' dir='ltr'><strong>cuniculus.</strong></span> <span class='ocrx_word' id='word_1_324' title='bbox 1655 867 1695 894; x_wconf 88' lang='lat' dir='ltr'><strong>ut,</strong></span> 
     </span>
    </p>
   </div>
   <div class='ocr_carea' id='block_1_47' title="bbox 911 907 1696 942">
    <p class='ocr_par' dir='ltr' id='par_1_47' title="bbox 911 907 1696 942">
     <span class='ocr_line' id='line_1_47' title="bbox 911 907 1696 942; baseline 0.001 -9"><span class='ocrx_word' id='word_1_325' title='bbox 911 914 974 934; x_wconf 90' lang='lat' dir='ltr'><strong>cum</strong></span> <span class='ocrx_word' id='word_1_326' title='bbox 993 907 1103 934; x_wconf 86' lang='lat' dir='ltr'><strong>tandem</strong></span> <span class='ocrx_word' id='word_1_327' title='bbox 1120 907 1191 934; x_wconf 88' lang='lat' dir='ltr'><strong>intra</strong></span> <span class='ocrx_word' id='word_1_328' title='bbox 1206 907 1305 934; x_wconf 64' lang='lat' dir='ltr'><strong>muenia</strong></span> <span class='ocrx_word' id='word_1_329' title='bbox 1322 907 1510 942; x_wconf 83' lang='lat' dir='ltr'><strong>irrepsissent.</strong></span> <span class='ocrx_word' id='word_1_330' title='bbox 1529 907 1696 941; x_wconf 83' lang='lat' dir='ltr'><strong>necopinato</strong></span> 
     </span>
    </p>
   </div>
   <div class='ocr_carea' id='block_1_48' title="bbox 911 952 1696 988">
    <p class='ocr_par' dir='ltr' id='par_1_48' title="bbox 911 952 1696 988">
     <span class='ocr_line' id='line_1_48' title="bbox 911 952 1696 988; baseline 0 -8"><span class='ocrx_word' id='word_1_331' title='bbox 911 953 938 980; x_wconf 89' lang='lat' dir='ltr'><strong>in</strong></span> <span class='ocrx_word' id='word_1_332' title='bbox 955 952 1062 981; x_wconf 84' lang='lat' dir='ltr'><strong>foveam</strong></span> <span class='ocrx_word' id='word_1_333' title='bbox 1079 954 1231 988; x_wconf 87' lang='lat' dir='ltr'><strong>mortisque</strong></span> <span class='ocrx_word' id='word_1_334' title='bbox 1246 954 1404 988; x_wconf 76' lang='lat' dir='ltr'><strong>voraginem</strong></span> <span class='ocrx_word' id='word_1_335' title='bbox 1428 952 1594 980; x_wconf 81' lang='lat' dir='ltr'><strong>inciderent.</strong></span> <span class='ocrx_word' id='word_1_336' title='bbox 1622 954 1696 981; x_wconf 61' lang='lat' dir='ltr'><strong>Pra—</strong></span> 
     </span>
    </p>
   </div>
   <div class='ocr_carea' id='block_1_49' title="bbox 909 998 1696 1033">
    <p class='ocr_par' dir='ltr' id='par_1_49' title="bbox 909 998 1696 1033">
     <span class='ocr_line' id='line_1_49' title="bbox 909 998 1696 1033; baseline 0.001 -8"><span class='ocrx_word' id='word_1_337' title='bbox 909 999 1054 1032; x_wconf 84' lang='lat' dir='ltr'><strong>cipitantes</strong></span> <span class='ocrx_word' id='word_1_338' title='bbox 1082 998 1155 1025; x_wconf 90' lang='lat' dir='ltr'><strong>enim</strong></span> <span class='ocrx_word' id='word_1_339' title='bbox 1183 1005 1231 1025; x_wconf 87' lang='lat' dir='ltr'><strong>eos</strong></span> <span class='ocrx_word' id='word_1_340' title='bbox 1257 998 1388 1033; x_wconf 71' lang='lat' dir='ltr'><strong>gravibus</strong></span> <span class='ocrx_word' id='word_1_341' title='bbox 1413 1006 1533 1033; x_wconf 84' lang='lat' dir='ltr'><strong>superne</strong></span> <span class='ocrx_word' id='word_1_342' title='bbox 1558 999 1696 1026; x_wconf 74' lang='lat' dir='ltr'><strong>devolutis</strong></span> 
     </span>
    </p>
   </div>
   <div class='ocr_carea' id='block_1_50' title="bbox 909 1044 1696 1080">
    <p class='ocr_par' dir='ltr' id='par_1_50' title="bbox 909 1044 1696 1080">
     <span class='ocr_line' id='line_1_50' title="bbox 909 1044 1696 1080; baseline 0.001 -9"><span class='ocrx_word' id='word_1_343' title='bbox 909 1045 982 1072; x_wconf 77' lang='lat' dir='ltr'><strong>saxis</strong></span> <span class='ocrx_word' id='word_1_344' title='bbox 997 1045 1126 1080; x_wconf 89' lang='lat' dir='ltr'><strong>protinus</strong></span> <span class='ocrx_word' id='word_1_345' title='bbox 1151 1045 1178 1072; x_wconf 91' lang='lat' dir='ltr'><strong>in</strong></span> <span class='ocrx_word' id='word_1_346' title='bbox 1204 1044 1303 1072; x_wconf 83' lang='lat' dir='ltr'><strong>mortis</strong></span> <span class='ocrx_word' id='word_1_347' title='bbox 1319 1045 1388 1072; x_wconf 85' lang='lat' dir='ltr'><strong>retia</strong></span> <span class='ocrx_word' id='word_1_348' title='bbox 1409 1044 1578 1072; x_wconf 83' lang='lat' dir='ltr'><strong>inevitabilia</strong></span> <span class='ocrx_word' id='word_1_349' title='bbox 1594 1045 1696 1080; x_wconf 73' lang='lat' dir='ltr'><strong>iniece-</strong></span> 
     </span>
    </p>
   </div>
   <div class='ocr_carea' id='block_1_51' title="bbox 910 1088 1696 1124">
    <p class='ocr_par' dir='ltr' id='par_1_51' title="bbox 910 1088 1696 1124">
     <span class='ocr_line' id='line_1_51' title="bbox 910 1088 1696 1124; baseline 0.001 -9"><span class='ocrx_word' id='word_1_350' title='bbox 910 1094 984 1118; x_wconf 88' lang='lat' dir='ltr'><strong>runt.</strong></span> <span class='ocrx_word' id='word_1_351' title='bbox 1001 1089 1097 1117; x_wconf 81' lang='lat' dir='ltr'><strong>Multis</strong></span> <span class='ocrx_word' id='word_1_352' title='bbox 1112 1089 1212 1116; x_wconf 87' lang='lat' dir='ltr'><strong>deinde</strong></span> <span class='ocrx_word' id='word_1_353' title='bbox 1231 1088 1415 1124; x_wconf 71' lang='lat' dir='ltr'><strong>praeterlapsis</strong></span> <span class='ocrx_word' id='word_1_354' title='bbox 1431 1089 1529 1116; x_wconf 86' lang='lat' dir='ltr'><strong>diebus</strong></span> <span class='ocrx_word' id='word_1_355' title='bbox 1544 1089 1696 1116; x_wconf 84' lang='lat' dir='ltr'><strong>Athenien-</strong></span> 
     </span>
    </p>
   </div>
   <div class='ocr_carea' id='block_1_52' title="bbox 909 1134 1694 1166">
    <p class='ocr_par' dir='ltr' id='par_1_52' title="bbox 909 1134 1694 1166">
     <span class='ocr_line' id='line_1_52' title="bbox 909 1134 1694 1166; baseline 0.001 -5"><span class='ocrx_word' id='word_1_356' title='bbox 909 1135 979 1161; x_wconf 86' lang='lat' dir='ltr'><strong>sium</strong></span> <span class='ocrx_word' id='word_1_357' title='bbox 1000 1138 1028 1162; x_wconf 87' lang='lat' dir='ltr'><strong>et</strong></span> <span class='ocrx_word' id='word_1_358' title='bbox 1063 1134 1257 1162; x_wconf 81' lang='lat' dir='ltr'><strong>Thebanorum</strong></span> <span class='ocrx_word' id='word_1_359' title='bbox 1284 1138 1421 1161; x_wconf 83' lang='lat' dir='ltr'><strong>venerunt</strong></span> <span class='ocrx_word' id='word_1_360' title='bbox 1451 1134 1564 1166; x_wconf 78' lang='lat' dir='ltr'><strong>auxilia,</strong></span> <span class='ocrx_word' id='word_1_361' title='bbox 1595 1134 1694 1162; x_wconf 83' lang='lat' dir='ltr'><strong>delecti</strong></span> 
     </span>
    </p>
   </div>
   <div class='ocr_carea' id='block_1_53' title="bbox 908 1180 1694 1216">
    <p class='ocr_par' dir='ltr' id='par_1_53' title="bbox 908 1180 1694 1216">
     <span class='ocr_line' id='line_1_53' title="bbox 908 1180 1694 1216; baseline 0 -8"><span class='ocrx_word' id='word_1_362' title='bbox 908 1181 1015 1215; x_wconf 79' lang='lat' dir='ltr'><strong>equites</strong></span> <span class='ocrx_word' id='word_1_363' title='bbox 1036 1181 1162 1212; x_wconf 82' lang='lat' dir='ltr'><strong>trecenti.</strong></span> <span class='ocrx_word' id='word_1_364' title='bbox 1187 1180 1293 1215; x_wconf 86' lang='lat' dir='ltr'><strong>pedites</strong></span> <span class='ocrx_word' id='word_1_365' title='bbox 1317 1180 1465 1207; x_wconf 88' lang='lat' dir='ltr'><strong>voluntarii</strong></span> <span class='ocrx_word' id='word_1_366' title='bbox 1490 1181 1584 1216; x_wconf 80' lang='lat' dir='ltr'><strong>plures</strong></span> <span class='ocrx_word' id='word_1_367' title='bbox 1611 1188 1694 1216; x_wconf 78' lang='lat' dir='ltr'><strong>quam</strong></span> 
     </span>
    </p>
   </div>
   <div class='ocr_carea' id='block_1_54' title="bbox 909 1226 1693 1261">
    <p class='ocr_par' dir='ltr' id='par_1_54' title="bbox 909 1226 1693 1261">
     <span class='ocr_line' id='line_1_54' title="bbox 909 1226 1693 1261; baseline -0.001 -7"><span class='ocrx_word' id='word_1_368' title='bbox 909 1227 961 1261; x_wconf 86' lang='lat' dir='ltr'><strong>ipsi</strong></span> <span class='ocrx_word' id='word_1_369' title='bbox 976 1226 1123 1254; x_wconf 84' lang='lat' dir='ltr'><strong>habebant.</strong></span> <span class='ocrx_word' id='word_1_370' title='bbox 1140 1227 1220 1254; x_wconf 82' lang='lat' dir='ltr'><strong>Fama</strong></span> <span class='ocrx_word' id='word_1_371' title='bbox 1233 1234 1298 1254; x_wconf 89' lang='lat' dir='ltr'><strong>vero</strong></span> <span class='ocrx_word' id='word_1_372' title='bbox 1311 1234 1359 1260; x_wconf 90' lang='lat' dir='ltr'><strong>per</strong></span> <span class='ocrx_word' id='word_1_373' title='bbox 1371 1230 1454 1254; x_wconf 86' lang='lat' dir='ltr'><strong>totam</strong></span> <span class='ocrx_word' id='word_1_374' title='bbox 1467 1226 1584 1254; x_wconf 87' lang='lat' dir='ltr'><strong>insulam</strong></span> <span class='ocrx_word' id='word_1_375' title='bbox 1599 1234 1693 1261; x_wconf 80' lang='lat' dir='ltr'><strong>sparsa</strong></span> 
     </span>
    </p>
   </div>
   <div class='ocr_carea' id='block_1_55' title="bbox 909 1272 1696 1307">
    <p class='ocr_par' dir='ltr' id='par_1_55' title="bbox 909 1272 1696 1307">
     <span class='ocr_line' id='line_1_55' title="bbox 909 1272 1696 1307; baseline 0.001 -9"><span class='ocrx_word' id='word_1_376' title='bbox 909 1272 1030 1306; x_wconf 86' lang='lat' dir='ltr'><strong>undique</strong></span> <span class='ocrx_word' id='word_1_377' title='bbox 1045 1272 1125 1299; x_wconf 91' lang='lat' dir='ltr'><strong>multi</strong></span> <span class='ocrx_word' id='word_1_378' title='bbox 1141 1272 1230 1300; x_wconf 83' lang='lat' dir='ltr'><strong>obviis</strong></span> <span class='ocrx_word' id='word_1_379' title='bbox 1245 1272 1364 1307; x_wconf 83' lang='lat' dir='ltr'><strong>quisque</strong></span> <span class='ocrx_word' id='word_1_380' title='bbox 1380 1272 1465 1299; x_wconf 83' lang='lat' dir='ltr'><strong>armis</strong></span> <span class='ocrx_word' id='word_1_381' title='bbox 1479 1272 1604 1300; x_wconf 89' lang='lat' dir='ltr'><strong>instructi</strong></span> <span class='ocrx_word' id='word_1_382' title='bbox 1629 1279 1696 1299; x_wconf 78' lang='lat' dir='ltr'><strong>con-</strong></span> 
     </span>
    </p>
   </div>
   <div class='ocr_carea' id='block_1_56' title="bbox 907 1316 1694 1352">
    <p class='ocr_par' dir='ltr' id='par_1_56' title="bbox 907 1316 1694 1352">
     <span class='ocr_line' id='line_1_56' title="bbox 907 1316 1694 1352; baseline 0.001 -9"><span class='ocrx_word' id='word_1_383' title='bbox 907 1322 1065 1345; x_wconf 88' lang='lat' dir='ltr'><strong>currerunt.</strong></span> <span class='ocrx_word' id='word_1_384' title='bbox 1079 1317 1148 1344; x_wconf 91' lang='lat' dir='ltr'><strong>Tum</strong></span> <span class='ocrx_word' id='word_1_385' title='bbox 1165 1316 1334 1344; x_wconf 80' lang='lat' dir='ltr'><strong>Venetorum</strong></span> <span class='ocrx_word' id='word_1_386' title='bbox 1351 1316 1407 1344; x_wconf 75' lang='lat' dir='ltr'><strong>dux</strong></span> <span class='ocrx_word' id='word_1_387' title='bbox 1421 1320 1504 1351; x_wconf 85' lang='lat' dir='ltr'><strong>atque</strong></span> <span class='ocrx_word' id='word_1_388' title='bbox 1517 1317 1612 1344; x_wconf 84' lang='lat' dir='ltr'><strong>classis</strong></span> <span class='ocrx_word' id='word_1_389' title='bbox 1625 1324 1694 1352; x_wconf 79' lang='lat' dir='ltr'><strong>prae-</strong></span> 
     </span>
    </p>
   </div>
   <div class='ocr_carea' id='block_1_57' title="bbox 907 1361 1693 1390">
    <p class='ocr_par' dir='ltr' id='par_1_57' title="bbox 907 1361 1693 1390">
     <span class='ocr_line' id='line_1_57' title="bbox 907 1361 1693 1390; baseline 0 -1"><span class='ocrx_word' id='word_1_390' title='bbox 907 1361 996 1389; x_wconf 80' lang='lat' dir='ltr'><strong>fectus</strong></span> <span class='ocrx_word' id='word_1_391' title='bbox 1011 1367 1090 1389; x_wconf 88' lang='lat' dir='ltr'><strong>noete</strong></span> <span class='ocrx_word' id='word_1_392' title='bbox 1106 1362 1212 1389; x_wconf 84' lang='lat' dir='ltr'><strong>insidiis</strong></span> <span class='ocrx_word' id='word_1_393' title='bbox 1229 1365 1293 1389; x_wconf 85' lang='lat' dir='ltr'><strong>ante</strong></span> <span class='ocrx_word' id='word_1_394' title='bbox 1309 1362 1405 1389; x_wconf 85' lang='lat' dir='ltr'><strong>urbem</strong></span> <span class='ocrx_word' id='word_1_395' title='bbox 1420 1362 1446 1389; x_wconf 84' lang='lat' dir='ltr'><strong>in</strong></span> <span class='ocrx_word' id='word_1_396' title='bbox 1463 1362 1587 1390; x_wconf 84' lang='lat' dir='ltr'><strong>faucibus</strong></span> <span class='ocrx_word' id='word_1_397' title='bbox 1605 1363 1693 1389; x_wconf 86' lang='lat' dir='ltr'><strong>collo-</strong></span> 
     </span>
    </p>
   </div>
   <div class='ocr_carea' id='block_1_58' title="bbox 907 1406 1694 1441">
    <p class='ocr_par' dir='ltr' id='par_1_58' title="bbox 907 1406 1694 1441">
     <span class='ocr_line' id='line_1_58' title="bbox 907 1406 1694 1441; baseline 0 -7"><span class='ocrx_word' id='word_1_398' title='bbox 907 1406 987 1440; x_wconf 84' lang='lat' dir='ltr'><strong>catis,</strong></span> <span class='ocrx_word' id='word_1_399' title='bbox 1002 1407 1108 1434; x_wconf 85' lang='lat' dir='ltr'><strong>oriente</strong></span> <span class='ocrx_word' id='word_1_400' title='bbox 1124 1407 1181 1434; x_wconf 73' lang='lat' dir='ltr'><strong>sole</strong></span> <span class='ocrx_word' id='word_1_401' title='bbox 1196 1407 1341 1434; x_wconf 86' lang='lat' dir='ltr'><strong>manifesto</strong></span> <span class='ocrx_word' id='word_1_402' title='bbox 1353 1407 1447 1441; x_wconf 85' lang='lat' dir='ltr'><strong>copias</strong></span> <span class='ocrx_word' id='word_1_403' title='bbox 1469 1407 1575 1438; x_wconf 77' lang='lat' dir='ltr'><strong>eduxit,</strong></span> <span class='ocrx_word' id='word_1_404' title='bbox 1592 1408 1694 1435; x_wconf 78' lang='lat' dir='ltr'><strong>milites</strong></span> 
     </span>
    </p>
   </div>
   <div class='ocr_carea' id='block_1_59' title="bbox 906 1451 1734 1486">
    <p class='ocr_par' dir='ltr' id='par_1_59' title="bbox 906 1451 1734 1486">
     <span class='ocr_line' id='line_1_59' title="bbox 906 1451 1734 1486; baseline 0 -8"><span class='ocrx_word' id='word_1_405' title='bbox 906 1451 996 1486; x_wconf 76' lang='lat' dir='ltr'><strong>gravis</strong></span> <span class='ocrx_word' id='word_1_406' title='bbox 1026 1456 1054 1479; x_wconf 87' lang='lat' dir='ltr'><strong>et</strong></span> <span class='ocrx_word' id='word_1_407' title='bbox 1080 1451 1148 1479; x_wconf 82' lang='lat' dir='ltr'><strong>levis</strong></span> <span class='ocrx_word' id='word_1_408' title='bbox 1177 1455 1342 1484; x_wconf 65' lang='lat' dir='ltr'><strong>armaturae,</strong></span> <span class='ocrx_word' id='word_1_409' title='bbox 1373 1451 1540 1486; x_wconf 73' lang='lat' dir='ltr'><strong>sagittarios,</strong></span> <span class='ocrx_word' id='word_1_410' title='bbox 1570 1452 1693 1479; x_wconf 81' lang='lat' dir='ltr'><strong>hastatos</strong></span> <span class='ocrx_word' id='word_1_411' title='bbox 1726 1469 1734 1478; x_wconf 88' lang='grc'><em>.</em></span> 
     </span>
    </p>
   </div>
   <div class='ocr_carea' id='block_1_60' title="bbox 907 1497 1694 1533">
    <p class='ocr_par' dir='ltr' id='par_1_60' title="bbox 907 1497 1694 1533">
     <span class='ocr_line' id='line_1_60' title="bbox 907 1497 1694 1533; baseline -0.001 -7"><span class='ocrx_word' id='word_1_412' title='bbox 907 1498 1070 1533; x_wconf 82' lang='lat' dir='ltr'><strong>equitesque</strong></span> <span class='ocrx_word' id='word_1_413' title='bbox 1087 1505 1156 1533; x_wconf 85' lang='lat' dir='ltr'><strong>quos</strong></span> <span class='ocrx_word' id='word_1_414' title='bbox 1181 1497 1292 1533; x_wconf 83' lang='lat' dir='ltr'><strong>quidem</strong></span> <span class='ocrx_word' id='word_1_415' title='bbox 1318 1497 1347 1525; x_wconf 89' lang='lat' dir='ltr'><strong>in</strong></span> <span class='ocrx_word' id='word_1_416' title='bbox 1364 1498 1465 1525; x_wconf 88' lang='lat' dir='ltr'><strong>civium</strong></span> <span class='ocrx_word' id='word_1_417' title='bbox 1492 1505 1608 1525; x_wconf 76' lang='lat' dir='ltr'><strong>numero</strong></span> <span class='ocrx_word' id='word_1_418' title='bbox 1627 1503 1694 1525; x_wconf 86' lang='lat' dir='ltr'><strong>tunc</strong></span> 
     </span>
    </p>
   </div>
   <div class='ocr_carea' id='block_1_61' title="bbox 73 1543 856 1592">
    <p class='ocr_par' dir='ltr' id='par_1_61' title="bbox 73 1546 856 1583">
     <span class='ocr_line' id='line_1_61' title="bbox 73 1546 856 1583; baseline 0.001 -9"><span class='ocrx_word' id='word_1_419' title='bbox 73 1549 178 1580; x_wconf 84' lang='grc' dir='ltr'>πλείους</span> <span class='ocrx_word' id='word_1_420' title='bbox 210 1548 226 1583; x_wconf 80' lang='grc' dir='ltr'><strong>ἢ</strong></span> <span class='ocrx_word' id='word_1_421' title='bbox 249 1547 310 1575; x_wconf 81' lang='grc' dir='ltr'>κατ’</span> <span class='ocrx_word' id='word_1_422' title='bbox 326 1546 444 1579; x_wconf 78' lang='grc' dir='ltr'>αὐτούς’</span> <span class='ocrx_word' id='word_1_423' title='bbox 471 1547 518 1574; x_wconf 77' lang='grc' dir='ltr'>καὶ</span> <span class='ocrx_word' id='word_1_424' title='bbox 543 1546 601 1581; x_wconf 75' lang='grc' dir='ltr'>ἅμα</span> <span class='ocrx_word' id='word_1_425' title='bbox 618 1547 667 1582; x_wconf 89' lang='grc' dir='ltr'>τῆς</span> <span class='ocrx_word' id='word_1_426' title='bbox 697 1548 791 1583; x_wconf 83' lang='grc' dir='ltr'>φήμης</span> <span class='ocrx_word' id='word_1_427' title='bbox 816 1549 856 1580; x_wconf 83' lang='grc' dir='ltr'><strong>είς</strong></span> 
     </span>
    </p>
   </div>
   <div class='ocr_carea' id='block_1_62' title="bbox 909 1543 1693 1592">
    <p class='ocr_par' dir='ltr' id='par_1_62' title="bbox 909 1543 1693 1578">
     <span class='ocr_line' id='line_1_62' title="bbox 909 1543 1693 1578; baseline -0.001 -7"><span class='ocrx_word' id='word_1_428' title='bbox 909 1544 1033 1572; x_wconf 85' lang='lat' dir='ltr'><strong>invenire</strong></span> <span class='ocrx_word' id='word_1_429' title='bbox 1049 1544 1137 1578; x_wconf 88' lang='lat' dir='ltr'><strong>potuit</strong></span> <span class='ocrx_word' id='word_1_430' title='bbox 1152 1544 1187 1571; x_wconf 61' lang='lat' dir='ltr'><strong>ita</strong></span> <span class='ocrx_word' id='word_1_431' title='bbox 1214 1548 1244 1571; x_wconf 89' lang='lat' dir='ltr'><strong>ut</strong></span> <span class='ocrx_word' id='word_1_432' title='bbox 1271 1547 1328 1571; x_wconf 88' lang='lat' dir='ltr'><strong>tota</strong></span> <span class='ocrx_word' id='word_1_433' title='bbox 1349 1551 1447 1571; x_wconf 83' lang='lat' dir='ltr'><strong>manus</strong></span> <span class='ocrx_word' id='word_1_434' title='bbox 1463 1543 1496 1570; x_wconf 92' lang='lat' dir='ltr'><strong>ad</strong></span> <span class='ocrx_word' id='word_1_435' title='bbox 1518 1543 1693 1571; x_wconf 87' lang='lat' dir='ltr'><strong>militandum</strong></span> 
     </span>
    </p>
   </div>
   <div class='ocr_carea' id='block_1_63' title="bbox 73 1592 856 1628">
    <p class='ocr_par' dir='ltr' id='par_1_63' title="bbox 73 1592 856 1628">
     <span class='ocr_line' id='line_1_63' title="bbox 73 1592 856 1628; baseline 0.001 -9"><span class='ocrx_word' id='word_1_436' title='bbox 73 1593 132 1628; x_wconf 75' lang='grc' dir='ltr'>ὅλην</span> <span class='ocrx_word' id='word_1_437' title='bbox 145 1593 279 1628; x_wconf 82' lang='grc' dir='ltr'>χυθείσης</span> <span class='ocrx_word' id='word_1_438' title='bbox 301 1592 350 1628; x_wconf 79' lang='grc' dir='ltr'><strong>τὴν</strong></span> <span class='ocrx_word' id='word_1_439' title='bbox 377 1592 470 1627; x_wconf 84' lang='grc' dir='ltr'>νῆσον,</span> <span class='ocrx_word' id='word_1_440' title='bbox 499 1593 662 1627; x_wconf 81' lang='grc' dir='ltr'>συνέτρεχον</span> <span class='ocrx_word' id='word_1_441' title='bbox 689 1593 856 1628; x_wconf 76' lang='grc' dir='ltr'>πανταχόθεν</span> 
     </span>
    </p>
   </div>
   <div class='ocr_carea' id='block_1_64' title="bbox 72 1637 856 1674">
    <p class='ocr_par' dir='ltr' id='par_1_64' title="bbox 72 1637 856 1674">
     <span class='ocr_line' id='line_1_64' title="bbox 72 1637 856 1674; baseline 0.001 -10"><span class='ocrx_word' id='word_1_442' title='bbox 72 1639 178 1671; x_wconf 82' lang='grc' dir='ltr'>πολλοὶ,</span> <span class='ocrx_word' id='word_1_443' title='bbox 209 1638 240 1664; x_wconf 84' lang='grc' dir='ltr'>τὸ</span> <span class='ocrx_word' id='word_1_444' title='bbox 266 1637 420 1672; x_wconf 75' lang='grc' dir='ltr'>προστυχὸν</span> <span class='ocrx_word' id='word_1_445' title='bbox 446 1637 563 1668; x_wconf 69' lang='grc' dir='ltr'>ἕκαστος</span> <span class='ocrx_word' id='word_1_446' title='bbox 579 1638 632 1664; x_wconf 75' lang='grc' dir='ltr'><strong>ἀνὰ</strong></span> <span class='ocrx_word' id='word_1_447' title='bbox 645 1638 737 1673; x_wconf 85' lang='grc' dir='ltr'>χεῖρας</span> <span class='ocrx_word' id='word_1_448' title='bbox 750 1639 856 1674; x_wconf 75' lang='grc' dir='ltr'>ἔχοντες</span> 
     </span>
    </p>
   </div>
   <div class='ocr_carea' id='block_1_65' title="bbox 73 1680 856 1718">
    <p class='ocr_par' dir='ltr' id='par_1_65' title="bbox 73 1680 856 1718">
     <span class='ocr_line' id='line_1_65' title="bbox 73 1680 856 1718; baseline 0 -8"><span class='ocrx_word' id='word_1_449' title='bbox 73 1684 162 1712; x_wconf 75' lang='grc' dir='ltr'>ὁπλον.</span> <span class='ocrx_word' id='word_1_450' title='bbox 187 1684 225 1710; x_wconf 81' lang='grc' dir='ltr'><strong><em>Ὅ</em></strong></span> <span class='ocrx_word' id='word_1_451' title='bbox 251 1691 284 1717; x_wconf 84' lang='grc' dir='ltr'><strong>γε</strong></span> <span class='ocrx_word' id='word_1_452' title='bbox 313 1683 366 1718; x_wconf 79' lang='grc' dir='ltr'>μὴν</span> <span class='ocrx_word' id='word_1_453' title='bbox 391 1683 445 1709; x_wconf 85' lang='grc' dir='ltr'>τῶν</span> <span class='ocrx_word' id='word_1_454' title='bbox 466 1680 618 1709; x_wconf 83' lang='grc' dir='ltr'>Βενετικῶν</span> <span class='ocrx_word' id='word_1_455' title='bbox 641 1683 793 1718; x_wconf 72' lang='grc' dir='ltr'>στρατηγὸς</span> <span class='ocrx_word' id='word_1_456' title='bbox 809 1684 856 1710; x_wconf 77' lang='grc' dir='ltr'>καὶ</span> 
     </span>
    </p>
   </div>
   <div class='ocr_carea' id='block_1_66' title="bbox 73 1727 856 1764">
    <p class='ocr_par' dir='ltr' id='par_1_66' title="bbox 73 1727 856 1764">
     <span class='ocr_line' id='line_1_66' title="bbox 73 1727 856 1764; baseline 0.001 -9"><span class='ocrx_word' id='word_1_457' title='bbox 73 1730 207 1764; x_wconf 71' lang='grc' dir='ltr'>ναύαρχος</span> <span class='ocrx_word' id='word_1_458' title='bbox 222 1728 320 1760; x_wconf 74' lang='grc' dir='ltr'>νυκτὸς</span> <span class='ocrx_word' id='word_1_459' title='bbox 347 1728 397 1762; x_wconf 83' lang='grc' dir='ltr'>μὲν</span> <span class='ocrx_word' id='word_1_460' title='bbox 416 1727 528 1762; x_wconf 76' lang='grc' dir='ltr'>ἐνέδρας</span> <span class='ocrx_word' id='word_1_461' title='bbox 544 1727 573 1754; x_wconf 82' lang='grc' dir='ltr'>ὲν</span> <span class='ocrx_word' id='word_1_462' title='bbox 585 1729 645 1760; x_wconf 78' lang='grc' dir='ltr'>ταῖς</span> <span class='ocrx_word' id='word_1_463' title='bbox 661 1728 714 1763; x_wconf 79' lang='grc' dir='ltr'><strong>πρὸ</strong></span> <span class='ocrx_word' id='word_1_464' title='bbox 734 1729 784 1764; x_wconf 82' lang='grc' dir='ltr'>τῆς</span> <span class='ocrx_word' id='word_1_465' title='bbox 805 1730 856 1756; x_wconf 75' lang='grc' dir='ltr'>πό-</span> 
     </span>
    </p>
   </div>
   <div class='ocr_carea' id='block_1_67' title="bbox 72 1772 855 1810">
    <p class='ocr_par' dir='ltr' id='par_1_67' title="bbox 72 1772 855 1810">
     <span class='ocr_line' id='line_1_67' title="bbox 72 1772 855 1810; baseline 0 -10"><span class='ocrx_word' id='word_1_466' title='bbox 72 1774 134 1806; x_wconf 81' lang='grc' dir='ltr'>λεως</span> <span class='ocrx_word' id='word_1_467' title='bbox 150 1774 304 1810; x_wconf 50' lang='grc' dir='ltr'>χαράδραις</span> <span class='ocrx_word' id='word_1_468' title='bbox 324 1773 504 1808; x_wconf 75' lang='grc' dir='ltr'>ὑπέσπειρεν,</span> <span class='ocrx_word' id='word_1_469' title='bbox 529 1772 587 1807; x_wconf 73' lang='grc' dir='ltr'>ἅμα</span> <span class='ocrx_word' id='word_1_470' title='bbox 603 1772 626 1799; x_wconf 80' lang='grc' dir='ltr'>δ’</span> <span class='ocrx_word' id='word_1_471' title='bbox 647 1773 683 1808; x_wconf 81' lang='grc' dir='ltr'>ἐῳ</span> <span class='ocrx_word' id='word_1_472' title='bbox 706 1773 787 1808; x_wconf 78' lang='grc' dir='ltr'>ἐξῆγε</span> <span class='ocrx_word' id='word_1_473' title='bbox 805 1775 855 1809; x_wconf 79' lang='grc' dir='ltr'>τὴν</span> 
     </span>
    </p>
   </div>
   <div class='ocr_carea' id='block_1_68' title="bbox 72 1816 854 1853">
    <p class='ocr_par' dir='ltr' id='par_1_68' title="bbox 72 1816 854 1853">
     <span class='ocr_line' id='line_1_68' title="bbox 72 1816 854 1853; baseline 0 -9"><span class='ocrx_word' id='word_1_474' title='bbox 72 1819 181 1853; x_wconf 75' lang='grc' dir='ltr'>δύναμιν</span> <span class='ocrx_word' id='word_1_475' title='bbox 195 1817 335 1852; x_wconf 74' lang='grc' dir='ltr'>ἐμφανῶς,</span> <span class='ocrx_word' id='word_1_476' title='bbox 345 1817 466 1850; x_wconf 81' lang='grc' dir='ltr'>ὁπλίτας,</span> <span class='ocrx_word' id='word_1_477' title='bbox 479 1816 760 1851; x_wconf 77' lang='grc' dir='ltr'>πελταστὰς,τοξότας</span> <span class='ocrx_word' id='word_1_478' title='bbox 768 1826 797 1844; x_wconf 86' lang='grc' dir='ltr'><strong>τε</strong></span> <span class='ocrx_word' id='word_1_479' title='bbox 807 1817 854 1844; x_wconf 87' lang='grc' dir='ltr'>καὶ</span> 
     </span>
    </p>
   </div>
   <div class='ocr_carea' id='block_1_69' title="bbox 72 1861 854 1899">
    <p class='ocr_par' dir='ltr' id='par_1_69' title="bbox 72 1861 854 1899">
     <span class='ocr_line' id='line_1_69' title="bbox 72 1861 854 1899; baseline 0 -9"><span class='ocrx_word' id='word_1_480' title='bbox 72 1865 264 1899; x_wconf 60' lang='grc' dir='ltr'>λοηοςὸρους,</span> <span class='ocrx_word' id='word_1_481' title='bbox 280 1864 328 1889; x_wconf 77' lang='grc' dir='ltr'>καὶ</span> <span class='ocrx_word' id='word_1_482' title='bbox 351 1863 429 1894; x_wconf 80' lang='grc' dir='ltr'>ὅσους</span> <span class='ocrx_word' id='word_1_483' title='bbox 448 1861 601 1896; x_wconf 68' lang='grc' dir='ltr'>τηνικαῦτα</span> <span class='ocrx_word' id='word_1_484' title='bbox 617 1863 672 1889; x_wconf 86' lang='grc' dir='ltr'>τῶν</span> <span class='ocrx_word' id='word_1_485' title='bbox 696 1863 755 1889; x_wconf 76' lang='grc' dir='ltr'>ἐκεῖ</span> <span class='ocrx_word' id='word_1_486' title='bbox 774 1864 854 1890; x_wconf 87' lang='grc' dir='ltr'>πολι-</span> 
     </span>
    </p>
   </div>
   <div class='ocr_carea' id='block_1_70' title="bbox 71 1898 854 1944">
    <p class='ocr_par' dir='ltr' id='par_1_70' title="bbox 71 1898 854 1944">
     <span class='ocr_line' id='line_1_70' title="bbox 71 1898 854 1944; baseline -0.001 -9"><span class='ocrx_word' id='word_1_487' title='bbox 71 1898 131 1935; x_wconf 16' lang='grc' dir='ltr'><strong>’ἶῶνγ</strong></span> <span class='ocrx_word' id='word_1_488' title='bbox 147 1898 242 1944; x_wconf 69' lang='grc' dir='ltr'>εὑρεῖν</span> <span class='ocrx_word' id='word_1_489' title='bbox 267 1909 368 1938; x_wconf 77' lang='grc' dir='ltr'>ἱππέας</span> <span class='ocrx_word' id='word_1_490' title='bbox 399 1907 562 1942; x_wconf 81' lang='grc' dir='ltr'>εὐπόρησεν,</span> <span class='ocrx_word' id='word_1_491' title='bbox 591 1907 628 1938; x_wconf 84' lang='grc' dir='ltr'>ὡς</span> <span class='ocrx_word' id='word_1_492' title='bbox 655 1907 776 1941; x_wconf 83' lang='grc' dir='ltr'>γίνεσθαι</span> <span class='ocrx_word' id='word_1_493' title='bbox 805 1908 854 1942; x_wconf 67' lang='grc' dir='ltr'>μὲν</span> 
     </span>
    </p>
   </div>
   <div class='ocr_carea' id='block_1_71' title="bbox 72 1953 854 1990">
    <p class='ocr_par' dir='ltr' id='par_1_71' title="bbox 72 1953 854 1990">
     <span class='ocr_line' id='line_1_71' title="bbox 72 1953 854 1990; baseline -0.001 -9"><span class='ocrx_word' id='word_1_494' title='bbox 72 1955 142 1990; x_wconf 80' lang='grc' dir='ltr'><strong>αύτῴ</strong></span> <span class='ocrx_word' id='word_1_495' title='bbox 159 1956 210 1989; x_wconf 82' lang='grc' dir='ltr'>τὴν</span> <span class='ocrx_word' id='word_1_496' title='bbox 237 1954 439 1989; x_wconf 84' lang='grc' dir='ltr'>στρατεύσιμον</span> <span class='ocrx_word' id='word_1_497' title='bbox 457 1953 569 1980; x_wconf 70' lang='grc' dir='ltr'>ἅπασαν</span> <span class='ocrx_word' id='word_1_498' title='bbox 587 1953 697 1988; x_wconf 81' lang='grc' dir='ltr'>ἡλικίαν</span> <span class='ocrx_word' id='word_1_499' title='bbox 714 1953 763 1988; x_wconf 84' lang='grc' dir='ltr'>οὐχ</span> <span class='ocrx_word' id='word_1_500' title='bbox 777 1953 854 1989; x_wconf 73' lang='grc' dir='ltr'>ἥσσω</span> 
     </span>
    </p>
   </div>
   <div class='ocr_carea' id='block_1_72' title="bbox 73 1999 854 2036">
    <p class='ocr_par' dir='ltr' id='par_1_72' title="bbox 73 1999 854 2036">
     <span class='ocr_line' id='line_1_72' title="bbox 73 1999 854 2036; baseline -0.005 -8"><span class='ocrx_word' id='word_1_501' title='bbox 73 2001 302 2036; x_wconf 78' lang='grc' dir='ltr'>πεντακισχιλίων</span> <span class='ocrx_word' id='word_1_502' title='bbox 317 2000 422 2035; x_wconf 81' lang='grc' dir='ltr'>ἀνδρῶν</span> <span class='ocrx_word' id='word_1_503' title='bbox 446 2000 610 2026; x_wconf 77' lang='grc' dir='ltr'>ἐπιλέκτων.</span> <span class='ocrx_word' id='word_1_504' title='bbox 627 1999 854 2034; x_wconf 77' lang='grc' dir='ltr'>Προσγενομένης</span> 
     </span>
    </p>
   </div>
   <div class='ocr_carea' id='block_1_73' title="bbox 71 2043 854 2080">
    <p class='ocr_par' dir='ltr' id='par_1_73' title="bbox 71 2043 854 2080">
     <span class='ocr_line' id='line_1_73' title="bbox 71 2043 854 2080; baseline -0.005 -7"><span class='ocrx_word' id='word_1_505' title='bbox 71 2046 90 2071; x_wconf 77' lang='grc' dir='ltr'>δ’</span> <span class='ocrx_word' id='word_1_506' title='bbox 103 2047 164 2080; x_wconf 76' lang='grc' dir='ltr'>ἄρτι</span> <span class='ocrx_word' id='word_1_507' title='bbox 185 2046 237 2072; x_wconf 74' lang='grc' dir='ltr'>καὶ</span> <span class='ocrx_word' id='word_1_508' title='bbox 260 2045 310 2080; x_wconf 84' lang='grc' dir='ltr'>τῆς</span> <span class='ocrx_word' id='word_1_509' title='bbox 325 2045 474 2080; x_wconf 82' lang='grc' dir='ltr'>Ἀθηναίων</span> <span class='ocrx_word' id='word_1_510' title='bbox 495 2044 544 2070; x_wconf 73' lang='grc' dir='ltr'>καὶ</span> <span class='ocrx_word' id='word_1_511' title='bbox 570 2043 695 2078; x_wconf 75' lang='grc' dir='ltr'>Θηϐαίων</span> <span class='ocrx_word' id='word_1_512' title='bbox 713 2052 854 2079; x_wconf 83' lang='grc' dir='ltr'>συμμαχι-</span> 
     </span>
    </p>
   </div>
   <div class='ocr_carea' id='block_1_74' title="bbox 72 2089 852 2125">
    <p class='ocr_par' dir='ltr' id='par_1_74' title="bbox 72 2089 852 2125">
     <span class='ocr_line' id='line_1_74' title="bbox 72 2089 852 2125; baseline 0 -10"><span class='ocrx_word' id='word_1_513' title='bbox 72 2092 118 2124; x_wconf 76' lang='grc' dir='ltr'>ιιῆς</span> <span class='ocrx_word' id='word_1_514' title='bbox 137 2091 284 2125; x_wconf 85' lang='grc' dir='ltr'>δυνάμεως</span> <span class='ocrx_word' id='word_1_515' title='bbox 309 2089 524 2125; x_wconf 63' lang='grc' dir='ltr'>ὲθάρῤησεντίς</span> <span class='ocrx_word' id='word_1_516' title='bbox 548 2089 642 2122; x_wconf 78' lang='grc' dir='ltr'>χεῖράς</span> <span class='ocrx_word' id='word_1_517' title='bbox 656 2097 685 2115; x_wconf 83' lang='grc' dir='ltr'><strong>τε</strong></span> <span class='ocrx_word' id='word_1_518' title='bbox 701 2089 748 2115; x_wconf 82' lang='grc' dir='ltr'>καὶ</span> <span class='ocrx_word' id='word_1_519' title='bbox 771 2089 852 2124; x_wconf 75' lang='grc' dir='ltr'>ὁμόσε</span> 
     </span>
    </p>
   </div>
   <div class='ocr_carea' id='block_1_75' title="bbox 72 2132 853 2171">
    <p class='ocr_par' dir='ltr' id='par_1_75' title="bbox 72 2132 853 2171">
     <span class='ocr_line' id='line_1_75' title="bbox 72 2132 853 2171; baseline -0.003 -9"><span class='ocrx_word' id='word_1_520' title='bbox 72 2138 123 2167; x_wconf 78' lang='grc' dir='ltr'>τοῖς</span> <span class='ocrx_word' id='word_1_521' title='bbox 145 2135 291 2170; x_wconf 80' lang='grc' dir='ltr'>πολεμίοις</span> <span class='ocrx_word' id='word_1_522' title='bbox 310 2135 378 2161; x_wconf 86' lang='grc' dir='ltr'>ίέναι</span> <span class='ocrx_word' id='word_1_523' title='bbox 396 2135 445 2169; x_wconf 88' lang='grc' dir='ltr'>οὐχ</span> <span class='ocrx_word' id='word_1_524' title='bbox 459 2132 544 2171; x_wconf 84' lang='grc' dir='ltr'>ἦσσον</span> <span class='ocrx_word' id='word_1_525' title='bbox 564 2134 580 2169; x_wconf 86' lang='grc' dir='ltr'>ἢ</span> <span class='ocrx_word' id='word_1_526' title='bbox 602 2134 755 2166; x_wconf 82' lang='grc' dir='ltr'>διπλασίοις</span> <span class='ocrx_word' id='word_1_527' title='bbox 777 2133 853 2160; x_wconf 74' lang='grc' dir='ltr'>οὖσιν</span> 
     </span>
    </p>
   </div>
   <div class='ocr_carea' id='block_1_76' title="bbox 71 2178 852 2216">
    <p class='ocr_par' dir='ltr' id='par_1_76' title="bbox 71 2178 852 2216">
     <span class='ocr_line' id='line_1_76' title="bbox 71 2178 852 2216; baseline -0.004 -9"><span class='ocrx_word' id='word_1_528' title='bbox 71 2181 159 2214; x_wconf 75' lang='grc' dir='ltr'>αὑτοῦ,</span> <span class='ocrx_word' id='word_1_529' title='bbox 179 2181 284 2216; x_wconf 82' lang='grc' dir='ltr'>βέλτιον</span> <span class='ocrx_word' id='word_1_530' title='bbox 300 2180 421 2214; x_wconf 86' lang='grc' dir='ltr'>οίόμενος</span> <span class='ocrx_word' id='word_1_531' title='bbox 439 2181 464 2206; x_wconf 84' lang='grc' dir='ltr'><strong>εί</strong></span> <span class='ocrx_word' id='word_1_532' title='bbox 480 2179 591 2206; x_wconf 82' lang='grc' dir='ltr'>δυνατὸν</span> <span class='ocrx_word' id='word_1_533' title='bbox 606 2179 761 2214; x_wconf 73' lang='grc' dir='ltr'>αὐθημερὸν</span> <span class='ocrx_word' id='word_1_534' title='bbox 778 2178 852 2214; x_wconf 82' lang='grc' dir='ltr'><strong>αύτῷ</strong></span> 
     </span>
    </p>
   </div>
   <div class='ocr_carea' id='block_1_77' title="bbox 910 1589 1694 1624">
    <p class='ocr_par' dir='ltr' id='par_1_77' title="bbox 910 1589 1694 1624">
     <span class='ocr_line' id='line_1_77' title="bbox 910 1589 1694 1624; baseline -0.003 -6"><span class='ocrx_word' id='word_1_535' title='bbox 910 1589 1008 1618; x_wconf 87' lang='lat' dir='ltr'><strong>idonea</strong></span> <span class='ocrx_word' id='word_1_536' title='bbox 1026 1597 1081 1617; x_wconf 92' lang='lat' dir='ltr'><strong>non</strong></span> <span class='ocrx_word' id='word_1_537' title='bbox 1099 1589 1191 1617; x_wconf 90' lang='lat' dir='ltr'><strong>minus</strong></span> <span class='ocrx_word' id='word_1_538' title='bbox 1204 1589 1326 1624; x_wconf 84' lang='lat' dir='ltr'><strong>quinque</strong></span> <span class='ocrx_word' id='word_1_539' title='bbox 1340 1589 1424 1616; x_wconf 88' lang='lat' dir='ltr'><strong>millia</strong></span> <span class='ocrx_word' id='word_1_540' title='bbox 1440 1590 1560 1617; x_wconf 89' lang='lat' dir='ltr'><strong>virorum</strong></span> <span class='ocrx_word' id='word_1_541' title='bbox 1574 1589 1694 1616; x_wconf 82' lang='lat' dir='ltr'><strong>delecto-</strong></span> 
     </span>
    </p>
   </div>
   <div class='ocr_carea' id='block_1_78' title="bbox 911 1634 1692 1662">
    <p class='ocr_par' dir='ltr' id='par_1_78' title="bbox 911 1634 1692 1662">
     <span class='ocr_line' id='line_1_78' title="bbox 911 1634 1692 1662; baseline -0.001 0"><span class='ocrx_word' id='word_1_542' title='bbox 911 1643 971 1662; x_wconf 91' lang='lat' dir='ltr'><strong>rum</strong></span> <span class='ocrx_word' id='word_1_543' title='bbox 983 1635 1114 1662; x_wconf 86' lang='lat' dir='ltr'><strong>elliceret.</strong></span> <span class='ocrx_word' id='word_1_544' title='bbox 1139 1635 1255 1662; x_wconf 82' lang='lat' dir='ltr'><strong>Auxiliis</strong></span> <span class='ocrx_word' id='word_1_545' title='bbox 1268 1643 1334 1662; x_wconf 85' lang='lat' dir='ltr'><strong>vero</strong></span> <span class='ocrx_word' id='word_1_546' title='bbox 1349 1634 1559 1662; x_wconf 81' lang='lat' dir='ltr'><strong>Atheniensium</strong></span> <span class='ocrx_word' id='word_1_547' title='bbox 1576 1640 1604 1662; x_wconf 86' lang='lat' dir='ltr'><strong>et</strong></span> <span class='ocrx_word' id='word_1_548' title='bbox 1619 1635 1692 1662; x_wconf 85' lang='lat' dir='ltr'><strong>The-</strong></span> 
     </span>
    </p>
   </div>
   <div class='ocr_carea' id='block_1_79' title="bbox 911 1680 1693 1715">
    <p class='ocr_par' dir='ltr' id='par_1_79' title="bbox 911 1680 1693 1715">
     <span class='ocr_line' id='line_1_79' title="bbox 911 1680 1693 1715; baseline -0.001 -8"><span class='ocrx_word' id='word_1_549' title='bbox 911 1681 1044 1707; x_wconf 85' lang='lat' dir='ltr'><strong>banorum</strong></span> <span class='ocrx_word' id='word_1_550' title='bbox 1081 1681 1162 1707; x_wconf 88' lang='lat' dir='ltr'><strong>modo</strong></span> <span class='ocrx_word' id='word_1_551' title='bbox 1191 1680 1342 1715; x_wconf 88' lang='lat' dir='ltr'><strong>adjunctis,</strong></span> <span class='ocrx_word' id='word_1_552' title='bbox 1371 1680 1492 1707; x_wconf 87' lang='lat' dir='ltr'><strong>audebat</strong></span> <span class='ocrx_word' id='word_1_553' title='bbox 1513 1680 1568 1715; x_wconf 83' lang='lat' dir='ltr'><strong>jam</strong></span> <span class='ocrx_word' id='word_1_554' title='bbox 1595 1687 1693 1707; x_wconf 81' lang='lat' dir='ltr'><strong>manus</strong></span> 
     </span>
    </p>
   </div>
   <div class='ocr_carea' id='block_1_80' title="bbox 909 1725 1693 1761">
    <p class='ocr_par' dir='ltr' id='par_1_80' title="bbox 909 1725 1693 1761">
     <span class='ocr_line' id='line_1_80' title="bbox 909 1725 1693 1761; baseline 0 -7"><span class='ocrx_word' id='word_1_555' title='bbox 909 1734 1055 1754; x_wconf 88' lang='lat' dir='ltr'><strong>conserere</strong></span> <span class='ocrx_word' id='word_1_556' title='bbox 1071 1731 1099 1754; x_wconf 88' lang='lat' dir='ltr'><strong>et</strong></span> <span class='ocrx_word' id='word_1_557' title='bbox 1118 1725 1275 1761; x_wconf 81' lang='lat' dir='ltr'><strong>conﬂigere,</strong></span> <span class='ocrx_word' id='word_1_558' title='bbox 1303 1734 1458 1761; x_wconf 85' lang='lat' dir='ltr'><strong>quanquam</strong></span> <span class='ocrx_word' id='word_1_559' title='bbox 1483 1734 1614 1754; x_wconf 86' lang='lat' dir='ltr'><strong>numerus</strong></span> <span class='ocrx_word' id='word_1_560' title='bbox 1642 1727 1693 1754; x_wconf 78' lang='lat' dir='ltr'><strong>ho-</strong></span> 
     </span>
    </p>
   </div>
   <div class='ocr_carea' id='block_1_81' title="bbox 910 1772 1691 1808">
    <p class='ocr_par' dir='ltr' id='par_1_81' title="bbox 910 1772 1691 1808">
     <span class='ocr_line' id='line_1_81' title="bbox 910 1772 1691 1808; baseline 0.001 -9"><span class='ocrx_word' id='word_1_561' title='bbox 910 1772 992 1799; x_wconf 87' lang='lat' dir='ltr'><strong>stium</strong></span> <span class='ocrx_word' id='word_1_562' title='bbox 1008 1772 1096 1801; x_wconf 86' lang='lat' dir='ltr'><strong>altero</strong></span> <span class='ocrx_word' id='word_1_563' title='bbox 1122 1777 1197 1800; x_wconf 87' lang='lat' dir='ltr'><strong>tanto</strong></span> <span class='ocrx_word' id='word_1_564' title='bbox 1220 1773 1307 1808; x_wconf 85' lang='lat' dir='ltr'><strong>major</strong></span> <span class='ocrx_word' id='word_1_565' title='bbox 1333 1777 1401 1800; x_wconf 88' lang='lat' dir='ltr'><strong>erat.</strong></span> <span class='ocrx_word' id='word_1_566' title='bbox 1431 1772 1523 1800; x_wconf 87' lang='lat' dir='ltr'><strong>Satius</strong></span> <span class='ocrx_word' id='word_1_567' title='bbox 1539 1772 1592 1808; x_wconf 82' lang='lat'><strong>50</strong></span> <span class='ocrx_word' id='word_1_568' title='bbox 1617 1773 1691 1800; x_wconf 71' lang='lat' dir='ltr'><strong>cutim</strong></span> 
     </span>
    </p>
   </div>
   <div class='ocr_carea' id='block_1_82' title="bbox 909 1817 1690 1853">
    <p class='ocr_par' dir='ltr' id='par_1_82' title="bbox 909 1817 1690 1853">
     <span class='ocr_line' id='line_1_82' title="bbox 909 1817 1690 1853; baseline 0.001 -8"><span class='ocrx_word' id='word_1_569' title='bbox 909 1825 969 1845; x_wconf 84' lang='lat' dir='ltr'><strong>esse</strong></span> <span class='ocrx_word' id='word_1_570' title='bbox 986 1818 1074 1851; x_wconf 77' lang='lat' dir='ltr'><strong>duxit,</strong></span> <span class='ocrx_word' id='word_1_571' title='bbox 1089 1826 1122 1846; x_wconf 88' lang='lat' dir='ltr'><strong>eo</strong></span> <span class='ocrx_word' id='word_1_572' title='bbox 1137 1817 1192 1851; x_wconf 88' lang='lat' dir='ltr'><strong>die,</strong></span> <span class='ocrx_word' id='word_1_573' title='bbox 1210 1819 1232 1846; x_wconf 90' lang='lat' dir='ltr'><strong>si</strong></span> <span class='ocrx_word' id='word_1_574' title='bbox 1257 1818 1315 1845; x_wconf 81' lang='lat' dir='ltr'><strong>ﬁeri</strong></span> <span class='ocrx_word' id='word_1_575' title='bbox 1334 1823 1437 1853; x_wconf 85' lang='lat' dir='ltr'><strong>posset,</strong></span> <span class='ocrx_word' id='word_1_576' title='bbox 1464 1819 1491 1846; x_wconf 94' lang='lat' dir='ltr'><strong>in</strong></span> <span class='ocrx_word' id='word_1_577' title='bbox 1507 1820 1629 1846; x_wconf 91' lang='lat' dir='ltr'><strong>omnium</strong></span> <span class='ocrx_word' id='word_1_578' title='bbox 1647 1827 1690 1846; x_wconf 86' lang='lat' dir='ltr'><strong>re-</strong></span> 
     </span>
    </p>
   </div>
   <div class='ocr_carea' id='block_1_83' title="bbox 910 1863 1693 1899">
    <p class='ocr_par' dir='ltr' id='par_1_83' title="bbox 910 1863 1693 1899">
     <span class='ocr_line' id='line_1_83' title="bbox 910 1863 1693 1899; baseline 0.003 -9"><span class='ocrx_word' id='word_1_579' title='bbox 910 1871 970 1890; x_wconf 92' lang='lat' dir='ltr'><strong>rum</strong></span> <span class='ocrx_word' id='word_1_580' title='bbox 990 1863 1138 1892; x_wconf 86' lang='lat' dir='ltr'><strong>discrimen</strong></span> <span class='ocrx_word' id='word_1_581' title='bbox 1151 1864 1284 1899; x_wconf 78' lang='lat' dir='ltr'><strong>pugnari,</strong></span> <span class='ocrx_word' id='word_1_582' title='bbox 1305 1871 1387 1898; x_wconf 90' lang='lat' dir='ltr'><strong>quam</strong></span> <span class='ocrx_word' id='word_1_583' title='bbox 1413 1864 1440 1891; x_wconf 93' lang='lat' dir='ltr'><strong>in</strong></span> <span class='ocrx_word' id='word_1_584' title='bbox 1458 1864 1568 1899; x_wconf 74' lang='lat' dir='ltr'><strong>l0ngum</strong></span> <span class='ocrx_word' id='word_1_585' title='bbox 1584 1868 1693 1898; x_wconf 82' lang='lat' dir='ltr'><strong>tempus</strong></span> 
     </span>
    </p>
   </div>
   <div class='ocr_carea' id='block_1_84' title="bbox 908 1909 1693 1944">
    <p class='ocr_par' dir='ltr' id='par_1_84' title="bbox 908 1909 1693 1944">
     <span class='ocr_line' id='line_1_84' title="bbox 908 1909 1693 1944; baseline -0.001 -7"><span class='ocrx_word' id='word_1_586' title='bbox 908 1914 1048 1937; x_wconf 85' lang='lat' dir='ltr'><strong>certamen</strong></span> <span class='ocrx_word' id='word_1_587' title='bbox 1071 1909 1205 1944; x_wconf 86' lang='lat' dir='ltr'><strong>protrahi,</strong></span> <span class='ocrx_word' id='word_1_588' title='bbox 1221 1909 1347 1937; x_wconf 84' lang='lat' dir='ltr'><strong>hostibus</strong></span> <span class='ocrx_word' id='word_1_589' title='bbox 1365 1910 1409 1937; x_wconf 88' lang='lat' dir='ltr'><strong>die</strong></span> <span class='ocrx_word' id='word_1_590' title='bbox 1433 1914 1566 1944; x_wconf 90' lang='lat' dir='ltr'><strong>nocteque</strong></span> <span class='ocrx_word' id='word_1_591' title='bbox 1587 1914 1693 1937; x_wconf 83' lang='lat' dir='ltr'><strong>vastan-</strong></span> 
     </span>
    </p>
   </div>
   <div class='ocr_carea' id='block_1_85' title="bbox 909 1955 1694 1990">
    <p class='ocr_par' dir='ltr' id='par_1_85' title="bbox 909 1955 1694 1990">
     <span class='ocr_line' id='line_1_85' title="bbox 909 1955 1694 1990; baseline 0.003 -8"><span class='ocrx_word' id='word_1_592' title='bbox 909 1955 982 1983; x_wconf 81' lang='lat' dir='ltr'><strong>tibus</strong></span> <span class='ocrx_word' id='word_1_593' title='bbox 996 1963 1085 1990; x_wconf 72' lang='lat' dir='ltr'><strong>agros.</strong></span> <span class='ocrx_word' id='word_1_594' title='bbox 1109 1957 1197 1989; x_wconf 80' lang='lat' dir='ltr'><strong>Quare</strong></span> <span class='ocrx_word' id='word_1_595' title='bbox 1211 1956 1346 1983; x_wconf 86' lang='lat' dir='ltr'><strong>instructo</strong></span> <span class='ocrx_word' id='word_1_596' title='bbox 1358 1957 1480 1984; x_wconf 76' lang='lat' dir='ltr'><strong>exercitu</strong></span> <span class='ocrx_word' id='word_1_597' title='bbox 1493 1955 1694 1990; x_wconf 78' lang='lat' dir='ltr'><strong>ordinibusque</strong></span> 
     </span>
    </p>
   </div>
   <div class='ocr_carea' id='block_1_86' title="bbox 908 2001 1692 2034">
    <p class='ocr_par' dir='ltr' id='par_1_86' title="bbox 908 2001 1692 2034">
     <span class='ocr_line' id='line_1_86' title="bbox 908 2001 1692 2034; baseline 0 -5"><span class='ocrx_word' id='word_1_598' title='bbox 908 2002 1064 2030; x_wconf 88' lang='lat' dir='ltr'><strong>distributis</strong></span> <span class='ocrx_word' id='word_1_599' title='bbox 1079 2021 1087 2034; x_wconf 83' lang='lat'><strong>,</strong></span> <span class='ocrx_word' id='word_1_600' title='bbox 1108 2002 1324 2029; x_wconf 85' lang='lat' dir='ltr'><strong>Atheniensibus</strong></span> <span class='ocrx_word' id='word_1_601' title='bbox 1352 2007 1380 2030; x_wconf 90' lang='lat' dir='ltr'><strong>et</strong></span> <span class='ocrx_word' id='word_1_602' title='bbox 1408 2001 1547 2029; x_wconf 79' lang='lat' dir='ltr'><strong>Thebanis</strong></span> <span class='ocrx_word' id='word_1_603' title='bbox 1570 2001 1598 2029; x_wconf 88' lang='lat' dir='ltr'><strong>in</strong></span> <span class='ocrx_word' id='word_1_604' title='bbox 1623 2002 1692 2029; x_wconf 72' lang='lat' dir='ltr'><strong>laevo</strong></span> 
     </span>
    </p>
   </div>
   <div class='ocr_carea' id='block_1_87' title="bbox 907 2047 1690 2082">
    <p class='ocr_par' dir='ltr' id='par_1_87' title="bbox 907 2047 1690 2082">
     <span class='ocr_line' id='line_1_87' title="bbox 907 2047 1690 2082; baseline 0.003 -9"><span class='ocrx_word' id='word_1_605' title='bbox 907 2054 993 2074; x_wconf 90' lang='lat' dir='ltr'><strong>cornu</strong></span> <span class='ocrx_word' id='word_1_606' title='bbox 1018 2047 1169 2080; x_wconf 82' lang='lat' dir='ltr'><strong>collocatis,</strong></span> <span class='ocrx_word' id='word_1_607' title='bbox 1184 2047 1241 2081; x_wconf 85' lang='lat' dir='ltr'><strong>ipse</strong></span> <span class='ocrx_word' id='word_1_608' title='bbox 1259 2047 1356 2074; x_wconf 80' lang='lat' dir='ltr'><strong>dextro</strong></span> <span class='ocrx_word' id='word_1_609' title='bbox 1377 2055 1462 2075; x_wconf 81' lang='lat' dir='ltr'><strong>cornu</strong></span> <span class='ocrx_word' id='word_1_610' title='bbox 1491 2047 1630 2082; x_wconf 82' lang='lat' dir='ltr'><strong>imperans</strong></span> <span class='ocrx_word' id='word_1_611' title='bbox 1656 2048 1690 2075; x_wconf 83' lang='lat' dir='ltr'><strong>ad</strong></span> 
     </span>
    </p>
   </div>
   <div class='ocr_carea' id='block_1_88' title="bbox 907 2091 1692 2128">
    <p class='ocr_par' dir='ltr' id='par_1_88' title="bbox 907 2091 1692 2128">
     <span class='ocr_line' id='line_1_88' title="bbox 907 2091 1692 2128; baseline 0.003 -9"><span class='ocrx_word' id='word_1_612' title='bbox 907 2091 1000 2120; x_wconf 83' lang='lat' dir='ltr'><strong>hostes</strong></span> <span class='ocrx_word' id='word_1_613' title='bbox 1011 2092 1201 2126; x_wconf 79' lang='lat' dir='ltr'><strong>duxiteosque</strong></span> <span class='ocrx_word' id='word_1_614' title='bbox 1221 2092 1255 2120; x_wconf 89' lang='lat' dir='ltr'><strong>ad</strong></span> <span class='ocrx_word' id='word_1_615' title='bbox 1272 2097 1410 2120; x_wconf 89' lang='lat' dir='ltr'><strong>certamen</strong></span> <span class='ocrx_word' id='word_1_616' title='bbox 1436 2093 1521 2128; x_wconf 75' lang='lat' dir='ltr'><strong>praelii</strong></span> <span class='ocrx_word' id='word_1_617' title='bbox 1544 2101 1692 2121; x_wconf 84' lang='lat' dir='ltr'><strong>conseren-</strong></span> 
     </span>
    </p>
   </div>
   <div class='ocr_carea' id='block_1_89' title="bbox 907 2137 1691 2174">
    <p class='ocr_par' dir='ltr' id='par_1_89' title="bbox 907 2137 1691 2174">
     <span class='ocr_line' id='line_1_89' title="bbox 907 2137 1691 2174; baseline 0.004 -10"><span class='ocrx_word' id='word_1_618' title='bbox 907 2137 972 2164; x_wconf 92' lang='lat' dir='ltr'><strong>dum</strong></span> <span class='ocrx_word' id='word_1_619' title='bbox 988 2141 1129 2172; x_wconf 88' lang='lat' dir='ltr'><strong>provocat.</strong></span> <span class='ocrx_word' id='word_1_620' title='bbox 1148 2137 1181 2165; x_wconf 91' lang='lat' dir='ltr'><strong>Hi</strong></span> <span class='ocrx_word' id='word_1_621' title='bbox 1197 2138 1286 2165; x_wconf 89' lang='lat' dir='ltr'><strong>statim</strong></span> <span class='ocrx_word' id='word_1_622' title='bbox 1299 2139 1381 2166; x_wconf 88' lang='lat' dir='ltr'><strong>armis</strong></span> <span class='ocrx_word' id='word_1_623' title='bbox 1395 2140 1510 2174; x_wconf 86' lang='lat' dir='ltr'><strong>sumptis</strong></span> <span class='ocrx_word' id='word_1_624' title='bbox 1521 2139 1691 2174; x_wconf 84' lang='lat' dir='ltr'><strong>navibusque</strong></span> 
     </span>
    </p>
   </div>
   <div class='ocr_carea' id='block_1_90' title="bbox 908 2182 1691 2219">
    <p class='ocr_par' dir='ltr' id='par_1_90' title="bbox 908 2182 1691 2219">
     <span class='ocr_line' id='line_1_90' title="bbox 908 2182 1691 2219; baseline 0.003 -9"><span class='ocrx_word' id='word_1_625' title='bbox 908 2182 965 2210; x_wconf 88' lang='lat' dir='ltr'><strong>fere</strong></span> <span class='ocrx_word' id='word_1_626' title='bbox 986 2183 1080 2212; x_wconf 89' lang='lat' dir='ltr'><strong>vacuis</strong></span> <span class='ocrx_word' id='word_1_627' title='bbox 1097 2183 1202 2212; x_wconf 85' lang='lat' dir='ltr'><strong>relictis</strong></span> <span class='ocrx_word' id='word_1_628' title='bbox 1227 2184 1308 2212; x_wconf 90' lang='lat' dir='ltr'><strong>initio</strong></span> <span class='ocrx_word' id='word_1_629' title='bbox 1336 2185 1448 2219; x_wconf 86' lang='lat' dir='ltr'><strong>quidem</strong></span> <span class='ocrx_word' id='word_1_630' title='bbox 1473 2184 1581 2212; x_wconf 85' lang='lat' dir='ltr'><strong>fortiter</strong></span> <span class='ocrx_word' id='word_1_631' title='bbox 1605 2185 1691 2212; x_wconf 85' lang='lat' dir='ltr'><strong>insta-</strong></span> 
     </span>
    </p>
   </div>
   <div class='ocr_carea' id='block_1_91' title="bbox 70 2224 856 2264">
    <p class='ocr_par' dir='ltr' id='par_1_91' title="bbox 70 2224 853 2261">
     <span class='ocr_line' id='line_1_91' title="bbox 70 2224 853 2261; baseline -0.003 -9"><span class='ocrx_word' id='word_1_632' title='bbox 70 2227 113 2252; x_wconf 82' lang='grc' dir='ltr'>τοῦ</span> <span class='ocrx_word' id='word_1_633' title='bbox 129 2226 234 2258; x_wconf 62' lang='grc' dir='ltr'>παντὸς</span> <span class='ocrx_word' id='word_1_634' title='bbox 249 2226 369 2260; x_wconf 83' lang='grc' dir='ltr'>πολέμου</span> <span class='ocrx_word' id='word_1_635' title='bbox 388 2226 418 2251; x_wconf 82' lang='grc' dir='ltr'>τὸ</span> <span class='ocrx_word' id='word_1_636' title='bbox 431 2226 509 2256; x_wconf 84' lang='grc' dir='ltr'>τέλος</span> <span class='ocrx_word' id='word_1_637' title='bbox 523 2224 718 2261; x_wconf 80' lang='grc' dir='ltr'>κριθήσεσθαι,</span> <span class='ocrx_word' id='word_1_638' title='bbox 733 2225 750 2259; x_wconf 78' lang='grc' dir='ltr'>ἢ</span> <span class='ocrx_word' id='word_1_639' title='bbox 769 2224 853 2251; x_wconf 82' lang='grc' dir='ltr'>πολύν</span> 
     </span>
    </p>
   </div>
   <div class='ocr_carea' id='block_1_92' title="bbox 909 2224 1693 2264">
    <p class='ocr_par' dir='ltr' id='par_1_92' title="bbox 909 2224 1693 2264">
     <span class='ocr_line' id='line_1_92' title="bbox 909 2224 1693 2264; baseline 0.005 -9"><span class='ocrx_word' id='word_1_640' title='bbox 909 2229 988 2261; x_wconf 85' lang='lat' dir='ltr'><strong>bant;</strong></span> <span class='ocrx_word' id='word_1_641' title='bbox 1010 2229 1108 2258; x_wconf 88' lang='lat' dir='ltr'><strong>deinde</strong></span> <span class='ocrx_word' id='word_1_642' title='bbox 1125 2237 1190 2257; x_wconf 89' lang='lat' dir='ltr'><strong>vero</strong></span> <span class='ocrx_word' id='word_1_643' title='bbox 1205 2230 1329 2264; x_wconf 87' lang='lat' dir='ltr'><strong>equitum</strong></span> <span class='ocrx_word' id='word_1_644' title='bbox 1346 2231 1443 2258; x_wconf 88' lang='lat' dir='ltr'><strong>turmis</strong></span> <span class='ocrx_word' id='word_1_645' title='bbox 1456 2231 1585 2258; x_wconf 80' lang='lat' dir='ltr'><strong>ala=-ritcr</strong></span> <span class='ocrx_word' id='word_1_646' title='bbox 1599 2224 1627 2258; x_wconf 85' lang='lat' dir='ltr'><strong>in</strong></span> <span class='ocrx_word' id='word_1_647' title='bbox 1644 2239 1693 2259; x_wconf 83' lang='lat' dir='ltr'><strong>eos</strong></span> 
     </span>
    </p>
   </div>
   <div class='ocr_carea' id='block_1_93' title="bbox 71 2270 855 2307">
    <p class='ocr_par' dir='ltr' id='par_1_93' title="bbox 71 2270 855 2307">
     <span class='ocr_line' id='line_1_93' title="bbox 71 2270 855 2307; baseline -0.003 -9"><span class='ocrx_word' id='word_1_648' title='bbox 71 2281 126 2298; x_wconf 75' lang='grc' dir='ltr'>τινα</span> <span class='ocrx_word' id='word_1_649' title='bbox 140 2271 286 2307; x_wconf 74' lang='grc' dir='ltr'>τρίὸεσθαι</span> <span class='ocrx_word' id='word_1_650' title='bbox 313 2271 409 2306; x_wconf 79' lang='grc' dir='ltr'>χρόνον</span> <span class='ocrx_word' id='word_1_651' title='bbox 424 2272 457 2306; x_wconf 80' lang='grc' dir='ltr'>τῇ</span> <span class='ocrx_word' id='word_1_652' title='bbox 475 2272 560 2307; x_wconf 79' lang='grc' dir='ltr'>μάχῃ,</span> <span class='ocrx_word' id='word_1_653' title='bbox 575 2271 629 2296; x_wconf 85' lang='grc' dir='ltr'>τῶν</span> <span class='ocrx_word' id='word_1_654' title='bbox 651 2270 791 2304; x_wconf 80' lang='grc' dir='ltr'>πολεμίων</span> <span class='ocrx_word' id='word_1_655' title='bbox 811 2270 855 2305; x_wconf 83' lang='grc' dir='ltr'><strong>δῃ-</strong></span> 
     </span>
    </p>
   </div>
   <div class='ocr_carea' id='block_1_94' title="bbox 71 2315 855 2351">
    <p class='ocr_par' dir='ltr' id='par_1_94' title="bbox 71 2315 855 2351">
     <span class='ocr_line' id='line_1_94' title="bbox 71 2315 855 2351; baseline 0 -9"><span class='ocrx_word' id='word_1_656' title='bbox 71 2317 168 2344; x_wconf 78' lang='grc' dir='ltr'>ούντων</span> <span class='ocrx_word' id='word_1_657' title='bbox 186 2318 286 2348; x_wconf 71' lang='grc' dir='ltr'>νυκτδς</span> <span class='ocrx_word' id='word_1_658' title='bbox 298 2324 346 2342; x_wconf 89' lang='grc' dir='ltr'><strong>και</strong></span> <span class='ocrx_word' id='word_1_659' title='bbox 361 2316 468 2351; x_wconf 72' lang='grc' dir='ltr'>ἡμέρας</span> <span class='ocrx_word' id='word_1_660' title='bbox 490 2317 539 2349; x_wconf 87' lang='grc' dir='ltr'>τὴν</span> <span class='ocrx_word' id='word_1_661' title='bbox 556 2315 658 2350; x_wconf 86' lang='grc' dir='ltr'>χώραν.</span> <span class='ocrx_word' id='word_1_662' title='bbox 678 2315 761 2342; x_wconf 82' lang='grc' dir='ltr'>ὀοεν</span> <span class='ocrx_word' id='word_1_663' title='bbox 775 2316 855 2342; x_wconf 78' lang='grc' dir='ltr'>ἑκτά-</span> 
     </span>
    </p>
   </div>
   <div class='ocr_carea' id='block_1_95' title="bbox 72 2359 853 2396">
    <p class='ocr_par' dir='ltr' id='par_1_95' title="bbox 72 2359 853 2396">
     <span class='ocr_line' id='line_1_95' title="bbox 72 2359 853 2396; baseline -0.005 -7"><span class='ocrx_word' id='word_1_664' title='bbox 72 2361 114 2393; x_wconf 77' lang='grc' dir='ltr'><strong>ξις</strong></span> <span class='ocrx_word' id='word_1_665' title='bbox 130 2363 175 2388; x_wconf 78' lang='grc' dir='ltr'>τὸν</span> <span class='ocrx_word' id='word_1_666' title='bbox 189 2361 306 2396; x_wconf 79' lang='grc' dir='ltr'>στρατὸν</span> <span class='ocrx_word' id='word_1_667' title='bbox 319 2361 366 2386; x_wconf 79' lang='grc' dir='ltr'>καὶ</span> <span class='ocrx_word' id='word_1_668' title='bbox 383 2361 497 2395; x_wconf 83' lang='grc' dir='ltr'>μερίσας</span> <span class='ocrx_word' id='word_1_669' title='bbox 511 2361 550 2392; x_wconf 81' lang='grc' dir='ltr'>εἰς</span> <span class='ocrx_word' id='word_1_670' title='bbox 566 2361 721 2395; x_wconf 75' lang='grc' dir='ltr'>φάλαγγας,</span> <span class='ocrx_word' id='word_1_671' title='bbox 738 2359 785 2386; x_wconf 77' lang='grc' dir='ltr'>καὶ</span> <span class='ocrx_word' id='word_1_672' title='bbox 798 2361 853 2391; x_wconf 80' lang='grc' dir='ltr'>τοῖς</span> 
     </span>
    </p>
   </div>
   <div class='ocr_carea' id='block_1_96' title="bbox 73 2404 853 2441">
    <p class='ocr_par' dir='ltr' id='par_1_96' title="bbox 73 2404 853 2441">
     <span class='ocr_line' id='line_1_96' title="bbox 73 2404 853 2441; baseline -0.003 -8"><span class='ocrx_word' id='word_1_673' title='bbox 73 2407 118 2441; x_wconf 78' lang='grc' dir='ltr'>μὲν</span> <span class='ocrx_word' id='word_1_674' title='bbox 134 2407 290 2441; x_wconf 79' lang='grc' dir='ltr'>Ἀθηναίοις</span> <span class='ocrx_word' id='word_1_675' title='bbox 315 2405 364 2433; x_wconf 82' lang='grc' dir='ltr'>καὶ</span> <span class='ocrx_word' id='word_1_676' title='bbox 384 2405 513 2441; x_wconf 74' lang='grc' dir='ltr'>Θηϐαίοις</span> <span class='ocrx_word' id='word_1_677' title='bbox 529 2406 560 2432; x_wconf 82' lang='grc' dir='ltr'>τὸ</span> <span class='ocrx_word' id='word_1_678' title='bbox 575 2405 651 2432; x_wconf 73' lang='grc' dir='ltr'>λαιὸν</span> <span class='ocrx_word' id='word_1_679' title='bbox 672 2405 757 2440; x_wconf 83' lang='grc' dir='ltr'>κέρας</span> <span class='ocrx_word' id='word_1_680' title='bbox 779 2404 853 2438; x_wconf 75' lang='grc' dir='ltr'>δοὺς,</span> 
     </span>
    </p>
   </div>
   <div class='ocr_carea' id='block_1_97' title="bbox 72 2449 854 2487">
    <p class='ocr_par' dir='ltr' id='par_1_97' title="bbox 72 2449 854 2487">
     <span class='ocr_line' id='line_1_97' title="bbox 72 2449 854 2487; baseline 0 -8"><span class='ocrx_word' id='word_1_681' title='bbox 72 2454 148 2484; x_wconf 79' lang='grc' dir='ltr'>αὐτὸς</span> <span class='ocrx_word' id='word_1_682' title='bbox 162 2453 186 2478; x_wconf 87' lang='grc' dir='ltr'>δ’</span> <span class='ocrx_word' id='word_1_683' title='bbox 201 2452 272 2486; x_wconf 78' lang='grc' dir='ltr'>ἔχων</span> <span class='ocrx_word' id='word_1_684' title='bbox 291 2451 322 2478; x_wconf 80' lang='grc' dir='ltr'>τὸ</span> <span class='ocrx_word' id='word_1_685' title='bbox 342 2451 440 2484; x_wconf 69' lang='grc' dir='ltr'>δεξιὸν,</span> <span class='ocrx_word' id='word_1_686' title='bbox 458 2449 526 2486; x_wconf 79' lang='grc' dir='ltr'>ἦγεν</span> <span class='ocrx_word' id='word_1_687' title='bbox 541 2452 588 2478; x_wconf 70' lang='grc' dir='ltr'><strong>ἐπὶ</strong></span> <span class='ocrx_word' id='word_1_688' title='bbox 603 2451 635 2478; x_wconf 79' lang='grc' dir='ltr'>τὸ</span> <span class='ocrx_word' id='word_1_689' title='bbox 647 2451 701 2478; x_wconf 82' lang='grc' dir='ltr'><strong>τῶν</strong></span> <span class='ocrx_word' id='word_1_690' title='bbox 717 2451 854 2487; x_wconf 87' lang='grc' dir='ltr'>πολεμίων</span> 
     </span>
    </p>
   </div>
   <div class='ocr_carea' id='block_1_98' title="bbox 73 2497 852 2534">
    <p class='ocr_par' dir='ltr' id='par_1_98' title="bbox 73 2497 852 2534">
     <span class='ocr_line' id='line_1_98' title="bbox 73 2497 852 2534; baseline 0.001 -11"><span class='ocrx_word' id='word_1_691' title='bbox 73 2498 274 2534; x_wconf 79' lang='grc' dir='ltr'>στρατόπεδον,</span> <span class='ocrx_word' id='word_1_692' title='bbox 316 2497 384 2532; x_wconf 77' lang='grc' dir='ltr'>πρὸς</span> <span class='ocrx_word' id='word_1_693' title='bbox 427 2497 589 2533; x_wconf 77' lang='grc' dir='ltr'>συμπλοκὴν</span> <span class='ocrx_word' id='word_1_694' title='bbox 629 2498 852 2533; x_wconf 85' lang='grc' dir='ltr'>προκαλούμενος</span> 
     </span>
    </p>
   </div>
   <div class='ocr_carea' id='block_1_99' title="bbox 75 2543 853 2579">
    <p class='ocr_par' dir='ltr' id='par_1_99' title="bbox 75 2543 853 2579">
     <span class='ocr_line' id='line_1_99' title="bbox 75 2543 853 2579; baseline 0.003 -9"><span class='ocrx_word' id='word_1_695' title='bbox 75 2547 149 2579; x_wconf 74' lang='grc' dir='ltr'>σφᾶς.</span> <span class='ocrx_word' id='word_1_696' title='bbox 167 2544 410 2579; x_wconf 78' lang='grc' dir='ltr'>’Δναπηδήσαντες</span> <span class='ocrx_word' id='word_1_697' title='bbox 439 2543 485 2570; x_wconf 75' lang='grc' dir='ltr'>οὖν</span> <span class='ocrx_word' id='word_1_698' title='bbox 508 2544 589 2575; x_wconf 79' lang='grc' dir='ltr'>εὐθὺς</span> <span class='ocrx_word' id='word_1_699' title='bbox 604 2544 650 2570; x_wconf 74' lang='grc' dir='ltr'><strong>ἐπὶ</strong></span> <span class='ocrx_word' id='word_1_700' title='bbox 663 2544 698 2570; x_wconf 76' lang='grc' dir='ltr'>τὰ</span> <span class='ocrx_word' id='word_1_701' title='bbox 717 2544 787 2570; x_wconf 80' lang='grc' dir='ltr'>ὅπλα</span> <span class='ocrx_word' id='word_1_702' title='bbox 802 2546 853 2572; x_wconf 76' lang='grc' dir='ltr'><strong>κά-</strong></span> 
     </span>
    </p>
   </div>
   <div class='ocr_carea' id='block_1_100' title="bbox 72 2588 851 2627">
    <p class='ocr_par' dir='ltr' id='par_1_100' title="bbox 72 2588 851 2627">
     <span class='ocr_line' id='line_1_100' title="bbox 72 2588 851 2627; baseline 0.001 -12"><span class='ocrx_word' id='word_1_703' title='bbox 72 2591 161 2622; x_wconf 79' lang='grc' dir='ltr'>κεῖνοι,</span> <span class='ocrx_word' id='word_1_704' title='bbox 187 2590 236 2616; x_wconf 77' lang='grc' dir='ltr'>καὶ</span> <span class='ocrx_word' id='word_1_705' title='bbox 262 2588 360 2627; x_wconf 75' lang='grc' dir='ltr'>μικροῦ</span> <span class='ocrx_word' id='word_1_706' title='bbox 381 2590 462 2620; x_wconf 72' lang='grc' dir='ltr'>κενὰς</span> <span class='ocrx_word' id='word_1_707' title='bbox 489 2589 669 2622; x_wconf 76' lang='grc' dir='ltr'>ἀπολιπόντες</span> <span class='ocrx_word' id='word_1_708' title='bbox 692 2590 742 2621; x_wconf 80' lang='grc' dir='ltr'><strong>τὰς</strong></span> <span class='ocrx_word' id='word_1_709' title='bbox 767 2590 851 2623; x_wconf 82' lang='grc' dir='ltr'>ναῦς,</span> 
     </span>
    </p>
   </div>
   <div class='ocr_carea' id='block_1_101' title="bbox 72 2635 853 2671">
    <p class='ocr_par' dir='ltr' id='par_1_101' title="bbox 72 2635 853 2671">
     <span class='ocr_line' id='line_1_101' title="bbox 72 2635 853 2671; baseline 0 -10"><span class='ocrx_word' id='word_1_710' title='bbox 72 2635 213 2670; x_wconf 67' lang='grc' dir='ltr'>εὐρώστως</span> <span class='ocrx_word' id='word_1_711' title='bbox 229 2636 279 2671; x_wconf 84' lang='grc' dir='ltr'>μὲν</span> <span class='ocrx_word' id='word_1_712' title='bbox 293 2637 422 2670; x_wconf 76' lang='grc' dir='ltr'>ἀπήντων</span> <span class='ocrx_word' id='word_1_713' title='bbox 436 2637 465 2662; x_wconf 83' lang='grc' dir='ltr'>ὲν</span> <span class='ocrx_word' id='word_1_714' title='bbox 477 2637 538 2666; x_wconf 84' lang='grc' dir='ltr'>ταῖς</span> <span class='ocrx_word' id='word_1_715' title='bbox 554 2636 662 2670; x_wconf 79' lang='grc' dir='ltr'>ἁρχαίς⁸</span> <span class='ocrx_word' id='word_1_716' title='bbox 677 2635 760 2662; x_wconf 82' lang='grc' dir='ltr'>ἔπειτ’</span> <span class='ocrx_word' id='word_1_717' title='bbox 774 2636 853 2671; x_wconf 63' lang='lat' dir='ltr'><strong>smp-</strong></span> 
     </span>
    </p>
   </div>
   <div class='ocr_carea' id='block_1_102' title="bbox 73 2682 852 2719">
    <p class='ocr_par' dir='ltr' id='par_1_102' title="bbox 73 2682 852 2719">
     <span class='ocr_line' id='line_1_102' title="bbox 73 2682 852 2719; baseline -0.001 -10"><span class='ocrx_word' id='word_1_718' title='bbox 73 2683 182 2719; x_wconf 74' lang='grc' dir='ltr'>ῥυείσης</span> <span class='ocrx_word' id='word_1_719' title='bbox 200 2683 250 2718; x_wconf 79' lang='grc' dir='ltr'>τῆς</span> <span class='ocrx_word' id='word_1_720' title='bbox 267 2683 352 2709; x_wconf 76' lang='grc' dir='ltr'>ἵππου</span> <span class='ocrx_word' id='word_1_721' title='bbox 372 2683 514 2716; x_wconf 72' lang='grc' dir='ltr'>γενναίως,</span> <span class='ocrx_word' id='word_1_722' title='bbox 531 2683 578 2708; x_wconf 77' lang='grc' dir='ltr'>καὶ</span> <span class='ocrx_word' id='word_1_723' title='bbox 595 2683 655 2717; x_wconf 79' lang='grc' dir='ltr'>ἃμα</span> <span class='ocrx_word' id='word_1_724' title='bbox 668 2682 719 2717; x_wconf 81' lang='grc' dir='ltr'>τῆς</span> <span class='ocrx_word' id='word_1_725' title='bbox 734 2682 852 2717; x_wconf 73' lang='grc' dir='ltr'>πεζικῆς</span> 
     </span>
    </p>
   </div>
   <div class='ocr_carea' id='block_1_103' title="bbox 74 2728 849 2764">
    <p class='ocr_par' dir='ltr' id='par_1_103' title="bbox 74 2728 849 2764">
     <span class='ocr_line' id='line_1_103' title="bbox 74 2728 849 2764; baseline 0 -9"><span class='ocrx_word' id='word_1_726' title='bbox 74 2730 211 2763; x_wconf 68' lang='grc' dir='ltr'>φάλαγγος</span> <span class='ocrx_word' id='word_1_727' title='bbox 226 2729 397 2764; x_wconf 76' lang='grc' dir='ltr'>πανταχόῠεν</span> <span class='ocrx_word' id='word_1_728' title='bbox 415 2728 593 2763; x_wconf 71' lang='grc' dir='ltr'>ἐπιχυθείσης</span> <span class='ocrx_word' id='word_1_729' title='bbox 608 2728 654 2764; x_wconf 80' lang='grc' dir='ltr'><strong>βοῇ</strong></span> <span class='ocrx_word' id='word_1_730' title='bbox 670 2729 717 2755; x_wconf 78' lang='grc' dir='ltr'>καὶ</span> <span class='ocrx_word' id='word_1_731' title='bbox 730 2729 849 2762; x_wconf 77' lang='grc' dir='ltr'>ἀλαλαγ-</span> 
     </span>
    </p>
   </div>
   <div class='ocr_carea' id='block_1_104' title="bbox 75 2774 851 2811">
    <p class='ocr_par' dir='ltr' id='par_1_104' title="bbox 75 2774 851 2811">
     <span class='ocr_line' id='line_1_104' title="bbox 75 2774 851 2811; baseline -0.003 -10"><span class='ocrx_word' id='word_1_732' title='bbox 75 2777 123 2810; x_wconf 82' lang='grc' dir='ltr'>μῷ,</span> <span class='ocrx_word' id='word_1_733' title='bbox 137 2777 176 2811; x_wconf 83' lang='grc' dir='ltr'>μὴ</span> <span class='ocrx_word' id='word_1_734' title='bbox 188 2776 332 2809; x_wconf 73' lang='grc' dir='ltr'>δυνάμενοι</span> <span class='ocrx_word' id='word_1_735' title='bbox 349 2774 442 2809; x_wconf 81' lang='grc' dir='ltr'>φέρειν</span> <span class='ocrx_word' id='word_1_736' title='bbox 459 2775 508 2800; x_wconf 74' lang='grc' dir='ltr'><strong>ἐπὶ</strong></span> <span class='ocrx_word' id='word_1_737' title='bbox 531 2774 598 2800; x_wconf 83' lang='grc' dir='ltr'>πόδα</span> <span class='ocrx_word' id='word_1_738' title='bbox 621 2774 786 2809; x_wconf 82' lang='grc' dir='ltr'>ἀνεχώρουν,</span> <span class='ocrx_word' id='word_1_739' title='bbox 803 2782 851 2800; x_wconf 84' lang='grc' dir='ltr'>κα-</span> 
     </span>
    </p>
   </div>
   <div class='ocr_carea' id='block_1_105' title="bbox 73 2819 850 2856">
    <p class='ocr_par' dir='ltr' id='par_1_105' title="bbox 73 2819 850 2856">
     <span class='ocr_line' id='line_1_105' title="bbox 73 2819 850 2856; baseline -0.004 -8"><span class='ocrx_word' id='word_1_740' title='bbox 73 2822 271 2856; x_wconf 71' lang='grc' dir='ltr'>τιπσιτούμενοί</span> <span class='ocrx_word' id='word_1_741' title='bbox 285 2830 315 2847; x_wconf 88' lang='grc' dir='ltr'><strong>τε</strong></span> <span class='ocrx_word' id='word_1_742' title='bbox 330 2821 378 2847; x_wconf 76' lang='grc' dir='ltr'><strong>καὶ</strong></span> <span class='ocrx_word' id='word_1_743' title='bbox 391 2819 620 2856; x_wconf 81' lang='grc' dir='ltr'>τιτρωσκόμενοι.</span> <span class='ocrx_word' id='word_1_744' title='bbox 642 2819 748 2852; x_wconf 78' lang='grc' dir='ltr'>Νυκτὸς</span> <span class='ocrx_word' id='word_1_745' title='bbox 764 2819 786 2845; x_wconf 83' lang='grc' dir='ltr'>δ’</span> <span class='ocrx_word' id='word_1_746' title='bbox 804 2820 850 2847; x_wconf 70' lang='grc' dir='ltr'><strong>ἐπὶ</strong></span> 
     </span>
    </p>
   </div>
   <div class='ocr_carea' id='block_1_106' title="bbox 73 2865 850 2903">
    <p class='ocr_par' dir='ltr' id='par_1_106' title="bbox 73 2865 850 2903">
     <span class='ocr_line' id='line_1_106' title="bbox 73 2865 850 2903; baseline -0.004 -9"><span class='ocrx_word' id='word_1_747' title='bbox 73 2871 170 2900; x_wconf 51' lang='lat' dir='ltr'><strong>tuitui;</strong></span> <span class='ocrx_word' id='word_1_748' title='bbox 188 2869 338 2903; x_wconf 70' lang='grc' dir='ltr'>γενομένης</span> <span class='ocrx_word' id='word_1_749' title='bbox 357 2868 403 2894; x_wconf 73' lang='grc' dir='ltr'>καὶ</span> <span class='ocrx_word' id='word_1_750' title='bbox 427 2868 477 2903; x_wconf 86' lang='grc' dir='ltr'>τῆς</span> <span class='ocrx_word' id='word_1_751' title='bbox 498 2867 586 2903; x_wconf 77' lang='grc' dir='ltr'>μάχης</span> <span class='ocrx_word' id='word_1_752' title='bbox 605 2865 788 2901; x_wconf 75' lang='grc' dir='ltr'>διαλυθείσης,</span> <span class='ocrx_word' id='word_1_753' title='bbox 803 2867 850 2892; x_wconf 74' lang='grc' dir='ltr'><strong>ἐπὶ</strong></span> 
     </span>
    </p>
   </div>
   <div class='ocr_carea' id='block_1_107' title="bbox 908 2274 1691 2311">
    <p class='ocr_par' dir='ltr' id='par_1_107' title="bbox 908 2274 1691 2311">
     <span class='ocr_line' id='line_1_107' title="bbox 908 2274 1691 2311; baseline 0.003 -10"><span class='ocrx_word' id='word_1_754' title='bbox 908 2274 1080 2302; x_wconf 86' lang='lat' dir='ltr'><strong>irruentibus</strong></span> <span class='ocrx_word' id='word_1_755' title='bbox 1096 2275 1274 2310; x_wconf 78' lang='lat' dir='ltr'><strong>peditumque</strong></span> <span class='ocrx_word' id='word_1_756' title='bbox 1291 2275 1446 2309; x_wconf 76' lang='lat' dir='ltr'><strong>legionibus</strong></span> <span class='ocrx_word' id='word_1_757' title='bbox 1466 2276 1502 2303; x_wconf 87' lang='lat' dir='ltr'><strong>ab</strong></span> <span class='ocrx_word' id='word_1_758' title='bbox 1517 2276 1591 2303; x_wconf 91' lang='lat' dir='ltr'><strong>omni</strong></span> <span class='ocrx_word' id='word_1_759' title='bbox 1614 2282 1691 2311; x_wconf 83' lang='lat' dir='ltr'><strong>parte</strong></span> 
     </span>
    </p>
   </div>
   <div class='ocr_carea' id='block_1_108' title="bbox 908 2321 1691 2357">
    <p class='ocr_par' dir='ltr' id='par_1_108' title="bbox 908 2321 1691 2357">
     <span class='ocr_line' id='line_1_108' title="bbox 908 2321 1691 2357; baseline 0.004 -11"><span class='ocrx_word' id='word_1_760' title='bbox 908 2321 1027 2347; x_wconf 84' lang='lat' dir='ltr'><strong>clamore</strong></span> <span class='ocrx_word' id='word_1_761' title='bbox 1047 2321 1156 2348; x_wconf 83' lang='lat' dir='ltr'><strong>sublato</strong></span> <span class='ocrx_word' id='word_1_762' title='bbox 1176 2321 1379 2354; x_wconf 71' lang='lat' dir='ltr'><strong>invadentibus,</strong></span> <span class='ocrx_word' id='word_1_763' title='bbox 1407 2322 1539 2357; x_wconf 88' lang='lat' dir='ltr'><strong>impetum</strong></span> <span class='ocrx_word' id='word_1_764' title='bbox 1553 2323 1691 2350; x_wconf 82' lang='lat' dir='ltr'><strong>sustinere</strong></span> 
     </span>
    </p>
   </div>
   <div class='ocr_carea' id='block_1_109' title="bbox 907 2366 1690 2404">
    <p class='ocr_par' dir='ltr' id='par_1_109' title="bbox 907 2366 1690 2404">
     <span class='ocr_line' id='line_1_109' title="bbox 907 2366 1690 2404; baseline 0 -11"><span class='ocrx_word' id='word_1_765' title='bbox 907 2374 962 2394; x_wconf 90' lang='lat' dir='ltr'><strong>non</strong></span> <span class='ocrx_word' id='word_1_766' title='bbox 988 2371 1135 2401; x_wconf 86' lang='lat' dir='ltr'><strong>poterant,</strong></span> <span class='ocrx_word' id='word_1_767' title='bbox 1160 2366 1211 2394; x_wconf 89' lang='lat' dir='ltr'><strong>sed</strong></span> <span class='ocrx_word' id='word_1_768' title='bbox 1237 2367 1333 2401; x_wconf 85' lang='lat' dir='ltr'><strong>pedem</strong></span> <span class='ocrx_word' id='word_1_769' title='bbox 1357 2368 1512 2396; x_wconf 76' lang='lat' dir='ltr'><strong>referebant</strong></span> <span class='ocrx_word' id='word_1_770' title='bbox 1540 2367 1690 2404; x_wconf 80' lang='lat' dir='ltr'><strong>proculcati</strong></span> 
     </span>
    </p>
   </div>
   <div class='ocr_carea' id='block_1_110' title="bbox 907 2411 1688 2448">
    <p class='ocr_par' dir='ltr' id='par_1_110' title="bbox 907 2411 1688 2448">
     <span class='ocr_line' id='line_1_110' title="bbox 907 2411 1688 2448; baseline 0 -9"><span class='ocrx_word' id='word_1_771' title='bbox 907 2417 989 2447; x_wconf 88' lang='lat' dir='ltr'><strong>atque</strong></span> <span class='ocrx_word' id='word_1_772' title='bbox 1003 2412 1149 2440; x_wconf 85' lang='lat' dir='ltr'><strong>vulnerati.</strong></span> <span class='ocrx_word' id='word_1_773' title='bbox 1177 2411 1270 2440; x_wconf 63' lang='lat' dir='ltr'><strong>Not-tis</strong></span> <span class='ocrx_word' id='word_1_774' title='bbox 1289 2413 1446 2441; x_wconf 88' lang='lat' dir='ltr'><strong>interventu</strong></span> <span class='ocrx_word' id='word_1_775' title='bbox 1467 2414 1562 2448; x_wconf 69' lang='lat' dir='ltr'><strong>praelia</strong></span> <span class='ocrx_word' id='word_1_776' title='bbox 1585 2414 1688 2440; x_wconf 85' lang='lat' dir='ltr'><strong>direm-</strong></span> 
     </span>
    </p>
   </div>
   <div class='ocr_carea' id='block_1_111' title="bbox 907 2459 1690 2495">
    <p class='ocr_par' dir='ltr' id='par_1_111' title="bbox 907 2459 1690 2495">
     <span class='ocr_line' id='line_1_111' title="bbox 907 2459 1690 2495; baseline 0.001 -10"><span class='ocrx_word' id='word_1_777' title='bbox 907 2464 955 2494; x_wconf 87' lang='lat' dir='ltr'><strong>pto</strong></span> <span class='ocrx_word' id='word_1_778' title='bbox 973 2466 1056 2486; x_wconf 84' lang='lat' dir='ltr'><strong>naves</strong></span> <span class='ocrx_word' id='word_1_779' title='bbox 1071 2459 1303 2492; x_wconf 85' lang='lat' dir='ltr'><strong>conscenderunt,</strong></span> <span class='ocrx_word' id='word_1_780' title='bbox 1331 2467 1502 2495; x_wconf 72' lang='lat' dir='ltr'><strong>nequaquam</strong></span> <span class='ocrx_word' id='word_1_781' title='bbox 1531 2463 1585 2486; x_wconf 89' lang='lat' dir='ltr'><strong>tam</strong></span> <span class='ocrx_word' id='word_1_782' title='bbox 1611 2459 1690 2486; x_wconf 88' lang='lat' dir='ltr'><strong>multi</strong></span> 
     </span>
    </p>
   </div>
   <div class='ocr_carea' id='block_1_112' title="bbox 906 2505 1690 2541">
    <p class='ocr_par' dir='ltr' id='par_1_112' title="bbox 906 2505 1690 2541">
     <span class='ocr_line' id='line_1_112' title="bbox 906 2505 1690 2541; baseline 0 -10"><span class='ocrx_word' id='word_1_783' title='bbox 906 2512 987 2539; x_wconf 81' lang='lat' dir='ltr'><strong>quam</strong></span> <span class='ocrx_word' id='word_1_784' title='bbox 1001 2510 1133 2532; x_wconf 88' lang='lat' dir='ltr'><strong>venerant</strong></span> <span class='ocrx_word' id='word_1_785' title='bbox 1150 2513 1237 2541; x_wconf 81' lang='lat' dir='ltr'><strong>neque</strong></span> <span class='ocrx_word' id='word_1_786' title='bbox 1253 2506 1349 2533; x_wconf 88' lang='lat' dir='ltr'><strong>eodem</strong></span> <span class='ocrx_word' id='word_1_787' title='bbox 1366 2505 1461 2532; x_wconf 86' lang='lat' dir='ltr'><strong>habitu</strong></span> <span class='ocrx_word' id='word_1_788' title='bbox 1479 2505 1526 2532; x_wconf 85' lang='lat' dir='ltr'><strong>sed</strong></span> <span class='ocrx_word' id='word_1_789' title='bbox 1542 2505 1690 2532; x_wconf 85' lang='lat' dir='ltr'><strong>admodum</strong></span> 
     </span>
    </p>
   </div>
   <div class='ocr_carea' id='block_1_113' title="bbox 906 2550 1692 2579">
    <p class='ocr_par' dir='ltr' id='par_1_113' title="bbox 906 2550 1692 2579">
     <span class='ocr_line' id='line_1_113' title="bbox 906 2550 1692 2579; baseline 0 -1"><span class='ocrx_word' id='word_1_790' title='bbox 906 2557 972 2578; x_wconf 77' lang='lat' dir='ltr'><strong>sane</strong></span> <span class='ocrx_word' id='word_1_791' title='bbox 985 2551 1135 2578; x_wconf 84' lang='lat' dir='ltr'><strong>contrario.</strong></span> <span class='ocrx_word' id='word_1_792' title='bbox 1165 2551 1231 2579; x_wconf 87' lang='lat' dir='ltr'><strong>Nam</strong></span> <span class='ocrx_word' id='word_1_793' title='bbox 1255 2552 1282 2579; x_wconf 92' lang='lat' dir='ltr'><strong>in</strong></span> <span class='ocrx_word' id='word_1_794' title='bbox 1307 2556 1380 2578; x_wconf 81' lang='lat' dir='ltr'><strong>terra</strong></span> <span class='ocrx_word' id='word_1_795' title='bbox 1403 2550 1494 2578; x_wconf 84' lang='lat' dir='ltr'><strong>hostili</strong></span> <span class='ocrx_word' id='word_1_796' title='bbox 1519 2559 1572 2579; x_wconf 91' lang='lat' dir='ltr'><strong>non</strong></span> <span class='ocrx_word' id='word_1_797' title='bbox 1599 2551 1692 2579; x_wconf 85' lang='lat' dir='ltr'><strong>minus</strong></span> 
     </span>
    </p>
   </div>
   <div class='ocr_carea' id='block_1_114' title="bbox 905 2596 1690 2632">
    <p class='ocr_par' dir='ltr' id='par_1_114' title="bbox 905 2596 1690 2632">
     <span class='ocr_line' id='line_1_114' title="bbox 905 2596 1690 2632; baseline 0 -9"><span class='ocrx_word' id='word_1_798' title='bbox 905 2596 1048 2632; x_wconf 78' lang='lat' dir='ltr'><strong>quingenti</strong></span> <span class='ocrx_word' id='word_1_799' title='bbox 1068 2596 1193 2624; x_wconf 90' lang='lat' dir='ltr'><strong>homines</strong></span> <span class='ocrx_word' id='word_1_800' title='bbox 1208 2597 1377 2628; x_wconf 88' lang='lat' dir='ltr'><strong>occiderant.</strong></span> <span class='ocrx_word' id='word_1_801' title='bbox 1398 2604 1486 2631; x_wconf 86' lang='lat' dir='ltr'><strong>neque</strong></span> <span class='ocrx_word' id='word_1_802' title='bbox 1510 2597 1601 2624; x_wconf 87' lang='lat' dir='ltr'><strong>minor</strong></span> <span class='ocrx_word' id='word_1_803' title='bbox 1616 2597 1690 2624; x_wconf 88' lang='lat' dir='ltr'><strong>mili-</strong></span> 
     </span>
    </p>
   </div>
   <div class='ocr_carea' id='block_1_115' title="bbox 907 2642 1689 2677">
    <p class='ocr_par' dir='ltr' id='par_1_115' title="bbox 907 2642 1689 2677">
     <span class='ocr_line' id='line_1_115' title="bbox 907 2642 1689 2677; baseline 0 -7"><span class='ocrx_word' id='word_1_804' title='bbox 907 2646 964 2670; x_wconf 85' lang='lat' dir='ltr'><strong>tum</strong></span> <span class='ocrx_word' id='word_1_805' title='bbox 983 2650 1116 2670; x_wconf 88' lang='lat' dir='ltr'><strong>nunterus</strong></span> <span class='ocrx_word' id='word_1_806' title='bbox 1133 2642 1293 2670; x_wconf 86' lang='lat' dir='ltr'><strong>vulneribus</strong></span> <span class='ocrx_word' id='word_1_807' title='bbox 1305 2647 1365 2669; x_wconf 85' lang='lat' dir='ltr'><strong>erat</strong></span> <span class='ocrx_word' id='word_1_808' title='bbox 1380 2643 1506 2670; x_wconf 72' lang='lat' dir='ltr'><strong>alfectus.</strong></span> <span class='ocrx_word' id='word_1_809' title='bbox 1523 2642 1615 2676; x_wconf 85' lang='lat' dir='ltr'><strong>Quare</strong></span> <span class='ocrx_word' id='word_1_810' title='bbox 1631 2643 1689 2677; x_wconf 82' lang='lat' dir='ltr'><strong>ipsa</strong></span> 
     </span>
    </p>
   </div>
   <div class='ocr_carea' id='block_1_116' title="bbox 906 2687 1690 2723">
    <p class='ocr_par' dir='ltr' id='par_1_116' title="bbox 906 2687 1690 2723">
     <span class='ocr_line' id='line_1_116' title="bbox 906 2687 1690 2723; baseline 0.001 -10"><span class='ocrx_word' id='word_1_811' title='bbox 906 2693 986 2715; x_wconf 88' lang='lat' dir='ltr'><strong>nocte</strong></span> <span class='ocrx_word' id='word_1_812' title='bbox 1001 2688 1059 2715; x_wconf 87' lang='lat' dir='ltr'><strong>sine</strong></span> <span class='ocrx_word' id='word_1_813' title='bbox 1077 2688 1173 2715; x_wconf 91' lang='lat' dir='ltr'><strong>ordine</strong></span> <span class='ocrx_word' id='word_1_814' title='bbox 1193 2687 1330 2723; x_wconf 83' lang='lat' dir='ltr'><strong>proficisci</strong></span> <span class='ocrx_word' id='word_1_815' title='bbox 1345 2688 1434 2715; x_wconf 85' lang='lat' dir='ltr'><strong>coacti</strong></span> <span class='ocrx_word' id='word_1_816' title='bbox 1457 2692 1535 2719; x_wconf 77' lang='lat' dir='ltr'><strong>sunt,</strong></span> <span class='ocrx_word' id='word_1_817' title='bbox 1559 2688 1690 2723; x_wconf 80' lang='lat' dir='ltr'><strong>quasdam</strong></span> 
     </span>
    </p>
   </div>
   <div class='ocr_carea' id='block_1_117' title="bbox 905 2733 1692 2768">
    <p class='ocr_par' dir='ltr' id='par_1_117' title="bbox 905 2733 1692 2768">
     <span class='ocr_line' id='line_1_117' title="bbox 905 2733 1692 2768; baseline 0 -9"><span class='ocrx_word' id='word_1_818' title='bbox 905 2740 988 2761; x_wconf 87' lang='lat' dir='ltr'><strong>naves</strong></span> <span class='ocrx_word' id='word_1_819' title='bbox 1006 2733 1155 2768; x_wconf 80' lang='lat' dir='ltr'><strong>remigibus</strong></span> <span class='ocrx_word' id='word_1_820' title='bbox 1171 2733 1288 2761; x_wconf 83' lang='lat' dir='ltr'><strong>nudatas</strong></span> <span class='ocrx_word' id='word_1_821' title='bbox 1301 2741 1394 2760; x_wconf 85' lang='lat' dir='ltr'><strong>secum</strong></span> <span class='ocrx_word' id='word_1_822' title='bbox 1410 2733 1561 2761; x_wconf 89' lang='lat' dir='ltr'><strong>trahentes.</strong></span> <span class='ocrx_word' id='word_1_823' title='bbox 1582 2734 1692 2761; x_wconf 68' lang='lat' dir='ltr'><strong>Veneta:</strong></span> 
     </span>
    </p>
   </div>
   <div class='ocr_carea' id='block_1_118' title="bbox 905 2777 1692 2813">
    <p class='ocr_par' dir='ltr' id='par_1_118' title="bbox 905 2777 1692 2813">
     <span class='ocr_line' id='line_1_118' title="bbox 905 2777 1692 2813; baseline 0.001 -9"><span class='ocrx_word' id='word_1_824' title='bbox 905 2783 995 2813; x_wconf 87' lang='lat' dir='ltr'><strong>autem</strong></span> <span class='ocrx_word' id='word_1_825' title='bbox 1005 2777 1098 2804; x_wconf 84' lang='lat' dir='ltr'><strong>classis</strong></span> <span class='ocrx_word' id='word_1_826' title='bbox 1110 2777 1254 2811; x_wconf 74' lang='lat' dir='ltr'><strong>praefectus</strong></span> <span class='ocrx_word' id='word_1_827' title='bbox 1265 2783 1346 2813; x_wconf 82' lang='lat' dir='ltr'><strong>atque</strong></span> <span class='ocrx_word' id='word_1_828' title='bbox 1359 2778 1413 2804; x_wconf 84' lang='lat' dir='ltr'><strong>dux</strong></span> <span class='ocrx_word' id='word_1_829' title='bbox 1427 2777 1570 2805; x_wconf 89' lang='lat' dir='ltr'><strong>celerrime</strong></span> <span class='ocrx_word' id='word_1_830' title='bbox 1583 2777 1692 2805; x_wconf 83' lang='lat' dir='ltr'><strong>duabus</strong></span> 
     </span>
    </p>
   </div>
   <div class='ocr_carea' id='block_1_119' title="bbox 905 2824 1690 2858">
    <p class='ocr_par' dir='ltr' id='par_1_119' title="bbox 905 2824 1690 2858">
     <span class='ocr_line' id='line_1_119' title="bbox 905 2824 1690 2858; baseline -0.001 -7"><span class='ocrx_word' id='word_1_831' title='bbox 905 2824 1031 2857; x_wconf 81' lang='lat' dir='ltr'><strong>navibus,</strong></span> <span class='ocrx_word' id='word_1_832' title='bbox 1047 2831 1107 2858; x_wconf 72' lang='lat' dir='ltr'><strong>qua:</strong></span> <span class='ocrx_word' id='word_1_833' title='bbox 1120 2831 1175 2857; x_wconf 73' lang='lat' dir='ltr'><strong>pne</strong></span> <span class='ocrx_word' id='word_1_834' title='bbox 1187 2824 1293 2851; x_wconf 73' lang='lat' dir='ltr'><strong>crctcris</strong></span> <span class='ocrx_word' id='word_1_835' title='bbox 1306 2824 1446 2851; x_wconf 80' lang='lat' dir='ltr'><strong>celeresct</strong></span> <span class='ocrx_word' id='word_1_836' title='bbox 1455 2825 1588 2858; x_wconf 74' lang='lat' dir='ltr'><strong>expedita:</strong></span> <span class='ocrx_word' id='word_1_837' title='bbox 1599 2828 1690 2856; x_wconf 82' lang='lat' dir='ltr'><strong>erant,</strong></span> 
     </span>
    </p>
   </div>
   <div class='ocr_carea' id='block_1_120' title="bbox 904 2868 1691 2904">
    <p class='ocr_par' dir='ltr' id='par_1_120' title="bbox 904 2868 1691 2904">
     <span class='ocr_line' id='line_1_120' title="bbox 904 2868 1691 2904; baseline 0.001 -8"><span class='ocrx_word' id='word_1_838' title='bbox 904 2877 937 2896; x_wconf 80' lang='lat' dir='ltr'><strong>ex</strong></span> <span class='ocrx_word' id='word_1_839' title='bbox 953 2870 1020 2896; x_wconf 65' lang='lat' dir='ltr'><strong>muri</strong></span> <span class='ocrx_word' id='word_1_840' title='bbox 1036 2871 1169 2896; x_wconf 64' lang='lat' dir='ltr'><strong>extructis</strong></span> <span class='ocrx_word' id='word_1_841' title='bbox 1185 2869 1323 2904; x_wconf 79' lang='lat' dir='ltr'><strong>rebusun</strong></span> <span class='ocrx_word' id='word_1_842' title='bbox 1349 2868 1448 2901; x_wconf 78' lang='lat' dir='ltr'><strong>obviis,</strong></span> <span class='ocrx_word' id='word_1_843' title='bbox 1477 2875 1608 2904; x_wconf 84' lang='lat' dir='ltr'><strong>quantum</strong></span> <span class='ocrx_word' id='word_1_844' title='bbox 1631 2871 1691 2897; x_wconf 59' lang='lat' dir='ltr'><strong>tit-ri</strong></span> 
     </span>
    </p>
   </div>
  </div>
