1900 3063
172 155 208 187 39
790 145 999 177 NICEPHORI
1020 143 1213 175 GREGORIE
1757 140 1793 170 40

173 208 276 245 potuit,
300 205 424 236 armatis.
442 204 557 232 alteram
574 202 651 230 misit
668 201 807 233 Venetiae,
833 208 894 234 quae
906 199 957 234 51
974 225 975 228 η

1032 199 1059 229 ἅς
1075 199 1176 227 οἰκειας
1188 196 1327 223 ἐνέϐαινον
1341 195 1418 227 ναῦς,
1430 194 1478 229 οὐχ
1494 195 1548 220 ὄπι
1560 192 1637 229 ἧκον,
1653 193 1712 220 οὑδὲ
1732 195 1793 228 μεῡ*

174 255 271 281 Patres
287 251 394 279 nobiles
411 249 445 276 de
465 248 548 276 rebus
569 247 653 282 gestis
675 245 823 273 certiorem
838 245 957 275 laceret;

174 300 288 326 alteram
308 297 479 332 Byzantium,
504 301 564 328 quae
592 293 663 319 idem
693 293 833 318 numiaiet
848 289 958 317 Veneti

175 344 213 371 ibi
229 343 414 373 versantibus,
439 339 574 374 simulque
590 337 780 373 specularetur
794 335 957 374 quo’hostes

176 389 426 424 proﬁciscerentur.

177 433 400 467 ἀναγκασθέντας
435 429 476 456 ἔτι
502 429 598 460 νυκτὶς
631 428 714 461 οὔσης

756 425 926 461 πλημμελῶς
967 424 1117 450 ἐκπλεῦσαι
1135 444 1142 454 ,

1013 245 1107 278 ὁμοίου
1128 242 1175 269 τοῦ
1195 242 1346 277 σχήματος,
1363 241 1431 268 ἀλλὰ
1457 241 1529 276 μάλα
1547 241 1580 274 γέ
1606 249 1632 266 τι
1653 239 1794 272 ἀντιστρᾶ-

1013 297 1081 324 φως·
1097 287 1168 315 εἶναι
1187 289 1236 323 μὲν
1252 288 1305 322 γὰρ
1328 287 1391 318 τοὺς
1411 287 1440 312 ὲν
1457 287 1491 321 τῇ
1512 285 1629 320 πολεμίᾳ
1646 286 1737 320 ἐκείνῃ
1757 286 1794 319 γῇ

1013 333 1193 361 πεπτωκότας
1214 331 1264 365 οὐχ
1292 328 1374 365 ἦττον
1393 329 1595 362 πεντακοσίων,
1620 328 1797 363 τραυματίας

1012 380 1035 405 δ’
1053 377 1085 405 αὖ
1106 379 1155 413 οὑχ
1181 374 1262 412 ἦττον
1286 377 1303 411 ἢ
1325 375 1469 407 τοσούτους
1489 375 1663 409 γεγενῆσθαι.
1679 375 1721 405 Ὠς
1749 374 1797 400 καὶ

1174 422 1338 458 λειπομένας
1363 421 1464 456 ἐρετῶν
1508 421 1580 451 ὲνίας
1615 420 1798 454 παρέλκοντες

176 482 254 513 νσῦς.
273 481 395 514 Τάχιστα
407 479 429 505 δ’
447 479 461 505 ὁ
476 477 613 512 ναύαρχος
626 476 730 506 ἐκεῖνος
744 474 790 500 καὶ
807 472 959 508 στρατηγὸς
979 472 1025 498 τοῦ
1059 470 1202 498 Βενετικοῦ
1236 469 1332 496 στόλου
1346 469 1393 496 δύο
1410 470 1463 496 τῶν
1477 469 1584 495 οἰκείων
1598 467 1712 498 ἑλκύσας
1729 467 1799 494 νεῶν

178 530 210 554 ἐκ
236 528 290 553 τῶν
314 526 466 553 θαλαττίων
482 525 598 556 ὑδάτων,
621 523 669 553 τὰς
693 522 793 557 μᾶλλον
821 521 875 548 τῶν
908 520 996 547 ἄλλων
1015 518 1246 554 ταχυναυτούσας,
1272 517 1318 544 καὶ
1333 516 1369 548 ὡς
1383 516 1446 551 ὲνῆν
1472 517 1503 542 ὲκ
1529 515 1576 541 τοῦ
1591 515 1683 550 σχεδὸν
1715 514 1799 540 καθο-

183 574 294 605 πλίσας,
310 573 359 607 τὴν
389 572 438 607 μὲν
454 572 481 602 ξς
496 571 546 605 τὴν
578 569 632 596 τῶν
653 569 803 595 Βενετικῶν
836 567 1065 602 ἀριστοκρατικὴν
1083 565 1244 593 ἀπέστειλεν
1272 563 1407 597 ἐξουσίαν,
1429 563 1588 596 φράσουσαν
1614 562 1648 588 τὰ
1672 569 1800 594 πεπραγ-

182 621 259 655 μένα,
275 619 325 653 τὴν
339 618 361 644 δ’
382 619 410 649 ἐς
435 617 594 648 Βυζάντιον,
610 614 786 648 δηλώσουσάν
800 622 830 639 τε
864 612 898 639 τὰ
931 612 999 639 αὑτὰ
1016 613 1072 643 τοῖς
1091 611 1207 638 ἐνταῦθα
1233 610 1396 643 Βενετικοῖς,
1418 608 1462 635 καί
1479 607 1537 642 ἅμα
1557 607 1800 642 κατασκεψομένην

177 666 239 694 τοὺς
259 663 405 697 πολεμίους
421 662 474 696 ὅπη
490 660 658 695 πορεύοιντο.

214 711 308 739 XVIII.
326 710 382 737 Hac
397 709 459 735 navi
477 715 527 743 ego
543 708 600 743 ipse
615 713 710 736 vectus
722 707 833 742 perveni
851 707 885 735 ad
901 706 964 734 Ilel—

179 758 349 791 Iespoutum,
366 754 412 781 ubi
429 762 492 782 eum
509 754 591 780 remis
606 753 731 780 inhibitis
741 753 775 780 ad
789 758 897 787 portum
914 753 965 780 Te-

180 802 324 829 nediorum
342 800 368 826 in
388 799 496 826 ancoris
507 798 756 829 eommorabamur,
771 798 884 825 nuntius
898 797 966 824 alla-

181 853 226 874 tus
249 850 303 878 est,
324 845 444 872 hostium
470 844 603 877 classem,
626 850 655 870 ut
681 843 789 870 saucios
807 848 916 870 curaret
939 847 967 870 et

181 897 315 926 quantum
336 891 395 918 Ileri
415 895 507 925 posset
524 891 586 917 loco
613 897 725 920 eorum.
753 889 801 924 qui
825 889 851 916 in
873 889 967 924 proelio

181 938 359 970 ceciderant,
385 940 574 971 supplementa
599 936 671 963 unde
693 935 849 971 expeditum
874 939 968 968 esset,

182 985 325 1014 scriberet,
344 983 376 1010 ad
388 983 485 1010 Chium
502 983 618 1009 insulam
634 989 694 1009 esse
709 981 862 1016 appulsam.
879 981 969 1013 Quare

184 1029 271 1062 navis,
291 1030 387 1056 nuntio
403 1028 534 1060 victorias,
546 1035 626 1062 quem
644 1027 803 1062 Byzantium
820 1027 968 1061 perferret,

185 1075 288 1102 homini
307 1073 435 1108 expedito
453 1073 610 1105 commissa,
625 1079 671 1099 ora
687 1072 775 1099 soluta
788 1079 868 1106 quam
881 1072 970 1099 celer-

184 1121 253 1147 rime
278 1120 366 1154 potuit
392 1119 521 1146 Eubceam
541 1118 659 1152 repetiit.
682 1117 745 1144 Mihi
766 1125 831 1144 vero
852 1122 971 1152 quatuor

187 1166 244 1193 illic
257 1166 316 1203 dies
337 1165 519 1192 commoranti
535 1164 726 1198 opportunitas
746 1163 862 1190 dabatur
886 1163 973 1198 Troiae

186 1212 260 1239 illius
274 1212 390 1238 obseura
407 1210 518 1245 vestigia
533 1210 681 1241 invisendi,
697 1210 729 1237 de
747 1217 800 1244 qua
816 1210 918 1237 multus
932 1213 973 1237 est

186 1257 355 1284 clarissimus
375 1257 519 1286 Homerus,
543 1256 614 1291 quod
642 1255 736 1283 classis
766 1255 975 1282 innumerabilis

186 1307 221 1330 ob
241 1304 372 1330 Helenam
386 1303 413 1329 in
428 1310 489 1329 eam
500 1302 623 1337 profecta
639 1302 732 1328 multis
746 1301 877 1329 heroibus
890 1302 975 1328 amis-

187 1351 225 1376 sis
243 1354 304 1384 post
317 1349 409 1376 decem
426 1355 514 1376 annos
529 1347 653 1374 funditus
679 1355 737 1374 eam
755 1347 880 1382 diripuit.
896 1347 977 1375 Vide-

187 1395 250 1422 bam
266 1396 349 1423 etiam
369 1394 533 1422 Scamandri
548 1393 624 1421 ﬂuvii
639 1393 719 1424 ostia,
739 1401 794 1421 non
807 1393 928 1428 quidem,
947 1398 977 1420 ut

190 1441 323 1468 llomerus
336 1442 362 1468 iu
378 1441 461 1468 Iliade
474 1441 581 1473 scribit,
597 1440 663 1474 ripis
674 1448 688 1467 a
700 1440 822 1467 Vulcano
838 1440 873 1467 ob
883 1439 976 1466 Achil-

190 1488 243 1514 lem
260 1487 385 1514 Thetidis
404 1486 490 1514 lilium
505 1486 621 1519 adustis,
643 1491 778 1521 quatenus
797 1486 865 1513 illud
890 1486 977 1513 libera

191 1533 328 1560 fabulatus
343 1533 446 1567 lingua,
458 1531 506 1559 sed
520 1532 575 1558 lilia
590 1532 720 1566 silvasque
731 1539 764 1558 ac
774 1531 866 1558 herba:
878 1531 977 1565 insigni

1055 707 1109 733 lll'.
1125 706 1219 741 Ταύτῃ
1232 705 1264 740 δὴ
1287 706 1318 739 τῇ
1336 705 1380 739 νηὶ
1396 705 1442 730 καὶ
1460 703 1541 735 αὑτὲς
1555 702 1672 738 ἐμαυτὸν
1687 701 1803 737 ἐμϐιϐά-

1018 761 1066 784 σας
1077 750 1144 786 ἧκον
1157 753 1220 786 ἄχρι
1240 750 1286 777 τοῦ
1306 750 1502 785 Ἑλλησπόντου
1513 758 1519 765 ’
1541 749 1635 777 αὐτόθι
1650 748 1704 783 γὰρ
1720 748 1803 782 ὁρμι-

1019 801 1126 834 σαμένη
1149 799 1197 825 κα)⁵
1222 798 1272 829 τὰς
1296 797 1391 828 κώπας
1416 796 1540 831 σχάσασα
1567 795 1643 829 παρὰ
1667 794 1721 820 ’τὸν
1746 794 1802 820 τῶν

1019 846 1151 873 Τενεδίων
1173 845 1271 880 λιμένα
1294 845 1310 879 ἠ
1334 844 1454 878 φέρουσα
1470 843 1543 878 ἡμᾶς
1566 843 1658 877 ἐκείνη
1673 841 1739 872 ναῦς
1755 841 1803 867 τὸν

1020 892 1075 919 τῶν
1098 891 1236 929 πολεμίων
1254 890 1367 925 ἠκηκόει
1392 890 1486 915 στόλον
1501 890 1530 920 ἐς
1544 889 1610 915 Χίον
1633 889 1804 923 κατάραντα,

1020 938 1180 973 ἐπιμελείας
1203 946 1233 964 τε
1251 937 1283 972 [Γ.
1301 937 1351 963 107
1376 935 1406 971 a]
1431 936 1512 962 ἕνεκα
1537 935 1593 962 τῶν
1609 934 1804 969 πεπληγότων,

1021 985 1069 1011 καὶ
1084 984 1143 1020 ἆμα
1155 984 1216 1010 ὅσον
1237 983 1353 1010 δύναιντ’
1373 983 1407 1009 ἂν
1421 982 1484 1014 τοὺς
1505 982 1559 1008 τῶν
1571 981 1806 1015 τετελευτηκότων

1021 1033 1051 1058 ἐν
1068 1033 1101 1067 τῇ
1120 1031 1194 1066 μάχῃ
1212 1031 1311 1062 τόπους
1326 1029 1498 1063 ἐκλέξασοαι,
1514 1029 1611 1056 ὁπόθεν
1631 1029 1695 1064 ῥᾷον
1711 1027 1744 1054 ἂν
1760 1027 1806 1060 εἴη

1024 1078 1109 1112 σφίσι.
1127 1077 1171 1104 Διὺ
1184 1077 1234 1108 τὰς
1249 1078 1298 1112 μὲν
1321 1076 1451 1110 ἀγγελίας
1466 1075 1516 1110 τῆς
1530 1075 1609 1110 νίκης
1624 1073 1735 1108 εὐζώνῳ
1750 1075 1807 1099 τινὶ

1022 1123 1155 1150 δεδωκυῖα
1179 1123 1255 1158 ἀνδρὶ
1287 1122 1431 1157 πέπομφεν
1456 1122 1486 1153 ἒς
1507 1120 1667 1153 Βυζάντιον,
1688 1119 1758 1154 αὑτὴ
1784 1118 1807 1145 δ’

1024 1169 1197 1202 ἀναζεύξασα
1206 1169 1255 1203 τὴν
1267 1169 1398 1203 ταχίστην
1410 1167 1495 1203 ᾤχετο
1505 1169 1533 1198 ἐς
1549 1166 1663 1193 Εὔϐοιαν
1676 1165 1809 1193 ἀπιοῦσα.

1031 1216 1107 1250 Ἐμοὶ
1122 1215 1149 1243 δὲ
1167 1215 1299 1250 τέτταρας
1319 1215 1425 1250 ἡμέρας
1451 1215 1510 1240 ὲκετ
1532 1212 1721 1247 περιμείναντι
1743 1212 1810 1238 θεά-

1026 1260 1125 1287 σασθαι
1150 1262 1327 1294 προσεγίνετο
1348 1258 1447 1294 Τροίας
1473 1258 1582 1293 ἐκείνης
1610 1256 1712 1290 σκιώδη
1739 1256 1812 1291 μνή-

1027 1315 1111 1342 ματα,
1136 1304 1169 1342 ἦς
1193 1306 1276 1338 πολὺς
1302 1305 1415 1340 Ὁμήρῳ
1435 1304 1474 1339 τῷ
1499 1304 1568 1331 πάνυ
1596 1303 1684 1337 λόγος,
1700 1303 1741 1329 ὃτι
1760 1310 1813 1336 μυ-

1027 1352 1147 1387 ρίανδροι
1183 1352 1272 1378 στόλοι
1303 1350 1337 1377 δι’
1369 1350 1479 1384 Ἑλένην
1511 1349 1620 1384 ὲκείνην
1649 1348 1692 1375 ἐπ’
1725 1347 1812 1381 αὐτὴν

1027 1396 1267 1426 καταπλεύσαντες
1281 1394 1394 1426 πολλούς
1419 1402 1449 1420 τε
1475 1393 1619 1420 ἀπώλεσαν
1633 1393 1686 1418 τῶν
1703 1393 1813 1419 οίκείων

1027 1443 1119 1476 ἥρωας
1144 1442 1194 1468 καὶ
1216 1440 1301 1475 αὐτὴν
1324 1439 1392 1474 μετὰ
1408 1439 1473 1466 δέκα
1496 1438 1543 1473 ἐτη
1567 1438 1665 1468 τελέως
1681 1438 1813 1472 ἐξηνδρα-

1028 1488 1182 1515 ποδίσαντο.
1210 1486 1381 1521 Ἐθεασάμην
1409 1485 1432 1512 δ’
1458 1484 1527 1520 ὁμοῦ
1558 1485 1604 1510 καὶ
1632 1484 1813 1518 Σκαμάνδρου

1029 1533 1152 1569 ποταμοῦ
1177 1533 1227 1564 τὰς
1256 1532 1391 1564 ὲκΰολὰς,
1419 1531 1449 1563 ὃς
1477 1531 1551 1566 Ἴδης

1587 1530 1736 1562 ἁποὸλύζει
1764 1529 1815 1556 τοῦ

192 1579 397 1614 pulchritudine
412 1579 484 1605 cina
504 1585 568 1604 eum
585 1577 693 1609 ﬂorent,
708 1577 809 1611 quibus
824 1578 905 1604 rebus
924 1577 975 1604 IIo-

1032 1581 1120 1615 όρους,
1135 1579 1185 1614 οὑχ
1199 1579 1236 1610 ὡς
1256 1578 1381 1613 Ὅμηρος
1399 1578 1428 1604 ὲν
1450 1577 1542 1604 Ἰλιάδι
1559 1577 1695 1611 καόμενον
1713 1577 1817 1611 γράφει

194 1626 262 1652 meri
280 1625 373 1660 lingua
388 1624 521 1652 mendacii
537 1625 604 1652 satis
614 1624 748 1659 arguitur.
768 1624 809 1651 Sit
823 1624 862 1651 ita
880 1632 956 1652 sane.

1029 1625 1079 1656 τὰς
1095 1624 1178 1659 δχοας
1194 1623 1247 1651 ὑπο
1266 1623 1416 1658 Ἡφαίστου
1431 1622 1466 1648 δι’
1487 1622 1612 1657 Ἀχιλλέα
1635 1622 1681 1648 τὸν
1694 1622 1816 1653 Θέτιδος,

194 1671 254 1697 καθ’
270 1671 332 1698 ὅσον
346 1672 434 1697 ἐκεῖνο
453 1670 677 1706 αὑτονομουμένῃ
710 1671 860 1705 μυθεύεται
893 1670 1013 1707 γλώττῃ,
1034 1670 1103 1698 ἀλλὰ
1134 1670 1216 1704 κρίνα
1246 1670 1294 1696 καὶ
1327 1669 1430 1704 λόχμας
1459 1670 1504 1696 καὶ
1532 1669 1611 1704 χλόας
1641 1669 1705 1703 περὶ
1735 1667 1818 1694 αὑτὸν

194 1718 282 1750 ὡραῖα
308 1718 395 1744 πάντα
423 1717 471 1744 καὶ
496 1717 545 1752 τὴν
576 1717 695 1752 Ὀμήρου
717 1717 842 1751 γλῶτταν
861 1718 981 1753 ἐλέγχειν
1003 1718 1092 1745 ικανά.
1125 1715 1198 1744 Εἶεν.

232 1765 283 1800 52
309 1760 379 1792 XIX.
396 1765 451 1800 Ego
463 1773 527 1792 vero
540 1773 636 1792 navem
647 1767 802 1793 onerariam
818 1771 928 1801 postero
940 1767 983 1794 die

1072 1765 1124 1793 10’.
1151 1766 1222 1800 Ἐγὼ
1251 1766 1276 1792 δ’
1305 1766 1334 1798 ἐς
1362 1765 1410 1800 τὴν
1437 1765 1584 1800 ὑστεραίαν
1614 1765 1725 1797 ὁλκάδος
1754 1766 1821 1792 ἁνα-

204 1811 364 1846 Byzantium
383 1812 572 1846 navigaturam
589 1817 698 1844 nactus,
720 1810 830 1839 domum
850 1812 912 1839 veni
930 1820 975 1840 nor

1036 1812 1156 1847 γομένης
1177 1812 1265 1848 τυχὼν
1291 1813 1320 1844 ἐς
1344 1811 1492 1844 Βυζάντιον
1518 1813 1609 1839 οἴκαδε
1636 1814 1820 1848 ἀφικομένην,

202 1857 321 1892 amplius
336 1857 430 1885 decem
448 1858 540 1884 aureis
552 1858 672 1885 nummis
686 1866 792 1885 meeum
805 1863 928 1892 portans,
944 1866 975 1886 re

1035 1859 1111 1885 οὐδὲν
1125 1858 1303 1894 νομισμάτων
1317 1858 1516 1893 ἐπιφερόμενος
1527 1858 1594 1885 δέκα
1620 1859 1730 1894 χρυσῶν
1753 1860 1819 1885 €12?-

200 1904 285 1938 liquis
302 1905 430 1931 omnibus
449 1904 476 1931 in
500 1903 645 1931 itineribus
661 1905 719 1932 istis
736 1905 915 1939 consumptis.
932 1905 975 1932 Ar‘

1035 1912 1114 1931 κεινα
1134 1904 1234 1940 (πάντα
1257 1905 1311 1939 γάρ
1328 1912 1374 1938 μοι
1392 1904 1462 1931 κατὰ
1488 1904 1538 1936 τὰς
1554 1905 1697 1940 περιόδους
1712 1905 1820 1938 ὲκείνας

200 1950 318 1977 hitratus
341 1957 416 1980 vero.
444 1949 558 1985 singulis
581 1950 664 1976 rebus
679 1951 843 1978 necessariis
859 1952 975 1977 emendi:

1035 1950 1193 1984 ἀνάλωται),
1209 1950 1289 1982 δόξαν
1306 1949 1352 1976 οὖν
1366 1951 1429 1984 ἐμοὶ
1444 1951 1503 1981 ταῖς
1516 1950 1578 1976 καθ’
1592 1951 1697 1978 ἕκαστα
1711 1952 1821 1987 χρείαις

199 1996 284 2031 magis
313 1996 411 2023 idonea
437 2004 497 2023 esse
527 1996 692 2023 randuscula
717 2001 745 2023 et
769 1996 885 2023 tuiuoris
915 2001 975 2023 nota

1036 1994 1237 2030 ἀναγκαιότερα
1259 1995 1294 2021 τὰ
1310 1995 1372 2022 καθ’
1394 1995 1497 2022 ἕκαστα
1521 1997 1568 2023 καὶ
1581 1997 1731 2033 λεπτότερα
1748 1998 1821 2033 μέρη

199 2049 339 2074 nummos,
365 2048 465 2068 aureos
482 2040 544 2067 illos
566 2040 641 2068 hisce
665 2040 755 2068 statim
773 2041 972 2068 eommutabam

1036 2041 1090 2067 τῶν
1123 2042 1299 2076 νομισμάτων
1333 2042 1477 2078 ὑπάρχειν,
1505 2043 1560 2069 τῶν
1587 2043 1715 2070 τοιούτων
1741 2044 1822 2076 εὐθὺς

201 2087 249 2114 Die
267 2087 528 2121 autem-insequenti
547 2094 609 2114 cum
629 2087 766 2114 venalium
785 2094 877 2114 rerum
892 2087 972 2114 vendi

1037 2087 1199 2122 ἠλλαξάμην
1216 2088 1318 2114 ἐκεῖνα.
1337 2088 1391 2115 Καὶ
1406 2088 1616 2124 προσεληλυῦὼς
1632 2090 1661 2121 ἐς
1679 2090 1729 2124 τὴν
1745 2090 1823 2116 ὑστε-

200 2137 273 2160 tures
288 2132 417 2163 adissem,
427 2133 555 2159 abolitam
568 2139 629 2160 esse
644 2132 816 2166 reperiebam
830 2132 974 2166 pecuniam

1041 2133 1121 2168 ραίαν
1133 2134 1189 2165 τοῖς
1199 2133 1234 2160 τὰ
1245 2133 1313 2160 ὥνια
1328 2134 1543 2168 πιπράσκουσιν,
1551 2135 1630 2170 εὗρον
1646 2136 1825 2166 ἑκπεπτωκὺς

200 2185 282 2211 quam
309 2177 336 2204 in
354 2178 481 2205 manibus
505 2177 639 2204 habebam
659 2177 774 2211 eiusque
799 2177 918 2210 pretium
935 2185 975 2203 uni

1042 2178 1073 2205 ἰδ
1087 2179 1116 2205 ὲν
1137 2179 1231 2213 χερσὶν
1245 2179 1334 2206 ἐκεῖνό
1355 2189 1399 2214 μοι
1416 2180 1558 2215 χάραγμα.
1573 2181 1621 2206 καὶ
1639 2181 1667 2212 ἐς
1687 2181 1825 2215 τοσαύτην

201 2223 246 2251 die
261 2224 329 2251 adeo
344 2223 518 2250 imminutum
532 2242 540 2254 ,
565 2227 595 2249 ut
618 2222 712 2249 decem
737 2222 774 2249 illi
801 2223 905 2249 nummi
928 2227 975 2249 octi

1045 2224 1208 2260 καιτενεχθὲν
1223 2225 1314 2260 ἡμέρᾳ
1331 2226 1380 2260 μιᾷ
1393 2226 1443 2260 τὴν
1456 2225 1551 2259 ὕφεσιν
1563 2226 1601 2257 ὡς
1617 2226 1666 2261 τὴν
1689 2227 1744 2252 τῶν
1758 2226 1825 2253 δέκα

203 2275 307 2297 tantum
323 2274 508 2304 exzequarent.
524 2269 614 2302 Quare
626 2273 704 2296 vetus
718 2269 830 2304 quidam
843 2269 947 2296 amicus
962 2269 975 2296 ll

1045 2279 1090 2306 μοι
1112 2271 1291 2305 νομισμάτων
1311 2271 1423 2298 ἐκείνων
1446 2272 1584 2306 ποσότητα
1607 2272 1760 2306 καταόῆναι
1777 2273 1825 2307 μέ-

202 2323 283 2343 aures
301 2316 368 2343 mihi
391 2316 597 2347 insusurravit,
614 2320 646 2342 ut
671 2315 799 2350 protinus
823 2315 919 2343 eodem
948 2315 994 2342 die

202 2369 298 2389 omnes
316 2361 474 2388 nummulos
487 2361 520 2388 ad
535 2368 579 2388 res
591 2362 760 2389 necessarias
775 2362 905 2389 emendas
917 2361 995 2388 adhi-

204 2409 296 2435 berem
311 2428 318 2439 ,
336 2415 369 2434 ne
394 2407 477 2434 rebus
492 2407 615 2442 quotidie
632 2407 729 2442 Euripi
753 2407 891 2434 instabilis
907 2408 996 2435 instar

204 2454 401 2481 ﬂuctuantibus
430 2453 497 2480 mihi
524 2454 680 2485 accideret,
711 2457 741 2480 ut
766 2453 841 2480 brevi
869 2458 994 2487 tempore

206 2500 278 2533 quod
295 2504 360 2527 tunc
374 2499 515 2532 haberem,
528 2500 561 2526 ad
579 2499 694 2526 nihil‘um
712 2499 893 2534 redigeretur.
903 2499 992 2533 Atque

209 2552 275 2571 sane
293 2544 407 2571 miratus
429 2552 488 2571 sum
500 2564 507 2574 .
524 2552 567 2571 me
593 2544 658 2571 Dius
673 2544 781 2571 Fidius!
800 2545 936 2578 quomodo
952 2543 993 2570 sol

206 2597 254 2617 sua
270 2589 331 2616 luce
352 2589 455 2616 hancce
472 2593 573 2616 terram
592 2589 757 2617 collustrare
774 2590 917 2616 sustineat.
936 2590 993 2616 Pa-

207 2636 309 2664 tientia:
323 2642 381 2662 sua:
395 2635 516 2662 rationes
536 2636 648 2662 vocibus
663 2636 754 2662 tacitis
776 2636 834 2669 ipse
855 2635 990 2662 sermonis

206 2688 305 2716 expers
318 2689 368 2709 nos
382 2688 397 2708 a
412 2681 552 2707 communi
567 2689 659 2708 rerum
675 2681 771 2716 opiﬁce
783 2688 909 2708 sermone
920 2689 992 2715 pne-

207 2727 280 2755 ditos
296 2727 395 2754 docere
419 2727 537 2756 videtur.
552 2727 599 2761 qui
613 2747 620 2759 ,
637 2735 792 2762 quanquam
806 2735 915 2762 semper
929 2727 992 2755 inde

208 2773 352 2807 praeceptis
365 2774 446 2808 justis
458 2774 577 2800 instituti
591 2779 674 2808 atque
691 2774 847 2809 gubernati,
868 2774 936 2801 nihil
953 2778 994 2801 ta-

211 2825 273 2844 men
294 2826 412 2852 unquam
426 2827 522 2846 eorum
539 2827 600 2853 qua:
616 2828 685 2854 opus
701 2824 774 2851 Slllll,
787 2827 995 2854 cognoscamus.

1043 2325 1103 2351 χρις
1115 2317 1197 2344 ὀκτώ.
1214 2317 1268 2343 Καί
1283 2326 1328 2352 μοι
1346 2318 1412 2351 πρὸς
1436 2318 1482 2349 οὒς
1496 2318 1692 2353 παρεληλυθώς
1716 2327 1757 2350 τις
1772 2319 1827 2346 τῶν

1044 2362 1127 2388 πάλαι
1139 2362 1273 2393 συνήθων,
1287 2360 1443 2396 αὐθημερὸν
1456 2362 1582 2388 ἐκέλευεν
1600 2362 1738 2394 ἐξαντλεῖν
1753 2364 1827 2390 ἅπαν

1044 2407 1074 2432 τδ
1089 2407 1180 2440 κέρμα
1199 2407 1228 2437 ἐς
1249 2407 1283 2433 τὰ
1303 2407 1352 2441 τῆς
1369 2407 1461 2441 χρείας
1483 2407 1695 2442 ἀναγκαιότερα,
1713 2408 1751 2443 μὴ
1767 2409 1827 2435 καθ’

1046 2453 1152 2487 ἡμέρας
1174 2454 1217 2479 ἀεὶ
1242 2453 1297 2480 τῶν
1319 2453 1459 2486 τοιούτων,
1479 2454 1515 2484 ὡς
1538 2454 1615 2488 ὁρᾷς,
1640 2455 1829 2480 ἀστατούντων

1047 2499 1159 2533 εὑρίπου
1173 2499 1260 2534 δίκην,
1272 2500 1393 2534 καταστῇ
1411 2508 1451 2524 σοι
1465 2499 1544 2524 ταυτὶ
1556 2499 1717 2533 κεκτημένῳ
1733 2501 1830 2534 κεκτῆ-

1048 2544 1110 2571 σθαι
1126 2544 1208 2579 μηδὲν
1223 2545 1251 2570 ἐν
1263 2544 1368 2580 βραχεῖ.
1386 2545 1440 2571 Καὶ
1458 2545 1550 2579 μέντοι
1563 2545 1609 2571 καὶ
1624 2544 1780 2578 ἐθαύμασα,
1797 2547 1830 2581 νὴ

1046 2591 1092 2617 τδν
1117 2591 1214 2624 φίλιον,
1232 2590 1306 2622 ὅπως
1331 2591 1457 2626 ἀνέχεται
1480 2591 1530 2621 τὰς
1553 2591 1657 2622 οίκείας
1683 2591 1796 2623 ἀκτῖνας
1817 2594 1830 2624 ὀ

1046 2637 1123 2672 ἥλιος
1141 2636 1304 2672 ἑπιλάμπων
1327 2638 1392 2672 τῇδε
1410 2636 1443 2672 τῇ
1469 2638 1515 2672 γῇ.
1536 2637 1612 2663 Ποιεῖ
1635 2636 1668 2669 δ’,
1684 2637 1722 2669 ὡς
1748 2637 1829 2670 ἔοικε,

1052 2683 1243 2719 μακροθυμίας
1266 2683 1384 2718 τρόπους
1401 2685 1504 2718 φωναῖς
1528 2683 1677 2717 άφθόγγοις
1700 2684 1830 2710 διδάσκων

1050 2731 1122 2764 ἡμᾶς
1146 2731 1160 2756 6
1176 2730 1256 2764 λόγου
1284 2730 1398 2765 μηδαμῆ
1421 2729 1576 2765 μετασχὼν,
1600 2730 1662 2761 τοὺς
1688 2729 1760 2763 λόγῳ
1784 2730 1831 2763 μὲν

1050 2775 1216 2810 τιμηθέντας
1245 2775 1313 2810 πρὸς
1342 2775 1389 2801 τοῦ
1426 2775 1518 2801 κοινοῦ
1530 2766 1730 2809 «δημιουργοῦ,
1760 2774 1831 2808 νομί-

1054 2828 1115 2854 μοις
1137 2820 1160 2846 δ“
1185 2821 1229 2847 ἀεὶ
1261 2820 1478 2856 ρυθμιζομένους
1507 2822 1611 2847 ἐκεῖθεν
1627 2819 1830 2854 παραγγελίαις,

213 2865 360 2899 ἐπαῖοντάς
380 2875 411 2900 γε
427 2867 479 2902 μὴν
494 2867 599 2899 οὐδενὸς
611 2868 717 2903 οὐδαμῆ
734 2868 795 2895 ποῦ’
807 2865 845 2901 ᾧν
862 2868 990 2895 ἁπάντων
1010 2867 1104 2903 ἐχρῆν.
