1900 3063
154 149 188 182 47
752 147 958 178 NICEPIIORI
978 148 1172 178 GIiEGOli/E
1742 146 1777 178 48

151 211 388 235 sacrosanctorum
419 206 549 234 Ecclesia:
586 206 745 241 dogmatuni
776 205 932 234 defensores

987 207 1080 239 ἀκοήν.
1102 206 1206 241 ’Λφ”-οὖ
1224 207 1278 241 γὰρ
1293 206 1340 238 τὰς
1355 206 1491 242 ἡμετέρας
1508 206 1591 232 πᾶσιν
1605 205 1773 232 ἀπέκλεισαν

151 253 272 289 perpessi
291 253 376 280 simus
390 273 398 284 .
412 252 550 288 quomodo
567 252 686 287 denique
701 252 770 279 varii
795 252 936 279 hominum

150 300 234 326 animi
249 300 306 326 sive
324 298 455 326 nobilium
469 299 525 326 sive
538 298 590 325 alia
605 298 724 330 fortuna,
740 305 852 333 genere,
870 306 936 332 pru-

151 345 242 372 dentia
260 346 393 372 utentium
408 348 500 372 nostra
520 352 602 372 causa
623 344 713 371 allecti
731 345 785 371 sint
797 365 804 376 ,
821 349 876 370 tum
900 352 935 372 ne

150 400 201 426 ego
211 392 322 426 quidem
334 392 510 423 cessaverim,
521 399 582 426 quae
597 397 658 425 apta
670 395 743 423 sunt.
762 391 809 418 tibi
822 399 934 426 respon-

151 437 215 464 dere
231 442 258 465 et
269 438 309 465 vel
322 437 486 465 valetudinis
502 437 687 465 imbecillitate
704 438 843 472 animique
857 438 934 471 aegri-

151 485 245 512 tudine
264 485 418 520 posthabita
446 489 518 512 tuam
534 485 630 512 audire
653 484 850 511 narrationem.
873 485 933 517 Quo

150 532 222 558 enim
235 541 267 559 ex
282 537 404 566 tempore
421 535 531 558 nostras
548 531 621 558 fores
633 530 762 557 omnibus
776 530 935 557 clauserunt

151 577 234 603 nostri
251 581 277 604 et
297 577 426 604 Ecclesiae
445 577 597 607 carniﬁces,
612 577 680 603 nihil
696 577 808 603 omnino
823 576 856 603 de
873 577 934 603 tali:

152 622 201 648 litis
218 622 299 649 rebus
316 629 401 656 usque
415 621 448 649 ad
462 621 536 648 hunc
553 620 625 648 diem
642 620 812 648 accurratius
828 621 934 649 discere

151 667 237 701 potui,
252 675 409 702 quanquam
431 675 526 695 earum
552 667 672 702 cognitio
688 667 807 694 maxime
822 667 889 694 milii
907 667 934 695 in

150 714 249 747 optatis
273 719 326 742 est.
347 715 385 741 Ad
401 713 572 748 propositum
589 713 672 748 igitur
687 721 829 748 regressus
842 714 933 741 omnia

992 251 1076 286 θύρας
1095 253 1119 278 oi
1137 253 1185 286 τῆς
1199 251 1341 282 εὐσεϐείας
1366 251 1413 277 καὶ
1429 250 1507 284 ἡμῶν
1530 248 1637 287 δήμιοιἱ
1653 250 1684 276 οὺ
1700 249 1775 277 δεδύ-

990 298 1075 333 νημαι
1099 307 1125 324 τι
1156 297 1238 331 σαφὲς
1262 298 1325 331 περὶ
1347 296 1401 322 τῶν
1421 297 1550 322 τοιούτων
1581 295 1677 329 μαθεῖν
1698 295 1776 321 οὐδὲν

989 345 1096 380 οὐδαμῆ
1117 354 1160 370 πω
1178 345 1260 379 μέχρι
1278 345 1325 370 καὶ
1346 345 1477 378 τήμερον,
1496 342 1527 378 [ί.
1545 343 1595 370 109
1610 351 1625 368 a
1642 341 1652 378 1
1669 342 1716 368 καὶ
1732 343 1775 376 γὲ-

988 391 1063 416 νεταί
1083 399 1127 425 μοι
1152 391 1196 417 διὰ
1214 390 1343 425 πλείστης
1364 390 1485 423 ἐφέσεως
1502 390 1517 423 ἠ
1533 388 1635 415 τούτων
1653 389 1725 422 μάλα
1741 388 1773 421 γέ

988 446 1013 463 τι
1028 437 1138 470 γνῶσις.
1161 436 1317 464 ’Λναλαὸὼν
1346 434 1393 462 οὖν
1423 444 1468 471 μοι
1490 435 1552 468 λέγε
1576 435 1664 462 ταῦτα
1684 435 1774 461 πάντα

987 483 1049 510 καθ’
1063 483 1190 514 ἕκαστον,
1206 483 1363 518 προστιθεὶς
1381 482 1430 509 καὶ
1445 482 1490 508 τὸν
1512 482 1608 516 καιρὸν
1624 481 1693 515 ὁμοῦ
1708 480 1772 507 καθ’

985 531 1015 557 ὃν
1035 539 1064 557 τε
1089 530 1169 561 αὐτος
1200 531 1228 561 ἐς
1251 530 1397 562 Βυζάντιον
1410 527 1488 564 ἧκες,
1504 529 1552 555 καὶ
1579 529 1646 563 πρός
1672 537 1704 563 γε
1732 528 1773 554 ἔτι

985 576 1047 603 καθ’
1063 576 1094 603 ὃν
1107 577 1211 603 ἕκαστα
1231 577 1335 603 τούτων
1352 576 1532 610 ἀκήκοας,ὠ;
1548 576 1581 602 ἂν
1599 574 1661 602 καθ’
1677 575 1773 608 εἱρμὶν

986 623 1092 650 ἐκεῖθεν
1104 623 1252 657 κατιούσης
1269 622 1318 657 τῆς
1328 622 1481 658 διηγήσεως
1497 621 1772 657 εὐπαρακολούθητος

985 669 1032 695 καὶ
1049 669 1147 703 ήμίνὴ
1169 668 1224 694 τῶν
1239 667 1370 694 τοιούτων
1392 667 1546 701 ἐγγίγνοιτο
1569 666 1688 702 μάθησις
1709 666 1775 692 ἑκα-

984 715 1105 750 τέρωθεν
1119 716 1274 750 ἑκατέροις.

152 761 218 788 mihi
231 760 388 795 singulatim
400 761 630 796 exponas,addito
641 761 724 789 etiam
736 767 868 796 tempore.
879 770 935 797 quo
953 763 1114 799 Byzantium
1147 764 1265 792 redieris
1282 768 1310 792 et
1324 771 1378 799 quo
1394 763 1515 799 quidque
1547 762 1696 794 audiveris,
1721 763 1776 798 60

151 813 180 834 ut
198 807 356 835 narratione
380 807 442 836 inde
462 817 496 836 ex
515 809 613 837 ordine
634 810 801 844 procedente
826 810 935 845 utrique
953 817 1079 840 nostrum
1101 811 1222 848 cognitio
1257 819 1350 839 rerum
1385 811 1419 838 ab
1443 815 1558 845 utraque
1575 815 1651 845 parte
1668 809 1776 844 Perspi-

150 863 202 883 cua
217 854 326 882 evadat.

183 923 268 950 XXII.
287 933 295 949 ε
311 923 389 956 Quod
403 924 435 950 ad
453 928 561 959 tempus
584 924 693 958 attinet,
711 924 813 959 inquit,
832 924 937 960 Byzan—
956 927 977 956 Β

150 972 216 998 tium
232 975 293 1005 post
304 971 436 998 caniculae
448 974 540 998 ortum
566 975 660 998 instate
682 971 739 1006 jam
757 975 874 998 exeunte
891 978 936 998 re-

148 1024 244 1044 versus
278 1024 348 1044 sum.
376 1016 443 1043 Navi
474 1024 603 1051 egressus
624 1015 738 1043 domum
764 1015 826 1044 veni
843 1016 936 1050 ibique

147 1063 305 1098 quindecim
330 1062 477 1090 continuos
496 1062 554 1090 dies
577 1067 703 1090 versatus
728 1070 771 1089 me
798 1062 881 1090 refeci
908 1067 937 1090 et

149 1108 294 1144 navigandi
313 1108 452 1136 molestias
474 1108 576 1136 sensim
600 1109 788 1143 paulatimque
806 1108 933 1136 abstersi.

149 1157 229 1183 Hisce
245 1154 342 1182 diebus
357 1154 418 1182 aliis
439 1154 508 1183 alias
527 1155 620 1182 amicis
636 1163 679 1182 me
705 1154 936 1182 convenientibus

146 1207 174 1229 et
189 1209 296 1229 meeum
309 1201 539 1228 conversantibus
563 1206 692 1228 accurate
707 1201 798 1228 omnia
813 1200 935 1235 comperi

146 1251 181 1277 dc
202 1249 304 1285 synodo
331 1249 395 1280 ista,
417 1255 498 1284 quam
527 1246 667 1278 dicebant,
692 1254 745 1282 qua
772 1246 878 1274 ratione
902 1253 936 1274 ex

147 1297 379 1330 tempore‘coacta
391 1297 475 1325 esset.
489 1301 550 1328 qua:
566 1293 602 1320 ibi
616 1300 631 1320 a
644 1292 808 1328 praesidibus
819 1292 935 1319 Palamze

148 1339 365 1375 suliragantibus
391 1342 420 1366 et
453 1338 542 1373 palam
571 1337 758 1373 dejerantibus
793 1337 935 1373 iliegitime

145 1391 231 1422 gesta,
258 1392 312 1421 quo
344 1389 423 1421 pacto
440 1384 538 1420 dogma
564 1384 598 1411 de
623 1384 716 1412 multis
741 1384 936 1412 divinitatibus

146 1439 235 1460 ratum
252 1433 366 1465 factum,
383 1431 545 1467 mysterium
560 1438 627 1458 vero
642 1430 842 1458 incarnationis
853 1438 934 1458 ever-

147 1486 206 1505 sum
224 1483 308 1506 esset.
329 1477 430 1505 Praeter
447 1476 502 1504 alia
517 1483 594 1509 vero,
610 1483 670 1511 qua:
694 1483 727 1502 ne
744 1475 858 1503 auribus
872 1475 935 1510 qui-

147 1525 209 1552 dem
237 1523 393 1556 hominum,
420 1522 467 1557 qui
492 1522 536 1558 pie
560 1527 643 1557 atque
672 1521 813 1549 moderate
843 1521 935 1549 vivere

149 1570 244 1603 velint,
261 1568 408 1604 ingerenda
423 1572 498 1600 sunt,
519 1568 565 1595 illa
581 1575 691 1602 quoque
717 1568 857 1598 nimirum,
874 1575 935 1602 quae

147 1618 266 1645 barbare
283 1621 312 1644 et
326 1615 438 1643 eﬂ‘erate
465 1615 519 1647 isti,
542 1614 643 1649 quibus
667 1618 807 1649 pastorum
831 1620 932 1640 munus

145 1663 255 1698 «ptigit,
270 1667 425 1698 gesserunt,
451 1661 485 1689 de
498 1661 599 1696 quibus
620 1660 777 1696 pastoribus
798 1659 930 1687 Dominus

146 1710 215 1737 dixit
232 1718 240 1737 :
260 1719 270 1736 I
285 1709 414 1737 Pastores
438 1707 624 1739 insaniebant,
645 1711 770 1742 pastores
786 1706 931 1733 vastabant

144 1756 250 1783 vineam
265 1755 385 1782 meam’.
400 1763 409 1780 ι
424 1753 550 1789 Comperi
560 1753 654 1784 etiam.
667 1758 697 1780 ut
712 1752 929 1788 persecutionem

145 1802 386 1831 liorribilissimam
422 1800 523 1836 ubique
553 1800 736 1828 instituissent
768 1809 775 1827 :
806 1803 836 1826 ut
867 1799 931 1826 dein

145 1849 269 1877 nonnulli
284 1848 408 1884 episcopi
422 1855 484 1875 cum
497 1846 637 1874 nonnullis
652 1850 678 1873 et
691 1852 786 1872 omnes
797 1844 852 1872 l‘erc
869 1853 930 1872 cum

145 1896 271 1924 omnibus
284 1894 474 1925 dissedisscut,
497 1898 626 1927 tanquam
648 1890 809 1926 poenitentia
826 1891 889 1918 tacti
904 1895 932 1918 et

144 1940 335 1977 magnitudine
357 1939 493 1966 scelerum
509 1945 621 1965 suorum
638 1937 692 1971 61
709 1935 760 1971 ipsi
792 1935 931 1970 perterriti

144 1987 328 2016 contunielias
343 1990 372 2014 et
385 1984 545 2013 inimicitias
565 1983 688 2011 omnium
706 1982 889 2018 undecunque
903 1984 930 2011 in

143 2041 191 2060 eos
202 2033 333 2060 conllatas
346 2032 458 2058 omnino
471 2029 542 2057 ferre
557 2037 609 2056 non
624 2033 735 2064 possent
749 2037 755 2055 :
769 2033 797 2055 ut
812 2028 932 2063 denique

144 2079 293 2113 imperator
318 2077 346 2104 in
370 2076 476 2103 medios
501 2075 611 2103 irruens
639 2074 708 2102 alios
735 2074 877 2101 blanditiis
905 2078 932 2101 et

147 2122 351 2159 largitionibus,
372 2122 441 2148 alios
457 2121 537 2148 minis
553 2121 604 2147 sibi
628 2119 756 2147 subactos
773 2120 798 2146 in
815 2119 931 2146 Palam-.e

147 2173 237 2204 partes
253 2168 384 2196 traxisset
399 2172 426 2195 et
442 2167 588 2205 eﬂeeisset,
604 2170 632 2192 ut
649 2173 735 2192 novos
755 2170 843 2192 tomos
855 2173 931 2192 eom-

146 2218 280 2250 ponerent
315 2213 416 2249 quibus
441 2212 608 2247 impietatem
633 2211 693 2246 ejus
724 2211 929 2238 conﬁrmarent.

1033 925 1062 952 '0
1081 927 1129 960 μὲν
1142 926 1174 962 δὴ
1194 925 1289 962 χρόνος
1309 925 1372 952 καθ’
1399 925 1428 952 ὃν
1451 924 1571 952 ἐπανιὼν
1589 924 1772 957 κατέπλευσα,

989 973 1081 1007 φησπν,
1094 973 1122 1003 ὲς
1135 971 1295 1005 Βυζάντιον,
1312 972 1382 1006 μετὰ
1398 971 1478 1002 κυνὸς
1493 972 1616 1006 ὑπῆρχεν
1631 971 1772 1004 ἐπιτολὰς,

987 1019 1117 1053 λήγοντος
1135 1019 1186 1054 ἢδη
1205 1018 1253 1046 τοῦ
1280 1018 1388 1054 θέρους.
1416 1017 1504 1045 Εὐθὺς
1528 1015 1575 1044 οὖν
1601 1018 1707 1045 ἀποϐὰς
1723 1018 1774 1049 τῆς

987 1065 1054 1096 νεὼς
1069 1065 1159 1092 οἶκαδε
1173 1065 1377 1100 ἀφικόμην,καὶ
1391 1064 1525 1100 οἰκουρῶν
1539 1063 1731 1091 διετετελέκειν
1741 1065 1774 1100 ήο

986 1111 1060 1142 ideo;
1080 1110 1143 1144 ἑξῆς
1159 1109 1367 1142 πεντεκαίδεκα,
1384 1109 1584 1143 ἀναλαμϐάνων
1596 1118 1626 1136 τε
1640 1109 1771 1144 ἐμαυτὸν,

987 1156 1034 1183 καὶ
1049 1148 1097 1190 τὴν
1117 1156 1150 1183 ἐκ
1175 1155 1312 1190 Θαλάττης
1331 1155 1423 1190 ἠρέμα
1439 1155 1570 1182 καὶκατὰ
1593 1155 1691 1190 μικρὸν
1706 1155 1773 1182 ἀπο-

986 1201 1148 1236 τριϐόμενος
1163 1201 1271 1236 ἀηδίαν.
1291 1201 1346 1227 Καὶ
1360 1201 1452 1236 μὲνδὴ
1471 1201 1524 1228 τῶν
1540 1201 1651 1237 ἡμερῶν
1667 1201 1771 1236 μεταξὺ

986 1247 1102 1274 τουτωνὶ¹
1129 1247 1297 1283 προσιόντων
1319 1247 1408 1274 ἄλλοτ’
1432 1247 1520 1274 ἄλλων
1540 1247 1624 1281 φίλων
1640 1246 1687 1273 καὶ
1711 1247 1773 1281 ὁμι-

987 1292 1105 1319 λούντων
1132 1294 1198 1327 ἡμῖν
1223 1293 1344 1328 ἀκριϐῶς
1373 1293 1519 1327 ἀκηκοέναι
1544 1302 1588 1328 μοι
1612 1294 1725 1326 γέγονεν
1742 1292 1774 1319 ἆ-

988 1347 1088 1370 παντα,
1110 1339 1160 1373 τήν
1181 1338 1205 1366 τ’
1231 1339 1435 1374 ὀνομαζομένην
1449 1339 1549 1366 οὑτωσί
1576 1347 1635 1371 πως
1653 1338 1772 1369 σύνοδον,

987 1386 1061 1418 ὅπως
1086 1394 1115 1412 τε
1133 1385 1314 1421 ὲσχεδίασται,
1337 1386 1385 1412 καὶ
1403 1387 1453 1412 ὅσα
1476 1386 1634 1420 πέπρακται
1658 1385 1776 1420 παρανό-

988 1439 1046 1465 μως
1066 1432 1124 1458 ἐκεῖ
1139 1432 1206 1466 πρδς
1221 1432 1276 1458 τῶν
1292 1432 1432 1467 προέδρων
1447 1432 1501 1459 τῶν
1527 1432 1646 1468 Παλαμᾷ
1662 1440 1776 1466 συμμα-

987 1477 1106 1512 χούντων
1120 1478 1166 1504 καὶ
1182 1477 1452 1512 ἀνακεκαλυμμένως
1464 1477 1676 1512 ἐπιορκούντων,
1691 1476 1730 1503 ἔτι
1742 1485 1772 1502 τε

987 1523 1060 1554 ὅπως
1075 1523 1105 1549 τὸ
1122 1523 1171 1558 μὲν
1191 1524 1240 1559 τῆς
1260 1523 1406 1555 πολυθετις
1424 1523 1565 1559 ἠκύρωιαι
1584 1524 1681 1559 δόγμα,
1699 1523 1729 1549 τὺ
1744 1522 1772 1550 δὲ

987 1569 1036 1603 τῆς
1054 1570 1189 1605 ὲνσάρκου
1207 1571 1359 1605 μυστήριον
1373 1571 1531 1605 οἰκονομίας
1554 1570 1706 1606 ἀνῄρηται·
1725 1570 1773 1596 καὶ

986 1617 1054 1650 πρός
1067 1625 1098 1649 γε
1115 1618 1170 1648 τοῖς
1190 1617 1290 1650 ἄλλοις,
1311 1618 1329 1644 ὃ.
1345 1617 1406 1652 μηδ’
1422 1618 1491 1652 ἀκοῇ
1511 1618 1662 1653 σωφρονεῖν
1679 1617 1713 1643 δι’
1729 1617 1775 1643 εὑ-

985 1661 1091 1688 σέῦειαν
1118 1663 1324 1700 προαιρουμένῃ
1341 1663 1442 1691 διδόναι
1462 1663 1562 1699 χρεὼν,
1588 1665 1702 1691 κάκεῖνα
1724 1664 1772 1694 δη-

982 1707 1048 1744 λαδὴ
1062 1709 1112 1735 ὅσα
1138 1709 1315 1745 βαρϐαρικῶς
1342 1718 1370 1736 τε
1389 1710 1435 1736 καί
1458 1709 1599 1744 θηριωδῶς
1626 1710 1773 1745 εἴργασται

983 1753 1051 1787 πρὸς
1064 1753 1118 1779 τῶν
1133 1755 1288 1788 ποιμαίνειν
1302 1754 1437 1789 λαχόντων
1449 1756 1499 1789 τὴν
1516 1755 1690 1790 Ἐκκλησίαν,
1705 1757 1772 1791 περὶ

982 1795 1045 1826 ὦνὸ
1061 1799 1163 1834 Κύριος
1180 1800 1243 1834 ἔφη,
1262 1809 1271 1825 ι
1294 1800 1426 1835 [Ιοιμένες
1441 1801 1656 1836 ὴφρονεὺσαντο,
1673 1802 1772 1835 ποιμέ-

983 1853 1027 1876 νες
1043 1845 1202 1880 διέφθειραν
1220 1846 1266 1872 τὸν
1291 1847 1441 1881 ἀμπελῶνά
1457 1856 1519 1881 μου.
1542 1857 1551 1873 ι
1583 1849 1637 1874 Καὶ
1653 1849 1711 1883 ἅμα
1725 1849 1772 1876 τὸν

983 1891 1030 1917 ἐπὶ
1041 1890 1146 1922 τούτοις
1162 1892 1382 1927 φρικωδέστατον
1398 1894 1442 1919 καὶ
1458 1894 1627 1920 παντοδαπὸν
1639 1894 1770 1929 διωγμὸν,

982 1936 1103 1963 κᾶπειτα
1119 1937 1194 1970 ὅπως
1209 1946 1239 1964 τε
1257 1938 1438 1973 διηνέχθησαν
1457 1939 1524 1964 ἔνιοι
1545 1939 1605 1965 κατ’
1619 1941 1698 1966 ένίων
1711 1941 1772 1967 ἐπί-

984 1991 1092 2014 σκοποι,
1109 1983 1156 2009 καὶ
1173 1983 1267 2018 σχεδὸν
1293 1983 1414 2015 ἅπαντες
1442 1985 1502 2010 καθ’
1519 1986 1659 2018 ἁπάντων,
1676 1986 1770 2022 ὥσπερ

983 2027 1015 2053 ὲκ
1037 2027 1192 2061 μεταμέλοι)
1214 2028 1244 2053 τὸ
1262 2027 1377 2062 μέγεθος
1392 2028 1447 2054 τῶν
1471 2031 1611 2064 σφετέρων
1625 2031 1770 2064 ἁτοπημά-

982 2081 1037 2100 των
1063 2074 1287 2110 ἐκπεπληγμένοι
1314 2083 1355 2108 τε,
1373 2077 1421 2102 καὶ
1446 2075 1507 2102 οὐδὲ
1525 2077 1619 2110 φέρειν
1643 2078 1772 2110 καθάπαξ

983 2120 1141 2155 ἀνεχόμενοι
1153 2120 1200 2151 τὰς
1218 2121 1326 2148 πάντων
1338 2121 1381 2148 διὰ
1398 2122 1484 2148 ταῦτα
1499 2123 1667 2158 πανταχόθεν
1680 2124 1771 2158 ὕϐρεις

984 2166 1033 2192 καὶ
1048 2166 1198 2201 ἀπεχθείας
1209 2175 1216 2182 ·
1234 2168 1280 2193 καὶ
1292 2168 1365 2199 ὅπως
1383 2169 1396 2194 ὁ
1409 2168 1536 2202 βασιλεὺς
1550 2169 1652 2204 μεταξὺ
1666 2178 1773 2205 παρεμ-

985 2211 1077 2239 πεσὼν
1095 2213 1158 2244 τοὺς
1175 2213 1224 2247 μὲν
1245 2213 1378 2244 θωπείαις
1394 2215 1439 2241 καὶ
1455 2216 1604 2250 χρημάτων
1617 2217 1770 2252 διανομαῖς.

145 2261 212 2289 Cum
238 2267 304 2287 vero
330 2259 363 2285 de
378 2258 484 2285 ueteris
509 2256 638 2283 omnibus
660 2256 741 2283 rebus
767 2257 788 2283 si
808 2264 931 2290 quLerere

987 2259 1046 2290 τοὺς
1061 2258 1082 2284 δ’
1099 2259 1225 2291 ἀπειλαῖς
1238 2260 1397 2294 ὑπηγάγετό
1413 2270 1440 2287 τε
1458 2263 1504 2288 καὶ
1516 2262 1554 2296 τῷ
1571 2263 1689 2300 [ιαλαμᾷ
1705 2273 1773 2299 συμ-

145 2311 228 2341 atque
245 2304 418 2340 percunctari
440 2303 548 2333 vellem,
575 2302 678 2338 majore
703 2301 769 2328 milii
790 2302 847 2329 otio
863 2309 932 2337 opus

144 2358 227 2385 esset,
246 2353 273 2379 in
288 2352 341 2378 alia
358 2356 481 2385 tempora
503 2350 528 2376 id
551 2349 731 2376 dilierendum
744 2357 804 2376 esse
823 2349 928 2384 putavi,

144 2404 227 2434 atque
240 2398 347 2425 duabus
358 2401 464 2424 tantum
481 2396 555 2423 hisce
573 2395 655 2422 rebus
668 2395 822 2422 accuratius
838 2394 932 2427 explo-

147 2444 240 2472 randis
269 2451 351 2471 omne
377 2442 499 2470 studium
532 2447 560 2468 et
585 2448 695 2475 operam
727 2439 866 2475 impendi,
902 2445 932 2466 ut

145 2491 262 2526 primum
286 2489 396 2524 quidem
414 2495 620 2523 cognoscerem,
649 2494 698 2512 cur
724 2486 750 2512 in
777 2485 929 2512 custodiam

144 2537 308 2564 atrociorem
337 2541 362 2562 te
389 2542 471 2569 quam
498 2534 619 2568 reliquos
647 2532 841 2559 includendum
868 2539 929 2558 esse

143 2586 312 2620 imperantes
334 2582 521 2610 decrevissent
539 2590 545 2609 :
565 2580 666 2608 deinde
693 2579 823 2613 quidnam
848 2579 929 2605 novis

144 2630 202 2657 istis
218 2629 299 2657 tumis
314 2628 347 2656 ab
361 2628 498 2663 episcopis
521 2632 549 2654 et
573 2625 787 2661 imperatoribus
810 2624 930 2659 perscri-

143 2683 219 2711 ptum
237 2680 310 2703 esset
326 2679 353 2702 et
369 2682 453 2709 quare
471 2681 518 2701 eos
534 2681 548 2699 a
565 2680 594 2699 se
608 2673 675 2707 ipsis
691 2671 830 2698 confectos
845 2670 927 2698 etiam

143 2723 214 2758 apud
231 2729 260 2749 se
283 2721 449 2752 retinerent,
467 2718 637 2754 argumentis
664 2725 772 2750 eorum,
798 2725 830 2744 ne
852 2718 929 2752 quis-

144 2775 225 2801 quam
239 2775 270 2794 ea
287 2766 430 2801 explorare
452 2769 553 2800 posset,
580 2763 714 2799 profunda
739 2764 928 2791 taciturnitate

178 2868 187 2882 ‘
205 2867 304 2895 Jerem.
327 2875 376 2900 xu,
392 2867 435 2894 10.

986 2304 1090 2339 μάχους
1119 2303 1189 2331 εἶναι
1219 2306 1350 2332 πέπεικεν
1380 2308 1433 2337 ἀεὶ.
1452 2309 1499 2335 καὶ
1519 2309 1617 2341 τόμους
1648 2308 1771 2336 τίθεσθαι

983 2350 1107 2381 καινοὺς,
1126 2350 1173 2384 τῆς
1187 2350 1269 2377 αὑτοῦ
1285 2351 1437 2385 βεῦαιωτὰς
1455 2352 1625 2384 ὁυσσεῦείας.
1645 2354 1705 2380 Τῶν
1722 2355 1771 2388 μὲν

982 2393 1028 2421 οὖν
1052 2395 1140 2422 ἄλλων
1165 2396 1293 2422 ἁπάντων
1309 2397 1373 2431 πέρι
1398 2397 1491 2432 ζητεῖν
1508 2399 1556 2424 καὶ
1580 2399 1771 2434 διερευνᾶσθαι

984 2441 1137 2476 βούλεσθαι,
1154 2442 1201 2468 an
1218 2442 1316 2477 σχολῆς
1330 2443 1445 2477 δεόμενα
1460 2445 1599 2476 πλείονος,
1616 2447 1721 2481 ἑτέροις
1743 2448 1769 2473 ἐξ

984 2495 1076 2522 γνωκα
1104 2488 1158 2514 δεῖν
1176 2490 1355 2524 ταμιεύεσθαι
1371 2492 1492 2525 χρόνοις·
1518 2493 1598 2524 αὐτὸς
1619 2493 1647 2520 δὲ
1676 2495 1771 2527 μόνοις

982 2534 1042 2560 δυσὶ
1060 2535 1180 2561 τουτοισὶ
1194 2536 1243 2570 τὴν
1257 2537 1347 2563 πᾶσαν
1369 2537 1415 2563 τοῦ
1433 2539 1516 2564 πόθου
1543 2539 1661 2574 σπουδὴν
1676 2542 1771 2573 περιέ-

982 2580 1089 2614 κλεισα,
1102 2583 1151 2616 τήν
1166 2591 1196 2608 τε
1210 2583 1350 2619 κάθειρξιν
1359 2585 1409 2619 τὴν
1420 2584 1469 2620 σὴν
1483 2586 1589 2620 μαθεῖν,
1601 2586 1701 2622 δηλαδὴ
1712 2589 1768 2615 mi).

981 2627 1008 2658 ές
1019 2627 1048 2653 τὸ
1062 2627 1215 2663 βιαιότερον
1231 2629 1246 2664 ῆ
1262 2630 1333 2656 κατὰ
1349 2631 1411 2661 τοὺς
1421 2631 1516 2662 ἄλλους
1532 2631 1770 2666 ὲξενηνέχθαιτοῖς

981 2672 1113 2707 ἄρχουσιν
1140 2674 1182 2707 εἴη
1198 2674 1394 2710 ἐψηφισμένον,
1413 2676 1460 2702 καὶ
1486 2676 1544 2709 ἅμα
1572 2677 1598 2702 τί
1623 2677 1656 2703 ἂν
1677 2679 1720 2713 εἴη
1736 2680 1770 2705 τὰ

980 2719 1036 2748 τοῖς
1053 2720 1158 2750 καινοῖς
1177 2720 1245 2753 πρὸς
1270 2720 1323 2746 τῶν
1341 2721 1500 2747 ἐπισκόπων
1516 2722 1562 2748 καὶ
1578 2721 1712 2757 βασιλέων
1725 2725 1770 2757 ἑγ-

981 2764 1163 2799 γεγρσμμένα
1178 2766 1282 2800 τόμοις,
1305 2768 1352 2793 καὶ
1371 2767 1432 2793 ὅτου
1449 2767 1528 2803 χάριν
1549 2769 1626 2796 αὐτοὶ
1643 2769 1704 2798 καθ’
1719 2771 1770 2797 αὑ-
