1900 3063
182 132 222 166 79

778 135 981 166 NICElIlUIil
1005 136 1195 166 GREGORE

1767 136 1802 166 80

183 198 245 226 qua:
256 188 353 219 manus
369 192 444 219 omni
460 197 548 220 morte
570 192 665 228 plenas
680 193 868 227 protendunt;
884 201 950 228 quar

1002 202 1095 228 ιστην,
1118 194 1164 220 καὶ
1188 194 1226 229 μὴ
1243 195 1329 229 ῥᾷστα
1351 194 1503 229 δυναμένην
1528 195 1693 229 ἀναίμακτον
1710 196 1804 226 προϊε-

183 236 344 271 priusquam
369 239 432 272 quis
457 239 550 266 lstluui
579 239 664 265 instar
693 238 804 266 ﬂuctum
833 239 962 273 utrinque

183 281 333 310 irruentem
358 285 488 318 reprimat
508 290 535 311 et
559 286 584 310 in
611 285 692 311 alium
713 285 802 311 locum
825 290 962 319 transgre-

182 325 284 359 diatur,
313 334 375 353 eum
411 328 554 361 utriusque
585 334 698 354 necesse
725 333 768 354 est
794 327 962 354 constituere

182 371 264 406 leges.

1016 241 1078 266 σθαι
1094 241 1143 274 τὴν
1169 240 1331 275 μεταϐολὴν,
1358 241 1411 268 οὐδ’
1433 241 1497 267 ἄνευ
1519 241 1548 267 τὸ
1572 241 1696 267 πλεῖστον
1714 242 1802 267 εἰπεῖν

1015 286 1062 312 τοῦ
1079 285 1178 320 βιαίου.
1196 286 1316 312 Δεδιέναι
1329 286 1394 319 γοῦν
1411 287 1456 313 καὶ
1475 287 1522 317 τὰς
1537 286 1732 320 ὲφεδρτυούσας
1745 286 1802 316 τοῖς

1015 330 1146 361 τοιούτοις
1175 331 1273 364 κῆρας,
1298 331 1360 358 ὅσαι
1388 331 1509 357 θανάτων
1537 331 1671 357 παντοίων
1697 330 1801 364 μεστὰς

1017 373 1186 400 ὑποτείνουσι
1213 375 1324 409 χεῖρας·
1348 375 1394 401 καὶ
1421 375 1518 409 χρῆναι
1543 375 1586 401 διὰ
1605 375 1709 406 ταῦτα,
1736 374 1801 409 πρὶν

183 420 349 455 μεταστῆναι
367 421 411 447 τὸν
427 421 503 457 δίκην
523 421 619 456 ἰσθμοῦ
634 422 695 453 τοὺς
712 420 882 455 ἑκατέρωθεν
908 421 1120 455 ἀναχαιτίζοντα
1145 422 1294 454 κλύδωνας,
1316 423 1379 454 τοὺς
1413 423 1552 457 ἑκατέρων
1584 423 1724 457 ὁρισθῆναι
1758 424 1802 448 (ε-

182 475 277 502 σμονς.

218 514 277 541 XII.
300 515 451 548 Imperator
482 513 566 549 igitur
597 521 659 540 cum
692 517 793 540 tantam
820 515 847 540 in
878 513 974 548 tantis,

181 560 310 594 temporis
335 559 473 594 angustiis
494 560 521 586 in
547 566 575 585 se
598 559 747 586 irruentem
767 563 969 593 tempestatum

179 606 231 632 vim
256 605 372 637 videret,
399 606 496 631 acerbe
526 605 551 631 id
579 604 692 636 ferebat,
718 604 876 639 indignatus
891 609 960 638 erat,

178 651 282 685 magnis
295 650 434 684 variisque
459 650 600 676 doloribus
616 650 737 676 animum
756 650 882 684 augebat.
899 650 959 677 Non

176 695 250 722 enim
273 695 402 726 habebat,
421 694 492 721 unde
518 694 631 721 verbum
657 694 869 721 consolatorium
885 695 956 722 acci-

176 745 275 776 peret;
295 748 379 775 quare
405 748 464 767 sese
481 741 569 775 ipsum
591 740 646 767 fere
663 740 824 774 deplorabat
836 745 864 767 et
878 740 957 774 quasi

176 787 351 821 desperatam
371 787 457 813 vitam
482 786 580 821 degere
596 786 752 813 videbatur.
769 786 884 821 Semper
897 790 958 814 erat

179 832 332 859 taciturnus
355 839 444 866 neque
466 839 528 859 cum
553 839 691 866 quoquam
712 832 819 859 occulta
836 832 957 867 pectoris

176 878 380 905 communicare
400 877 520 905 volebat.
539 876 624 905 Omne
641 877 713 904 enim
730 877 874 904 consilium
892 876 957 911 reji-
972 873 993 902 Β

175 933 237 953 cere
252 925 357 952 solebat
372 924 454 951 etiam
469 929 617 958 antequam
634 923 754 950 audiret.
768 923 856 950 Tanta
874 922 957 956 igitur

174 977 297 996 aerumna
325 976 386 996 cum
405 968 547 1003 conjugem
568 967 671 994 videret
694 968 823 994 amictum
839 967 957 1001 impera-

176 1015 238 1047 trix,
258 1015 320 1041 talia
343 1014 375 1041 ad
395 1021 458 1040 eum
483 1014 575 1040 «licere
598 1021 695 1040 exorsa
710 1018 771 1040 est:
788 1022 798 1038 ι
821 1013 879 1040 Non
896 1013 956 1039 sine

175 1062 220 1088 l‘ei
245 1061 356 1088 numine
373 1060 531 1087 hominibus
547 1064 592 1086 aut
609 1060 757 1086 infortunia
771 1059 892 1086 accidere
910 1063 956 1086 aut

174 1115 217 1134 res
231 1114 376 1142 prosperas
392 1108 514 1137 evenire,
533 1106 669 1133 neminem
685 1105 811 1140 ignorare
825 1104 955 1136 arbitror,

172 1152 218 1186 qui
236 1151 334 1178 utentis
353 1151 407 1186 95
425 1157 508 1185 atque
523 1151 631 1177 consilii
655 1151 792 1185 particeps
813 1157 866 1181 res,
887 1156 956 1183 quo-

172 1197 253 1224 modo
277 1204 392 1231 qumque
418 1201 542 1230 agantur,
566 1199 639 1222 recte
665 1195 822 1229 perspiciat.
846 1193 954 1220 Justum

171 1250 236 1270 vere
260 1249 320 1269 esse
345 1243 427 1268 Deum
450 1246 478 1268 et
498 1241 587 1275 justos
611 1241 735 1266 homines
756 1239 790 1266 ab
806 1246 838 1266 eo
856 1237 953 1270 amari,

170 1289 253 1316 etiam
279 1288 332 1315 hoc
348 1291 414 1322 puto
428 1287 557 1314 omnibus
578 1293 736 1320 persuasum
761 1293 820 1312 esse
833 1291 953 1319 quorum

170 1334 256 1361 animi
281 1333 468 1369 gubernaculo
492 1331 645 1367 prudentiae
666 1331 829 1366 dirigantur.
847 1329 955 1365 Siquis

169 1380 244 1407 enim
266 1386 345 1406 mane
359 1378 451 1407 studio
465 1385 545 1405 suum
565 1378 627 1410 iter,
644 1382 674 1404 ut
690 1376 726 1404 ita
740 1376 840 1408 dicam.
857 1383 954 1410 perse-

167 1428 215 1463 qui
243 1427 295 1455 sibi
322 1425 510 1462 proposuerit,
525 1432 642 1459 vespera
661 1428 753 1451 autem
772 1430 861 1458 usque
883 1422 952 1450 adeo

169 1473 307 1508 posterius
323 1472 424 1499 sedens
439 1470 634 1504 conspiciatur,
653 1477 734 1504 quam
754 1469 871 1496 debebat
887 1476 952 1503 pro-

167 1525 280 1554 gressus
293 1523 364 1548 esse,
381 1516 424 1543 vel
438 1515 534 1550 pusilla
555 1519 646 1542 mente
669 1514 792 1541 imbutus
813 1515 951 1542 intellexe-

168 1565 215 1596 rit,
231 1564 283 1591 hoc
300 1562 345 1590 Dei
358 1569 419 1589 esse
435 1561 550 1592 facinus,
565 1561 611 1595 qui
628 1560 746 1587 hominis
760 1560 839 1587 istius
857 1568 947 1588 mores

167 1609 330 1644 improbans
341 1607 482 1638 omnibus,
495 1613 555 1641 qua:
569 1606 613 1632 ille
627 1605 692 1640 agit.
707 1605 851 1632 manifesto
869 1613 949 1641 repu-

165 1660 231 1691 gnat
250 1655 364 1690 ejusque
385 1652 506 1680 studium
522 1651 554 1678 ad
571 1651 750 1682 contrarium,
763 1658 845 1685 quam
869 1651 947 1677 initia

167 1700 365 1736 promiserunt,
380 1696 572 1725 circumflectit
587 1695 701 1723 exitum.
725 1696 835 1723 Memini
855 1700 946 1723 autem

166 1747 314 1781 Gregoram
337 1751 390 1771 non
406 1742 490 1770 semel
502 1750 553 1769 nec
571 1742 613 1768 bis
628 1746 715 1774 terve,
734 1741 781 1769 sed
797 1741 947 1776 saepissime

166 1793 194 1820 in
209 1791 301 1826 longis
316 1795 398 1825 atque
415 1789 498 1816 variis
518 1788 665 1822 colloquiis
689 1787 787 1815 crebro
801 1787 945 1815 nobiscum

165 1838 211 1866 hic
234 1836 377 1868 institutis,
405 1836 431 1862 id
452 1834 525 1869 quod
546 1835 604 1869 ipse
630 1833 701 1860 haud
729 1833 852 1868 ignoras,
866 1833 945 1861 nobis

164 1883 269 1913 dicere,
294 1882 382 1909 libros
407 1880 521 1907 Palmum
547 1886 643 1914 magna
668 1883 776 1906 scatere
796 1878 944 1913 impietate.

163 1930 238 1962 Quos
256 1929 278 1956 si
295 1935 345 1955 nos
359 1927 545 1960 reciperemus
559 1933 591 1952 ac
607 1933 704 1960 magno
721 1925 814 1952 favore
830 1929 857 1952 et
871 1925 944 1952 omni

163 1974 355 2003 benevolentia
373 1978 614 2008 prosequeremur.
634 1971 702 1999 nulli
726 1972 764 1998 rei
791 1971 908 2006 publica:
929 1979 944 1998 a

163 2022 243 2049 nobis
256 2025 392 2055 susceptae
407 2020 492 2046 Deum
513 2018 617 2053 justum
640 2025 786 2052 prosperos
801 2025 945 2045 successus

163 2068 292 2095 daturum
314 2072 387 2098 esse,
408 2064 478 2092 dixit
499 2068 583 2098 atque
599 2063 724 2098 promisit
741 2063 796 2095 ille,
808 2063 855 2091 sed
876 2063 944 2096 fore,

165 2119 193 2140 ut
208 2113 299 2140 omnia
322 2111 551 2138 subverterentur
568 2116 599 2136 ac
624 2108 769 2136 manifesto
784 2116 945 2143 corrumpe-

165 2163 258 2185 rentur
278 2156 359 2183 vtlnti
385 2159 492 2189 segetes
506 2153 661 2188 fulguribus
681 2153 819 2180 mihereis.
836 2154 882 2180 Sin
897 2161 944 2180 au-

964 1536 984 1563 C

1051 513 1098 540 iB’.
1116 515 1258 550 Τοσαύτην
1279 514 1370 541 τοίνυν
1387 515 1448 541 κατ’
1461 515 1544 542 αὐτοῦ
1564 517 1694 551 ραγεῖσαν
1711 518 1800 551 κυμά-

1013 568 1067 585 των
1082 560 1228 595 ὲπαγωγὴν
1244 561 1272 586 ὲν
1288 560 1379 595 ταυτῷ
1405 561 1525 596 συνορῶν
1548 562 1563 588 ὁ
1586 561 1710 596 βασιλεὺς
1726 562 1799 589 οὕτω

1014 605 1099 640 στενῷ
1114 608 1211 641 κομιδῆ
1228 606 1266 641 τῷ
1282 607 1382 642 καιρῷ,
1406 608 1522 642 ἦσχαλλέ
1537 616 1566 634 τε
1582 609 1627 634 κοιλ
1641 608 1797 643 ἐδυσφόρει,

1012 651 1059 676 καὶ
1075 652 1192 686 μακραῖς
1207 652 1334 678 ἐϐάλλετο
1362 654 1410 679 καὶ
1431 654 1613 688 πολυτρόποις
1637 655 1684 690 τὴν
1707 655 1798 690 ψυχὴν

1011 696 1128 727 ὀδύναις.
1145 696 1187 730 Μὴ
1203 697 1273 732 ἔχων
1287 698 1309 723 δ’
1327 698 1380 732 ὅπη
1397 698 1496 733 βλέψας
1513 700 1671 734 παρήγορον
1689 701 1720 727 ἄν
1737 709 1798 727 τιια

1011 740 1118 772 δέξαιτο
1136 741 1225 774 λόγον,
1241 741 1330 768 ἕστενέ
1349 751 1406 775 πως
1422 744 1470 770 καὶ
1488 744 1580 775 αὑτὸν,
1598 746 1643 771 καὶ
1662 743 1717 771 οἷον
1729 747 1769 772 ἀπ
1777 758 1798 771 .-

1011 785 1150 822 λεγομένῳ
1165 787 1247 822 ἐῴκει
1261 788 1291 814 τὸ
1309 788 1368 823 ζῇν.
1392 789 1548 824 Ἐχεμυυῶν
1562 790 1614 826 γὰρ
1631 789 1665 826 ἦν
1678 791 1731 823 ἀεὶ,
1749 793 1797 819 xz‘t

1010 832 1099 859 οὐδενί
1115 842 1178 859 ποτε
1196 834 1251 859 τῶν
1275 834 1403 861 ἁπάντων
1418 835 1545 863 ὲὸούλετο
1569 837 1727 865 κοινοῦσθαι
1740 839 1796 865 τῶν

1007 878 1057 912 τῆς
1073 878 1162 913 ψυχῆς
1178 879 1342 916 ἀπορρήτων
1363 881 1439 908 οὐδὲν
1461 881 1585 918 οὐδαμῆ·
1611 884 1721 911 πάντων
1741 885 1796 920 γὰρ

1008 924 1137 957 καθάπαξ
1152 926 1365 962 ἀποδοκιμάζειν
1382 927 1476 955 εἴωθεν
1493 929 1537 956 ἀεὶ
1559 929 1593 956 τὰ
1610 930 1795 965 βουλεύματα,

1007 970 1054 996 καὶ
1069 972 1135 1005 πρὶν
1148 972 1274 1000 ἀκοῦσαι,
1291 974 1369 1001 Οὓτω
1384 974 1474 1002 τοίνυν
1486 975 1594 1011 ὁρῶσαν
1606 978 1656 1011 τὴν
1670 977 1795 1012 βασιλίδα

1006 1016 1052 1042 τὸν
1079 1017 1194 1050 σύζυγον
1214 1018 1308 1053 ἔχοντα
1334 1019 1432 1055 λύπης,
1459 1021 1580 1056 φάσκειν
1602 1022 1681 1058 ἐπῄει
1709 1024 1794 1050 τοιαδὶ

1007 1062 1075 1096 πρὸς
1108 1064 1204 1089 αὐτόν·
1236 1065 1298 1091 Ὅτι
1328 1066 1376 1100 μὲν
1401 1067 1451 1093 οὐκ
1478 1067 1552 1094 ἀθεεὶ
1575 1068 1623 1098 τὰς
1649 1071 1793 1105 συμφορὰς

1006 1106 1112 1133 ὲπιέναι
1126 1108 1181 1138 τοῖς
1195 1108 1348 1144 ἀνθρώποις
1361 1110 1428 1143 ἔστι,
1442 1111 1567 1147 καθάπερ
1581 1112 1717 1147 δήπουθεν
1731 1115 1792 1141 οὐδὲ

1005 1149 1054 1181 τὰς
1070 1151 1234 1186 εὐπραγίας,
1256 1153 1363 1187 ἀγνοεῖν
1377 1152 1455 1190 οἶμαι
1477 1157 1532 1183 τῶν
1555 1158 1665 1185 πάντων
1683 1160 1790 1194 οὐδένα,

1005 1194 1045 1227 οἷς
1061 1196 1106 1222 νοῦ
1132 1197 1240 1231 μέτεστι
1257 1199 1304 1225 καὶ
1326 1199 1455 1234 διανοίας,
1482 1202 1537 1229 τῶν
1559 1204 1603 1230 ἀεὶ
1621 1207 1792 1239 γιγνομένων

1006 1242 1212 1276 στοχαζομένοις
1226 1243 1325 1278 ὀρθῶς.
1348 1246 1457 1273 Δίκαιον
1473 1247 1497 1274 δ’
1515 1246 1586 1276 εἶναι
1604 1250 1649 1277 τὸν
1663 1251 1730 1278 Θεὸν
1743 1253 1791 1280 καὶ

1004 1287 1094 1313 δίκαια
1107 1288 1227 1323 δρῶντας
1239 1290 1399 1325 ἀνθρώπους
1414 1293 1511 1326 φιλεῖν,
1525 1295 1572 1322 καὶ
1585 1296 1662 1323 τοῦτο
1676 1297 1698 1323 δ’
1712 1296 1790 1333 οἶμαι

1003 1333 1061 1378 τοῖς
1076 1333 1161 1360 ἅπασι
1176 1335 1314 1370 γνώριμον
1332 1334 1402 1364 ιῐναι
1424 1335 1464 1369 οἷς
1480 1339 1525 1366 τὸν
1552 1340 1614 1367 νοῦν
1636 1342 1686 1377 τῆς
1699 1343 1789 1378 ψυχῆς

1002 1376 1071 1409 οἴαξι
1099 1378 1338 1414 πηδαλιουχεῖσθαι
1369 1381 1548 1419 ξυνερρυήκει
1578 1376 1788 1418 συνέσεωςίίίίὸ

1003 1420 1068 1453 γοῦν
1082 1421 1167 1449 ἕωθέν
1181 1431 1242 1450 τινα
1255 1424 1304 1460 τὴν
1321 1426 1415 1457 πρόσω
1430 1428 1514 1461 φάναι
1530 1430 1642 1465 πορείαν
1669 1431 1788 1465 βαδίζειν

1112 1468 1213 1513 σπουδῇ
1226 1470 1393 1505 προθέμενον
1403 1473 1530 1500 τοσοῦτον
1540 1475 1651 1502 ὄπισθεν
1665 1478 1787 1513 ἑσπέρας

1001 1510 1117 1547 δρᾶσθαι
1133 1512 1286 1548 καθήμενον
1304 1515 1366 1541 ὅσον
1386 1516 1541 1551 ἔμπροσθεν
1556 1520 1650 1554 ἐχρῆν,
1664 1510 1743 1547 τοῦτο
1757 1522 1786 1548 δὲ

1000 1557 1048 1599 καὶ
1062 1553 1103 1589 οἷς
1115 1557 1204 1592 ὀλίγος
1217 1559 1360 1594 Ξμπέφυκι
1374 1561 1444 1594 νοῦς,
1459 1564 1536 1599 γνοίη
1550 1553 1663 1592 adesos
1676 1567 1785 1599 πάντως

999 1597 1079 1632 εἶναι,
1096 1601 1165 1635 μήτε
1184 1601 1236 1637 μὴν
1247 1604 1304 1634 τοῖς
1319 1603 1365 1630 τοῦ
1378 1597 1536 1639 βαδίζοντος
1545 1608 1657 1643 τρόποις
1669 1597 1785 1645 ἀρεσκοξ

1000 1645 1093 1681 μένου,
1109 1647 1156 1673 καὶ
1172 1647 1230 1682 ἄμα
1242 1649 1298 1680 τοῖς
1309 1650 1397 1686 τούτῳ
1411 1652 1563 1687 δρωμένοις
1579 1653 1681 1682 ἅπασιν
1694 1657 1785 1690 ἐμφα-

998 1690 1050 1737 νῶς
1073 1693 1242 1727 μαχομένου.
1267 1694 1314 1721 καὶ
1341 1697 1369 1727 ἐς
1395 1697 1431 1724 τὰ
1461 1699 1533 1725 πάνυ
1561 1699 1616 1726 τῶν
1633 1701 1784 1737 προοιμίων

999 1736 1184 1765 ιναντιώτατα
1199 1739 1306 1775 πέρατα
1323 1741 1372 1777 τὴν
1393 1744 1511 1778 σπουδὴν
1531 1745 1782 1781 ἁντιπεριάγοντος.

997 1782 1146 1819 Μέμνημαι
1161 1785 1252 1813 τοίνυν
1273 1787 1322 1822 οὺχ
1338 1787 1420 1822 ἅπαξ,
1435 1790 1495 1816 οὐδὲ
1519 1790 1559 1822 δίς
1576 1800 1627 1818 που
1650 1794 1698 1820 καὶ
1722 1795 1783 1828 τρὶς

998 1829 1089 1864 μόνον.
1113 1830 1182 1858 ἀλλὰ
1206 1832 1253 1858 καὶ
1270 1833 1340 1867 μάλα
1363 1833 1449 1869 δήπου
1475 1843 1506 1869 γε
1524 1836 1655 1869 πολλάκις
1679 1839 1782 1874 ἀμφοῖν

997 1875 1062 1910 ἡμῖν
1078 1876 1201 1908 εἰπόντος
1215 1876 1262 1903 τοῦ
1283 1877 1412 1914 Γρηγορᾶ
1427 1881 1497 1907 κατὰ
1511 1882 1560 1913 τὰς
1580 1883 1708 1911 ἐνταυθοῖ
1719 1886 1782 1912 πολ-

995 1918 1072 1950 λάκις
1089 1920 1242 1952 ἰδιαζούσας
1262 1921 1293 1958 [ί.
1311 1922 1362 1950 H8
1387 1923 1414 1960 a]
1438 1926 1546 1960 μακρὰς
1561 1928 1607 1953 καὶ
1631 1918 1781 1960 πολυειδεῖς

995 1965 1074 2001 ἡμῶν
1091 1967 1200 2001 ὁμιλίας
1212 1964 1300 2003 (οἶσθα
1316 1968 1344 1995 δὲ
1357 1971 1403 1997 καὶ
1417 1971 1510 2007 αὐτὸς)
1524 1972 1573 2004 τὰς
1585 1973 1692 2008 βίϐλους
1708 1973 1779 2003 εἷναι

994 2011 1042 2038 τοῦ
1059 2012 1177 2047 Παλαμᾶ
1191 2013 1351 2046 δυσσεϐείας
1377 2016 1492 2051 πλήρεις
1513 2020 1638 2053 μακρᾶς·
1657 2019 1688 2052 a;
1704 2021 1780 2056 δεχη-

997 2058 1088 2093 μένοις
1104 2060 1179 2095 ἡμῖν,
1195 2061 1242 2087 καὶ
1262 2061 1364 2096 πολλὴν
1379 2065 1427 2089 καὶ
1444 2065 1618 2102 παντοδαπὴν
1634 2068 1683 2102 τὴν
1698 2067 1780 2102 εὐμέ-

994 2113 1069 2132 νειαν
1085 2107 1160 2140 σφίσι
1176 2108 1384 2142 παρεχομένοις,
1402 2108 1504 2143 ἔφασκέ
1515 2120 1545 2138 τε
1562 2113 1608 2139 καὶ
1624 2113 1778 2149 ὑπισχνεῖτο

997 2151 1091 2186 μηδενὶ
1109 2152 1164 2178 τῶν
1177 2154 1243 2187 ἡμῖν
1263 2162 1294 2187 γε
1309 2154 1456 2189 δρωμένων
1478 2157 1616 2192 δημοσίων
1630 2160 1778 2195 εὐδρομίαν

164 2210 217 2231 tem
244 2203 302 2230 haec
326 2201 369 2228 vel
395 2201 440 2227 illa
474 2207 518 2226 res
540 2199 631 2233 aliquo
657 2198 736 2225 modo
759 2199 838 2226 initio
863 2199 944 2226 nobis

1002 2196 1188 2241 ἱκολουθήσειν
1203 2198 1270 2233 πρὸς
1287 2199 1332 2226 τοῦ
1354 2200 1458 2228 δικαίου
1484 2202 1563 2236 Θεοῦ,
1583 2205 1642 2232 ἀλλ’
1663 2206 1777 2241 ἀνατρέ-

162 2248 310 2277 succedere
324 2247 414 2274 visura
428 2250 511 2277 esset,
527 2249 644 2272 attamen
658 2252 712 2271 non
726 2244 807 2279 longo
822 2249 943 2279 tempore

162 2293 325 2328 interposito
339 2292 394 2327 95
407 2292 477 2322 fore,
488 2296 517 2317 ut
531 2291 708 2318 acerbissima
727 2291 796 2318 mala
808 2291 944 2318 uberrime

161 2340 194 2367 ad
212 2343 364 2366 extremum
385 2340 600 2363 snt-crescerent.
622 2336 693 2363 idem
715 2336 782 2371 ipsis
798 2337 944 2363 vehemen-

161 2386 215 2414 tius
243 2383 465 2420 pronuntiantcm
489 2381 663 2413 audivimus.
687 2387 716 2408 ut
742 2381 811 2408 nihil
835 2381 943 2409 dubita-

161 2431 242 2458 tionis
272 2430 330 2457 suis
352 2430 475 2457 moribus
495 2428 672 2460 admisceret,
696 2435 756 2462 qua:
780 2428 941 2462 plerumque

158 2475 381 2503 inccrtiludinem
396 2475 480 2501 futuri
500 2473 633 2508 temporis
649 2473 835 2500 metuentibus
851 2474 941 2500 inesse

157 2521 236 2548 solet.
254 2521 349 2555 Neque
373 2521 472 2548 neseis
490 2524 593 2555 quanto
616 2518 679 2546 odio
705 2519 755 2545 viri
774 2526 828 2546 non
847 2527 861 2545 a
883 2519 940 2547 suis

157 2567 250 2594 verbis
265 2566 421 2593 recedentis
436 2567 592 2593 libertatem
609 2564 746 2600 persecuti
762 2565 857 2592 simus.
869 2565 940 2592 Cou-

156 2612 333 2640 sidcraudum
361 2613 443 2647 igitur
472 2617 524 2644 est,
550 2619 616 2638 num
642 2611 712 2637 forte
741 2610 797 2637 Deo
822 2610 881 2645 ipso
904 2611 939 2638 ob

155 2657 252 2692 dogma
270 2663 439 2692 repugnante
457 2658 532 2684 irrita
552 2657 696 2684 faciamus.
716 2665 725 2681 ι

190 2790 257 2816 ΧΗ.
280 2790 342 2818 lbec
355 2795 436 2825 atque
453 2791 586 2824 ejusmodi
616 2798 677 2817 cum
707 2790 751 2817 illa
768 2791 935 2825 protulisset.

152 2836 317 2871 imperator.
339 2846 348 2862 ι
370 2837 474 2868 Mulier,
491 2837 591 2871 inquit,
610 2843 662 2862 non
687 2837 778 2863 omnia
805 2837 937 2864 debemus

994 2239 1093 2267 πεσθαί
1104 2249 1134 2267 τε
1146 2242 1234 2268 πάντα
1246 2243 1294 2269 καὶ
1307 2243 1467 2279 φθείρεσθαι
1481 2248 1636 2282 προφανῶς,
1650 2239 1776 2285 καθάπερ

994 2288 1136 2320 κεραυνοῖς
1151 2287 1282 2322 αίθερίοις
1297 2289 1331 2316 τὰ
1345 2290 1418 2324 λήῑα.
1445 2292 1475 2318 Εί
1495 2292 1523 2319 δέ
1540 2301 1592 2320 που
1617 2294 1664 2321 καὶ
1689 2294 1775 2328 δόξειε

992 2332 1047 2358 τῶν
1059 2333 1204 2369 ἡμετέρων
1221 2333 1310 2369 ἔργων
1324 2334 1353 2361 ἓν
1367 2337 1510 2364 ὁποιονοῦν
1530 2339 1633 2374 ὀπηοῦν
1652 2341 1776 2377 εὐτυχεῖν

992 2378 1024 2403 ὲκ
1044 2379 1205 2414 προοιμίων,
1224 2380 1281 2405 ἀλλ’
1294 2378 1341 2407 οὗν
1354 2383 1404 2408 οὐκ
1421 2384 1462 2415 είς
1477 2384 1586 2419 μακρὰν
1600 2385 1659 2412 ἐκεῖ
1677 2387 1774 2422 πικρὸν

992 2423 1156 2458 ὲπιφὺεσθαι
1176 2426 1222 2452 καὶ
1244 2427 1316 2461 μάλα
1340 2427 1474 2464 πολύχουν
1498 2431 1526 2456 ὲν
1548 2431 1605 2462 τοῖς
1629 2431 1730 2467 πέρασι
1745 2435 1775 2460 τὺ
1799 2429 1807 2435 ’

991 2470 1134 2505 γεώργιον.
1150 2471 1234 2498 Τοῦτο
1250 2472 1277 2498 δε
1293 2473 1408 2506 καύταῖς
1421 2474 1573 2510 πανδήμοις
1596 2477 1774 2513 σφοδρότερον

990 2515 1158 2550 ἡκηκόειμεν
1176 2517 1304 2552 φάμενον,
1321 2519 1351 2545 οὐ
1367 2519 1517 2556 δισταγμοῦ
1532 2530 1604 2553 τινος
1621 2524 1705 2557 μέρος
1720 2533 1773 2550 πα-

992 2563 1162 2596 ραμιγνόντα
1175 2562 1214 2598 τῷ
1227 2564 1298 2598 seu,
1313 2566 1402 2597 ὁποῖος
1420 2568 1474 2598 τοῖς
1488 2567 1601 2594 δεδιόσιν
1615 2569 1709 2596 ἕπεται
1723 2571 1773 2605 τὴν

990 2608 1036 2634 τοῦ
1056 2609 1199 2643 μέλλοντος
1215 2610 1326 2644 ἀδηλίαν
1343 2611 1380 2642 ὡς
1395 2612 1429 2638 τὰ
1452 2612 1546 2640 πολλά.
1572 2614 1625 2640 Καὶ
1647 2613 1726 2642 οῐσϐά
1741 2624 1772 2649 γε

989 2653 1026 2684 ὼς
1047 2653 1186 2688 ὴχθόμεϐα
1201 2655 1249 2690 τῆς
1266 2656 1421 2691 παρρησίας
1435 2657 1546 2692 τάνδρί·
1562 2659 1576 2684 ὁ
1587 2659 1609 2686 δ’
1625 2661 1674 2686 οὐκ
1687 2662 1771 2687 ἐνεδί-

988 2699 1034 2725 δου
1048 2700 1144 2733 λέγων.
1162 2701 1296 2728 Σκεπτέον
1311 2702 1357 2728 οῦν
1370 2702 1408 2737 μὴ
1424 2703 1491 2729 Θεοῦ
1511 2705 1663 2738 μαχομένου
1676 2706 1721 2733 διὰ
1742 2709 1770 2733 τὸ

987 2745 1075 2780 δόγμα
1094 2746 1220 2781 πονῶμεν
1232 2749 1361 2782 ἀνήνυτα.
1382 2757 1392 2774 ι
1549 2751 1555 2756 ’

1024 2792 1072 2818 ll".
1089 2791 1180 2819 Ταῦτα
1193 2794 1282 2818 τοίνυν
1299 2794 1345 2819 καὶ
1360 2794 1393 2820 τὰ
1407 2794 1519 2822 τοιαῦτα
1536 2796 1684 2833 διεξιούσης
1700 2798 1770 2823 ἐκεί-

988 2846 1047 2873 γης,
1067 2847 1076 2863 ι
1090 2836 1124 2864 Ὠ
1139 2838 1228 2872 γύναι,
1244 2839 1325 2873 φησὶν
1342 2840 1355 2865 ὁ
1372 2839 1508 2874 βασιλεὺς,
1530 2842 1560 2868 οὐ
1577 2843 1664 2870 πάντα
1683 2843 1767 2869 καθά-
