1900 3063
81 135 132 166 ius

563 133 784 162 ΒΥΖᾹΝΤΙΝΕ
806 131 998 161 ΙΗΞΤΟΩῘΑΞ
1018 132 1088 160 LiB.
1111 130 1229 160 XXVII.

1647 131 1696 162 ίθθ

79 193 140 226 βίας
156 190 321 225 ἐπειγούσης
335 189 403 224 πρὸς
412 188 472 215 ’τῶν
485 189 611 214 τοιούτων
628 187 712 214 ἐνίοτε
729 188 774 213 καὶ
793 189 865 213 ἐνια-

919 186 1079 221 quibusdam
1101 185 1244 212 institurrc
1275 185 1446 219 precationes
1473 190 1500 212 ct
1528 187 1553 211 vi
1584 193 1696 221 urgente

78 237 129 272 χοῦ
149 237 204 263 τῶν
231 236 311 262 θείων
335 235 460 270 μετέχειν
486 234 652 268 μυστηρίων,
677 233 777 267 ὁμοίως
802 234 867 259 κάν-

77 282 169 309 ταῦθα
184 282 266 309 κάκεί
274 281 328 307 τῶν
340 279 431 307 αὐτῶν
450 279 607 313 λεγομένων
630 279 728 313 εὐχῶν.
753 277 825 312 Ἐγὼ
838 278 866 305 δὲ

77 328 126 354 τὸν
141 328 216 354 θεῖον
230 326 312 358 εὐθὺς
335 326 500 361 παρήγαγον
513 325 546 350 ἐκ
569 323 717 357 Δαμασκοῦ
738 323 867 357 Ἰωάννην

79 374 157 409 αὐτῷ
167 374 218 408 (1),
229 371 413 407 φυλάττεσθαι
434 371 619 406 παραινοῦντα
635 371 704 405 μήτε
717 370 867 404 λαμϐάνειν

77 419 229 455 αἱρετικῶν
255 418 407 454 μετάληψιν
423 418 493 453 μήτε
514 417 629 443 διδόναι’
647 425 656 442 ι
673 416 718 451 Μὴ
739 417 797 442 δότε
813 416 868 450 γὰρ

78 466 115 492 τὰ
137 466 206 498 ἆγια
222 465 278 496 τοῖς
297 464 388 495 κυσὶν,
408 472 418 489 ι
440 463 455 489 ό
479 462 581 496 Κύριος
599 462 695 496 ἔφησε,
712 471 722 488 ‹
741 460 807 496 μηδὲ
827 460 868 495 ρε-

79 520 165 538 πτετε
190 511 255 542 τοὺς
273 510 448 545 μαργαρίτας
465 510 542 543 ὑμῶν
560 508 714 544 ἔμπροσθεν
735 508 790 534 τῶν
812 507 868 543 χοί-

81 565 149 591 ρων,
169 563 177 581 I
197 556 239 582 ἵνα
257 555 296 590 μὴ
315 557 424 590 μέτοχοι
448 555 498 590 τῆς
522 554 683 587 κακοδοξίας
698 554 809 588 καὶτῆς
822 554 868 580 αὺ-

79 602 136 628 τῶν
153 600 299 635 γενώμεθα
328 600 537 635 κατακρίσεως·
560 600 584 626 εἰ
607 600 661 634 γὰρ
689 599 785 631 ἓνωτίς
811 600 868 626 ἐστι

81 647 151 680 πρὸς
166 646 296 680 Χριστὸν,
313 646 361 672 καὶ
377 645 445 680 πρὸς
463 644 593 679 ἀλλήλους
609 644 719 675 πάντως
729 652 735 658 “
754 644 801 670 καὶ
816 644 868 670 πᾶ-

80 700 109 718 σι
123 692 260 726 τοίςήμίν
287 690 588 726 συμμεταλαμϐάνουσι
611 690 682 716 κατὰ
708 690 869 725 προαίρεσιν

80 738 229 771 ἑνούμεθα,
253 737 301 765 καὶ
323 737 422 768 πάντες
439 737 468 764 ἒν
486 726 572 771 ’σῶμά
594 738 689 772 ἔσμεν,
704 737 747 764 ὅτι
773 738 806 764 ὲκ
822 737 869 764 τοῦ

80 783 141 814 ἑνὸς
158 783 241 817 ἄρτου
264 783 519 817 μεταλαμσὼιομεν,
541 782 578 813 ὡς
593 784 607 808 ὁ
622 783 692 813 θεῖος
708 782 869 814 Ἀπόστολος

81 827 179 862 ἔφησε.
206 828 263 862 Τῆς
283 827 331 854 οὖν
347 827 536 862 προαιρέσεως
560 827 685 855 ἐνταυθοῖ
710 828 869 863 μαχομένης

917 229 1054 257 interdum
1068 237 1130 257 curn
1144 230 1177 257 iis
1197 229 1326 264 mysteria
1338 237 1418 264 agerc
1444 237 1550 264 unaque
1575 231 1697 257 eelchra-
1735 243 1741 248 -

918 276 1019 303 tiones.
1047 275 1081 302 At
1098 283 1148 310 ego
1172 276 1264 302 statim
1294 275 1372 309 123
1396 275 1513 302 Joannis
1538 276 1698 304 Damasceni
1732 302 1741 309 ,

918 320 1077 347 memoriam
1104 320 1129 347 ei
1152 321 1288 351 revocavi,
1310 321 1356 354 qui
1375 325 1469 348 monet
1489 329 1495 347 :
1514 329 1547 349 ne
1569 329 1619 349 ttos
1644 323 1700 349 ha:-

918 366 1066 393 rcticorum
1077 365 1215 393 doctrinas
1232 369 1370 394 sectemur
1383 373 1472 400 neque
1493 366 1526 394 iis
1540 367 1575 394 ad
1593 372 1702 394 nostras

918 411 1026 438 aditum
1043 411 1248 445 patefaciamus.
1266 421 1274 437 ι
1292 411 1380 438 Nolite
1402 416 1525 439 sanetum
1544 412 1610 439 dare
1626 413 1700 439 cani-

919 456 980 488 bus.
995 465 1004 482 ι
1024 456 1090 484 dicit
1107 456 1248 489 Dominus,
1265 466 1273 482 ι
1296 464 1385 492 neque
1409 457 1523 484 mittatis
1540 458 1702 492 margaritae

918 508 1024 530 vestras
1045 508 1109 530 ante
1127 503 1260 538 porcos‘,
1275 513 1284 529 ι
1311 508 1341 530 ut
1364 510 1397 530 ne
1427 503 1582 531 imbuamur
1610 504 1701 539 pravis

920 548 1034 576 istorum
1046 549 1222 584 opinionibus
1241 553 1322 584 atque
1341 556 1402 576 cum
1422 549 1454 577 iis
1471 549 1700 577 condemnemur.

919 594 970 622 Ubi
984 594 1056 621 enim
1071 594 1228 621 communio
1238 599 1281 621 est
1297 595 1376 621 nobis
1404 601 1466 622 cum
1497 594 1561 623 Jesu
1579 594 1701 628 Christo,

919 640 1002 667 etiam
1019 640 1089 667 inter
1100 647 1151 667 nos
1167 640 1325 668 communio
1340 645 1468 674 constat;
1481 645 1508 668 ct
1524 649 1586 668 cum
1612 641 1702 668 omni-

920 686 972 713 bus
986 685 1096 721 quidem
1114 685 1160 720 qui
1176 685 1321 713 nobiscum
1333 690 1454 713 sanctam
1481 693 1587 714 coenam
1617 688 1703 722 parti~

919 730 1014 764 eipaut
1028 730 1054 757 in
1082 729 1135 757 ﬁde
1169 731 1309 765 conjuncti
1342 738 1448 764 sumus,
1477 735 1505 758 ct
1533 739 1583 758 nos
1607 739 1704 759 omnes

921 783 1005 803 unum
1020 783 1119 810 corpus
1138 776 1288 808 efﬁcimur,
1307 778 1379 811 quod
1394 784 1449 804 uno
1465 777 1512 804 illo
1527 785 1596 811 pane
1614 777 1704 804 vesci-

920 828 993 852 mur,
1005 824 1034 846 ut
1053 825 1164 848 sanctus
1180 820 1328 855 Apostolus
1344 821 1422 848 dicit.
1440 830 1449 847 ι
1469 821 1540 854 Quid
1561 822 1653 856 igitur,
1681 822 1704 848 si

79 874 129 899 καὶ
146 873 268 906 ἀλλήλων
288 873 362 908 ἡμᾶς
373 872 520 908 διιστώσης
539 873 590 908 τῆς
609 872 663 899 τῶν
677 861 821 908 δογμᾶτων

922 866 949 893 in
966 866 1018 893 {ide
1032 866 1208 898 dissidemus,
1243 874 1349 902 nosque
1377 868 1535 902 dogmatum
1557 868 1706 907 diversitas

80 926 150 945 νεια
177 918 364 952 καινοτομίας,
384 918 441 949 πῶς
456 918 489 945 ἂν
506 918 570 953 μίαν
587 918 718 953 σχοίημεν
736 919 781 945 τὸν
800 919 868 954 Χρι-

81 963 146 990 στὸν
161 963 295 997 κεφαλὴν,
313 962 330 997 ἢ
358 963 415 994 πῶς
432 963 466 990 ἃν
492 963 619 997 ἀλλήλοις
648 962 867 998 συνευξαίμεθας

82 1017 94 1034 ί
113 1008 162 1038 Τίς
177 1007 243 1042 γὰρ,
264 1017 274 1033 ι
297 1007 376 1041 φησὶ,
405 1016 414 1033 ι
435 1007 514 1042 μερὶς
541 1006 629 1042 πιστῷ
645 1007 714 1042 μετά
729 1007 867 1042 garriente;

79 1054 97 1088 ἢ
115 1053 159 1085 τίς
176 1053 306 1080 κοινωνία
326 1053 398 1087 φωτὶ
423 1052 493 1087 πρὸς
516 1053 629 1086 σκότοςς
658 1053 674 1087 ἣ
698 1054 741 1084 τίς
757 1053 869 1088 συμφώ-

81 1108 161 1134 νησις
184 1098 296 1134 Χριστῷ
317 1099 386 1133 πρὸς
407 1098 523 1133 Βελίαρ;
547 1108 556 1125 ι
581 1099 704 1130 Ἀκούεις
716 1099 745 1126 δὲ
760 1099 807 1126 καὶ
822 1098 868 1126 τοῦ

80 1145 149 1172 Θεοῦ
165 1145 212 1172 διὰ
225 1145 275 1179 τῆς
290 1145 464 1178 προφητικῆς
479 1144 669 1179 φθεγγομένου
686 1144 818 1178 γλώττης,
831 1144 869 1176 ὡς

82 1201 94 1217 ι
118 1191 183 1218 Ἐὰν
197 1191 356 1226 προφέρητέ
369 1199 415 1226 μοι
429 1190 581 1226 σεμίδαλιν,
596 1190 726 1225 μάταιον
741 1189 868 1224 θυμίαμα

80 1236 225 1271 βδέλυγμα
248 1235 326 1262 ἔσται
344 1243 405 1270 μοι·
435 1244 445 1261 ι
472 1235 511 1269 τῷ
524 1235 578 1269 γὰρ
594 1233 750 1270 ἁμαρτωλῷ
764 1232 841 1261 εἶπεν
854 1235 869 1261 δ

79 1283 160 1314 Θεὸς,
178 1291 188 1308 ε
206 1282 265 1308 Ἵνα
281 1281 308 1307 τί
331 1282 363 1308 σὺ
382 1281 496 1316 ὲκδιηγῇ
510 1281 547 1308 τὰ
563 1280 737 1315 δικαιώματά
753 1289 804 1314 μου
820 1281 868 1308 καὶ

79 1327 287 1362 ἁναλαμδάνεις
299 1327 348 1362 τὴν
361 1327 495 1362 διαθήκην
510 1335 561 1362 μου
573 1326 617 1353 διὰ
631 1327 765 1361 στόματός
773 1335 820 1353 σου
831 1335 839 1360 ;
854 1335 864 1353 ο

78 1374 118 1401 οὐ
140 1373 197 1408 γὰρ
214 1373 249 1399 τὰ
262 1373 394 1407 γινόμενα
416 1371 470 1408 χρὴ
487 1372 598 1399 σκοπεῖν
621 1372 711 1407 μόνον,
733 1371 800 1399 ἀλλὰ
821 1371 868 1399 καὶ

79 1419 129 1454 τὴν
145 1419 238 1445 αιτίαν
257 1419 312 1445 τῶν
334 1418 485 1452 γινομένων
507 1417 658 1452 ἐπιζητεῖν,
674 1418 689 1444 ὁ
711 1417 868 1453 χρυσορρή-

80 1474 140 1500 μων
155 1465 259 1499 ἔφησεν
276 1463 404 1498 Ἰωάννης
419 1463 469 1500 (2).
482 1464 520 1490 Τὸ
532 1464 582 1498 μὲν
592 1463 647 1498 γὰρ
667 1464 739 1490 κατὰ
754 1463 867 1498 γνώμην

80 1504 234 1544 γινόμενον
245 1508 291 1536 τοῦ
305 1508 383 1540 Θεοῦ,
399 1509 452 1535 κᾶν
468 1508 569 1543 φαῦλον
580 1506 649 1535 εἶναι
663 1508 739 1544 δοκῇ,
756 1507 867 1535 πάντων

78 1557 157 1583 ἐστὶν
179 1556 293 1591 ἄριστον
310 1562 318 1570 ο
332 1555 363 1581 τὸ
382 1555 411 1588 δὲ
427 1555 503 1589 παρὰ
525 1554 641 1590 γνώμην
659 1554 706 1581 καὶ
723 1554 762 1590 μὴ
773 1554 868 1582 δοκοῦν

79 1602 189 1636 ἐκείνῳ,
204 1601 259 1628 κᾶν
284 1601 396 1635 ἄριστον
416 1598 485 1628 εἶναι
508 1600 665 1636 νομίζηται.
683 1600 792 1628 πάντων
809 1600 868 1627 ἐστὶ

78 1648 250 1683 φαυλότατον
270 1648 318 1675 καὶ
342 1647 585 1682 παρανομώτατον.
610 1647 668 1673 Κᾶν
685 1647 805 1683 φονεύσῃ
826 1655 868 1679 τις

77 1695 151 1722 κατὰ
166 1694 281 1729 γνώμην
289 1693 336 1720 τοῦ
345 1692 425 1726 Θεοῦ,
435 1693 640 1728 φιλανθρωπίας
651 1693 742 1728 πάσης
756 1693 868 1729 βελτίων

77 1741 92 1766 ὁ
102 1740 183 1774 φόνος
193 1747 200 1754 ·
213 1738 264 1765 κᾶν
273 1738 398 1773 φείσηταί
406 1745 449 1769 τις
460 1738 536 1773 παρᾶ
548 1737 578 1764 τὸ
591 1737 686 1765 δοκοῦν
696 1737 804 1774 ἐκείνῳ,
819 1738 868 1773 φό-

78 1793 123 1811 νου
139 1785 242 1815 παντὸς
257 1783 426 1819 ἀνοσιωτέρα
437 1783 537 1817 γένοιτ’
553 1784 586 1810 ἂν
600 1784 616 1818 ἡ
628 1783 723 1817 φειδώ.
733 1784 770 1810 Οὐ
778 1784 832 1820 γὰρ
851 1785 867 1819 ἡ

77 1831 160 1865 φύσις
176 1831 232 1856 τῶν
247 1830 432 1865 πραγμάτων,
444 1829 504 1856 ἀλλ’
522 1829 550 1857 at
561 1829 608 1855 τοῦ
621 1829 689 1856 Θεοῦ
699 1830 783 1865 ψῆφοι
797 1830 868 1857 καλὰ

78 1877 126 1903 καὶ
137 1875 229 1910 φαῦλα
243 1875 319 1901 ταῦτ’
334 1873 405 1902 εἶναι
433 1875 571 1903 ποιοῦσιν,
585 1875 691 1911 Ὥσπερ
702 1875 725 1902 δ’
740 1876 866 1908 ἐκείνοις,

77 1921 183 1955 φησὶν,
207 1919 376 1953 ἐγκαλοῦμεν
402 1919 443 1946 ὅτι
474 1919 690 1954 παρανομοῦσιν,
719 1919 791 1946 οὕτω
820 1920 867 1946 καὶ

75 1966 168 2001 πολλῷ
188 1965 289 2000 μᾶλλον
307 1965 371 1999 ὑμῖν
387 1965 428 1992 ὅτι
449 1965 508 1995 τοῖς
532 1964 721 2000 παρανομοῦσι
739 1965 867 2001 συνέρχε-

74 2013 134 2040 σθε.
167 2012 224 2039 Καὶ
240 2011 304 2046 οὐχὶ
325 2011 381 2043 τοῖς
410 2010 591 2046 συντρέχουσι
615 2010 707 2046 μόνον,
728 2011 797 2037 ἀλλὰ
819 2012 866 2038 καὶ

73 2059 129 2089 τοῖς
142 2057 249 2093 κυρίοις
265 2057 317 2092 μὲν
335 2055 394 2083 οὖσι
417 2055 550 2088 κωλῦσαι,
575 2055 613 2091 μὴ
637 2056 808 2092 βουλομένοις
824 2057 865 2084 δέ.

74 2105 107 2131 Εἰ
120 2104 177 2138 γὰρ
188 2103 228 2134 είς
242 2103 355 2136 θέατρον
366 2102 415 2129 οὐκ
425 2101 611 2137 ἐπιτρέπομεν
619 2102 759 2135 ἀπελθεῖν,
774 2102 865 2138 πολλῷ

74 2149 179 2184 μᾶλλον
197 2149 244 2176 ἐπὶ
269 2148 432 2183 συναγωγῆς
455 2147 535 2174 τοῦτο
561 2148 615 2183 χρὴ
634 2149 739 2174 ποιιίν·
763 2149 865 2183 μείζων

921 911 1061 945 distrahit,
1074 920 1129 947 quo
1143 917 1220 947 pacto
1228 913 1356 940 eumdem
1375 913 1605 949 Christnmeaput
1619 914 1705 941 habe—

920 965 981 985 mtts
991 962 1037 985 aut
1046 958 1139 985 eadem
1149 967 1211 986 cum
1228 959 1261 986 iis
1273 959 1407 987 sacriﬁcia
1419 960 1543 995 agimus?
1556 960 1619 994 Qua:
1629 961 1703 988 enim

920 1006 1076 1033 communia
1094 1010 1158 1033 sunt
1178 1005 1324 1033 ﬁdelieum
1342 1007 1524 1039 inﬁdeli,luci
1547 1015 1609 1034 cum
1629 1012 1704 1036 lette-

919 1051 987 1083 bris,
999 1051 1109 1079 Christo
1123 1060 1186 1079 cum
1203 1052 1310 1080 Beliare
1327 1052 1356 1079 ’Ἰ
1379 1053 1450 1080 Audi
1466 1060 1526 1088 quae
1546 1053 1618 1082 Deus
1636 1054 1705 1082 dicit

919 1104 969 1131 per
980 1104 1012 1124 os
1024 1097 1180 1132 prophetm:
1196 1107 1204 1123 ι
1218 1098 1329 1126 Frustra
1342 1098 1409 1126 mihi
1424 1098 1549 1126 oﬂ'eretis
1573 1100 1706 1136 similagi—

919 1147 998 1173 nem;
1014 1140 1183 1168 thuribulum
1201 1149 1215 1181 ο
1229 1149 1273 1169 me
1288 1143 1479 1177 repudiabitur
1491 1143 1528 1170 ³.»
1553 1144 1598 1171 Sic
1618 1145 1706 1173 incre-

917 1189 964 1220 pat
976 1186 1048 1214 Deus
1063 1187 1177 1222 impium
1194 1184 1205 1215 Ξ
1219 1187 1290 1220 Quid
1301 1196 1387 1216 meam
1398 1189 1532 1224 justitiam
1544 1190 1705 1218 insectaris?

918 1231 984 1266 quid
1010 1232 1117 1260 divinos
1133 1233 1219 1260 libros
1237 1233 1265 1260 in
1290 1241 1338 1262 ore
1366 1239 1413 1262 tuo
1431 1235 1534 1265 habes?
1557 1235 1619 1263 Non
1631 1236 1704 1263 enim

917 1277 1005 1305 solum
1024 1278 1102 1314 124
1116 1287 1176 1314 qua:
1192 1280 1219 1307 itt
1233 1280 1320 1308 oculis
1334 1286 1398 1309 sunt
1410 1282 1547 1317 respicere
1561 1290 1611 1309 nos
1624 1290 1706 1317 opor-

919 1326 967 1356 tet,
981 1324 1027 1351 sed
1038 1324 1120 1352 etiam
1137 1325 1258 1353 rationes
1276 1325 1416 1360 inquirere
1436 1334 1497 1361 quae
1517 1327 1560 1355 ltis
1574 1327 1705 1361 subjecta:

917 1371 982 1394 sunt
995 1369 1063 1396 dicit
1073 1369 1192 1397 Joannes
1211 1369 1435 1404 Chrysostomus.
1451 1372 1518 1399 Nam
1533 1379 1704 1407 quacunque

916 1414 1068 1441 secundum
1083 1415 1131 1442 Dei
1145 1415 1214 1443 ﬁunt
1227 1415 1406 1448 voluntatem,
1417 1417 1482 1444 licet
1509 1417 1590 1445 nobis
1618 1426 1703 1452 prava

917 1459 1074 1493 videantur,
1101 1465 1191 1487 tamen
1216 1466 1279 1488 sunt
1296 1462 1408 1496 optima.
1431 1462 1497 1496 Qua:
1520 1470 1585 1490 vero
1608 1469 1703 1491 contra

917 1504 965 1531 Dei
982 1505 1051 1532 liunt
1064 1505 1231 1534 voluntatem
1242 1507 1347 1534 etiamsi
1361 1509 1462 1542 optima
1481 1509 1628 1540 habentur.
1643 1517 1704 1536 om-

919 1551 994 1577 nittm
1013 1551 1129 1586 pessima
1144 1557 1207 1580 sunt
1219 1558 1247 1580 et
1268 1555 1439 1588 pravissima.
1469 1554 1562 1589 Itaque
1594 1556 1616 1583 si
1642 1557 1704 1591 quis

919 1595 975 1623 Deo
984 1595 1096 1630 jubeute
1109 1598 1264 1632 quempiam
1279 1598 1407 1632 trucidet,
1418 1599 1443 1627 id
1456 1599 1552 1627 melius
1563 1605 1607 1628 est
1623 1609 1703 1636 quam

919 1640 941 1668 si
957 1648 1019 1668 eum
1035 1649 1126 1670 amore
1143 1648 1339 1677 prosequatur;
1352 1649 1382 1671 et
1399 1646 1420 1671 si
1443 1645 1505 1680 quis
1521 1651 1615 1681 pareat
1647 1648 1705 1675 eui-

919 1686 1003 1721 piam,
1022 1687 1076 1714 Deo
1097 1693 1219 1720 vetante,
1240 1688 1267 1716 id
1288 1690 1364 1724 pejus
1385 1695 1427 1718 est
1450 1699 1531 1726 quam
1554 1692 1577 1719 si
1600 1693 1702 1720 czrdem

918 1737 1067 1767 perpetret.
1081 1733 1175 1768 Neque
1187 1734 1260 1761 enim
1276 1735 1382 1769 species
1397 1735 1511 1764 bonaane
1532 1737 1587 1764 sint
1611 1745 1655 1765 res
1667 1746 1702 1765 an

918 1779 1080 1813 pravze,scd
1099 1787 1160 1814 quae
1183 1780 1210 1807 in
1223 1780 1257 1807 iis
1275 1780 1321 1808 Dci
1341 1782 1469 1810 voluntas
1493 1789 1635 1818 appareat,
1657 1784 1702 1810 in-

919 1824 1003 1852 dicat.
1027 1824 1063 1853 Ut
1091 1833 1156 1853 vero
1187 1834 1238 1854 nos
1261 1827 1327 1855 istos
1353 1828 1425 1862 quod
1449 1829 1576 1856 mandata
1602 1830 1702 1857 lmduut

918 1871 955 1899 ita
983 1873 1071 1900 multo
1088 1874 1173 1908 magis
1197 1874 1373 1909 increpamus
1396 1883 1453 1908 vos,
1479 1875 1553 1911 quod
1578 1885 1639 1904 cum
1657 1876 1701 1903 in-

918 1918 1047 1946 ﬁdelibus
1063 1920 1220 1947 societatem
1239 1919 1335 1949 facitis.
1355 1922 1413 1950 Non
1429 1927 1520 1950 tamen
1536 1931 1582 1951 eos
1595 1927 1700 1951 tantum

918 1965 965 1999 qui
986 1965 1220 2000 conspirationem
1237 1967 1340 1994 faciunt
1352 1968 1537 2002 increpamus,
1553 1968 1600 1996 sed
1617 1969 1700 1996 etiam

918 2018 988 2046 quos
1003 2012 1153 2046 prohibere
1184 2019 1264 2046 posse
1286 2013 1396 2047 quidem
1420 2014 1535 2046 scimus.
1561 2021 1613 2042 nec
1636 2022 1702 2042 vero

917 2056 999 2084 velle.
1024 2055 1053 2083 Si
1072 2057 1147 2084 cnim
1167 2056 1340 2092 frequentare
1363 2058 1500 2085 theatrum
1515 2063 1649 2092 velamus,
1674 2060 1701 2087 id

918 2102 1004 2129 multo
1017 2101 1103 2137 magis
1125 2109 1175 2129 nos
1194 2107 1303 2138 oportet
1329 2108 1462 2136 vetemus,
1487 2104 1559 2139 quod
1576 2105 1609 2131 ad
1622 2113 1703 2141 syna-

917 2155 1013 2183 gogam
1031 2149 1138 2175 attinet.
1157 2148 1222 2176 Nam
1234 2149 1293 2177 haec
1306 2149 1432 2185 impietas
1447 2151 1534 2187 major
1555 2159 1637 2187 quam
1655 2152 1701 2179 illa

73 2195 130 2230 γὰρ
144 2194 305 2229 παρανομία
319 2193 428 2228 ἐκείνης
442 2191 525 2228 αὕτη,
542 2193 583 2220 ὅτι
604 2195 662 2220 ἐκεῖ
676 2193 724 2229 μὲν
742 2194 864 2229 ἁμαρτία

919 2200 970 2222 est.
985 2195 1088 2230 Nempe
1108 2195 1163 2223 illic
1178 2203 1239 2231 quae
1260 2202 1378 2231 aguntur
1406 2197 1529 2232 improba
1552 2203 1628 2231 sunt,
1658 2199 1702 2225 hic

73 2242 103 2268 τὸ
127 2240 284 2275 γινόμενον,
303 2239 420 2266 ἐνταῦθα
443 2238 466 2265 δ’
483 2238 604 2266 ἀσέϐεια.
623 2248 632 2265 ο
655 2239 737 2275 Ὁρᾷς
757 2239 797 2270 ὡς
819 2240 867 2266 καὶ

73 2286 106 2313 τὸ
124 2285 254 2321 χρηστὸν
269 2285 355 2312 ἐνίοτε
376 2284 455 2317 δόξαν
478 2282 547 2312 εἶναι
564 2285 648 2311 κακὸν
663 2285 714 2311 ὑπὸ
727 2284 774 2311 τοῦ
794 2284 867 2311 θείου

71 2332 150 2359 τοῦδε
167 2331 266 2365 ἀνδρὸς
284 2331 445 2366 ἀπεδείχθη,
466 2331 513 2357 καὶ
533 2331 598 2366 ὅσην
614 2330 740 2357 ἐντεῦθεν
759 2331 864 2362 ἐκεῖνος

71 2378 121 2413 τὴν
135 2377 301 2412 ἐπιτίμησιν
316 2379 349 2412 τῇ
362 2378 416 2403 τῶν
431 2377 597 2410 ἑτεροδόξων
613 2376 745 2412 κοινωνία
758 2375 865 2411 προσά·

72 2432 153 2456 nat;
171 2425 206 2450 ’Δ
222 2423 278 2458 γάρ
303 2431 346 2454 τις
361 2423 494 2450 δεσπότου
516 2423 732 2458 προστάττοντος
753 2423 820 2458 δρᾷν
833 2423 866 2458 ἠ-

73 2477 154 2496 κιστα
169 2469 232 2504 δρᾷ,
245 2468 348 2495 τούτων
367 2468 506 2504 τιμωρίαν
529 2468 559 2503 [Γ.
580 2467 632 2495 125
645 2467 674 2503 ui
693 2468 813 2495 τίννυσιν
827 2469 867 2494 εί-

73 2515 161 2545 κότως
174 2514 258 2545 αὐτὸς
273 2515 288 2540 ὁ
308 2514 348 2549 μὴ
369 2514 452 2548 δρῶν,
472 2513 519 2540 καὶ
534 2513 558 2539 εί
572 2512 610 2548 μὴ
625 2513 709 2539 κακὸν
733 2513 865 2550 ἀπαντῴη

71 2559 102 2584 τὸ
118 2560 208 2594 πέρας
219 2567 228 2575 ·
247 2560 296 2586 καὶ
321 2559 480 2585 τούναντίον
501 2555 579 2590 αὖθις
591 2565 598 2571 ·
614 2558 643 2584 οὐ
669 2558 723 2591 γὰρ
742 2559 798 2590 τοῖς
814 2559 868 2585 τῶν

71 2606 223 2640 δρωμένων
245 2605 364 2640 πέρασιν
390 2605 466 2637 εἰκὸς
491 2605 649 2632 ἀκολουθεῖν
666 2604 716 2640 τὴν
743 2605 790 2632 τοῦ
811 2607 870 2641 κρί-

77 2661 171 2684 νοντος
184 2654 335 2687 ἀπόφασιν,
350 2653 407 2679 ἀλλ’
422 2653 449 2678 si.
461 2653 516 2684 τοῖς
532 2651 701 2684 δεσποτικαῖς
717 2653 731 2678 ὁ
754 2653 824 2687 ὁρῶν
840 2654 870 2686 ὴ-

107 2727 115 2742 ¹
133 2726 232 2753 Malth.
249 2732 297 2757 νη,
312 2725 338 2753 ϐ.
384 2727 394 2742 ’
412 2725 434 2752 ll
452 2724 516 2752 Cor.
533 2732 570 2757 γι,
588 2723 631 2751 15.
670 2725 679 2740 ³
697 2725 748 2752 lsa.
765 2732 784 2757 ι,
802 2724 846 2752 13.

106 2797 145 2831 (Ι)
166 2796 220 2823 Τοῦ
238 2795 419 2829 Δαμασκηνοῦ
435 2795 470 2821 ὲκ
486 2794 531 2820 τοῦ
549 2795 614 2829 περ).
634 2795 688 2821 τῶν
713 2794 796 2828 ἁγίων
813 2797 860 2821 καὶ

71 2834 216 2869 ἀλραντων
231 2831 409 2864 τοῦᾟυρίου.

235 2879 371 2909 Parant.
395 2877 453 2907 Gn.
474 2876 605 2908 CXLIX.

917 2246 1012 2269 autem
1032 2249 1096 2270 vere
1111 2242 1204 2277 impia.
1225 2251 1235 2269 ι
1254 2243 1338 2270 Vides
1360 2243 1445 2278 igitur
1472 2245 1701 2279 quemadmodum

919 2295 980 2322 quae
992 2287 1066 2324 justa
1082 2289 1432 2324 nonnunquamvideantur
1448 2291 1490 2317 vir
1507 2291 1551 2318 ille
1561 2292 1702 2318 sanctissi-

918 2340 979 2360 mus
994 2341 1077 2368 prava
1092 2341 1152 2362 esse
1164 2334 1285 2367 dicat,et
1297 2341 1468 2371 quantopere
1483 2337 1528 2364 hic
1544 2345 1592 2364 eos
1609 2337 1700 2365 incre-

917 2382 964 2413 pet
990 2379 1038 2414 qui
1062 2387 1124 2406 cum
1151 2380 1307 2408 iulidelibus
1331 2381 1444 2410 faciunt.
1476 2382 1571 2418 Itaque
1596 2383 1618 2410 si
1638 2384 1699 2417 quis

918 2425 1026 2453 Domini
1049 2426 1215 2454 voluntatem
1235 2435 1289 2454 non
1302 2428 1434 2463 exegerit.
1451 2430 1520 2456 hanc
1540 2429 1575 2455 ob
1589 2436 1699 2455 causam

921 2478 1017 2504 poenas
1032 2471 1108 2499 dabit
1118 2472 1183 2500 'sive
1200 2473 1270 2501 nihil
1282 2473 1356 2500 illinc
1371 2474 1433 2500 tnali
1448 2473 1546 2500 exierit
1564 2474 1621 2500 sive
1633 2481 1699 2500 con-

917 2516 1030 2544 trarium
1045 2517 1186 2544 acciderit.
1210 2518 1276 2545 Nam
1309 2525 1362 2545 non
1384 2518 1576 2555 qualis‘125
1606 2527 1697 2547 rerum

916 2567 1032 2589 eventus
1044 2562 1078 2589 sit
1095 2562 1225 2589 Dominus
1236 2561 1352 2597 judicat,
1370 2563 1416 2590 sed
1431 2571 1496 2590 num
1508 2565 1634 2592 voluntas
1650 2572 1698 2592 sua

916 2614 1011 2636 exacta
1042 2609 1087 2635 sit.
1117 2608 1179 2636 lla-c
1193 2613 1282 2634 autem
1307 2607 1414 2635 Domini
1431 2609 1557 2637 voluntas
1577 2611 1650 2646 leges
1671 2615 1699 2637 et

919 2654 1043 2682 instituta
1054 2658 1115 2682 sunt
1128 2653 1336 2688 imperatoribus
1348 2658 1376 2682 et
1391 2656 1561 2690 principibus
1571 2677 1579 2688 .
1593 2655 1699 2683 civibus

950 2780 987 2828 (2')
1004 2791 1195 2828 Χρυσοστὸμου
1213 2793 1244 2818 ἐκ
1263 2791 1308 2818 τοῦ
1332 2791 1401 2818 κατὰ
1424 2793 1558 2820 Ἰουδαίων
1574 2794 1697 2830 δευτέρου

913 2831 1005 2863 λόγον.
