1900 3063
211 127 261 160 135

814 122 1024 154 NICEI‘HORI
1043 122 1233 152 GREGORE

1781 120 1842 153 136

209 185 255 219 qui
272 184 299 211 in
317 182 413 211 cadent
428 182 479 209 hac
500 188 559 209 mea
576 179 735 208 conditione
750 180 850 207 versati
868 184 932 207 sunt
947 187 998 207 cae-

1063 179 1095 205 εαὶ
1115 179 1180 214 πρὶν
1194 179 1380 214 ἐνθυμηθῆναι
1396 179 1442 206 τὴν
1455 179 1605 214 πάσχοντα,
1617 179 1663 205 καὶ
1674 178 1771 212 φθάνει
1791 180 1846 214 τὴν

209 232 271 258 dem
288 230 372 257 refert
386 229 524 262 simulque
542 226 733 254 adolescentes
747 232 882 259 senesque
894 224 998 251 adhor-

212 281 286 304 tatur
303 283 332 302 ut
357 275 408 302 sibi
438 273 617 308 pro~piciant.
645 271 780 298 Audimus
804 270 878 298 enim
906 275 999 305 patres

211 321 346 357 qttosdam
361 325 503 346 cruentam
519 326 629 345 manttnt
646 317 773 344 itttttlisse
788 316 851 343 filiis
864 321 892 344 et
905 316 999 351 plures

211 369 309 396 fratres
322 367 424 394 ferrum
436 364 702 399 consanguineorum
719 363 852 397 sanguine
866 362 999 397 polluisse

212 417 320 440 etcum
342 409 462 438 nefanda
485 409 587 435 tnalitia
605 416 699 435 eortttn
724 407 849 443 jugulum
875 407 998 442 petiisse.

214 459 292 492 Quod
310 463 366 485 tum
391 457 434 484 vel
451 456 568 483 maxime
587 455 689 482 factum
713 462 774 481 esse
799 453 914 485 scimus,
936 460 998 480 cum

212 505 248 532 de
271 511 364 530 rerum
382 501 570 537 gubernaculo
594 504 730 527 certatum
754 504 805 526 cst.
832 499 922 532 Quare
948 498 1000 525 tale

214 549 293 585 157
310 548 440 583 quiddam
453 547 606 583 tyrannidis
618 546 760 573 libidinem
776 545 871 572 dicunt
888 543 1000 578 etquod

211 596 271 622 sine
284 595 390 629 legibus
405 594 549 628 probatum
567 593 611 619 sit.
622 593 716 626 Neque
732 591 814 625 igitur
834 598 884 625 ego
900 589 923 616 is
939 596 1000 616 sum

212 641 260 676 qui
279 640 328 667 lilii
345 647 408 674 erga
427 639 515 674 patris
530 637 617 665 oll‘teia
632 637 744 668 lzescrit,
764 644 854 670 neque
871 635 916 670 qui
932 642 1001 662 con-

214 686 357 721 tempserit
374 685 465 720 gravia
482 684 659 720 jurejurantla
673 683 735 717 illa;
749 690 844 711 verum
859 687 936 718 pater
956 682 1002 709 illc

214 740 294 759 meus
310 731 358 765 qui
374 738 403 757 se
419 730 482 756 vita:
498 737 564 756 mea:
581 729 648 756 velle
665 727 860 756 Prometheum
877 734 939 755 esse
955 727 1003 762 ju-

215 777 365 812 rejurando
385 776 541 802 allirutavil.
566 775 637 807 Quid
654 780 746 802 autent
769 774 951 807 committam,
979 773 1002 801 si

216 823 311 850 vivere
333 823 416 857 cupio
433 822 524 857 quoad
542 822 612 856 patri
632 821 748 856 placeat,
764 821 812 855 qui
830 820 1004 854 omnipotens

1050 224 1151 259 γνῶσιν
1167 225 1183 259 ἡ
1200 225 1283 259 πεῖρα
1295 225 1357 251 λίαν
1371 224 1500 255 ὠκύπους
1528 225 1642 258 φανεῖσα
1657 223 1716 250 καθ’
1731 219 1762 249 οὗ
1778 223 1847 249 τολ-

1051 272 1137 306 μᾶται
1149 271 1183 298 τὰ
1197 271 1334 306 χείριστα.
1347 271 1400 298 Καὶ
1417 271 1577 298 διδάσκαλον
1589 270 1650 305 ἔσχε
1666 271 1712 296 τὸν
1726 270 1847 297 ἅπαντα.

1050 317 1144 351 χρόνον
1160 316 1192 352 [ί.
1206 318 1257 344 153
1273 316 1299 352 b]
1318 317 1399 351 ἡτῶν
1415 317 1587 351 πραγμάτων
1604 316 1696 350 φύσις,
1713 317 1760 344 ἐπὶ
1773 316 1846 342 πολ-

1050 362 1104 388 λῶν
1120 362 1174 388 τῶν
1191 362 1292 397 ὁμοίων
1303 362 1460 398 περιφανῶς
1487 363 1537 397 τὴν
1562 361 1704 398 ἀναίρεσιν
1714 362 1846 397 ἀναγρά-

1051 416 1136 442 φοντα
1149 408 1285 442 βλέπουσα
1301 408 1350 435 καὶ
1364 408 1549 443 φυλάττεσθαι
1575 408 1641 434 πᾶσι
1657 409 1747 434 πᾶσαν
1762 408 1841 434 ἄντι-

1052 463 1119 490 κρυς
1130 455 1246 488 ἀφιέντα
1261 455 1362 490 φωνὴν.
1378 455 1423 480 καὶ
1440 455 1510 485 νέοις
1521 453 1564 480 ἐπ’
1579 453 1640 488 ἴσης
1653 452 1701 479 καὶ
1714 452 1844 487 πρεσϐυ-

1051 501 1149 535 τέροις.
1175 501 1324 534 ’Λκούομεν
1339 498 1386 527 οὖν
1401 501 1448 526 καὶ
1464 499 1589 534 πατέρων
1603 499 1692 530 ἐνίους
1705 498 1847 532 ἀνδροφό-

1052 555 1097 573 νον
1112 546 1276 578 ὸιιλίσαντας
1287 547 1377 579 δεξιὰν
1401 546 1473 572 κατὰ
1483 546 1537 572 τῶν
1554 546 1646 578 υἱέων,
1665 545 1712 572 καὶ
1727 544 1846 574 πλείους

1052 591 1093 618 ἔτι
1116 591 1172 618 τῶν
1189 591 1312 626 ἀδελφῶν
1328 592 1358 617 τὸ
1375 591 1449 626 ξίφος
1467 591 1529 618 καθ’
1544 591 1660 625 αἵματος
1688 590 1847 624 βαπτίσαν-

1052 645 1101 668 τας
1121 636 1269 670 συγγενοῦς
1279 645 1287 653 ί
1299 638 1346 664 καὶ
1365 637 1435 663 κατὰ
1445 637 1544 672 λαιμοῦ
1563 636 1668 671 πικρῶς
1679 636 1846 670 ὀρχησαμέ-

1053 691 1114 713 νους
1127 682 1275 717 ὀμοφυοῦς,
1297 683 1342 709 καὶ
1373 683 1483 718 μάλισθ’
1501 684 1545 710 ὅτε
1560 683 1625 718 περὶ
1643 681 1782 716 βασιλείας
1797 681 1843 715 εἴη

1053 728 1227 764 τάγώνισμα,
1247 729 1312 756 ἔνθα
1334 730 1381 756 καὶ
1407 730 1572 764 τυραννικῆς
1586 727 1656 755 εἶναι
1676 728 1705 754 τὸ
1720 728 1846 762 πρᾶγμα

1054 775 1164 809 λέγεται
1182 776 1344 811 νομοθεσίας
1368 775 1628 811 αύτοχειροτόνητην
1643 774 1691 800 καὶ
1708 774 1846 808 ἀνομοθέ-

1054 829 1136 855 τητον
1148 822 1262 848 δῐκαιον.
1282 821 1339 848 Οὺκ
1353 821 1442 855 ἔγωγε
1458 822 1546 848 τοίνυν
1561 821 1640 851 αὐτος
1657 820 1671 846 ὁ
1684 820 1735 854 τῆς
1753 820 1846 851 υἱοθε-

215 875 259 898 est
271 877 370 904 meque
385 869 540 904 procreavit
554 869 566 895 ?
579 868 646 895 Nam
667 876 720 895 non
738 867 784 901 qui
800 874 896 894 secttre
909 866 1002 893 vivere

1063 866 1115 896 ria;
1130 866 1307 901 παραϐαίνων
1323 867 1387 898 τοὺς
1404 866 1518 901 νόμους·
1541 867 1591 893 οὐκ
1608 865 1688 900 ἔγωγ’
1707 866 1812 896 ἐκεῖνος
1830 865 1846 891 ὁ

217 915 334 950 cupiunt.
344 914 496 943 secundum
506 914 581 949 leges
592 913 771 948 castigantur,
781 913 827 941 sed
838 912 884 946 qui
895 910 1003 946 tyranni

220 963 418 989 immanitatem
440 968 502 988 cum
527 960 618 994 specie
639 959 758 994 quadam
782 958 911 985 amicitize
926 964 1003 983 com-

219 1009 364 1035 tttisceutcs
383 1008 416 1034 ad
437 1007 586 1042 periurium
606 1011 633 1032 et
659 1005 759 1033 caedem
785 1012 880 1031 corunt
905 1002 1004 1031 intenti

219 1059 296 1084 sunt,
328 1061 397 1088 quos
425 1053 539 1086 diligere
568 1052 638 1078 velle
664 1051 805 1086 iurarunt.
830 1048 899 1076 lllud
931 1048 1003 1074 enim

217 1099 290 1134 qttod
309 1099 424 1134 impune
442 1098 513 1125 velle
530 1105 677 1132 possumus
691 1117 698 1130 ,
712 1101 804 1123 contra
821 1095 936 1122 alterunt
956 1101 1006 1120 nos

219 1146 317 1173 noxios
357 1144 457 1171 reddit.
491 1144 599 1171 Utinam
633 1148 759 1169 mortuus
788 1148 877 1168 essem
901 1144 929 1166 et
958 1145 1006 1165 vos

218 1189 381 1223 sanguinem
397 1196 488 1215 meum
504 1195 554 1222 pro
567 1187 658 1214 salute
675 1190 764 1212 vestra
787 1183 891 1219 operati
909 1182 1007 1210 essetis

186 1226 188 1229 ’
219 1240 247 1262 et
265 1239 295 1261 ut
321 1233 443 1269 pulveris
467 1232 666 1268 aliquantulum
691 1231 742 1258 hoc
765 1231 895 1257 miserum
915 1236 1006 1256 mettm

220 1288 322 1315 corpus
344 1279 511 1314 aperuisset,
531 1279 691 1313 priusquam
718 1277 760 1303 ltis
777 1276 859 1303 tantis
877 1274 1008 1311 periculis

220 1325 443 1354 obruerenNam
455 1324 620 1351 occumbere
636 1323 719 1350 semel
733 1327 849 1349 mortem
865 1320 1007 1355 ingloriam

222 1371 309 1398 multo
325 1370 509 1405 praestabilius
522 1375 564 1396 est
579 1376 660 1403 quant
680 1367 755 1402 regni
772 1367 880 1394 futiletn
897 1373 1009 1394 conser-

220 1425 286 1444 vare
302 1417 430 1451 glm‘iam.
455 1415 525 1443 Huic
549 1415 623 1442 enim
646 1414 733 1440 multa
750 1421 783 1439 ac
810 1413 885 1440 varia
910 1412 1010 1439 adsunt

221 1461 344 1495 pericula
365 1460 439 1487 utille
454 1459 552 1486 mortis
569 1458 721 1486 terroribus
735 1458 836 1485 referta
852 1465 912 1492 quae
927 1462 1009 1484 noctu

221 1505 323 1539 diuque
341 1513 390 1531 nos
406 1505 627 1532 circuntcursaut
644 1508 671 1531 et
696 1503 865 1530 antecedunt
880 1507 908 1529 et
924 1502 1011 1529 unda-

224 1556 285 1575 rum
302 1549 478 1576 astuautium
494 1549 637 1576 iustarttos
650 1548 846 1583 comprimunt.
863 1547 930 1574 lllttd
946 1555 1011 1575 vero

223 1594 327 1621 nostris
338 1595 371 1620 de
387 1594 468 1630 158
484 1595 598 1629 ingloria
614 1595 677 1622 vita:
692 1594 852 1621 conditione
869 1594 1011 1621 doloribus

223 1640 306 1667 ﬁnem
323 1641 503 1679 facit‘Etiam
521 1648 596 1668 nunc
622 1641 644 1669 si
663 1648 759 1668 revera
774 1641 880 1675 precari
905 1648 1012 1675 possem

224 1691 296 1715 terra
309 1694 352 1714 me
369 1687 514 1714 devoraret
529 1687 635 1714 tnallem
659 1694 740 1721 quain
754 1694 769 1714 a
785 1691 811 1713 te
822 1687 881 1722 cogi
899 1691 928 1713 ut
940 1694 1013 1714 nunc

225 1737 351 1761 tortunas
376 1741 449 1760 meas
473 1741 618 1767 exponam.
655 1733 721 1760 llmc
736 1733 809 1760 enim
834 1734 970 1768 permistm
986 1739 1014 1761 et

226 1780 339 1806 imbuta:
351 1785 417 1807 sunt
433 1781 522 1807 soceri
536 1781 589 1807 tnei
606 1779 716 1814 ﬂagitiis
733 1780 770 1806 ita
786 1783 815 1806 ut
832 1780 924 1806 omnia
935 1788 1014 1807 enar-

228 1834 290 1852 rare
310 1826 378 1852 ntilti
399 1834 453 1852 tton
471 1826 561 1853 liccat.
574 1827 679 1854 Vereor
697 1826 780 1853 etiam
801 1834 835 1853 tte
850 1826 1014 1853 cnarraudis

226 1872 261 1898 iis
284 1879 380 1898 socero
403 1870 500 1898 videar
525 1871 632 1906 prolixe
655 1871 748 1898 facere
777 1871 921 1898 invidiam.
946 1871 1014 1898 Nam

227 1923 281 1942 non
305 1915 394 1942 s'tlum
420 1915 554 1942 Romanis
579 1919 674 1942 notum
697 1919 751 1947 est,
769 1914 816 1941 sed
835 1915 929 1948 plures
955 1913 1015 1940 aliae

218 1968 336 1994 quoque
349 1965 444 1996 gentes
460 1960 600 1987 admirata;
615 1964 680 1986 sunt
695 1960 728 1986 ad
743 1964 875 1993 quantutn
892 1963 1015 1992 pottsta-

227 2006 262 2033 tis
278 2006 425 2041 fastigium
450 2005 660 2032 Cantacuzeuus
684 2013 699 2032 a
719 2005 800 2031 beato
817 2004 864 2031 illo
884 2011 947 2039 rege
967 2003 1014 2038 qui

228 2057 272 2077 tne
296 2050 426 2077 miserum
449 2050 615 2084 procreavit,
635 2050 786 2085 productus
808 2050 854 2077 sit.
878 2048 928 2076 llic
941 2049 1014 2076 enim

230 2096 341 2122 nomine
357 2101 462 2122 tantum
483 2103 530 2123 rex
545 2100 615 2128 erat,
634 2100 729 2122 contra
745 2095 790 2122 ille
808 2102 902 2123 revera
920 2100 1014 2130 potes-

229 2147 286 2167 tate
304 2141 433 2169 uuiversa
446 2149 498 2168 una
515 2149 577 2168 cum
594 2145 683 2168 matre
703 2149 751 2168 sua
768 2149 800 2168 ex
816 2141 932 2168 libidine
948 2148 1015 2169 usus

228 2192 283 2219 est,
297 2190 324 2212 et
336 2194 390 2221 pra:
404 2186 464 2215 aliis
478 2187 607 2213 ontttibus
621 2186 754 2213 ooutittuo
764 2186 876 2213 interim
890 2186 923 2214 ad
937 2186 1013 2221 regni

227 2231 433 2259 SueceSsioncm
452 2235 480 2258 ct
504 2231 537 2258 ad
558 2238 646 2258 nteant
674 2231 862 2258 conditionem
889 2231 1012 2258 auintum

229 2277 323 2305 vertit.
341 2277 444 2304 Deinde
467 2284 529 2304 cum
546 2282 625 2312 pater
639 2277 695 2304 vita
710 2278 886 2311 excessisset,
911 2285 1012 2312 uteque

229 2323 361 2350 infantem
378 2324 472 2350 matris
488 2331 561 2351 cura:
575 2323 869 2359 reliquisset,quantas
886 2324 929 2351 ille
945 2323 1013 2351 mihi

228 2373 257 2396 ct
274 2369 377 2396 iut'clici
395 2370 474 2397 tnatri
500 2377 567 2397 mea:
591 2370 717 2397 miserias
735 2371 916 2398 commoverit
931 2378 1013 2398 ttento

228 2419 271 2441 est
283 2415 330 2450 qui
348 2415 465 2450 ignoret.
482 2415 510 2443 ld
523 2417 596 2442 enint
614 2417 720 2443 studuit
737 2422 767 2444 ut
781 2417 808 2443 in
824 2417 947 2452 quittque
968 2424 1014 2444 re-

228 2469 291 2496 gum
309 2462 409 2489 seriem
424 2468 452 2489 et
474 2464 677 2491 successionth
690 2463 848 2498 obreperet.
863 2464 941 2496 Quod
963 2472 1013 2491 att-

229 2511 339 2542 teqttant
358 2507 460 2535 factum
477 2512 519 2536 est
534 2516 615 2536 nemo
630 2517 697 2536 sane.
720 2510 878 2545 suspicatus
896 2515 947 2538 est.
965 2511 1012 2538 lllc

228 2553 311 2587 igitur
326 2555 413 2588 patris
437 2562 497 2581 mea
513 2555 654 2584 voluntate
673 2557 795 2591 neglecta
821 2564 902 2591 quam
927 2557 1013 2584 multo

226 2606 260 2626 ex
278 2603 400 2634 tempore
413 2601 506 2627 animo
525 2601 578 2628 sibi
596 2601 710 2629 tinxerat
726 2607 888 2636 potestatem
902 2603 1014 2631 allecta-

229 2646 276 2678 tit,
291 2650 317 2671 et
347 2651 468 2680 tempore
497 2647 541 2673 illo
557 2648 630 2682 quod
661 2654 740 2674 antea
770 2649 1013 2679 vehementissime

225 2691 406 2723 uesiderarat,
427 2693 478 2719 sibi
509 2695 744 2728 opportunissimo
767 2695 847 2731 159
869 2704 935 2723 usus
960 2702 1012 2723 est.

226 2735 281 2769 Ego
296 2743 362 2764 vero
382 2737 439 2764 haec
454 2746 516 2765 eum
533 2739 598 2766 olim
625 2747 640 2766 a
656 2741 723 2768 viris
747 2743 843 2775 peritis
860 2743 1010 2777 audissent,

226 2783 393 2815 persuadere
407 2784 475 2811 tttilti
494 2792 549 2812 non
565 2785 655 2820 potui.
670 2786 757 2814 llodie
770 2793 861 2815 autem
876 2796 938 2816 cutn
954 2798 1014 2817 tnu-

226 2827 357 2857 tationuttt
373 2829 480 2858 illarum
503 2838 599 2859 causas
614 2831 642 2859 in
658 2832 746 2862 lucem
763 2834 875 2869 prodire
892 2835 1012 2872 videam,

1056 911 1118 942 τοὺς
1134 912 1280 946 φρικώδεις
1295 912 1416 943 ἐκείνους
1435 913 1536 947 ὅρκους
1553 911 1647 938 πατῶν
1658 920 1665 928 ·
1681 911 1738 939 ἀλλ’
1753 912 1767 937 ό
1787 921 1846 937 πει-

1055 955 1108 989 τὴρ
1119 955 1186 989 ἐμοῦ
1202 955 1250 982 καὶ
1261 956 1309 990 τῆς
1321 957 1391 990 ἐμῆς
1406 957 1540 991 ὑπάρχειν
1555 956 1714 992 προμηθεὺς
1731 956 1849 990 ὀμωμο-

1056 1001 1111 1032 κὼς
1127 1001 1209 1035 ζωῆς.
1226 1003 1257 1028 Τί
1281 1002 1371 1029 τοίνυν
1400 1001 1495 1035 ἀδιιίὦ,
1514 1002 1562 1037 ζῇν
1580 1002 1724 1038 ἐφιέμενος
1738 1002 1792 1034 ἕως
1811 1003 1848 1029 ἃν

1058 1049 1109 1074 καί
1124 1049 1161 1083 τῷ
1177 1048 1313 1083 κρείττονι
1333 1049 1447 1084 συνδοκῇ
1469 1049 1516 1075 καὶ
1530 1049 1706 1084 συγχωρῆται
1722 1048 1761 1083 τῷ
1775 1048 1848 1075 πλά-

1059 1103 1136 1122 σαντι
1149 1103 1157 1127 ;
1175 1096 1211 1121 Οὐ
1227 1095 1281 1130 γὰρ
1297 1096 1358 1126 τοὺς
1385 1096 1544 1130 ἐφιεμένους
1558 1095 1607 1130 ζῇν
1621 1095 1747 1129 ἀσφαλῶς
1762 1095 1786 1121 οἱ
1801 1096 1846 1121 νό‹

1059 1151 1106 1176 μοι
1125 1143 1298 1174 κολάζουσιν,
1312 1142 1368 1169 ἀλλ’
1387 1139 1427 1173 οἷς
1448 1142 1613 1176 τυραννικὴν
1629 1142 1758 1176 ὠμότητα
1775 1144 1846 1176 σχή-

1060 1197 1125 1222 ματι
1140 1189 1230 1222 φιλίας
1242 1188 1407 1223 ἀναμίξασιν
1427 1188 1568 1223 ἐπιορκεῖν
1580 1187 1647 1222 ὁμοῦ
1660 1189 1706 1215 καὶ
1721 1188 1847 1223 φθείρειν

1058 1233 1192 1268 ἐμέλησεν
1209 1233 1254 1265 οὒς
1267 1235 1378 1269 ἀγαπᾷν
1398 1233 1580 1269 ὁμωμόκεσαν
1591 1241 1599 1249 ⁸
1619 1234 1707 1260 ἑκεῐνο
1729 1234 1847 1269 μὲνγὰρ

1060 1281 1200 1307 ἀκώλυτον
1213 1281 1269 1316 ἔχει
1283 1281 1332 1316 τὴν
1351 1281 1401 1315 τῆς
1417 1281 1570 1316 βουλήσεως
1598 1280 1703 1315 ἔφεσιν,
1717 1281 1798 1308 τοῦτο
1823 1280 1848 1308 δ’

1059 1327 1111 1354 οὐκ
1142 1327 1230 1354 ἀθῶον
1261 1327 1310 1362 τὴν
1341 1325 1454 1362 γνώμην
1471 1327 1656 1362 ἐγκλήματος.
1676 1328 1719 1360 Ὧς
1741 1328 1848 1362 ὤφελον

1059 1371 1120 1398 τότε
1132 1380 1163 1406 γε
1182 1372 1319 1406 θνήσκειν,
1333 1373 1381 1399 καὶ
1390 1373 1491 1408 τούμὸν
1503 1370 1574 1408 αἷμα
1586 1374 1644 1405 τοῖς
1656 1373 1731 1409 ὑμῶν
1747 1373 1848 1400 ἐπισα-

1061 1418 1168 1452 τηρίοις
1182 1418 1236 1444 εἴθε
1248 1418 1343 1444 ἐθύετο
1358 1419 1438 1451 τέως,
1462 1419 1509 1446 καὶ
1530 1418 1644 1454 βραχεῖα
1657 1419 1732 1451 κόνις
1745 1420 1848 1454 τοῦμὲν

1062 1464 1214 1491 ἐκάλυπτεν
1226 1463 1317 1490 ἄθλιον
1334 1464 1423 1498 σῶμα,
1437 1465 1502 1498 πρὶν
1515 1465 1544 1496 ὲς
1557 1465 1683 1497 τοιαύτας
1697 1465 1848 1500 τεταμιεῦ-

1063 1507 1215 1542 σθαιτύχας
1226 1516 1233 1523 ·
1251 1508 1298 1534 τοῦ
1312 1509 1365 1543 γὰρ
1378 1509 1453 1541 ἅπαξ
1467 1509 1557 1536 θανεῖν
1569 1509 1674 1540 ἀκλεῶς
1687 1510 1718 1535 τὺ
1730 1510 1847 1544 φυλάξαι

1063 1552 1203 1587 βασιλείας
1225 1553 1416 1588 ἀταλαίπωρον
1438 1554 1517 1586 δόξαν
1537 1555 1627 1590 πολλῷ
1644 1557 1846 1591 χαλεπώτερον*

1061 1597 1141 1623 τυῦτο
1158 1598 1207 1632 μὲν
1223 1598 1277 1632 γὰρ
1298 1599 1462 1635 πολύτροποι
1478 1600 1606 1634 βόσκουσι
1631 1602 1748 1628 κίνδυνοι
1762 1602 1848 1630 θανά-

1062 1651 1117 1670 των
1130 1644 1236 1679 μυρίων
1249 1646 1354 1680 μεστοὶ,
1372 1647 1481 1682 νύκτωρ
1497 1648 1544 1674 καὶ
1561 1647 1620 1682 μεθ’
1635 1648 1741 1683 ἡμέραν
1765 1658 1848 1687 περι-

1063 1692 1204 1725 τρέχοντὲς
1216 1700 1246 1718 τε
1263 1692 1309 1718 καὶ
1323 1693 1517 1727 προςδεύοντες
1530 1694 1576 1721 καὶ
1591 1695 1671 1730 δίκην
1684 1696 1788 1731 ἀγρίων
1801 1706 1851 1723 κυ-

1064 1737 1158 1770 μάτων
1175 1738 1218 1764 ὰεὶ
1232 1738 1447 1772 συμπνίγοντες,
1471 1741 1558 1766 ἐκεῖνο
1579 1741 1602 1766 δ’
1618 1741 1769 1776 ἀνάλγητον
1792 1743 1849 1777 ἔχει

1064 1782 1094 1808 τὸ
1114 1783 1210 1814 ἀκλεὲς
1226 1784 1293 1819 πρὸς
1310 1784 1418 1812 ἅπαντα
1439 1786 1497 1820 βίον
1522 1788 1716 1823 ἀναισθητοῦν.
1738 1789 1782 1819 Ὠς
1801 1790 1849 1816 νῦν

1064 1836 1095 1862 γε
1113 1830 1160 1855 καὶ
1175 1830 1201 1856 εἴ
1219 1838 1265 1864 μοι
1277 1830 1470 1867 τελεσιουργὸν
1484 1833 1534 1867 τὴν
1559 1834 1641 1869 εὐχὴν
1664 1835 1777 1869 ἤλπιζον
1792 1837 1851 1863 ἔσε-

1066 1876 1138 1908 σθαι,
1150 1876 1237 1910 ἥδιστ’
1255 1876 1289 1903 ἂν
1299 1877 1426 1913 ηὐξάμην
1440 1881 1532 1913 χανεῖν
1550 1889 1596 1914 μοι
1610 1880 1658 1908 τὴν
1682 1882 1733 1916 γῆν
1747 1883 1849 1916 μᾶλλον

1064 1923 1142 1957 ἦτὰς
1161 1923 1229 1957 ἐμὰς
1255 1922 1458 1956 ἀναγκάζεσθαι
1489 1926 1536 1951 νῦν
1559 1926 1606 1952 ἐπὶ
1634 1927 1680 1954 σοῦ
1705 1930 1848 1964 συμφορὰς

1064 1970 1230 2005 ἀφηγεῖσθαι
1241 1978 1247 1985 ·
1270 1971 1458 2005 ἀναμέμικται
1472 1972 1526 2008 γὰρ
1552 1974 1631 2000 ταυτί
1646 1983 1705 2006 πως
1720 1977 1767 2002 καὶ
1779 1985 1850 2010 συμ-

1065 2016 1204 2051 πέξυρται
1233 2019 1291 2048 τοῖς
1319 2017 1476 2053 ἐγκλήμασι
1496 2019 1544 2045 τοῦ
1568 2020 1628 2054 ’μοῦ
1654 2022 1798 2056 πενθεροῦ,
1812 2023 1850 2056 ὡς

1065 2063 1211 2097 ἀνέφικτον
1238 2060 1308 2090 εἶναι
1328 2064 1442 2090 διελόντ’
1467 2065 1643 2100 ἀφηγεῖσθαι,
1674 2069 1721 2094 καὶ
1736 2069 1792 2100 δέος
1811 2070 1847 2105 μὴ

1065 2107 1141 2142 αύτῷ
1173 2107 1348 2142 προστρίΰειν
1377 2109 1445 2140 δόξω
1470 2110 1646 2149 τδηῦνειδον
1672 2113 1846 2148 ἐξεπίτηδεςυ

1065 2151 1134 2180 εἶναι
1147 2154 1200 2188 γὰρ
1210 2154 1380 2190 ἐγνωσμένον
1394 2157 1430 2190 μὴ
1446 2156 1487 2182 ὃτι
1503 2157 1649 2192 Ῥωμαίοις
1661 2159 1772 2191 ἅπασιν,
1783 2161 1849 2188 ἀλλὰ

1030 2205 1052 2234 ο
1066 2200 1113 2226 καὶ
1135 2200 1188 2226 τῶν
1204 2201 1288 2228 ἐθνῶν
1305 2201 1339 2229 τὰ
1373 2202 1458 2230 πλείω
1485 2203 1557 2240 λόγῳ
1573 2206 1692 2239 μεγάλου
1718 2209 1848 2241 nupsi/.0»;

1065 2245 1214 2281 θαύματος,
1229 2247 1346 2282 ὁρῶντες
1363 2250 1404 2280 εἰς
1419 2245 1476 2276 οἷον
1491 2250 1573 2276 αὐτὸν
1599 2251 1728 2286 ἁνύψωσε
1743 2253 1818 2284 κλέος
1834 2255 1848 2280 ὁ

1066 2292 1221 2327 μακαρίτης
1239 2294 1342 2325 ἐκεῖνος
1368 2293 1506 2329 βασιλεὺς,
1529 2297 1543 2322 ό
1559 2295 1605 2322 τὸν
1629 2297 1722 2324 ἄθλιον
1742 2299 1789 2332 ὲμὲ
1805 2308 1850 2331 γε-

1064 2338 1214 2372 γεννηκώς.
1231 2339 1357 2374 Τοΰνομα
1374 2341 1424 2376 μὲν
1440 2341 1494 2376 γὰρ
1511 2341 1542 2378 [Γ.
1556 2343 1608 2370 154
1623 2343 1651 2379 α]
1675 2345 1777 2377 ἐκεῖνος
1791 2345 1847 2381 εἶχε

1063 2383 1113 2417 τῆς
1137 2383 1287 2417 βασιλείας,
1313 2384 1364 2419 τῆς
1389 2385 1411 2411 δ’
1442 2385 1569 2419 ἐξουσίας
1596 2389 1749 2424 συλλήϐδην
1772 2390 1847 2420 οὗτος

1065 2427 1174 2463 ἀπάσης
1197 2428 1286 2454 εἰπεῖν
1302 2430 1372 2463 μετά
1387 2438 1418 2463 γε
1438 2432 1487 2466 τῆς
1506 2431 1591 2458 αὐτοῦ
1620 2435 1779 2468 κατετρύφα
1794 2444 1846 2469 μη-

1065 2473 1139 2507 τρός.
1171 2474 1225 2500 Καὶ
1248 2472 1282 2509 ἦν
1297 2475 1343 2501 ἐπὶ
1358 2476 1462 2508 τούτοις
1486 2478 1583 2512 ἐκείνῳ
1599 2478 1628 2504 τὸ
1641 2480 1846 2514 σκοπιμώτατον

1065 2519 1188 2554 φυλακῆς
1217 2521 1298 2548 ἕνεκα
1315 2522 1364 2557 τῆς
1383 2523 1423 2554 εἰς
1446 2523 1496 2558 τὴν
1510 2524 1650 2559 βασιλείαν
1663 2526 1786 2561 διαδοχῆς
1800 2531 1846 2554 καὶ

1064 2565 1194 2599 διαμονῆς
1207 2566 1257 2599 τῆς
1270 2567 1350 2601 ὲμῆς.
1382 2568 1453 2595 Ἀλλ’
1476 2570 1537 2596 ἐπεὶ
1561 2572 1594 2606 τῇ
1620 2571 1700 2605 φύσει
1717 2572 1748 2598 τὸ
1762 2574 1846 2607 χρεὼν

1065 2611 1176 2644 ἐκτίσας
1190 2613 1283 2648 ἀπῄει,
1300 2613 1399 2648 βρέφος
1427 2615 1478 2650 ἐμὲ
1503 2617 1562 2648 ταῖς
1586 2618 1666 2652 χερσὶ
1681 2619 1730 2653 τῆς
1747 2620 1845 2654 μητρδς

1066 2656 1209 2690 λελοιπὼς,
1225 2659 1314 2685 ῐσασιν
1328 2659 1447 2692 ἅπαντες
1472 2663 1537 2694 ὅσας
1552 2671 1583 2689 τε
1602 2664 1684 2695 αὐτὸς
1703 2665 1765 2699 ἐμοὶ
1780 2666 1846 2699 μετὰ

1066 2702 1115 2736 τῆς
1132 2704 1263 2739 ταλαίνης
1278 2706 1381 2741 μητρὸς
1401 2708 1536 2742 ἐπήνεγκε
1563 2712 1707 2746 συμφορὰς
1725 2713 1770 2738 καὶ
1783 2713 1845 2744 ὅσας

1066 2746 1144 2780 αὖθις
1157 2749 1238 2780 αὐτὸς
1266 2751 1326 2777 κατ’
1340 2752 1423 2779 αὐτὸν
1446 2754 1602 2788 ἐπεπόνθει,
1618 2757 1698 2782 πέντε
1716 2757 1845 2792 βασιλέων

1067 2794 1163 2828 σειρὰν
1184 2795 1232 2821 καὶ
1246 2795 1372 2830 διαδοχὴν
1387 2798 1427 2829 εἰς
1440 2799 1538 2827 ἑαυτὸν
1553 2804 1723 2837 μεταστῆσαι
1749 2803 1845 2839 πειρώ-

1066 2848 1156 2875 μενος,
1169 2841 1285 2876 πρᾶγμα
1300 2844 1365 2878 πρὶν
1380 2845 1507 2878 γενέσθαι
1521 2848 1584 2883 μηδ’
1599 2848 1737 2876 ἐλπισθέν.
1753 2848 1844 2877 Ἐκλι-
