1909 3064
85 139 139 170 169

557 140 781 172 BYZANTlN/E
801 143 997 174 HISTORIA?
1017 145 1092 176 LIB.
1113 146 1251 178 XXVIII.

1659 151 1708 183 170

82 195 166 228 δίκης
183 193 295 228 θρόνους
307 200 314 208 ·
331 194 364 221 ἂν
380 193 408 220 δὲ
425 194 472 221 καὶ
489 194 534 221 τδν
551 195 600 230 τῆς
620 197 765 230 μετανοίας
781 197 860 233 χρόνο

929 205 992 227 ante
1005 201 1158 234 adhibebit,
1174 210 1255 237 quam
1276 209 1324 238 per
1345 206 1431 231 totum
1448 208 1637 234 creaturarum
1655 209 1711 243 ple-

83 240 184 276 καιρὸν
196 239 296 271 κακίας
309 239 439 274 θεάσηται
452 242 642 276 ποιουμένους,
653 243 751 278 χρῆται
763 243 802 278 τῷ
815 245 873 271 στύ-

927 254 1003 274 roma
1018 247 1083 275 illud
1100 247 1216 275 eﬂusum
1232 254 1284 276 est.

81 295 182 319 φοντι,
197 286 263 321 πρὶν
278 286 328 312 ὑπὸ
350 286 397 313 τοῦ
412 287 507 319 ἕλκους
540 288 712 323 ἀναλωθῆναι
746 291 810 323 τοὺς
842 291 1049 328 ταλαιπώρους,
1070 293 1144 321 ἅπαν
1164 295 1194 321 τὸ
1215 295 1353 330 πλήρωμα
1372 297 1422 332 τῆς
1443 297 1536 330 οὐσίας
1558 299 1712 335 ὁλοσχερῶς

77 332 308 368 διανεμηθέντος.
729 357 737 365 .
761 352 765 355 -

118 379 170 406 1Ζ’.
189 378 271 405 Ἀλλὰ
286 382 340 414 γὰρ
354 380 465 407 ἐκείνων
477 381 577 408 οὑτωσὶ
594 383 752 418 φερομένων
766 385 872 412 Καντα-

80 423 218 459 κουζηνὸς
239 426 253 452 ὁ
275 425 400 460 βασιλεὺς
424 427 509 453 πολύν
526 436 586 454 τινα
609 422 703 464 χρόνον
723 430 752 456 ἐν
772 432 805 465 τῇ
827 431 872 457 τοῦ

86 470 254 498 Ἀθανασίου
277 473 344 508 μονῇ
365 472 476 508 Θεωρῶν
495 473 689 508 ἁπρακτοῢντα
709 475 755 502 τὸν
775 476 874 503 Κάλλι-

84 526 161 550 στον,
173 517 188 545 ὃ
199 526 226 544 τι
241 518 365 554 βούλεταί
379 520 403 546 oi
416 520 527 554 πέμψας
541 520 635 557 ἠρώτα
647 522 696 556 τῆς
711 531 873 558 πατριαρχι-

80 564 134 598 κῆς
153 564 262 599 διαίτης
282 565 299 599 ὴ
321 565 417 600 χρονία
438 566 588 598 διάστασις.
608 564 686 594 Εἶναι
707 567 738 604 [Γ.
761 569 812 597 109
832 569 870 606 υ.]

79 609 138 643 γάρ
154 617 223 644 φησι
239 609 319 642 δῆλον
337 611 391 642 τοῖς
409 611 511 638 ἅπασιν
528 612 564 644 ὡς
580 613 614 639 τά
629 622 660 639 τε
679 615 806 642 πολιτικὰ
824 617 870 642 καὶ

79 655 202 689 δημόσια
213 654 267 681 τῶν
278 655 447 690 πραγμάτων
457 656 613 690 ἀνθρώπινα
624 657 687 685 ὗντα
698 659 869 694 ἀνθρώπους,

82 701 155 736 μετά
170 710 202 734 γε
219 700 285 727 Θεδν
295 721 303 734 ,
319 702 366 728 καὶ
382 701 443 734 τοὺς
461 703 583 735 ἐπόπτας
599 703 692 739 ἔχουσι
708 707 757 732 καὶ
770 706 871 742 διοικη-

77 747 143 779 τὰς,
158 747 207 773 ἅτε
223 746 349 782 σύνθημα
363 747 443 780 ὄντας
454 748 543 784 ψυχῆς
556 750 655 784 ὁμοίως
670 751 717 778 καὶ
732 751 841 787 σώματο
848 763 866 785 ς.

78 792 141 819 Τῶν
167 792 218 826 μὲν
241 792 288 819 οὖν
313 794 476 828 σωματικῶν
498 795 547 829 τὴν
569 795 702 830 διοίκησιν
728 797 867 832 βασιλεῦσι

962 384 1041 413 XVII.
1062 386 1126 419 Qum
1141 395 1204 414 cum
1226 389 1262 416 ita
1285 397 1314 416 se
1332 390 1481 423 haberent,
1501 392 1709 422 Cantacuzcnus

925 433 991 466 imp.
1001 439 1061 459 cum
1073 433 1187 460 multum
1203 435 1333 469 temporis
1346 435 1372 463 in
1387 437 1527 466 Athana-i2
1539 443 1707 469 monaster'o

924 477 1042 505 otiosum
1057 478 1197 512 Callistum
1218 479 1331 514 videret.
1349 483 1423 510 misit
1438 483 1484 518 qui
1506 492 1538 511 ex
1554 493 1586 512 eo
1604 494 1708 520 quave-

924 528 976 555 ret,
993 523 1058 558 quid
1073 524 1152 560 longa
1165 525 1327 560 patriarcha:
1340 528 1462 556 absentia
1480 530 1532 557 sibi
1548 532 1639 559 vellet.
1653 533 1708 559 N0-

926 572 983 595 tum
1004 570 1076 596 enim
1096 570 1224 598 omnibus
1239 579 1317 604 esse.
1335 580 1395 608 qua
1420 582 1508 602 rerum
1532 576 1706 610 publicarum

925 615 1032 649 negotia
1045 615 1079 642 ad
1096 616 1219 644 homines
1232 623 1388 652 spectarent
1409 625 1507 654 praeter
1521 621 1606 650 Deum
1623 624 1706 651 etiam

925 661 1081 689 hominibus
1096 671 1155 690 esse
1167 665 1293 692 obeunda
1315 671 1396 700 atque
1414 668 1524 695 tuenda.
1551 669 1625 698 [lane
1648 679 1710 699 esse

925 707 1109 748 conditionem
1136 711 1261 745 corporis
1275 717 1304 739 et
1319 713 1510 749 animmque
1533 716 1567 743 ad
1594 725 1708 752 corpora

923 744 1106 790 pertinerent,
1132 764 1146 783 a
1163 744 1276 792 regibus
1292 766 1398 786 summa
1422 765 1558 795 potestate
1586 763 1709 797 praeditis

923 799 979 834 regi
1000 807 1032 826 ac
1045 800 1190 835 gubernari
1201 803 1356 830 secundum
1380 805 1538 840 reipublicae
1560 806 1633 842 leges
1647 808 1709 835 lon-

79 837 227 873 ῥυθμίζειν
245 838 291 864 καὶ
310 838 422 866 διοικεῖν
440 841 480 871 εἰς
497 840 527 866 τδ
549 840 672 875 βέλτιον,
690 844 745 872 τοῖς
765 842 860 870 ἄνωθει

920 852 983 880 gum
999 845 1129 882 temporis
1143 849 1261 883 spatium
1277 849 1415 884 docuisse;
1432 859 1494 886 quae
1515 860 1579 880 vero
1596 853 1629 880 ad
1649 855 1709 881 ani-

79 884 266 919 κεκρατηκόσι
282 885 429 917 πολιτικοῖς
445 887 597 922 ἑπομένους
610 888 716 923 νόμοις,
730 890 743 915 ό
760 891 864 924 μακρὸς

77 931 234 966 παρέσχετο
259 931 362 966 χρόνος,
387 928 441 958 τῶν
464 931 534 959 δἀὗ
560 933 685 969 ψυχικῶν
709 936 864 972 ἱερωτέροις

77 977 194 1012 ἀνδράσι
204 997 212 1007 ,
227 978 283 1009 τοῖς
299 977 404 1005 ἄνωθεν
419 980 605 1014 κεκρατηκόσι
622 983 670 1009 καὶ
685 982 783 1014 αὐτοὺς
800 983 864 1010 ἐπο-

77 1022 178 1056 μένους
198 1023 293 1049 κανόσι
314 1024 362 1049 καὶ
380 1018 507 1058 δόγμασι.
527 1026 581 1052 Καὶ
601 1027 685 1060 οὕτως
704 1028 720 1064 ἡ
742 1029 865 1057 πολιτεία

75 1068 249 1102 διοικουμένη
269 1069 343 1095 πᾶσα
361 1070 428 1104 πρὸς
446 1071 572 1102 ὁμόνοιαν
589 1073 800 1108 οἱανδηποτοῦν,
819 1078 865 1103 καὶ

76 1113 172 1148 ὥσπερ
193 1114 314 1149 ἔμψυχον
331 1116 360 1142 ἒν
377 1117 507 1153 γινομένη
528 1118 621 1154 σῶμα,
634 1119 680 1147 τὸν
697 1122 785 1149 πάντα
794 1123 863 1157 διέξ-

75 1168 128 1186 εισι
151 1160 267 1195 χρόνον,
285 1161 378 1195 ἐφόδια
405 1164 561 1199 κεκτημένη
582 1165 651 1201 πρός
676 1175 706 1193 τε
723 1168 753 1194 τὸ
774 1171 865 1205 χεῖρον

77 1204 122 1231 καὶ
138 1204 254 1239 βέλτιον,
271 1206 332 1233 καθ’
343 1207 473 1242 ὁπότερον
487 1209 504 1243 ἡ
519 1209 573 1236 τῶν
586 1212 759 1246 κρατούντων
771 1223 800 1240 τε
817 1219 865 1242 καὶ

75 1249 346 1285 οἱακοστροφούντων
362 1252 476 1288 δύναμις
498 1254 554 1290 ἔχει
576 1256 689 1292 γνώμης
710 1259 756 1286 καὶ
776 1259 866 1290 διαθέ-

76 1303 158 1327 σεως.
178 1296 211 1322 Εἰ
227 1295 282 1331 γὰρ
298 1297 503 1331 παρεξάγεσοαι
521 1300 635 1335 Θὰτερον
651 1303 798 1337 ἐρεθίζοιτο
817 1307 865 1340 μὲ-

76 1347 121 1374 ρος
135 1340 236 1373 ῥοθίοις
250 1342 392 1368 ὀπωσποτὲ
405 1344 453 1370 καὶ
465 1344 611 1379 memon
624 1347 721 1381 βιαίοις
734 1350 865 1386 ἐντυγχά-

74 1393 129 1417 νον,
138 1385 185 1411 τὸν
194 1385 344 1418 ἀϐούλητον
352 1387 513 1421 ὁθενδήποτε
522 1389 623 1424 τρόπον
631 1385 864 1429 ἁντιφερομένοις,

74 1431 126 1457 ὑπὸ
142 1432 258 1467 θατέρου
272 1434 460 1468 ωοφρονίζοιτ’
472 1434 505 1462 ἂν
517 1435 582 1468 ἴσως
595 1436 763 1471 ὑγιαίνοντός
775 1448 804 1466 τε
818 1441 865 1467 καὶ

72 1477 129 1507 τοῖς
143 1477 262 1511 βελτίοσι
275 1479 416 1514 λογισμοῖς
427 1480 476 1512 τὰς
486 1481 534 1507 τοῦ
546 1481 630 1509 καλοῦ
644 1485 779 1519 κρηπῖδας
791 1485 864 1521 ἕχον-

919 898 977 918 mas
990 897 1156 927 spectarent,
1173 903 1187 922 a
1199 896 1284 923 sacris
1297 903 1410 924 summa:
1421 899 1568 933 potestatis
1588 900 1708 927 homini-

916 937 966 964 bus
981 938 1014 965 ad
1033 939 1188 974 dogmatum
1204 946 1377 970 etcanonum
1394 945 1512 979 regulas.
1534 946 1628 981 Itaque
1649 955 1708 974 res-

916 984 1028 1020 publica
1048 987 1162 1014 omnino
1188 989 1331 1023 a'qualiter
1352 990 1541 1019 administrata
1577 992 1708 1028 tanquam

915 1030 1008 1057 vivum
1029 1039 1129 1067 corpus
1143 1041 1191 1068 per
1211 1042 1293 1063 omne
1308 1040 1416 1072 tempus
1440 1038 1548 1066 stabilis
1561 1047 1707 1073 permane-

916 1077 966 1105 bit.
996 1077 1086 1106 llabet
1114 1085 1205 1107 autem
1231 1086 1258 1109 et
1282 1081 1314 1109 ad
1335 1083 1457 1118 pejorem
1473 1090 1500 1112 et
1515 1085 1547 1112 ad
1562 1087 1704 1116 meliorem

916 1129 1017 1152 statum
1039 1127 1218 1161 perveniendi
1232 1129 1299 1160 vias.
1318 1136 1453 1164 quatenus
1471 1136 1592 1167 potestas
1608 1141 1703 1161 eorum

915 1171 962 1205 qui
982 1175 1079 1207 regunt
1099 1179 1127 1201 et
1140 1174 1312 1209 gubernant,
1329 1184 1391 1204 cum
1406 1177 1552 1212 prudentia
1567 1184 1594 1207 et
1611 1183 1704 1208 consi-

915 1218 952 1244 lio
968 1219 1111 1254 conjuncta
1127 1226 1178 1248 est.
1193 1220 1220 1248 Si
1233 1222 1307 1249 enim
1321 1223 1406 1250 altera
1419 1232 1482 1259 pars
1499 1227 1604 1261 magnis
1617 1228 1704 1256 invite

915 1263 1044 1291 ﬂuctibus
1069 1264 1148 1301 196
1167 1266 1297 1301 iactatur,
1317 1269 1351 1295 ab
1374 1270 1460 1298 altera
1485 1271 1598 1299 forsitan
1617 1281 1703 1301 reme-

915 1309 990 1336 dium
1007 1310 1129 1345 recipiat.
1145 1311 1247 1346 quippe
1262 1321 1322 1347 qua!
1348 1322 1412 1342 sana
1435 1316 1471 1343 sit
1491 1321 1518 1343 et
1541 1318 1701 1348 melioribus

915 1355 1040 1382 consiliis
1057 1357 1215 1385 constituta.
1232 1358 1350 1387 Neces=e
1368 1361 1452 1396 igitur
1472 1370 1532 1390 esse
1545 1371 1578 1390 ex
1592 1364 1702 1394 duobus

915 1399 1032 1428 alterum
1044 1407 1107 1429 :aut
1120 1403 1152 1429 ad
1171 1404 1381 1437 patriarehicam
1395 1407 1477 1434 vitam
1497 1409 1586 1437 redire
1598 1414 1626 1437 et
1638 1419 1698 1446 qua:

915 1445 1037 1480 ejusdem
1054 1451 1198 1481 potestatis
1213 1452 1305 1478 essent
1320 1451 1422 1484 lacere,
1439 1458 1486 1481 aut
1501 1455 1625 1490 deposito
1638 1465 1698 1485 tnu-

915 1497 981 1517 nere
1002 1491 1029 1518 in
1049 1491 1100 1520 hoc
1118 1493 1179 1522 loco
1197 1495 1315 1523 alterum
1336 1497 1463 1526 collocari
1479 1501 1549 1534 pali;
1574 1507 1621 1529 aut
1642 1508 1698 1530 ter-

72 1531 117 1554 τος
141 1523 324 1559 ὴδρασμένας.
343 1525 463 1561 Ἀνάγκη
484 1527 574 1554 τοίνυν
596 1528 668 1556 δυοῖν
691 1529 819 1566 θάτερον,
843 1532 859 1568 ἢ

913 1535 981 1563 tium
999 1537 1065 1564 illud
1076 1559 1084 1570 ,
1102 1538 1234 1569 absentia:
1264 1523 1513 1578 rationewred-ditra,
1526 1523 1699 1577 difficultatis

73 1568 141 1602 πρὸς
155 1568 204 1604 τήν
217 1571 420 1606 πατριαρχικὴν
434 1572 652 1608 ἐπανεληλυθότα
666 1584 695 1602 οε
708 1575 812 1604 δίαιταν
824 1578 859 1604 τὰ

911 1582 1072 1617 scrupulum
1088 1585 1194 1614 tollere.

71 1613 110 1648 τῷ
124 1614 213 1650 θρόνῳ
228 1615 363 1649 ἀνήκοντα
377 1617 458 1652 δρᾷν,
491 1619 507 1653 ἢ
541 1621 782 1656 παραιτησάμενον
814 1624 844 1649 τὸ
876 1613 1081 1663 λειτούργημα,
1102 1613 1194 1665 χώραν
1214 1631 1308 1668 ἕτερον
1328 1634 1535 1672 ἀντεισαγαγετν
1555 1639 1697 1675 παρέχειν.

73 1657 107 1675 "u
120 1660 152 1675 -1
166 1668 198 1675 υ-
213 1661 304 1675 -,ι..-..
329 1662 374 1675 --π
393 1663 528 1675 §_L..__._
543 1664 601 1675 s.,.,
637 1666 649 1675 ι.
663 1666 687 1675 αι
780 1668 787 1675 ι
824 1669 836 1675 -
881 1670 888 1675 .
953 1673 958 1675 .
1007 1674 1011 1675 ,
1033 1673 1037 1675 .

73 1657 107 1687 Ἦ
120 1660 152 1687 τό
166 1668 198 1693 γε
213 1661 315 1695 τρίτον,
329 1662 376 1689 τοῦ
391 1663 528 1698 δράματος
543 1664 620 1699 λόγον
634 1666 749 1700 διδόντα,
763 1668 793 1694 τὸ
807 1669 857 1704 τῆς
876 1657 1082 1709 ἀπορίαςλύειν
1096 1657 1256 1711 ἕμῷίδοξονῑ

107 1705 162 1734 lH'.
184 1707 256 1741 Πρὸς
271 1707 357 1735 ταῦτα
372 1708 439 1736 τόνδ’
453 1709 533 1742 εὐθὺς
550 1711 693 1747 ὑποτρέχει
711 1713 792 1748 νέφος
811 1715 859 1741 θυ-

72 1751 133 1786 μοῦ,
158 1753 206 1778 καὶ
227 1753 346 1785 ἀναστὰς
366 1755 522 1790 ἁφορισμὸν
543 1757 595 1791 μὲν,
611 1758 731 1792 ὲκφωνεῑ
750 1760 858 1794 πρῶτον

70 1797 136 1823 Θεοῦ
151 1798 222 1825 κατὰ
234 1798 334 1830 παντὸς
345 1795 367 1833 ᾧ
380 1800 447 1835 πρὸς
460 1802 614 1836 βουλήσεως
627 1803 660 1829 ἄν
672 1812 737 1830 ποτε
751 1805 856 1838 γένοιτο

71 1841 147 1875 αὖθις
167 1844 216 1878 τὴν
233 1844 262 1875 ἐς
280 1845 326 1872 τὸν
345 1847 544 1882 πατριαρχικδν
562 1848 658 1883 θρόνον
675 1850 804 1878 ἐπάνοδον
824 1854 855 1878 τὸ

70 1889 200 1922 παράπαν
216 1889 291 1925 αὐτῷ
313 1890 500 1921 ὑποτίθεσθαι,
518 1892 584 1920 Εἶτα
606 1895 716 1930 μακράν
732 1905 791 1923 τινα
807 1898 854 1924 τοῦ

70 1932 203 1967 βασιλέως
221 1937 336 1962 ποιεῖται
353 1937 546 1973 καταδρομὴν,
562 1939 603 1966 ὅτι
619 1941 650 1966 τὸ
668 1941 718 1974 μὲν
733 1942 788 1969 τῶν
803 1944 855 1969 ὑπο

68 1980 147 2014 χεῖρα
168 1980 339 2015 Χριστιανῶν
361 1983 437 2015 γένος
459 1984 546 2017 μισῶν
567 1985 604 2017 ὡς
626 1987 755 2021 ἐχθροὺς,
775 1989 806 2015 τὸ
825 1989 854 2015 δὲ

69 2025 206 2061 βάρϐαρον
227 2027 413 2062 οἰκειούμενος
433 2029 471 2061 ὡς
492 2030 646 2065 φιλτάτους,
669 2033 795 2070 Ὑρκανῷ
816 2035 854 2070 τῷ

69 2072 186 2108 γαμὸρῷ
211 2073 259 2100 καὶ
280 2076 337 2106 τοῖς
359 2075 404 2101 ὑπ’
419 2076 517 2112 ἐκείνῳ
540 2077 687 2114 βαρϐάροις
710 2081 854 2115 προδίδωσι

67 2119 168 2152 προῖκα
186 2119 296 2154 νύκτωρ
315 2119 359 2145 καὶ
379 2121 437 2155 μεθ’
453 2121 577 2157 ἡμέραν,
595 2124 722 2161 καθάπερ
738 2126 855 2162 ἀγελαρ-

67 2172 117 2197 χης
132 2164 279 2198 προϐάτων
292 2165 381 2199 δορὰς.
396 2166 444 2198 τὰς
456 2167 559 2194 τούτων
572 2169 676 2202 οὐσίας.
691 2172 745 2197 Καὶ
756 2173 790 2199 τὰ
803 2172 854 2207 τῆς

67 2208 172 2234 ἐκεῖθεν
188 2209 307 2244 ἁμοιὸῆς
328 2210 369 2237 ὃτι
390 2212 477 2247 συχνὰ
498 2215 611 2249 συχνοὺς
627 2216 680 2242 τῶν
697 2216 743 2243 ὑπ’
757 2218 853 2254 ἐκείνῳ
866 2220 893 2250 D

66 2253 212 2289 βαρϐάρων
235 2255 278 2280 ἀεὶ
303 2258 528 2292 μεταπέμπεται,
551 2261 687 2295 πρόφασιν
711 2262 760 2296 μὲν
783 2253 854 2290 κατᾶ

66 2300 147 2334 μόνου
160 2299 208 2326 τοῦ
222 2300 354 2335 βασιλέως
368 2303 567 2339 Παλαιολόγου,
581 2307 611 2332 τὸ
623 2307 645 2332 δ’
657 2307 754 2342 ἀληθὲς
768 2318 852 2344 προσ-

64 2345 168 2372 τιθέναι
190 2347 237 2373 καὶ
253 2347 287 2373 τὰ
307 2347 458 2383 λειπόμενα
475 2351 525 2385 τῆς
543 2352 596 2378 τῶν
616 2352 759 2388 Ῥωμαίων
778 2355 853 2387 λείας

64 2391 214 2425 αὔτανδρον
231 2394 369 2429 προνομὴν
383 2396 509 2430 ἐκείνοις,
523 2397 560 2428 ὼς
576 2399 614 2431 εἰς
630 2398 750 2435 θηριώδη
767 2410 853 2435 κρεω-

63 2439 166 2472 φαγίαν
188 2439 290 2473 σφάγια
311 2441 402 2473 αὐτοῖς
425 2441 532 2476 σώμασι
554 2446 600 2470 καὶ
624 2444 719 2477 αὐταῖς
740 2446 851 2481 ψυχαῖς.

65 2482 118 2508 Καὶ
131 2483 188 2508 τῶν
202 2484 307 2518 ἐχθρῶν
323 2487 530 2520 κορεννυμένων
543 2486 593 2522 τῆς
608 2488 710 2523 Θοίνης,
725 2491 771 2517 καὶ
786 2492 851 2517 ἁπο-

64 2528 213 2562 σειομένων
226 2528 276 2563 ἤδη
289 2529 317 2555 τὸ
329 2530 378 2562 τῆς
389 2529 531 2565 ὠμότητος
543 2532 590 2558 τοῦ
603 2533 700 2568 ἀνδρὸς
713 2534 852 2570 ὑπερϐάλ-

63 2575 115 2605 λον,
134 2574 183 2599 καὶ
199 2573 249 2608 τὴν
267 2574 333 2609 πρὸς
349 2575 380 2601 τὸ
398 2577 532 2611 ὁμόφυλον
549 2578 735 2612 χλευαζόντων
764 2582 852 2615 ἁγνωο

64 2619 201 2654 μοσύνην,
225 2621 305 2652 αὐτὸς
327 2621 388 2648 οὔτε
410 2622 448 2659 [ί.
473 2623 524 2651 MO
545 2623 591 2660 r.]
615 2625 774 2660 κορέννυται
796 2627 852 2654 οὔτ’

63 2663 177 2690 αἰδεῖται
202 2663 266 2690 οὕτε
290 2665 405 2700 ἐχθροὺς
430 2666 492 2694 οὗτε
518 2668 612 2703 φίλους
637 2669 699 2695 οὔτε
724 2671 778 2705 μὴν
801 2672 850 2707 τὴν

63 2710 151 2736 πὰντα
172 2709 324 2744 βόσκουσαν
342 2712 417 2746 ἡλίου
441 2714 538 2747 φλόγα.
557 2715 628 2750 Πρὸς
645 2715 812 2751 τάνάλγητον
828 2718 850 2744 δ’

63 2753 157 2781 ἑαυτὸν
182 2755 214 2781 τὸ
239 2757 368 2790 παράπαν
391 2759 532 2793 χαλκεύων
556 2762 610 2792 ἀεὶ.
635 2761 682 2787 καὶ
704 2762 738 2789 τὰ
765 2765 851 2796 μείζω

65 2801 228 2836 προστίθησι
242 2803 296 2829 τῶν
309 2803 410 2838 κακῶν,
423 2807 469 2831 καὶ
484 2806 652 2842 αὐτουργοὺς
666 2809 728 2840 τοὺς
742 2810 849 2842 ἀθλίους

63 2847 112 2874 τὼν
126 2848 239 2874 οἰκείων
255 2849 377 2881 γίνεσθαι
396 2853 544 2886 συμφορῶν
560 2853 726 2887 ἀναγκάζει,
744 2855 847 2890 βιαίους
858 2890 867 2898 ἰ

181 2895 319 2926 ιἈτιιοιι.
340 2897 397 2927 Gn.
417 2899 551 2928 CXLIX.

950 1718 1041 1747 XVIII.
1066 1721 1113 1749 llis
1129 1723 1211 1751 dictis
1224 1724 1263 1752 ira
1279 1725 1371 1753 statim
1387 1728 1550 1761 patriarclm
1573 1731 1695 1759 animum

913 1766 997 1799 cepit.
1019 1767 1130 1796 Etcum
1153 1772 1319 1799 surrexisset
1342 1774 1463 1808 primum
1482 1775 1589 1804 lonutut
1606 1783 1648 1806 «st.
1662 1780 1696 1807 dc

911 1810 958 1838 Dei
973 1814 1097 1845 consilio,
1114 1816 1192 1851 cujus
1208 1817 1240 1844 ad
1255 1818 1420 1847 voluntatem
1437 1821 1458 1848 si
1474 1830 1517 1849 res
1534 1831 1566 1850 ea
1581 1823 1697 1853 inclina-

910 1862 962 1887 ret.
981 1858 1039 1886 fore
1056 1865 1086 1887 ut
1100 1860 1126 1887 in
1144 1863 1351 1895 patriarchicam
1363 1865 1456 1893 sedem
1472 1875 1500 1895 se
1512 1869 1602 1897 redire
1615 1870 1695 1904 jube-

906 1909 956 1931 ret.
966 1904 1069 1934 Deinde
1080 1906 1107 1934 in
1123 1908 1313 1943 imperatorem
1323 1912 1500 1942 vehi-menter
1509 1915 1634 1945 invectus
1641 1924 1692 1950 est,

904 1951 976 1985 quod
984 1951 1202 1981 Christianorum
1209 1963 1258 1989 gen
1264 1961 1317 1984 tem
1326 1957 1439 1993 imperio
1446 1965 1495 1987 suo
1503 1962 1621 1990 deditam
1631 1969 1674 1992 tan
1681 1980 1692 1986 -

906 2003 988 2031 quam
1003 1997 1096 2026 hostes
1113 1999 1140 2026 in
1154 2000 1219 2028 odio
1231 2002 1356 2036 haberet,
1378 2005 1510 2033 Barbaros
1524 2013 1613 2043 autem
1634 2015 1693 2037 tan-

905 2048 986 2076 quam
997 2043 1158 2072 amicossibi
1169 2046 1349 2081 conciliaret;
1365 2051 1436 2084 quod
1454 2051 1579 2086 llyrrano
1589 2062 1691 2089 genero

905 2093 934 2116 et
951 2089 1078 2117 Barbaris
1093 2091 1139 2125 qui
1156 2092 1208 2120 sub
1223 2100 1257 2121 eo
1278 2101 1370 2124 essent
1385 2097 1431 2124 diu
1446 2103 1582 2134 noctuque
1600 2102 1691 2129 trade-

905 2140 948 2163 ret
961 2136 1070 2164 illorum
1083 2138 1171 2172 bona;
1187 2147 1237 2167 nec
1249 2147 1358 2169 causam
1371 2151 1424 2170 non
1436 2144 1487 2171 nisi
1502 2146 1573 2180 apud
1589 2147 1690 2175 Palaeo-

904 2180 996 2217 legum
1011 2181 1127 2210 inveniri
1147 2191 1239 2213 revera
1254 2193 1344 2221 posse,
1357 2188 1430 2222 quod
1445 2197 1505 2224 quat
1523 2200 1538 2219 e
1553 2192 1693 2221 Romano-

908 2234 967 2254 rum
985 2227 1079 2262 spoliis
1096 2235 1271 2263 snperessent
1284 2238 1447 2266 caperentur
1458 2242 1519 2262 eum
1533 2237 1691 2267 hominibus

905 2272 938 2299 ad
955 2273 1042 2301 instar
1056 2274 1205 2302 bestiarum
1219 2276 1252 2304 ad
1267 2277 1469 2307 dilacerandum
1487 2282 1605 2311 traditis.
1620 2284 1687 2312 Cum

906 2318 998 2346 hostes
1025 2321 1146 2348 caedibus
1168 2323 1258 2349 satiati
1284 2331 1448 2353 aversentnr
1467 2327 1613 2356 immanem
1630 2332 1688 2366 ejus

905 2365 1095 2393 crudelitatem
1111 2371 1138 2394 et
1151 2368 1178 2394 in
1196 2368 1322 2398 homines
1335 2371 1454 2406 ejusdem
1482 2375 1569 2408 gentis
1586 2365 1687 2410 iniqui-

904 2412 985 2436 tatem
999 2410 1077 2445 197
1090 2417 1229 2447 respuant,
1243 2414 1301 2448 ipse
1314 2423 1363 2442 nec
1379 2416 1495 2444 satiatur
1511 2426 1561 2446 nec
1577 2426 1688 2448 veretur

905 2451 1030 2480 inimicus
1046 2459 1093 2480 aut
1107 2456 1210 2484 amicos
1226 2462 1274 2485 aut
1289 2459 1374 2493 ipsam
1388 2469 1479 2489 rerum
1499 2464 1622 2491 omnium
1638 2474 1689 2493 nu-

904 2497 1000 2524 tricem
1019 2498 1092 2526 illam
1108 2501 1175 2529 solis
1188 2502 1288 2530 lucem.
1302 2504 1382 2532 Omni
1398 2507 1567 2536 htnnanitatc
1583 2511 1688 2546 ahjceta

904 2545 957 2568 tam
971 2542 1057 2571 durus
1077 2550 1106 2572 et
1130 2545 1235 2574 ferreus
1248 2548 1337 2577 factus
1351 2556 1403 2581 est,
1421 2554 1551 2592 utlctiam
1571 2542 1687 2591 majores

902 2586 1070 2616 calamitates
1081 2590 1206 2617 adderet.
1223 2591 1334 2620 Miseros
1348 2595 1419 2621 enim
1431 2586 1490 2624 illos
1500 2586 1685 2628 :erumnarum

902 2639 1012 2660 suarum
1029 2639 1156 2663 auctores
1173 2638 1231 2665 licri
1254 2639 1431 2669 vehementer
1455 2645 1540 2678 cogit.
1566 2646 1612 2680 qni
1633 2647 1685 2681 ipsi

901 2679 958 2704 suis
975 2680 1090 2708 navibus
1101 2689 1116 2708 e
1130 2684 1215 2716 patria
1232 2684 1258 2711 iii
1275 2687 1444 2719 peregrinam
1462 2693 1561 2718 terram
1577 2679 1684 2726 l'ratres,

901 2724 1014 2756 amicos,
1027 2725 1205 2762 domesticos,
1219 2728 1366 2759 familiares
1379 2739 1472 2768 captos
1487 2740 1684 2770 transportem.

901 2768 1043 2796 Mulierum
1054 2771 1261 2810 liberorumque
1274 2777 1374 2809 luctus.
1388 2780 1438 2807 viri
1454 2768 1579 2808 manibus
1598 2782 1683 2816 ligati.

900 2816 989 2848 praeda
1005 2822 1116 2844 cruenta
1131 2825 1159 2845 et
1172 2821 1290 2850 clamore
1302 2829 1328 2851 et
1341 2825 1444 2852 ululatu
1460 2826 1590 2854 continuo
1605 2829 1685 2856 mista

901 2867 1009 2888 omnem
1028 2864 1137 2891 Illudtlln
1154 2869 1271 2896 excedit.
1285 2870 1395 2900 Lenitas
1412 2881 1476 2901 vero
1492 2873 1581 2902 mimis
1596 2879 1624 2902 et
1636 2875 1687 2903 mi-
