1909 3064
101 142 155 174 185

589 146 811 176 ΒΥΖΑΝΤΙΝΕ
834 146 1027 181 HlSTORIrE
1046 147 1120 178 LIB.
1141 148 1280 178 XXVIII.

1674 150 1725 181 183

101 198 178 232 ῥύμη
193 197 244 232 τῆς
257 197 341 232 τύχης
358 197 442 225 αὐτοῦ
463 199 568 233 γυμνὸν
591 200 674 226 παντὶ
690 199 730 234 τῷ
754 199 801 226 τοῦ
812 190 882 235 ’βίοι

942 201 1019 227 illum
1034 201 1155 229 ostendit
1178 202 1340 230 destitutum
1360 210 1413 229 non
1439 202 1520 230 modo
1542 212 1557 231 a
1576 203 1630 232 Deo
1659 213 1724 240 uno,

101 243 212 279 θεάτρῳ
226 244 274 271 καὶ
290 244 385 278 κόσμῳ
401 245 577 280 προδείκνυσι
592 246 629 279 μὴ
647 245 728 279 μόνον
738 246 785 272 τοῦ
805 246 888 280 μόνου

99 289 183 323 Θεθῦ,
203 290 271 317 ἀλλᾶ
283 291 330 317 καὶ
349 288 439 327 ἧσπερ
453 291 606 318 ἐσπούδακε
619 291 700 327 δόξης
717 292 888 328 προσκαίρου

99 337 205 371 τυχεῖν.
231 337 291 363 Ἐπ’
312 337 441 372 οὐδεμιᾶς
456 338 509 372 γὰρ
523 337 641 370 βεὸαίως
657 338 766 373 ἑστήξει
784 340 889 373 κρηπῖ-

99 382 146 412 δος
159 382 261 417 κλῆρος
277 382 357 417 δόξης
369 383 458 414 οὐδεὶς
486 383 515 414 ὃς
531 392 574 409 τε-
584 383 652 410 Θεοῦ
681 384 889 419 ἁποπεφοίτηκε

99 429 147 454 καὶ
159 428 189 454 ὃν
203 429 234 454 τὺ
244 429 293 464 τῆς
307 428 393 464 τύχης
408 430 578 464 ἐχορήγησεν
597 430 726 456 ἄστατον.
742 432 820 457 Δυοῖν
831 431 886 466 γὰρ

99 472 293 508 ἑπομένωντῇ
306 474 354 508 τῆς
379 475 549 510 προσκαίρου
567 475 651 510 τύχης
677 475 812 511 εὐκληρίᾳ
837 485 889 503 κα-

99 515 168 546 κῶν,
185 516 201 550 ἤ
218 518 267 542 καὶ
285 516 369 551 ἄμφω
385 520 540 554 περιχεῖται
558 520 614 551 τοῖς
638 520 743 551 ἀθλίοις
771 521 890 554 ἐναλλὰξ

98 562 195 588 ὁπόσοι
216 562 320 597 ταύτην
336 563 543 598 ἀμφιέννυνται,
562 564 578 600 ἢ
598 566 672 592 δυοῖν
697 567 823 601 Θάτερον.
849 567 885 594 "H

97 608 155 642 γὰρ
170 606 226 634 οἶδε
241 609 333 643 τὸτῆς
352 609 436 644 τύχης
462 610 589 644 ἄστατον,
610 612 658 638 καὶ
685 612 801 638 δεδιέναι
831 613 884 647 τὴν

97 653 234 686 αἰφνίδιον
249 654 357 688 ἀνάγκη
385 655 539 690 μεταϐολὴν
565 656 619 689 ἀεὶ,
638 657 684 683 καὶ
709 656 749 691 τῷ
774 658 888 692 συνεχεῖ

96 698 147 725 τοῦ
161 699 240 731 δέους
251 699 421 734 εὐδαιμονεῖν
444 701 575 736 ἀσφαλῶς
601 702 713 737 μηδαμῆ
736 704 887 738 συγχωρεῖ-

98 745 175 778 σοαι,
189 746 238 772 καὶ
258 747 399 782 παρούσης
412 747 462 781 μὲν
477 747 621 774 λυπεῖσθαι
641 749 685 775 διὰ
696 748 746 784 τὴν
758 751 808 784 τῆς
817 750 886 776 ἀπο-

97 789 183 824 ϐολῆς
198 789 304 824 ἐλπίδα,
329 791 441 826 ῥυείσης
452 790 475 818 δ’
489 789 524 818 αὖ
538 791 687 819 λυπεῖσθαι
704 793 748 820 διὰ
768 794 887 828 τήνὲνα-

98 836 273 868 πομὲνουσαν
296 837 407 872 μνήμην
433 837 480 864 καὶ
499 838 550 872 τήν
564 846 595 872 γε
610 838 642 868 δὴ
664 839 714 874 τῆς
727 840 887 875 ἀναλήψεως

941 254 1038 274 verum
1052 247 1134 275 etiam
1150 248 1184 276 ab
1202 248 1260 284 ipsa
1275 257 1328 283 qua
1344 249 1397 276 frui
1413 249 1499 277 voluit
1511 249 1630 283 fortuna,
1665 251 1724 278 Non

940 293 1014 319 enim
1032 293 1110 321 firmo
1136 295 1219 322 stabit
1234 294 1414 322 fundamento
1433 295 1517 330 gloria
1535 296 1589 324 ulla
1619 304 1691 331 quae,
1708 305 1723 324 a

941 338 996 366 Deo
1013 345 1146 374 separata,
1174 349 1189 368 a
1218 341 1341 368 mutabili
1361 342 1470 369 fortuna
1489 343 1638 370 constituta
1668 349 1722 372 est.

940 386 1060 413 Duorum
1074 387 1147 414 enim
1160 388 1293 414 malorum
1307 395 1368 422 quae
1381 387 1475 416 faustae
1491 388 1608 415 fortunce
1623 394 1724 416 sortem

939 436 1103 466 sequuntur,
1120 437 1167 459 aut
1183 432 1265 459 ambo
1280 433 1484 467 perfunduntur
1503 435 1636 461 aerumnis
1663 442 1724 469 quae

939 476 1013 504 illam
1029 477 1210 510 circumdant,
1227 482 1273 504 aut
1286 483 1362 505 certe
1376 478 1554 507 alterutrum.
1581 479 1636 506 Aut
1648 479 1722 506 enim

939 526 1063 550 metuere
1078 522 1224 555 fortunam,
1240 523 1349 557 cognita
1363 524 1423 558 ejus
1450 523 1645 558 inconstantia,
1675 532 1725 552 ne-

938 575 1016 595 cesse
1033 572 1086 601 est,
1103 573 1130 596 et
1145 569 1172 596 in
1191 573 1354 604 perpetuum
1379 578 1408 596 se
1425 570 1491 597 dare
1508 571 1611 602 timori,
1637 579 1671 598 ne
1697 572 1724 598 in

939 621 1034 641 secura
1049 613 1180 643 felicitate
1195 620 1333 646 versetur,
1350 615 1469 649 denique
1493 623 1555 642 cum
1571 616 1614 643 illa
1633 618 1722 648 adest.

938 659 1000 694 angi
1014 667 1126 687 necesse
1141 665 1183 687 est
1197 661 1231 688 ob
1244 660 1359 696 jactura:
1377 666 1491 694 metum,
1509 661 1615 696 dilapsa
1629 667 1721 690 autem

938 711 1034 732 rursus
1048 705 1111 740 angi
1130 705 1166 732 ob
1186 706 1346 733 memoriam
1360 707 1421 741 ejus
1435 710 1460 733 ct
1479 708 1720 741 recuperationem

938 750 1120 786 desperatam.
1133 751 1180 779 Sin
1196 759 1263 779 vero
1280 759 1339 779 eam
1355 753 1455 784 nescit,
1479 752 1577 779 beatus
1591 759 1651 779 esse
1668 760 1722 779 non

938 801 1038 831 potest.
1056 796 1123 824 Nam
1135 805 1196 832 quae
1211 797 1299 825 adest‘
1314 798 1483 832 voluptatem
1509 799 1662 832 possessori
1689 798 1726 825 af-

940 844 1006 870 fert.
1023 843 1168 876 Quomodo
1181 847 1273 870 autem
1287 843 1351 870 felix
1364 851 1425 870 esse
1445 844 1558 878 poterit.
1575 843 1622 878 qui
1639 844 1726 870 sensi-

97 882 278 915 ἁπόγνωσιν·
295 883 373 918 ἢούκ
396 881 462 916 οἶδε,
484 885 531 910 καὶ
554 885 592 919 μὴ
621 885 699 916 εἰδὼς
717 886 773 912 οὐδ’
797 886 882 912 εὐδαί-

940 890 991 916 bus
1010 889 1037 917 id
1056 897 1111 916 non
1126 889 1254 924 percipit.
1268 889 1342 924 quod
1369 889 1512 924 possidere
1534 890 1663 917 videtur?
1677 889 1724 917 Sin

101 937 174 962 μων.
191 928 320 964 Παροῦσα
336 931 387 964 μὲν
400 930 455 965 γὰρ
470 930 570 964 ἡδονὴν
578 931 628 958 οὐκ
656 932 712 967 ἔχει
726 933 829 967 τουτῳὶ
842 941 887 959 κε-

99 975 231 1010 κτημένῳ
241 983 248 990 ·
261 976 375 1008 καὶπῶς
387 976 419 1003 ἂν
433 976 475 1012 εῐη
490 977 627 1010 εὐδαίμων
641 978 689 1012 τὴν
699 978 825 1013 αῐσθησιν
838 979 888 1006 οὐκ

99 1018 173 1052 ἔχων
189 1015 229 1046 ὦν
244 1019 397 1054 κεκτῆσθαι
413 1021 488 1047 δοκεῖ
502 1028 510 1053 ς
526 1021 574 1047 "Av
597 1021 620 1048 δ’
639 1021 688 1056 ὀψὲ
712 1023 758 1048 καὶ
783 1025 814 1049 τὸ
837 1022 887 1057 τῆς

101 1065 215 1098 φύσεως
227 1063 292 1092 [διον
306 1065 454 1102 ἐπενέγκῃ,
465 1066 538 1101 λέγω
549 1066 580 1102 δὴ
593 1067 643 1102 τὴν
659 1068 812 1103 μεταϐολὴν
823 1068 888 1095 ἐαυ-

97 1111 208 1147 τῆς,τῷ
221 1112 271 1147 τῆς
285 1113 419 1147 αἰφνιδίου
431 1113 590 1148 ἐκπλήξεως
608 1113 805 1149 ὑπερϐάλλοντι
822 1123 886 1143 συν-

98 1158 206 1185 ανεῖλεν
225 1159 309 1185 ἐνίοτε
330 1160 378 1186 καὶ
406 1159 439 1186 τὸ
471 1159 534 1194 ζῇν.
566 1159 621 1187 Καὶ
646 1160 810 1196 προλέλοιπε
837 1161 887 1195 μὲν

97 1202 181 1228 αὐτὸν
199 1202 305 1234 εὐθὺςὸ
324 1203 470 1239 προλιπεῖν
482 1204 533 1239 μὲν
554 1205 605 1230 οὐκ
629 1201 664 1239 ἦν
685 1205 761 1239 αὑτῷ
796 1205 887 1240 βουλο-

100 1249 187 1283 μένῳ,
205 1249 419 1276 καταλέλειπται
439 1249 461 1276 δ’
484 1250 566 1282 αὐτὸς
585 1249 642 1276 οὔθ’
667 1251 706 1282 ὡς
726 1251 886 1278 καταλελεῖ-

98 1294 322 1330 φθαινενόμικεν
339 1295 447 1324 οῡο¹ὡς
477 1295 553 1330 βιοῦν
574 1299 743 1331 προῄρηται.
763 1295 885 1323 Τοιαῦτα

97 1341 151 1376 γὰρ
167 1342 203 1369 τὰ
220 1341 274 1368 τῶν
283 1342 417 1377 χρονικῶν
435 1342 606 1378 πραγμάτων
624 1342 758 1376 ἐγκύκλια
771 1341 886 1376 παίγνια

98 1391 145 1416 καὶ
160 1390 186 1416 οἱ
200 1390 249 1425 τῆ;
261 1389 346 1425 τύχης
360 1390 491 1424 γέλωτες,
506 1390 570 1417 σκιὰ
588 1391 626 1425 μὴ
654 1389 818 1425 κρατεῖσθαι
833 1397 883 1415 πε-

99 1437 214 1470 φυκυῖα,
228 1436 277 1463 καὶ
294 1437 421 1464 ἀνούσιον
441 1437 527 1471 ὄνομα
550 1437 610 1468 ταῖς
631 1436 685 1463 τῶν
712 1434 885 1471 μικρολόγων

98 1480 343 1515 καὶημικροψύχων
380 1479 605 1515 ἑπιπλανώμσνον
630 1479 804 1514 φαντασίαις.
839 1480 883 1506 Διὸ

99 1528 146 1554 καὶ
164 1528 253 1563 ῥᾷστα
277 1527 385 1562 μυρίοις
408 1527 627 1562 ἀναμοχλεύεται
652 1526 745 1558 κύϐοις
767 1526 883 1560 μεταδο-

937 943 1005 963 vero
1024 940 1119 970 postea
1137 940 1242 962 naturae
1256 935 1401 970 proprium
1422 935 1513 967 feret,
1544 936 1724 962 mutationem
1760 955 1766 959 .

937 988 1016 1008 suam
1031 981 1104 1013 dico,
1124 981 1269 1018 repentino
1283 981 1498 1015 perturbationis
1522 981 1626 1015 impetu
1643 980 1726 1016 214

936 1026 1076 1054 interdum
1091 1027 1177 1060 ipsam
1199 1026 1283 1054 vitam
1298 1027 1378 1059 tollit,
1392 1032 1420 1058 et
1436 1026 1502 1055 illud
1524 1034 1586 1053 eum
1603 1027 1724 1060 reliquit,

935 1070 1009 1106 qudd
1027 1070 1185 1106 relinquere
1198 1078 1265 1098 sane
1296 1071 1419 1098 nolebat.
1448 1070 1571 1098 Relictus
1597 1071 1656 1106 ipse
1682 1075 1726 1098 est

936 1124 1025 1151 neque
1044 1120 1074 1143 ut
1096 1117 1216 1151 relinqui
1242 1125 1272 1144 se
1291 1120 1438 1152 putaverat
1466 1124 1554 1151 neque
1571 1122 1600 1143 ut
1615 1116 1724 1144 ‘vivere

935 1166 1128 1189 consueverat.
1147 1161 1209 1189 llaec
1223 1163 1297 1197 enim
1311 1170 1370 1197 qu:c
1385 1162 1412 1188 lu
1428 1167 1551 1196 tempore
1563 1161 1597 1188 ab
1610 1169 1644 1189 eo
1655 1161 1725 1189 facta

936 1212 1002 1235 sunt
1019 1208 1203 1235 ludibriorum
1227 1192 1436 1236 vicissitudines
1462 1212 1527 1235 sunt
1554 1213 1582 1235 et
1606 1208 1724 1237 fortuna:

938 1254 1022 1287 risus,
1037 1255 1134 1281 umbra
1151 1262 1213 1289 quae
1231 1262 1285 1281 non
1299 1254 1495 1289 comprehendi
1513 1259 1602 1289 potest
1630 1260 1657 1282 et
1682 1255 1725 1282 in-

935 1304 986 1324 ane
997 1304 1096 1324 nomen
1105 1297 1178 1331 quod
1191 1299 1217 1324 iu
1229 1298 1468 1332 pusillanimornm
1479 1299 1620 1325 hominum
1631 1304 1722 1327 mente

933 1347 1071 1370 versatur.
1084 1342 1268 1375 Quamobrem
1283 1343 1412 1370 facillime
1428 1343 1545 1371 infinitis
1561 1345 1722 1372 mutationi-

934 1388 986 1416 bus
997 1393 1127 1422 tanquam
1144 1393 1315 1421 tesserarum
1340 1388 1462 1416 millibus
1476 1389 1595 1416 eruitur.
1621 1390 1654 1417 Et
1672 1391 1720 1425 qui

935 1434 961 1461 in
973 1434 1104 1461 felicitate
1119 1442 1280 1469 permanere
1298 1435 1485 1463 vehementer
1501 1436 1597 1468 voluit,
1615 1444 1630 1463 c
1642 1445 1724 1464 secu-

934 1481 1013 1509 ritate
1029 1481 1091 1517 cjus
1106 1481 1186 1509 facile
1197 1481 1320 1517 ejicitur.
1337 1481 1388 1516 Qui
1406 1491 1471 1510 vero
1485 1489 1584 1518 sponte
1604 1491 1662 1511 eam
1681 1492 1723 1511 re—

895 1547 917 1577 c
933 1527 1043 1562 linquit,
1060 1527 1093 1555 ad
1113 1527 1198 1555 Deum
1214 1528 1350 1556 bonorum
1362 1536 1429 1556 sane
1440 1528 1538 1556 ducem
1553 1529 1644 1556 animo
1652 1537 1723 1556 eou-

98 1574 151 1600 λῶν
168 1573 361 1608 ἁτεκμάρτων.
380 1573 436 1600 Καὶ
448 1573 462 1599 ὁ
478 1573 582 1608 σφόδρα
602 1572 688 1599 θέλων
703 1573 770 1607 αὐτῇ
788 1580 881 1606 παρα-

934 1581 1025 1606 verso,
1046 1573 1192 1601 incolumis
1206 1574 1268 1601 vita:
1285 1579 1382 1601 :estum
1410 1575 1551 1609 superabit
1578 1583 1667 1610 neque
1682 1576 1723 1602 io-

100 1622 189 1656 μένειν
203 1621 249 1647 τοῦ
267 1621 358 1656 μένειν
374 1620 498 1655 ἀσφαλὴς
516 1620 749 1654 ἀποσφενδονᾶται
762 1620 873 1656 ῥᾳδίως·

929 1620 1014 1647 sidias
1029 1627 1079 1647 nec
1096 1619 1239 1646 latrocinia
1258 1620 1381 1647 omnium
1398 1620 1540 1647 hominum
1557 1620 1678 1648 timebit.

97 1669 110 1694 ὸ
121 1666 148 1693 δὲ
162 1667 266 1703 ταύτης
281 1668 330 1704 μὲν
343 1667 486 1702 ἐθελοντὴς
503 1667 645 1702 ικχωρῶν,
660 1667 720 1702 Θιῷ
735 1667 762 1694 δὲ
775 1667 814 1702 τῷ
825 1667 879 1693 τῶν
898 1666 1040 1697 καλῶνλὼς
1074 1666 1182 1700 ἀληθῶς
1213 1665 1323 1701 χορηγῷ
1346 1666 1490 1701 προσέχων
1506 1668 1552 1693 τὸν
1579 1667 1653 1699 νοῦν,
1675 1667 1722 1693 εὖ-

98 1714 196 1748 σταΗις
208 1716 259 1748 τὴν
273 1714 320 1740 τοῦ
335 1714 393 1750 βίου
413 1714 595 1748 παρατρέχων
611 1713 748 1740 θάλασσαν
763 1714 874 1748 ἔφεδρον
894 1713 1038 1740 ὲπίὸουλον
1049 1713 1109 1739 οὐδὲ
1122 1712 1225 1748 λῃστὴν
1246 1713 1396 1747 φοϐήσεται
1409 1713 1517 1740 πάντων
1529 1713 1623 1740 οὐδένα
1644 1714 1723 1742 ποτέ.

132 1760 195 1788 ΚΘ’.
217 1760 249 1797 [ί.
269 1761 321 1788 115
335 1761 372 1796 v.1
384 1761 437 1787 Καὶ
455 1761 498 1788 ἴνα
523 1769 552 1787 σε
569 1761 597 1792 ἐς
612 1761 643 1787 τὸ
660 1761 789 1796 πρότερον
807 1761 879 1796 ἴχνος

55 1808 199 1834 ⁷·’ὲτπξνου
219 1808 266 1834 τοῦ
291 1802 490 1843 ὕᾶιοδείγματος
516 1807 594 1838 αὖθις
618 1807 765 1841 ἀναγαγὼν
790 1816 877 1834 κατα-

97 1851 195 1877 κλείσω
214 1851 261 1877 τὸν
284 1852 372 1885 λόγον,
395 1851 520 1886 δεδειχὼς
543 1851 580 1883 ὠς
603 1851 740 1886 ἄνθρωποι
765 1853 819 1878 τῶν
834 1853 879 1878 άν-

97 1897 239 1931 θρωπίνων
253 1898 335 1925 αῗτιοι
352 1898 472 1931 γίνονται
495 1898 644 1932 συμφορῶν
659 1899 705 1924 καὶ
719 1899 767 1933 οὐχ
780 1899 793 1925 ὁ
811 1898 878 1929 Θεὸς

96 1943 149 1969 οὐδ’
164 1944 180 1977 ή
199 1943 283 1970 αὐτοῦ
308 1944 470 1976 πρόγνωσις,
484 1943 539 1970 οὐδ’
555 1944 662 1978 ἀνάγκη
686 1953 726 1975 τις
752 1946 881 1979 τυραννεῖ

96 1988 141 2014 τοῦ
160 1988 218 2023 βίον
245 1989 308 2020 τοὺς
333 1988 442 2021 οίακας,
459 1989 517 2015 ἀλλ’
542 1989 665 2016 ἑκούσιον
687 1990 793 2024 θέλημα
816 1990 880 2021 τοὺς

96 2036 195 2066 κακῶς
211 2035 251 2066 εἰς
272 2035 344 2062 κακὰ
368 2035 559 2070 παραπέμπει,
574 2036 720 2071 προσέχειν
732 2037 788 2068 τοῖς
803 2037 880 2070 λεγο-

97 2081 187 2114 μένοις
213 2081 312 2116 χρεών.
335 2081 469 2116 Καθάπερ
493 2081 559 2117 γὰρ,
579 2082 606 2108 οἵ
625 2090 667 2113 τις
691 2077 880 2118 μοχθηροτέρᾳ

97 2128 165 2161 μιτᾶ
179 2127 227 2154 τοῦ
251 2127 373 2159 πλείονος
385 2127 476 2162 χρῷτο
494 2128 585 2163 διαίτῃ
608 2128 656 2155 καὶ
670 2129 827 2163 ἀπᾴδουσαν
841 2129 879 2164 τῷ

95 2176 189 2209 γαστρὶ
212 2173 364 2209 συμφοροίη
387 2174 500 2209 τροιρὴν,
515 2174 623 2207 ἀνάγκη
647 2175 736 2200 νοσεῖν
755 2175 799 2201 καὶ
820 2175 878 2201 δια.

964 1760 1066 1787 ΧΧΙΧ.
1083 1760 1173 1795 Atque
1187 1765 1217 1788 ut
1231 1765 1256 1788 te
1281 1760 1314 1787 ad
1342 1760 1416 1788 illius
1438 1762 1553 1794 exempli
1576 1761 1720 1796 vestigium

926 1806 1056 1834 reducam
1073 1805 1208 1841 finemque
1242 1806 1361 1834 orationi
1390 1807 1540 1842 imponam,
1572 1812 1718 1841 postquam

927 1853 1037 1880 ostendi
1080 1852 1206 1880 homines
1239 1852 1322 1879 sortis
1352 1860 1408 1880 sure
1440 1860 1501 1880 esse
1534 1859 1660 1880 auctores
1692 1858 1721 1880 et

926 1905 979 1924 non
999 1899 1083 1929 l)_eu|n
1100 1905 1189 1932 neque
1204 1897 1264 1932 ejus
1284 1897 1484 1932 providentiam
1499 1905 1548 1925 nec
1567 1899 1718 1925 necessita-

926 1947 980 1970 tem
993 1942 1139 1977 quantdam
1155 1942 1182 1969 in
1199 1942 1253 1969 vita
1272 1942 1419 1975 dominari,
1441 1942 1488 1969 sed
1505 1942 1624 1969 liberum
1645 1943 1718 1973 arbi-

928 1989 1011 2015 trium
1025 1987 1152 2015 malosin
1171 1987 1241 2014 mala
1266 1988 1416 2022 projicere,
1443 1987 1477 2014 ad
1498 1995 1530 2014 ea
1554 1996 1615 2023 qua;
1645 1988 1717 2016 diota

930 2038 994 2062 sunt
1010 2038 1129 2061 mentem
1157 2033 1300 2060 attendere
1322 2037 1440 2068 oportet.
1478 2032 1714 2066 Quemadmodum

929 2080 1002 2106 enim
1020 2079 1042 2106 si
1056 2079 1119 2113 quis
1133 2079 1205 2106 malo
1223 2079 1298 2106 victu
1311 2084 1402 2106 utatur
1421 2079 1582 2114 plerumque
1608 2084 1636 2106 et
1652 2088 1716 2106 ven—

929 2130 971 2153 tre
996 2130 1323 2161 repuguaute,a*grotare
1347 2133 1410 2152 eum
1439 2129 1468 2152 et
1495 2126 1596 2153 multos
1611 2126 1719 2153 dolores

930 2171 986 2206 pati
999 2179 1110 2199 necesse
1121 2176 1164 2199 est
1174 2179 1184 2204 ς
1195 2178 1308 2198 causam
1320 2178 1385 2199 vero
1399 2171 1482 2206 hujus
1495 2171 1546 2203 rei,
1560 2171 1611 2198 nisi
1626 2173 1719 2207 :egroti

96 2221 192 2255 φόρους
217 2220 265 2246 καὶ
288 2220 374 2265 ἄλλαςΓ
398 2219 549 2250 ἐπ’ἄλλαις
571 2219 723 2254 ἀλγηδόνας
749 2219 879 2254 dar/excit;

934 2219 1065 2246 sentiendi
1084 2218 1249 2252 vivendique
1259 2217 1368 2250 rationi,
1380 2224 1430 2245 nec
1442 2217 1526 2244 victui
1544 2217 1605 2252 jure
1619 2218 1721 2245 tribue-

95 2266 253 2300 ὑπομένειν,
279 2266 326 2292 καὶ
349 2266 379 2292 τὸ
402 2265 488 2292 αἴτιον
505 2265 574 2299 πλὴν
595 2265 644 2299 τῆς
664 2265 710 2291 τοῦ
729 2265 879 2301 πάσχοντος

95 2312 206 2346 γνώμης
231 2311 277 2337 καὶ
300 2301 486 2346 προαιρέσεως
511 2309 573 2336 οὔτε
593 2310 626 2344 τῇ
646 2311 733 2345 τροφῇ
750 2312 879 2346 προστρί-

94 2357 168 2391 ψειεν
200 2356 233 2383 ἄν
267 2365 308 2388 τις
332 2356 444 2387 δικαίως
467 2354 523 2382 οὔτ’
551 2355 704 2390 ἀνθρώπων
729 2355 826 2389 οὐδενὶ,
849 2357 878 2382 οὐ

96 2404 167 2437 μέντ’
190 2402 223 2429 ἂν
246 2402 306 2428 οὐδὲ
335 2403 394 2434 ταῖς
418 2403 472 2429 τῶν
497 2401 621 2436 ὁρώντων
641 2402 810 2437 προρρήσεσι
832 2402 880 2429 καὶ

96 2449 290 2483 προγνώσεσιν,
307 2447 334 2474 ei
359 2456 433 2479 τινες
461 2446 516 2474 εἷεν
546 2448 633 2482 ἰατροὶ
657 2447 747 2478 καλῶς
770 2449 803 2475 ἐκ
831 2449 879 2482 τῆς

95 2495 208 2530 ἀκαίρου
226 2495 327 2529 τροφῆς
353 2494 460 2528 ἐκείνης
484 2494 678 2529 στοχαζόμενοι
697 2495 744 2520 καὶ
761 2502 880 2528 προανα-

95 2540 246 2574 φωνοῦντες
267 2540 305 2574 τῷ
330 2539 380 2575 μὲν
400 2539 449 2575 τὴν
472 2539 618 2566 ἀκόλουθον
637 2539 724 2571 νόσον,
738 2539 777 2574 τῷ
791 2540 819 2566 δὲ
834 2540 879 2566 τὸν

95 2588 225 2622 ἑπόμενον
237 2587 361 2619 θάνατον,
378 2586 425 2612 καὶ
440 2586 564 2620 ἀνάγκην
579 2586 707 2619 οὐδεμίαν
721 2587 874 2622 ἐπήνεγκεν

94 2631 154 2657 οὔτε
169 2631 224 2660 τοῖς
242 2631 391 2665 νοσήμασιν
406 2628 523 2661 ἐκείνοις
534 2629 596 2656 οὔτε
615 2630 654 2664 τῷ
670 2629 778 2666 θανάτῳ
792 2631 878 2666 πρόρ-

97 2680 171 2712 ῥησις
188 2677 235 2703 καὶ
253 2677 407 2710 πρόγνωσις
433 2675 480 2702 τοῦ
496 2676 614 2707 συνετῶς
636 2675 754 2710 ὁρῶντος
771 2677 876 2712 ἰατροῦ,

95 2722 178 2752 οὕτως
193 2721 248 2748 οὐδ’
271 2722 288 2756 ή
305 2721 352 2748 τοῦ
371 2721 440 2747 Θεοῦ
467 2721 620 2755 πρόγνωσις
636 2721 744 2757 ἀνάγκῃ
765 2723 880 2750 συνωθεῖ

93 2771 152 2801 τοὺς
172 2769 379 2804 ἁμαρτάνοντας
399 2768 440 2798 είς
464 2767 494 2793 τὸ
521 2762 699 2802 ἁμαρτάνειν,
720 2769 772 2794 οὐδ’
789 2770 879 2804 ἁμαρ-

95 2815 219 2845 τὶνοντας
236 2814 268 2841 αὖ
285 2815 422 2844 παντοίοις
439 2814 470 2839 ἐκ
484 2814 617 2839 παντοίων
638 2814 682 2839 καὶ
703 2815 834 2846 ποικίλοις
848 2817 879 2842 ἐκ

97 2862 224 2889 ποικίλων
253 2861 354 2893 δεινοῖς.
372 2860 547 2895 περιπίπτειν
575 2860 722 2895 ἁμοιόαδὺν
749 2862 795 2889 καὶ
824 2859 878 2888 οἷον

931 2265 967 2292 rit
993 2265 1135 2300 quisquam
1151 2264 1232 2299 215
1253 2271 1302 2291 nec
1322 2263 1370 2290 ulli
1386 2263 1501 2290 homini.
1521 2262 1616 2298 Neque
1633 2263 1718 2290 etiam

931 2311 1166 2346 prresagitionibus
1182 2316 1209 2338 et
1226 2309 1489 2345 pra-cognitionibus
1506 2309 1529 2336 si
1547 2309 1644 2336 medici
1671 2309 1719 2336 ad-

930 2362 994 2386 sunt
1017 2356 1064 2392 qui
1090 2364 1123 2384 ex
1156 2356 1229 2384 victu
1256 2356 1303 2382 illo
1329 2355 1481 2390 conjiciunt
1507 2354 1571 2382 huic
1593 2355 1718 2382 morbqu

930 2403 1091 2432 atIuturum.
1105 2401 1144 2428 illi
1159 2409 1224 2428 vero
1234 2405 1361 2433 mortem,
1377 2400 1479 2427 nullam
1496 2404 1585 2426 tamen
1599 2399 1719 2426 necessi-

931 2453 1013 2475 tatem
1037 2447 1116 2475 aﬂert
1139 2454 1189 2474 nec
1211 2446 1309 2474 morbo
1326 2453 1377 2473 nec
1395 2445 1477 2472 morti
1509 2444 1717 2479 prudentissimi

930 2493 1029 2520 medici
1043 2492 1199 2528 praesagitio
1227 2495 1254 2518 et
1279 2489 1467 2525 praecognitio.
1493 2488 1532 2515 lta
1556 2496 1644 2522 neque
1669 2488 1717 2514 Dei

931 2537 1106 2573 prtecognitio
1119 2537 1283 2563 necessitate
1299 2535 1383 2562 trahit
1396 2539 1540 2568 peccantes
1557 2533 1588 2559 ad
1601 2541 1718 2567 pecean-

930 2584 995 2611 dum
1008 2591 1057 2610 nec
1076 2586 1218 2617 peccantes
1234 2589 1268 2608 ex
1280 2579 1399 2607 miseriis
1415 2580 1440 2606 in
1457 2579 1549 2605 miseri
1560 2587 1581 2606 IS
1595 2580 1714 2613 projicit,

932 2636 962 2658 ut
977 2638 1025 2665 per
1041 2629 1183 2657 dilﬁcilem
1207 2626 1396 2662 labyrinthum
1421 2629 1606 2660 pervagentur
1632 2631 1658 2652 et
1682 2626 1717 2652 ob

931 2685 1026 2713 poenas
1043 2683 1110 2711 quas
1126 2683 1139 2702 s
1153 2674 1178 2702 bi
1191 2674 1289 2701 ibidem
1311 2677 1408 2708 parant
1432 2671 1668 2698 sollicitudinibus
1689 2672 1717 2699 in

930 2729 1097 2758 perpetuum
1124 2721 1294 2748 irrctiantur.
1323 2719 1474 2746 Providcre
1493 2719 1576 2745 Deum
1600 2726 1629 2744 ea
1656 2726 1717 2752 quat

930 2770 1020 2796 futura
1031 2772 1094 2795 sunt
1110 2772 1202 2802 utpote
1214 2767 1260 2802 qui
1278 2766 1406 2793 universa
1422 2769 1550 2798 tanquam
1567 2764 1717 2798 praesentia

933 2819 1029 2842 cernat
1043 2821 1154 2840 necesse
1167 2818 1220 2840 est.
1238 2814 1354 2840 Causam
1366 2819 1432 2838 vero
1443 2810 1575 2837 malorum
1587 2809 1716 2837 inducere

931 2862 990 2897 ejus
1000 2860 1202 2895 providentiam
1212 2866 1322 2886 necesse
1336 2866 1390 2885 non
1405 2862 1455 2885 cst.
1476 2856 1508 2883 Et
1519 2855 1612 2890 siquid
1623 2864 1654 2883 ex
1668 2856 1717 2884 bu-
