1909 3064
174 88 224 119 207

771 87 979 118 NICEPlIORI
1000 87 1191 118 GREGORE

1747 84 1812 115 203

172 152 256 178 φασιν
272 144 301 170 ἐν
315 143 390 171 δυσὶν
401 143 580 177 ἀποϐάσεσιν,
597 142 640 176 αἶς
671 145 739 180 πρὸς
772 143 883 170 Τένεδὸν
901 153 928 170 τε
946 146 992 170 καί
1013 145 1127 180 Ἴμϐρον
1143 144 1318 180 πεποίηνται,
1332 144 1398 179 πρὸς
1412 143 1597 177 [Ιαλαιυλὸγον
1612 142 1815 178 ηὖτομοληκὲ-

172 199 216 218 ναι
232 192 278 217 τὸν
296 191 420 226 βασιλέα.

208 240 264 267 Vli.
278 239 423 271 Equidem,
434 239 506 274 quod
519 240 652 267 debebam
683 239 763 273 paulo
773 244 836 266 ante
848 246 954 266 narrari

1049 242 1086 268 Z'.
1110 239 1180 273 Ἐγὼ
1194 240 1216 266 δ’
1234 240 1247 266 ὃ
1266 240 1357 274 μικρῷ
1374 239 1492 274 πρόσθεν
1505 239 1589 274 ἐχρῆν
1602 238 1810 274 ἀφηγήσασθαι

174 285 212 312 ibi
226 285 345 317 cessavi,
362 284 465 312 veritus
482 292 515 312 ne
527 285 647 313 animum
663 289 739 311 tuttm
753 284 960 317 perturbarem;

172 340 246 359 ttutte
261 337 352 358 autem
369 331 520 360 amicorum
532 336 560 359 et
571 331 787 358 commilitonum
804 331 886 366 238
902 336 960 357 tuo-

173 387 232 404 rttttt
249 378 354 413 jussunt
380 385 526 412 exsequar.
553 378 666 412 Eulogia
691 378 784 409 enim,
809 385 870 411 qua:
896 383 961 404 tunc

171 430 231 452 erat
247 425 339 460 regina
353 432 558 459 cognomenque
571 425 676 459 justum
692 424 778 450 invita
793 428 819 449 et
829 423 920 449 verbis
933 427 961 450 et

172 472 251 498 factis
268 475 346 497 nacta
362 475 503 503 erat,cum
519 474 628 504 propter
643 470 736 496 divina
748 469 877 496 Ecclesia:
891 477 961 503 prac-

170 523 248 551 cepta
272 516 442 543 calamitates
460 517 563 542 multas
583 520 611 542 et
637 516 842 550 persecutiones
869 515 960 543 varias

170 562 367 596 infortuniiquc
384 562 503 596 impetus
516 561 679 588 subiissetet
693 561 720 588 itt
735 565 878 588 senectute
892 568 960 595 prte-

171 615 212 637 ter
227 609 280 636 alia
301 609 328 636 in
345 609 446 636 multos
462 607 602 635 incidisset
619 607 732 634 morbos
745 627 752 638 ,
778 608 813 633 ita
830 607 915 641 igitur
930 611 959 633 et

169 654 246 682 brevi
262 660 384 688 tetnpore
396 660 510 687 corpore
526 653 586 688 ejus
611 657 776 686 consumpto
801 652 834 679 ad
856 651 958 686 sempi-

170 706 275 728 ternatn
301 699 373 726 illam
399 703 428 726 et
449 698 557 725 beatam
580 697 665 724 vitam
689 697 851 724 assurrexit.
879 697 959 725 Nunc

169 746 252 780 igitur
266 745 347 772 amici
365 749 390 771 te
406 745 545 775 invocant,
563 747 593 770 ut
606 743 754 778 epitapltiis
771 743 815 770 illa
830 747 956 776 ornetur,

169 798 230 817 cum
248 793 276 816 et
298 789 375 816 multi
391 789 480 816 morbi
495 796 591 815 eorum
606 788 653 823 qui
667 788 726 822 ejus
740 788 875 815 tumulum
891 788 957 815 visi-

170 840 227 861 tant
242 839 335 869 aperte
351 834 548 868 celerrimeque
566 834 778 868 propulsantur.
809 834 866 860 [loc
883 835 955 860 enim

168 881 250 907 tttodo
276 881 348 919 Deus
375 880 513 914 improbat
541 881 739 907 insectatorutn
768 880 902 907 insaniam
929 885 957 907 et

1014 287 1157 320 βουληθεὶς
1186 284 1247 312 εἶτα
1278 286 1402 319 ἐπέσχον,
1429 286 1478 320 τὴν
1496 285 1546 319 σὴν
1576 284 1696 317 λυπῆσαι
1710 283 1810 318 ψυχὴν

1012 333 1226 366 φυλαττόμενος,
1255 331 1339 364 λέξων
1356 331 1473 366 ἔρχομαι
1493 331 1551 362 νῦν,
1574 330 1624 361 τὰς
1640 331 1695 355 τῶν
1714 330 1810 363 φίλων

1012 380 1058 405 καὶ
1074 378 1212 404 συνάθλων
1230 377 1283 404 τῶν
1303 377 1356 404 σῶν
1372 377 1581 411 δυσωπούμενος
1606 375 1726 406 ἐντολάς.
1746 375 1807 401 Εὑ-

1011 426 1089 460 λογία
1107 425 1162 460 γὰρ
1209 426 1245 459 τῷ
1261 421 1316 451 δντι
1331 424 1486 459 βασίλισσα,
1514 423 1621 453 καὶτὰς
1638 421 1807 456 ἐπωνυμίας

1011 472 1174 506 συμφώνους
1192 471 1229 505 τῷ
1248 471 1297 506 βίῳ
1323 470 1487 505 λόγοιςὸιμα
1506 469 1666 504 κτησαμένη
1683 469 1729 495 καὶ
1752 467 1805 501 ἑρ-

1010 526 1081 551 γοις,
1100 518 1215 549 πολλοὺς
1235 518 1305 552 ὑπὲρ
1319 517 1373 543 τῶν
1402 517 1481 543 θείων
1499 516 1645 550 δογμάτων
1661 515 1713 547 τῆς
1736 513 1805 540 Ἐκ-

1009 563 1125 598 κλησίας
1142 563 1275 598 θορύϐους
1295 563 1342 589 καὶ
1359 563 1498 596 διωγμοὺς
1520 561 1566 587 καὶ
1584 560 1712 591 ποικίλας
1728 561 1804 586 ἐπα-

1009 611 1101 644 γωγὰς
1116 609 1265 644 συμφορῶν
1278 609 1431 639 ὑποστᾶσα,
1447 609 1493 634 καὶ
1506 607 1573 642 πρὸς
1588 604 1628 638 οἷς
1644 604 1717 640 εἶχεν
1728 606 1803 640 ὁμοῦ

1008 654 1047 689 τῷ
1063 656 1138 691 γήρᾳ
1153 656 1306 689 νοσήμασιν
1333 653 1424 684 ἄλλοις
1454 653 1589 688 πρότερον
1610 652 1657 678 καὶ
1675 651 1804 678 πλείοσιν

1008 702 1048 729 ἔτι
1080 701 1320 737 περιπεπτωκυία,
1347 700 1393 726 καὶ
1428 700 1529 729 τελέως
1557 698 1629 725 οὕτω
1658 698 1706 724 καὶ
1724 695 1803 724 κατὰ

1009 748 1097 784 βραχὺ
1112 748 1143 774 τὸ
1163 748 1242 782 σῶμα
1251 746 1450 781 δαπανηθείσα,
1466 744 1534 780 πρὸς
1558 744 1606 779 τὴν
1621 743 1705 771 ἀΐδιον
1722 744 1801 769 ἐκει-

1008 804 1057 830 νην
1071 795 1139 826 τέως
1167 794 1284 829 μετέστη
1299 792 1502 828 μακαριότητα.
1517 790 1575 817 Νῦν
1590 790 1637 817 οὖν
1662 798 1691 816 σε
1703 797 1800 823 παρα-

1009 841 1140 868 καλοῦσιν
1151 841 1176 867 oi
1191 839 1264 874 φίλοι
1277 839 1370 873 λόγοις
1393 836 1548 872 ἐπιταφίοις
1564 837 1674 870 ἐκείνην
1690 835 1802 869 κοσμῆ-

1009 896 1064 919 σαι,
1073 887 1134 912 ἐπεὶ
1147 886 1194 912 καὶ
1209 885 1295 912 πολλὰ
1307 884 1454 920 προφανῶς
1466 884 1520 910 τῶν
1535 882 1574 916 τῷ
1590 881 1699 916 ἐκείνης
1711 888 1801 915 προσ-

168 917 382 961 improbitatem.
412 926 470 953 Scis
485 925 558 952 enim
575 925 665 959 plane,
691 933 772 959 quam
793 925 907 960 gloriam
928 930 954 952 et

1009 917 1103 960 ιόντων
1128 933 1208 967 τάφῳ
1235 917 1378 966 νοσήματα
1405 930 1454 963 τὴν
1472 928 1601 963 ταχίστην
1623 926 1799 958 ἐλαύνονται,

168 973 290 1000 nominis
305 973 346 1000 sui
363 973 462 999 famam
483 971 628 999 Andronici
645 972 716 1007 regis
735 972 781 998 lilii
799 980 867 999 uxor
883 980 957 999 asse-

167 1025 230 1046 cuta
246 1020 292 1049 sit,
305 1023 333 1046 et
346 1019 389 1045 vix
403 1019 471 1045 duos
487 1017 657 1045 matrimonii
673 1025 760 1045 annos
772 1026 834 1045 cum
852 1026 884 1044 (ιο
902 1019 956 1045 vita
975 1052 978 1054 _

165 1066 261 1094 fruita,
278 1071 365 1091 morte
378 1064 474 1098 pituita
491 1063 527 1091 sit
542 1071 568 1091 ιιι
591 1064 758 1091 vestimento
776 1064 895 1091 contrito
912 1064 954 1090 in-

165 1112 230 1138 duta
246 1118 343 1138 omnes
361 1110 471 1137 divitias
495 1109 623 1136 tribuerit
648 1109 720 1136 bello
735 1110 823 1143 captis
838 1109 955 1144 ttliisqne

165 1156 352 1191 pauperibus;
383 1161 481 1189 praeter
508 1155 554 1186 id.
579 1159 712 1189 quantum
740 1155 773 1181 ad
800 1155 953 1181 ornandum

164 1201 527 1237 magttiﬁcmudivinumque
537 1200 764 1235 pltrotttistcrium
777 1200 952 1235 prmstitcrit;

163 1248 236 1282 quod
264 1247 350 1282 magis
375 1247 486 1274 virtutis
510 1255 592 1274 causa
610 1247 676 1274 fecit
691 1255 771 1281 quant
787 1247 952 1273 ornamenti.

163 1293 290 1320 Maximis
306 1293 379 1319 enim
389 1297 417 1320 et
429 1292 580 1326 magniﬁcis
597 1292 752 1326 sumptibus
763 1292 789 1318 id
801 1292 955 1319 construxit

164 1339 257 1374 plures
271 1346 352 1373 quam
373 1343 484 1366 centum
515 1338 739 1365 sanctitnoniales
753 1338 805 1373 piis
819 1339 854 1365 ibi
867 1346 954 1365 exet-—

165 1386 240 1413 citiis
261 1390 416 1412 \vacaturas
453 1383 623 1415 collocabat;
652 1384 766 1419 praeibat
805 1384 877 1411 enim
904 1384 954 1411 be-

162 1433 260 1459 nevola
276 1437 369 1458 mente
395 1431 422 1457 itt
452 1431 484 1458 iis
505 1431 642 1463 omnibus,
667 1431 749 1466 239
774 1440 833 1466 qua:
859 1440 955 1460 neces-

163 1478 236 1505 saria
252 1482 331 1504 erant
350 1481 479 1511 tanquam
495 1476 627 1510 domina;
655 1476 681 1503 in
706 1482 866 1504 cattcrarum
895 1486 955 1505 ser-

162 1531 258 1550 varutn
291 1523 400 1550 illaruttt
432 1523 543 1549 modunt
571 1523 628 1557 ipsa
653 1523 848 1554 auxiliabatur,
866 1531 953 1558 lisque

1000 978 1054 1005 τοῦ
1070 978 1138 1004 Θεοῦ
1153 977 1300 1004 κάντεῦθεν
1326 977 1484 1010 ἐλέγχοντος
1507 975 1556 1008 τὴν
1571 973 1625 999 τῶν
1640 972 1799 998 διωκόντων

1006 1025 1136 1051 ἀπόνοιαν
1151 1024 1199 1049 καὶ
1217 1023 1357 1050 ἀσέϐειαν.
1376 1020 1462 1048 Οἶσθα
1474 1021 1501 1047 δὲ
1515 1020 1562 1046 καὶ
1577 1019 1665 1049 ἄλλως
1674 1018 1711 1049 ὡς
1723 1017 1799 1052 μετὰ

1007 1071 1104 1105 χρόνον
1122 1078 1172 1095 που
1191 1068 1382 1102 ἐξκαιδέκατον
1402 1067 1441 1101 τῷ
1466 1065 1636 1100 Ἀνδρονίκου
1649 1063 1696 1090 τοῦ
1716 1063 1798 1097 βασι-

1006 1118 1075 1148 λέως
1094 1117 1199 1144 ἐκείνου
1228 1115 1279 1150 υἱῷ
1306 1115 1454 1148 συζυγείσα
1481 1113 1551 1148 μετὰ
1565 1111 1665 1146 πολλῆς
1678 1112 1727 1145 τῆς
1750 1109 1798 1136 εὐ-

1007 1165 1099 1197 κλείας
1126 1164 1174 1190 καὶ
1196 1162 1286 1197 δόξης,
1307 1162 1355 1187 καὶ
1373 1161 1449 1196 μόλις
1465 1168 1514 1185 που
1529 1159 1575 1186 δύο
1589 1158 1685 1193 μόνους
1700 1157 1796 1183 ἐνιαυ-

1006 1210 1069 1240 τοὺς
1083 1209 1180 1243 ἐκείνῳ
1203 1207 1249 1234 τοῦ
1278 1207 1337 1241 βίου
1358 1204 1619 1235 συναπολελαυκυῖα,
1633 1202 1740 1235 θανάτῳ
1761 1209 1794 1226 τε

1005 1254 1100 1281 τοῦτον
1115 1253 1195 1284 εὐθὺς
1209 1252 1360 1286 ἐζημίωται
1375 1251 1422 1276 καὶ
1444 1250 1502 1284 ἅμα
1514 1247 1657 1283 τριϐώνιον
1671 1245 1794 1272 ὑποδῦσα

1005 1299 1050 1324 τὸν
1062 1297 1171 1324 ἃπαντα
1190 1296 1305 1322 πλοῦτον
1316 1295 1434 1327 διένειμε
1448 1293 1632 1328 αἰχμαλώτοις
1643 1293 1689 1318 καὶ
1709 1290 1796 1324 πένη-

1006 1352 1048 1370 σιν
1063 1342 1163 1374 ἄλλοις,
1178 1342 1248 1376 πλὴν
1270 1341 1287 1375 ἦ
1300 1341 1361 1367 ὅσον
1377 1341 1416 1370 είς
1433 1341 1482 1374 τὴν
1507 1338 1640 1371 πολυτελῆ
1657 1336 1704 1363 τοῦ
1719 1337 1794 1362 θείου

1006 1389 1216 1425 φροντιστηρίου
1248 1386 1422 1420 κατασκευὴν
1452 1385 1558 1411 ἐκείνου
1589 1383 1752 1415 κεκένωκεν,
1772 1382 1794 1409 ιδ

1006 1435 1170 1471 περιϐόητον
1187 1433 1288 1468 μᾶλλον
1306 1434 1345 1464 εἰς
1364 1432 1463 1466 ἀρετὴν
1485 1431 1674 1465 κατεστήσατο
1689 1429 1705 1464 ἢ
1724 1430 1793 1464 πρὸς

1005 1481 1191 1516 κατασκευήν.
1210 1479 1339 1514 Δαψιλέσι
1371 1478 1420 1514 μὲν
1438 1478 1491 1513 γὰρ
1506 1478 1553 1504 καὶ
1569 1476 1728 1502 πολυτελέσι
1743 1475 1793 1501 δα-

1005 1529 1105 1559 πάναις
1119 1526 1326 1562 ᾠκοδομήσατο,
1351 1524 1460 1554 πλείους
1485 1523 1512 1549 δὲ
1526 1522 1580 1548 τῶν
1594 1521 1690 1548 ἑκατὸν
1712 1529 1794 1555 μονα-

166 1570 193 1596 itt
213 1569 332 1596 culinam
356 1568 421 1596 etsi
440 1569 505 1603 qttid
521 1568 661 1595 sordidius
677 1569 760 1596 etiam
778 1573 846 1600 erat.
883 1575 910 1596 et
926 1570 951 1596 itt

1005 1576 1103 1608 ζοὺσας
1116 1573 1177 1601 κατ’
1197 1573 1313 1607 ἐκλογὴν
1328 1570 1503 1597 ἐνασκεῖσθαι
1528 1568 1689 1603 συνήθροισε
1704 1566 1793 1600 τούτῳ

163 1616 322 1642 universum
348 1615 482 1650 cujusque
508 1615 617 1642 virtutis
643 1620 671 1642 et
695 1615 820 1642 candidae
845 1616 907 1642 viue
922 1623 951 1642 sc

161 1662 308 1696 proposuit
325 1662 498 1695 exemplum,
522 1661 756 1695 septuagesimum
785 1662 842 1688 fere
870 1669 952 1696 agens

162 1716 276 1734 annum.
294 1707 328 1734 Et
343 1708 406 1742 quid
424 1715 493 1742 opus
509 1711 552 1734 est
565 1707 614 1734 tibi
630 1707 709 1741 plura
724 1714 874 1742 exponere,
888 1715 951 1734 cum

162 1753 268 1780 ueteris
293 1753 392 1780 melius
416 1752 490 1780 illius
511 1760 602 1780 tuores
630 1752 751 1780 noveris?
765 1751 830 1778 Nattt
855 1753 953 1786 sepius

162 1803 188 1825 te
201 1798 297 1825 audire
321 1798 445 1828 tuemini.
461 1806 522 1832 qua:
546 1797 573 1824 in
593 1797 638 1824 illa
657 1797 761 1824 fuerint
776 1797 890 1832 pulchra
906 1805 952 1825 ex-

161 1849 308 1880 ponentem
326 1850 352 1871 et
369 1844 584 1871 inﬂammantem
606 1843 747 1871 auditores
775 1844 900 1877 protinus
919 1843 952 1869 ad

162 1898 284 1918 antorem
303 1891 381 1917 bonae
399 1891 470 1922 vitae,
487 1891 551 1924 quia
565 1889 623 1916 acri
634 1894 696 1916 erat
709 1894 800 1916 tnettte
813 1889 911 1916 femina
926 1893 953 1916 et

161 1937 277 1972 loquens
292 1942 319 1964 et
337 1943 430 1969 tacens
445 1937 557 1964 stimulo
578 1944 687 1972 semper
705 1937 739 1964 iis
758 1937 802 1971 qui
828 1937 951 1970 aderant,

161 1988 188 2011 et
203 1992 330 2019 maguum
346 1989 374 2011 et
389 1984 520 2010 inVIctntn
541 1983 602 2010 vita:
623 1983 781 2010 monasticae
796 1983 952 2018 exetnpluttt

161 2035 189 2057 et
197 2030 482 2057 sattctitttonizeaerem
491 2030 642 2064 penetranti
653 2030 762 2056 habitus
770 2037 850 2064 quant
859 2029 954 2056 ﬁrmus

161 2079 202 2101 est
217 2079 244 2100 et
258 2082 360 2105 tenens,
375 2075 508 2109 cujusque
529 2073 679 2108 spiritualis
694 2075 865 2100 educationis
878 2078 952 2100 certa

162 2127 258 2148 norma
279 2125 307 2147 et
327 2120 439 2155 justitite
455 2126 557 2147 statera
580 2125 717 2147 accurata.
738 2121 792 2148 Nec
807 2129 860 2147 non
878 2121 952 2147 velo-

161 2167 240 2194 cibus
274 2171 303 2193 et
329 2166 446 2192 fortibus
472 2166 555 2192 attimi
588 2167 708 2193 motibus
737 2174 809 2192 same
838 2167 954 2194 aderant

167 2213 302 2244 rationes,
320 2219 408 2245 ncqtte
425 2219 522 2238 manus
533 2211 636 2238 nemini
653 2211 776 2238 omnium
793 2219 883 2246 neque
903 2212 954 2239 litt-

1005 1621 1122 1656 σεμνῶς.
1141 1618 1212 1646 Ἀλλ’
1231 1619 1326 1648 αὑταῖς
1341 1617 1387 1642 καὶ
1400 1615 1470 1650 αὑτὴ
1484 1612 1685 1647 συνδιηκονείτό
1701 1619 1731 1637 τε
1744 1611 1793 1637 καὶ

1003 1666 1197 1701 ἀμφεπονεῖτο,
1210 1662 1366 1699 χορηγοῦσα
1381 1661 1430 1695 μὲν
1442 1661 1552 1695 ἀφθόνῳ
1563 1659 1660 1693 γνώμῃ
1676 1657 1707 1683 τὰ
1722 1659 1793 1683 κατὰ

1004 1714 1098 1749 χρείαν
1113 1711 1244 1745 διηνεκῶς
1260 1710 1298 1741 ὡς
1325 1708 1418 1743 κυρία,
1442 1706 1627 1741 συναιρομένη
1642 1705 1665 1731 δ’
1678 1705 1708 1736 ἐξ
1724 1705 1792 1737 ἔφη·

1006 1759 1102 1795 μερίας
1132 1759 1179 1785 καὶ
1208 1757 1278 1791 αὑτὴ
1304 1757 1350 1782 τὸν
1377 1755 1480 1785 πάσαις
1508 1753 1630 1783 ἐκείναις
1659 1751 1793 1784 ἀνάλογον

1005 1806 1035 1842 [ί.
1050 1804 1146 1840 125υ.]
1158 1804 1258 1839 τρόπον
1273 1803 1367 1836 ὥσπερ
1382 1800 1538 1835 όμόδουλος.
1554 1799 1618 1833 ἄχρι
1634 1798 1690 1824 τῶν
1704 1797 1789 1823 ὀπτα-

1005 1853 1083 1879 νείων
1097 1851 1144 1877 καὶ
1163 1851 1190 1875 εἴ
1206 1858 1232 1875 τι
1250 1849 1304 1875 τῶν
1318 1847 1499 1883 χυδαιοτέρων
1515 1845 1661 1880 ἐτύγχανεν
1677 1844 1706 1871 δν
1719 1864 1726 1877 ,
1746 1843 1792 1870 καὶ

1006 1895 1156 1929 συλλήϐδην
1176 1895 1273 1926 εἰπεῖν,
1302 1893 1457 1927 ἀρχέτυπον
1474 1891 1575 1925 ἀρετῆς
1597 1890 1706 1923 ἁπάσης
1721 1890 1793 1915 ἀπά-

1005 1951 1067 1973 σαις
1084 1941 1186 1975 ἑαυτὴν
1209 1939 1369 1975 προτιθεῐσα
1383 1939 1430 1965 καὶ
1455 1938 1512 1974 βίου
1530 1937 1630 1972 σεμνοῦ
1649 1937 1730 1971 μέχρι
1746 1937 1792 1963 καὶ

1005 1989 1034 2019 ἐς
1055 1987 1134 2021 δεῦρο
1161 1985 1317 2020 διήρκεσεν,
1346 1983 1548 2018 ἑϐδομηκοστὸν
1576 1983 1660 2016 ἐγγύς
1678 1991 1728 2008 που
1743 1977 1792 2016 τῆς

1004 2034 1111 2069 ἡλικίας
1127 2033 1230 2066 ἄγουσα
1243 2031 1348 2066 χρόνον.
1369 2030 1421 2056 Καὶ
1438 2030 1464 2056 τί
1479 2031 1533 2065 χρὴ
1552 2030 1638 2055 πλείω
1661 2029 1790 2060 διεξιέναι

1005 2081 1073 2115 πρὸς
1087 2080 1116 2106 σὲ
1130 2079 1210 2105 πλέον
1222 2077 1276 2104 τῶν
1291 2077 1377 2104 ἄλλων
1393 2077 1426 2103 τὰ
1438 2077 1546 2110 ἐκείνης
1561 2077 1649 2102 εἰδότα
1663 2076 1794 2110 ;Μέμνη-

1005 2134 1055 2160 μαι
1069 2126 1123 2160 γὰρ
1140 2126 1188 2150 καὶ
1203 2124 1334 2154 πολλάκις
1351 2122 1398 2149 σοῦ
1418 2131 1450 2157 γε
1469 2121 1595 2154 ἀκηκοὼς
1617 2122 1690 2148 ἔστιν
1706 2121 1723 2148 ἂ
1740 2121 1792 2150 τιῖν

1004 2171 1112 2204 ἐκείνης
1129 2169 1323 2205 ἀφηγουμένου
1342 2168 1445 2200 καλῶν,
1474 2168 1522 2194 καὶ
1538 2167 1705 2202 ἐρεθίζοντος
1725 2167 1790 2197 ἴσως

1004 2218 1044 2249 είς
1060 2217 1117 2249 ἕξιν
1132 2218 1276 2250 ἀσκήσεως
1291 2214 1397 2249 ἀγαθῆς
1421 2215 1485 2245 τοὺς
1512 2214 1674 2245 ἀκούοντας,
1689 2213 1726 2244 ὡς
1745 2213 1792 2248 βα-

162 2267 214 2294 gua
227 2258 394 2286 cernebatur
406 2258 537 2290 olIiciosa,
552 2258 600 2285 sed
619 2259 645 2285 in
663 2259 724 2294 ipso
739 2259 831 2287 animo
845 2266 952 2286 summa

1006 2263 1081 2290 ϐεῖὰν
1104 2271 1134 2289 τε
1155 2263 1288 2296 ἐκέκτητο
1312 2261 1420 2288 σύνεσιν
1438 2261 1455 2295 ἡ
1475 2260 1554 2295 γυνὴ,
1582 2260 1631 2286 καὶ
1660 2259 1791 2286 σιωπῶσα

161 2313 214 2340 ope
242 2305 381 2332 evertebat
413 2304 521 2331 radices
547 2309 610 2332 ante
643 2312 738 2332 earunt
769 2305 949 2332 incrementa.

161 2352 216 2379 Otii
234 2357 325 2378 autem
351 2351 434 2378 horas
454 2352 482 2378 in
498 2351 578 2378 libris
593 2351 697 2379 sanctis
711 2351 837 2387 legendis
852 2359 953 2379 consu-

163 2399 272 2430 mebat;
289 2397 408 2432 indeqtte
424 2398 507 2433 2&0
524 2405 648 2432 magnam
678 2399 837 2433 variantque
863 2399 951 2434 itnpe-

163 2445 246 2472 travit
274 2445 492 2479 experientiam.
518 2452 545 2471 et
575 2444 675 2472 divinis
699 2445 827 2472 Ecclesiae
853 2453 953 2479 pra-ce-

161 2491 379 2526 ptisopportuno
399 2495 521 2525 tempore
541 2490 637 2517 aderat
659 2491 809 2518 commilito
832 2490 951 2518 fortissi-

163 2546 234 2569 mus.
258 2543 286 2565 et
313 2538 486 2566 sacerdotum
514 2538 624 2565 veritati
645 2537 764 2571 linguam
789 2537 884 2565 dicans
911 2539 952 2564 itt-

162 2584 296 2611 dciessant
314 2583 446 2611 labiorum
459 2591 549 2611 arcem
564 2583 706 2610 custodem
719 2582 949 2610 constituit.l£ttu

163 2631 223 2665 ipse
235 2630 313 2665 plura
323 2630 431 2657 diceres
439 2634 467 2657 et
476 2637 629 2664 exponeres
642 2630 732 2664 lingua
745 2629 872 2655 uberiore
882 2633 909 2656 et
918 2629 951 2655 li-

162 2677 221 2704 bris
230 2677 377 2703 admodum
390 2675 522 2703 decenter
535 2675 737 2710 scriptis.Nunc
750 2675 798 2702 tibi
807 2675 953 2702 nonnullas

162 2730 195 2749 ex
205 2722 416 2749 rebusexternis
424 2729 485 2756 quae
494 2725 558 2748 sunt
567 2722 697 2748 nuntiata:
706 2722 956 2756 exponam,quibus

163 2768 247 2794 rebus
254 2768 367 2802 ingratis
376 2775 494 2802 prmscns
504 2772 611 2801 tempus
621 2775 698 2794 aures
709 2772 814 2794 nostras
823 2767 956 2801 implevit.

1001 2310 1050 2336 καὶ
1066 2309 1241 2343 φθεγγομένη
1257 2307 1420 2342 παραίνεσις
1435 2305 1469 2342 ἦν
1480 2307 1522 2332 ἀεὶ
1537 2307 1592 2337 τοῖς
1611 2305 1732 2336 συνοῦσι,
1744 2312 1790 2332 και

1003 2357 1075 2390 μέγα
1093 2356 1140 2382 καὶ
1157 2354 1351 2389 ἀπαράμιλλον
1366 2354 1413 2380 τοῦ
1445 2352 1589 2388 μοναδικοῦ
1617 2352 1791 2387 παράδειγμα

1004 2402 1074 2436 βίου,
1105 2401 1153 2426 καὶ
1182 2397 1237 2425 οἷον
1264 2398 1516 2433 αἱθεροδρομούσης
1546 2397 1714 2431 σεμνότητος
1727 2395 1791 2433 ἦθος

1004 2447 1140 2482 αὐτοφυές
1156 2454 1185 2472 τε
1200 2447 1248 2472 καὶ
1260 2445 1491 2480 αὑτοχάλκευτον,
1505 2444 1613 2478 ἀπάσης
1626 2452 1653 2470 τε
1671 2452 1792 2475 πιιευμε-

1006 2493 1084 2527 τικῆς
1102 2492 1224 2522 παιδείας
1240 2491 1328 2518 κανὼν
1338 2491 1455 2526 ἀκριϐὴς
1469 2492 1516 2517 καὶ
1527 2489 1699 2523 δικαιοσύνης
1712 2490 1792 2523 ζυγλς

1007 2538 1142 2572 ἀρῤεπής.
1160 2537 1222 2563 Ἔτι
1238 2536 1266 2562 δὲ
1289 2536 1377 2571 θυμοῦ
1403 2536 1542 2571 κινήσεσιν
1569 2534 1731 2570 ὀξυρρόποις
1748 2534 1794 2560 καὶ

1008 2584 1179 2618 αὐτονόμοις,
1198 2583 1246 2609 καὶ
1275 2585 1298 2609 εὶ
1314 2583 1362 2614 τὰς
1379 2583 1469 2613 αἰτίας
1498 2582 1625 2615 εὐλόγους
1651 2581 1793 2615 ἐκέκτητο,

1004 2629 1066 2655 οὒτε
1084 2629 1144 2664 χεὶρ
1152 2630 1220 2664 αὐτῇ
1237 2630 1296 2655 ποτ’
1313 2628 1391 2663 ὤφθη
1403 2628 1457 2654 τῶν
1475 2630 1584 2654 πάντων
1601 2627 1717 2660 οὐδέσιν,
1732 2627 1792 2654 οὔτε

1005 2675 1114 2709 γλῶττα
1126 2675 1312 2709 διακονήσασα
1326 2675 1476 2710 προπετὴς.
1491 2675 1549 2701 ἀλλ’
1562 2676 1591 2701 ἐν
1606 2674 1697 2705 αὐτοῖς
1714 2674 1794 2705 εὐθὺς

1008 2721 1158 2755 ἀναιροῦσα
1183 2722 1240 2752 τοῖς
1254 2722 1395 2755 λογισμοῖς
1419 2721 1532 2747 διετέλει
1556 2723 1606 2752 τὰς
1625 2721 1702 2755 ῥίζας
1720 2721 1792 2751 ἐντὸς

1009 2767 1061 2801 πρὸ
1078 2769 1126 2802 τῆς
1153 2767 1280 2803 βλάστης.
1311 2768 1363 2794 Τόν
1378 2777 1409 2802 γε
1433 2769 1486 2804 μὴν
1512 2769 1561 2802 τῆς
1586 2768 1684 2802 ἀργίας
1702 2768 1794 2800 καιρζν

163 2815 262 2850 βίϐλων
275 2816 355 2851 ἱερῶν
374 2817 503 2851 παρεῖχεν
532 2816 575 2842 ἀεὶ
591 2815 771 2849 ἀναγνώσεσι,
784 2817 831 2842 καί
847 2817 945 2851 πεῖραν
966 2815 1091 2842 ἐντεῦθεν
1123 2815 1230 2850 ὑψηλῆς
1262 2815 1380 2851 θεωρίας
1396 2818 1497 2851 συνῆγε
1511 2817 1620 2852 μακρὰν
1641 2817 1688 2843 καὶ
1706 2816 1792 2842 ποικί-
