1909 3064
62 161 114 192 21ῗὶ

579 164 802 195 BYZANTlN/E
821 165 1012 196 HISTORLE
1033 165 1103 195 LIB.
1130 164 1234 194 XXIX.

1641 167 1693 199 ⁵214

65 219 132 253 ρῇσθ
140 228 164 244 ιι
187 220 256 254 πρὸς
272 221 326 247 τῶν
343 221 402 247 ἐκεῖ
424 222 601 256 μοναζουσῶν
618 225 768 257 γυναικῶν.
788 224 856 259 Περὶ

916 225 1015 252 tiretur
1039 233 1053 251 ιι
1080 224 1260 254 mulieribus,
1276 231 1335 261 qua:
1352 224 1390 251 ibi
1412 229 1490 251 erant
1514 224 1692 253 moniali-bus.

62 261 93 289 οὗ
111 264 159 290 καὶ
175 264 261 301 πολλή
285 275 328 297 τις
344 266 454 301 ἧκμασε
470 268 538 299 τέως
555 269 690 303 ὑπόληψις
710 271 767 301 τοῖς
787 270 854 296 πολ-

63 309 130 341 λοῖς,
154 310 283 346 Ἀνδρέου
297 313 344 340 τοῦ
358 314 470 348 Κρήτης
485 313 567 346 εἶναι,
582 315 611 346 ὃς
624 316 673 341 οὐκ
688 316 789 350 ὀλίγοις
804 317 855 351 τὴν

71 357 239 391 Ἐκκλησίαν
264 358 420 394 ικόσμησεν
447 361 528 394 ἱεροῖς
559 362 664 395 μέλεσι.
693 362 778 389 Τοῦτο
800 363 854 398 γὰρ

47 421 49 423 ι
65 403 278 438 κατορώρυκται
295 404 344 439 μὲν
359 405 397 439 τῷ
411 406 503 440 ἐδάφει
518 406 565 432 τοῦ
581 407 653 433 θείου
671 408 776 434 ἐκείνου
789 408 853 440 νεὼ,

64 447 98 484 ἦν
114 449 137 476 δ’
152 451 273 486 ἀφανείᾳ
287 451 495 486 κεκαλυμμένον
518 453 550 479 ὲκ
564 454 681 480 παλαιοῦ
697 454 744 480 καὶ
766 454 855 480 οὐδενί

65 504 108 522 πω
120 496 264 531 γνώριμον
277 497 341 532 ἄχρι
358 497 409 532 τῆς
425 498 479 524 τῶν
496 498 543 525 νῦν
562 500 699 534 χρονικῶν
722 500 856 534 περιόδων

66 542 186 576 ἡλικίας.
205 543 287 577 ’Δρτι
301 543 324 570 δ’
349 543 401 570 οὐκ
425 541 475 570 οἷδ’
489 545 621 579 ὁπότερον
646 546 689 576 εἰς,
699 545 856 580 τούμφανὲς

65 587 204 622 ἐληλύθει.
222 588 273 615 εἶτ’
287 588 316 622 ἐξ
330 588 473 622 ἐπιπνοίας
487 591 560 620 τιιιὺς
573 591 723 626 θειοτέρας,
739 592 794 618 εἴτε
815 601 856 618 τι-

65 631 110 661 νὸς
125 632 224 667 χρείας
238 633 373 667 ἐνστάσης
398 634 523 667 ὀρῦττειν
540 637 640 666 ἐκεῖσε,
668 636 717 663 εἶτ’
735 637 785 663 οὐκ
808 635 856 663 οἷδ’

65 676 157 703 ὅντινα
172 677 274 712 τρόπον
291 677 396 713 ἕτερον.
415 679 454 705 Οὐ
468 680 523 713 γὰρ
534 680 628 714 oti/saw
640 681 735 714 αὑταῖς
754 691 800 716 μοι
813 691 858 708 τε-

65 721 171 756 τύχηκε
199 723 341 758 γενομένῳ
360 724 432 750 κατὰ
457 725 503 751 τὸν
526 725 611 752 τόπον
629 726 790 761 θεάσασθαι,
810 728 856 755 τοῦ

66 767 222 802 τηνικαῦτα
234 768 356 802 διωγμοῦ
374 771 422 796 καὶ
443 771 490 797 τοῦ
500 773 550 806 τῆς
571 773 739 806 Ἐκκλησίας
757 774 859 809 χειμῶ-

65 822 110 844 νος
126 814 236 840 ἐκείνου
255 815 305 845 τὰς
319 815 390 850 ἐμὰς
411 817 603 850 ἐγκλείσαντος
624 818 720 853 θύρας,
736 820 773 850 ὡς
796 820 859 856 μηδ’

66 860 112 885 ἐπὶ
129 859 220 895 βραχὺ
229 860 297 895 γοῦν
311 863 351 892 είς
365 862 508 898 ἐλεύθερον
521 865 689 900 προκύπτειν
705 866 778 902 ἔχειν
790 867 860 901 ἀέρα

67 906 154 939 πνοῆς
182 906 363 940 ἀκραιφνθῦς-
387 908 470 944 Ἀκοῇ
498 910 520 935 δ’
541 910 615 945 ὅμως
640 911 724 946 ὀλίγῳ
745 912 860 946 ὕστερον

68 951 255 986 παρειληφότι
281 953 329 980 ἕνα
355 955 404 981 καὶ
420 956 503 981 αὐτὸν
528 953 598 982 εἷναί
628 965 661 991 με
677 958 732 984 τῶν
747 958 860 985 εἰδότων

68 997 275 1031 συμπέπτωκεκ
298 999 468 1032 παμπόλλων
485 1000 536 1036 ἤδη
561 1001 591 1028 τὸ
616 1004 733 1037 πρᾶγμα
749 1004 797 1030 καὶ
814 1004 861 1038 δη-

69 1043 151 1078 μοσίᾳ
175 1043 374 1078 θρυλλοὺντων.
398 1047 445 1073 Διὸ
460 1047 514 1074 τῶν
543 1048 619 1075 οὐδὲν
641 1049 747 1083 οὐδαμῆ
763 1059 795 1084 γε
808 1051 861 1077 ἁπ-

67 1090 184 1115 εικὸεων
217 1089 319 1122 ἔδοξεν,
343 1092 404 1118 οὐδὲ
429 1092 478 1118 τοῦ
503 1094 601 1128 καιροῦ
631 1096 677 1121 καὶ
697 1096 746 1130 τῆς
765 1097 861 1131 χρείας

67 1135 105 1167 ὡς
122 1137 307 1173 πορρωτάτω,
324 1141 356 1174 τῇ
375 1140 482 1175 ἱστορίᾳ.
499 1141 547 1167 καὶ
558 1141 638 1168 τοῦτό
662 1150 707 1176 μοι
725 1151 862 1176 συνυφαν-

69 1182 161 1216 θῆναι,
181 1183 295 1219 ἔλεγχον
309 1185 360 1219 μὲν
380 1186 478 1222 κομιδῇ
495 1187 623 1223 προφανῆ
638 1188 751 1223 κομίζον
767 1189 861 1216 θεόθεν

70 1228 139 1254 κατὰ
155 1229 206 1264 τῆς
220 1230 274 1256 τῶν
286 1230 408 1259 διωκτῶν
423 1233 564 1264 ἀπονοίας,
591 1236 750 1261 παντάπασι
758 1235 781 1261 δ’
797 1235 861 1261 ἀκί-

68 1273 167 1308 ϐδηλον
201 1275 232 1301 τὺ
255 1275 310 1303 τῶν
335 1277 510 1313 διωκομένων
537 1279 617 1315 ἡμῶν
641 1281 793 1315 ἀποφαῖνον
811 1281 859 1308 ού-

71 1329 172 1356 στημα.

104 1367 155 1395 Ην.
172 1368 291 1405 Φιλοθέῳ
302 1370 358 1405 γὰρ
372 1370 411 1406 τῷ
422 1371 550 1408 Κοκκίνῳ
561 1374 714 1408 τηνικαῦτα
727 1383 862 1410 πατριαρ-

72 1413 180 1448 χεύοντι
194 1414 295 1448 ἔδοξεν,
310 1416 406 1453 ὥσπερ
420 1417 536 1452 ἕρμαιον
547 1418 594 1445 τὸν
604 1419 700 1455 καιρὸν
710 1420 860 1455 ἡρπακὸτι,

72 1461 283 1495 μηχανήσασθαί
298 1471 323 1488 τι
339 1463 408 1498 πρὸς
421 1463 551 1491 σύστασιν
560 1464 611 1500 τῆς
625 1466 758 1500 σφετέρας
771 1467 861 1493 αὐτῶν

73 1505 237 1542 Παλαμικῆς
264 1507 422 1541 ⁸ιιεολυθεῖας.
446 1510 570 1545 Πλήθους
600 1509 648 1538 οὖν
678 1512 860 1548 ἠθροισμένου

906 270 944 297 De
970 278 1024 303 qua
1051 278 1079 296 re
1098 277 1194 304 magna
1214 269 1331 296 subinde
1356 270 1428 296 inter
1461 270 1559 305 vulgus
1579 275 1696 298 ortaest

906 315 1000 349 opinio
1030 323 1090 350 qua:
1117 315 1163 342 illa
1190 315 1223 341 ad
1253 315 1391 342 Andream
1423 314 1587 343 Cretensem
1622 316 1696 343 refe-

907 361 1001 393 rebat,
1018 361 1064 395 qui
1091 368 1145 387 non
1164 361 1258 395 paucis
1275 362 1362 388 sacris
1390 360 1515 395 reliquiis
1544 361 1695 389 Ecclesium

907 407 1025 434 ornavit.
1037 406 1172 434 infossum
1188 413 1245 434 erat
1258 408 1398 441 corpusin
1416 408 1502 435 fundo
1527 409 1597 435 sacri
1624 409 1697 435 illius

910 454 1016 489 templi.
1030 453 1097 481 Erat
1115 455 1236 482 tenebris
1252 455 1406 482 involutum
1423 463 1457 482 ex
1473 456 1555 490 longo
1574 461 1697 490 tempore

910 500 1070 534 neminique
1087 504 1181 527 notum
1198 508 1285 535 usque
1299 502 1333 528 ad
1349 502 1526 536 praesentium
1543 507 1696 536 temporum

908 549 1029 573 aetatem.
1059 545 1159 572 Nescio
1171 550 1262 572 autem
1284 547 1423 580 quomodo
1440 547 1474 574 ad
1488 548 1577 574 lucem
1593 553 1700 582 protra-

909 596 982 619 ctum
999 591 1053 623 sit,
1072 597 1164 619 utrum
1184 592 1360 626 instigatioue
1378 593 1470 628 aliqua
1489 593 1581 620 divina
1598 602 1631 620 an
1661 601 1694 620 ex

910 638 1076 664 necessitate
1092 637 1130 664 ibi
1147 636 1269 663 fodiendi
1283 657 1288 667 .
1304 645 1338 664 an
1355 638 1449 665 nescio
1465 645 1520 672 quo
1536 637 1589 665 alio
1605 639 1697 666 modo.

911 681 972 708 Non
991 681 1065 708 cnim
1083 681 1151 708 mihi
1165 682 1301 716 contigit,
1322 689 1350 708 ut
1366 682 1435 708 meis
1454 682 1540 717 ipsius
1556 683 1643 710 oculis
1660 684 1700 709 iu-

910 734 972 753 cum
993 726 1201 760 perlustrarem,
1214 726 1409 761 persecutione
1426 734 1487 760 quae
1506 731 1562 753 tmn
1576 727 1656 754 fiebat
1671 733 1699 755 et

910 773 1040 800 Ecclesiae
1057 778 1220 808 tempestate
1238 774 1282 800 illa
1298 781 1372 800 meas
1390 773 1536 800 claudente
1551 777 1645 807 portas
1662 773 1698 800 ita

912 823 942 845 ut
962 826 997 845 ne
1013 819 1041 845 in
1057 818 1141 847 breve
1155 819 1236 854 245
1252 820 1364 854 quidem
1391 823 1499 854 tempus
1519 819 1607 846 libera
1633 819 1698 846 lice-

913 869 956 892 ret
970 865 1008 891 uti
1025 865 1096 892 aeris
1111 866 1305 900 respiratione.
1323 865 1416 892 Fando
1435 869 1525 892 tamen
1542 866 1624 900 paulo
1638 871 1700 900 post

911 918 975 938 cum
995 918 1052 937 rem
1070 910 1361 946 accepisseni.accidit
1380 914 1410 938 ut
1425 918 1497 937 unus
1512 916 1541 937 ct
1557 911 1632 938 solus
1648 918 1700 945 ego

911 965 945 984 ex
966 956 999 983 iis
1015 964 1102 984 essem
1114 977 1121 989 ,
1136 957 1184 991 qui
1200 957 1266 992 quid
1283 957 1383 984 factum
1401 961 1474 984 esset
1493 961 1619 984 tenerent
1636 965 1700 992 pcr-

912 1002 1008 1029 multis
1030 1003 1088 1034 jatn
1114 1010 1172 1029 rem
1202 1003 1313 1037 publice
1341 1002 1701 1037 divulg:mtibus.Quapro-

913 1053 975 1083 pter
1000 1049 1097 1075 harum
1124 1057 1218 1076 rerum
1244 1054 1275 1075 ut
1300 1048 1524 1083 improbabilium
1549 1048 1617 1074 nihil
1645 1048 1701 1075 ullo

912 1095 994 1121 modo
1010 1095 1135 1130 placuit;
1151 1103 1243 1130 neque
1257 1095 1348 1122 visum
1365 1100 1409 1122 est
1421 1103 1435 1122 a
1451 1095 1581 1129 temporis
1595 1094 1701 1122 ratione

911 1146 940 1169 et
970 1141 1137 1169 necessitate
1153 1142 1274 1169 alienum
1301 1149 1362 1168 esse
1390 1141 1425 1168 ab
1451 1140 1565 1168 historia
1588 1139 1615 1168 id
1640 1148 1702 1175 per-

911 1189 1035 1216 scribere
1056 1188 1130 1224 quod
1154 1192 1182 1216 et
1199 1188 1394 1216 documentum
1412 1187 1548 1215 divinitus
1564 1187 1700 1222 praeberet

911 1234 1167 1261 manifestissimum
1186 1233 1322 1260 vecordiae
1338 1239 1546 1268 persecuturum
1562 1237 1591 1260 et
1607 1232 1699 1260 since~

913 1287 972 1306 ram
989 1280 1104 1306 omnino
1125 1283 1284 1306 nostrarum
1308 1280 1533 1314 persecutionum
1548 1278 1702 1306 enarratio—

911 1333 975 1353 nem
991 1325 1149 1354 exhiberet.

946 1371 1018 1399 Xlll.
1038 1372 1199 1399 Philotheus
1221 1372 1296 1400 enim
1310 1370 1459 1403 Coccinus,
1477 1374 1543 1397 tunc
1568 1369 1702 1403 temporis

912 1418 1067 1453 patriarcha
1102 1423 1232 1453 tanquam
1273 1418 1399 1445 idoneam
1424 1416 1539 1451 adeptus
1566 1420 1701 1451 opportu-

912 1464 1038 1497 nitatem,
1053 1471 1162 1499 operam
1173 1465 1283 1492 navavit
1297 1464 1330 1491 ad
1341 1463 1561 1491 constituendam
1575 1470 1702 1489 commu-

912 1518 975 1537 nem
992 1511 1180 1538 Palamiticum
1201 1509 1610 1546 polytheismum.Multitudine
1619 1509 1703 1544 igitur

72 1553 235 1588 παμπόλλου
249 1555 304 1582 τῶν
318 1555 347 1581 ὲν
359 1556 474 1590 ἀγοραῖς
489 1557 535 1582 καὶ
549 1558 668 1592 τριόδοις
681 1559 861 1594 καλινδουμέ-

917 1564 1013 1592 magna
1028 1563 1191 1591 congregata
1205 1565 1301 1584 eorum
1316 1557 1363 1591 qui
1382 1557 1408 1583 in
1423 1557 1484 1584 foro
1497 1561 1525 1583 et
1541 1556 1630 1583 triviis
1642 1563 1702 1582 ver-

72 1606 135 1631 νων,
165 1599 233 1631 στὰς
260 1600 304 1636 ἐφ’
335 1601 452 1638 ὑψηλοῦ,
485 1612 494 1628 ι
517 1603 614 1638 Χρεὼν
632 1604 716 1638 ὑμᾶς,
738 1614 747 1631 μ
766 1607 860 1640 φησὶν,

75 1655 85 1672 ι
103 1643 126 1673 ὦ
149 1647 249 1682 ἄνδρες
266 1656 296 1674 τε
311 1649 358 1675 καὶ
377 1650 507 1682 γυναῖκες
524 1651 572 1676 καὶ
597 1651 682 1677 τέκνα
710 1652 807 1686 νήπια,
825 1652 863 1688 μὴ

74 1693 148 1725 θείας
171 1693 237 1722 ἄνευ
262 1694 392 1729 προνοίας
416 1696 521 1723 οἴεσθαι
549 1697 598 1731 τὴν
614 1698 660 1724 τοῦ
687 1698 759 1724 θείου
786 1698 864 1726 τοῦδε

74 1739 202 1775 λειψάνου
218 1742 274 1772 τοῖς
287 1742 419 1769 ἐνεστῶτι
432 1743 558 1776 γενέσθαι
574 1745 681 1779 καιροῖς
702 1745 863 1779 ἐμφάνειαν,

73 1787 128 1813 ἀλλ’
142 1788 188 1814 ἵνα
213 1788 243 1814 τὸ
258 1789 395 1819 πλείστοις
421 1789 467 1816 διὰ
485 1790 534 1825 τὴν
559 1790 614 1817 τῶν
640 1790 787 1817 ἀντιθέτων
805 1790 864 1827 ἔριν

74 1835 321 1870 ἀμφισεητήσιμον
350 1835 474 1871 ἐμφανὲς
499 1836 544 1863 καὶ
562 1837 645 1871 σαφὲς
666 1839 802 1872 καταστῇ,
818 1839 866 1864 καὶ

73 1881 215 1915 γνώριμον
238 1883 352 1917 γένηται
376 1883 445 1909 πᾶσι
468 1882 526 1913 πῶς
555 1882 605 1917 μὲν
622 1883 652 1909 τὸ
674 1883 775 1915 πολλάς
787 1891 865 1915 τινας

75 1927 164 1953 σὲεειν
183 1927 259 1962 ἡμᾶς
283 1929 424 1964 ἐνεργείας
439 1928 583 1960 ἁκτίστους
605 1928 653 1955 καὶ
664 1929 817 1961 ἀνουσίους,
833 1929 866 1961 ἃς

74 1974 123 2000 καὶ
138 1973 272 2008 θεότητας
289 1974 553 2009 ἁνουσιοῦφειμένας
567 1975 617 2011 τῆς
637 1975 712 2006 θείας
729 1975 866 2008 καλοῦμεν

74 2019 171 2050 οὐσίας
187 2020 236 2046 καὶ¹
256 2015 419 2055 διαφόρους⁴
430 2021 514 2057 αὐτῆς
534 2029 564 2047 τε
588 2021 637 2047 καὶ
654 2020 788 2056 ἀλλήλων,
803 2021 866 2048 ἀκί-

74 2065 173 2101 ϐδηλον
193 2065 225 2091 τό
233 2066 292 2092 ἐστι
304 2065 352 2092 καὶΙ
364 2065 486 2098 εὐσεὸὲς,
501 2066 518 2101 ή
535 2065 564 2092 δὲ
577 2066 791 2101 τῶνξάντιθέτων
806 2066 868 2093 καθ’

74 2112 155 2147 ἡμῶν
182 2111 304 2146 λοιδορία
331 2113 446 2147 μάταιος
471 2113 520 2140 καὶ
543 2113 768 2148 κατεγνωσμένη.
788 2113 866 2138 Ἔστι

77 2160 127 2194 μὲν
142 2158 191 2186 οὖν
205 2159 354 2186 κάντεῦθεν
376 2159 426 2186 οὐκ
450 2158 549 2194 ἄδηλον
568 2159 599 2185 τὺ
616 2160 666 2194 τῆς
682 2159 757 2191 θείας
775 2159 867 2194 ψήφου

75 2207 124 2232 καὶ
140 2206 192 2240 τῆς
207 2206 298 2232 αὐτῶν
314 2205 465 2240 καταδίκης
476 2212 484 2220 ·
506 2205 583 2232 αὐτοὶ
600 2205 650 2239 μὲν
665 2205 720 2240 γὰρ
733 2207 762 2232 ὲν
777 2214 869 2239 παρα-

76 2254 170 2288 6ύστῳ
189 2253 236 2280 καὶ
251 2252 366 2287 γωνίαις
381 2252 545 2288 ὲρῤιμμένοι
567 2252 657 2287 πάσης
673 2252 748 2284 ἀξιον
763 2251 869 2287 ὕϐρεως

77 2301 191 2327 ἀνύουσι
209 2299 304 2335 [LI-25
315 2298 355 2335 v.]
369 2298 428 2333 βίον
446 2299 493 2325 καὶ
511 2299 572 2325 λίαν
587 2298 786 2333 ἢχρειωμένον,
802 2299 869 2333 ἡμῖν

76 2348 105 2374 δὲ
119 2347 281 2383 παρρησίαν
292 2346 400 2373 δίδωσιν
414 2346 428 2373 ὁ
439 2345 516 2378 Θεὸς,
534 2344 584 2372 καὶ
598 2345 780 2380 σεμνύνεσθαι
792 2345 826 2372 τά
839 2353 868 2371 τε

76 2394 159 2426 ἄλλα,
174 2393 224 2420 καὶ
239 2392 358 2427 μάλιστα
368 2394 401 2428 τῇ
419 2392 465 2418 τοῦ
481 2391 613 2426 παρόντος
624 2391 668 2418 διὰ
682 2390 797 2426 μακρῶν
817 2390 868 2425 ἤδη

76 2440 133 2466 ¹τῶν
157 2439 296 2474 χρονικῶν
324 2439 456 2473 περιόδων
473 2438 579 2473 εὑρέσει
606 2437 679 2464 θεὶου
698 2437 837 2472 λειψάνου.
857 2446 866 2462 ›

77 2483 172 2510 Ταῦτα
186 2483 219 2517 δὴ
233 2484 281 2508 καὶ
305 2483 388 2508 πλείω
413 2484 447 2509 τὰ
460 2482 643 2517 παραπλήσια
662 2480 869 2515 διεξεληλυυὼς,

77 2531 206 2557 ἐκέλευσε
219 2530 280 2560 ταῖς
295 2528 477 2564 μοναζοὺσαις
490 2529 589 2561 ὀλίγων
606 2526 682 2558 ἐντὸς
705 2526 818 2560 ἡμερῶν
836 2527 869 2561 τῇ

77 2576 117 2612 τῷ
131 2577 205 2610 ἁγίῳ
221 2575 320 2610 ἐκείνῳ
332 2574 452 2609 λειψάνῳ
472 2573 646 2609 ἀρμοττούσῃ
667 2573 783 2600 ἐνθεῖναι
797 2573 870 2609 θήκῃ

79 2623 151 2650 κατὰ
169 2623 216 2649 τὸν
229 2623 258 2648 ὲν
274 2623 331 2652 τοῖς
347 2621 396 2656 τῆς
415 2622 498 2655 μονῆς
524 2619 705 2655 προπυλαίοις
734 2627 873 2655 προπαρε-

80 2668 272 2702 σκευασμένον
298 2667 431 2698 οἰκίσκον,
450 2668 568 2694 κᾶπειτα
585 2667 649 2701 ἑξῆς
663 2666 806 2701 ἑτοιμάσαι
825 2667 872 2692 καὶ

79 2716 128 2742 ὅσα
147 2715 217 2751 πρὸς
233 2714 408 2750 ἀπαρτισμὸν
429 2713 608 2748 ὲνθρονισμοῦ
624 2713 755 2745 συντελεῖ,
770 2713 872 2748 βρώσι-

81 2760 119 2794 μά
132 2769 163 2786 τε
186 2760 255 2795 πρὸς
271 2758 378 2790 τούτοις
392 2759 441 2785 καὶ
457 2759 563 2793 πόσιμα
584 2759 636 2785 ὅσα
653 2759 721 2793 πρὸς
738 2757 872 2792 ὑποδοχὴν

79 2806 192 2841 ἀρκέσει
215 2804 256 2840 τῷ
282 2814 311 2831 τε
336 2806 384 2840 τῆς
401 2805 567 2840 Ἐκκλησίας
589 2804 690 2831 ἅπαντι
705 2804 799 2839 κλήρῳ
826 2804 873 2830 καὶ

80 2853 137 2879 ὅσοι
165 2851 224 2879 τῶν
242 2852 400 2878 ἐπισκόπων
414 2853 462 2878 καὶ
488 2851 682 2886 πρεσϐυτέρων
698 2851 746 2876 καὶ
767 2851 872 2877 λαῖκῶν

82 2898 243 2926 ὲπείσακτοι
266 2898 387 2931 ἔσονται,
405 2897 464 2931 ἅμα
486 2896 561 2930 αὑτῷ
584 2896 632 2930 τὴν
653 2896 810 2930 ἱερουργίαν
830 2904 874 2922 τε-

915 1607 1023 1635 santur,
1039 1608 1115 1630 stans
1131 1603 1159 1630 in
1176 1603 1236 1630 loco
1252 1603 1396 1637 superiore
1412 1611 1418 1629 :
1436 1611 1445 1628 ι
1461 1602 1578 1630 Necesse
1592 1606 1645 1633 cst.
1663 1602 1704 1628 in-

914 1647 991 1682 quit,
1007 1656 1056 1675 vos
1071 1648 1122 1675 viri
1134 1668 1140 1679 ,
1158 1647 1298 1679 mulieres,
1316 1647 1448 1679 infantes,
1465 1654 1518 1674 non
1533 1646 1594 1673 sine
1609 1645 1704 1672 divina

915 1693 1088 1728 providentia
1103 1693 1223 1720 credatis
1239 1694 1338 1720 factam
1353 1700 1415 1720 esse
1429 1692 1558 1727 praesenti
1580 1697 1704 1727 tempore

916 1740 1014 1766 harum
1038 1739 1197 1766 divinarum
1220 1739 1400 1773 reliquiarum
1425 1738 1640 1770 revclationem,
1655 1737 1704 1764 sed

917 1779 1038 1821 ut,quo.ul
1048 1791 1163 1821 propter
1176 1785 1397 1812 adversariorum
1412 1782 1641 1818 disceptationem
1655 1783 1706 1811 du-

917 1831 993 1862 bium
1008 1837 1060 1863 est,
1077 1832 1254 1858 manifestum
1272 1831 1318 1857 fiat
1332 1834 1360 1857 ct
1377 1830 1487 1864 planum
1500 1835 1582 1864 atque
1597 1829 1632 1855 ab
1647 1836 1706 1855 om-

917 1877 1001 1903 nibus
1026 1876 1197 1910 intelligatur
1223 1875 1305 1910 quale
1333 1875 1370 1902 sit
1396 1874 1463 1902 illud
1489 1874 1563 1909 quod
1588 1873 1706 1900 colimus

918 1922 1020 1949 multas
1047 1921 1210 1949 efﬁcientias
1241 1922 1376 1948 inereatas
1404 1928 1437 1947 ac
1470 1921 1633 1947 substantia:
1661 1927 1707 1946 ex-

918 1974 1023 2003 pertes.
1044 1976 1113 2002 quas
1144 1969 1198 1995 alio
1236 1969 1347 1994 nomine
1376 1967 1536 1994 divinitates
1573 1966 1705 1999 dicimus,

919 2014 1001 2050 246
1014 2014 1113 2041 divina:
1126 2014 1287 2041 substantiae
1304 2012 1468 2039 summissas
1481 2016 1564 2046 atque
1581 2019 1629 2038 eas
1643 2012 1707 2046 qui-

919 2061 981 2087 dem
1006 2068 1067 2087 cum
1091 2059 1125 2086 ab
1149 2059 1205 2094 ipsa
1227 2060 1279 2085 hac
1297 2062 1354 2085 tum
1371 2057 1444 2084 inter
1460 2065 1490 2084 se
1503 2064 1566 2085 esse
1582 2057 1708 2085 diversas

920 2106 1030 2134 veritati
1053 2109 1081 2133 et
1104 2105 1201 2140 pietati
1215 2109 1434 2132 consentaneum
1449 2108 1503 2131 est.
1519 2103 1708 2131 Adversario-

920 2161 983 2180 rum
1007 2156 1098 2180 autem
1123 2152 1151 2179 in
1168 2159 1218 2178 nos
1233 2151 1357 2185 conjecta
1374 2150 1500 2177 convicia
1516 2155 1586 2177 Vana
1601 2155 1667 2177 sunt
1681 2156 1710 2177 et

923 2199 1090 2226 damnanda.
1107 2198 1156 2225 Est
1170 2197 1253 2233 igitur
1268 2197 1334 2224 hinc
1348 2196 1431 2223 etiam
1448 2205 1504 2223 non
1519 2196 1637 2223 obscura
1653 2196 1711 2223 suf-

887 2244 908 2270 D
923 2245 1038 2281 fragatio
1052 2245 1146 2272 divina
1162 2253 1189 2272 et
1205 2245 1315 2273 illorum
1333 2245 1528 2273 condemnatio
1544 2254 1551 2272 :
1569 2245 1620 2281 ipsi
1635 2245 1710 2272 enim

922 2291 950 2319 in
964 2291 1087 2319 occultos
1102 2292 1179 2319 locos
1192 2296 1220 2319 et
1234 2292 1351 2327 angulos
1372 2292 1471 2327 deiecti
1497 2291 1575 2318 omni
1599 2291 1710 2326 dignam

921 2338 1135 2373 exprobratione
1145 2338 1301 2374 transigunt
1310 2339 1390 2365 vitam
1402 2346 1433 2365 ac
1446 2346 1559 2373 prorsus
1574 2338 1710 2369 inutilem;

922 2384 1006 2412 nobis
1029 2388 1121 2411 autem
1137 2384 1297 2412 facultatem
1324 2383 1401 2410 dedit
1427 2385 1500 2410 Deus
1526 2383 1710 2416 concedimus

924 2435 954 2457 ut
961 2438 1023 2457 cum
1030 2431 1063 2457 de
1071 2431 1178 2457 caeteris
1188 2431 1271 2458 rebus
1282 2436 1336 2458 tum
1347 2430 1440 2457 dehac
1447 2430 1566 2456 maxime
1576 2430 1713 2463 possimus

922 2477 1230 2512 gloriarimrmsentiuln
1246 2484 1345 2510 nempe
1361 2475 1517 2502 divinarum
1529 2475 1710 2509 reliquiarum

923 2527 984 2557 post
994 2523 1073 2558 longa
1083 2523 1138 2558 jam
1150 2527 1303 2557 temporum
1314 2521 1457 2549 intervalla
1466 2520 1635 2547 inventione.
1649 2520 1714 2547 Hum

923 2569 1009 2604 igitur
1026 2569 1125 2604 hisque
1147 2569 1226 2603 plura
1248 2568 1350 2595 similia
1371 2567 1480 2594 locutus
1506 2567 1646 2594 solitarias
1669 2567 1711 2593 fc-

924 2615 1013 2641 minas
1024 2614 1106 2650 jussit
1121 2614 1193 2640 intra
1207 2621 1310 2648 paucos
1325 2612 1384 2640 dies
1398 2620 1490 2640 sacras
1504 2612 1565 2639 illas
1581 2612 1713 2646 reliquias

924 2661 951 2688 in
962 2661 1124 2688 fabricatam
1136 2660 1169 2686 ad
1190 2660 1218 2687 id
1231 2660 1319 2694 ipsum
1335 2659 1432 2686 cistam
1449 2659 1593 2693 imponere
1607 2658 1635 2684 in
1648 2657 1716 2685 aedi-

924 2708 985 2736 cula
1015 2716 1074 2742 quae
1099 2707 1127 2734 in
1142 2706 1212 2733 atrio
1233 2705 1400 2733 monasterii
1415 2710 1489 2732 esset
1508 2708 1666 2736 exstructa,
1686 2708 1715 2730 et

926 2759 983 2781 tum
1005 2753 1138 2788 deinceps
1152 2753 1236 2780 etiam
1253 2758 1353 2785 parare
1366 2749 1503 2786 quidquid
1519 2749 1553 2776 ad
1570 2749 1715 2784 perficien-

926 2801 988 2828 dam
1014 2799 1255 2835 inaUguralionem
1279 2798 1450 2833 pertineret.
1466 2797 1558 2824 cibum
1584 2799 1717 2830 praetcrea

927 2855 959 2875 ac
976 2851 1070 2882 potum
1085 2846 1133 2882 qui
1150 2846 1183 2872 ad
1199 2845 1395 2880 excipiendum
1408 2843 1548 2871 sufficeret
1563 2843 1651 2869 totius
1670 2849 1717 2868 ec-

932 2894 1023 2923 t‘lcsite
1044 2894 1162 2926 clerum,
1185 2900 1217 2920 ac
1237 2893 1431 2927 episcoporum
1446 2889 1565 2923 denique
1593 2885 1621 2917 et
1650 2896 1715 2922 pro-

1762 242 1770 264 ἱ
