1909 3064
177 125 229 155 2ίεὶ

771 124 988 162 tNtcuruom
1009 131 1203 163 GBEGORIE

1750 137 1812 168 216

180 183 306 208 fanorum
324 182 371 216 qui
397 181 468 208 forte
485 182 591 208 im'itati
607 182 695 208 forent
719 191 781 209 eum
807 183 866 218 ipso
888 191 965 210 sacra

1034 187 1151 219 ἑσοντες.
1164 189 1219 215 Καὶ
1233 189 1320 216 ταῦτα
1337 189 1387 224 μὲν
1406 190 1467 225 τῇδέ
1489 198 1527 224 πη
1548 189 1705 225 κεχώρηκεν
1718 199 1725 207 ο
1741 192 1811 227 ἄρτι

180 226 291 253 facturi.
316 226 349 253 Et
372 227 429 253 lucc
453 227 563 261 quidem
586 228 622 253 ita
645 228 701 254 fere
720 222 880 256 cesserunt.
905 229 964 255 Mox

179 277 271 298 anteiit
298 272 324 298 in
341 273 442 307 vigiliis
459 273 511 299 diei
542 274 615 304 festi,
632 282 685 308 quo
717 275 860 305 oportebat
887 283 965 302 sacra

180 318 277 350 obire,
302 319 395 345 omnia
428 319 559 345 solitariis
598 320 650 345 ί11ἰς
685 320 748 347 inde
783 329 797 346 a
832 321 968 347 matutino

182 372 270 398 usque
283 365 315 391 ad
331 365 518 398 vespertinum
537 369 646 399 tempus
660 367 883 400 oceupatis,qu:e
899 374 968 401 opus

181 414 261 436 erant
276 409 383 436 abunde
401 410 625 444 suppeditabant;
651 417 746 438 sancto
760 417 852 438 autem
867 413 967 446 cuique

184 455 307 488 homini,
322 456 466 490 sanctique
480 457 561 492 hujus
577 457 631 484 Deo
647 458 727 484 unico
741 466 854 492 prorsus
869 459 970 493 impro-

181 502 302 528 bandum
316 507 373 528 erat
387 509 418 528 ac
435 503 548 529 minime
562 503 704 529 ferendum
721 504 768 529 has
781 512 825 530 res
841 509 969 531 tractatus

180 555 242 574 esse
279 548 406 574 manibus
434 549 557 574 virorqu
586 549 701 575 deorum
727 549 858 576 falsorum
901 551 970 577 mul-

183 593 330 620 titudinem
358 594 509 621 colentium
535 594 615 629 247
641 596 744 629 quique
769 595 805 622 ita
830 596 970 630 impietate

182 637 313 664 diuturna
338 643 366 664 et
393 638 444 672 ipsi
473 639 652 666 vehementer
677 641 822 667 constricti
851 647 878 667 et
900 641 971 668 alios

182 683 216 710 ad
242 691 301 710 eam
319 691 369 710 suo
389 684 516 718 exempto
536 684 714 712 adducerent.
734 686 867 718 Quocirca
887 687 969 713 etiam

183 734 265 756 nocte
283 729 327 756 illa
345 730 397 756 sub
413 730 539 757 auditum
553 731 607 766 jam
623 732 755 766 gallorum
772 740 882 759 cantum
901 733 971 759 fama

183 775 308 817 qumdam
323 776 392 802 clam
409 784 457 810 per
471 776 567 803 urbem
584 778 715 812 serpebat
733 779 834 805 mmnia
851 778 972 805 intrasse

185 821 368 855 Palmologum
401 822 597 857 imperatorem
626 833 674 858 per
715 826 868 853 maritimas
892 833 973 851 nava-

184 867 252 893 lium
269 872 363 902 portas
379 868 411 895 ad
429 869 565 896 orientem
582 875 753 904 spectantesI
769 871 909 898 celeribus
926 879 973 897 na-

187 913 265 940 vibus
280 915 449 941 nniremibus
461 920 488 942 et
502 916 662 944 biremibus
673 925 706 944 ex
717 917 829 944 Tenedo
841 923 869 944 et
882 917 972 943 Imbro

187 966 219 984 ac
237 959 343 986 triremi
366 960 426 986 navi
449 968 502 987 una
526 961 635 988 duabus
659 962 785 988 noctibus
809 962 973 995 duobusque

187 1004 285 1031 diebus
305 1009 368 1032 ante
384 1013 418 1031 ex
436 1005 549 1033 Tenedo
567 1007 744 1041 navigatione
764 1007 900 1034 instituta.
919 1007 973 1033 Tu-

188 1049 293 1078 multus
307 1050 391 1084 igitur
409 1057 553 1085 propterea
569 1052 680 1079 tenebat
693 1053 859 1088 Byzantinos
876 1052 975 1088 gaudio

188 1100 216 1123 et
225 1103 344 1123 mmrore
354 1097 492 1129 mislus,et
501 1098 634 1132 quidquid
648 1100 673 1125 in
689 1099 790 1126 talibus
799 1099 922 1126 accidere
932 1106 975 1125 so-

187 1142 236 1173 let,
246 1141 306 1168 aliis
317 1142 352 1169 ob
365 1148 469 1169 metum
477 1150 582 1169 summa
596 1143 779 1178 trepidatione
796 1144 974 1178 fugientibus.

191 1187 254 1214 aliis
270 1188 339 1215 lucri
358 1196 440 1215 causa
457 1189 636 1216 vehementer
654 1190 894 1224 persequentibus.
910 1190 975 1216 0m-

192 1234 269 1260 uium
288 1242 354 1260 vero
371 1235 488 1261 maxime
504 1241 595 1262 metus
611 1235 721 1262 tenebat
737 1236 913 1262 Pliilotlteum
931 1243 977 1269 pa-

190 1280 351 1310 triarcltam.
369 1288 424 1307 non
455 1288 521 1308 sane
552 1282 700 1308 mediocris
727 1287 874 1316 propterea
901 1281 976 1316 quod

191 1329 294 1353 factum
325 1326 392 1353 illud
423 1335 474 1354 nec
502 1327 615 1362 opinato
633 1334 659 1354 et
686 1333 800 1362 repente
827 1327 976 1354 acciderat.

192 1372 303 1399 Etenim
326 1373 373 1408 qui
395 1372 452 1399 lteri
474 1381 503 1400 se
522 1374 643 1408 jactabat
661 1381 825 1400 consecrare
843 1373 975 1407 templum

190 1419 223 1445 ad
241 1419 399 1446 firmandam
410 1419 595 1446 Palatuiticam
607 1420 736 1452 lueresin,
748 1419 918 1454 irreligiosus
930 1419 979 1444 ho-

190 1465 234 1491 die
258 1465 334 1492 visus
358 1469 400 1492 est
423 1471 451 1492 et
475 1465 719 1492 vehementissime
737 1465 861 1500 profecto
879 1465 934 1492 Deo
951 1469 979 1492 et

1018 233 1046 259 δὲ
1058 234 1107 267 τῆς
1123 234 1226 268 ἡμέρας
1239 236 1372 270 ἐνστάσης
1388 237 1416 262 ἐν
1476 236 1525 270 τὴν
1539 237 1688 271 ὑστεραίαν
1699 237 1752 263 ἔδει
1768 238 1810 264 τὰ

1018 280 1067 314 τῆς
1086 281 1241 315 ἱερουργίας
1255 282 1402 313 τελεῖσθαι,
1425 283 1515 309 πάντα
1534 283 1583 316 μὲν
1597 281 1632 317 ἦν
1645 284 1705 314 ταῖς
1720 292 1809 318 μονα-

1019 325 1130 356 ζούσαις
1147 326 1264 357 ἐκείναις
1279 327 1362 353 ἕωθεν
1387 329 1415 358 ὲς
1430 328 1550 362 ἑσπέραν
1568 328 1713 359 πονούσαις
1728 329 1809 355 ἀνεν-

1019 371 1067 397 δεᾶ
1084 373 1117 398 τὰ
1143 372 1192 405 τῆς
1209 373 1315 407 χρείας,
1334 374 1373 408 τῷ
1383 374 1411 400 δὲ
1428 375 1497 408 ἁγίῳ
1524 375 1572 401 καὶ
1588 375 1628 408 τῷ
1655 374 1701 400 τοῦ
1726 375 1808 408 ἁγίου

1023 417 1096 451 μόνῳ
1122 418 1180 451 Θεῷ
1208 419 1384 446 παντάπασιν
1408 420 1566 446 ἀνένδεκτόν
1589 429 1618 446 τε
1634 421 1681 446 καὶ
1704 420 1807 455 ἥκιστα

1021 463 1134 489 ἀνεκτὸν
1164 464 1210 489 ὑπ’
1235 464 1341 499 ἀνδρῶν
1372 465 1511 491 πολυθέων
1532 465 1579 491 καί
1613 464 1684 491 οὕτω
1707 465 1808 491 δυσσε-

1022 508 1081 541 ϐείᾳ
1107 510 1206 547 μακρᾷ,
1227 511 1316 536 αὐτῶν
1341 518 1371 536 τε
1397 512 1536 545 κραταιῶς
1558 511 1695 545 ἐχομένων
1709 511 1756 536 καὶ
1780 511 1811 536 ἐρ-

1021 555 1110 589 τέροις
1129 555 1225 581 αἰτίων
1253 557 1296 581 ἀεὶ
1325 556 1476 590 γινομένων
1495 558 1545 591 τὴν
1571 556 1737 590 αὐτουργίαν
1760 565 1809 581 πε-

1023 602 1140 637 πρᾶχθαι
1159 604 1204 629 τοῦ
1234 603 1426 637 προκειμένου,
1450 604 1496 630 Διδ
1521 604 1568 630 καὶ
1596 605 1645 638 τῆς
1669 604 1765 630 νυκτδς
1782 604 1812 629 ἐ-

1023 649 1116 683 κείνης
1145 650 1207 683 napi.
1225 650 1273 680 τὰς
1293 650 1480 683 ἀλεκτρυόνων
1501 650 1551 685 ήδη
1566 649 1714 684 γενομένης
1724 649 1809 684 ᾠδὰς,

1026 695 1104 729 φήμη
1118 695 1258 730 τιςὴσυχῆ
1276 696 1398 730 περιέθει
1422 696 1471 730 τὴν
1494 696 1582 726 πόλιν,
1609 695 1683 721 ἔνδον
1712 695 1812 729 τειχῶν

1027 737 1196 770 τὸνβασιλέα
1224 739 1405 773 Παλαιολόγον
1430 740 1661 775 είσκεχωρηκέναι
1687 739 1732 765 διὰ
1755 739 1815 764 τῶν

1026 783 1177 810 θαλαττίων
1193 784 1239 811 τοῦ
1258 785 1372 820 νεωρίου
1389 785 1481 811 πυλῶν
1495 785 1549 811 τῶν
1572 785 1640 820 πρδς
1662 784 1700 810 ἕω
1725 793 1812 819 ταχυ-

1026 830 1189 862 ναυτούσαις
1217 832 1346 867 μονήρεσι
1370 831 1415 858 καὶ
1440 832 1560 866 διῆρεσιν
1580 833 1610 856 ὲκ
1629 830 1741 857 Τενέδου
1764 831 1814 856 καὶ
1840 864 1843 865 ν

1028 876 1141 911 Ἴμῧρου
1162 878 1208 903 καὶ
1223 878 1332 913 τριήρει
1351 878 1411 913 μιᾷ,
1428 878 1500 904 δυοῖν
1511 877 1694 911 νυχθημέροιν
1711 876 1816 911 πρύτε-

1027 931 1074 957 ρον
1090 923 1122 949 ὲκ
1140 924 1252 950 Τενέδου
1274 925 1321 950 τὶν
1337 923 1453 950 ἔκπλουν
1478 923 1659 956 πεποιηκότα.
1692 921 1816 957 Θόρυὸος

1026 968 1073 995 οὖν
1086 969 1130 995 διὰ
1149 970 1227 996 τοῦτο
1244 970 1359 1004 κατέσχε
1375 970 1437 1001 τοὺς
1462 969 1628 1001 Βυζαντίους
1656 968 1737 1003 ἠδονῇ
1765 969 1816 995 καὶ

1026 1014 1100 1049 λύπῃ
1117 1014 1284 1049 σύμμικτος,
1300 1015 1346 1041 καὶ
1359 1015 1408 1041 ὅσα
1436 1016 1464 1041 ὲν
1476 1016 1531 1045 τοῖς
1545 1013 1677 1044 τοιούτοις
1694 1011 1816 1044 συμϐαί-

1026 1068 1082 1086 νειν
1098 1060 1189 1090 εἴωθε,
1205 1059 1259 1086 τῶν
1276 1060 1326 1093 μὲν
1345 1060 1390 1085 διὰ
1410 1059 1492 1093 φόϐον
1509 1059 1631 1093 ἀσχέτως
1646 1057 1814 1091 φευγόντι-ιν,

1027 1105 1081 1131 τῶν
1099 1105 1127 1132 δὲ
1138 1105 1181 1131 διὰ
1196 1106 1290 1140 κέρδος
1305 1105 1440 1139 λαμπρῶς
1456 1104 1621 1131 διωκόντων.
1643 1103 1755 1130 [Ιάντων
1784 1102 1815 1128 δὲ

1029 1152 1145 1185 μάλιστα
1159 1151 1239 1184 φόϐος
1256 1151 1370 1185 κατέσχε
1384 1151 1428 1176 τὸν
1445 1150 1616 1184 πατριάρχην
1629 1149 1754 1175 Φιλόθεον
1782 1147 1815 1173 οὗ

1030 1197 1102 1223 πάνυ
1129 1198 1225 1232 μικρὸς
1249 1197 1293 1223 διὰ
1303 1197 1334 1222 τὸ
1349 1196 1420 1223 πάνυ
1433 1196 1480 1222 τοῦ
1495 1195 1699 1230 συμπτώματος
1726 1193 1817 1229 ἀτιρὸ-

1027 1251 1109 1269 οπτον
1127 1243 1174 1268 καὶ
1191 1242 1340 1276 αἰφνίδιον·
1368 1241 1415 1267 καὶ
1429 1241 1483 1276 γὰρ
1497 1243 1510 1267 ὁ
1527 1241 1590 1276 χθὲς
1614 1239 1818 1276 βρενθυόμενος

1029 1287 1173 1321 καθιεροῦν
1189 1287 1235 1312 τὸν
1251 1287 1313 1312 ναὸν
1339 1287 1378 1316 εἰς
1398 1285 1544 1320 βεῆαίωσιν
1578 1285 1628 1319 τῆς
1647 1284 1816 1318 Παλαμικῆς

1029 1332 1159 1367 αἱρέσεως
1174 1332 1279 1370 ἀνίερος
1293 1331 1410 1366 τήμερον
1420 1330 1497 1364 ὤφθη
1517 1331 1563 1356 καὶ
1582 1330 1654 1365 μάλα
1671 1337 1697 1355 τι
1709 1328 1814 1363 σφόδρα

1029 1378 1096 1404 Θεοῦ
1112 1378 1157 1404 καὶ
1180 1376 1330 1412 ἱερωσύνης
1345 1375 1463 1408 ἀνάξιος.
1487 1376 1570 1401 Ὅθεν
1592 1376 1651 1401 ἐπεὶ
1671 1374 1708 1408 μὴ
1737 1374 1819 1400 λελο-

1030 1423 1147 1458 γισμένα
1160 1423 1290 1458 πράττειν
1308 1422 1374 1457 μηδὲ
1399 1421 1505 1447 συνέσει
1524 1421 1700 1455 προσήκοντα
1727 1420 1814 1453 παρέ-

1031 1477 1124 1504 χουσιν
1136 1468 1161 1494 οἱ
1176 1467 1294 1493 τοιοῦτοι
1312 1466 1414 1502 καιροὶ,
1433 1467 1480 1493 xal.
1499 1465 1608 1499 μάλισθ’
1624 1466 1668 1491 ὅτε
1685 1465 1732 1490 καὶ
1750 1465 1818 1498 θεή-

191 1511 346 1538 sacerdotio
375 1511 514 1546 indignus.
532 1512 622 1544 Quare
653 1512 783 1546 quoniam
815 1519 870 1538 non
903 1511 977 1547 cogi-

1031 1517 1109 1546 λατός
1136 1524 1177 1546 τις
1207 1513 1314 1540 ὲλαύνοι
1343 1514 1448 1548 πληγὴ,
1479 1513 1574 1546 ἐξέστη
1593 1512 1640 1538 καὶ
1661 1507 1738 1542 οὗτος
1766 1510 1816 1536 τοῦ

194 1562 249 1584 tata
279 1564 360 1592 agere
387 1565 437 1584 nec
464 1559 562 1584 rationi
590 1558 785 1584 convenientia
813 1558 978 1592 permittunt

196 1604 260 1631 talia
289 1609 429 1638 tempora,
460 1608 488 1630 et
515 1604 668 1638 prmsertim
692 1611 754 1630 cum
780 1603 863 1631 etiam
889 1603 982 1631 divina

195 1649 320 1685 quaedam
347 1649 463 1685 impellit
489 1650 578 1684 plaga,
604 1649 708 1676 exstitit
735 1653 762 1676 et
786 1649 830 1676 hic
855 1649 908 1676 [ira
926 1655 982 1676 sta—

196 1695 243 1722 tim
269 1695 436 1729 cogitatione
450 1700 477 1722 et
501 1695 651 1722 arbitratus
677 1695 866 1730 iususpectum
893 1695 975 1722 modo

195 1749 256 1768 esse
271 1749 333 1768 eum
349 1749 429 1776 quem
446 1741 474 1768 in
490 1741 551 1768 aliis
567 1741 718 1769 reconditis
735 1741 860 1776 partibus
878 1741 979 1768 divinae

197 1787 346 1822 Sapientia:
365 1788 504 1822 appellant
522 1787 646 1820 furnum,
666 1788 712 1814 ubi
733 1788 815 1815 etiam
837 1795 892 1822 quo
911 1787 981 1814 divi-

196 1842 261 1860 num
279 1834 413 1861 adeuntes
429 1834 565 1869 baptisma
584 1834 689 1861 condiri
708 1837 849 1868 unguento
864 1840 981 1860 consue-

198 1886 255 1907 tum
273 1884 326 1912 est,
339 1881 393 1915 igni
412 1885 565 1915 praeparant
582 1879 807 1915 quinquennibus
824 1879 922 1914 spatiis
938 1879 980 1905 vel

196 1928 280 1953 etiam
308 1926 436 1961 pluribus
463 1927 579 1954 fortasse
606 1932 634 1954 et
662 1926 816 1953 mitioribus
842 1925 981 1952 interdum

198 1970 281 2007 248
304 1971 455 1998 secundum
475 1972 644 1998 voluntatem
665 1975 693 1998 et
711 1970 891 2006 indigentiam
910 1969 981 1996 alio-

198 2025 258 2044 rum
284 2017 338 2044 alio
364 2024 487 2052 tempore
516 2018 730 2044 constitutorum
748 2016 979 2051 patriarcharumt

1032 1561 1201 1591 καθεστῶτος
1229 1560 1311 1590 εὐθὺς
1342 1559 1527 1594 φρονήματος,
1557 1559 1603 1584 καὶ
1628 1556 1818 1590 ξιιννενοηκὼς

1029 1607 1186 1634 ἀνύποπτον
1202 1605 1281 1638 μόνον
1297 1603 1367 1631 εἶναι
1391 1605 1437 1630 τὸν
1462 1605 1509 1630 ἐπὶ
1539 1603 1642 1636 θάτερα
1669 1603 1819 1637 κρυπτῆρα

1032 1653 1101 1686 μέρη
1119 1652 1167 1686 τῆς
1182 1651 1228 1677 τοῦ
1243 1650 1310 1677 Θεοῦ
1326 1650 1423 1684 σοφίας
1441 1649 1588 1684 λεγόμενον
1603 1648 1731 1684 φοῦρνον,
1751 1648 1820 1674 ἔνθα

1031 1698 1078 1724 καὶ
1095 1694 1116 1731 ᾧ
1132 1697 1194 1728 τοὺς
1211 1696 1249 1731 τῷ
1266 1696 1330 1731 θείῳ
1355 1695 1518 1730 προσιόντας
1544 1694 1713 1730 βαπτίσματι
1742 1693 1819 1728 χρίε-

1034 1743 1095 1769 σθαι
1116 1742 1193 1777 μύρῳ
1208 1742 1378 1777 νενόμισται,
1400 1741 1513 1776 ἕψουσιν
1536 1742 1565 1767 ἐν
1593 1740 1820 1775 πενταετηρικαίς

1034 1788 1169 1822 περιόδοις
1186 1788 1202 1823 ἢ
1222 1788 1269 1814 καὶ
1285 1786 1408 1813 πλείοσιν
1425 1787 1491 1818 ἴσως
1524 1787 1571 1813 καὶ
1597 1786 1708 1822 ἥττοσιν
1732 1785 1819 1812 ἐνίοτε

1036 1834 1107 1860 κατὰ
1123 1833 1172 1868 τὴν
1184 1833 1238 1860 τῶν
1249 1833 1337 1860 ἄλλοτ’
1359 1833 1446 1860 ἄλλων
1460 1833 1588 1867 βούλησιν
1603 1833 1650 1858 καὶ
1661 1831 1756 1865 χρείαν
1766 1838 1822 1856 πα-

1035 1879 1184 1914 τριαρχῶν,
1199 1879 1228 1905 ὲν
1245 1878 1334 1913 τούτῳ
1346 1878 1440 1913 φυγὼν
1453 1877 1604 1913 ὑπότρομος
1619 1876 1710 1912 H.126
1725 1875 1763 1912 ιη]
1773 1877 1822 1902 καὶ

1033 1925 1162 1960 περιδεὴς
1175 1925 1189 1950 ό
1203 1924 1267 1959 χθὲς
1282 1925 1399 1959 διωκτης
1415 1923 1518 1958 θρασὺς
1531 1924 1577 1949 ἐπὶ
1589 1922 1700 1953 πολλαῖς
1715 1921 1822 1956 ἐκρύπ-

1030 1978 1091 1996 τετο
1108 1970 1166 2000 ταῖς
1182 1970 1316 2004 ἡμέραις,
1333 1969 1435 2004 ὴχρειω
1441 1967 1520 2002 μένος
1535 1969 1582 1994 καὶ
1615 1967 1687 2002 μάλα
1715 1967 1823 2000 ἀπαγο-

1034 2015 1119 2050 ρεύων
1135 2014 1167 2041 τὸ
1178 2014 1238 2049 ζῇν.

197 2065 250 2090 line
268 2069 389 2097 tempore
409 2065 513 2099 fugiens
531 2063 728 2091 tremeluindus
756 2063 802 2098 qui
837 2062 895 2089 heri
917 2066 1073 2097 persecutor
1103 2061 1254 2088 acerrimus
1269 2061 1368 2093 fuerat,
1383 2060 1408 2086 in
1427 2059 1528 2086 multos
1545 2059 1604 2086 dies
1620 2066 1681 2087 sese
1697 2058 1820 2086 abscon-

199 2111 293 2143 debaf,
312 2110 447 2137 inutiliter
463 2115 608 2138 conterens
623 2115 650 2137 et
666 2111 744 2136 valde
760 2110 916 2137 detrectans
932 2108 1026 2135 vitam.

235 2156 307 2184 XIV.
330 2156 408 2183 Licet
436 2157 519 2191 igitur
537 2156 728 2183 ratiocinando
746 2156 856 2182 studere
873 2155 981 2188 assequi
1001 2160 1022 2186 ι)

200 2202 338 2237 quomodo
357 2202 481 2236 vulgatas
507 2201 563 2228 lteri
585 2206 611 2227 et
639 2201 841 2228 nudiustertius
860 2201 979 2234 superbo

199 2256 276 2274 more
284 2255 298 2274 a
309 2247 452 2273 l‘ltitotlteo
461 2253 555 2274 contra
563 2247 642 2280 jusla:
653 2247 714 2273 fidei
727 2246 980 2282 hominesjactatio-

200 2299 250 2318 nes
265 2291 426 2328 etscurritis
443 2291 542 2325 linguae
561 2291 672 2319 facetias
698 2293 855 2326 eoarguerit
875 2298 928 2317 non
947 2290 984 2317 ita

199 2337 286 2365 multo
297 2342 357 2372 post
372 2337 444 2363 Deus
459 2337 563 2372 justqu
580 2337 605 2364 in
621 2337 753 2371 judicium
773 2342 869 2364 vocato
887 2344 920 2364 eo
938 2337 983 2371 qui

199 2383 374 2411 manifestam
393 2383 520 2417 injuriaut
540 2383 620 2409 nimis
638 2383 869 2417 jactabat,1nagis
890 2387 982 2408 autem

199 2433 282 2458 etiam
308 2430 429 2465 jactabat
457 2434 533 2461 tum,
560 2430 681 2464 jactabat
706 2437 771 2455 vero
797 2430 881 2455 etiam
906 2429 983 2462 prius

204 2485 285 2511 quam
299 2481 368 2508 tum,
381 2481 408 2503 et
423 2476 508 2511 jactat
526 2477 701 2503 cnntinentcr
716 2476 768 2503 sibi
787 2476 838 2510 ipsi
856 2481 885 2502 et
900 2480 983 2510 quot-

200 2526 267 2555 quot
284 2521 357 2548 cirea
375 2529 437 2548 eum
458 2526 483 2548 et
505 2529 567 2548 cum
587 2529 620 2548 eo
639 2526 783 2548 versantur
802 2523 918 2549 Palamze
937 2530 983 2549 se-

201 2572 331 2594 ctatores.
369 2567 436 2599 Quis
467 2572 558 2594 autem
589 2574 673 2594 sanus
707 2573 858 2602 praeSumet
887 2575 983 2594 nume-

203 2621 263 2640 rare
279 2618 375 2647 aperta
394 2621 441 2647 pro
464 2614 499 2640 iis
516 2622 624 2643 semper
649 2613 719 2641 facta
743 2613 877 2640 divinitus
901 2621 982 2648 argu-

201 2660 354 2692 menta,ita
379 2665 409 2686 ut
433 2660 567 2692 judicium
594 2668 711 2694 pronum
728 2661 760 2687 ad
777 2660 983 2687 conversionem

203 2704 287 2731 animi
305 2705 365 2731 sit?
379 2704 446 2737 Quis
471 2713 525 2731 non
547 2705 662 2731 miretur
679 2706 776 2732 videns
798 2705 982 2732 constantiam

203 2757 257 2777 non
282 2751 444 2778 flectendam
468 2755 501 2778 ad
528 2752 736 2786 agnoscendum
755 2760 834 2779 suum
850 2751 985 2779 errorem?

203 2795 238 2823 Et
253 2797 311 2824 hwc
325 2798 436 2832 quidem
453 2798 505 2825 hoc
519 2798 599 2824 modo
613 2802 688 2831 gesta
703 2803 779 2824 sunt.

1070 2152 1120 2180 lA'.
1139 2153 1265 2186 Ἔξεστιν
1276 2151 1323 2178 οὖν
1342 2150 1549 2185 συλλογίζεσθαι
1570 2151 1629 2182 πῶς
1649 2150 1683 2177 τὰ
1697 2150 1760 2185 χθὲς
1773 2152 1823 2178 καὶ

1037 2194 1132 2232 πρώην
1150 2197 1218 2232 μετὰ
1243 2197 1359 2232 σοϐαροῦ
1374 2197 1421 2222 τοῦ
1443 2196 1524 2232 ἤθους
1549 2195 1763 2231 δημοσιευθέντα
1780 2197 1821 2230 τῷ

1035 2244 1152 2279 Φιλοθέῳ
1177 2244 1414 2279 μεγαλαυχήματα
1430 2243 1501 2269 κατὰ
1527 2243 1581 2269 τῶν
1605 2242 1822 2276 ὀρθοδοξούντων

1036 2291 1083 2317 καὶ
1107 2291 1156 2321 τὰς
1182 2291 1231 2325 τῆς
1256 2288 1465 2323 βωμολοχούσης
1487 2287 1610 2321 γλώττης
1636 2287 1822 2322 εὐτραπελίας

1036 2336 1147 2371 ἤλεγξεν
1163 2337 1213 2362 οὐκ
1232 2336 1271 2367 εἰς
1287 2335 1397 2369 μακρὰν
1414 2334 1514 2364 ὀΘεὸς,
1530 2334 1638 2360 δικαίαν
1660 2334 1709 2367 τὴν
1730 2333 1822 2366 κρίσιν

1037 2381 1192 2415 ἐπενεγκὼν
1219 2382 1257 2416 τῷ
1274 2380 1411 2415 περιφανῆ
1436 2380 1484 2413 τὴν
1508 2379 1614 2405 ἀδικίαν
1643 2379 1682 2409 εἰς
1699 2379 1729 2404 τὺ
1755 2378 1823 2412 ὕψος

1036 2428 1191 2462 λαλήσαντι,
1211 2428 1312 2462 μᾶλλον
1327 2426 1354 2452 δὲ
1369 2426 1515 2460 λαλήσαντι
1531 2425 1580 2460 μὲν
1593 2425 1639 2451 καὶ
1653 2425 1722 2456 τότε,
1740 2420 1825 2460 λαλὴέ

1038 2483 1113 2502 σαντι
1144 2474 1171 2499 δὲ
1195 2475 1243 2500 καὶ
1263 2473 1397 2509 πρότερον
1421 2472 1436 2506 ἢ
1458 2472 1517 2498 τότε
1548 2472 1594 2496 καὶ
1620 2471 1787 2506 μεθύστερον
1807 2472 1822 2505 ἢ

1036 2522 1107 2554 τότε,
1131 2522 1178 2548 καὶ
1203 2522 1326 2548 λαλοῦντι
1350 2519 1483 2555 διηνεκῶς
1507 2518 1582 2552 αὺτῴ
1609 2520 1655 2544 καὶ
1679 2518 1734 2543 ὅσοι
1754 2518 1823 2552 ἀμφ’

1035 2569 1115 2594 αὑτὸν
1140 2568 1188 2594 καὶ
1213 2569 1261 2594 σὺν
1287 2565 1364 2603 αὐτῷ
1390 2565 1574 2599 Παλαμισταί.
1600 2563 1647 2594 Τίς
1671 2563 1694 2589 δ’
1716 2564 1768 2589 οὐκ
1790 2563 1823 2589 ἂν

1036 2614 1148 2640 ἀπείποι
1167 2614 1327 2648 βουλόμενος
1345 2611 1474 2645 ἀριθμεῖν
1493 2611 1555 2640 τοὺς
1573 2610 1734 2642 περιφανεῖς
1762 2609 1823 2636 κατ’

1036 2659 1126 2685 αὐτῶν
1144 2660 1186 2685 ἀεὶ
1202 2659 1360 2692 γινομένους
1379 2656 1470 2682 θεόθεν
1486 2655 1612 2689 ἐλέγχους
1626 2654 1697 2681 ὥστε
1713 2655 1824 2681 σύνεσιν

1038 2706 1112 2740 σχεῖν
1139 2706 1179 2736 είς
1206 2705 1395 2740 ἐπιστροιρήνς
1425 2702 1472 2733 Τις
1497 2702 1520 2727 δ’
1539 2701 1588 2727 οὐκ
1614 2701 1647 2727 ἂν
1670 2700 1821 2736 ἐκπλαγείη

1039 2751 1144 2785 βλέπων
1161 2751 1192 2776 τὸ
1207 2751 1333 2785 ἀκαμπὲς
1349 2748 1442 2780 aia-qva
1455 2747 1501 2773 καὶ
1524 2747 1722 2784 ἀνεπίστροιρον
1741 2747 1780 2779 είς
1794 2747 1824 2774 τὸ

1038 2798 1086 2830 τὴν
1116 2797 1250 2830 σφετέραν
1277 2796 1397 2822 συνεῖναι
1417 2793 1552 2825 πλάνη-ις
1578 2792 1632 2821 Καὶ
1661 2793 1748 2818 ταῦτα
1775 2793 1824 2827 μὲν

1036 2843 1130 2869 τοῦτον
1146 2842 1205 2876 ἔσχε
1223 2842 1267 2868 τὸν
1280 2842 1389 2876 τρόπον.
