1909 3064
63 162 113 192 ΞΠ

574 169 797 199 ΒΥΖᾹΝΊῚΝίΕ
817 171 1009 202 lilSTORHi
1029 173 1100 202 LIB.
1123 173 1233 205 XXiX.

1642 178 1695 210 218

97 221 146 248 ιε’.
164 222 228 248 Τῶν
247 222 270 248 δ’
291 223 370 249 υἱέων
387 224 619 259 Καντακουζηνοῦ
645 227 783 258 Matinio;
801 229 851 262 μὲν

940 229 998 257 XV.
1020 229 1154 257 Filiorum
1170 236 1260 257 autem
1275 230 1460 258 Cantacuzeui
1476 231 1620 259 Matthazns
1634 234 1695 267 qui-

62 269 75 294 ὁ
108 267 238 302 βασιλεὺς
266 268 414 304 διατρίϐων
448 271 528 306 ἔτυχε
562 272 714 303 τηνικαῦτα
745 273 774 303 ὲς
802 274 853 300 ὅσα

63 314 193 341 ἐπέκεινα
211 315 405 350 Διδυμοτείχου
416 325 445 343 τε
463 319 511 343 καὶ
527 318 712 353 Ὀρεστιάδος,
725 319 853 355 Μινουὴλ

62 359 84 386 δ’
105 360 120 386 ὸ
144 359 205 394 μετ’
233 360 351 391 ἐκεῖνον,
367 361 500 395 δεσπότης
514 362 544 388 τὺ
563 363 671 398 ἀξίωμα
685 363 733 395 ὢν,
753 365 781 395 ὲς
800 365 853 391 Πε-

62 406 240 442 λοπόννησον,
255 407 380 440 πέμπτον
398 407 458 438 ἔτος
474 408 524 443 ήδη
543 408 597 435 τῶν
611 409 671 435 ἐκεῖ
689 409 854 444 Ῥωμαϊκῶν

64 453 172 486 χωρίων
196 453 245 479 καὶ
269 452 375 480 πόλεων
402 454 452 489 τὴν
477 455 629 489 ἐπιτροπὴν
649 456 768 482 διοικῶν.
788 455 817 482 '0
832 457 855 481 δ’

64 497 109 524 εει
139 499 259 534 θυγατρὶ
282 500 418 535 γαμϐρὸς,
449 501 552 527 Κόντου
579 502 753 536 Κεφαληνίας
777 503 853 534 παῖς,

64 546 143 572 Δῖνου
172 546 225 580 τῆς
249 544 409 582 πόλεωςῆν
427 548 585 582 ἐπίτροπος.
601 549 648 575 καὶ
675 549 701 574 εἴ
722 557 748 575 τι
775 549 857 584 πέριξ

64 593 171 627 ὑπῆρχε
185 593 286 627 χωρίον
307 593 479 634 βαρϐαρικῆς
502 594 592 619 ἀθῶον
609 594 649 620 ἔτι
669 594 854 629 καταδρομῆς.

64 637 125 662 Τῶν
147 637 176 663 δὲ
198 637 422 670 γυναικαδὲλφων
448 637 708 673 σεϐαστοκρατὸρων
729 638 856 671 Ἰωάννης

66 683 114 715 μὲν
129 682 210 717 ἔτυχε
228 676 272 716 ’τῷ
289 682 465 718 Παλαιολόγῳ
484 683 552 713 τέως
572 684 800 717 συνδιαιτώμενος
818 683 857 718 τῷ

65 729 182 763 βασιλεῖ,
199 728 299 762 τειχῶν
315 729 470 760 Βυζαντίων
497 729 583 761 ἐντὸς,
611 730 708 764 ἅτερος
734 729 758 755 δ’
788 728 858 765 ἦρχε

65 776 168 810 Βιξύης
183 777 197 802 ὁ
220 775 348 810 Μανουὴλ
373 776 405 802 ἐκ
433 775 533 801 πολλοῦ
549 776 598 810 τὴν
618 777 771 812 ἐπιτροπὴν
787 776 859 810 εἰλη-

65 821 122 855 φὼς
147 822 216 856 πρὸς
233 821 279 848 τοῦ
294 821 524 855 Καντακουζηνεῦ
535 832 542 838 ·
560 823 586 849 at
609 822 702 848 λοιπαὶ
719 822 740 848 δ’
756 822 858 848 ὑπέκυ-

66 869 118 902 ᾲαν
134 868 314 903 Παλαιολόγῳ
324 867 362 901 τῷ
375 868 483 902 βασιλεί
495 869 594 895 ὁπόσαι
612 870 696 904 μήπω
710 869 858 904 βαρὸάροις

66 917 244 951 ’προδέδονται
259 917 362 948 πόλεις.

101 962 163 995 ις’.
186 963 288 997 Μηνῶν
304 963 325 988 δ’
344 965 426 998 ἐγγὺς
450 964 523 990 δυοῖν
547 963 648 998 μεταξῦ
664 962 860 998 παρερρυηκό-

66 1016 119 1033 των
134 1005 207 1042 ἧκεν
231 1009 263 1034 ὲκ
280 1009 393 1035 Τενέδου
414 1010 461 1035 καὶ
483 1011 495 1036 ὁ
514 1009 666 1038 Κάλλιστος
688 1007 760 1033 οὕτω
782 1007 860 1040 λεγό-

69 1063 160 1089 μενος,
191 1054 366 1089 πατριάρχης
395 1055 442 1089 μὲν
468 1053 538 1080 εἶναι
569 1053 756 1088 συγχωρηθεὶς
781 1052 860 1083 αὖθις

69 1101 137 1135 πρὸς
151 1100 341 1134 Παλαιολόγου
358 1101 403 1126 τοῦ
423 1100 566 1135 βασιλέως,
585 1100 632 1126 ἆτε
648 1099 806 1133 ἐζηλωκὼς,
823 1098 860 1129 ὡς

69 1148 172 1179 ἔδοξεν,
188 1147 258 1180 ὑπὲρ
283 1147 378 1178 αὐτοῦ,
400 1148 436 1181 μὴ
456 1147 641 1180 στεργόμενος
657 1145 679 1171 δ’
693 1143 751 1176 οὖν,
770 1145 794 1170 εἰ
822 1145 860 1178 μὴ

68 1194 103 1220 τὰ
116 1193 191 1220 κατὰ.
209 1193 336 1227 βούλησιν
350 1192 423 1227 δρῴη
442 1192 528 1226 αὐτῷ.
549 1191 578 1227 Ὀ
593 1191 642 1225 μὲν
661 1190 715 1225 γὰρ
732 1189 860 1216 ὲὸούλεττο

70 1241 188 1271 πάντας,
202 1239 353 1273 συλλήϐδην
371 1239 468 1270 εἰπεῖν,
483 1237 651 1267 ἐπισκόπους
671 1237 718 1263 καὶ
739 1237 861 1270 πρεσϐυ·

70 1287 167 1320 τέρους
196 1286 247 1321 τῆς
276 1285 458 1318 ὲπισκοπικῆς
488 1284 613 1310 καθελεῖν
640 1283 738 1315 ἀξίας⁸
757 1281 863 1316 βασιλεῖ

71 1332 91 1357 δ’
115 1332 167 1357 οὐκ
191 1328 225 1366 ἦν
251 1330 306 1357 οὐδ’
330 1330 454 1356 ὁπωσοῦν
483 1329 608 1360 ἀνεκτὸν,
625 1329 649 1355 εί
677 1328 714 1363 μὴ
736 1327 862 1362 ἀλλήλοις

72 1378 161 1412 ἀφῶσι
180 1377 374 1411 τάγκλήματα,
393 1376 530 1406 συνιόντες
544 1377 584 1406 εἰς
600 1374 640 1401 ἓν.
660 1374 725 1409 ’0ψέ
749 1383 780 1407 γε
809 1373 862 1408 μὴν

71 1424 118 1450 καὶ
145 1422 251 1457 σφόδρα
285 1425 363 1457 μόγις
387 1422 404 1456 ἡ
428 1421 476 1447 τοῦ
506 1421 642 1455 βασιλέως
668 1419 863 1454 φιλάνθρωπος

71 1469 201 1503 νενίκηκε
219 1467 357 1503 βούλησις.
376 1468 414 1494 οὺ
429 1467 529 1497 τελέως
545 1467 606 1502 μὲν,
622 1466 748 1501 νενίκηκε
761 1465 784 1491 δ’
803 1463 863 1492 οὖν.

73 1515 134 1546 Τοῖς
164 1507 218 1550 μὲν
242 1514 296 1549 γὰρ
322 1513 484 1544 ἐπισκόποις
503 1513 551 1539 καὶ
574 1513 649 1539 ἄκων
675 1513 688 1539 ὁ
713 1511 865 1542 Κάλλιστος

73 1560 285 1594 inelementia
311 1560 339 1586 δὲ
361 1560 432 1594 μετά
447 1567 480 1593 γι
505 1559 587 1585 αὑτὸν
610 1558 900 1608 πατριαρχεὺσαντιϐ

75 1607 204 1642 Κοκκίνιρ
218 1606 256 1641 τῷ
267 1605 384 1639 Φιλοθέῳ
397 1605 537 1639 λεγομένῳ
551 1604 581 1630 τὸ
595 1605 726 1639 παράπαν
745 1603 864 1638 οὐδαμῆ,

75 1654 142 1681 ἀλλὰ.
155 1654 223 1685 τοὺς
236 1652 335 1683 αὐτοὺς
347 1652 516 1680 ἐπισκόπους
530 1649 719 1686 συνηθροικὼς
733 1649 757 1676 οἳ
769 1649 864 1675 τοῦτον

77 1701 124 1735 μὲν
152 1701 259 1735 πέρυσι
280 1699 330 1732 τῆς
353 1698 552 1732 πατριαρχεὶας
583 1697 700 1729 egeam,
721 1697 825 1722 ἐκεῖνον
842 1695 864 1721 δ’

75 1747 243 1777 ὰνθείλοντο,
273 1745 306 1770 δι’
342 1744 433 1771 αὐτῶν
469 1743 564 1778 ἐκείνῳ
602 1743 652 1778 τὴν
689 1742 861 1774 ὲπεξέλευσιν

76 1795 234 1827 εἴργασται.
256 1792 310 1818 Καὶ
325 1792 452 1826 καθαιρεί
477 1791 528 1825 μὲν
548 1789 629 1816 αὑτὸν
650 1789 699 1824 τῆς
716 1787 866 1822 ἱερωσύνης

76 1839 144 1874 ὁμοῦ
158 1840 194 1874 τῇ
211 1838 262 1872 τῆς
278 1834 357 1869 ἀξίας
380 1837 481 1870 ἑλπίδι,
495 1835 635 1870 ἐπιτίθησι
658 1835 687 1861 δὲ
710 1836 756 1861 καὶ
772 1835 869 1868 ἀφορι-

78 1884 152 1916 σθεὶς
182 1881 229 1910 ὑπ’
261 1882 367 1909 ἐκείνου
395 1881 461 1917 πρὶν
483 1881 532 1908 καὶ
553 1881 635 1912 αὐτὸς
658 1879 811 1914 ἀφορισμὺν
836 1880 868 1905 ὲκ

77 1931 159 1964 θεοῦ,
179 1929 275 1965 μιοιχόν
290 1938 320 1955 τε
336 1928 484 1956 ἀποκαλῶν
504 1927 552 1954 καὶ
574 1926 676 1962 λῃστὴν
691 1926 740 1952 καὶ
754 1925 869 1960 ἅρπαγα

76 1979 124 2012 τῆς
151 1976 269 2013 μηδαμῆ
284 1975 479 2011 προσηκούσης
500 1973 579 2006 ἀξίας
600 1972 687 2007 αὐτῷ.
707 1971 761 1998 Καὶ
782 1970 870 1997 ταῦτα

79 2022 129 2057 μὲν
142 2021 243 2048 τοῦτον
258 2020 321 2054 ἔσχε
334 2020 380 2046 τὴν
395 2019 508 2054 τρόπον.

114 2069 165 2095 ΙΖ’.
193 2066 267 2100 Ἐγὼ
281 2066 304 2092 δ’
318 2066 365 2092 ἐπὶ
387 2065 494 2095 τούτοις
509 2064 548 2100 τῷ
573 2064 680 2099 βασιλεί
701 2063 872 2098 προσεληλυ-

79 2116 132 2146 Od);
148 2115 199 2142 καὶ
223 2113 385 2147 ἀπειληφὼς
411 2113 473 2148 ἰδίᾳ,
491 2112 538 2138 καὶ
559 2112 608 2138 ὃσα
627 2110 763 2146 δήπουθεν
786 2109 871 2144 ἐχρῆν

79 2161 232 2197 ὡμιληκὼς
254 2160 324 2195 ὑπὲρ
349 2159 403 2186 τῶν
422 2159 501 2185 θείων
517 2158 568 2193 τῆς
591 2157 756 2191 Ἐκκλησίας
770 2157 873 2191 δογμά-

79 2217 144 2241 των,
161 2208 211 2234 καὶ
224 2206 274 2241 τὴν
288 2206 356 2239 πρὸς
369 2205 416 2232 τοῦ
438 2204 670 2239 Καντακουζηνοῦ
688 2204 735 2230 καὶ
753 2204 873 2238 Παλαμᾶ

907 275 969 302 dem
997 283 1044 302 rex
1072 281 1128 303 tum
1155 276 1226 302 forte
1251 277 1413 303 versabatur
1435 277 1461 303 iu
1482 277 1515 303 iis
1536 278 1694 312 regionibus

906 329 967 356 quze
1004 322 1074 348 ultra
1114 321 1334 357 Didymoticltum
1361 327 1389 349 et
1422 323 1611 356 Orestiadem;
1637 324 1693 350 Ma-

906 367 970 394 nucl
993 375 1059 394 vero
1079 368 1124 401 qui
1144 368 1282 395 secundus
1301 368 1335 395 ab
1350 369 1397 395 illo
1414 373 1485 399 erat,
1502 373 1633 404 tyrannus
1649 369 1694 396 di-

906 415 1022 449 gnitate,
1039 414 1064 440 in
1080 413 1358 449 25,9hloponneso
1373 416 1470 449 quinto
1484 417 1538 450 jam
1555 423 1627 442 anno
1641 415 1696 442 llo-

907 468 1051 487 manorum
1067 461 1104 487 ibi
1119 461 1322 496 provinciarum
1337 465 1365 488 et
1378 461 1486 488 urbium
1502 462 1694 496 praefecturam

907 507 1128 533 administrabat.
1153 505 1265 533 Sororis
1289 507 1403 532 maritus
1416 506 1496 534 Couti
1521 506 1696 541 Cephalleniae

908 552 981 579 ﬁlius
999 551 1063 579 Eni
1080 553 1157 579 urbis
1172 556 1232 579 erat
1251 552 1409 586 praefectus,
1427 552 1488 579 etsi
1507 560 1559 586 qua
1577 553 1696 579 circnm-

913 598 986 624 circa
1010 603 1070 625 erat
1093 603 1164 624 terra
1188 598 1367 624 barbarorum
1390 598 1480 625 adhuc
1500 598 1642 625 invasione
1664 598 1698 624 li-

908 645 985 671 bera.
1004 644 1131 671 Fratrum
1156 644 1250 670 uxoris
1269 643 1402 678 principis
1432 644 1696 670 sebastocratorum.

908 689 1028 716 Joannes
1039 689 1151 723 quidem
1163 689 1304 723 Palacologi
1315 690 1388 724 regis
1402 693 1458 715 tum
1467 689 1536 716 forte
1549 693 1700 716 consuetu-

909 735 974 762 dine
988 736 1118 762 utebatur
1132 737 1204 762 intra
1222 735 1323 763 muenia
1338 735 1485 770 Byzantium
1498 743 1505 762 :
1520 735 1589 761 alter
1604 740 1696 762 autem

909 782 999 809 Bizuaa
1029 787 1148 817 praeerat
1176 782 1282 809 llianuel
1300 790 1314 807 c
1343 782 1424 815 longo
1456 787 1580 815 tempore
1615 782 1698 808 tutela

910 833 1037 863 suscepta
1049 837 1064 856 a
1076 828 1280 856 Cantacuzeno.
1295 828 1418 862 Reliquzu
1434 828 1588 861 Palicologo
1611 827 1699 861 impe-

911 875 996 902 ratori
1010 875 1143 909 parebant
1157 879 1293 910 quotquot
1307 875 1428 901 nondum
1447 874 1556 900 tradita:
1572 873 1699 900 barbaris

875 914 898 941 Β
913 921 996 947 urbes
1010 926 1169 955 supersunt.

945 965 1015 993 XVI.
1034 965 1172 993 tlensibus
1190 965 1299 993 interim
1315 965 1423 992 duobus
1436 965 1494 992 fere
1510 964 1700 999 praeterlapsis

911 1011 985 1038 venit
1000 1019 1034 1038 ex
1044 1011 1155 1038 Tenedo
1178 1011 1260 1038 etiam
1289 1011 1427 1041 Callistus,
1445 1018 1526 1045 quem
1551 1010 1699 1044 appellant,

911 1057 1068 1091 patriarcha
1085 1057 1252 1084 constitutus
1266 1063 1387 1083 rursusa
1399 1056 1551 1090 Palmologo
1567 1056 1622 1089 imp
1638 1076 1644 1088 ,
1657 1059 1700 1081 ut-

911 1108 974 1138 pote
990 1103 1071 1130 rebus
1085 1104 1144 1138 ejus
1164 1107 1194 1129 ut
1211 1102 1357 1129 videbatur
1371 1102 1498 1132 studens.
1510 1109 1598 1136 neque
1613 1108 1702 1128 tamen

911 1148 936 1175 ei
958 1154 1087 1183 aeceptus
1113 1149 1165 1175 uisi
1181 1157 1214 1176 ex
1230 1149 1291 1184 ejus
1306 1154 1399 1183 ageret
1411 1148 1539 1176 arbitrio.
1569 1148 1619 1175 Hic
1630 1148 1703 1175 enim

911 1194 1021 1222 volebat
1035 1202 1132 1222 omnes
1147 1194 1174 1221 in
1192 1195 1351 1222 universum
1369 1195 1514 1229 episcopos
1534 1198 1562 1221 et
1576 1194 1704 1221 sacerdo-

913 1245 954 1267 tes
977 1241 1125 1275 episcopali
1148 1241 1303 1269 sacerdotio
1329 1248 1441 1268 exuere.
1456 1241 1606 1275 Imperator
1637 1248 1705 1267 eon-

912 1288 1019 1316 seutire
1048 1287 1149 1319 noluit,
1179 1287 1232 1314 nisi
1264 1287 1461 1314 convenientes
1487 1285 1516 1312 in
1546 1293 1630 1312 unum
1652 1284 1704 1311 sibi

914 1335 1030 1362 invicem
1049 1334 1221 1360 remitterent
1232 1333 1357 1360 crimina.
1375 1332 1444 1359 Sero
1456 1331 1567 1366 quidem
1583 1335 1610 1357 et
1622 1337 1705 1364 teger-

913 1381 984 1408 rime
999 1380 1175 1414 imperatoris
1186 1379 1336 1405 humanum
1354 1378 1420 1404 vicit
1434 1377 1590 1406 consilium.
1611 1383 1701 1410 neque

914 1427 989 1454 omni
1007 1434 1040 1453 ex
1061 1428 1147 1461 parte,
1158 1430 1185 1452 at
1199 1425 1264 1452 vicit
1278 1432 1285 1457 ;
1300 1423 1439 1458 episcopis
1451 1423 1525 1450 enim
1541 1423 1583 1449 vel
1602 1422 1705 1449 invitus

915 1472 1038 1500 Calixtus
1053 1479 1158 1499 morem
1180 1471 1303 1506 gerebat,
1317 1469 1479 1504 patriarcha:
1503 1476 1569 1496 vero
1592 1471 1653 1503 post
1674 1475 1705 1494 se

915 1523 1005 1546 creato
1024 1518 1167 1545 Philotheo
1182 1517 1345 1551 cognomine
1361 1515 1482 1543 iloccino
1501 1522 1615 1550 prorsus
1630 1514 1706 1540 nullo

916 1564 1009 1592 modo.
1023 1564 1076 1592 Sed
1091 1564 1196 1591 eisdem
1223 1562 1361 1597 episcopis
1393 1561 1549 1588 convocatis
1565 1559 1645 1594 250
1656 1559 1706 1593 qui

917 1612 991 1638 hunc
1004 1615 1083 1637 antea
1096 1609 1279 1645 patriarchatu
1292 1607 1579 1641 exuerant,illumque
1598 1606 1624 1632 iu
1647 1605 1708 1640 ejus

915 1657 1005 1684 locum
1021 1655 1198 1686 suﬂ‘ecerant,
1209 1662 1258 1690 per
1275 1655 1326 1681 hos
1340 1655 1377 1681 illi
1396 1661 1503 1688 poenam
1520 1652 1664 1687 irrogavit,
1680 1655 1708 1677 et

917 1701 1043 1736 spoliavit
1056 1708 1118 1728 eum
1135 1699 1290 1727 sacerdotio
1303 1699 1383 1726 simul
1408 1703 1435 1725 et
1449 1706 1498 1732 spe
1515 1697 1709 1731 recuperanda:

918 1747 1068 1781 dignitatis.
1096 1745 1179 1773 Addit
1203 1745 1285 1773 etiam
1302 1744 1311 1780 (
1328 1744 1583 1772 excommunicatus
1606 1745 1640 1770 ab
1662 1743 1709 1769 illo

918 1799 981 1821 ante
995 1799 1023 1820 et
1035 1793 1104 1827 ipse)
1115 1792 1427 1820 excommunicationem
1444 1790 1579 1817 divinitus
1596 1790 1707 1819 factam,

919 1839 1056 1866 moechum
1086 1837 1229 1872 appellans
1260 1836 1336 1863 illum
1362 1840 1389 1862 et
1414 1835 1548 1861 latronem
1567 1837 1595 1860 et
1618 1836 1710 1866 rapte-

920 1893 977 1913 rem
989 1886 1048 1920 ejus
1063 1891 1116 1918 qua
1128 1883 1241 1910 minime
1257 1882 1356 1917 dignus
1367 1886 1440 1909 esset
1452 1879 1605 1915 potestatis.
1621 1879 1711 1912 Atque

921 1932 978 1959 haec
990 1930 1101 1966 quidem
1119 1931 1159 1957 sic
1184 1937 1214 1957 se
1244 1929 1394 1957 habebant.

957 2064 1105 2099 XVllJSgo
1116 2071 1182 2091 vero
1205 2063 1239 2090 de
1262 2063 1306 2090 his
1326 2062 1408 2089 rebus
1433 2061 1625 2096 imperatorem
1647 2065 1714 2086 con-

923 2112 984 2140 veni
1006 2110 1181 2146 privatim,et
1202 2113 1334 2144 quantum
1353 2108 1449 2142 utique
1467 2113 1537 2140 opus
1557 2111 1617 2132 erat
1639 2104 1716 2131 locu-

924 2164 968 2187 tus
978 2166 1037 2186 sum
1046 2158 1080 2185 de
1093 2156 1194 2184 divinis
1206 2155 1335 2183 Ecclesia:
1351 2153 1538 2189 dogmatibus,
1549 2156 1576 2178 et
1587 2151 1684 2178 iactam
1698 2158 1714 2176 a

925 2206 1118 2234 Cantacuzeno
1130 2209 1157 2231 et
1168 2203 1276 2230 Palama
1288 2202 1398 2236 pietatis
1417 2198 1637 2227 immutationem
1658 2204 1716 2223 me-

79 2256 263 2289 καινοτομίαν
289 2254 338 2288 τῆς
364 2252 505 2284 εὑσεὸείας
516 2251 707 2286 γεγενημένην
731 2251 861 2285 ἐκτραγῳς

926 2253 1029 2280 moravi
1044 2257 1071 2279 et
1082 2251 1168 2285 adieci
1184 2250 1275 2285 qualia
1289 2249 1348 2276 haec
1360 2252 1426 2275 sunt
1440 2254 1501 2282 quae
1512 2245 1558 2272 Dei
1572 2247 1716 2272 moverunt

79 2303 176 2336 δήσας,
190 2301 224 2336 [Γ.
235 2300 286 2328 126
302 2298 341 2335 υ.]
360 2299 408 2326 καὶ
419 2298 549 2333 προσθεὶς
563 2298 601 2328 ὡς
616 2297 693 2324 ταῦτ’
707 2297 782 2323 ἔστιν
792 2296 809 2322 ὃ.
824 2297 872 2330 τὴν

78 2347 212 2375 τοῦ.Θεοῦ
234 2347 377 2380 κεκίνηκεν
390 2345 474 2380 ὀργὴν
487 2345 558 2371 κατὰ
579 2344 626 2370 τοῦ
642 2341 873 2377 Καντακουζηνοῦ

79 2395 116 2425 ὠς
137 2392 265 2428 αἰσχρῶς
287 2391 337 2426 τῆς
360 2391 500 2426 βασιλείας
528 2390 642 2426 ῥιφῆναι
667 2389 715 2415 καὶ
737 2388 807 2422 πρὸς
821 2388 875 2413 τῶν

81 2441 262 2474 φαυλοτάτων
288 2438 501 2474 ἐξουδενωθῆναι
528 2437 675 2472 λαμπρῶς,
688 2437 785 2463 ἔπειτα
803 2444 874 2470 πσρ-

79 2487 163 2522 ῄ-ιουν
183 2486 363 2521 ἀνειληφέναι
386 2485 525 2511 πεσοῦσαν
543 2485 599 2518 ’τὴν
617 2484 734 2519 πάτριον
756 2484 807 2517 τῆς
827 2481 875 2509 τοῦ

80 2533 148 2562 Θεοῦ
169 2532 338 2567 Ἐκκλησίας
361 2532 528 2567 εὐπρέπειαν
552 2529 682 2565 καὶπρὸς
710 2529 740 2554 τὸ
761 2529 876 2564 ἀρχαῖον

81 2579 238 2612 ἀναγαγεῖν
263 2577 384 2612 ἀξίωμα,
400 2578 425 2603 ει
446 2577 484 2613 μὴ
509 2576 631 2612 βούλοιτο
655 2576 702 2602 καὶ
718 2575 800 2606 αὐτὸς
820 2577 876 2606 τοῖς

80 2625 190 2658 ὁμοίοις
216 2624 395 2658 περιπίπτειν
412 2623 519 2653 δεινοῖς.
537 2623 604 2649 Θεοῦ
618 2623 672 2657 γὰρ
687 2622 805 2653 διδόντος
827 2622 877 2656 τὴν

81 2670 221 2706 πατρῴαν
237 2670 311 2705 αὐτῷ
329 2669 470 2704 βασιλείαν
484 2669 611 2703 ἀπονητὶ,
620 2668 721 2703 χρῆναι
735 2669 783 2694 καὶ
795 2667 877 2694 αὑτὸν

81 2718 244 2744 ἀποόιδόναι
270 2717 320 2752 τὴν
352 2717 464 2751 πάτριον
491 2715 634 2741 εὐσέϐειαν
661 2715 700 2748 τῷ
728 2714 799 2748 Θεῷ,
829 2713 877 2740 τοῦ

82 2763 154 2788 πάνυ
174 2769 204 2787 τι
225 2760 344 2794 χαλεποῦ
368 2761 398 2786 τὸ
422 2760 494 2786 πάνυ
513 2767 540 2785 τι
560 2760 659 2794 ῥᾷστον
678 2758 874 2792 ἀλλαξάμενον.

87 2807 235 2834 Ἐντεῦθεν
257 2806 311 2840 γὰρ
335 2805 435 2838 ἐξεῖναι
458 2806 507 2831 τοῦ
523 2804 618 2831 Αοιποῧ
646 2805 813 2839 συλλήπτορι
843 2805 877 2839 τῇ

82 2853 187 2880 ἀνωθεν
214 2852 365 2887 κεχρῆσθαι
381 2852 456 2888 δεξιᾷ
473 2852 542 2887 πρὸς
565 2852 675 2878 ἃπασαν
695 2851 796 2885 πρᾶξιν
810 2850 878 2885 ὁμοῦ

85 2900 134 2929 καὶ
156 2899 273 2935 βουλήν.
291 2899 361 2933 "pb;
374 2899 406 2936 δὴ
419 2898 507 2926 ταῦτα
529 2901 575 2925 καὶ
594 2900 628 2925 τὰ
648 2899 759 2926 τοιαῦτα
783 2899 878 2934 βούλη-

925 2300 993 2326 iram
1005 2299 1032 2325 in
1050 2297 1285 2326 Cantacuzenum,
1302 2299 1333 2321 ut
1351 2293 1469 2327 turpiter
1489 2298 1573 2327 regno
1586 2290 1738 2324 expulsus.

924 2351 978 2374 eta
997 2344 1123 2380 pessimis
1149 2342 1308 2370 hominibus
1332 2341 1431 2368 mirum
1449 2339 1477 2366 in
1507 2337 1619 2365 modum
1644 2339 1718 2362 esset

925 2396 1109 2426 contemptus.
1135 2389 1238 2416 Deinde
1255 2387 1385 2414 hortabar
1412 2391 1441 2412 nt
1468 2385 1587 2419 erigeret
1620 2388 1717 2408 rursus

925 2439 1029 2472 lapsam
1044 2443 1183 2472 paternam
1213 2435 1312 2462 divinae
1333 2433 1463 2460 Ecclesia:
1481 2429 1672 2457 auctoritatem
1689 2431 1717 2452 et

926 2485 960 2512 ad
973 2484 1116 2519 pristinam
1133 2482 1292 2517 dignitatem
1303 2483 1444 2507 revocaret
1455 2477 1506 2504 nisi
1523 2475 1603 2502 vellet
1616 2478 1644 2501 et
1659 2474 1716 2508 ipse

927 2531 954 2558 in
972 2530 1067 2557 eadem
1082 2528 1202 2556 incidere
1216 2526 1351 2561 pericula.
1367 2524 1435 2552 Nam
1453 2529 1515 2549 cum
1536 2522 1607 2548 Deus
1625 2526 1717 2554 pater-

928 2584 993 2603 num
1019 2576 1043 2603 ei
1059 2576 1119 2602 sine
1148 2574 1241 2600 labore
1267 2571 1391 2598 dedisset
1414 2569 1572 2604 imperium,
1590 2572 1718 2602 oportere

928 2623 1010 2650 ctiam
1024 2621 1139 2648 reddere
1157 2620 1245 2654 ipsum
1276 2618 1330 2644 Dco
1356 2616 1457 2644 avitam
1486 2615 1613 2650 pietatem
1645 2618 1719 2648 post-

928 2677 1009 2703 quam
1027 2665 1185 2695 diil‘icillima
1211 2664 1349 2692 facillimis
1377 2667 1521 2690 mutasset.
1557 2661 1626 2688 Ilinc
1645 2659 1718 2687 enim

930 2715 988 2742 lieri
1001 2720 1030 2741 ut
1048 2714 1141 2740 liceret
1154 2712 1182 2738 in
1197 2715 1335 2746 posterum
1350 2710 1477 2744 adiutore
1503 2708 1540 2735 uti
1562 2706 1657 2734 divino
1669 2713 1720 2732 nu-

930 2762 1004 2788 mine
1015 2760 1047 2786 ad
1064 2765 1173 2786 omnem
1190 2763 1218 2785 et
1232 2757 1369 2784 actionem
1386 2760 1415 2783 et
1428 2754 1587 2782 consilium.
1601 2753 1642 2780 Ad
1661 2752 1720 2779 haec

929 2812 956 2834 et
971 2806 1070 2834 similia
1096 2804 1279 2837 persuadendi
1307 2803 1361 2830 vim
1388 2803 1466 2838 251
1486 2800 1614 2829 habentia
1654 2806 1721 2826 sane

931 2853 1055 2884 multam,
1073 2859 1135 2878 cum
1148 2857 1308 2886 cognossem
1330 2858 1381 2885 ego
1400 2849 1536 2876 eilicacem
1555 2846 1650 2881 utique
1671 2846 1721 2872 im-

932 2903 1023 2933 petum
1040 2905 1098 2926 esse
1113 2897 1225 2925 minimc
1237 2896 1305 2924 adeo
1322 2902 1463 2932 magnum,
1483 2894 1571 2922 labori
1596 2894 1719 2922 laborem
