1909 3064
198 162 252 193 219

794 162 1000 193 NlCEPlIORl
1020 162 1212 192 GllEGORlE

1773 160 1828 191 220

199 221 300 248 iterum
312 219 405 247 addidi
422 223 449 247 ct
461 220 504 247 bis
513 220 643 254 deinceps
653 224 681 248 et
696 224 737 247 ter
755 226 907 255 quaterque
921 229 983 247 eum

1043 229 1079 247 rw
1107 221 1157 255 μὲν
1184 220 1281 254 ἔχοντα
1314 219 1386 245 πάνυ
1413 218 1512 252 πολλὴν
1540 218 1669 252 ἐγνωκὼς
1693 218 1829 254 {161,511.-

200 265 368 291 cmtveniens
383 270 411 292 et
440 272 474 292 ex
501 269 565 292 ante
589 265 671 292 dictis
698 266 895 300 consequentia
923 273 985 292 eum

202 310 365 338 dexteritate
390 310 513 341 studens,
530 311 622 345 rogavi
659 315 751 337 utrmn
781 318 796 337 e
825 310 933 337 duobus
961 311 986 338 ei

202 357 273 383 forte
303 356 435 390 pertlcere
464 355 608 389 placerem
626 355 653 382 Si
680 356 772 382 minus
798 357 987 388 securitatem,

203 402 251 428 tali
266 402 323 428 ctio
349 409 392 428 res
422 401 521 428 darent
553 402 620 429 satis
643 402 940 434 sufﬁcientem,edicto
961 408 988 430 et

202 451 338 481 prmcepto
349 446 500 473 efﬁcat-iore
518 447 636 473 ﬁrmaret
652 453 793 480 parentum
811 453 838 474 et
854 448 987 482 majorum

203 502 314 520 suorum
332 494 458 526 pietatem
475 498 502 519 et
516 493 541 519 in
553 493 698 526 pristinum
714 493 788 520 illum
803 494 858 521 Deo
875 494 987 528 dignum

203 545 302 566 statum
315 539 481 567 restitueret.
498 539 623 566 reticeret
643 545 733 566 autem
755 548 816 574 qua)
836 541 988 574 perniciose

204 591 265 619 post
280 589 394 612 mortem
425 585 511 618 patris
532 585 705 619 irrepsissent
729 594 812 612 noxas
836 591 864 613 et
889 587 988 614 damna

203 639 270 656 nova
287 637 314 657 et
335 639 349 657 a
377 631 477 658 divinis
500 631 634 665 dogmatis
661 632 846 659 abstralientia
871 633 987 660 animos.

203 675 250 701 Sitt
261 681 351 703 autent
366 676 540 702 securitatem
558 682 653 704 nactus
673 677 798 704 idoneam
817 677 844 704 itt
875 686 987 706 accura-

203 721 300 747 tiorem
317 729 415 748 vocare
439 721 659 756 disquisitionem
676 723 758 750 vellet
774 724 874 757 injuste
906 724 987 751 simul

202 774 235 793 ac
249 767 382 793 violenter
397 767 471 794 illata
495 767 653 802 blaspheme
679 773 707 796 et
724 769 846 798 inaudita
873 770 962 797 adhuc
973 778 988 796 a

202 811 294 838 divina
304 812 436 843 Ecclesia,
451 811 634 840 Cantacuzeni
657 819 684 840 ct
699 814 815 841 Palmum
830 815 930 849 scripta
945 821 988 842 me

1038 267 1161 301 πρακτόν
1173 275 1204 299 γε
1226 266 1280 300 μὴν
1304 266 1393 300 ὁρμὴν
1408 265 1508 300 ἥκιστα
1532 265 1604 291 πάνυ
1619 265 1731 300 πολλὴν,
1752 265 1829 300 πόνῳ

1039 313 1120 338 πόνον
1134 311 1212 343 αὖθις
1228 312 1416 346 προσεθέμην,
1433 311 1481 338 καὶ
1499 311 1540 341 δὶς
1553 311 1618 345 ἑξῆς
1635 312 1682 337 καὶ
1696 312 1757 345 τρὶς
1779 315 1830 338 καὶ

1037 359 1164 392 τετράκις
1190 358 1265 392 αὑτῴ
1282 358 1403 393 προσιὼν
1428 359 1477 384 καὶ¹
1501 358 1534 384 τὰ
1555 359 1612 388 τοῖς
1628 358 1830 393 προρρηθεῖσιν

1038 404 1174 430 ἀκόλουθα
1212 402 1306 435 δεξιῶς
1342 402 1445 437 ὁμιλῶν
1482 403 1651 429 κατανεῦσαι
1689 404 1830 438 πεποίηκα

1038 447 1110 473 δυοῖν
1133 448 1264 481 ὁπότερον
1288 446 1370 473 ἕλοιτ’
1386 447 1419 473 ἂν
1443 446 1654 480 διαπράξασθαι.
1677 447 1707 473 ΕΞ
1728 448 1778 481 μέν
1797 448 1828 474 οὺ

1038 491 1166 517 διδόντων
1180 491 1271 517 ἄδειαν
1296 492 1329 526 τῇ
1347 491 1460 525 τοιαύτῃ
1484 490 1565 526 σχολῇ
1581 491 1636 516 τῶν
1652 492 1829 526 πραγμάτων

1039 536 1067 566 ξς
1079 545 1109 569 γε
1127 537 1157 562 τὸ
1178 537 1269 562 ίκανὺν
1285 536 1462 570 ἀποχρῶσαν,
1483 537 1683 570 προγράμματι
1698 536 1763 570 γοῦν
1778 538 1828 563 καὶ

1039 583 1187 618 προστάξει
1210 583 1418 618 δραστικωτέρᾳ
1445 582 1598 617 βεϐαιῶσαι
1624 583 1674 616 μὲν
1696 583 1745 618 τὴν
1771 583 1829 609 τῶν

1040 629 1142 662 γονέων
1158 637 1187 654 τε
1205 629 1252 655 καὶ
1267 629 1408 663 προγόνων
1423 628 1505 655 αὑτοῦ
1525 637 1557 662 γε
1572 628 1714 655 εὐσέϐειαν
1734 630 1781 655 καὶ
1800 630 1829 660 ἐς

1038 675 1090 709 τὴν
1105 675 1170 708 πρὶν
1187 674 1296 710 ἐκείνην
1313 674 1453 709 θεοπρεπῆ
1471 675 1640 702 κατάστασιν
1655 675 1828 709 ἀνενεγκεῖν,

1039 720 1184 754 ἀκυρῶσαι
1199 719 1227 746 δὲ
1243 720 1293 751 τὰς
1315 721 1383 753 μετὰ
1399 719 1528 755 τελευτὴν
1547 719 1595 746 τοῦ
1617 719 1720 755 πατρδς
1744 719 1828 746 αὐτοῦ

1039 765 1293 801 παρεισφθαρείσας
1307 765 1419 800 κηλῖδας
1436 765 1484 792 καὶ
1506 765 1596 800 κῆρας
1612 767 1755 799 νεοφανιίς
1778 765 1830 792 καὶ

1039 811 1095 841 τοῖς
1123 809 1205 841 θείοις
1230 809 1436 844 ἀποτροπαίους
1464 809 1610 844 δόγμασιν.
1629 810 1661 835 El
1687 809 1709 836 δ’
1735 810 1829 842 ἁδείας

202 861 326 890 paratum
342 864 403 884 esse
421 857 558 893 simillime
587 859 731 886 ostendere
756 860 894 895 sigillatim
921 860 988 887 nihil

1043 855 1241 891 ἐπειλημμένος
1257 856 1306 891 τῆς
1326 855 1520 891 προσηκούσης
1533 855 1657 887 ἐξετάσει
1673 855 1831 892 τελεωτέρα

203 902 248 929 illa
265 910 360 929 sanum
374 908 402 930 et
416 903 525 930 salubre
541 903 652 936 inferre,
662 905 709 932 sed
723 910 801 932 natas
815 914 874 933 esse
884 912 910 933 et
925 914 991 933 cott-

203 948 279 975 llatas
292 948 327 975 ab
343 949 376 976 iis
386 949 565 977 versicolores
577 954 604 977 ct
619 951 802 978 multiformes
814 955 988 986 portentosas

203 995 364 1021 novationes
382 996 522 1023 nolionunt
549 1001 576 1023 et
595 997 758 1031 syllabarum
775 1002 803 1024 ct
829 997 987 1029 verborum.

203 1041 354 1067 secundum
371 1049 441 1074 quas
455 1042 615 1069 novationes
625 1047 782 1070 sanctorum
811 1043 988 1070 corradentes

204 1087 353 1112 sententias
381 1091 565 1121 eorruperunt
588 1091 615 1113 et
642 1088 813 1120 mutilat-unt,
835 1096 911 1115 suam
935 1089 990 1115 illis

204 1133 386 1160 admiscentes
401 1133 521 1167 undique
534 1133 614 1160 simul
624 1138 652 1160 et
660 1133 760 1167 ubique
771 1134 986 1168 perversitatem.

170 1192 177 1195 ι
204 1180 308 1214 φύρϐαι
323 1181 451 1212 ποικίλας
467 1181 558 1212 αὐτοῖς
578 1181 627 1207 καὶ

205 1229 260 1254 δῶν
288 1230 336 1255 καὶ

1041 902 1185 937 βουληθείη
1210 901 1311 928 διδόναι
1333 902 1367 928 τὰ
1388 902 1559 937 τυραννικῶς
1575 901 1644 937 ὁμοῦ
1662 905 1709 929 καὶ
1733 903 1830 938 βιαίως

1041 947 1265 983 παρεισαχθέντα
1291 947 1442 983 βλάσφημα
1464 957 1493 974 τε
1518 949 1565 975 καὶ
1588 949 1706 984 νεοφανῆ
1723 951 1756 986 τῇ
1781 949 1831 977 τοῦ

1041 995 1110 1021 Θεοῦ
1135 995 1285 1029 Ἐκκλησία
1301 996 1451 1029 γράμματα
1469 995 1536 1030 πρός
1559 1004 1587 1020 τε
1604 995 1651 1022 τοῦ
1671 996 1832 1023 Καντακου-

1042 1040 1125 1074 ζηνοῦ
1142 1041 1188 1067 καὶ
1204 1041 1251 1067 τοῦ
1275 1041 1401 1075 Παλαμᾶ,
1424 1041 1542 1075 ἑτοίμως
1559 1041 1630 1075 ἔχειν
1645 1042 1695 1076 ἐμὲ
1713 1043 1784 1068 κατὰ
1799 1043 1831 1068 τὸ

1042 1087 1113 1114 πάνυ
1129 1095 1155 1112 τι
1173 1088 1274 1121 ῥᾷστον
1287 1086 1422 1113 δεικνύειν
1445 1087 1505 1113 καθ’
1528 1087 1631 1113 ἕκαστα
1655 1088 1740 1122 μηδὲν
1753 1088 1829 1122 ὑγιὲς

1044 1133 1155 1167 μηδαμῆ
1181 1133 1353 1166 ἐπαγόμενα,
1369 1133 1426 1159 ἀλλ’
1443 1133 1627 1166 ἐκπεφυκέναι
1648 1135 1696 1160 καὶ
1721 1142 1830 1168 συμπεο

665 1181 816 1213 πολυειδεῖς
828 1181 877 1213 τὰς
906 1181 1133 1216 τερατομόρφους
1154 1181 1332 1216 καινοτομίας
1356 1181 1411 1207 τῶν
1436 1181 1547 1207 ἐννοιῶν
1563 1182 1612 1208 καὶ
1644 1181 1699 1207 τῶν
1732 1182 1830 1208 συλλα-

374 1230 429 1255 τῶν
458 1229 556 1261 λέξεων
592 1229 654 1256 καθ’
686 1229 788 1260 ὁπόσας
818 1230 873 1255 τῶν
901 1229 987 1262 ἁγίων
1007 1229 1202 1264 ἐρανισάμενοι
1224 1230 1320 1264 ῥήσεις
1355 1228 1545 1263 παρέφθειράν
1571 1237 1601 1255 τε
1627 1230 1674 1255 καὶ
1707 1237 1830 1264 παρακε-

204 1277 315 1310 adeam,
331 1277 380 1312 τὴν
400 1277 504 1304 ἑαυτῶν
527 1277 620 1308 αὐτοῖς
635 1277 867 1311 ἀνακεραννύντες
884 1278 1053 1311 πανταχόθεν
1069 1277 1129 1310 ἅμα
1143 1277 1191 1303 καὶ
1207 1275 1366 1302 παντάπασι
1382 1275 1546 1310 μοχθηρίαν.

239 1323 332 1350 XVIII.
346 1323 427 1358 252
443 1323 504 1350 Haac
517 1327 546 1350 et
574 1322 674 1351 similia
705 1327 849 1358 postquam
878 1323 933 1350 dixi
962 1328 990 1351 et

204 1370 340 1403 persuasi,
358 1370 427 1397 ciant
445 1377 489 1397 res
512 1369 593 1396 allata
609 1369 643 1396 ad
672 1369 775 1396 alienas
791 1377 873 1396 aures
899 1374 927 1397 et
941 1372 991 1396 atl-

203 1414 341 1441 versarias
357 1420 412 1441 tatn
426 1414 459 1441 ad
476 1413 606 1441 invidiam
616 1422 698 1448 quam
713 1414 746 1441 ad
762 1415 887 1442 timorem
903 1415 991 1442 addu-

203 1459 244 1486 xit
274 1460 388 1487 minime
414 1460 581 1492 ferendum;
604 1460 722 1488 maxime
749 1468 813 1488 vero
842 1461 991 1495 perterruit

205 1507 328 1533 omnium
344 1511 373 1533 et
390 1507 561 1540 exasperavit
590 1514 633 1534 res
652 1506 873 1534 Cantacuzennm
889 1508 990 1535 divinae

206 1551 336 1578 Ecclesiae
349 1555 453 1585 pestem
477 1554 505 1577 et
531 1550 704 1578 defensorem
729 1552 820 1580 omnis
846 1553 990 1586 pravitatis

205 1595 360 1622 ardentem.
380 1595 433 1628 Qui
454 1595 585 1622 nimirum
611 1595 694 1622 etiam
716 1596 831 1628 veritus,
844 1604 878 1623 ne
906 1605 990 1629 nunc,

205 1648 267 1668 cum
282 1648 333 1668 nec
348 1641 406 1676 ipse
421 1646 553 1676 tyrannus
573 1646 656 1673 esset,
673 1650 724 1669 nec
750 1650 902 1677 praeceptor
925 1650 992 1670 suus

205 1686 314 1714 adesset
333 1687 468 1719 Palamas.
482 1691 640 1721 superarent
658 1692 686 1714 et
713 1688 842 1715 eﬂ'ectum
860 1689 992 1716 haberent

204 1741 237 1761 ea
252 1742 313 1768 quae
328 1734 476 1761 deliberata
501 1739 589 1764 erant.
605 1734 677 1762 clam
690 1742 788 1769 magno
812 1743 874 1762 eum
899 1736 991 1763 studio

205 1778 330 1814 Hyrcano
341 1787 442 1815 genero
455 1785 483 1807 et
498 1780 617 1808 barbaro
631 1780 657 1807 in
677 1780 831 1815 Bithyniam
848 1781 928 1808 missa
944 1789 990 1815 pe-

204 1827 296 1857 cunia.
309 1835 369 1861 qua:
385 1827 451 1854 satis
461 1830 533 1854 esset
545 1826 578 1853 ad
591 1826 757 1861 implendam
776 1827 849 1854 illius
865 1829 990 1855 dextram

203 1877 232 1899 et
243 1877 374 1904 mentem,
390 1873 527 1907 persuasit
543 1877 572 1899 ut
602 1872 721 1899 liberum
741 1873 862 1900 mitteret
890 1873 992 1908 Byzan-

205 1917 273 1944 tium
283 1917 417 1944 Palamam
446 1918 588 1952 pravitatis
614 1922 742 1949 tutorem.
759 1923 789 1945 ut
802 1919 912 1953 adiutor
928 1927 991 1953 per-

203 1970 284 1990 VH'SO
304 1963 362 1997 ipse
378 1962 457 1990 ﬁeret
473 1963 604 1998 dogmati.
622 1963 700 1997 Quod
716 1964 797 1991 etiam
807 1965 886 1992 nobis
901 1965 990 1992 visum

203 2013 244 2036 est
258 2010 348 2043 potius
360 2017 442 2044 quam
459 2009 509 2042 illi,
527 2010 636 2037 melius.
654 2010 721 2038 Nam
738 2010 771 2038 ad
786 2011 929 2045 praesentia
945 2020 989 2038 or-

202 2060 293 2082 torum
305 2062 338 2082 ex
350 2055 454 2089 pudore
467 2057 614 2083 crimluum
635 2063 698 2083 cum
709 2057 831 2084 nondum
849 2058 991 2092 insupera-

203 2100 258 2127 bile
272 2106 346 2128 esset
361 2101 494 2129 auxilium
508 2101 703 2135 Cantacuzeni,
720 2104 767 2130 sed
783 2104 872 2140 magis.
898 2109 990 2139 tyran-

203 2147 296 2173 nicum
309 2151 338 2174 et
366 2148 444 2175 valde
470 2148 604 2182 ineptum.
618 2156 675 2176 non
704 2149 910 2184 relinquebatur
934 2151 989 2185 jam

204 2197 352 2227 praatextus
368 2193 438 2228 fuga
450 2193 522 2221 ullus
536 2194 641 2221 homini
660 2195 688 2222 in
706 2195 781 2222 omni
803 2196 940 2222 sententia
962 2201 990 2223 et

203 2237 310 2268 ratione
323 2238 482 2273 perturbato
494 2245 523 2267 et
532 2239 661 2267 omnibus
676 2240 704 2266 in
717 2240 800 2268 rebus
815 2239 917 2275 inepto.

239 2373 310 2402 XIX.
320 2373 361 2401 Ad
373 2373 431 2401 haec
444 2372 546 2400 Helena
560 2371 718 2407 imperati-ix
729 2373 889 2409 Byzantium
903 2374 991 2402 Tene-

204 2422 242 2450 do
260 2420 382 2457 profecta
401 2419 542 2454 Palteologi
568 2419 693 2454 conjugis
718 2425 746 2448 et
765 2421 832 2455 imp.
863 2420 891 2447 in
920 2421 992 2448 hanc

205 2477 262 2497 rem
277 2468 486 2503 propensionem
502 2467 638 2499 cohibuit,
656 2474 745 2501 neque
763 2467 822 2501 ipsa
840 2467 894 2494 ullo
911 2467 992 2494 tnodo

205 2511 298 2543 volens
313 2516 494 2543 Cantacuzeni
515 2515 600 2550 patris
615 2514 771 2550 ignominiae
794 2522 856 2541 cum
873 2514 924 2541 ista
943 2521 992 2540 ex-

206 2562 360 2590 secratione
392 2561 473 2596 253
501 2561 632 2588 eonstilui
661 2560 872 2595 speclatricem,
903 2567 992 2594 neque

207 2609 330 2644 profecto
343 2608 419 2636 illius
429 2609 501 2643 apud
517 2609 602 2643 ipsam
625 2608 710 2635 factas
720 2607 907 2635 clandestinus
923 2607 993 2634 indi-

205 2656 330 2682 cationes
343 2659 370 2681 et
387 2655 588 2682 admonitiones
611 2653 705 2681 irritas
732 2654 866 2688 repellere
889 2653 991 2680 valens.

205 2701 240 2728 Et
255 2703 308 2727 hoc
321 2705 381 2728 erat
388 2701 462 2735 quod
479 2700 607 2727 Ecclesia:
623 2704 650 2727 et
662 2699 819 2727 divinorum
843 2698 991 2733 aliquando

206 2748 365 2782 dogmatum
393 2747 527 2781 repressit
552 2754 646 2773 veram
673 2746 897 2773 cmtstitutionem
929 2753 992 2772 cum

206 2800 269 2819 meo
284 2792 335 2820 hac
350 2792 377 2819 in
388 2800 418 2819 re
433 2792 535 2819 studio.
551 2792 621 2819 Puto
636 2791 691 2818 Deo
713 2791 910 2825 comprobante
932 2797 994 2824 per-

208 2837 351 2865 tectiorem
361 2837 445 2865 etiam
464 2837 563 2865 factam
585 2843 646 2864 esse
661 2837 695 2864 de
711 2837 812 2872 pietate
828 2837 992 2864 certantium

211 2884 452 2913 cxamiuationcm.
479 2885 539 2913 Non
566 2884 641 2912 enim
662 2891 758 2912 eorum
786 2883 831 2918 qui
859 2883 993 2918 incipiunt

1080 1323 1133 1349 IH’.
1151 1322 1245 1348 Ταῦτα
1259 1323 1291 1356 δὴ
1305 1322 1352 1348 καὶ
1364 1322 1467 1349 τοιαῦτ’
1484 1322 1552 1357 ἐμοῦ
1573 1331 1604 1356 γε
1622 1323 1765 1358 εἰρηκότος
1780 1325 1830 1351 καὶ

1043 1367 1216 1397 πεπεικότος,
1228 1366 1317 1400 λάθρα
1340 1366 1487 1398 ἐξέπιπτεν
1508 1368 1549 1398 εἰς
1574 1367 1658 1398 ἀκοὶς
1684 1368 1831 1404 ἀλλοτρίας

1043 1413 1089 1440 καί
1103 1412 1268 1444 ἀντιθέτους,
1285 1412 1335 1439 καὶ
1345 1412 1412 1447 πρὸς
1431 1411 1463 1447 [Γ.
1480 1413 1532 1439 127
1550 1412 1586 1449 r.]
1603 1412 1700 1447 φθόνον
1713 1414 1760 1440 καὶ
1777 1415 1828 1448 φό-

1043 1457 1090 1484 ϐον
1109 1456 1236 1492 ἠρέθιζεν
1257 1456 1358 1492 ἥκιστα
1380 1456 1413 1491 δὴ
1438 1457 1568 1493 φορητόν.
1593 1458 1719 1485 Μάλιστα
1736 1459 1759 1485 δ’
1780 1459 1829 1486 οῦν

1044 1503 1172 1529 ἁπάντων
1194 1501 1326 1536 ἐξέπληξέ
1342 1510 1371 1528 τε
1397 1502 1444 1528 καὶ
1459 1502 1575 1537 ἐξέμηνε
1601 1503 1829 1540 Καντακουζηνὸν

1042 1549 1088 1576 τὸν
1103 1549 1154 1582 τῆς
1177 1547 1226 1574 τοῦ
1242 1548 1309 1574 Θεοῦ
1334 1547 1499 1583 Ἐκκλησίας
1522 1549 1635 1583 ὀλεθρον
1649 1552 1695 1577 καὶ
1712 1551 1830 1585 βεὸαιω-

1042 1596 1093 1630 τὴν
1106 1595 1155 1630 τῆς
1168 1595 1232 1629 ὅλης
1249 1595 1348 1626 κακίας
1359 1595 1503 1629 διάπυρον.
1518 1596 1565 1626 '0;
1577 1597 1663 1630 δήπου
1678 1598 1724 1623 καὶ
1735 1598 1831 1630 δείσας

1044 1642 1082 1676 μὴ
1099 1641 1158 1672 νῦν,
1169 1641 1250 1668 ὁπότε
1269 1641 1334 1676 μήτ’
1353 1641 1435 1672 αὐτὸς
1454 1642 1612 1677 τυραννοίη,
1626 1642 1692 1676 μήθ’
1714 1645 1727 1669 ό
1745 1644 1830 1671 αὑτοῦ

1044 1687 1228 1722 μυσταγωγὸς
1247 1687 1350 1722 παρείη
1366 1688 1512 1722 Παλαμᾶς,
1532 1688 1658 1724 ὑπέρσχῃ
1680 1689 1728 1716 καὶ
1739 1690 1831 1724 πέρας

1043 1735 1094 1769 σχῇ
1111 1734 1144 1760 τὰ
1158 1733 1373 1768 βεϐουλευμένα,
1392 1734 1480 1769 λάθρα
1498 1734 1547 1761 σὺν
1568 1734 1653 1770 πολλῇ
1671 1737 1703 1770 τῇ
1722 1737 1828 1772 σπουδῇ

1043 1779 1196 1814 πεπομφὼς
1215 1779 1344 1814 ’Υρκανῷ
1362 1779 1400 1815 τῷ
1414 1780 1532 1815 γαμῦρῷ
1546 1781 1594 1807 καὶ
1609 1781 1741 1816 βαρϐάρῳ
1758 1783 1829 1818 χρή-

1044 1834 1116 1860 ματα
1135 1826 1202 1860 πρὸς
1216 1826 1344 1854 Βιθυνίαν
1357 1827 1408 1861 τὴν
1423 1827 1528 1853 ἐκείνου
1544 1826 1635 1859 δεξιὰν
1650 1828 1697 1854 καὶ
1711 1829 1829 1864 γνώμην

1043 1870 1144 1901 ἱκανῶς
1168 1870 1264 1905 ἔχοντα
1294 1871 1446 1905 ὲμπιπλᾷν,
1473 1871 1604 1898 πέπεικεν
1631 1872 1775 1906 ἐλεύθερον
1799 1873 1830 1905 ἐς

1042 1915 1189 1947 Βυζάντιον
1213 1916 1373 1943 ἀποστεῖλαι
1405 1916 1537 1951 Παλαμᾶν
1570 1917 1617 1943 τὸν
1647 1917 1698 1952 τῆς
1727 1920 1830 1950 κακίας

1043 1961 1209 1995 προστάτην,
1232 1961 1287 1994 ἵνα,
1309 1960 1356 1987 τὸν
1378 1960 1505 1995 δεύτερον
1533 1963 1617 1995 φάναι
1646 1961 1742 1994 πλοῦν,
1759 1970 1829 1997 συμ-

1043 2007 1130 2042 μαχία
1142 2016 1184 2038 τις
1198 2007 1235 2042 τῷ
1250 2007 1363 2043 πονηρῷ
1377 2006 1442 2040 γοῦν
1455 2007 1537 2038 αὺτδς
1556 2007 1685 2041 γίγνηται
1699 2005 1830 2042 δόγματι.

1045 2055 1078 2080 '0
1093 2054 1124 2089 δὴ
1136 2054 1182 2080 καὶ
1198 2055 1263 2089 ἡμῖν
1276 2054 1350 2086 ἔδοξε
1362 2053 1463 2089 μᾶλλον
1475 2054 1491 2088 ἢ
1508 2055 1607 2088 ἐκείνῳ
1621 2054 1740 2088 βέλτιον·
1759 2057 1831 2089 πρὶς

1041 2099 1096 2133 γὰρ
1109 2101 1232 2132 παρόντα
1243 2101 1299 2127 τῶν
1312 2101 1362 2135 τῆς
1373 2100 1505 2135 αἰσχύνης
1516 2101 1684 2135 κινουμένων
1695 2101 1829 2136 ἐλέγχων,

1042 2145 1092 2171 οὐκ
1109 2144 1194 2180 οὒσης
1210 2146 1262 2181 ἤδη
1275 2146 1326 2180 τῆς
1343 2147 1450 2180 ἀμάχου
1465 2145 1626 2181 συμμαχίας
1651 2146 1698 2173 τοῦ
1719 2147 1832 2174 Καντα-

1041 2191 1186 2227 κουζηνοῢ,
1205 2193 1303 2227 μᾶλλον
1319 2192 1348 2219 δὲ
1367 2193 1418 2226 τῆς
1433 2194 1598 2227 τυραννικῆς
1613 2193 1661 2220 καὶ
1679 2193 1740 2220 λίαν
1762 2195 1828 2221 ἀτό-

1005 2237 1026 2264 Ι)
1042 2245 1104 2269 που,
1125 2236 1175 2263 οὐκ
1197 2236 1314 2263 ἐλείπετ’
1330 2237 1363 2263 ἂν
1388 2235 1427 2263 ἔτι
1452 2237 1588 2270 πρόφασις
1603 2237 1749 2272 ὰποφυγῆς
1770 2239 1827 2266 οὐδ’

1041 2283 1154 2316 ἡτισοῦν
1180 2283 1219 2318 τῷ
1246 2283 1295 2318 τὴν
1322 2283 1436 2317 γνώμην
1460 2283 1508 2309 καὶ
1536 2282 1624 2310 πάντα
1644 2283 1745 2318 τρόπον
1768 2285 1828 2311 δια-

1042 2329 1151 2365 στρόφῳ
1166 2331 1212 2357 καὶ
1230 2331 1320 2357 πάντα
1334 2330 1439 2365 ἀτόπῳ.

1077 2375 1129 2403 ΙΘ¹.
1150 2376 1221 2402 Ἀλλ’
1235 2377 1280 2402 ἐπὶ
1303 2376 1408 2408 τούτοις
1424 2378 1440 2411 ἠ
1457 2375 1565 2410 βασιλὶς
1586 2376 1678 2411 Ἑλένη
1695 2377 1765 2412 πρδς
1779 2377 1832 2404 Βυ-

1043 2422 1151 2454 ζάντιον
1175 2424 1206 2448 ἐκ
1219 2423 1334 2450 Τενέδου
1361 2423 1499 2457 ἀφιγμένη
1517 2422 1565 2457 τὴν
1581 2423 1620 2452 είς
1645 2422 1723 2448 τοῦτο
1742 2424 1832 2458 ῥοπὴν

1043 2467 1198 2500 ἀνεχαίτισε
1210 2467 1256 2493 τοῦ
1273 2466 1391 2500 συζύγου
1414 2467 1462 2493 καὶ
1479 2466 1612 2500 βασιλέως
1631 2467 1830 2501 Παλαιολόγου,

1045 2512 1108 2547 μήτ’
1130 2513 1200 2548 αὑτὴ
1218 2512 1331 2547 μηδαμῆ
1354 2512 1505 2548 βουλομένη
1525 2513 1574 2545 τῆς
1600 2512 1831 2547 Κανταχουζηνοῦ

1044 2558 1090 2584 τοῦ
1117 2558 1220 2594 πατρὸς
1245 2559 1377 2593 αἰσχύνης
1405 2558 1453 2584 σύν
1472 2567 1503 2591 γε
1526 2557 1565 2592 τῷ
1581 2558 1716 2591 πρέποντι
1731 2558 1833 2584 ἀναθέ-

1046 2613 1112 2639 ματι
1137 2604 1307 2639 καταστῆναί
1338 2613 1396 2635 πως
1423 2604 1570 2638 αὐτήκοος,
1602 2603 1670 2637 μήτε
1702 2603 1755 2638 μὴν
1780 2605 1832 2636 τὰς

1043 2651 1148 2677 ἐκείνου
1174 2651 1240 2685 παρ’
1263 2651 1349 2684 αὐτὴν
1371 2650 1514 2684 γινομένας
1539 2647 1672 2683 λαθραίας
1699 2648 1833 2683 μηνύσεις

1045 2699 1093 2725 καὶ
1106 2698 1298 2733 παρακλήσεις
1315 2697 1421 2728 ἀτελεῖς
1438 2688 1665 2731 παρακρούεσθαι
1677 2695 1830 2729 δυναμένη.

1045 2746 1100 2772 Καὶ
1114 2744 1188 2771 τοῦτ’
1200 2743 1234 2780 ἦν
1249 2743 1263 2770 ὃ
1282 2743 1331 2778 τὴν
1352 2743 1401 2777 τῆς
1422 2742 1585 2777 Ἐκκλησίας
1610 2742 1658 2768 καὶ
1678 2742 1733 2768 τῶν
1750 2741 1833 2768 θείων

1044 2792 1112 2821 τέως
1140 2790 1284 2825 δογμάτων
1316 2788 1429 2815 ἐσδεσεν
1458 2788 1647 2823 ἐπανόρθωσιν
1681 2788 1752 2821 μετὰ
1782 2787 1834 2820 τῆς

1045 2837 1114 2871 ἐμῆς
1131 2837 1159 2867 ἐς
1174 2836 1253 2862 τοῦτο
1270 2835 1399 2868 σπουδῆς,
1413 2834 1490 2868 οἶμαι
1506 2834 1553 2860 τοῦ
1579 2833 1646 2860 Θεοῦ
1662 2833 1832 2868 τελεωτέραν

1046 2883 1086 2908 ἔτι
1114 2882 1240 2915 γενέσθαι
1266 2880 1315 2916 τὴν
1341 2881 1394 2906 τῶν
1415 2880 1484 2914 ὑπὲρ
1511 2879 1652 2911 εὐσεϐείας
1677 2879 1834 2906 ἀθλούντων
