1909 3064
85 149 141 180 ΞΞῙ

615 152 837 182 ΒΥΖΑΝΤΙΝΑΞ
858 152 1049 181 ΙΗΞΤΟΒΙᾸΞ.
1069 154 1141 183 LIB.
1163 155 1269 187 XXIX.

1666 161 1718 182 9'90

1666 177 1717 191 Λέέ

85 209 260 243 οοκιμασίαν
273 209 517 244 ὲπιψηφιζομένου.
532 212 569 238 Οὖ
585 213 638 246 γὰρ
652 212 706 238 τῶν
719 212 871 246 ἀρξαμένω·

934 218 1040 241 certare
1056 219 1119 241 sunt
1149 223 1257 243 corona:
1285 221 1312 243 et
1336 217 1458 251 przemia,
1473 218 1520 244 sed
1548 226 1641 245 eorum
1669 218 1717 253 qui

86 255 186 281 ἀθλεῖν
203 255 228 281 οἱ
249 256 376 290 στέφανοι
393 257 440 282 καὶ
461 257 494 283 τὰ
513 257 625 289 ἔπαθλα,
645 257 713 283 ἀλλὰ
736 258 790 283 τῶν
815 257 880 291 ἄχρι

86 301 191 331 τέλους
205 300 300 327 ἀνύειν
317 301 552 336 προθυμουμένων
562 303 671 329 ἅπαντα
692 303 738 329 τὸν
757 302 804 329 τοῦ
820 303 881 337 δρὸ-

89 355 146 380 μου
172 346 294 372 δίαυλον.
313 347 358 372 Διὸ
379 348 427 374 καὶ
453 348 584 379 πολλάκις
607 349 695 376 ἄλλων
721 347 881 374 κοπιώντων

88 392 170 417 ἄλλοι
187 391 253 422 τοὺς
273 393 385 418 ἐκείνων
402 393 519 428 μόχθους
534 394 651 427 ἀπονητὶ
667 394 834 428 λαμϐάνουσί
850 401 879 419 τε

87 438 139 463 καὶ
165 437 344 469 ἀπολαύουσι,
376 439 439 472 μήτ’
470 439 581 465 ἐκείνων
608 440 802 473 ζημιουμένων
830 439 880 470 τὰς

87 483 213 517 ἀμοιϐὰς
242 485 311 518 πρὸς
332 485 380 510 τοῦ
403 485 635 518 ἀγωνοθετοῦντος
665 486 732 512 Θεοῦ
761 485 805 512 διὰ
832 488 879 511 τοῦ

71 530 199 566 »μεταξὺ
224 530 278 557 τῶν
305 531 419 564 ἀγώνων
448 531 577 564 θανάτου,
603 533 651 558 καὶ
678 532 732 558 τῶν
759 532 880 566 ὑστέρων

87 576 297 602 κοινωνούντων
322 578 379 608 τοῖς
400 577 520 612 πρώτοις
549 578 593 604 διὰ
619 578 669 612 τὴν
692 579 745 604 τῶν
768 579 879 613 τρόπων

87 622 245 656 ὁμοιότητα
275 623 324 656 τῆς
349 623 478 657 διανομῆς
502 624 556 649 τῶν
584 623 727 658 βραϐεἱων,
743 624 778 649 τά
808 624 878 659 βάθη

87 667 146 692 τῶν
169 667 218 692 τοῦ
244 667 312 694 Θεοῦ
333 668 479 703 χριμάτων
496 669 525 694 οὗ
551 669 709 703 δυναμένων
725 671 754 696 ὲν
772 669 879 700 τούτοις

87 713 173 748 ἡμῶν
190 714 314 749 ἐρευνᾷν.

127 758 173 786 κ’.
204 759 332 787 Εἱκάσειε
354 760 377 787 δ’
403 760 436 787 ἄν
468 769 510 791 τις
537 759 602 792 ἴσως
627 760 665 791 ὡς
688 761 744 793 τοῖς
767 761 878 787 ἀσεϐέσι

88 805 225 836 διώκταις
247 805 326 840 ἡμῶν
345 807 464 832 τουτοισὶ
491 807 636 841 μετανοίας
658 807 774 840 ἀνοίγων
791 806 879 842 θύραν

88 852 103 877 ὀ
116 852 209 882 κοινὸς
225 851 385 887 προμηθεὺς
408 852 499 878 δίδωσί
520 861 548 878 τε
569 853 700 886 διαμονῆς
716 852 813 887 καιρὸν
834 853 878 879 ὲν-

87 897 198 929 ταυθοῖ,
220 898 269 924 καὶ
297 896 476 932 ὑπερτιθησιν
496 897 640 932 ἑκατέροις
663 897 794 931 ἑκάτερα,
811 898 877 933 ἡμῖν

87 951 119 970 τε
151 943 201 977 τὴν
227 943 304 969 θείαν
330 942 491 977 ἐπικουρίαν
523 943 662 974 κάκείνοις
691 943 742 978 τὴν
768 943 877 970 δικαίαν

81 989 278 1025 ⁸ἑπεξέλιευσιν.
295 989 325 1024 υ.
344 990 395 1016 1Ξ¹1
415 989 452 1025 ι·.]
470 989 593 1015 Παιδεύει
618 989 641 1014 δ’
652 988 698 1015 οὖν
716 989 790 1022 ὅμως
806 996 876 1022 συμ-

89 1034 178 1067 φορὰς
194 1033 333 1069 ἐπιφέρων
348 1033 396 1060 νῦν
413 1034 462 1068 μὲν
478 1034 507 1066 ἐξ
522 1033 647 1067 ἀλλήλων
660 1032 784 1068 ἀλλήλοις
801 1032 877 1059 ἀλλε-

90 1077 259 1112 παλλήλους,
280 1078 324 1105 ῐνα
344 1078 446 1112 μᾶλλον
463 1079 512 1112 τῆς
535 1078 640 1104 ἑαυτῶν
665 1078 766 1108 κακίας
781 1077 878 1104 αἰσθά-

88 1131 178 1149 νοιντο
194 1124 236 1156 (οὺ
259 1124 314 1158 γὰρ
335 1125 405 1150 κατὰ
422 1123 470 1150 τοῦ
493 1123 598 1157 ἀγαθοῦ
617 1124 697 1158 μόνον
725 1123 831 1157 μέμηνε
846 1123 876 1149 τὸ

88 1171 185 1203 κακὸν,
204 1170 273 1196 ἀλλᾶ
287 1170 334 1196 καὶ
350 1170 437 1205 ἑαυτῷ
454 1170 594 1201 στασιάζει
611 1171 658 1196 καὶ
673 1170 811 1205 μάχεται),
828 1170 876 1196 νῦν

88 1213 111 1240 δ’
129 1214 324 1247 ἐπιταράττων
340 1215 387 1240 καὶ
410 1213 594 1245 διασκεδάζων
616 1213 747 1248 ἐξαίφνης
764 1213 876 1241 ἄλλοθεν

88 1261 182 1288 ἄλλοθι
198 1261 245 1287 καὶ
270 1261 475 1296 ἀντιπερισπῶν
492 1261 536 1287 τὸν
562 1261 669 1287 ἅπαντα
686 1261 747 1287 νοῦν
763 1262 820 1293 τοῖς
834 1262 876 1287 oi-

89 1307 172 1338 κείοις
192 1308 336 1342 προσέχειν
354 1307 497 1342 παθήμασι
522 1315 552 1334 τε
576 1307 621 1333 καὶ
640 1308 811 1342 ἀτοπήμασι,
827 1308 874 1334 καὶ

90 1353 127 1388 μὴ
147 1353 240 1387 μόνοις
265 1353 418 1388 ὁλοσχερῶς
434 1354 478 1380 ἀεὶ
492 1355 550 1385 τοῖς
568 1354 646 1389 ἡμῶν
666 1354 802 1389 ὲντρυφᾷν
816 1353 874 1380 ἀδί-

90 1407 147 1430 κοις
160 1399 274 1425 ὀνείδεσί
288 1408 317 1425 τε
332 1399 378 1425 καὶ
395 1400 537 1434 διωγμοῖς.

123 1443 189 1470 KA'.
212 1444 318 1470 Ἐκεῖνο
337 1445 365 1471 δὲ
381 1445 441 1476 πῶς
458 1444 507 1471 οὐκ
533 1444 566 1471 ἄν
591 1453 633 1476 τις
660 1444 802 1479 θαυμάσαι
823 1443 874 1478 τῆς

89 1490 163 1520 θείας
181 1491 348 1524 οἰκονομίας,
363 1491 404 1516 ὃτι
421 1491 496 1524 παρᾷ
508 1491 637 1517 τοσοῦτον
652 1489 872 1526 Καντακουζηνῷ

933 267 1021 293 usque
1034 260 1067 286 ad
1081 261 1165 287 ﬁnem
1182 261 1288 288 emetiri
1303 263 1390 296 parati
1407 267 1472 289 sunt
1484 268 1569 290 totum
1584 263 1716 290 curriculi

931 305 1060 339 spatium.
1075 305 1165 337 Quare
1177 307 1259 333 etiam
1283 315 1354 341 saepe
1378 308 1437 334 aliis
1458 308 1646 335 laborantibus
1671 309 1716 335 alii

931 351 1038 377 illorum
1049 351 1156 378 labores
1167 351 1225 378 sine
1237 351 1331 379 labore
1343 353 1460 379 subeunt
1475 354 1563 387 iisque
1576 354 1715 385 fruuntur,

930 404 992 423 cum
1006 404 1094 430 neque
1111 397 1150 423 illi
1168 402 1278 431 propter
1293 404 1391 424 cursus
1415 399 1603 425 remissionem
1623 407 1636 425 a
1651 407 1718 433 pro-

931 445 1049 475 ponente
1063 442 1211 468 certamina
1241 441 1295 467 Deo
1313 448 1399 468 morte
1417 443 1615 470 certaminibus
1628 444 1716 469 inter~

899 507 907 518 ,
931 488 1018 521 posita
1053 487 1216 520 plectantur,
1244 491 1271 513 ct
1295 488 1461 521 posteriores
1488 495 1548 514 cum
1578 489 1718 522 prioribus

930 536 1042 566 pmpter
1051 532 1187 558 rationum
1197 531 1408 565 a-quabilitatem
1420 532 1602 558 communiter
1611 537 1715 566 partem

930 578 1047 612 quisque
1075 584 1152 603 suam
1184 577 1357 610 pra-miorum
1380 577 1525 610 accipiant.
1555 576 1713 602 Divinorum

929 627 1020 649 autem
1036 622 1202 656 judiciorum
1215 627 1338 648 naturam
1352 622 1540 648 absconditam
1551 622 1715 657 investigare

930 670 957 696 in
973 669 1016 696 bis
1030 676 1081 696 nos
1097 668 1208 703 quidem
1224 675 1277 694 non
1295 675 1450 702 possumus.

963 759 1025 786 XX.
1048 758 1207 794 Conjecerit
1232 764 1324 785 autem
1355 757 1472 785 fortasse
1498 757 1597 791 aliquis
1625 757 1716 791 impiis

929 805 973 832 bis
987 805 1089 832 nostris
1106 804 1328 838 persecutoribus
1340 806 1373 830 ad
1392 803 1560 838 paenitentiae
1583 807 1714 837 opportu-

931 851 1044 878 nitatem
1071 850 1238 878 ollerendam
1260 857 1433 877 communem
1452 850 1575 876 omnium
1596 854 1713 876 tutorem

930 896 1014 923 Deum
1032 897 1076 923 hic
1092 896 1222 923 manendi
1247 900 1355 929 tempus
1384 895 1506 928 prazbere
1525 898 1553 920 et
1573 894 1714 928 imponere

929 944 1056 978 utrisque
1079 947 1206 977 utraque,
1222 942 1301 969 nobis
1321 941 1445 968 divinum
1463 940 1595 968 auxilium
1609 946 1638 967 et
1661 939 1714 966 illis

925 993 1027 1028 justam
1044 998 1164 1025 pteuam.
1180 989 1266 1017 Vacat
1279 988 1363 1023 igitur
1382 987 1416 1014 ad
1436 987 1578 1014 meliorem
1595 986 1713 1021 frugem,

928 1037 1097 1066 calamitates
1110 1034 1252 1062 inferendo
1267 1041 1339 1060 nunc
1357 1033 1468 1068 quidem
1489 1036 1549 1065 post
1564 1031 1632 1058 alios
1654 1031 1714 1058 aliis

927 1088 1084 1119 perpetuas,
1101 1081 1183 1116 25h.
1201 1085 1230 1107 ut
1245 1079 1331 1114 magis
1347 1086 1424 1106 suam
1442 1077 1562 1105 sentiant
1577 1076 1715 1111 perversi-

928 1135 1099 1158 tatcm:non
1122 1128 1194 1155 enim
1215 1126 1243 1153 in
1269 1125 1371 1153 bonum
1398 1124 1479 1152 modo
1507 1123 1583 1150 saevit
1599 1122 1712 1152 malum,

927 1175 974 1204 sed
987 1175 1070 1202 etiam
1087 1180 1179 1201 secum
1196 1173 1284 1207 ipsum
1309 1175 1411 1205 pugnat
1433 1174 1462 1197 et
1485 1169 1625 1196 decertat:
1639 1174 1715 1193 nunc

926 1222 1036 1258 quidem
1054 1219 1216 1255 perturbans
1243 1222 1271 1245 et
1297 1217 1455 1244 distrahens
1488 1214 1578 1242 subito
1602 1213 1713 1240 aliunde

925 1267 993 1295 alibi
1009 1271 1037 1294 et
1048 1265 1184 1293 distinens
1198 1268 1281 1291 totam
1299 1266 1419 1289 mentem
1436 1264 1467 1288 ut
1485 1258 1650 1287 attendatad
1665 1257 1714 1284 do-

924 1312 1037 1340 mestica
1060 1311 1131 1338 mala
1161 1313 1189 1337 et
1214 1308 1342 1343 ineptias.
1373 1314 1427 1334 nec
1449 1305 1484 1333 ad
1508 1305 1582 1333 solas
1599 1303 1712 1331 omnino

924 1365 1044 1393 semper,
1062 1356 1162 1391 quibus
1173 1354 1253 1382 nobis
1273 1353 1418 1385 insultant,
1435 1351 1546 1386 iniquas
1565 1354 1712 1377 contume-

924 1406 976 1433 lias
987 1412 1016 1432 et
1025 1403 1150 1439 injurias.

959 1449 1031 1476 XXI.
1043 1448 1111 1475 Illud
1132 1454 1198 1474 vero
1211 1444 1259 1480 qui
1275 1451 1330 1471 non
1346 1442 1500 1470 admiretur
1514 1442 1613 1476 aliquis
1627 1440 1655 1467 in
1667 1440 1710 1468 (Ii-

923 1495 986 1522 vina
997 1493 1092 1522 mundi
1105 1491 1352 1522 administratione,
1369 1488 1441 1523 quod
1453 1492 1506 1515 tant
1521 1488 1567 1514 diu
1579 1486 1713 1515 Cantaeu—

93 1536 286 1571 συγκεχώρηκε
308 1536 358 1571 τὴν
382 1537 429 1563 τοῦ
455 1537 585 1570 μεγίστου
609 1536 658 1571 τῆς
679 1537 725 1563 τοῦ
742 1536 810 1563 Θεοῦ
827 1545 870 1562 σο-

925 1547 989 1568 ιεηο
1000 1538 1137 1566 concessit
1146 1537 1272 1571 exiguam
1285 1535 1358 1562 illam
1371 1535 1397 1561 in
1410 1533 1528 1560 maximo
1543 1531 1646 1559 divina:
1662 1531 1711 1558 Sa-

92 1583 152 1616 φίας
168 1582 220 1608 νεὼ
237 1581 365 1617 βραχεῖαν
380 1583 488 1616 ἐκείνην
503 1582 661 1617 οίκοδομὴν,
677 1581 725 1607 τοῦ
743 1581 806 1617 περὶ
825 1582 869 1608 τὸν

89 1628 186 1663 ὄροφον
203 1628 302 1662 δηλαδὴ
314 1627 519 1663 τεθραυσμένου
537 1627 647 1663 μέρους,
664 1628 729 1663 παρ’
744 1628 805 1654 ὅσον
820 1629 871 1662 τήν

89 1683 119 1708 γε
138 1675 207 1709 πρὸς
228 1675 324 1709 χιόνων
346 1675 391 1700 καὶ
419 1674 531 1707 ὕμϐρων
558 1673 687 1709 αίθερίων
711 1674 870 1709 ἀποτροπὴν

89 1718 281 1744 ἀνασώσασθαι
298 1718 416 1752 σκέπην;
432 1718 504 1744 Ὅσα
527 1717 548 1744 δ’
563 1716 610 1744 οὖν
623 1719 677 1744 τῶν
695 1718 771 1749 ἐντὸς
787 1720 871 1753 ὑπερ-

87 1764 223 1797 λάμπρων
245 1763 325 1797 ιερῶν
347 1763 500 1796 περιϐόλων
518 1763 631 1788 ἐκείνων
655 1763 702 1789 καὶ
721 1763 869 1798 Θυσιαστη-

89 1811 153 1844 ρίων
169 1810 256 1842 ἁγίων
271 1809 444 1835 παντάπασιν
457 1808 593 1834 ἀνάλωται
606 1808 654 1834 καὶ
665 1808 868 1841 συντέτριπται,

86 1857 172 1884 ταῦτα
187 1857 210 1884 δ’
227 1856 354 1882 ἀσεϐέσιν
378 1856 459 1882 αὐτοῦ
481 1856 525 1881 καὶ
546 1855 669 1890 βεϐήλοις
686 1855 868 1891 ἁνεγηγέρθαι

87 1904 179 1938 χερσὶν
203 1902 308 1937 οὐδαμῆ
338 1901 545 1935 συγκεχώρηται
574 1901 641 1935 πρὸς
664 1902 742 1932 Θεοῦ,
761 1902 819 1927 ἀλλ’
839 1902 868 1928 ὲν

88 1949 156 1984 μέσῃ
193 1948 276 1982 φάναι
314 1947 411 1982 πορείᾳ
447 1948 497 1982 τῆς
529 1946 652 1979 ἐξουσίας
688 1947 869 1973 ἐκπέπτωκεν

87 1994 199 2026 ἀκλεῶς,
218 1993 319 2028 χλεύην
336 1993 443 2027 μακρὰν
459 1992 658 2023 καταλελοιπὼς
683 1992 723 2027 τῷ
741 1993 791 2027 βίῳ
806 1992 869 2019 καθ’

87 2040 182 2066 ἑαυτοῦ
199 2039 245 2065 διὰ
259 2038 307 2073 τὴν
325 2039 502 2072 καινοτομίαν
516 2038 566 2072 τῆς
581 2039 709 2069 πίστεως.
725 2038 792 2064 Οὐδὲ
813 2040 868 2073 γὰρ

85 2084 205 2120 ἦνείκδς
233 2085 267 2110 τὰ
290 2083 358 2118 πρὸς
380 2083 491 2117 ἔλεγχον
507 2083 614 2118 ἐμφανῆ
639 2085 688 2117 τῆς
713 2083 797 2110 αὑτοῦ
821 2084 868 2110 καὶ

85 2132 138 2157 τῶν
162 2130 233 2164 ἀμφ’
257 2129 340 2156 αὑτὸν
367 2128 525 2160 δυσσεϐείας
541 2129 700 2155 ἀπολωλότα
728 2129 762 2156 δι’
785 2129 868 2156 αὑτοῦ

87 2177 167 2203 πάλιν
183 2175 373 2202 ἀνανεοῦσθαι.

922 1585 1032 1621 ρίοιιιίω
1045 1583 1145 1618 templo
1162 1583 1260 1609 factam
1278 1578 1596 1617 aditicationemmartis
1612 1584 1684 1610 neu}
1695 1584 1712 1603 ο

920 1633 996 1659 circa
1026 1635 1129 1658 tectum
1161 1627 1268 1655 scilicet
1285 1626 1427 1656 sauciata,
1447 1625 1534 1650 donec
1553 1626 1711 1657 reparatum

921 1683 1002 1708 esset,
1011 1675 1083 1712 quod
1098 1675 1174 1702 nives
1183 1680 1212 1700 et
1226 1673 1327 1699 imbres
1340 1679 1373 1698 ex
1385 1677 1448 1697 aere
1459 1670 1565 1696 delatos
1576 1667 1710 1695 defende-

921 1728 973 1755 ret,
988 1721 1109 1749 tectum?
1122 1720 1260 1753 Quantum
1270 1718 1352 1752 igitur
1367 1717 1394 1743 in
1407 1717 1530 1743 internas
1544 1715 1713 1749 splendidis-

920 1771 1005 1797 simos
1015 1775 1108 1795 saeros
1118 1765 1282 1794 murosillos
1292 1768 1319 1791 et
1329 1770 1391 1790 aras
1407 1766 1516 1789 sanctas
1532 1761 1645 1788 omnino
1661 1761 1713 1788 im-

921 1823 1032 1851 pensum
1041 1814 1249 1848 etconjunctum
1261 1816 1314 1838 cst.
1325 1812 1376 1838 hoc
1384 1811 1476 1844 impiis
1484 1809 1543 1843 ejus
1553 1811 1581 1835 et
1595 1808 1685 1841 impur
1697 1814 1712 1834 s

920 1862 986 1889 oriri
1001 1869 1016 1888 e
1029 1860 1156 1887 manibus
1172 1859 1247 1886 nullo
1262 1863 1342 1893 pacto
1353 1863 1515 1885 concessum
1535 1859 1576 1882 est
1596 1862 1612 1880 a
1633 1854 1687 1880 Deo
1701 1861 1708 1885 ;

919 1908 966 1935 sed
980 1908 1006 1934 in
1020 1907 1120 1938 medio,
1135 1910 1164 1933 nt
1180 1906 1268 1937 aiunt,
1281 1905 1392 1936 itinere,
1407 1912 1440 1931 ex
1454 1902 1606 1931 aedificandi
1621 1901 1709 1928 facul-

921 1958 974 1981 tate
991 1953 1100 1987 elapsus
1115 1959 1158 1980 est
1179 1951 1405 1987 ignominiose.et
1418 1943 1560 1976 Imaculam
1581 1954 1707 1981 magnam

919 1998 1031 2032 reliquit
1057 1998 1117 2024 vitm
1135 2005 1191 2025 sua:
1218 2001 1330 2031 propter
1352 1994 1432 2021 fidem
1452 1997 1594 2020 novatam.
1612 1991 1709 2024 Neque

919 2044 992 2072 enim
1009 2051 1116 2078 aequum
1130 2047 1199 2074 erat,
1218 2050 1248 2070 ea
1264 2048 1325 2075 qua:
1340 2040 1368 2067 in
1386 2039 1561 2066 manifestum
1575 2041 1604 2064 et
1620 2037 1708 2071 ipsius

919 2094 949 2117 et
961 2090 1099 2117 sociorum
1112 2088 1261 2123 impietatis
1271 2086 1402 2114 iudicium
1410 2085 1515 2120 perdita
1527 2085 1644 2116 fuerant,
1657 2091 1707 2118 per

921 2143 984 2164 eum
1006 2135 1124 2162 restitui.

121 2221 185 2249 KB'.
202 2221 233 2248 Ei
256 2221 279 2248 δ’
300 2222 315 2248 ὁ
339 2221 520 2257 βρεφοκτόνος
538 2220 664 2256 Ἡρώδης
689 2221 774 2248 πάλαι
796 2223 866 2256 πρὸς

955 2225 1085 2254 ΧΧΙΙ..5ἰ
1109 2230 1199 2252 autem
1233 2231 1380 2259 puerorum
1410 2222 1581 2250 interfectori
1605 2221 1709 2250 Herodi

87 2268 151 2294 Θεοῦ
179 2267 230 2303 τὴν
247 2267 385 2301 περιφανῆ
410 2275 440 2294 τε
462 2267 510 2294 καὶ
538 2267 728 2293 πολυδάπανον
758 2268 867 2302 ἐκείνην

87 2315 228 2350 οἰκοδομὴν
241 2313 288 2340 τοῦ
302 2314 357 2340 τῶν
372 2313 567 2348 Ἰεροσολύμων
578 2313 630 2340 νεὼ
645 2313 865 2348 συγκεχώρηται,

87 2358 222 2385 τοσούτων
234 2357 367 2391 ἐφεστίων
376 2365 405 2383 τε
416 2358 463 2383 καὶ
476 2357 617 2390 συγγενῶν
634 2357 760 2391 αἱμάτων
774 2358 867 2392 χεῖρας

89 2405 143 2438 ἃμα
165 2403 214 2429 καὶ
239 2402 352 2436 γνώμην
371 2402 502 2436 ὑπάρχων
524 2402 633 2436 μεστὸς,
650 2402 707 2428 ἀλλ’
733 2402 807 2428 ἔστιν
830 2403 868 2428 εί-

89 2450 146 2475 xciv
160 2449 199 2480 ὡς
223 2448 275 2483 τῆς
295 2448 408 2482 πατρίου
423 2447 511 2483 τούτῳ
530 2448 680 2483 Θρησκείας
695 2448 725 2474 ὲν
738 2447 776 2482 τῷ
791 2447 867 2483 καλῷ

88 2495 236 2529 τηνικαῦτα
267 2493 402 2528 μενούσης
423 2494 463 2520 ἔτι
490 2493 546 2520 οὔτ’
573 2494 654 2525 αὐτὸς
671 2494 767 2521 ἑαυτὸν
781 2495 866 2529 αὐτῆς

89 2540 277 2576 ἠλλοτρίωσεν,
293 2539 349 2566 οὗθ’
364 2540 473 2574 ἑτέρους
488 2539 598 2571 οὐδένας
622 2540 772 2575 παρέπεισε
787 2540 866 2566 τοῦτο

88 2588 189 2614 παθεῖν,
219 2586 444 2619 Καντακουζηνὸς
468 2585 490 2611 δ’
514 2585 620 2611 οὺτοσὶν
643 2585 724 2616 αὑτός
746 2593 775 2611 τε
798 2586 866 2618 ἐξω·

90 2634 187 2668 μόσατο
202 2632 328 2666 φανερῶς
343 2632 392 2666 τὴν
413 2631 528 2665 πάτριον
552 2631 707 2662 εὐσέϐειαν,
724 2632 772 2657 καὶ
795 2631 866 2666 πλὴν

88 2680 180 2712 ὀλίγων
201 2678 266 2708 τοὺς
288 2677 384 2709 ἄλλους
409 2678 567 2712 ἠνάγκασεν
584 2677 719 2709 ἅπαντας,
734 2677 799 2708 τοὺς
815 2677 865 2711 μὲν

88 2724 196 2758 δωρεαῖς
211 2731 243 2748 τε
260 2724 306 2749 καὶ
321 2723 446 2757 λήμμασι
461 2722 641 2757 παραλόγοις,
660 2722 723 2753 τοὺς
740 2722 762 2748 δ’
786 2723 867 2748 ἀπει-

87 2769 139 2800 λαῖς
155 2770 206 2795 καὶ
229 2768 357 2794 κολάσεσι
374 2769 568 2803 καλοτρόποις,
588 2769 629 2798 εἰς
653 2769 699 2794 τὸν
717 2768 774 2794 ἴσον
791 2768 865 2803 αὐτῷ

87 2814 279 2850 κατενεχθῆναι
293 2814 427 2849 κρημνόν.

119 2859 178 2889 ΚΓ.
199 2859 294 2892 ’Δξιον
317 2859 340 2886 δ’
366 2860 492 2886 ἐνταυθοῖ
518 2858 682 2894 γενομένους
709 2860 755 2886 καὶ
777 2861 806 2886 τό
834 2868 863 2893 γε

918 2273 984 2300 olim
1000 2280 1016 2298 a
1030 2271 1087 2298 Deo
1101 2269 1218 2305 gloriosa
1236 2269 1281 2295 illa
1310 2273 1338 2295 et
1364 2272 1524 2302 sumptuosa
1551 2267 1711 2302 llierosolyq

917 2325 1024 2345 morum
1042 2315 1134 2350 templi
1154 2315 1298 2342 aedificatio
1316 2321 1448 2341 concessa
1465 2319 1518 2345 est,
1543 2318 1596 2340 tam
1628 2313 1708 2342 multi

917 2363 998 2398 255
1012 2362 1101 2389 afﬁnis
1114 2365 1142 2388 et
1155 2360 1262 2394 cognati
1288 2359 1431 2394 sanguinis
1448 2359 1542 2393 plenas
1567 2367 1663 2386 manus
1677 2364 1707 2386 et

916 2411 1037 2437 animum
1064 2408 1187 2440 babenti,
1203 2407 1265 2434 licet
1297 2411 1387 2433 tamen
1416 2406 1516 2437 dicere,
1531 2412 1593 2432 cum
1617 2405 1705 2438 patria

917 2455 981 2482 huic
995 2454 1090 2489 religio
1104 2454 1208 2488 integra
1229 2452 1312 2479 etiam
1328 2450 1423 2482 staret,
1437 2458 1489 2477 nec
1510 2449 1598 2484 ipsum
1628 2457 1657 2476 se
1670 2450 1705 2476 ab

916 2507 948 2527 ea
964 2499 1116 2530 abdicasse,
1129 2505 1180 2525 nec
1194 2497 1255 2524 aliis
1271 2496 1333 2523 ullis
1348 2494 1529 2530 persuasisse,
1548 2499 1577 2521 ut
1598 2494 1649 2521 ltoc
1666 2495 1705 2521 fa-

916 2548 1021 2572 cerent.
1035 2544 1243 2570 Cantacuzenus
1260 2545 1354 2568 autem
1371 2540 1414 2566 hic
1433 2544 1460 2566 et
1483 2539 1540 2573 ipse
1567 2539 1704 2574 dejuravit

916 2591 1032 2626 patriam
1049 2591 1177 2624 pietatem
1198 2588 1287 2622 palam
1304 2591 1332 2613 et
1346 2591 1443 2620 praeter
1473 2592 1576 2620 paucos
1608 2593 1705 2612 orum-5

915 2641 1032 2663 caeteros
1057 2634 1156 2668 coegit.
1173 2633 1242 2659 alios
1272 2632 1352 2659 donis
1374 2637 1402 2658 et
1426 2632 1504 2658 lucro
1534 2631 1614 2663 falso,
1634 2631 1704 2658 alios

916 2682 997 2709 minis
1011 2685 1040 2708 et,
1058 2679 1287 2714 castigationibus
1303 2678 1439 2713 malignis,
1460 2678 1488 2705 iu
1506 2677 1578 2704 idem
1608 2684 1702 2704 secum

917 2733 946 2754 ut
956 2725 1153 2754 descenderent
1175 2723 1367 2759 praecipitium.

951 2859 1043 2887 XXIII.
1060 2858 1118 2886 lluc
1142 2858 1270 2893 quoniam
1291 2857 1476 2893 pervenimus.
1495 2864 1549 2883 non
1580 2856 1702 2885 alienum
