1909 3064
206 171 260 203 22:5

813 173 1020 203 NICEI’HORI
1039 172 1229 202 GREGORzE

1783 171 1839 206 224

207 233 274 263 puto
292 228 494 264 longitudinem
510 237 559 256 nos
574 229 731 257 describere
746 229 829 264 picta!
841 238 930 264 nuper
945 229 996 257 sub

1052 228 1138 262 μῆκος
1151 228 1197 253 καὶ
1212 228 1313 258 πὶάτος
1330 227 1403 260 ἡμᾶς
1419 227 1615 261 ἀφηγήσασθαι
1642 227 1691 261 τῆς
1713 226 1765 253 ὑπο
1786 227 1838 262 τὴν

208 272 271 300 tecti
288 272 369 307 hujus
383 273 720 309 concavam’superticiem
740 279 841 302 sancta:
870 275 997 310 imaginis

207 317 349 351 sapientiae
363 318 433 352 ejus.
451 319 497 352 qui
529 319 608 350 inest,
633 319 678 346 Dei
706 319 855 348 Salvatoris
881 320 995 348 Christi.

207 365 274 392 Esse
290 367 362 392 enim
380 367 431 393 hoc
446 375 555 401 quoque
569 369 687 401 posteris
700 369 850 402 jucundum
868 374 933 403 puto
946 377 997 396 au-

209 410 415 437 dittt.utcti:un
449 421 528 445 supra
555 414 646 440 statim
674 414 708 440 ab
733 415 812 442 initio
843 415 995 447 primarum

208 454 290 489 hujus
306 456 426 482 historim
441 458 627 485 narrationum
645 459 752 486 illarum
790 466 942 487 nostrarunt
970 465 997 487 et

208 500 342 527 lihrorum
358 506 475 529 stantem
495 503 521 529 iu
538 504 669 534 columna
697 510 813 532 statuant
838 512 994 541 equestrent

206 554 308 574 :t-neum
331 547 519 576 tlescrilientes
537 558 586 576 nos
609 551 754 584 gratiﬁcari
773 553 928 578 hominibus
951 562 996 579 sa-

206 593 386 626 pientioribus
401 602 496 621 sumus
521 596 657 623 arbitrati.
675 597 725 630 Ipsi
748 603 823 625 certe
847 607 896 626 nos
924 599 996 626 illius

205 638 268 666 facti
281 645 450 673 Spectatores
463 647 491 668 et
508 644 610 669 nostris
632 645 767 677 perntensi
783 645 853 672 hanc
870 647 996 674 manibus

206 685 334 712 facillime
351 691 404 712 tattt
426 687 471 713 diu
486 690 724 722 cmnposuerimus
739 699 805 722 rem.
821 692 941 726 quandin
957 693 994 720 ibi

205 738 265 756 eam
281 731 418 765 sigillatittt
436 734 623 766 exposuimus.
641 736 706 761 Esse
721 737 794 762 enini
809 738 918 771 dignam
931 746 995 765 cott-

206 778 337 811 templatu
351 779 488 809 existimo.
499 781 520 806 si
541 782 603 814 quis
619 789 651 808 ex
665 782 797 814 inferiore
814 784 873 811 loco
886 793 994 812 sursum

206 828 322 856 spectet,
352 831 441 858 neque
473 827 558 858 possit
591 833 748 854 accuratam
772 828 994 864 proportionem

206 868 325 901 partium
342 877 390 902 per
403 869 484 904 256
508 872 602 898 oculos
624 875 810 901 transmittere
822 876 916 907 ltlt'llli,
932 884 993 902 cum

206 912 243 938 ita
258 913 294 939 sit
306 920 460 948 cotnparata
475 915 530 946 illa,
545 921 574 943 ttt
587 917 747 952 plerumque
757 924 912 953 spectantes
925 921 997 948 inter

205 962 234 984 et
249 965 293 985 res
302 963 437 992 spectatas
452 961 621 995 interpositis
638 962 690 990 loci
703 965 854 992 intervallis
874 967 995 994 animum

206 1002 291 1035 fallat,
311 1012 372 1038 qua:
386 1010 477 1032 tanten
508 1007 646 1040 applicata
675 1014 804 1036 caeterum
830 1011 952 1046 ttndique
969 1018 997 1040 et

206 1056 372 1084 quocunque
404 1051 485 1078 modo
512 1057 587 1084 sunt,
618 1058 648 1079 ιιι
676 1055 801 1082 veritatis
828 1057 940 1092 vestigia
969 1064 998 1085 et

205 1095 324 1128 speciem
346 1097 566 1132 qualemcunque
599 1099 728 1132 elliciant,
747 1106 774 1128 et
809 1102 870 1129 talis
891 1103 997 1132 fraudis

206 1141 318 1168 morbos
328 1148 436 1170 sanant.
453 1143 524 1171 Sunt
535 1145 608 1172 enim
625 1146 688 1173 inde
704 1155 719 1174 a
739 1149 842 1176 vertice
861 1157 947 1184 usque
962 1152 996 1178 ad

205 1194 340 1214 sttmmattt
366 1188 488 1222 barbam,
504 1190 689 1219 labrunrdico
701 1194 838 1227 superius.
855 1196 997 1230 spitltanta:

206 1232 233 1259 in
265 1234 464 1267 longitudinem
505 1237 731 1273 duodetriginta,
766 1241 793 1267 itt
822 1241 996 1270 latitudinem

206 1281 427 1314 quatttordecim,
455 1283 604 1316 digitorum
628 1290 718 1313 autent
746 1288 849 1321 primus
881 1294 942 1316 octo
969 1295 996 1317 et

206 1325 348 1354 dimidiam
364 1328 391 1355 in
408 1329 606 1364 longitudinem
630 1331 758 1363 habebat,
773 1338 800 1360 et
813 1334 910 1368 reliqui
934 1343 997 1369 pro-

207 1373 412 1407 portionaliter;
430 1376 572 1403 oculorum
586 1382 641 1404 tres
650 1377 705 1405 fere
715 1379 865 1411 spitltamas
879 1380 997 1407 habebat

206 1423 332 1453 uterque,
345 1427 428 1447 nasus
439 1426 530 1449 autem
548 1430 618 1458 pene
640 1428 714 1450 octo.
729 1423 776 1451 llis
803 1426 838 1452 ita
868 1431 995 1460 tanquam

205 1464 352 1492 eletttentis
378 1467 537 1500 propositis.
566 1467 630 1495 licet
658 1469 733 1501 hinc,
762 1476 897 1506 quotquot
934 1478 997 1499 sunt

208 1509 346 1543 pictorum
359 1511 548 1545 jucundiores.
564 1514 645 1540 etiant
661 1515 819 1548 qualitatem
834 1522 996 1545 czcterorttm

209 1556 572 1591 membrorum,etpartium
586 1564 614 1585 et
629 1559 711 1587 simul
723 1562 806 1588 totius
820 1563 943 1597 corporis
956 1565 997 1590 di-

208 1600 278 1627 vina:
302 1600 378 1627 illius
405 1601 558 1630 Salvatoris
571 1609 669 1630 statua:
685 1605 718 1631 ad
735 1607 899 1640 symmetriae
915 1609 996 1635 ratio-

208 1653 271 1673 nem
286 1645 364 1673 facta:
381 1646 484 1680 formas,
502 1654 604 1682 quanta
625 1650 682 1677 fere
701 1652 747 1682 sit.
760 1653 852 1678 statim
869 1653 996 1688 colligere

209 1691 420 1725 longitudinem.
453 1693 517 1720 Haec
538 1694 671 1729 descripsi
695 1695 722 1722 in
752 1697 876 1724 notitiam
899 1706 995 1726 eorum

207 1737 255 1770 qui
272 1737 342 1764 forte
354 1737 380 1764 in
403 1737 475 1764 illam
503 1739 634 1772 incidant,
649 1741 779 1775 optimam
810 1742 880 1770 hanc
909 1745 996 1773 sciens

208 1783 280 1810 viam
300 1790 360 1810 esse
379 1783 413 1810 ad
436 1792 530 1811 rerum
559 1786 714 1819 scientiam,
729 1788 791 1814 etsi
815 1789 862 1823 qui
893 1789 919 1816 in
954 1791 997 1818 Itis

208 1830 418 1858 considerantes
432 1836 578 1858 versentur
592 1832 656 1859 libri
675 1834 813 1868 sapientes
831 1836 998 1870 prospicien-

209 1876 265 1908 tize,
282 1881 311 1903 ιιι
324 1877 406 1904 etiam
432 1877 574 1905 Aristoteli
597 1878 696 1913 placet.
721 1879 789 1906 llicit
820 1881 864 1907 ille
887 1882 1002 1916 quidem

208 1930 319 1950 sensum
336 1931 369 1950 ex
386 1923 532 1951 multarum
550 1932 640 1951 rerum
658 1925 755 1960 peritia
773 1925 854 1959 eilici,
870 1928 996 1961 peritiam

208 1973 300 1996 autem
317 1969 451 2004 principia
468 1969 618 2004 disciplima
636 1971 770 2006 cujusque
786 1977 814 1999 et
834 1973 955 2006 prtebere
969 1979 998 2001 et

208 2015 382 2043 conﬁrmare.
399 2015 480 2051 257
496 2015 564 2042 Hinc
578 2016 653 2043 eniut
674 2021 702 2043 et
716 2016 786 2044 varii
801 2017 938 2045 ﬂuxerunt
953 2027 997 2046 sa-

208 2061 319 2096 pientiae
332 2061 435 2094 fontes.
450 2067 478 2090 et
492 2067 600 2090 veteres
619 2062 826 2098 disciplinarum
839 2064 998 2094 inventores

208 2107 402 2134 etroalestium
415 2112 443 2134 et
456 2108 627 2135 terrestrium
652 2117 744 2136 rerum
767 2110 893 2138 notitiam
918 2119 998 2138 erue-

210 2157 286 2184 runt,
301 2158 330 2180 et
348 2155 486 2180 variarum
514 2159 542 2181 et
560 2154 770 2181 multiformium
797 2163 889 2183 rerttm
916 2163 997 2192 atque

207 2199 363 2225 orationum
392 2199 534 2232 doctrinae,
563 2201 653 2234 quoad
690 2201 749 2234 ejus
781 2201 838 2228 ﬁeri
877 2207 994 2237 poterat,

209 2251 291 2270 ansas
328 2250 515 2279 sumpserunt.
546 2245 627 2279 Esto;
656 2254 708 2281 ego
737 2254 804 2274 vero
832 2248 865 2274 ad
894 2256 994 2276 nexum
1012 2235 1034 2262 θ

209 2290 292 2317 redeo
306 2290 448 2318 orationis.

244 2427 340 2455 XXIV.
359 2427 425 2455 Nam
450 2428 497 2463 qui
511 2428 663 2462 patriarcha
680 2428 771 2456 fuerat
782 2429 920 2462 Callistus.
937 2436 999 2466 post

209 2482 285 2502 suam
302 2474 618 2502 excommunicationem
650 2479 678 2502 et
700 2475 898 2503 clandestinam
924 2477 998 2504 illam

210 2520 237 2548 in
261 2519 411 2548 Galaticam
435 2519 595 2547 Latinorum
615 2520 768 2547 custodiant
799 2521 901 2555 fugam,
919 2521 1000 2555 paulo

211 2572 289 2602 poste
306 2567 431 2594 idoneam
455 2568 628 2595 occasionem
648 2571 756 2599 nactus,
769 2567 837 2594 clam
850 2567 914 2594 inde
937 2575 1002 2594 eva—

211 2614 247 2640 sit
259 2617 287 2640 et
302 2613 443 2640 Tenedum
459 2613 520 2640 navi
533 2613 649 2646 abierat,
666 2613 818 2648 Palmologo
834 2613 902 2647 imp.
915 2613 1001 2648 grati-

214 2659 345 2686 ﬁcaturus
352 2663 378 2685 et
392 2666 442 2693 pro
453 2658 527 2686 dono
537 2659 610 2685 omni
619 2659 736 2693 vigentis
747 2660 772 2685 ιιι
787 2659 879 2685 animo
893 2659 1001 2687 habitus

212 2706 338 2740 praebens
353 2705 479 2733 ardorem
510 2710 537 2733 et
559 2713 587 2732 re
614 2706 671 2740 ipsa
696 2713 776 2732 suum
803 2706 912 2734 fervens
937 2713 1002 2740 erga

215 2753 291 2780 illum
318 2751 467 2780 ostendens
486 2751 665 2785 studium;et
693 2759 837 2784 enarrans,
862 2752 1002 2786 quontodo

216 2798 313 2825 liceret
329 2797 384 2824 frui
406 2797 589 2833 patriarcltica
612 2801 744 2832 potestate
759 2802 787 2824 et
804 2797 886 2824 simul
904 2797 1005 2824 Canta-

219 2843 317 2870 cuzeni
340 2843 482 2878 regnantis
506 2843 698 2870 benevolentia
723 2847 749 2869 ct
775 2842 1003 2872 beneﬁcentia.si

221 2887 303 2914 vellet
316 2888 478 2923 participem
501 2887 590 2915 facere
607 2895 635 2915 se
656 2887 870 2914 renuntiationis
887 2887 920 2914 de
938 2886 1004 2914 Mat-

1048 273 1151 308 κυρτὴν
1176 272 1251 304 ὲντὺς
1274 273 1437 306 ἐπιφάνειαν
1461 272 1508 299 τοῦ
1528 273 1628 307 ὀρόφου
1650 272 1744 299 τούτου
1767 281 1839 306 γρα-

1048 319 1144 354 φείσης
1168 319 1268 353 ἀρτίως
1291 320 1372 352 ἁγίας
1393 320 1497 350 εἰκόνος
1512 320 1561 354 τῆς
1587 319 1770 346 ὲνυποστάτου
1793 327 1839 345 σο-

1048 365 1112 399 φίας
1128 365 1206 396 Θεοῦ,
1226 364 1259 400 [ί.
1276 364 1326 392 106
1351 364 1390 400 υ.]
1415 364 1461 392 τοῦ
1474 366 1599 399 Σωτῆρος
1617 365 1688 398 λέγω
1703 363 1837 399 Χριστοῦ.

1047 408 1126 438 Εἶναι
1143 411 1196 446 γὰρ
1212 413 1259 437 καὶ
1279 412 1359 438 τοῦτο
1382 413 1438 443 τοῖς
1458 412 1594 446 ὀψιγόνοις
1611 412 1743 446 ἐράσμιον
1758 409 1838 445 οἶμαι.

1046 457 1186 491 ἀκρόαμα,
1203 457 1330 492 καθάπερ
1352 458 1384 491 δὴ
1407 458 1455 484 καὶ
1471 459 1601 492 ἀνωτέρω
1629 466 1676 484 που
1692 457 1746 483 τῶν
1763 460 1839 492 πρώ-

1046 511 1100 529 των
1113 503 1162 538 τῆς
1176 504 1298 538 ἱστορίας
1314 505 1446 538 ταυτησὶν
1461 504 1607 539 ἡμετέρων
1623 504 1735 530 ἐκείνων
1749 503 1838 537 λόγων

1047 550 1094 576 καὶ
1123 549 1223 584 βίϐλων
1251 550 1332 580 εὐθὺς
1359 551 1388 577 ὲν
1417 551 1566 585 προθύροις
1599 551 1645 576 τὸν
1672 551 1720 576 ἐπὶ
1746 550 1837 580 κίονος

1047 594 1151 620 ἑστῶτα
1169 594 1351 630 δεδηλωκότες
1368 595 1488 629 ἔφιππον
1506 595 1652 630 ἀνδριάντα
1673 595 1790 630 χαλκοῦν
1805 593 1835 621 εὖ

1048 642 1133 666 ποιεῖν
1158 643 1215 671 τοῖς
1240 641 1432 676 συνετωτέροις
1454 642 1596 676 ἐδόξαμεν,
1613 642 1691 668 αὐτοί
1707 650 1738 675 γε
1753 643 1836 676 ἡμεῖς

1047 687 1152 714 ἐκείνου
1176 688 1320 721 γεγονότες
1345 688 1480 714 αὐτόπται
1503 688 1550 714 καὶ
1564 689 1625 719 ταῖς
1650 688 1766 718 οἰκείαις
1783 696 1834 722 με-

1046 733 1197 767 τρήσαντες
1233 733 1329 759 τοῦτον
1357 734 1463 768 χερσὶν,
1495 735 1542 769 ὲπι
1568 735 1596 761 τὸ
1631 735 1732 769 ῥᾷστον
1763 734 1835 763 τέως

1048 778 1255 812 συνενεχθέντος
1274 779 1321 805 τοῦ
1353 779 1525 813 πράγματος,
1552 780 1589 811 ὡς
1618 780 1675 806 ἐκεῖ
1697 789 1747 805 που
1772 779 1834 805 καυ¹

1046 821 1149 848 ἕκαστα
1166 822 1355 857 διειλήφαμεν.
1373 820 1446 849 Εἶναι
1474 823 1528 858 γὰρ
1553 823 1730 858 ἀξιοζήτητον
1743 822 1834 857 οἶμαι,

1047 866 1125 898 εἴτις
1147 867 1271 894 κάτωθεν
1294 868 1343 902 μὲν
1369 869 1410 898 εἰς
1435 867 1501 902 ὕψος
1517 869 1602 904 ὁρῴη,
1629 869 1666 904 μὴ
1684 869 1792 896 δύναιτο
1806 869 1835 895 δὲ

1012 901 1096 948 Βτὴν
1112 913 1214 948 ἀκριϐῆ
1242 901 1416 949 συμμετρίαν
1447 901 1480 940 δι’
1630 901 1834 949 ’παραπέμπειν

1047 959 1086 993 τῷ
1098 959 1146 994 νῷ,
1160 960 1311 993 πεφυκυίας
1327 960 1377 995 μὲν
1391 961 1428 992 ὼς
1443 961 1478 987 τὰ
1496 961 1580 988 πολλὰ
1591 962 1646 991 τοῖς
1664 961 1765 995 μεταξὺ
1779 961 1834 987 τῶν

1048 1005 1175 1040 ἐρώντων
1199 1006 1247 1032 καὶ
1263 1006 1411 1041 ὁρωμένων
1428 1007 1552 1038 τοπικοῖς
1565 1007 1748 1042 διαστήμασιν
1763 1007 1836 1033 ἁπα-

1047 1051 1155 1082 τᾶσθαι,
1171 1052 1320 1087 ἐφιεμένης
1337 1053 1359 1078 δ’
1375 1053 1462 1083 ἄλλως
1483 1052 1647 1088 ὀθενδήποτε
1669 1054 1717 1080 καὶ
1742 1055 1836 1080 ὁπωσ-

1047 1097 1149 1132 δήποτε
1165 1098 1305 1131 συλλέγειν
1328 1107 1358 1125 τε
1374 1099 1422 1133 τῆς
1439 1098 1571 1133 ἀληθείας
1590 1099 1651 1134 ἴχνη
1666 1100 1712 1125 καὶ
1727 1100 1835 1130 εἰκόνας

1046 1143 1196 1170 ὁποιασοῦν
1220 1145 1268 1170 καὶ
1286 1145 1321 1170 τὰ
1345 1145 1396 1179 τῆς
1418 1145 1547 1181 τοιαύτης
1574 1146 1708 1180 ἰατρεύειν
1726 1147 1835 1180 ἀπάτης

1046 1189 1199 1224 νοσήματα.
1221 1191 1301 1216 Ἐστι
1315 1191 1369 1225 γὰρ
1385 1191 1414 1217 τὸ
1435 1192 1467 1217 ἑκ
1481 1191 1603 1226 κορυφῆς
1617 1192 1682 1226 ἄχρι
1703 1191 1835 1226 πώγωνος

1047 1235 1131 1270 ἄκρου
1153 1236 1225 1270 φημὶ
1238 1237 1288 1270 τῆς
1308 1237 1416 1271 ὑπήνης
1433 1237 1570 1272 σπιθαμαὶ
1589 1238 1675 1272 μῆκος
1698 1238 1747 1272 μὲν
1760 1237 1835 1263 ὀκτὼ

1046 1281 1094 1307 καὶ
1115 1283 1211 1315 εἰκοσι,
1233 1282 1334 1314 πλάτος
1354 1283 1383 1309 δὲ
1409 1283 1674 1318 τεσσαρεσκαίδεκα,
1692 1283 1834 1310 δακτύλων

1045 1327 1068 1352 δ’
1085 1327 1099 1352 ὁ
1118 1328 1167 1362 μὲν
1183 1328 1290 1363 πρῶτος
1303 1328 1376 1354 ὀκτὼ
1399 1329 1447 1355 καὶ
1461 1329 1592 1364 ἡμισείας
1607 1329 1636 1356 τὺ
1653 1330 1751 1364 μῆκος,
1770 1330 1795 1356 οἰ
1811 1330 1836 1355 δ’

1046 1373 1122 1398 ἄλλοι
1152 1375 1223 1400 κατὰ
1249 1373 1280 1400 τὸ
1305 1375 1456 1408 ἀνάλογον·
1474 1375 1529 1402 τῶν
1557 1376 1581 1402 δ’
1610 1375 1757 1410 ὀφθαλμῶν
1783 1376 1835 1401 ἀνὰ

1046 1416 1130 1449 τριῶν
1144 1417 1287 1452 ἑκάτερος,
1304 1419 1320 1452 ἠ
1338 1418 1365 1444 δὲ
1390 1419 1432 1453 ῥὶς
1449 1419 1565 1452 ἔγγιστα
1586 1420 1670 1446 ὀκτώ.
1685 1419 1794 1446 Τούτων
1812 1420 1836 1446 δ’

1046 1462 1134 1493 οὕτως
1155 1463 1282 1497 καθάπερ
1305 1465 1447 1498 στοιχείων
1468 1464 1599 1491 δοθέντων
1615 1463 1722 1496 ἔξεστιν
1743 1465 1837 1491 ἐντεῦ-

1047 1509 1103 1541 θεν,
1124 1509 1218 1535 ὀπόσοι
1242 1512 1418 1545 χαριέστεροι
1445 1510 1498 1536 τῶν
1527 1510 1692 1545 ζωγράφων,
1713 1510 1758 1537 καὶ
1785 1510 1835 1546 τὴν

1048 1554 1100 1580 τῶν
1116 1554 1205 1580 ἄλλων
1222 1554 1311 1589 μελῶν
1324 1555 1371 1580 καὶ
1389 1555 1481 1590 μερῶν
1501 1556 1547 1581 καὶ
1563 1556 1624 1590 ἅμα
1640 1555 1689 1590 τῆς
1705 1555 1751 1582 τοῦ
1768 1564 1836 1581 παν-

1047 1599 1092 1630 τὸς
1121 1600 1247 1634 σώματος
1271 1600 1444 1632 διαπλάσεως
1474 1601 1525 1636 τῆς
1556 1601 1633 1632 θείας
1658 1603 1767 1636 ἐκείνης
1787 1601 1834 1628 τοῦ

1048 1646 1172 1680 Σωτῆρος
1186 1647 1289 1678 εἰκόνος
1304 1647 1375 1673 κατὰ
1388 1648 1418 1673 τὸ
1433 1647 1485 1682 τῆς
1510 1648 1685 1683 συμμετρίας
1703 1648 1836 1682 ἀνάλογον

1047 1691 1097 1725 ὅση
1119 1692 1161 1722 τίς
1175 1691 1249 1718 ἐστιν
1263 1692 1345 1723 εὐθὺς
1369 1692 1577 1726 συλλογίζεσθαι
1597 1694 1684 1728 μῆκος
1701 1695 1749 1720 καὶ
1766 1695 1836 1721 πλά-

1047 1744 1104 1768 τος.
1138 1738 1192 1763 Καὶ
1225 1738 1310 1764 ταῦτα
1345 1737 1455 1772 διῆλθον
1490 1739 1638 1775 ἐμπειρίας
1673 1739 1754 1767 ἕνεκα
1782 1740 1837 1767 τῶν

1049 1782 1280 1816 ἐντυγχανόντων,
1304 1782 1452 1817 κράτιστον
1467 1783 1546 1815 εἰδὼς
1562 1784 1668 1817 ἑφόδιον
1684 1785 1724 1816 εῐς
1738 1793 1769 1818 γε
1787 1785 1837 1820 τὴν

1048 1827 1101 1853 τῶν
1121 1827 1206 1854 ὄντων
1232 1829 1389 1863 ἐπιστήμην
1414 1829 1460 1855 καὶ
1476 1829 1503 1855 el
1519 1838 1593 1859 τινες
1607 1827 1663 1856 εἰεν
1684 1832 1776 1862 αὐτοῖς
1791 1832 1835 1857 ὲν-

1048 1873 1230 1908 θεωρούμενοι
1259 1873 1334 1908 λόγοι
1360 1875 1438 1907 σοφοὶ
1460 1874 1510 1908 τῆς
1538 1876 1679 1910 προνοίας,
1697 1876 1769 1903 καθὰ
1792 1879 1839 1905 καὶ

1054 1917 1235 1951 Ἀριστοτέλει
1250 1917 1334 1945 δοκεῖ.
1348 1918 1419 1952 Φησὶ
1433 1920 1487 1954 γὰρ
1502 1919 1617 1953 ἐκεῖνος,
1638 1920 1767 1955 αἰσθησιν
1786 1922 1839 1956 μὲν

1047 1963 1192 1998 ιμπειρίας
1208 1961 1290 1998 ,εἶναι
1315 1965 1473 1999 ποιητικὴν,
1489 1965 1538 2000 τὴν
1564 1965 1588 1992 δ’
1605 1967 1757 2002 ἐμπειρίαν
1782 1968 1839 1994 τῶν

1048 2010 1116 2044 πρὸς
1131 2010 1288 2045 ἐπιστήμην
1304 2010 1395 2046 ἀρχῶν
1411 2011 1583 2047 παρεκτικὴν
1594 2012 1627 2038 ἑκ
1644 2012 1772 2048 διαδοχῆς
1788 2015 1839 2041 καὶ

1049 2057 1234 2092 συλλήπτριαν
1259 2057 1393 2090 γίνεσθαι.
1427 2056 1571 2084 Ἐντεῦθεν
1604 2058 1659 2092 γὰρ
1684 2059 1716 2085 αἰ
1733 2068 1763 2086 τε
1789 2050 1853 2087 ’πο--

1047 2103 1161 2139 λυειδεῐς
1184 2103 1325 2138 ἐρρύησαν
1344 2103 1396 2138 τῆς
1411 2104 1508 2138 σοφίας
1523 2106 1621 2139 πηγαὶ,
1636 2105 1682 2131 καὶ
1705 2106 1729 2132 οἱ
1752 2107 1839 2134 πάλαι

1047 2135 1096 2183 τῆς
1111 2135 1428 2184 ἐπιστήμης-ἐφευρεταὶ
1448 2135 1501 2177 τῶν
1517 2135 1698 2186 ’τε-αἰθερίων
1721 2153 1769 2179 καὶ
1789 2161 1840 2179 πε-

1050 2196 1161 2230 ριγείων
1186 2195 1236 2229 τὴν
1267 2196 1368 2229 γνῶσιν
1395 2195 1545 2231 ὴρύσαντο,
1575 2198 1622 2223 καὶ
1647 2197 1697 2232 τῆς
1721 2206 1754 2231 γε
1783 2199 1840 2226 τῶν

1048 2242 1179 2269 ποικίλων
1206 2244 1252 2269 καὶ
1277 2243 1459 2270 παντοδαπῶν
1478 2244 1650 2278 πραγμάτων
1674 2252 1703 2270 τε
1730 2244 1778 2271 καὶ
1795 2245 1840 2271 λύ-

1046 2296 1102 2321 γων
1126 2288 1316 2318 διδασκαλίας.
1328 2288 1389 2313 ὅσον
1409 2289 1533 2321 ἐφικτὸν,
1553 2289 1602 2320 τὰς
1618 2290 1746 2324 ἀφορμὰς
1763 2290 1840 2317 ἀνει-

1046 2333 1178 2368 λήφεσαν.
1196 2332 1268 2361 Εἶεν.
1292 2333 1362 2368 Ἐγὼ
1381 2333 1402 2359 δ’
1421 2335 1462 2365 εἰς
1471 2334 1516 2360 τὸν
1532 2334 1628 2369 εἱρμὸν
1644 2336 1773 2370 ἐπάνειμι
1789 2337 1839 2363 τοῦ

1047 2380 1140 2414 λόγου.

1085 2427 1148 2454 ΚΔ¹.
1169 2428 1197 2455 '0
1209 2429 1264 2463 γάρ
1288 2428 1565 2463 τοιπατριαρχεύσας
1593 2429 1741 2459 Κάλλιστος
1770 2430 1841 2462 μετὰ

1049 2471 1098 2505 τὴν
1112 2471 1195 2498 αὑτοῦ
1222 2471 1385 2506 καθαίρεσιν
1401 2473 1449 2498 καὶ
1471 2473 1517 2498 τὸν
1532 2474 1572 2503 εἰς
1589 2473 1620 2498 τὸ
1636 2472 1841 2507 Γαλατώνυμον

1050 2516 1082 2553 [ί.
1100 2517 1151 2544 129
1167 2517 1203 2553 r.]
1219 2518 1350 2552 φρούριον
1366 2518 1419 2544 τῶν
1433 2519 1557 2545 Λατίνων
1570 2518 1700 2553 λαθραῖον
1716 2519 1840 2553 δρασμὸν

1051 2564 1165 2596 ἐκεῖνον,
1185 2563 1282 2598 καιροῦ
1299 2564 1368 2597 μετὰ
1388 2565 1485 2598 χρόνον
1500 2565 1562 2590 τινὰ
1577 2563 1668 2599 τυχὼν
1684 2563 1772 2599 λάθρα
1788 2565 1840 2591 κά-

1052 2610 1142 2636 κεῖθεν
1156 2610 1230 2646 ἐξῄει
1245 2612 1292 2638 καὶ
1308 2611 1336 2642 ἐς
1349 2610 1462 2636 Τένεδον
1476 2611 1706 2642 κατεπεπλεύκει,
1725 2611 1843 2638 Παλαιο-

1051 2655 1124 2690 λόγῳ
1151 2656 1190 2690 τῷ
1211 2655 1318 2690 βασιλεί
1334 2655 1514 2690 χαριζόμενος
1529 2663 1558 2681 τε
1591 2656 1636 2681 xa‘t
1663 2656 1724 2681 ἀντὶ
1751 2656 1841 2690 δώρου

1052 2702 1154 2734 παντὸς
1171 2703 1200 2728 τὸ
1212 2702 1260 2736 τῆς
1288 2702 1317 2727 ἐν
1343 2701 1443 2736 καρδίᾳ
1469 2700 1696 2735 θαλαμευομένης
1721 2701 1843 2736 σχέσεως

1053 2746 1175 2781 κομίζων
1195 2745 1337 2780 διάπυρον,
1353 2745 1398 2772 τὴν
1426 2744 1496 2779 ὑπὲρ
1511 2744 1596 2771 αὑτοῦ
1617 2745 1740 2780 δηλονότι
1760 2745 1842 2779 ζῆλον

1054 2793 1145 2827 ἔργοις
1156 2792 1258 2823 αὐτοῖς.
1270 2792 1316 2818 καὶ
1329 2790 1519 2826 ἀφηγούμενος
1535 2791 1608 2822 ὅπως
1620 2791 1680 2824 ἐξὸν
1695 2790 1843 2818 ἀπολαύειν

1054 2839 1103 2873 τῆς
1120 2839 1323 2873 πατριαρχικῆς
1339 2838 1463 2871 ἐξουσίας
1490 2839 1538 2864 καὶ
1552 2837 1610 2871 ἅμα
1625 2839 1674 2872 τῆς
1685 2838 1843 2873 Καντακον-

1057 2884 1139 2920 ξηιιοῦ
1164 2883 1352 2918 βασιλεύοντος
1367 2883 1510 2918 εὐμενείας
1525 2884 1571 2910 καὶ
1588 2884 1758 2918 εὐεργέτιδος
1774 2885 1844 2917 γνώ-
