1909 3064
566 128 787 158 ΒΥΖΛΝΤΙΝΕ
805 128 998 158 ΗΙΞΤΟΒΙᾹΞ
1016 129 1087 160 LIB.
1104 129 1211 161 XXIX.

1637 132 1688 163 526

60 194 118 220 μης,
145 186 170 211 εἰ
199 185 325 211 ἐϐούλετο
352 187 491 212 κοινωνεῖν
510 186 584 221 αὑτῷ
607 187 658 221 τῆς
677 187 748 222 ὑπὲρ
764 187 840 214 Ματι

896 187 968 213 thtco
982 187 1057 220 regio
1077 188 1132 214 ﬁlio
1149 189 1229 215 factm
1243 197 1249 220 ;
1265 186 1309 214 hic
1323 195 1387 214 vero
1402 193 1521 216 extrema
1535 190 1588 224 pati
1605 191 1690 218 male-

59 230 130 256 θαίου
145 230 194 257 τοῦ
209 231 267 257 υἱοῦ
279 231 423 266 βασιλικῆς
439 232 630 267 ἀναρρήσεως,
644 235 657 259 ὁ
671 233 699 259 δὲ
712 234 745 260 τὰ
760 234 843 269 ἔσχα-

59 286 89 302 τα
104 277 222 312 πάσχειν
246 278 350 309 εἵλετο,
375 278 430 305 τῶν
457 279 593 314 πατρῴων
620 281 844 314 ἀντιποιούμενος

52 323 136 350 αὑτοῦ
152 323 276 350 δικαίων.
303 324 357 350 Καὶ
370 325 394 350 εξ
410 325 447 359 μὴ
464 325 582 360 λαθραία
598 328 669 361 φυγῇ
686 327 736 360 τὴν
754 335 844 361 σωτη-

60 369 116 402 ρίαν
131 369 262 404 ἐπόριζεν
289 370 388 404 ἐαυτῷ,
408 371 526 405 τάχιστα
543 372 576 397 ἂν
605 372 702 407 εἱρκτὴ
719 373 843 408 ζοφώδης

60 414 103 439 καὶ
118 413 235 440 θανάτου
263 414 352 448 βιαίου
378 415 476 447 γείτων
505 417 612 452 ἐδέχετο
638 418 840 450 reita-15005;.

61 461 110 486 Καὶ
125 461 168 487 ἵνα
186 462 236 487 τὰν
259 463 333 496 μέσῳ
353 463 488 497 συντέμω,
506 463 566 489 ὅλον
581 463 704 490 ἐνιαυτὸν
720 465 777 490 ἐκεῖ
786 465 843 500 διη-

59 506 146 532 νυκὸτι
169 507 204 532 τά
223 507 247 532 τ’
270 508 337 534 ἄλλα
357 507 410 543 [rel
428 508 502 543 αὐτῷ
523 508 601 535 πάντ’
618 509 716 544 ἐδρᾶτο
739 511 772 536 τὰ
788 519 842 536 πα-

57 552 198 587 τριάρχης
225 551 320 586 ἔθιμα,
336 554 383 579 καὶ
399 553 456 587 ἅμα
469 555 578 588 γραφὰς
592 555 642 581 οὐκ
659 555 756 590 ἡμέλει
771 556 843 589 πέμ-

57 606 112 623 πων
129 598 299 630 Βυζαντίοις,
317 599 379 625 ὅσαι
402 599 452 634 τὴν
468 601 508 630 είς
532 600 615 627 αὑτὸν
639 600 842 636 ὲξετραγῴδουν

57 644 174 675 ἀδικίαν,
201 646 247 671 καὶ
273 645 367 680 μοιχον
393 646 442 680 μὲν
458 647 584 682 προφανῆ
604 646 697 673 καλῶν
715 647 842 674 Φιλόθεον

56 691 98 716 τὸν
113 691 259 724 Κόκκινον,
277 693 409 727 προδότας
424 692 452 719 δὲ
464 693 514 727 τῆς
527 693 581 719 τῶν
592 694 716 720 κανόνων
734 695 780 720 καὶ
798 695 842 721 νό-

57 745 112 770 μων
131 737 260 769 ἐξουσίας
279 739 342 768 τοὺς
359 739 528 770 ἐπισκόπους
543 740 591 766 καὶ
608 739 675 766 Θεοῦ
703 749 842 776 καταφρο-

55 784 145 816 νητὰς,
167 784 209 809 ὅτι
225 785 284 814 ταῖς
301 784 455 818 βασιλικαῖς
476 785 635 817 ὑπείξαντες
653 787 698 812 καὶ
712 787 842 822 ἡττηθέν-

56 837 97 859 τες
112 829 218 860 ἀδίκοις
230 830 347 864 δωρεατς
371 832 502 865 συνέχεον
517 832 552 858 τά
567 840 596 858 τε
610 833 659 868 τῆς
676 833 842 867 Ἐκκλησίας

55 875 204 909 πράγματα
218 876 265 901 καὶ
277 876 345 910 πρός
356 884 388 910 γε
401 877 432 910 δὴ
446 878 478 903 τὰ
499 878 548 912 τῆς
562 878 675 912 ἐννόμου
688 878 840 912 βασιλείας.

55 921 106 947 Καὶ
125 921 173 947 ἐπὶ
190 921 296 953 τούτοις
314 922 466 956 ἁναῦέματί
491 931 520 949 τε
545 923 643 955 αὐτοὺς
667 924 842 951 καθυπὲὁαλε

54 968 98 992 καὶ
112 967 249 1002 χωρισμῷ
259 967 338 993 Θεοῦ.
355 968 391 994 Ἀ
408 968 439 1002 δὴ
460 968 545 1003 συχνὰ
561 969 607 995 καὶ
622 969 701 1004 δίκην
713 970 798 1004 βελῶν
811 972 842 996 ὲκ

55 1011 170 1038 Τενέδου
194 1012 360 1045 πεμπόμενα
392 1012 499 1046 βλέπων
527 1013 540 1038 ὁ
559 1012 609 1047 τῆς
636 1014 842 1049 πατριαρχικῆς

55 1058 180 1090 ἐξουσίας
199 1058 472 1092 ἄρτιὲπειλημμένος
486 1058 621 1090 Κόκκινος
635 1059 787 1094 ἠγανάκτει
812 1068 843 1086 τε

54 1104 98 1129 καὶ
112 1103 375 1138 ἀντιμηχανώμενος
401 1104 450 1130 οὐκ
466 1104 566 1139 ἡμέλει
586 1105 620 1131 τὰ
637 1106 694 1132 ῐσα.
712 1106 842 1139 Συνάγιυν

53 1150 103 1185 γὰρ
123 1150 188 1181 τοὺς
208 1150 417 1184 πλησιοχώρους
445 1151 625 1183 ἐπισκόπους,
641 1151 690 1178 καὶ
712 1152 769 1178 ὅσοι
792 1153 844 1178 Βυ-

53 1196 151 1230 ζαντίῳ
176 1196 390 1231 ἐνδιατρίϐοντες
424 1196 519 1231 ἔτυχον
535 1197 760 1231 ὁπωσδηποτοῦν,
788 1197 842 1232 ψη-

55 1243 177 1277 φίσματα
194 1242 309 1274 ὲξετίθει
330 1251 358 1268 τε
388 1243 434 1268 καὶ
451 1242 586 1276 διέπεμπε
602 1243 729 1278 πανταχῆ
746 1243 843 1269 ἀναθέ-

56 1288 119 1320 ματι
134 1295 164 1313 τε
192 1287 241 1313 καὶ
263 1287 411 1322 ἀφορισμῷ
428 1287 652 1321 παραπέμποντα
678 1288 841 1315 Κάλλιστον.

55 1333 183 1367 Ἐπεμπε
200 1333 228 1359 δὲ
245 1333 363 1367 μάλιστα
389 1333 445 1363 τοῖς
471 1334 500 1360 ὲν
518 1333 594 1366 ’Λθῳ
617 1333 655 1367 τῷ
681 1333 738 1368 ὕρει
759 1333 842 1368 μονά-

52 1378 127 1410 ζουσι
140 1379 176 1405 τὰ
189 1378 301 1404 τοιαῦτα
312 1379 488 1413 ψηφίσματα,
503 1379 703 1413 παραγγέλλων
718 1380 765 1405 ἐπὶ
779 1379 842 1405 τού-

52 1433 105 1456 τοις
123 1424 188 1459 μηδ’
203 1426 228 1451 εί
248 1424 393 1460 βουληθείη
421 1425 486 1459 παρ’
505 1426 626 1457 ἐκείνους
649 1427 744 1460 φοιτᾷν
769 1426 843 1460 δέχε-

53 1471 114 1498 σθαι
130 1471 238 1504 τοῦτον,
255 1471 297 1498 ἆτ’
309 1472 353 1498 ἐπ’
367 1472 523 1506 ἐγκλήμασι
537 1472 752 1504 Μασαλιανικοῖς
767 1472 841 1498 ἐννό-

898 231 944 258 bat
965 233 1050 266 patria
1067 232 1120 259 sibi
1152 233 1213 267 jura
1233 232 1377 259 vindicans
1390 242 1397 266 ;
1410 239 1437 260 et
1463 234 1517 260 nisi
1545 234 1693 262 clandesti—

898 285 932 304 na
965 277 1025 311 fuga
1055 277 1170 304 salutem
1203 278 1364 312 pra-buissct
1391 278 1454 308 sibi,
1472 279 1615 306 celerrime
1647 279 1698 307 ille

899 323 1022 350 inclusus
1042 328 1115 350 esset
1141 324 1168 350 in
1183 325 1322 356 tenebras,
1337 329 1364 350 et
1379 325 1476 351 mortis
1489 325 1614 352 violenta!
1626 334 1690 360 pro-

899 370 1021 404 pinqttus
1033 370 1110 396 locus
1124 370 1211 404 ipsum
1229 371 1319 397 statim
1337 371 1500 404 excepisset.
1511 372 1598 405 Atque
1611 376 1640 397 ut
1654 372 1688 398 ab

899 415 959 449 ipso
976 416 1022 449 qui
1050 415 1078 442 in
1107 416 1261 442 meditullio
1288 417 1399 443 t‘UllCiSl)
1425 417 1560 450 integrum
1585 425 1687 443 annum

896 460 933 488 ibi
963 467 1141 496 transegerat.
1158 470 1219 488 cum
1253 463 1356 496 reliqua
1379 464 1470 490 ctunia
1494 464 1690 497 perﬁcerentur

895 507 1059 541 patriarehis
1074 507 1183 539 usitata,
1194 513 1221 534 et
1236 509 1316 534 simul
1329 509 1473 535 accusandi
1487 509 1619 535 formulas
1633 518 1688 536 non

896 553 1046 587 negligeret
1056 553 1162 580 tuittcre
1183 553 1265 588 258
1274 554 1429 588 Byzantinis
1437 559 1574 588 quotquot
1586 555 1629 581 illa
1636 560 1688 581 tam

895 597 947 624 sibi
973 602 1170 632 exaggerareut
1200 599 1339 631 iujnriatn,
1355 604 1382 626 et
1400 600 1536 626 tntechum
1564 605 1689 635 apertum

895 642 991 669 dicens
1010 643 1183 670 Philothcum
1201 644 1349 671 Coccinum
1366 650 1395 672 et
1426 645 1584 679 proditores
1612 651 1690 680 pote-

897 689 977 715 SIatis
991 689 1146 723 regularum
1163 695 1191 716 et
1207 690 1296 724 legum
1313 690 1491 725 cpiscoposet
1506 692 1552 718 Dei
1567 698 1690 718 content-

895 739 1000 769 ptures,
1011 735 1083 769 quod
1098 735 1274 769 imperatoris
1284 736 1356 770 capti
1368 742 1395 764 et
1410 737 1473 764 victi
1487 737 1594 772 injustis
1609 737 1688 764 donis

895 780 1042 807 miscerent
1054 785 1082 807 et
1094 781 1223 808 Ecclesia:
1235 789 1277 809 res
1291 786 1318 808 et
1329 782 1442 818 legitimi
1456 787 1586 817 praeterea
1599 783 1686 819 regni.

894 825 928 852 Et
942 826 1057 860 insuper
1085 827 1272 854 exsecratione
1297 828 1430 855 subvertit
1456 836 1504 856 eos
1531 834 1561 856 et
1578 837 1688 856 excom-

857 862 879 889 Β
895 872 1085 899 municatioue
1099 873 1206 906 divina;
1221 881 1281 908 qum
1296 874 1407 908 quidem
1430 874 1559 902 continua
1582 879 1610 902 et
1620 876 1689 903 telo-

894 927 953 946 rum
976 919 1098 946 adinstar
1112 927 1146 946 ex
1157 919 1270 946 Tenedo
1288 920 1368 947 missa
1384 921 1481 947 videns
1497 921 1687 955 patriarchicaa

893 968 1038 1001 potestatis
1063 976 1152 1002 nuper
1177 968 1315 1002 particeps
1344 968 1433 995 factus
1461 968 1595 996 Coccinns
1615 977 1687 1003 at,ng

894 1012 1000 1039 ferebat
1012 1020 1039 1040 et
1054 1019 1148 1041 contra
1171 1014 1337 1041 moliebatur
1352 1022 1439 1049 neque
1456 1015 1554 1042 eadem
1571 1015 1686 1050 rejicerc

894 1058 1060 1093 negligebat.
1078 1059 1244 1086 Convocatis
1261 1060 1336 1086 enim
1349 1060 1484 1094 proximis
1500 1061 1647 1095 episcopis.
1658 1065 1687 1088 et

895 1104 928 1130 iis
942 1105 988 1137 qui
1006 1108 1062 1131 tum
1080 1104 1149 1132 forte
1164 1105 1415 1140 qnomodocunque
1440 1106 1563 1141 Byzantii
1591 1114 1685 1134 versa-

894 1148 1005 1181 bantur.
1021 1150 1130 1176 decreta
1142 1150 1284 1184 proposuit
1303 1155 1330 1177 et
1343 1151 1417 1178 misit
1435 1152 1461 1178 iu
1476 1158 1572 1178 omnes
1594 1156 1687 1186 partes

893 1195 1083 1222 exsecratione
1115 1201 1143 1222 et
1172 1196 1349 1223 damnatione
1374 1197 1510 1223 munitum
1531 1197 1685 1224 Callistum.

894 1242 966 1269 Misit
988 1247 1079 1270 autem
1102 1243 1220 1270 maxime
1250 1245 1275 1270 in
1297 1243 1369 1270 Atho
1395 1248 1488 1270 monte
1511 1243 1687 1271 versantibus

893 1288 1037 1315 monachis
1052 1289 1114 1315 talia
1134 1289 1255 1320 decreta,
1271 1288 1411 1323 imperans
1433 1294 1575 1322 pra'terea,
1603 1297 1648 1322 ne,
1663 1289 1686 1316 si

893 1335 975 1361 vellet
991 1335 1026 1361 ad
1055 1335 1116 1361 illos
1147 1334 1253 1366 venire,
1269 1342 1332 1361 eum
1355 1334 1511 1368 reciperent
1526 1334 1561 1361 ob
1575 1334 1685 1362 decreta

893 1381 1081 1407 massaliauiea
1108 1380 1254 1414 expulsum
1289 1380 1422 1414 legitime,
1451 1387 1502 1406 nec
1517 1388 1546 1407 se
1574 1380 1686 1415 judiciis

893 1428 1136 1461 sistentemnequc
1163 1431 1304 1453 verentem
1335 1426 1481 1460 imperiose
1503 1426 1633 1453 mandare
1658 1433 1686 1454 et

892 1480 1037 1500 exsccrare
1053 1478 1082 1499 et
1099 1474 1358 1501 excutnmuuicare:
1376 1481 1489 1500 necesse
1514 1473 1597 1508 igitur
1621 1481 1686 1508 pro-

51 1526 108 1551 μως
132 1517 332 1551 καθαιρεθέντα
356 1519 402 1544 καὶ
429 1519 479 1544 οὐκ
495 1518 651 1553 ἐμμένοντα
664 1520 724 1549 ταῖς
739 1519 838 1551 δίκαις,

895 1523 984 1552 ptcrea
1005 1522 1032 1544 et
1053 1517 1125 1551 quod
1139 1518 1194 1552 jam
1211 1519 1349 1553 synodieis
1361 1519 1597 1546 exsecrationibus
1611 1525 1685 1546 esset

49 1563 106 1589 ἀλλ’
120 1564 325 1598 ἁρχιερατικῶς
337 1564 493 1590 ἐπιτάττειν
506 1566 553 1590 καὶ
565 1564 778 1598 ἀναθεματίζειν
791 1564 839 1590 καὶ

47 1609 190 1643 ἀφορίζειν
203 1609 446 1644 ἀναισχυντοῦντα.
463 1609 560 1644 Χρεὼν
574 1608 621 1636 οὖν
636 1610 678 1636 διὰ
695 1610 783 1636 ταῦτα
796 1618 836 1642 τε,

892 1563 997 1598 ejectus
1022 1568 1048 1590 et
1079 1563 1172 1590 divina
1199 1563 1390 1596 damnatione,
1414 1567 1544 1598 tanquam
1579 1569 1685 1599 pestem

892 1616 907 1635 a
923 1616 1002 1636 SQCI‘O
1014 1613 1108 1636 monte
1122 1616 1185 1636 eum
1204 1617 1311 1637 arcere.

48 1657 94 1682 καὶ
109 1656 148 1687 ὡς
165 1656 216 1691 ἠδη
242 1657 288 1682 καὶ
306 1657 457 1687 συνοδικοίς
480 1657 714 1692 ἀναθεματισμοῖς
729 1655 950 1683 ὑποπεπτωκότα
965 1656 1013 1682 καὶ
1040 1655 1080 1690 τῷ
1111 1656 1143 1682 ἐκ
1176 1654 1244 1682 Θεοῦ
1278 1656 1413 1692 χωρισμῷ
1425 1676 1432 1689 ,
1451 1653 1496 1683 οἶα
1526 1657 1617 1692 λύμην
1635 1657 1684 1688 τοῦ

46 1703 126 1737 ὅρους
143 1703 300 1730 ἀποσοϐεῖν.

81 1748 146 1776 κε’.
184 1750 260 1776 Ἐπεὶ
276 1750 304 1775 δὲ
318 1750 353 1775 τὰ
378 1751 528 1785 πράγματα
552 1751 681 1786 καθάπερ
699 1752 836 1786 ὀστράκου

47 1796 250 1831 μεταπεσόντος
266 1797 329 1822 νέαν
355 1795 417 1831 ἔσχε
434 1797 586 1832 μεταϐολὴν
598 1818 604 1829 ,
622 1797 653 1833 [ί.
672 1798 720 1825 l29
738 1797 776 1833 0.]
793 1799 838 1824 καὶ

44 1845 83 1879 τῷ
101 1844 154 1878 μὲν
170 1843 315 1878 Καλλίστῳ
345 1842 398 1869 τῶν
418 1844 629 1879 πατριαρχικῶν
642 1843 718 1875 αὖθις
734 1843 838 1879 κρατῆ-

46 1897 90 1914 σαι
115 1888 277 1922 συμϐέϐηκε
297 1887 418 1921 Θρόνιον,
451 1888 489 1922 τῷ
509 1888 537 1914 δὲ
555 1889 681 1924 Κοκκίνῳ
707 1889 837 1924 Φιλοθέῳ,

47 1935 113 1969 πρὶν
127 1934 284 1963 αἰσθέσθαι,
297 1933 432 1968 λαμπρῶς
450 1934 554 1961 ἐκεῖθεν
565 1934 733 1970 ἀπερρἰθαι
748 1935 838 1970 πάσης

47 1980 200 2015 ἱερωσύνης
215 1980 329 2014 γυμνὸν,
343 1980 380 2011 ὡς
392 1980 565 2015 εἰρήκειμεν,
578 1981 730 2015 γράμματα
741 1979 836 2014 ἐφοίτα

46 2027 121 2061 αὑτῷ
137 2027 207 2061 πρὸς
225 2027 279 2052 τῶν
295 2026 335 2060 τῷ
357 2026 416 2061 δρει
430 2026 468 2062 τῷ
489 2027 591 2053 ’Λθωνι
619 2026 837 2061 ἐνδιαιτωμένιυν

49 2072 207 2107 μοναδικῶν
237 2072 351 2106 ἀνδρῶν,
378 2073 502 2106 Νίφωνος
531 2073 739 2107 κατηγοροῦντά
765 2081 837 2103 τινος

46 2120 100 2145 τῶν
132 2120 192 2145 ἐκεῖ
209 2119 336 2152 μοναχῶν
355 2119 451 2152 ἱερέως
477 2119 628 2153 τούπίκλην
643 2119 791 2153 Σκορπίου,
808 2118 837 2149 ὃς

44 2165 279 2200 προκατηγὸρητο
293 2165 346 2198 πρὸ
361 2164 477 2199 βραχέος
494 2166 540 2190 ἐπὶ
567 2166 600 2199 τῇ
623 2165 678 2190 τῶν
695 2164 838 2191 Μασαλια-

926 1748 1008 1776 XXV'.
1022 1749 1171 1783 Postquam
1195 1752 1285 1775 autem
1300 1756 1353 1781 res,
1369 1749 1447 1783 quasi
1461 1750 1560 1776 testula
1575 1750 1683 1778 inversa

890 1803 988 1822 novam
1000 1799 1112 1830 experta
1124 1799 1165 1821 est
1183 1794 1415 1827 immutationem,
1428 1795 1575 1822 etCallisto
1587 1805 1684 1824 rursus

889 1842 1073 1876 patriarchiea
1100 1841 1165 1868 sede
1188 1841 1269 1875 potiri
1300 1841 1425 1878 contigit.
1442 1840 1685 1877 Coccinun1259

889 1893 980 1914 autem
998 1887 1174 1914 Philotheum
1192 1887 1353 1920 priusquam
1367 1888 1482 1914 sentiret
1494 1888 1639 1921 splendide
1651 1896 1684 1916 ac

889 1941 951 1960 cum
969 1933 1054 1968 gloria
1077 1932 1140 1959 inde
1168 1932 1282 1966 ejicere,
1298 1934 1372 1958 omni
1406 1933 1562 1960 sacerdotio
1583 1935 1683 1968 spolia-

891 1981 1003 2012 tunt,:ut
1017 1979 1146 2010 diximus,
1156 1978 1263 2005 litteras
1273 1978 1298 2004 ei
1310 1978 1402 2004 attulit
1414 1978 1448 2004 ab
1464 1979 1684 2007 inhabitantibus

890 2025 982 2052 Athon
996 2028 1117 2050 montem
1142 2031 1252 2050 sacrum
1268 2023 1335 2050 viris
1361 2024 1504 2055 solitariis,
1521 2030 1684 2052 accusantes

887 2071 1043 2105 Niphonem
1060 2071 1205 2104 quemdam
1226 2077 1259 2096 ex
1277 2070 1331 2096 illis
1347 2070 1491 2097 monachis
1507 2072 1682 2098 sacerdotem

888 2117 1052 2152 cognomine
1070 2116 1236 2150 Seorpium:
1259 2117 1305 2150 qui
1326 2121 1406 2143 antea
1424 2122 1570 2144 accusatus
1593 2117 1684 2145 fuerat

889 2163 970 2198 paulo
1003 2162 1082 2196 prius
1100 2167 1213 2196 propter
1229 2162 1455 2189 Massalzanorum
1472 2167 1500 2188 ct
1528 2163 1683 2197 Bogomilo-

43 2212 97 2237 νῶν
115 2214 164 2236 καὶ
181 2210 338 2243 Ιίογομίλων
349 2211 464 2244 αἱρέσει,
480 2209 600 2241 σκιωδῶς
618 2218 675 2240 πως
690 2210 736 2236 καὶ
746 2210 836 2244 ἀμαρ-

895 2218 947 2236 -ιιιη
974 2210 1089 2236 hteresiu
1118 2209 1188 2236 clam
1220 2208 1286 2235 abiit
1313 2213 1340 2236 et
1363 2209 1423 2235 sine
1451 2209 1580 2237 testibus.
1612 2210 1681 2238 Huic

43 2257 134 2292 ττὶρως
156 2256 208 2282 ἔτι.
226 2256 320 2291 Τούτῳ
338 2257 428 2290 μέντοι
446 2257 523 2290 φίλος
540 2255 577 2282 ὢν
592 2257 623 2281 ἐκ
640 2255 738 2282 πολλοῦ
761 2255 839 2281 Κάλ-

42 2302 137 2332 λιστος
163 2301 226 2327 οὐδὲ
242 2300 290 2326 νῦν
321 2301 494 2335 πατριάρχης
512 2300 660 2334 γενόμενος
687 2300 737 2335 τῆς
753 2298 836 2326 αὑτοῦ

43 2348 139 2380 φιλίας
150 2348 298 2382 ἀπέσχετο,
318 2347 387 2374 ἀλλὰ
413 2347 462 2381 μία
477 2355 520 2378 τις
537 2345 572 2382 ἦν
588 2348 617 2373 ὲν
629 2347 733 2380 ἀμφοῖν
749 2345 835 2380 ψυχή.

41 2396 87 2420 Διὸ
105 2395 156 2420 καὶ
175 2393 309 2428 ὠργίζετο
324 2395 380 2424 τοῖς
395 2394 568 2427 κατηγόροις,
583 2394 631 2421 καὶ
643 2394 723 2428 ἀραῖς
733 2392 837 2426 ἐγγρά-

42 2448 104 2472 φοις
123 2439 174 2465 καὶ
198 2439 363 2473 ἀφορισμοῖς
377 2437 553 2466 καθυπέϐαλε
569 2438 615 2464 καὶ
631 2439 658 2463 εἷ
670 2446 712 2469 τις
733 2438 775 2472 εἴη
790 2447 836 2464 πι-

44 2485 162 2511 στεύων.
184 2484 244 2518 Ἐφ’
260 2482 299 2515 οἷς
314 2483 531 2518 παροξυνθέντες
546 2485 658 2515 ἐκεῖνοι,
674 2485 721 2510 καὶ
733 2484 791 2519 ἅμα
807 2485 836 2510 τὺ

41 2530 149 2566 θάρρος
163 2531 273 2564 ἔχοντες
287 2530 319 2554 ὲκ
334 2529 383 2562 τῆς
406 2529 547 2564 ἀληθείας,
569 2529 787 2564 συνεληλύθεσαν
804 2529 836 2554 ἐκ

40 2577 128 2610 ουνοή
135 2584 233 2610 ματος,
248 2575 291 2609 ἐφ’
306 2571 391 2609 οὗπερ
405 2575 465 2604 ἔθος
474 2572 508 2610 ἦν
523 2575 661 2606 κάκείνοις
675 2575 718 2600 ἀεὶ
732 2575 836 2600 συνιόν-

39 2631 91 2654 τας
107 2621 249 2648 ποιεῖσθαι
267 2621 301 2647 τὰ
317 2621 402 2646 τοιαδὶ
421 2621 475 2647 τῶν
493 2622 671 2656 σκεμμάτων.
688 2622 743 2647 Καὶ
753 2621 836 2656 τόμος

39 2669 184 2695 ἐκτίθεται
212 2669 274 2698 ταῖς
290 2668 418 2693 ἁπάντων
433 2667 544 2694 ἐκείνων
565 2669 729 2703 μαρτυρίαις
745 2677 835 2694 συνει-

37 2714 195 2749 λημμένος,
209 2714 245 2739 τά
262 2722 292 2740 τε
309 2713 374 2739 ἄλλα
391 2714 478 2747 δηλῶν
494 2715 540 2741 καὶ
555 2715 595 2741 ὅτι
608 2715 638 2741 οὐ
659 2715 712 2741 τῶν
726 2715 779 2741 ἀπὸ
791 2715 836 2740 τί-

38 2767 89 2792 χης
110 2757 159 2784 καὶ
175 2758 231 2784 τῶν
246 2756 275 2788 ἐξ
291 2757 447 2791 αὐτομάτου
462 2757 631 2791 συμπίπτειν
643 2759 795 2786 δοκούντων
805 2758 835 2785 ἓν

37 2812 63 2828 τι
93 2804 144 2830 καὶ
159 2803 191 2830 τὸ
207 2802 256 2829 νῦν
275 2804 469 2837 πεπραγμένον
485 2804 619 2839 ὑπῆρχεν,
637 2805 680 2831 ἵνα
707 2806 752 2831 καὶ
769 2807 833 2840 σιγῇ

37 2849 169 2881 δεδωκώς
184 2857 229 2880 τις
245 2848 379 2884 ἀθόρυϐον
397 2851 448 2885 σχῇ
462 2851 580 2882 συνειδὸς
597 2853 640 2877 καὶ
659 2853 771 2887 μηᾶςιμή
786 2854 834 2887 τὴν

888 2255 998 2289 quidem
1013 2255 1120 2281 anticus
1138 2261 1223 2280 verus
1238 2259 1297 2280 erat
1311 2254 1397 2280 multo
1411 2263 1443 2280 ex
1461 2259 1583 2289 tempore
1594 2256 1680 2282 Calli~

889 2306 957 2331 stus,
978 2308 1066 2334 neque
1084 2307 1158 2326 nunc
1188 2300 1345 2334 patriarcha
1373 2300 1460 2327 factus
1483 2302 1542 2336 ejus
1559 2302 1680 2329 amicitia

889 2345 1038 2377 abstinuit;
1055 2345 1102 2372 sed
1134 2353 1186 2372 una
1220 2346 1277 2372 lere
1293 2349 1354 2372 erat
1382 2347 1407 2371 in
1430 2350 1546 2380 utroque
1576 2347 1677 2374 anima.

888 2391 1073 2423 Quamobrem
1100 2391 1184 2418 etiam
1220 2391 1391 2418 irascebatur
1417 2392 1625 2419 accusatoribus
1651 2397 1680 2419 et

889 2438 955 2465 diris
965 2438 1243 2472 imprecaudisattpte
1258 2438 1534 2475 camlemuatiouibus
1550 2438 1678 2472 subjecit,

887 2490 914 2510 et
928 2484 949 2510 si
961 2484 1024 2518 quis
1044 2483 1125 2510 ﬁdem
1139 2484 1253 2510 haberet
1277 2484 1321 2515 iis,
1334 2483 1368 2510 de
1384 2483 1486 2518 quibus
1502 2485 1573 2510 inter
1591 2483 1682 2510 irrita-

889 2533 931 2556 tos
949 2529 1010 2555 illos
1033 2533 1060 2555 et
1082 2529 1163 2555 simul
1192 2537 1224 2555 ex
1258 2529 1373 2555 veritate
1400 2529 1520 2555 animum
1548 2528 1682 2556 habentes

887 2576 1061 2602 c0nveuitex
1089 2575 1253 2608 composito.
1268 2574 1328 2606 Quo
1359 2579 1481 2608 tempore
1511 2574 1594 2600 etiam
1623 2582 1683 2602 mos

887 2627 947 2649 erat
961 2622 1023 2655 illis,
1041 2630 1149 2656 semper
1169 2622 1369 2648 convenientes
1385 2621 1473 2647 facere
1498 2621 1565 2648 tales
1577 2621 1683 2656 disqui-

887 2669 1013 2701 sitiones,
1030 2674 1055 2695 et
1085 2674 1176 2695 tomus
1203 2668 1350 2702 exponitur
1375 2668 1408 2694 de
1435 2668 1557 2694 omnium
1573 2667 1682 2698 illorum

888 2715 1053 2742 testimOuiis
1065 2719 1227 2748 conceptus,
1245 2715 1271 2741 in
1288 2715 1396 2742 caeteris
1425 2715 1508 2742 etiam
1540 2714 1681 2748 aperiens,

888 2769 940 2787 non
956 2769 987 2787 ex
1002 2760 1035 2787 iis
1048 2768 1108 2794 quae
1123 2760 1238 2786 fortuitu
1253 2765 1281 2786 et
1302 2765 1399 2795 sponte
1415 2760 1540 2787 accidere
1555 2759 1682 2786 videntur

888 2813 971 2832 unum
986 2805 1115 2840 quiddam
1128 2812 1201 2831 nunc
1215 2813 1324 2839 quoque
1343 2813 1403 2831 esse
1416 2804 1517 2831 factum
1530 2812 1535 2834 ;
1557 2806 1585 2828 ut
1598 2802 1682 2829 etiam

888 2851 999 2878 silentio
1020 2850 1134 2884 largitus
1159 2850 1260 2884 aliquis
1290 2851 1437 2885 tranquilla
1463 2853 1587 2876 υἱεῖς-1111·
1614 2857 1682 2875 cuum
