1909 3064
233 142 283 172 £27

831 126 1039 161 ΝΠΖΕΡΗΟΒῙ
1059 125 1248 156 GREGORE

1799 118 1854 149 22%

233 194 362 226 scientia,
383 201 434 220 uec
451 192 505 219 ullo
522 190 601 218 modo
613 190 734 217 animum
750 188 871 215 dormire
887 191 914 213 et
927 187 1019 212 deser—

1086 182 1188 217 εαρδίαν
1201 180 1341 207 καθεύδειν
1364 180 1409 206 καὶ
1424 178 1538 213 ἠρεμεῖν
1557 174 1723 211 βουλομένην
1750 174 1858 208 ἀναμο-

234 248 291 268 tum
312 248 374 267 esse
389 239 523 265 volentem
536 237 689 267 excitante;
708 233 756 260 sed
787 233 858 259 Deus
873 231 1015 258 confestim

235 289 340 316 occulta
357 291 449 321 aperta
471 284 569 314 reddit,
585 282 803 317 quotiescunque
827 279 886 306 vult
916 276 1017 304 intelli-

236 335 327 369 gentia
343 331 481 366 impertire
496 337 554 361 eos,
573 329 673 363 quibus
690 332 784 354 utnon
801 328 911 352 teneant
924 329 1020 349 sanam

238 367 285 406 hei
295 378 477 413 cognitionem
497 375 605 404 accidit.
628 379 657 400 ut
679 373 808 400 nimirum
821 369 902 404 260
913 373 941 394 et
957 367 1023 393 mis-

237 425 338 452 susille
352 423 432 458 paulo
447 426 510 448 ante
523 420 557 447 ab
575 420 609 446 iis
626 423 722 445 contra
737 417 863 443 homines
879 415 905 440 in
928 418 1023 439 monte-

237 473 290 498 hoc
304 469 491 504 deprehensos
507 467 534 493 in
554 465 677 500 ﬂagranti
696 462 872 490 llassalianos
890 463 918 486 et
936 459 1024 493 Bego-

239 515 318 541 milos
337 503 428 540 tomus
443 512 506 539 libri
527 511 572 538 ﬁat
589 511 711 544 inspectu
724 507 832 543 dignior
844 511 872 533 et
886 505 920 532 ab
935 503 1025 531 omn!-

237 561 289 587 bus
309 563 490 593 cognnsmtur
504 558 586 591 hujus
601 556 635 582 ad
657 562 722 582 eum
740 552 883 588 pravitatis
906 549 1023 586 gradum

238 613 389 640 progreSsae
403 604 479 630 radix
492 603 638 628 hereseos.

272 651 368 678 XXVI.
382 648 531 676 Monachus
542 648 614 673 enim
630 645 740 680 quidam
757 652 789 672 ex
803 644 836 670 iis
847 642 894 677 qui
908 639 1023 674 Scorpio

241 698 305 724 huic
323 700 429 730 parent.
442 693 604 729 cognomine
618 691 775 722 Bardarius,
790 689 886 716 mortis
898 687 1023 722 proximo

240 744 381 777 suhjectns
401 741 457 776 jam
489 737 720 772 1norho.jaccbat
736 734 866 762 membris
886 732 981 759 fractis
994 735 1025 758 et

241 787 357 814 summis
384 785 508 820 corporis
533 783 676 810 doloribus
700 785 832 812 vexatus;
850 779 949 806 deinde
975 785 1024 812 per

241 834 363 867 integros
380 831 476 866 viginti
490 830 549 857 dies
563 830 625 857 cibo
645 833 766 863 potuque
782 825 948 855 abstinebat.
965 823 1024 850 sine

241 857 361 867 ""'o"‘
409 857 423 866 υ
448 857 465 858 η
645 857 652 863 .
723 857 728 862 .

240 885 308 905 voce
328 877 447 912 jacebat.
460 876 586 903 ultimum
604 875 715 901 trahens
732 873 876 907 spiritum;
893 878 944 897 nec
966 877 1024 896 mo-
1039 857 1063 887 Β

240 925 362 952 riebatnr
382 929 488 955 tamen;
513 922 560 949 sed
581 929 681 956 corpus
704 926 810 946 tumore
826 917 949 945 inflatum
968 919 1027 943 erat

240 976 269 998 et
287 969 424 996 teterrima
450 967 561 1002 jamjam
584 973 614 993 os
639 964 850 992 suffundebatur
871 960 1025 995 nigredine.

243 1015 363 1041 Tandem
386 1013 425 1040 rei
452 1012 585 1039 miraculo
600 1011 710 1038 attoniti
735 1009 866 1044 pra'sidcs
884 1008 957 1034 illius
977 1007 1027 1034 do-

242 1061 336 1088 micilii
358 1060 527 1095 quaareliant,
540 1066 604 1086 num
628 1057 694 1092 quid
716 1063 829 1084 suorum
854 1059 1028 1089 peccatorum

242 1115 294 1133 non
313 1106 453 1133 confessus
470 1106 497 1132 in
515 1105 611 1131 intimo
635 1103 775 1130 conditum
794 1102 907 1128 haberet
937 1104 1030 1134 pecto—

243 1161 282 1184 re,
301 1152 417 1187 ideoque
433 1152 494 1185 ejus
511 1158 604 1177 curam
619 1156 719 1184 gerens
733 1149 804 1175 Deus
821 1155 875 1173 non
890 1150 1030 1181 pateretur

241 1205 304 1224 etilli
333 1202 474 1223 mortuum
501 1200 605 1222 aeterno
633 1194 702 1220 tradi
730 1193 795 1227 igni.
812 1191 861 1218 Hic
883 1196 1028 1224 postquam

243 1243 391 1273 intellexit,
408 1241 524 1269 sublatis
555 1240 697 1275 paululum
725 1239 824 1270 oculis,
854 1237 1031 1263 vehementer

241 1286 365 1322 ejnlarit,
383 1291 411 1313 et
423 1285 467 1312 vix
482 1292 594 1311 movens
610 1284 731 1318 linguam
744 1284 802 1309 haec
819 1282 906 1308 dixit:
923 1291 932 1306 ι
948 1280 1030 1307 Scitis

242 1336 306 1358 ante
333 1331 384 1358 hos
409 1330 555 1358 duodecim
578 1336 666 1356 annos
683 1328 804 1355 habitam
825 1328 870 1354 hic
895 1326 1030 1361 synodum

248 1377 371 1404 virorum
387 1376 414 1403 in
430 1377 482 1403 hoc
496 1381 589 1402 monte
604 1374 842 1402 commorantium.
857 1373 927 1400 Tum
945 1372 1029 1407 igitur

247 1423 274 1449 in
289 1422 475 1457 suspicionem
497 1427 595 1448 vocato
609 1421 692 1448 etiam
717 1420 832 1454 Scorpio
848 1419 1033 1452 interrogatus

244 1475 306 1501 ego,
332 1474 397 1493 num
424 1466 523 1494 scirem
551 1474 614 1493 eum
645 1465 749 1492 socium
776 1464 860 1492 fuisse
889 1467 1033 1498 captorum

248 1514 319 1539 hunc
344 1512 566 1539 Massalianorum
585 1517 613 1538 et
639 1510 854 1545 Bogomilormn,
875 1509 971 1544 negavi
989 1515 1033 1536 me

247 1560 318 1586 scire
332 1558 458 1592 quamvis
470 1558 636 1592 exploratam
651 1565 707 1583 rem
723 1557 829 1584 habens
839 1565 846 1589 ;
856 1556 935 1591 261
945 1555 1035 1590 jusju—

248 1606 364 1631 randum
379 1604 471 1631 addidi
487 1611 553 1630 mea:
569 1602 747 1630 declarationi
759 1607 940 1636 etseparatus
951 1601 1035 1628 malui

246 1657 307 1677 esse
325 1658 339 1676 a
355 1650 466 1676 Christo
483 1653 594 1683 propter
607 1649 682 1675 illius
696 1647 846 1674 amicitiam
863 1647 1036 1674 miserrimus

249 1703 337 1730 neque
366 1702 475 1729 poenam
502 1695 602 1720 timens
634 1694 774 1726 divinam,
799 1700 888 1727 neque
912 1693 1035 1719 virorum

250 1742 424 1769 cordatorum
443 1741 649 1768 adhortationes
662 1747 790 1766 verens.»
806 1739 943 1773 Incipiens
955 1738 1038 1774 igitur

248 1788 390 1815 enarravit
404 1787 627 1814 Massalianorum
645 1785 728 1813 simul
741 1785 768 1812 in
784 1785 831 1812 illo
843 1789 917 1812 emtu
931 1788 1038 1819 patrata

250 1835 359 1868 impura
382 1838 411 1861 et
439 1833 601 1860 detestanda
627 1827 761 1862 facinora,
788 1831 821 1858 ad
844 1839 905 1866 qua:
933 1831 1038 1865 integre

252 1879 386 1906 narranda
406 1887 460 1906 non
477 1879 544 1906 satis
566 1878 632 1905 mihi
653 1882 800 1912 suppetere
816 1876 948 1911 temporis
963 1876 1040 1903 vide-

252 1931 306 1957 tur,
325 1926 404 1952 aliam
432 1926 459 1952 in
478 1930 582 1959 partem
601 1932 642 1951 me
661 1923 810 1950 admodum
834 1923 960 1950 trahente
974 1921 1039 1949 reli-

250 1978 367 2004 quarum
380 1977 472 1996 rerum
486 1968 611 1996 historia.
621 1968 698 1995 Licet
709 1969 782 1995 enim
795 1968 886 1995 omnia
900 1966 1038 2002 sigillatim

250 2015 381 2050 colligere
403 2020 432 2042 et
458 2020 576 2042 mentem
596 2019 623 2041 et
642 2014 789 2041 consilium
808 2017 836 2040 et
855 2013 993 2040 actionem
1012 2017 1040 2040 et

251 2063 406 2089 orationem
422 2065 450 2088 et
465 2061 526 2087 mali
546 2061 600 2087 vim
615 2065 642 2088 et
659 2061 705 2087 Dei
722 2059 959 2094 longanimitatem
975 2063 1002 2086 et
1016 2058 1039 2085 si

252 2105 318 2140 quid
340 2106 403 2137 tale,
417 2106 440 2132 si
458 2105 520 2139 quis
536 2105 612 2132 adire
628 2105 694 2131 velit
708 2111 782 2134 eum,
799 2104 846 2138 qui
864 2103 940 2138 prius
956 2103 1041 2130 inter-

253 2151 305 2177 fuit
317 2151 449 2185 juvennm
469 2149 695 2176 Massalianorum
712 2149 820 2176 illorum
837 2153 865 2175 et
886 2149 1041 2183 Bogoniilo-

1070 228 1177 263 χλεῦον,
1196 227 1264 253 ἀλλὰ
1287 225 1354 252 Θεοῦ
1371 223 1517 259 προφανῶς
1543 221 1590 247 τοῦ
1613 221 1646 246 τὰ
1666 219 1770 263 κρύφια
1786 218 1858 253 δῆλα

1071 262 1197 308 δρῶντος,
1211 272 1291 299 ὁπότε
1310 271 1430 306 βούλοιτο
1447 269 1554 295 σύνεσιν
1572 266 1705 293 ἐντιθέναι
1719 262 1760 296 οἷς
1772 266 1860 291 ἀσυν-

1073 321 1140 350 έτως
1155 320 1228 354 ἔχειν
1255 318 1323 351 πρὸς
1337 317 1386 351 τὴν
1401 316 1465 348 ὑγιᾶ
1477 313 1662 348 συμπέπτωκε
1678 310 1856 344 θεογνωσίαν,

1074 367 1117 393 ἵνα
1131 365 1231 400 δηλαδὴ
1245 365 1291 391 καὶ
1304 363 1318 388 6
1344 362 1398 397 πρὸ
1415 361 1528 396 βραχέος
1542 361 1645 389 ἐκεῖνος
1661 356 1798 391 πεμφθεὶς
1810 355 1857 381 ὑπ’

1073 412 1163 438 αὐτῶν
1180 411 1251 438 κατὰ
1277 410 1330 436 τῶν
1353 410 1382 436 ἐν
1405 409 1443 441 τῷ
1457 408 1515 442 δρει
1528 407 1614 440 τούτῳ
1639 403 1797 431 ἑαλωκότων
1814 403 1851 428 ἐπ

1074 458 1227 492 αὐτοφώρῳ
1255 454 1434 483 Μασαλιανῶν
1450 454 1496 480 καὶ
1517 451 1674 486 Βογομίὶων
1696 450 1778 484 τόμος
1794 448 1859 475 95:1.-

1074 505 1241 539 τρικώτερος
1253 503 1376 537 γένηται,
1403 502 1450 527 καὶ
1464 501 1531 526 πᾶσι
1545 497 1653 532 γνωσθῇ
1665 498 1715 531 τῆς
1728 495 1770 528 ἐφ’
1786 494 1861 521 οὕτω

1076 551 1147 584 μέγα
1159 550 1259 581 κακίας
1273 545 1518 582 ἀναρριπισθείσης
1532 543 1664 579 αἱρέσεως
1679 542 1696 576 ἡ
1714 540 1789 576 ῥίζα.

1111 638 1184 673 Κιτ.
1199 638 1325 673 Μοναχδς
1353 636 1406 670 γάρ
1421 643 1463 666 τις
1480 634 1534 660 τῶν
1561 632 1599 666 τῷ
1623 630 1750 664 Σκορπίῳ
1773 628 1862 661 τούτῳ

1077 685 1316 720 ὑπηρετουμένων,
1329 681 1480 715 τούπίηλην
1496 679 1653 714 Βαρδάριος,
1668 676 1783 720 θανάτῳ
1807 674 1864 708 γεί-

1075 719 1264 764 τονινκάτοχος
1287 729 1338 762 ἤδη
1357 727 1427 760 νότῳ
1453 724 1609 757 γενόμενος,
1642 721 1729 748 ἔκειτο
1749 719 1864 753 κάμνων

1076 778 1124 810 καὶ
1153 776 1262 810 μυρίαις
1279 772 1407 807 ἀλγηδόσι
1434 770 1464 796 τὸ
1480 769 1559 804 σῶμα
1584 767 1762 801 κεντούμενος
1777 764 1863 790 ἆπαν.

1079 809 1196 849 Ἔπειτα
1210 821 1252 855 ἐφ’
1268 819 1342 850 ὅλαις
1361 817 1478 852 ἡμέραις
1494 816 1579 842 εῐκοσι
1587 812 1676 843 ἄσιτός
1688 821 1717 838 τε
1732 812 1778 837 καὶ
1793 809 1864 836 ἄπο-

1078 879 1122 900 τος
1152 867 1293 902 διαμείνας
1323 864 1429 898 ἄφωνος
1448 863 1545 893 ἔκειτο,
1565 861 1653 886 πνέων
1676 857 1812 892 ὁσημέραι
1831 855 1867 882 τὰ

1077 908 1193 941 λοίσθια.
1208 914 1263 939 Οὐκ
1275 912 1388 944 ἕθνησκε
1401 910 1439 940 δὲ,
1457 908 1525 934 ἀλλὰ
1538 907 1569 933 τό
1580 915 1609 933 τε
1624 906 1704 940 σῶμα
1720 903 1866 936 ἐξώγκωτο

1079 961 1126 988 καὶ
1159 958 1252 994 μακρά
1282 966 1323 988 τις
1340 955 1460 989 ἐπεχὺθη
1484 953 1523 988 τῷ
1546 951 1686 987 προσώπῳ
1702 949 1867 984 μελάνωσις.

1085 1006 1149 1040 Ὀψὲ
1165 1005 1194 1032 δὲ
1208 1004 1247 1038 τῷ
1264 1003 1310 1030 τοῦ
1327 1002 1488 1037 πράγματος
1518 998 1663 1033 παραδόξῳ
1680 994 1869 1028 καταπλαγέν-

1079 1061 1123 1083 τες
1136 1049 1160 1077 ὁὶ
1173 1051 1223 1084 τῆς
1239 1049 1324 1083 μονῆς
1351 1048 1408 1073 ἐκεῖ
1433 1045 1645 1080 προεδρεύοντες
1672 1043 1770 1078 ἧροντο
1786 1042 1825 1076 μή
1841 1049 1869 1066 τι

1079 1097 1134 1123 τῶν
1154 1095 1227 1130 αὑτῷ
1240 1092 1493 1129 πλημμεληθέντων
1516 1089 1728 1124 ἀνεξαγόρευεον
1742 1088 1771 1114 ἐν
1784 1087 1871 1114 θαλά-

1082 1149 1143 1176 μοις
1160 1140 1277 1174 κρύπτει
1305 1138 1430 1174 καρδίας,
1463 1136 1569 1163 κᾶπειτ’
1593 1135 1676 1162 αὐτοῦ
1692 1133 1840 1168 κηδόμενος
1855 1133 1870 1158 ὁ

1081 1185 1145 1216 Θεὸς
1157 1184 1208 1210 οὐκ
1222 1184 1254 1219 ἐᾷ
1270 1182 1309 1218 τῷ
1319 1182 1421 1217 αἰωνίῳ
1438 1181 1552 1207 θανόντα
1568 1180 1678 1214 δοθῆναι
1696 1179 1773 1214 πυρί.
1790 1179 1823 1204 '0
1840 1178 1870 1205 δὲ

1083 1231 1173 1262 συνεὶς
1194 1231 1240 1256 καὶ
1263 1228 1363 1264 μικρδν
1390 1228 1486 1262 διάρας
1513 1229 1574 1258 τοὺς
1600 1225 1756 1260 ὀφθαλμοὺς
1776 1225 1869 1259 βύθιον

1081 1274 1213 1310 ἀνῴμωξε
1225 1296 1233 1306 ,
1251 1274 1299 1302 καὶ
1324 1274 1401 1309 μόλις
1419 1273 1535 1308 κινήσας
1551 1271 1600 1306 τὴν
1627 1270 1749 1304 γλῶτταν
1778 1270 1870 1296 τοιάδε

1083 1322 1115 1358 ιι.
1130 1321 1182 1350 150
1198 1320 1235 1356 r.]
1249 1320 1331 1355 φησίν
1344 1328 1350 1335 ·
1369 1328 1378 1345 ι
1398 1320 1470 1346 Ἰστε
1483 1319 1531 1353 τὴν
1553 1317 1607 1352 πρὸ
1621 1316 1782 1344 δυοκαίδεκα
1801 1316 1871 1342 ἐτῶν

1083 1368 1208 1394 ἐνταυθοῖ
1237 1367 1386 1401 γενομὶνην
1419 1365 1529 1392 σύνοδον
1558 1364 1612 1390 τῶν
1633 1364 1661 1390 ἐν
1681 1362 1719 1397 τῷ
1734 1361 1873 1397 δρειτῷδε

1083 1414 1200 1449 ἀνδρῶν.
1218 1413 1283 1439 Τότε
1311 1413 1401 1439 τοίνυν
1418 1409 1632 1440 ὑποπτευθέντος
1651 1409 1697 1435 καὶ
1707 1408 1754 1434 τοῦ
1782 1408 1873 1442 Σκορ-

1084 1459 1158 1492 nino,
1173 1458 1319 1494 ἐρωτηθεὶς
1334 1457 1389 1491 ἐγὼ
1404 1458 1427 1483 ει
1453 1457 1561 1483 σύνοιδα
1576 1455 1650 1489 αὑτῷ
1663 1453 1785 1487 κοινωνῷ
1794 1462 1873 1486 γενο-

1089 1504 1161 1538 μένῳ
1177 1505 1232 1533 τοῖς
1248 1502 1400 1536 τηνικαῦτα
1412 1502 1505 1529 ἁλοῦσι
1531 1500 1713 1530 Μασαλιανοῖς
1726 1499 1773 1525 καὶ
1788 1499 1873 1532 Βογο-

1088 1550 1176 1584 μίλοις
1193 1549 1439 1582 ἐνταῦθαάξαρνος
1453 1547 1585 1582 ἐγενόμην
1596 1546 1695 1580 καίπερ
1703 1545 1781 1575 εἰδὼς
1796 1546 1875 1579 ἀκρι-

1086 1596 1153 1628 ϐῶς.
1168 1597 1270 1631 Ὅρκον
1285 1604 1314 1621 τε
1325 1595 1449 1629 ἐπέθηκα
1467 1595 1500 1628 τῇ
1525 1592 1720 1628 ἀπαγορεύσει,
1738 1591 1785 1618 καὶ
1797 1591 1875 1625 ἀφω-

1088 1642 1216 1678 ρισμένος
1231 1641 1363 1677 ἐδεξάμην
1381 1639 1451 1667 εἶναι
1471 1640 1525 1666 ἀπὸ
1544 1638 1663 1674 Χριστοῦ
1678 1637 1722 1664 διὰ
1734 1636 1783 1672 τὴν
1804 1636 1876 1662 ὲκεί-

1087 1698 1133 1716 νου
1155 1689 1246 1723 φιλίαν
1261 1690 1275 1714 ὀ
1299 1688 1468 1722 τρισάθλιος,
1503 1686 1572 1721 μήτε
1601 1684 1767 1719 κολαστήρια
1782 1683 1874 1713 δείσας

1088 1736 1165 1767 Θεοῦ,
1185 1735 1247 1770 μήτ’
1263 1734 1367 1765 ἀνδρῶν
1385 1732 1579 1768 πνευματικῶν
1603 1730 1777 1766 παραινέσεις
1804 1729 1876 1755 αἰδε-

1089 1781 1171 1812 σθείς.
1191 1789 1200 1806 ι
1226 1779 1390 1815 “Δρξάμενος
1406 1777 1453 1804 οὖν
1467 1776 1588 1812 διεξῆλθε
1606 1775 1656 1808 τὰς
1669 1774 1737 1810 ὁμοῦ
1750 1774 1789 1809 τῷ
1815 1774 1874 1800 θιά-

1089 1835 1128 1861 σῳ
1141 1827 1196 1852 τὼν
1211 1824 1395 1853 Μασαλιανῶν
1415 1822 1613 1858 πεπραγμένας
1629 1821 1759 1857 βεῦήλους
1779 1820 1877 1854 ἐκείνῳ

1090 1874 1137 1900 καὶ
1151 1872 1277 1908 μυσαρὰς
1290 1872 1431 1907 ἐργασίας,
1447 1871 1479 1903 ἃς
1494 1870 1568 1905 ὥραν
1583 1869 1654 1905 ἔχειν
1670 1868 1770 1904 ἤκιστὰ
1778 1876 1824 1903 μοι
1835 1867 1877 1893 δο-

1089 1921 1132 1946 κεῖ
1146 1919 1207 1946 καθ’
1224 1919 1329 1945 ἑκαστα-
1343 1917 1431 1951 λέγειν
1446 1916 1547 1952 ἀρτίως
1576 1915 1637 1950 ἐμὲ,
1659 1914 1709 1949 τῆς
1722 1914 1775 1940 τῶν
1788 1913 1878 1941 ἄλλων

1090 1965 1274 2000 ἁνθελκούσης
1292 1972 1326 1998 με
1357 1961 1506 1998 βιαιότερον
1533 1961 1665 1996 ἱστορίας.
1698 1959 1806 1992 Ἔξεστι
1822 1960 1877 1993 γὰρ

1091 2012 1180 2038 πάντα
1192 2009 1254 2036 καθ’
1267 2010 1385 2036 ἕκαστον
1398 2007 1593 2040 ἀναλέξασθαι,
1617 2007 1663 2033 καὶ
1678 2006 1738 2033 νοῦν
1755 2006 1802 2032 καὶ
1815 2014 1878 2031 axo-

1091 2057 1142 2084 πον
1161 2056 1206 2083 καὶ
1223 2055 1324 2091 πρᾶξιν
1346 2055 1394 2081 καὶ
1415 2054 1494 2087 λόγον
1522 2054 1568 2080 καὶ
1586 2054 1685 2083 κακίας
1698 2051 1813 2086 δύναμιν
1830 2051 1879 2077 καὶ

1091 2103 1159 2130 Θεοῦ
1180 2101 1375 2138 μακροθυμίαν
1387 2101 1434 2127 καὶ
1451 2100 1477 2126 εῐ
1487 2109 1512 2125 τι
1527 2099 1659 2130 τοιοῦτον,
1677 2098 1702 2125 εί
1718 2106 1761 2128 τις
1773 2097 1880 2123 ἐπιέναι

1093 2149 1214 2183 βούλοιτο
1231 2147 1275 2174 τόν
1290 2156 1319 2173 τε
1333 2143 1477 2182 γενόμενον
1491 2145 1622 2180 πρότερον
1638 2145 1682 2170 ἐπὶ
1695 2146 1727 2178 τῇ
1743 2143 1796 2169 τῶν
1812 2144 1880 2169 νέων

256 2205 315 2222 rum
329 2196 540 2230 ilcpreliettsioni
557 2195 702 2221 manifesto
714 2196 791 2230 signo
803 2200 996 2229 coargutorum
1013 2195 1031 2221 it

1094 2193 1278 2221 Μασαλιανὼν
1289 2192 1400 2218 ἐκείνων
1419 2192 1466 2217 καὶ
1482 2191 1637 2225 Βογομίλων
1656 2190 1761 2224 εὑρέσει
1774 2199 1881 2225 προφα-

255 2241 348 2268 ιῐίνίιιο
366 2245 468 2272 monte,
487 2249 604 2274 quorum
622 2241 666 2267 alii
681 2241 805 2275 castigati
820 2245 894 2272 sunt,
911 2240 957 2267 alii
976 2241 1039 2267 inde

254 2288 371 2322 expulsi,
387 2292 414 2313 et
432 2287 512 2313 simul
539 2287 690 2313 secundum
705 2287 778 2313 hunc
794 2286 862 2313 vidit
877 2287 904 2313 in
924 2295 1040 2320 coargu-

255 2335 330 2361 tione
347 2333 464 2367 Scorpii,
481 2338 579 2368 pra-ter
602 2341 694 2359 rerum
715 2333 942 2359 consuetudinem
958 2333 1041 2359 mira-

254 2380 315 2407 cula
341 2385 467 2415 patrante
492 2379 547 2405 Deo
564 2378 596 2405 ad
617 2379 696 2412 primi
715 2378 788 2405 illius
807 2378 926 2405 hominis
941 2378 1041 2404 conﬁr-

255 2425 416 2451 mationem.
432 2423 591 2458 Expositum
615 2427 656 2449 est
673 2423 746 2449 enim
763 2424 796 2449 dc
813 2428 929 2457 utroque
944 2423 970 2450 in
988 2423 1041 2450 ﬁne

256 2470 399 2505 praesentis
423 2469 504 2504 hujus
528 2469 602 2500 lihri,
627 2469 776 2494 Romanam
795 2468 936 2494 historiam
963 2476 1042 2494 etiar-

257 2516 353 2542 rantis.
369 2515 427 2542 Non
443 2515 516 2542 enim
537 2515 721 2550 judicavimus
739 2522 808 2548 opus
823 2523 895 2545 c550,
911 2514 937 2540 in
959 2514 1040 2540 aliam

257 2561 318 2588 illos
334 2561 481 2588 transferre
494 2561 680 2587 narrationem
697 2568 705 2586 :
724 2560 770 2586 sed
788 2567 836 2593 par
853 2564 921 2592 eiat,
936 2567 995 2586 esse
1014 2559 1040 2586 in

257 2607 429 2633 orationibus
441 2607 523 2633 etiam
541 2606 599 2633 haec
618 2606 738 2633 membra
753 2611 781 2632 et
800 2606 901 2638 incisa;
918 2611 944 2632 (τι
962 2611 1041 2632 natu-

258 2662 315 2680 ram
340 2653 538 2679 sententiarum
565 2653 777 2684 immutabilem,
799 2657 828 2679 ut
846 2660 874 2679 se
892 2652 1040 2684 habebant.

257 2700 321 2727 inde
341 2700 442 2733 egressi
470 2698 677 2733 descripsimus,
703 2707 736 2725 uc
766 2699 1041 2732 interrumperenmr.

258 2745 308 2772 nisi
327 2745 406 2779 262
422 2744 495 2778 quod
518 2752 601 2770 unum
626 2748 730 2770 tantum
756 2744 965 2778 significandum
991 2744 1042 2770 fuit

257 2793 319 2822 hoc,
340 2791 390 2818 sub
411 2791 526 2817 testibus
546 2790 599 2817 illis
615 2790 789 2818 confessione
808 2791 863 2817 haec
884 2790 964 2823 facta,
980 2799 1042 2818 mox

257 2838 397 2864 exhalasse
422 2837 540 2864 animam
567 2837 653 2867 illum,
678 2841 706 2863 nt
729 2837 810 2864 etiam
835 2837 995 2871 suffragium
1015 2839 1042 2865 in

1093 2242 1146 2272 νὼς
1161 2239 1340 2274 ἐλεγχθέντων
1357 2238 1401 2264 ἐπὶ
1419 2237 1466 2264 τοῦ
1495 2237 1566 2264 θείου
1583 2237 1664 2271 ὅρους
1692 2237 1806 2262 καὶτῶν
1832 2238 1880 2270 μὲν

1095 2284 1290 2317 κολασθέντων,
1303 2283 1357 2309 τῶν
1381 2282 1403 2308 δ’
1428 2282 1601 2315 ἐξωσθέντων
1619 2282 1731 2311 ἐκεῖθεν,
1753 2283 1801 2307 καὶ
1822 2282 1881 2316 ἃμα

1093 2333 1140 2358 τὺν
1156 2331 1279 2365 δεύτερον
1294 2329 1388 2356 τοῦτον
1405 2328 1436 2363 δὴ
1449 2331 1494 2354 τὸν
1506 2329 1552 2354 ἐπὶ
1563 2328 1601 2362 τῷ
1617 2328 1724 2362 ἐλεγμῷ
1736 2328 1783 2353 τοῦ
1797 2328 1883 2362 Σκορ-

1095 2378 1158 2403 πίου
1176 2376 1351 2411 παραδόξεως
1378 2375 1568 2409 ἐπισυμὸάντα
1586 2373 1883 2409 θαυματουργήσςιντος

1095 2422 1139 2449 τοῦ
1153 2422 1219 2448 Θεοῦ
1238 2422 1305 2456 πρὶς
1318 2421 1366 2456 τὴν
1379 2420 1425 2447 τοῦ
1438 2420 1547 2455 πρώτου
1561 2420 1715 2454 βεὸαῐωσιν.
1733 2420 1883 2446 Ἐκτέοειν-

1094 2476 1139 2495 ται
1153 2468 1207 2503 γὰρ
1221 2467 1368 2502 ἀμφότεροι
1383 2468 1411 2492 ἐν
1421 2467 1461 2501 τῷ
1480 2467 1548 2492 τέλει
1559 2467 1608 2500 τῆς
1628 2465 1766 2500 παρούσης
1781 2466 1883 2501 ἡμετέ-

1097 2527 1145 2552 ρας
1162 2517 1265 2551 βίόιου,
1279 2517 1311 2551 ﬁ}
1338 2517 1387 2550 τὴν
1410 2515 1567 2550 Ῥωμαϊκὴν
1593 2516 1718 2548 διέξεισιν
1740 2516 1861 2550 ἱστορία-ι
1876 2525 1882 2530 -

1095 2565 1125 2589 οὐ
1139 2564 1192 2598 γὰρ
1206 2564 1355 2598 ἐκρίναμεν
1368 2562 1425 2588 δέον
1433 2563 1472 2593 εἰς
1488 2562 1583 2596 ἑτέραν
1598 2561 1716 2591 ἐκείνους
1734 2561 1887 2596 μεταποιῆ-

1098 2617 1142 2635 σαι
1160 2609 1270 2642 φράσιν,
1286 2607 1341 2634 ἀλλ’
1365 2605 1436 2634 εἶναι
1460 2607 1531 2633 κατὰ
1553 2608 1601 2637 τὰς
1618 2607 1704 2639 λέξεις
1728 2607 1774 2632 καὶ
1791 2607 1826 2632 τά
1852 2616 1884 2639 γε

1097 2655 1170 2680 κῶλα
1180 2657 1227 2681 καί
1241 2655 1372 2689 κόμματα
1388 2656 1434 2680 καὶ
1447 2654 1482 2679 τὰ
1507 2653 1561 2688 ἢθη
1576 2654 1628 2679 τῶν
1653 2653 1762 2680 ἐννοιῶν
1779 2653 1850 2687 ape:
1857 2664 1885 2678 1.-

1097 2702 1235 2737 ποιήτους,
1250 2702 1286 2732 ὡς
1298 2701 1375 2736 ἔσχον
1391 2700 1495 2727 ἐκεῖθεν
1510 2700 1678 2735 ἐληλυθότες,
1694 2699 1740 2726 τοῦ
1756 2701 1887 2736 ἀδιαὸλή-

1095 2757 1143 2775 του
1161 2749 1252 2784 χάριν.
1271 2748 1343 2783 Πλὴν
1355 2747 1385 2774 ἓν
1402 2747 1481 2782 μόνον
1496 2747 1662 2781 σημειωτέον
1677 2747 1760 2778 τουτὶ.
1777 2747 1814 2778 ὡς
1832 2748 1886 2774 ὑπὸ

1099 2794 1233 2830 μάρτυσιν
1246 2793 1360 2825 ἐκείνοις
1371 2793 1420 2826 τὴν
1435 2793 1612 2828 ἐξαγόρευσιν
1626 2793 1807 2827 ποιησάμενος
1822 2801 1887 2819 ταυ-

1096 2841 1157 2876 τηνὶ
1171 2841 1228 2875 μετ’
1241 2840 1331 2874 ὀλίγον
1339 2839 1548 2873 ἐξέπνευσεν,ὼς
1558 2840 1604 2866 καὶ
1614 2838 1703 2873 ψῆφον
1713 2839 1887 2875 ἐξενηνὲΛθαι
