1909 3064
214 137 264 168 Ξιι

813 135 1021 166 NICEPHORI
1041 135 1232 166 GREGORE

1789 131 1844 170 232

221 192 289 220 etad
306 200 336 220 se
353 192 466 220 trahens
488 191 616 228 privatim
643 191 843 226 imperatorem
877 191 1002 222 Latinus.

1059 191 1114 218 δὼν
1129 192 1181 226 ίδῖᾳ
1194 193 1240 219 τὸν
1264 192 1377 227 βασιλέα
1404 193 1417 219 ὁ
1436 192 1550 223 Λατῖνος
1564 191 1649 219 πολλὰ
1666 192 1716 227 μὲν
1731 193 1845 221 ἀκούειν

216 239 302 265 multa
314 238 425 273 quidem
436 238 503 265 dicit
516 245 544 264 se
556 238 713 272 loquentem
724 237 834 264 audisse
852 237 1001 267 [’alamam,

215 284 263 312 sed
281 289 384 311 temere
397 289 425 311 et
440 283 522 310 modo
534 283 598 315 hoc,
613 282 773 310 modoillud
789 287 816 309 et
833 283 929 310 eadem
943 282 1002 309 hzec

216 328 339 363 undique
353 328 500 362 cnnipilata
518 333 545 355 et
557 336 686 365 corrasa;
704 333 733 355 ut
745 328 887 355 videamur
904 328 1002 355 incerti

215 382 286 404 esse.
301 379 393 400 utrum
408 374 541 408 qualitate
564 374 674 405 horum,
692 381 724 400 an
742 374 895 408 quantitate
915 374 1002 408 magis

215 420 248 446 ad
275 419 481 454 perversitatem
498 420 624 446 stimulos
648 419 741 446 addat.
760 419 890 451 Quaesivit
909 423 1001 446 autem

215 466 393 492 nihilominus
408 466 516 492 Palama
532 465 689 499 disputante
701 465 784 492 etiam
801 473 918 495 mecum.
937 473 1002 492 num

216 512 273 545 ipse
301 516 393 538 tacens
419 511 507 538 factus
531 519 619 538 essem
648 511 768 538 auditor.
799 511 890 543 Quare
918 511 1002 538 etiam

216 557 347 591 postridie
377 565 507 585 vocansa
525 565 587 592 rege
600 557 676 584 venit
703 564 788 584 etme
816 565 900 584 unum
923 564 939 584 e
961 557 1003 592 ja-

215 604 356 631 ctantibus
383 605 552 630 nobilitatem
579 604 686 638 generis
715 612 830 638 magnus
863 603 1002 638 logotbeta

215 655 243 676 et
265 649 311 676 vix
338 657 381 676 me
409 650 476 676 dicit
502 650 644 676 consuetis
662 649 761 683 capitis
790 649 894 676 morbis
922 657 1001 684 pror-

215 702 261 722 sus
291 702 350 721 esse
377 694 534 721 liberatum.
551 694 584 721 Et
609 699 754 728 postquam
787 695 913 728 decipere
939 702 1001 721 eum

215 749 270 767 non
284 741 339 776 jam
357 740 466 771 licebat,
484 748 601 775 surgens
627 740 694 767 abii.
715 740 799 775 Cujus
825 740 862 767 rvi
888 740 1001 774 gratiam

215 786 329 813 minime
357 786 481 812 omnium
505 794 594 821 neque
623 787 729 814 sciebat
745 794 834 821 neque
858 794 953 814 revera
974 793 1004 814 ut

214 833 286 860 scire
299 833 418 861 disceret
434 841 545 868 operam
558 833 654 862 dabat.
672 835 842 868 Praeceperat
855 834 930 861 enim
951 835 1002 862 lle-

216 880 275 906 lena
293 879 465 914 imperatrix,
480 887 514 907 ne
525 887 540 906 a
554 887 597 906 me
609 886 672 907 ante
685 884 900 915 cognosceretur
908 888 1001 913 causa.

215 934 265 952 cur
281 926 307 952 in
332 926 376 960 jus
391 931 547 957 vocaretur,
575 934 610 953 ne
635 934 697 953 cum
722 927 813 954 studio
837 933 1002 954 maturarem

216 971 361 998 adventura
378 977 406 999 et
418 972 541 1006 quaedam
555 971 702 1000 celebritas
717 972 795 1000 ﬁeret
810 974 1003 1001 051entationis

216 1019 395 1046 Palamilicaa.
411 1019 477 1046 Nam
495 1027 575 1053 quam
592 1019 626 1046 ob
645 1027 755 1046 causam
767 1027 817 1046 suo
833 1019 914 1055 265
933 1021 1004 1054 patri

216 1065 418 1096 Cantacuzeno,
433 1065 516 1092 enixe
541 1065 581 1092 sic
603 1065 687 1092 etiam
704 1066 829 1092 Palamas
843 1065 962 1092 instabat
977 1070 1005 1092 ct

217 1111 413 1138 adversabatur
447 1111 611 1146 plerumque
642 1112 768 1147 conjugis
803 1113 947 1140 sentcntiae
976 1113 1004 1139 in

217 1157 347 1184 omnibus
363 1157 457 1190 rebus.
474 1157 507 1184 ad
531 1166 600 1192 quas
618 1158 695 1185 illum
718 1166 768 1185 sua
793 1158 878 1185 trabit
899 1158 1004 1193 religio.

216 1203 310 1237 Nuper
335 1208 427 1230 autem
446 1203 536 1230 aulam
563 1204 666 1238 regiam
689 1204 803 1231 intranti
830 1203 897 1230 mihi
920 1204 1004 1230 ctiam

216 1249 353 1275 Palamam
371 1249 408 1275 ibi
431 1249 464 1276 ad
483 1249 687 1284 disputationes
704 1248 890 1276 instituendas
913 1249 1005 1275 emisi-

215 1295 325 1322 dentem
341 1295 441 1322 licebat
457 1295 563 1322 videre.
579 1295 625 1322 Sic
639 1299 728 1322 autem
745 1295 811 1321 mihi
825 1295 914 1329 capite
930 1294 1006 1322 labo-

215 1340 288 1366 ranti
305 1340 387 1366 ctiam
402 1345 430 1367 et
451 1348 513 1367 cum
538 1345 592 1367 tam
617 1340 758 1375 inopinato
774 1340 935 1374 impeditum
962 1349 1004 1368 me

215 1386 369 1413 certamine
395 1385 529 1418 viderem,
557 1387 676 1421 primum
701 1386 812 1420 quidem
844 1386 934 1413 visum
963 1391 1006 1414 est

215 1432 302 1459 satius
320 1439 380 1459 csse
403 1432 515 1459 domum
538 1432 641 1459 tamdiu
674 1433 775 1465 redire,
791 1433 880 1460 donec
898 1440 1004 1460 mecum

215 1483 325 1512 paratas
354 1478 415 1504 illas
441 1478 508 1504 milii
535 1478 728 1506 accusationes
753 1484 935 1513 reputasset“.
964 1479 1004 1506 Nc

1053 236 1106 271 ἔφη
1133 237 1259 270 λέγοντος
1276 237 1405 272 Παλαμᾶ,
1434 237 1522 271 μάτην
1546 236 1567 262 δ’
1598 234 1644 263 οὖν
1660 237 1706 263 καὶ
1730 237 1845 264 ἄλλοθεν

1053 283 1121 309 ἄλλα
1139 283 1359 318 συμπεφυρμένα
1375 292 1404 309 τε
1425 283 1474 309 καὶ
1494 283 1708 317 παρευρημένα,
1724 283 1762 315 ὡς
1773 284 1844 310 ἀπο-

1054 330 1110 363 ρεῖν
1124 329 1198 363 ἡμᾶς
1212 329 1410 363 ἀποφαίνεσθαι
1429 329 1543 364 πότερον
1556 331 1588 364 τῇ
1604 330 1728 363 ποιότητι
1741 329 1845 356 τούτων

1053 375 1070 409 ἢ
1086 377 1118 409 τῇ
1135 375 1264 409 ποσότητι
1280 375 1338 410 δοίη
1354 384 1395 406 τις
1408 376 1442 402 ἂν
1459 376 1489 401 τὸ
1504 376 1573 410 πρὸς
1588 375 1687 402 κακίαν
1702 376 1843 410 τρόπαιον.

1060 420 1191 455 Ἐςήτησε
1206 420 1228 447 δ’
1244 420 1290 447 οὖν
1307 421 1382 455 ὅμως
1395 420 1441 447 toﬁ
1454 421 1574 454 Παλαμᾶ
1586 421 1778 456 διαλεγομένου
1798 423 1844 447 καὶ

1054 467 1124 502 πρὸς
1146 467 1194 502 ἐμὲ
1213 468 1297 501 σιγῶν
1314 467 1396 498 αὐτὸς
1421 467 1547 501 γενέσθαι
1571 468 1720 502 ἀκροατής.
1735 467 1781 493 Διὸ
1797 469 1846 494 καὶ

1053 513 1087 546 τῇ
1103 512 1236 546 ὑστεραίᾳ
1260 512 1352 538 καλῶν
1366 513 1399 538 ἐκ
1415 512 1546 546 βασιλέως
1556 512 1618 547 ἣκει
1633 512 1704 545 κάμὲ
1718 512 1773 538 τῶν
1799 512 1845 538 ἐπ’

1054 558 1178 593 εὐγενείᾳ
1191 558 1400 593 σεμνυνομένων
1414 559 1428 585 ὀ
1445 559 1530 593 μέγας
1545 558 1699 592 λογοθέτης,
1713 558 1775 593 ἄρτι
1789 560 1845 584 τῶν

1053 603 1188 630 εἰωυότων
1214 603 1264 638 τῆς
1282 603 1403 638 κεφαλῆς
1420 604 1583 638 νοσημάτων
1609 604 1640 629 οὐ
1659 604 1758 633 τελέως
1780 603 1843 637 μὲν,

1054 650 1266 685 ἀπηλλαγμένον
1288 651 1310 677 δ’
1324 649 1380 678 οὖν.
1398 650 1524 685 Κάπειδὴ
1542 649 1765 686 παρακρούεσθαι
1792 650 1844 676 οὐκ

1053 697 1129 730 ἐνῆν.
1140 698 1261 728 ἀναστὰς
1286 697 1398 732 ἀπῄειν,
1417 697 1478 723 ὅτου
1509 697 1591 731 χάριν
1615 697 1716 731 ἥκιστα
1731 696 1843 721 πάντων

1054 741 1196 774 οὒτ“εἰδὼς
1210 741 1273 768 οὔτε
1290 742 1343 777 μὴν
1358 742 1624 778 πολυπραγμονήσας
1636 742 1740 776 μαθεῖν.
1756 742 1844 776 Πρησ-

1055 789 1176 824 ετετάχει
1207 789 1261 824 γὰρ
1289 789 1304 824 ἡ
1332 788 1438 824 βασιλὶς
1457 789 1551 823 Ἑλένη
1590 789 1628 823 μὴ
1653 786 1845 822 προεγνῶσυσί

1057 843 1101 869 μοι
1127 835 1157 861 τὸ
1186 835 1235 870 τῆς
1259 834 1455 869 προσκλήσεως
1484 833 1582 865 αἴτιον,
1599 834 1643 860 ἴνα
1666 833 1703 868 μὴ
1718 833 1767 859 σὺν
1794 841 1845 866 με.

1055 880 1122 916 λέτῃ
1140 879 1230 916 δρῷην
1242 880 1291 915 τὴν
1312 880 1405 915 ἄφιξιν
1425 880 1472 906 καί
1484 888 1529 911 τις
1547 879 1780 914 παρευδοκίμησις
1798 877 1845 912 γέ-

1054 935 1134 962 νηται
1155 927 1206 962 τῆς
1228 926 1276 953 τοῦ
1298 926 1416 961 Παλαμᾶ
1445 925 1612 958 ἐπιδείξεως.
1641 925 1691 951 Διὰ
1713 924 1767 959 γὰρ
1797 923 1844 950 τὸν

1054 973 1156 1008 ἑαυτῆς
1181 973 1291 1006 πατέρα
1317 970 1545 1006 Καντακουζηνδν
1561 970 1621 997 λίαν
1644 970 1692 996 καὶ
1718 969 1788 1004 αὕτη
1804 969 1845 1005 τῷ

1056 1017 1173 1053 Παλαμᾷ
1187 1016 1358 1052 προσέκειτο,
1375 1016 1424 1043 καὶ
1449 1016 1635 1050 ἀντέπραττεν
1647 1015 1685 1046 ὡς
1705 1015 1738 1041 τὰ
1754 1015 1843 1041 πολλὰ

1054 1065 1087 1098 τῇ
1101 1063 1148 1089 τοῦ
1164 1063 1282 1096 συζύγου
1298 1063 1396 1098 γνώμῃ
1419 1063 1489 1097 πρὸς
1503 1062 1554 1088 ὅσα
1568 1062 1601 1096 τῇ
1620 1061 1756 1096 θρησκείᾳ
1779 1069 1845 1087 συν-

1053 1110 1147 1136 τείνει.
1167 1109 1247 1143 Ἀρτι
1265 1117 1297 1143 γε
1315 1109 1370 1143 μὴν
1391 1108 1440 1143 τὴν
1461 1107 1596 1143 βασίλειον
1623 1107 1708 1142 αὐλὴν
1733 1106 1845 1133 εἰσιόντι

1056 1165 1102 1191 μοι
1119 1156 1167 1182 καὶ
1183 1155 1318 1190 Παλαμᾶν
1330 1155 1388 1180 ἐκεῖ
1401 1154 1470 1188 πρὸς
1485 1154 1616 1187 διαλέξεις
1640 1153 1751 1187 ἔφεδρον
1771 1151 1844 1178 sint

1057 1202 1153 1236 μαθεῖν
1168 1201 1318 1235 ἐξεγένετο.
1335 1199 1415 1227 Οὕτω
1428 1200 1451 1227 δ’
1469 1200 1558 1235 ἔχοντι
1575 1209 1621 1234 μοι
1638 1199 1691 1226 τῶν
1710 1200 1741 1225 ἐκ
1755 1207 1843 1233 utpa-

1055 1247 1104 1282 λῆς
1119 1247 1275 1283 ἀλγηδόνων
1296 1247 1352 1280 ἔτι,
1367 1248 1414 1273 καὶ
1436 1246 1468 1283 [τ.
1484 1246 1532 1274 I5!
1549 1245 1587 1281 ιλ]
1604 1245 1691 1277 οὕτως
1709 1245 1845 1279 ἀπροσδο-

1055 1295 1146 1328 κήτως
1161 1293 1387 1328 ὲμπεπηδηκότος
1409 1292 1517 1327 μοιξτοῦ
1535 1293 1651 1326 ἀγῶνος,
1669 1291 1777 1326 πρῶτον
1793 1292 1844 1325 μὲν

1055 1340 1129 1372 ἔδοξε
1146 1340 1249 1375 βέλτιον
1263 1339 1355 1366 οίκαδε
1371 1339 1440 1370 τέως
1457 1339 1600 1366 ἐπανιέναι
1617 1346 1661 1373 με,
1683 1338 1770 1371 μικρὶ
1787 1337 1844 1362 τῶν

1056 1385 1295 1421 μεμηχανημένων
1311 1386 1506 1421 προσκλήσεων
1519 1385 1631 1411 ἐκείνων
1648 1383 1824 1418 φροντίσαντι
1834 1391 1842 1398 ·

1055 1431 1099 1458 ῐνα
1114 1431 1136 1458 δ’
1151 1429 1199 1458 οὖν
1220 1430 1257 1466 μὴ
1272 1430 1374 1461 δειλίας
1398 1429 1529 1456 ὑπόνοιαν
1550 1431 1607 1460 τοῖς
1629 1428 1843 1463 φι).οσκὼμμοσι

1054 1478 1155 1513 δῶμεν,
1169 1476 1368 1512 ἐπερῤώσαμέν
1384 1485 1414 1502 τε
1426 1473 1504 1507 αὖθις
1517 1475 1562 1502 τδν
1575 1474 1707 1509 λογισμὸν
1718 1476 1765 1500 καὶ
1781 1475 1845 1499 ἀνε-

216 1523 299 1558 igitur
317 1524 431 1558 ignavim
446 1524 632 1558 suspicionem
656 1524 727 1559 apud
744 1524 869 1552 homines
892 1524 1002 1552 dicaces

1055 1525 1172 1559 λάόομεν
1185 1523 1311 1555 ἑαυτοὺς,
1328 1522 1387 1557 Θεῷ
1399 1522 1430 1548 τὸ
1448 1523 1501 1549 πᾶν
1514 1521 1720 1556 ἐπιτρέψαντες.

165 1596 170 1599 _
216 1569 384 1602 Subiremusl
402 1569 629 1597 conﬁrmavimus
647 1578 745 1598 rursus
766 1571 933 1598 sententiam
949 1578 1001 1597 no-

216 1619 301 1642 stram
319 1620 346 1641 ct
364 1616 520 1650 recepimus
535 1616 591 1642 Deo
606 1624 658 1643 nos
676 1617 767 1643 omnia
785 1617 1000 1644 committentes.

253 1659 348 1686 XXIX.
364 1662 451 1695 Atque
476 1661 513 1688 ita
530 1661 564 1688 ad
580 1662 669 1696 ipsum
683 1662 878 1697 imperatorem
891 1664 1003 1690 accede-

217 1706 291 1737 bam,
301 1714 380 1741 quem
393 1715 455 1733 cum
466 1708 648 1742 praesentibus
659 1708 799 1736 nobilibus
807 1709 874 1736 viris
884 1713 911 1737 et
921 1709 1003 1738 simul

217 1760 279 1779 eum
306 1752 408 1779 Helena
426 1753 518 1788 regina
542 1753 712 1781 oll‘cndcbam
733 1755 944 1789 colloquentem,
960 1765 1004 1784 se-

217 1802 299 1825 cutus
310 1798 471 1825 certaminis
485 1800 668 1827 temeritatem
679 1800 723 1828 .Et
737 1809 797 1836 quae
814 1801 849 1828 ibi
865 1801 1002 1837 disputata

217 1849 374 1878 suntquam
387 1845 472 1871 multa
484 1849 510 1872 et
522 1845 611 1880 qualia
625 1850 653 1873 et
666 1847 804 1881 quomodo
818 1852 925 1882 tempus
939 1848 1003 1875 talia

217 1889 446 1923 suppeditaverit,
462 1891 614 1918 narrabum
626 1899 658 1918 ea
674 1900 735 1926 qua:
752 1897 917 1927 sequuntur.
936 1892 1002 1919 Per-

217 1935 350 1970 scriptutn
365 1941 408 1963 est
424 1937 495 1963 enim
510 1945 524 1963 ιι
540 1945 583 1964 me
599 1937 651 1965 hoc
663 1939 730 1965 satis
744 1939 818 1965 tenui
834 1939 915 1974 stylo.
936 1937 1005 1965 Tra-

217 1981 306 2009 ditmu
323 1987 364 2010 est
378 1989 469 2011 autem
485 1984 520 2011 ab
535 1984 623 2011 altero
649 1985 768 2019 quodam
781 1993 877 2012 eorum
901 1986 947 2020 qui
967 1985 1004 2012 ibi

217 2029 361 2056 adfuerant
383 2031 429 2064 qui
452 2030 632 2066 interroganti
649 2031 759 2059 cuidam
777 2032 931 2066 respondit.
950 2032 1005 2060 Res

217 2081 284 2101 vero
299 2075 339 2102 sic
354 2084 383 2103 se
400 2076 496 2104 habet.

1092 1668 1157 1696 ΚΘ’.
1176 1668 1227 1696 Καὶ
1249 1668 1335 1699 οὕτως
1367 1669 1407 1699 εις
1424 1668 1507 1693 αὐτὸν
1522 1667 1622 1702 εἰσῄειν
1637 1666 1749 1702 βισιλέα
1766 1668 1800 1703 τῇ
1811 1675 1842 1695 τε

1056 1716 1109 1743 τῶν
1120 1714 1238 1749 εὐγενῶν
1255 1714 1369 1740 συνόντα
1387 1714 1526 1748 παρουσίᾳ
1541 1714 1587 1740 καὶ
1606 1714 1666 1748 ἅμα
1689 1713 1739 1748 τῆς
1763 1713 1842 1748 βασι-

1056 1762 1127 1793 λίδος
1149 1761 1268 1795 Ἑλένης,
1293 1759 1332 1795 τῷ
1348 1760 1397 1786 τοῦ
1421 1760 1576 1795 συμϐάντος
1599 1761 1695 1796 σχεδίῳ
1717 1770 1844 1797 παρηκο-

1056 1807 1207 1842 λουθηκώς.
1223 1807 1264 1834 Τά
1286 1815 1318 1840 γε
1342 1807 1396 1842 μὴν
1415 1807 1471 1833 ἐκεῖ
1491 1806 1658 1841 λαληθέντα,
1685 1808 1771 1834 ὁπόσα
1795 1810 1843 1836 καὶ

1056 1853 1110 1887 οἷα,
1127 1855 1173 1881 καὶ
1190 1855 1264 1885 ὅπως
1288 1855 1302 1880 ὁ
1319 1853 1414 1888 καιρὸς
1438 1853 1578 1887 ἐσχεδίασε
1603 1855 1638 1880 τὰ
1654 1854 1775 1883 τοιαῦτα.
1797 1855 1845 1891 δη-

1057 1900 1136 1927 λώσει
1152 1900 1185 1926 τὰ
1213 1900 1321 1934 ἑφεξῆς.
1344 1900 1503 1934 Γέγραπται
1533 1900 1583 1934 μὲν
1609 1900 1664 1935 γάρ
1691 1909 1736 1934 μοι
1763 1903 1843 1927 ταυτὶ

1054 1946 1205 1981 λεπτοτέρα
1221 1946 1274 1971 τινὶ
1289 1945 1426 1980 διηγήσει,
1445 1945 1583 1971 ἐκδὲδοται
1601 1945 1623 1971 δ’
1640 1945 1677 1976 ὡς
1699 1945 1727 1978 ἐξ
1745 1945 1842 1980 ἐτέρου

1054 1993 1108 2018 τῶν
1130 1993 1187 2018 ἐκεῖ
1210 1992 1355 2026 παρόντων
1379 1992 1455 2022 ἑνὸς,
1477 1992 1544 2026 πρὸς
1571 1991 1752 2026 ἐρωτήσαντά
1781 2001 1843 2018 τινα

1054 2035 1133 2070 δῆθεν
1147 2035 1303 2067 διεξιόντος.
1321 2035 1400 2071 Ἔχει
1416 2035 1444 2061 δὲ
1463 2036 1590 2064 οὑτωσίν.
