1909 3064
203 177 255 210 247

793 179 1003 210 NICEPIIORI
1024 180 1216 213 GllEGOﬂIE

1780 185 1834 217 248

239 233 295 261 Vll.
313 233 409 262 Tertio
435 235 496 263 loco
521 235 710 271 deprehensus
731 243 761 264 es
783 237 900 272 Opinans
924 236 985 264 sub-

1079 237 1116 266 Z’.
1137 240 1237 274 Τρίτον
1248 241 1277 267 δὲ
1291 241 1332 268 ὅτι
1349 241 1396 268 καὶ
1411 241 1460 273 τὰς
1476 241 1552 272 θείας
1571 240 1737 272 ὑποστάσεις
1752 240 1835 267 δινου-

203 281 320 309 stantias
337 281 445 310 divinas
457 283 575 310 essentia
589 290 692 314 carere,
707 288 738 310 ιιι
751 283 835 310 etiam
865 290 990 317 smpenu-

202 334 280 354 mero
295 327 351 362 jam
367 331 457 361 antea,
481 329 517 356 ita
536 332 565 355 ut
589 329 750 358 substantiae
775 329 825 356 tibi
844 329 990 356 videamur

203 379 256 399 non
274 373 408 400 substare.
421 373 498 406 Quod
514 375 588 401 enim
599 375 718 402 essentia
727 379 813 406 caret,
827 375 990 414 substantias

200 418 283 445 etiam
299 425 341 447 est
356 427 467 455 expers,
480 424 507 448 et
521 422 657 456 sequitur,
680 427 719 454 ut,
743 422 765 448 si
791 421 853 448 illas
879 430 990 457 quoque

201 465 359 493 divinitates
375 467 494 494 essentia
514 472 641 495 carentes
672 467 700 496 in
728 476 873 497 numerum
897 468 990 496 inﬁni—

202 516 258 537 tutn
273 511 448 540 divinitatum
476 512 663 545 increaturam
681 513 800 548 dividas,
818 515 990 542 substantias

199 557 295 584 eodem
317 558 399 585 modo
413 566 474 586 esse
493 558 596 586 divisas
615 559 739 594 opineris
756 568 762 586 :
780 564 807 587 et
825 561 899 595 quod
917 568 989 596 saepe

199 604 323 632 scribens
340 604 532 639 deprehensus
558 613 598 637 es,
619 614 673 633 non
699 607 787 634 solum
815 607 899 634 trium
925 608 989 635 sub-

198 650 373 683 stantiarum,
388 658 448 678 esse
462 655 588 678 naturam
601 651 734 685 divinam,
749 654 796 679 scd
811 652 891 688 281
906 654 988 681 etiatn

199 694 360 728 multarum.
379 696 445 724 illttd
462 697 506 724 ltic
523 705 633 733 quoque
649 706 732 726 ausus
743 702 786 726 est
802 699 907 732 dicere,
926 708 988 728 cum

198 745 226 767 et
250 742 422 770 substantias
445 744 572 772 essentia:
598 748 626 772 et
648 744 807 773 divitiitatcs
826 746 989 777 substantia“.

198 793 325 822 expertas
339 791 491 818 venereris.

234 834 303 861 Vill.
321 834 454 868 Quartum
473 845 535 866 cum
556 843 585 867 et
606 839 720 868 homine
735 845 764 869 et
784 841 876 876 lapide
892 849 988 869 exem-

197 880 250 914 plis
266 882 352 910 utaris
371 887 398 910 et
423 885 585 919 contendas,
614 886 764 915 essentiam
788 888 988 923 comprehendi

197 934 260 954 cum
276 928 320 960 iis,
336 936 397 963 qua:
412 930 482 958 inea
506 936 655 960 cernantur
677 933 796 961 naturali
827 934 920 967 modo,
939 934 988 962 de-
1006 918 1025 947 "

197 972 350 1006 prehensus
373 982 402 1002 es
417 983 500 1009 porro
522 976 638 1005 credens
664 978 850 1006 accidentium
875 987 986 1014 quoque

196 1022 471 1055 comprehensionem
492 1031 553 1052 esse
576 1024 651 1052 illam
674 1025 824 1052 essentiam
849 1025 985 1059 divinam,

197 1066 271 1093 velut
281 1067 310 1095 in
322 1067 413 1102 lapide
426 1076 443 1097 a
460 1074 485 1097 te
499 1070 614 1106 iaetato,
629 1071 677 1106 qui
692 1071 867 1106 gravitatem,
884 1071 984 1106 frigus,

195 1111 326 1144 colorem,
334 1112 545 1148 longitudinem,
556 1114 743 1147 latitudinem,
754 1116 986 1150 altitudinemque

195 1163 224 1185 ut
242 1165 414 1194 quascunque
432 1161 567 1195 ejusmodi
582 1161 696 1197 cogitari
711 1165 835 1195 possunt,
849 1162 985 1194 continet,

195 1204 223 1231 id
239 1205 312 1239 quod
327 1206 411 1233 etiam
427 1207 506 1242 pejus
525 1211 568 1235 est
581 1207 698 1239 stultitia
712 1209 817 1242 priore.

230 1251 277 1280 IX.
299 1253 384 1280 Porro
401 1253 530 1287 quintum
543 1254 658 1283 stultum
671 1254 813 1289 illud.quo
828 1255 910 1282 etiam
920 1263 987 1282 con-

196 1299 288 1326 lirmas
306 1298 488 1335 ignorantiam
510 1304 585 1327 tuam
607 1305 636 1327 et
656 1300 804 1328 ntultorttm
831 1301 984 1329 doctrinam

194 1345 309 1372 deorum
325 1345 502 1380 perversione
515 1345 654 1373 dictorum
665 1346 808 1374 Athanasii
825 1347 928 1381 magni.
943 1345 984 1373 Ad

195 1400 279 1419 unum
293 1392 365 1419 enim
383 1391 428 1420 ille
441 1391 509 1421 dicit
525 1393 623 1421 referri
643 1393 690 1420 illa
709 1398 748 1420 tot
764 1393 884 1424 nomina,
904 1393 986 1420 nimi-

194 1446 254 1472 rum
273 1439 307 1465 ad
321 1439 481 1466 essentiam.
503 1439 544 1467 Tu
557 1445 648 1468 autem
666 1441 830 1476 itnprudens
846 1445 942 1471 contra
959 1446 985 1469 te

194 1484 310 1511 attulisti
326 1492 408 1519 quem
425 1492 475 1520 pro
497 1489 522 1513 te
537 1486 671 1514 allaturus
682 1494 754 1515 eras.
774 1487 841 1515 Tam
862 1488 941 1516 rudis
954 1495 985 1515 es

194 1530 312 1557 etvalde
330 1531 460 1558 incultus.
484 1532 588 1559 Deinde
613 1537 642 1559 et
671 1534 814 1561 materiem
837 1539 865 1562 et
892 1534 986 1569 exple-

196 1577 298 1604 tionem
316 1577 470 1605 divinitatis
495 1579 553 1606 haec
575 1579 635 1614 ipse
657 1581 794 1612 nominat,
819 1589 874 1609 non
892 1586 986 1612 tamen
1002 1601 1021 1614 ,η

195 1623 385 1657 divinitatum,
401 1632 462 1659 quae
473 1625 507 1653 ab
523 1626 654 1659 essentia,
673 1632 703 1654 ut
717 1632 746 1655 tu
764 1627 815 1661 vis,
828 1634 857 1656 et
868 1629 941 1657 inter
955 1638 985 1658 se

194 1670 333 1701 diil‘erant.
349 1670 495 1704 Quomodo
519 1672 592 1699 enim
618 1673 682 1700 talia
709 1673 802 1702 dicere
824 1676 922 1710 possit,
938 1676 985 1710 qui

194 1717 227 1744 ad
247 1725 332 1745 unum
347 1718 393 1745 illa
407 1718 504 1747 referri
520 1718 597 1752 dicit,
606 1719 735 1749 nimirum
752 1721 786 1748 ad
813 1722 986 1750 essentiam?

229 1763 265 1791 Χ.
282 1764 330 1791 Est
351 1769 444 1792 autem
471 1771 603 1800 praeterea
621 1771 730 1794 sextum
743 1766 893 1794 absurdum
906 1768 984 1801 illud,

193 1811 268 1846 quod
289 1811 415 1840 divinum
438 1821 550 1848 quoque
582 1813 741 1842 criminaris
772 1814 985 1849 Damascenum,

193 1859 266 1894 quod
281 1863 309 1886 et
322 1859 412 1894 ipsum
429 1859 538 1894 planius
555 1868 570 1887 a
583 1860 664 1888 nobis
686 1866 780 1895 postea
798 1861 916 1888 dicetur.
935 1863 986 1890 De-

195 1905 397 1933 monstrahitur
413 1906 498 1938 enim,
514 1906 670 1941 signiﬁcare
684 1911 711 1934 et
727 1907 841 1934 dill'erre
853 1916 909 1936 non
923 1915 985 1936 ease

195 1953 279 1984 idem,
294 1952 377 1988 282
390 1953 502 1980 etiamsi
516 1957 545 1980 lu
561 1952 739 1981 vociferando
759 1954 908 1989 rumparis,
937 1955 985 1989 qui

194 1999 377 2026 remotissima
397 1999 513 2027 misceas
530 2004 558 2027 et
572 1999 664 2027 dicere
687 2000 812 2027 divinum
836 2000 915 2028 illum
931 2003 986 2028 cri-

193 2044 308 2073 mineris
319 2045 408 2072 virum
419 2045 454 2072 ait
467 2045 587 2074 increata
598 2051 699 2074 natura
710 2046 823 2075 diﬂ‘erre
831 2047 983 2075 increalam

192 2091 252 2126 ejus
269 2090 455 2119 eﬂicientiatn.
478 2091 576 2127 Neque
596 2092 672 2120 enim
694 2092 842 2128 quisquam
859 2094 983 2122 omnium

194 2139 222 2164 itt
240 2137 314 2164 illius
328 2138 450 2172 scriptis,
468 2139 594 2172 quamvis
614 2140 731 2166 multttm
753 2139 922 2175 inquisierit,
937 2141 984 2169 vix

194 2191 283 2219 neque
298 2192 427 2220 magnum
443 2185 567 2212 omnium
581 2193 671 2221 neque
683 2186 860 2214 minimorum
871 2188 982 2222 quidem

191 2230 343 2265 quidquam
357 2230 448 2258 simile
465 2231 587 2259 inveniat
600 2239 719 2266 unquam
745 2233 780 2260 iis
798 2241 859 2268 quae
877 2242 952 2262 nunc
967 2243 982 2262 a

1045 286 1120 317 σίους
1142 284 1214 314 εἶναι
1237 287 1484 320 δοξάζων,ἐάλως,
1510 287 1606 322 ὥσπερ
1631 286 1681 313 καὶ
1701 286 1836 318 πολλάκις

1044 332 1095 367 ἤδη
1125 333 1269 368 πρότερον.
1295 335 1334 366 ὡς
1361 334 1484 368 γίνεσθαί
1515 342 1557 360 σοι
1589 333 1639 364 τὰς
1668 332 1835 363 ὑποστάσεις

1044 379 1260 412 ἀνυποστάτους.
1278 381 1315 408 Τὸ
1335 380 1389 416 γὰρ
1406 379 1532 407 ἀνούσιον
1548 379 1739 407 ἀνυπόστατον
1752 386 1761 394 ο
1788 379 1835 404 καὶ

1044 425 1139 453 λοιπὸν
1153 426 1189 458 ὡς
1199 427 1264 454 ὅταν
1277 427 1325 454 καὶ
1345 427 1395 458 τὰς
1413 426 1557 457 ἁνουσίους
1571 425 1681 457 ὲκείνας
1701 425 1835 458 θεότητας

1044 472 1084 503 εἰς
1100 473 1215 508 ἄπειρον
1237 473 1356 508 ἀριθμὸν
1379 473 1514 508 θεοτήτων
1537 472 1730 507 παραπέμπῃς
1754 471 1834 498 ἀκτί-

1045 527 1127 550 στων,
1141 519 1306 550 ὑποστάσεις
1320 518 1390 545 εἶναι
1406 520 1454 546 καὶ
1475 519 1579 550 ταύτας
1595 517 1736 551 δοξάζεις·
1753 518 1800 544 καὶ
1819 517 1833 544 ὃ

1044 565 1175 597 πολλάκις
1203 565 1288 597 ἑάλως
1301 567 1426 601 γράφων,
1455 565 1492 601 μὴ
1516 567 1735 601 τρισυπόστατον
1762 562 1834 591 εἶναι

1044 612 1126 646 μόνον
1151 612 1200 646 τὴν
1227 612 1302 639 θείαν
1322 613 1413 647 φύσιν,
1430 612 1498 640 ἀλλὰ
1522 614 1570 639 καὶ
1597 612 1833 643 πολυυπόατατον,

1043 658 1124 685 τοῦτο
1138 659 1277 686 κάνταῦθα
1292 659 1475 694 τετόλμηκας,
1492 659 1658 689 ὑποστάσεις
1677 659 1726 694 μὲν
1751 659 1834 685 ανον-ιο

1044 706 1129 738 σίους,
1147 706 1278 741 θεότητοις
1297 706 1320 733 δ’
1334 707 1538 738 ἀνυποστάτους
1554 706 1652 734 σέϐων.

1079 841 1121 867 ll‘.
1140 840 1277 876 Τέταρτον
1305 841 1332 867 δὲ
1359 841 1400 868 ὄτι
1425 841 1472 867 καὶ
1496 841 1541 868 τὸν
1562 841 1708 874 ἄνθρωπον
1723 839 1770 866 καὶ
1788 840 1834 865 τὸν

1043 885 1115 912 λίθον
1126 886 1165 916 εὶς
1185 885 1340 920 ὑπόδειγμα
1365 886 1467 920 φέρων,
1483 885 1531 911 καὶ
1554 884 1713 919 ὁριζόμενος
1735 884 1833 909 οὐσίαν

1042 929 1113 958 εἶναι
1145 932 1214 966 μετὰ
1240 931 1295 958 τῶν
1327 932 1450 966 φυσικῶς
1478 931 1543 966 περὶ
1569 931 1655 964 αὐτὴν
1683 930 1833 965 ὁρωμένων

1044 978 1323 1014 συλλαμϐανομένην,
1356 979 1442 1010 ἑάλως
1468 978 1508 1005 ἔτι
1538 978 1584 1004 καὶ
1616 977 1833 1011 συμϐεϐηκότων

1043 1026 1174 1061 σύλληψιν
1191 1024 1259 1052 εἶναι
1275 1026 1394 1060 νομίζων
1409 1026 1499 1062 [12156
1515 1025 1553 1061 υ.]
1568 1025 1618 1061 τὴν
1633 1024 1709 1052 θείαν
1722 1024 1833 1056 ἐκείνην

1041 1073 1134 1100 οὐσίαν
1147 1073 1241 1108 ὥσπερ
1262 1073 1308 1100 ἐπὶ
1324 1073 1371 1099 τοῦ
1389 1073 1592 1108 προϐληθέντος
1615 1081 1657 1098 σοι
1679 1072 1766 1102 λίθου.
1784 1072 1832 1106 βά-

1042 1116 1280 1152 ρος,ψυχρ6τητα,
1296 1117 1406 1151 χρῶμα,
1425 1118 1522 1152 μῆκος,
1543 1117 1645 1148 πλάτος
1667 1117 1717 1143 καὶ
1735 1116 1828 1151 βάθος.

1041 1164 1088 1190 καὶ
1103 1164 1153 1189 ὅπα
1171 1163 1285 1190 τοιαῦτα
1300 1165 1369 1190 νοεῖν
1386 1164 1441 1198 ἔχει
1462 1172 1514 1196 τις,
1530 1163 1649 1199 ἔχοντος.
1665 1163 1698 1189 '0
1718 1162 1768 1189 καὶ
1783 1161 1831 1188 τοῦ

1041 1209 1177 1245 προτέρου
1193 1210 1284 1244 χεῖρον
1299 1211 1338 1240 εἰς
1355 1210 1481 1236 ἀτοπίαν.

1076 1257 1114 1283 ϐ’.
1145 1257 1200 1283 Καὶ
1226 1258 1353 1291 πέμπτον
1372 1257 1484 1289 ἄτοπον,
1504 1256 1546 1283 ὅτι
1571 1256 1619 1282 καὶ
1645 1256 1764 1291 βεϐαιοῖς
1780 1255 1832 1290 τὴν

1042 1302 1091 1335 σὴν
1107 1302 1228 1336 ἀμαθίαν
1246 1303 1293 1329 καὶ
1308 1302 1453 1329 πολυθεΐαν
1471 1303 1514 1329 διὰ
1528 1303 1578 1337 τῆς
1592 1303 1660 1337 προς
1679 1303 1724 1329 τὸν
1741 1301 1830 1336 μέγαν

1047 1348 1206 1376 Ἀθανάσιον
1222 1349 1419 1382 συκοφαντίας.
1441 1349 1502 1375 Ἐπὶ
1521 1350 1574 1383 γὰρ
1588 1348 1618 1376 ἓν
1636 1349 1739 1379 ἐκεῖνος
1756 1348 1831 1382 ἔχειν

1041 1396 1108 1431 φησὶ
1127 1396 1176 1432 τὴν
1201 1396 1341 1431 ἀναφορὰν
1363 1395 1398 1422 τὰ
1421 1395 1492 1422 οὕτω
1508 1395 1594 1422 πολλὰ
1618 1395 1673 1420 τῶν
1688 1394 1830 1428 ὀνομάτων

1040 1444 1164 1476 ἐκείνων,
1185 1443 1274 1470 sita-av
1294 1444 1343 1478 τὴν
1356 1443 1451 1469 οὐσίαν
1465 1451 1471 1458 ·
1495 1442 1526 1469 σὺ
1543 1442 1567 1469 δ’
1587 1441 1637 1468 οὐκ
1661 1441 1746 1476 ᾔσθου
1758 1440 1831 1467 κατὰ

1041 1487 1156 1514 σεαυτοῦ
1176 1487 1298 1522 κομίζων
1322 1487 1352 1513 ὂν
1367 1487 1437 1521 ὑπὲρ
1456 1486 1572 1513 σεαυτοῦ
1596 1485 1767 1520 κεκόμικας·
1785 1484 1832 1510 0'3-

1041 1544 1094 1567 τως
1109 1535 1218 1571 ἀμαθὴς
1234 1533 1259 1561 εἷ
1275 1534 1321 1561 καὶ
1346 1535 1420 1569 μάλα
1434 1535 1573 1569 ἀγροῖκος.
1592 1530 1658 1559 Εἶτα
1674 1532 1721 1558 καὶ
1738 1531 1830 1565 ἄθροι-

1041 1591 1097 1618 σμα
1112 1582 1186 1616 λέγει
1210 1583 1257 1609 καὶ
1279 1582 1419 1618 πλήρωμα
1442 1581 1572 1615 θεότητος
1587 1579 1675 1607 ταῦτα
1689 1579 1782 1610 αὐτὸς,
1799 1579 1830 1605 οὐ

1042 1631 1095 1665 μὴν
1109 1629 1245 1664 θεοτήτων
1260 1629 1308 1662 τῆς
1324 1628 1417 1658 οὐσίας
1433 1627 1573 1661 διαφόρων
1588 1626 1660 1653 κατὰ
1678 1625 1707 1652 σὲ
1723 1625 1769 1652 καὶ
1780 1625 1830 1652 ἁλ-

1039 1677 1137 1712 λήλων.
1159 1676 1220 1708 Ito;
1235 1675 1288 1710 γὰρ
1307 1675 1336 1706 ὃς
1349 1674 1395 1701 ἐπὶ
1408 1674 1437 1703 ἓν
1450 1674 1520 1701 αὐτὰ
1534 1675 1584 1708 τὴν
1602 1673 1743 1708 ἀναφορὰν
1755 1672 1832 1706 ἔχειν

1040 1723 1118 1757 φησὶ,
1133 1720 1233 1756 δηλαδὴ
1249 1721 1299 1756 τὴν
1313 1720 1408 1746 οὐσίαν
1421 1729 1428 1752 ;

1077 1769 1105 1795 l'.
1121 1769 1199 1794 Ἔστι
1218 1767 1287 1794 κάπὶ
1302 1767 1410 1798 τούτοις
1431 1765 1511 1793 ἕκτον
1531 1765 1643 1796 ἄτοπον,
1662 1765 1704 1792 ὃτι
1724 1764 1833 1791 καὶτὸν

1041 1816 1113 1842 θεῖον
1131 1815 1310 1849 συκοφαντεῖς
1327 1813 1520 1848 Δαμασκηνὸν,
1541 1813 1580 1844 ὡς
1607 1812 1749 1847 προϊοῦσιν
1765 1813 1833 1846 ἡμῖν

1041 1862 1181 1896 εἰρήσεται
1198 1860 1245 1887 καὶ
1263 1860 1329 1887 αὐτο
1342 1859 1520 1894 πλατύτερον.
1537 1859 1785 1894 Δειχθήσεταιγὰρ
1802 1858 1832 1884 τὸ

1040 1906 1256 1942 χαρακτηρίζειν
1279 1905 1318 1940 τῷ
1339 1906 1482 1940 διαφέρειν
1500 1905 1537 1940 μὴ
1555 1902 1626 1931 εἶναι
1652 1905 1760 1936 ταυτὲν,
1780 1904 1832 1930 κᾶν

1041 1955 1072 1981 σὺ
1091 1954 1161 1990 βοῶν
1187 1953 1352 1988 διαρραγῇς,
1373 1952 1408 1979 τὰ
1424 1953 1529 1987 ἄμικτα
1553 1951 1652 1986 μιγνὺς
1676 1952 1724 1977 καὶ
1740 1951 1833 1984 λέγειν

1039 2000 1085 2027 τὸν
1109 2000 1181 2026 θεῖον
1207 1999 1311 2025 ἐκεῖνον
1331 1998 1496 2032 αἰτιώμενος
1521 1998 1609 2031 ἄνδρα
1633 1998 1682 2032 τῆς
1699 1997 1830 2022 ἀκτίοτου

1039 2046 1148 2081 φύσεως
1166 2046 1308 2081 διαφέρειν
1328 2045 1377 2080 τὴν
1396 2045 1526 2071 ἄκτιστον
1543 2044 1646 2079 ταύτης
1671 2043 1831 2078 ἐνέργειαν.

1039 2095 1106 2122 Οὐδὲ
1117 2094 1171 2130 γὰρ
1185 2093 1272 2125 οὐδεὶς
1296 2093 1350 2120 τῶν
1365 2093 1495 2119 ἁπάντων
1511 2093 1540 2118 ὲν
1561 2094 1615 2123 τοῖς
1639 2091 1745 2118 ἐκείνου
1763 2099 1831 2124 συγ-

1038 2142 1200 2177 γράμμασιν
1215 2140 1275 2167 οὒὶὲ
1292 2140 1378 2168 πολλὰ
1394 2141 1518 2175 μογήσας
1532 2139 1595 2165 οὔτε
1616 2139 1697 2174 μόγις
1715 2139 1788 2172 μέγα
1805 2146 1832 2164 τι

1037 2190 1092 2217 τῶν
1106 2189 1216 2216 πάντων
1240 2187 1302 2215 οὔτε
1329 2188 1401 2223 μάλα
1425 2187 1504 2221 μόλις
1518 2187 1584 2221 γοῦν
1603 2186 1658 2213 τῶν
1679 2186 1831 2220 ἐλαχίστων

1037 2233 1114 2260 οὐδὲν
1141 2233 1295 2269 ὁμότροπον
1316 2233 1349 2259 ἄν
1372 2232 1434 2258 ποθ’
1458 2231 1535 2266 εὖροι
1564 2232 1686 2258 τουτοισὶ
1709 2233 1767 2262 τοῖς
1782 2230 1832 2256 νῦν

193 2282 230 2308 to,
246 2276 368 2309 Palama,
381 2273 569 2304 obtrectatore
590 2277 726 2306 detestato
737 2284 766 2306 et
787 2279 921 2308 insidioso
939 2281 981 2308 in-

1044 2281 1261 2316 παρευρημένοις
1285 2281 1333 2307 καὶ
1357 2278 1581 2313 προτεθειμένοις
1609 2277 1649 2312 τῷ
1682 2278 1831 2312 καταράτῳ

191 2328 278 2354 venta
294 2328 321 2353 et
339 2323 445 2358 prolata
471 2328 546 2351 sunt.
561 2325 666 2353 Deinde
680 2325 845 2354 alterutrum
858 2327 983 2361 quidem,

191 2375 240 2399 aut
258 2371 332 2398 enim
358 2378 414 2399 non
430 2371 532 2399 invitus
545 2371 614 2399 falso
631 2372 799 2407 criminaris,
818 2379 864 2400 aut
881 2374 984 2402 invitus

192 2417 238 2445 illa
255 2416 378 2452 ignoras,
391 2421 419 2445 et
434 2417 584 2446 illiteratus
595 2426 636 2450 es,
654 2424 686 2445 ut
697 2419 820 2451 videtur,
841 2420 943 2452 adhuc,
957 2425 986 2447 et

192 2463 345 2498 primorum
360 2463 504 2498 sapientia:
514 2464 716 2492 elementorum
732 2466 847 2493 omnino
860 2466 982 2501 ignarus,

190 2518 309 2544 quarunt
327 2510 396 2539 illud
412 2510 577 2544 insanabile,
595 2511 649 2539 hoc
670 2511 875 2540 semimiserum
893 2512 985 2547 (dimi-

189 2557 236 2585 dio
255 2558 366 2593 melius)
381 2562 408 2585 et
421 2558 544 2586 sanabile
566 2564 608 2586 est
630 2567 638 2585 :
654 2559 678 2586 si
694 2559 779 2594 igitur
799 2565 828 2586 et
857 2561 916 2594 ipse
932 2560 983 2592 vis,

190 2604 243 2631 hoc
266 2603 366 2638 delige.
397 2604 571 2632 Alterutrum
595 2604 670 2632 enim
700 2612 745 2632 me
769 2605 893 2632 visurum
921 2613 983 2633 esse

189 2658 271 2685 spero
300 2655 434 2686 optoque,
447 2655 495 2679 aut
521 2656 548 2680 te
573 2651 683 2680 volente
696 2651 816 2680 reditum
830 2656 920 2684 tuum,
935 2658 984 2679 aut

190 2702 216 2725 te
246 2697 360 2727 nolente
387 2698 528 2726 interitum
552 2703 649 2732 tuum;
670 2699 786 2726 alterunt
815 2699 888 2726 enim
906 2704 932 2726 te
950 2699 984 2726 li-

189 2744 297 2771 berabit
312 2753 326 2772 a
341 2745 465 2779 pernicie
478 2751 591 2778 aeterna,
604 2747 722 2774 alterum
735 2747 819 2773 etiam
834 2751 950 2774 caeteros
966 2755 981 2774 a

190 2790 300 2817 damno.
330 2790 475 2824 Quomodo
507 2791 592 2827 igitur
617 2793 786 2826 persuadere
818 2793 983 2819 conabimur

191 2836 236 2862 tali
255 2844 344 2871 eoque
365 2839 422 2873 jam
444 2839 534 2866 aetatis
557 2843 688 2873 provecto
712 2843 780 2869 viro,
796 2846 845 2866 llUl
868 2840 982 2866 omnino

191 2883 330 2915 quomodo
347 2891 401 2910 non
417 2884 620 2918 desperandum
638 2885 689 2911 crit
704 2885 737 2912 dc
751 2886 809 2912 utili
823 2886 895 2912 exitu
916 2894 981 2920 pro-

190 2934 302 2964 spectus
326 2938 416 2965 neque
431 2938 500 2960 vana
525 2930 571 2958 ﬁet
599 2932 702 2966 opera?
719 2932 821 2960 Tamen
849 2933 909 2959 νυιυ
927 2933 981 2968 plc-

1039 2336 1082 2355 σοι
1109 2326 1227 2361 Παλαμᾷ
1252 2326 1301 2352 καὶ
1328 2324 1432 2359 δολερῷ
1456 2325 1625 2359 συκοφάντῃ.
1656 2325 1735 2349 Δυοῖν
1763 2323 1831 2357 γοῦν

1037 2374 1134 2401 ἔπειτα
1161 2373 1286 2408 θάτερον,
1315 2372 1331 2407 ἦ
1355 2373 1409 2406 γὰρ
1436 2371 1508 2397 ἑκὼν
1535 2371 1709 2405 βλασφημεῖς
1736 2370 1752 2404 ἦ
1781 2371 1831 2405 οὐχ

1037 2421 1108 2448 ἑκὼν
1123 2421 1242 2454 ἀγνοεῖ;,
1259 2419 1452 2454 ἀναλφάϐητος
1465 2417 1514 2448 ὢν.
1534 2418 1572 2449 ὡς
1594 2417 1694 2448 ἔοικεν,
1711 2417 1763 2447 ἔτι.
1782 2418 1830 2444 καὶ

1036 2466 1092 2493 τῶν
1108 2466 1224 2500 πρώτων
1239 2465 1288 2500 τῆς
1313 2464 1411 2498 σοφίας
1428 2464 1570 2499 στοιχείων
1591 2464 1661 2490 πάνυ
1687 2472 1712 2489 τι
1731 2464 1828 2498 ἀδαὴς.

1036 2510 1087 2540 Ὧν
1106 2514 1136 2539 τδ
1163 2513 1213 2546 μὲν
1234 2511 1356 2544 ἀνίατον,
1371 2511 1402 2538 τὸ
1430 2510 1453 2538 δ’
1477 2511 1670 2546 ήμιμόχθηρυν
1695 2511 1742 2536 καὶ
1759 2511 1831 2537 ἱᾶσι-

1039 2570 1088 2596 μον
1102 2569 1110 2577 ·
1128 2560 1162 2596 ἢν
1185 2559 1232 2587 οὖν
1254 2561 1302 2587 καὶ
1325 2560 1407 2590 αὐτὸς
1423 2558 1531 2594 ἐθέλῃς,
1552 2558 1614 2584 ἑλοῦ
1638 2558 1670 2584 τὺ
1689 2557 1828 2592 δεύτερον.

1036 2609 1114 2634 Δυοῖν
1136 2609 1190 2642 γὰρ
1210 2607 1323 2642 ὁψεσθαι
1347 2606 1463 2640 θάτερον
1477 2605 1581 2637 ὲλπίζω
1599 2605 1646 2631 καὶ
1667 2603 1794 2640 εὔχομαι,
1810 2605 1827 2640 ἢ

1035 2655 1084 2690 τὴν
1116 2654 1165 2689 σὴν
1188 2654 1370 2690 ἐπιστροφὴν,
1390 2654 1415 2679 εἰ
1432 2652 1534 2687 βούλει,
1551 2652 1567 2686 ἢ
1591 2651 1641 2687 τὴν
1668 2651 1719 2686 σὴν
1740 2661 1829 2678 κατα-

1036 2700 1169 2735 στροφὴν,
1186 2700 1210 2726 εί
1233 2700 1270 2735 μὴ
1286 2699 1388 2734 βούλει,
1407 2698 1444 2724 Τὸ
1461 2698 1511 2733 μὲν
1530 2699 1584 2733 γὰρ
1598 2698 1629 2724 σὲ
1656 2697 1707 2732 τῆς
1732 2698 1830 2724 πολυε-

1035 2747 1099 2778 τοῦς
1114 2747 1252 2778 ἀπωλείας
1266 2748 1410 2780 ὲξελείται,
1425 2748 1455 2774 τὺ
1471 2749 1499 2775 δὲ
1516 2748 1565 2774 καὶ
1586 2749 1650 2778 τοὺς
1674 2748 1773 2778 ἄλλους
1790 2747 1828 2782 μὴ

1037 2794 1216 2829 βλάπτεσθαι.
1242 2794 1329 2821 Πόθεν
1348 2794 1393 2821 οὖν
1411 2795 1620 2830 ἐπιχειροίημεν
1644 2795 1678 2821 ἂν
1694 2795 1830 2829 μεταπεί-

1035 2841 1091 2867 θειν
1106 2841 1190 2876 ἄνδρα
1205 2841 1332 2867 τοσοῦτον
1349 2842 1396 2868 καὶ
1413 2841 1499 2873 οὕτως
1515 2842 1627 2877 ἡλικίας
1653 2841 1750 2876 ἔχοντα
1764 2849 1771 2873 ;
1792 2840 1828 2866 "ll

1035 2888 1143 2918 πάντως
1155 2888 1218 2914 ὅθεν
1230 2888 1280 2913 οὐκ
1293 2887 1456 2914 ἀνέλπιστον
1470 2887 1504 2915 ἂν
1523 2888 1567 2923 εἴη
1584 2887 1614 2914 τὸ
1631 2887 1745 2922 σκέμμα
1757 2887 1827 2920 πρὶς

1033 2934 1174 2968 ὡφέὖιμον
1191 2933 1278 2967 τέλος,
1296 2934 1364 2969 μηδὲ
1381 2935 1496 2970 μάταιος
1512 2934 1612 2970 γένοιτ’
1630 2935 1662 2963 ἂν
1679 2935 1694 2969 ἡ
1711 2933 1827 2969 σπουδή.
