1909 3064
115 171 168 204 24)

613 176 835 206 ΒΥΖᾹΝΤΙΝΕ
869 175 1063 207 ΙΙΙΞιΤίξΠυΕ
1085 179 1156 210 LIB.
1180 181 1270 211 XXX.

1685 183 1738 214 2ᾆο

117 228 256 262 Βούλομαι
285 228 308 253 δ’
333 228 378 255 οὖν
411 229 485 264 ὅμως
512 231 704 266 ἐντελεστέραν
737 233 785 258 τοῦ
822 233 901 265 λόγου

955 235 1061 262 nlorem
1091 236 1117 262 in
1143 237 1274 264 orationis
1299 237 1378 264 initio
1404 245 1501 264 eorum
1527 245 1587 272 qua:
1611 238 1738 267 dicentur

116 274 270 310 ἀρχόμενος
295 276 345 309 τὴν
363 276 416 301 τῶν
445 277 639 311 ῥηθησομένων
668 278 834 313 ποιήσασθαί
861 287 903 304 σοι

117 322 351 357 προκατάστασιν,
367 323 414 348 καὶ
432 323 536 355 διξάξαι
552 325 598 351 τὸν
614 326 707 360 ἅμαθῆ
724 326 754 352 σὲ
769 325 799 358 ἐξ
814 326 904 352 αὐτῶν

118 368 273 402 ἀρχόμενος
287 369 341 395 τῶν
366 370 459 396 ἁπλῶν
480 371 624 406 στοιχείων
639 372 686 398 καὶ
700 371 808 406 φωνῶν,
822 371 859 403 ὡς
879 372 903 398 οἱ

119 415 330 448 γραμματισταὶ
346 415 380 441 τὰ
395 417 538 451 μειράκια.
558 416 601 443 ἵνα
627 418 664 452 μὴ
690 418 812 452 συνεχῶς
836 418 905 452 πρὸς

118 460 174 486 τῶν
202 460 309 486 πολλῶν
338 461 385 486 καὶ
407 462 488 493 αὐτὸς
515 463 616 498 ἀκούῃς
645 464 732 490 ἐκεῖνο
747 464 778 499 δὴ
803 464 834 490 τὸ
857 464 904 491 τοῦ

120 505 266 541 Πλάτωνος
292 506 423 541 σκῶμμα,
438 507 476 538 ὼς
501 508 612 542 ἀμαθὴς
636 507 670 538 εί.
689 507 712 536 ὧ
737 510 841 546 ἑταῖρε,
858 510 905 536 καὶ

118 553 169 586 οὺχ
187 551 241 586 ἕπῃ
253 560 261 568 ”
276 550 294 587 ἦ
310 552 363 588 γὰρ
376 552 409 579 ἂν
427 553 483 579 οὐδ’
497 554 579 580 αὐτοῦ
597 563 628 587 γε
648 554 679 590 δὴ
702 555 843 582 Βασιλείου
856 555 905 582 τοῦ

119 597 193 624 οείου
223 599 409 630 παντάπασιν,
427 599 465 630 ὡς
483 599 583 632 ἔοικεν,
607 601 723 636 ἀνήκοος
747 601 843 636 μείνας
871 603 904 637 τῇ

119 642 260 676 ἐπιστήμῃ
283 642 353 676 μετὰ
375 643 424 677 τῆς
447 643 589 676 εὐσεῦείας
613 645 686 671 οὓτω
709 646 905 681 προσέκοπτες,

118 685 264 720 ὀμιλητέον
287 684 357 713 εἶναι
381 687 506 721 λέγοντος
530 690 656 723 ποιηταῖς
682 689 729 715 καὶ
755 689 907 723 λογοποιοῖς

117 732 166 758 καὶ
193 733 307 767 ῥήτορσι
331 733 380 760 καὶ
404 734 491 760 πᾶσιν
505 734 660 768 ἀνθρώποις
680 735 742 761 ὅθεν
764 735 796 761 ἂν
813 735 907 770 μέλλοι

119 779 189 812 πρὸς
208 779 257 814 τὴν
273 779 323 814 τῆς
346 779 434 814 ψυχῆς
465 780 625 815 ἐπιμέλειαν
649 781 768 815 ὠφέλειά
783 789 824 812 τις
848 781 908 807 ἔσε-

118 824 193 852 σθαι.
207 825 312 859 Ὥσπερ
321 826 375 860 γὰρ
386 826 411 852 οἱ
426 826 580 853 δευσοποιοὶ
592 827 908 862 προπαρασκευάσαντες

956 281 1101 308 instituere
1132 283 1181 310 tibi
1210 283 1426 312 institutionem.
1452 289 1481 311 et
1505 289 1530 311 te
1561 285 1678 312 edocere
1704 293 1738 312 ex

956 327 1023 362 ipsis
1037 328 1144 355 initium
1162 336 1273 356 sumens
1297 329 1468 363 simplicibus
1492 330 1635 357 elementis
1650 335 1677 357 et
1696 339 1739 358 so-

956 375 1009 406 nis,
1024 379 1053 401 ut
1069 376 1189 409 magistri
1203 383 1312 409 pueros.
1330 383 1363 402 ne
1379 383 1486 410 semper
1501 375 1583 410 283
1598 384 1630 403 ex
1647 376 1741 403 multis

956 426 984 449 et
1004 421 1061 456 ipse
1077 422 1172 449 audias
1189 423 1254 449 illud
1278 423 1400 450 Platonis
1416 423 1576 455 ludibrium,
1593 422 1679 455 Quam
1701 422 1742 449 in-

957 469 1054 496 doctus
1064 476 1103 502 es,
1116 469 1213 500 amice,
1228 477 1314 503 neque
1326 469 1503 503 intelligendo
1516 477 1565 496 nos
1574 469 1739 503 assequeris.

958 515 1081 542 Profecto
1096 515 1180 548 enim,
1195 523 1352 549 quanquam
1369 523 1402 542 ne
1420 515 1507 549 ipsius
1522 515 1631 550 quidem
1647 515 1740 542 Basilii

957 560 1042 587 divini
1061 560 1161 588 videris
1175 561 1286 587 omnino
1303 561 1452 595 neglexisse
1471 560 1684 593 institutionem,
1702 561 1737 586 ita

957 605 1118 633 oﬂ‘endehas
1133 605 1160 633 in
1177 605 1290 632 scientia
1307 611 1332 632 et
1347 605 1459 640 pietate,
1474 605 1518 639 qui
1533 605 1643 639 quidem
1663 605 1741 632 fami-

957 651 1064 678 liariter
1080 651 1211 678 utendum
1227 658 1286 678 esse
1310 651 1376 678 dicit
1401 651 1489 685 poetis
1505 656 1533 678 et
1551 651 1690 679 historicis
1714 656 1742 678 et

958 697 1117 724 rhetoribus
1140 702 1168 724 et
1187 696 1314 724 omnibus
1340 695 1508 727 hominibus,
1533 697 1683 730 exquibus
1708 697 1742 723 ad

959 743 1042 771 animi
1059 750 1153 770 curam
1180 742 1285 769 fructus
1304 743 1404 777 aliquis
1420 742 1622 769 redundaturus
1645 743 1690 769 sit.
1708 743 1742 770 Ut

959 791 1032 817 enim
1046 789 1177 817 tinctores
1194 797 1256 816 cum
1275 788 1587 824 prtepararuntmultum
1603 787 1743 814 tractando

959 836 986 864 id
1014 835 1086 871 quod
1100 843 1211 863 succum
1223 836 1349 870 recipiat.
1362 840 1418 862 tum
1431 835 1541 862 demum
1557 835 1675 861 colorem
1692 834 1743 860 oh-

117 870 150 906 ll'.
165 871 213 898 157
231 871 266 907 r.]
279 872 441 905 θεραπείαις
451 873 522 899 τισὶν
536 873 550 899 ὅ
562 881 588 899 τι
601 874 658 900 ποτ’
678 874 711 900 ἂν
727 872 784 909 ᾗτδ
795 873 903 908 δεξόμε-

963 884 1082 913 dncunt,
1099 883 1156 910 sive
1177 889 1342 917 purpureum
1367 882 1424 908 sive
1439 881 1541 914 alium;
1555 881 1649 907 eodem
1667 880 1744 913 plane

117 927 163 944 νον
185 919 236 954 τὴν
260 917 362 954 βαφὴν,
381 918 453 945 οὓτω
475 919 506 945 τὸ
527 919 606 950 ἄνθος
629 920 790 953 ἐπάγουσιν,
817 920 850 946 ἄν
874 928 904 947 τε

117 965 254 1000 ἁλουργὸν
272 965 304 992 ἄν
318 965 347 991 τέ
362 974 389 991 τι
403 965 497 1001 ἕτερον
510 963 539 1002 ᾗ,
554 966 601 992 τὸν
614 966 696 992 αὐτὸν
710 965 742 1002 δὴ
756 967 802 992 καὶ
823 967 906 1001 ἡμεῖς

115 1011 228 1045 τρόπον,
243 1011 267 1037 εὶ
295 1010 386 1042 μέλλοι
415 1010 584 1043 ἀνέκπλυτος
610 1012 678 1046 ἡμῖν
705 1013 721 1045 ὴ
744 1011 791 1037 τοῦ
820 1010 904 1037 καλοῦ

117 1056 292 1092 παραμένειν
307 1055 381 1089 δόξα,
395 1057 453 1089 τοῖς
467 1057 519 1090 ἔξω
535 1056 566 1092 δὴ
584 1057 690 1088 τούτοις
707 1056 901 1091 προτελεσοέν-

115 1110 162 1134 τες
185 1102 337 1137 τηνικαῦτα
355 1102 411 1129 τῶν
435 1102 515 1138 ἱερῶν
532 1103 581 1130 καὶ
600 1102 765 1138 ἀπορρήτων
788 1103 906 1128 ἐπακου-

117 1149 223 1183 σόμεῦα
242 1149 444 1184 παιδευμάτων,
461 1150 509 1177 καὶ
533 1146 590 1175 οἷον
613 1149 643 1174 ἐν
667 1148 743 1174 ὕδατι
760 1147 806 1174 τὸν
830 1147 906 1183 ἥλιον

115 1196 183 1232 ὁρᾷν
211 1194 495 1229 ἐθισθέντεςμοῦτως
519 1194 596 1230 αὐτῷ
625 1193 836 1230 πμσϐαλοῦμεν
866 1193 905 1228 τῷ

117 1243 189 1278 φωτὶ
214 1243 264 1275 τὰς
289 1243 374 1277 oti/etc.
403 1242 521 1276 Λέγεται
547 1242 586 1273 δὲ,
616 1242 695 1276 φησὶ,
724 1241 771 1268 καὶ
801 1240 905 1275 Μωσῆν

116 1290 224 1317 ἐκεῖνον
237 1288 283 1316 τὸν
295 1289 378 1320 πάνυ,
393 1287 423 1315 οὗ
439 1287 568 1323 μέγιστόν
582 1287 657 1314 ἐστιν
671 1287 718 1313 ἐπὶ
733 1287 814 1321 σοφίᾳ
827 1286 905 1322 παρὰ

116 1337 202 1363 πᾶσιν
220 1334 377 1370 ἀνθρώποις
402 1334 497 1369 ὁνομα,
512 1335 569 1366 τοῖς
593 1332 752 1368 Αἰγυπτίων
773 1333 905 1368 μαθημα-

116 1391 159 1409 σιν
175 1382 421 1417 ἐγγυμνασάμενον
446 1380 495 1415 τὴν
520 1380 641 1408 διάνοιαν
652 1379 726 1407 οὕτω
743 1379 906 1415 προσελθεῖν

115 1430 150 1465 τῇ
174 1429 277 1464 θεωρίᾳ
291 1428 339 1455 τοῦ
358 1427 434 1458 ὄντος
445 1435 454 1443 ο
480 1426 681 1462 παραπλησίως
701 1426 731 1452 δὲ
745 1426 835 1460 τούτῳ
853 1425 905 1452 κάν

113 1476 172 1506 τοῖς
192 1475 269 1502 κάτω
289 1474 396 1509 χρόνοις
409 1473 455 1500 τὸν
470 1473 552 1508 σοφδν
568 1472 669 1508 Δανιὴλ
683 1473 730 1499 ἐπὶ
744 1471 906 1504 Βαϐυλῶνάς

98 1515 103 1520 ’
116 1528 186 1554 φασι
200 1520 250 1555 τὴν
265 1519 406 1546 Χαλδαίων
434 1517 534 1552 σοφίαν
557 1517 751 1552 καταμαθόντα
777 1518 836 1544 τότε
851 1516 905 1544 τῶν

959 929 1040 956 modo
1065 936 1116 955 nos
1143 927 1297 962 quoque,si
1326 926 1498 953 indelebilem
1531 926 1609 952 nobis
1630 925 1743 960 gloriam

958 974 1065 1009 pulchri
1099 981 1209 1001 manere
1250 973 1387 1005 volumus,
1417 977 1562 1007 postquam
1593 971 1645 998 illis
1683 979 1744 1005 qurc

957 1024 1034 1045 extra
1050 1023 1125 1050 sunt,
1144 1018 1291 1052 pra‘parati
1315 1024 1422 1048 sumus,
1437 1020 1495 1043 tum
1512 1016 1621 1042 demum
1637 1023 1742 1046 sacram

957 1070 985 1092 et
1000 1069 1133 1092 secretam
1146 1064 1290 1091 audiemus
1302 1063 1466 1094 doctrinam,
1478 1067 1505 1090 et
1529 1067 1557 1089 ut
1573 1061 1694 1095 alioquin
1715 1061 1744 1088 in

957 1119 1028 1147 aqua
1045 1112 1129 1139 solem
1141 1111 1236 1138 videre
1248 1110 1320 1137 soliti
1332 1117 1437 1141 sumus,
1453 1109 1490 1136 ita
1507 1109 1533 1135 in
1548 1109 1639 1135 lumen
1653 1109 1742 1142 ipsum

957 1162 1149 1186 convertemus
1163 1157 1268 1184 oculos.
1293 1156 1400 1183 Dicitur
1416 1161 1518 1187 autem,
1541 1155 1641 1189 inquit,
1656 1155 1744 1181 Moses

957 1212 1068 1239 quoque
1095 1203 1141 1230 ille
1176 1202 1384 1234 celeberrimus,
1417 1201 1495 1237 cujus
1525 1196 1671 1228 maxinium
1701 1205 1744 1228 est

956 1254 1069 1284 propter
1082 1248 1243 1283 sapientiam
1271 1247 1342 1282 apud
1371 1247 1496 1274 homines
1517 1253 1612 1272 omnes
1630 1253 1741 1275 nomen.

958 1299 1102 1330 postquam
1127 1295 1155 1322 in
1179 1294 1278 1322 litteris
1306 1293 1495 1329 [Egyptiorum
1523 1297 1640 1319 mentem
1665 1299 1741 1319 suam

957 1342 1145 1374 exercuisset,
1162 1345 1220 1367 tum
1246 1340 1355 1367 domum
1382 1338 1533 1366 accessisse
1557 1338 1589 1364 ad
1618 1337 1743 1364 veritatis

956 1387 1207 1417 scientiamtsimili
1220 1387 1325 1414 ratione
1341 1386 1421 1413 etiam
1442 1389 1535 1419 postea
1547 1384 1683 1411 Danielem
1697 1392 1742 1411 sa-

956 1435 1076 1470 pientem
1094 1434 1190 1462 dicunt
1210 1433 1346 1468 Babylone
1361 1431 1552 1459 Chaldaeorum
1579 1430 1741 1465 sapientiam

956 1482 1086 1509 edoctum
1123 1487 1214 1507 rerum
1239 1479 1392 1506 divinarum
1421 1477 1571 1504 doctrinam
1600 1481 1741 1502 tractasse.

957 1527 1093 1560 Quoniam
1116 1533 1178 1561 qua:
1202 1524 1359 1560 quindecim
1380 1531 1467 1550 annos
1492 1527 1586 1549 natum
1617 1521 1701 1557 284,
1716 1526 1742 1549 te

113 1565 197 1592 θείων
221 1564 341 1598 ἅψασθαι
365 1562 570 1596 παιδευμάτων.
591 1562 668 1589 Ἐπεὶ
691 1561 757 1596 γοῦν
774 1560 792 1588 ἃ.
809 1570 903 1588 πεντε-

958 1573 1065 1601 discere
1090 1560 1247 1606 oportebat,
1282 1578 1337 1597 non
1366 1569 1499 1600 didicisti.
1529 1572 1610 1603 atque
1636 1572 1741 1603 septem

114 1611 262 1645 καιδεκέτη
292 1617 323 1634 σε
353 1608 450 1643 μαθεῖν
476 1608 558 1642 ἐχρῆν
586 1608 637 1634 οὐκ
664 1606 853 1641 ἔμαθες,οὺδέ
871 1614 904 1640 γε

112 1658 256 1693 φράτορας
267 1655 384 1689 ἑπτέτης
399 1654 505 1689 ἔφυσας
521 1654 592 1680 κατά
613 1661 645 1688 γε
662 1653 708 1680 τὸν
722 1654 750 1686 ἐξ
773 1652 902 1688 ’Δττικῆς

112 1705 197 1739 σοφὸν
222 1703 322 1734 εἰπεῖν,
340 1701 407 1728 ἀλλὰ
435 1700 465 1727 τὸ
491 1700 539 1735 τῆς
562 1700 713 1736 παροιμίας
732 1699 788 1727 ἀπὸ
807 1699 905 1734 κώπης

111 1753 159 1779 ἐπὶ
179 1751 210 1778 τὸ
222 1751 298 1785 βῆμα
321 1750 369 1776 καὶ
389 1748 420 1776 τὸ
436 1748 600 1783 στρατήγιον
623 1747 754 1783 ἐξαίφνης
772 1746 903 1782 ἔδραμες,

111 1797 186 1830 λέγω
203 1795 236 1830 δὴ
257 1795 288 1823 τὸ
309 1795 446 1828 θεο).ογεῖν
468 1794 592 1824 ἀνίπτοις
609 1801 640 1819 τε
661 1792 740 1828 χερσὶ
756 1792 805 1818 καὶ
816 1791 904 1827 σαορᾷ

109 1843 229 1878 διανοίᾳ,
247 1842 314 1877 φέρε
326 1842 379 1867 κάν
396 1841 424 1866 ἐν
438 1840 513 1875 γήρᾳ
527 1839 668 1874 διδάχθητι
683 1838 749 1873 παρ’
763 1838 841 1874 ἡμῶν
854 1839 904 1869 τὰς

110 1888 297 1924 στοιχειώδεις
312 1886 414 1918 ταύτας
431 1886 478 1912 καὶ
494 1885 607 1920 πρώτας
628 1886 722 1919 φωνὰς
735 1885 790 1911 τῶν
808 1893 902 1920 γραμ-

112 1936 219 1970 μάτων,
235 1934 273 1966 ὡς
298 1933 331 1960 ἂν
354 1932 556 1968 εὐμαθέστερος
579 1931 644 1963 ἴσως
675 1932 823 1966 γενόμενος
853 1931 903 1964 τῆς

109 1982 189 2013 οείας
208 1980 276 2012 τέως
300 1979 406 2006 αἴσθοιο
420 1979 543 2014 Γραφῆς,
565 1980 613 2005 καὶ
642 1979 742 2013 μηκέτι
768 1977 802 2004 δι’
819 1977 900 2012 ὄχλου

110 2030 145 2063 τῇ
160 2027 287 2061 εὐσεϐείᾳ
301 2026 415 2060 γίγνοιο,
431 2025 606 2060 δημαγωγῶν
620 2025 638 2052 ὃ.
660 2027 715 2056 τοῖς
738 2025 814 2052 κάτω
836 2023 903 2058 μᾶλ-

110 2077 159 2102 λον
179 2074 196 2110 ἥ
218 2074 275 2105 τοῖς
299 2072 355 2100 ἄνω
377 2073 480 2106 πρέπει
510 2073 626 2106 νεκροῖς.
645 2071 685 2098 Τὰ
711 2071 766 2106 γὰρ
791 2070 902 2098 ἐναντία

109 2121 167 2152 τοῖς
197 2118 328 2150 ἐναντίοις
344 2117 483 2153 ὁρίζεσθαι
501 2125 530 2143 τε
559 2117 606 2144 καὶ
629 2116 802 2152 διορθοῦσθαι
826 2116 904 2152 νόμι⁹

110 2176 171 2201 μον,
189 2166 252 2191 ἐπεὶ
273 2165 320 2193 καὶ
334 2164 477 2199 Χαρμίδης
497 2165 510 2190 ὁ
525 2163 691 2198 Λαρισσαῖος
705 2163 827 2194 ἀκούσας
842 2163 901 2198 διη-

108 2210 247 2245 γουμένου
276 2208 349 2239 τινὸς
365 2208 395 2234 ἐν
412 2207 487 2234 ’ύδατι
503 2207 592 2240 ζέοντι
619 2207 710 2240 ζώσας
736 2208 801 2234 ἰδεῖν
823 2209 901 2243 ἐγχέ-

108 2257 188 2287 λυας,
203 2254 311 2282 Οὐκοῦν
325 2255 353 2281 ὲν
375 2253 472 2289 ψυχρῷ
489 2254 593 2286 ταύτας
615 2255 774 2289 ἑῴήσωμεν,
786 2255 898 2289 ἔφησεν.

108 2300 164 2333 Ἠς
183 2299 231 2328 οὖν
251 2300 299 2326 καὶ
314 2299 396 2331 αὐτὸς
411 2299 540 2331 ἀσύνετος
562 2299 676 2334 ἔμεινας
691 2300 902 2327 πεντεκαιδεκέ-

109 2357 160 2383 της
185 2347 324 2379 παιδείας,
348 2346 450 2381 ταύτης
465 2346 536 2382 ὑπὲρ
555 2346 590 2372 τὰ
617 2346 750 2380 ἑξῆκοντα
779 2347 901 2381 γεγονὼς

108 2393 249 2429 ἀκροατὴν
266 2393 378 2420 σεαυτὸν
405 2393 599 2420 ἀποδεικνύναι
626 2393 664 2428 μὴ
681 2393 797 2427 ἀπαξίου
813 2394 901 2429 τήμε-

109 2450 167 2477 ρον,
183 2441 239 2467 τῶν
258 2440 352 2467 ἁπλῶν
369 2439 470 2476 δηλαδὴ
496 2441 543 2466 καὶ
567 2439 714 2474 ἁρχοειδῶν
739 2440 836 2474 φωνῶν
853 2441 901 2466 καὶ

108 2488 261 2524 στοιχείων.
277 2487 370 2514 Ταῦτα
393 2487 461 2514 δ’ἃν
483 2488 593 2518 πάντως
615 2487 657 2523 εἴη
683 2488 718 2514 τά
737 2487 762 2513 τ’
779 2487 900 2522 ὀνόματα

108 2537 156 2562 καὶ
174 2535 298 2570 ῥήματα.
311 2534 422 2569 Πρῶτον
437 2534 491 2569 γὰρ
506 2534 547 2560 δεῖ
558 2534 664 2566 οὲσῦαι,
681 2534 758 2568 φασὶ,
773 2534 800 2560 τί
814 2533 901 2568 ὄνομα

109 2582 156 2609 καὶ
176 2582 203 2607 τί
219 2582 309 2617 ῥῆμα,
325 2581 407 2607 οἱονεί
433 2589 494 2607 τινα
520 2582 634 2616 στερῤὺν
650 2581 784 2615 θεμέλιον,
802 2579 900 2606 ἔπειτα

107 2629 133 2656 τί
159 2629 234 2655 ἐστιν
253 2627 393 2662 ἀπόφασις
416 2627 464 2654 καὶ
488 2627 646 2660 κατάρασις
674 2627 722 2653 καὶ
743 2627 900 2661 ἀπόφανσις

106 2675 152 2702 καὶ
181 2674 274 2707 λόγος,
303 2674 352 2700 καὶ
378 2673 427 2700 ὅσα
454 2673 486 2699 ἐκ
512 2673 563 2707 τῆς
591 2673 765 2708 ἀνθρωπίνης
796 2671 899 2706 ταύτης

105 2721 262 2756 ἐπιπλοκῆς
273 2721 320 2747 καὶ
336 2720 489 2751 συνθέσεως
505 2719 560 2745 τῶν
577 2727 607 2745 τε
623 2720 766 2754 ὀνομάτων
781 2721 827 2747 καὶ
842 2720 897 2747 τῶν

105 2768 241 2803 ῥημάτων
255 2766 465 2794 ἀποτελοῦνται.
486 2766 564 2792 Σκιαὶ
577 2765 633 2801 γὰρ
651 2767 733 2792 οίονεί
753 2767 826 2798 τινές
843 2768 897 2794 είσι

101 2815 157 2841 τῶν
178 2814 354 2848 πραγμάτων
377 2813 405 2839 αί
431 2813 530 2846 φωναὶ,
545 2812 614 2847 πρὸς
637 2813 687 2845 τὰς
703 2815 826 2849 κινήσεις
843 2814 896 2841 τῶν

102 2860 272 2894 ὑψεστώτων
286 2859 521 2894 σχηματιζόμεναι
534 2859 581 2886 καὶ
595 2859 709 2894 ὀνόμασι
724 2861 772 2886 καὶ
789 2861 896 2896 ῥήμασι

102 2907 319 2942 κεραννύμεναι·
344 2906 406 2934 οὐδὲ
425 2906 479 2941 γὰρ
504 2905 582 2939 φύσει
604 2907 660 2938 τοῖς
684 2907 829 2942 πράγμασι
855 2908 888 2936 τὶ

955 1626 1043 1645 annos
1058 1621 1139 1644 natus
1151 1624 1185 1643 ne
1198 1616 1312 1652 gentiles
1328 1615 1438 1650 quidem
1459 1613 1643 1641 contendebas
1659 1619 1688 1640 ut
1700 1621 1742 1640 se-

955 1664 1077 1692 cundum
1115 1663 1266 1698 sapientem
1298 1662 1372 1689 illum
1398 1660 1593 1688 Atheniensem
1621 1659 1740 1694 loquar.

955 1709 1002 1737 sed
1018 1717 1051 1736 ex
1070 1715 1156 1739 remo,
1171 1712 1201 1734 ut
1216 1708 1302 1739 aiunt,
1320 1706 1347 1733 in
1362 1711 1520 1740 suggeSIum
1535 1705 1739 1739 et.pr:etorium

956 1758 1069 1790 repente
1084 1758 1110 1781 te
1127 1753 1279 1789 coniecisti,
1294 1753 1347 1779 hoc
1361 1751 1467 1779 scilicet
1478 1751 1550 1781 dico.
1571 1750 1643 1785 quod
1663 1755 1690 1777 tu
1706 1749 1739 1776 ad

955 1808 1000 1828 res
1027 1800 1135 1827 divinas
1164 1797 1308 1827 acccssisti
1334 1797 1418 1825 illotis
1444 1796 1570 1824 manibus
1594 1802 1622 1823 et
1649 1800 1740 1822 mente

955 1847 1064 1879 obtusa,
1075 1853 1124 1881 age
1139 1846 1221 1873 etiam
1240 1852 1324 1872 senex
1351 1843 1477 1871 doeearis
1494 1851 1507 1869 a
1524 1842 1603 1869 nobis
1621 1842 1672 1868 hos
1684 1842 1740 1868 ele-

955 1892 1105 1920 mentarios
1118 1896 1146 1918 et
1161 1891 1264 1926 primos
1284 1897 1367 1917 sonos
1395 1889 1558 1920 litterarum,
1580 1892 1609 1915 ut
1632 1888 1740 1914 doctior

953 1939 1052 1969 factus,
1069 1937 1190 1965 divinam
1212 1937 1385 1971 aliquatenus
1410 1935 1542 1969 intelligas
1557 1934 1739 1967 Scripturam,

954 1992 1046 2019 neque
1063 1983 1140 2011 oneri
1167 1983 1206 2010 sis
1228 1981 1337 2017 pietati;
1357 1988 1419 2008 cum
1435 1980 1541 2014 plebem
1560 1979 1591 2005 ad
1620 1986 1652 2006 ea
1678 1985 1740 2012 per-

954 2031 1048 2062 ducas,
1064 2037 1125 2064 qure
1145 2028 1230 2063 magis
1242 2028 1339 2055 decent
1351 2031 1485 2058 mortuos,
1505 2026 1552 2060 qui
1569 2023 1641 2051 infra
1657 2031 1737 2058 quam

953 2083 1000 2104 eos
1024 2075 1070 2110 qui
1101 2082 1182 2109 supra
1209 2079 1310 2100 terram
1336 2076 1491 2103 versantur,
1519 2069 1632 2098 adversa
1663 2068 1738 2095 enim

953 2122 1074 2149 adversis
1087 2120 1210 2148 dividere
1226 2123 1252 2146 et
1270 2118 1408 2153 corrigere
1419 2117 1522 2152 justum
1537 2120 1589 2147 est,
1604 2114 1740 2150 quamob-

954 2177 1010 2197 rem
1042 2167 1124 2195 etiam
1145 2165 1306 2194 Charmides
1338 2162 1520 2194 Larissensis,
1542 2169 1604 2189 cum
1629 2161 1739 2187 audiret

953 2215 1099 2251 quemdam
1120 2217 1275 2241 narrantem
1302 2220 1331 2239 se
1353 2211 1380 2238 in
1408 2218 1477 2245 aqua
1503 2212 1635 2236 aestuante
1662 2207 1737 2234 vivas

954 2263 1055 2289 vidisse
1082 2260 1226 2295 anguillas,
1253 2258 1306 2286 Has
1328 2257 1423 2293 igitur,
1454 2255 1554 2290 inquit,
1589 2254 1615 2281 in
1639 2253 1737 2288 frigida

954 2316 1113 2343 cnquemus.
1131 2306 1165 2334 Ut
1178 2305 1262 2341 igitur
1274 2305 1371 2339 ctipse
1392 2303 1503 2338 ignarus
1520 2300 1645 2328 mansisti
1657 2299 1738 2334 quin-

953 2354 1041 2381 decim
1058 2359 1144 2379 annos
1159 2356 1239 2378 natus
1255 2349 1399 2380 doctrinm.
1425 2349 1461 2375 ita
1482 2348 1542 2382 ejus
1561 2350 1668 2373 aetatem
1690 2352 1738 2370 au-

953 2405 1050 2426 norum
1068 2397 1206 2432 sexaginta
1227 2403 1355 2430 egressus
1382 2398 1406 2421 te
1429 2392 1580 2420 studiosum
1606 2390 1736 2417 simulare

951 2445 1023 2472 nolis
1039 2444 1132 2478 hodie,
1157 2442 1323 2478 simplicium
1342 2441 1447 2468 scilicet
1471 2444 1499 2465 et
1517 2438 1668 2472 primorum
1692 2443 1736 2461 so-

952 2499 1050 2518 norum
1061 2490 1324 2523 elementorumque,
1343 2487 1401 2513 hzec
1420 2489 1484 2512 sunt
1497 2483 1609 2510 omnino
1622 2481 1735 2508 nomina

950 2543 977 2565 et
995 2537 1078 2564 verba
1098 2545 1105 2562 :
1127 2535 1245 2570 primum
1259 2533 1332 2560 enim
1352 2532 1448 2558 dicunt
1463 2529 1579 2557 solidum
1597 2527 1734 2563 quoddam

951 2583 1159 2611 fundamentum
1183 2581 1274 2615 jacere
1299 2581 1438 2612 oportere,
1464 2575 1530 2610 quid
1562 2575 1598 2602 sit
1621 2580 1734 2605 nomen,

949 2631 1015 2666 quid
1033 2629 1156 2661 verbum,
1172 2626 1282 2658 deinde,
1298 2624 1363 2659 quid
1375 2623 1411 2650 sit
1422 2622 1565 2649 aﬂirmatio
1579 2626 1607 2649 et
1622 2619 1735 2666 negatio

948 2661 977 2703 et
992 2673 1128 2703 sententia
1153 2677 1181 2700 et
1203 2670 1354 2701 conclusio,
1367 2673 1395 2695 et
1420 2674 1592 2702 quaecunque
1622 2661 1658 2692 οἱ
1683 2664 1735 2691 hac

949 2723 1091 2750 hominum
1109 2718 1301 2755 conjunctione
1324 2713 1352 2744 ct
1372 2714 1570 2750 compositione
1593 2711 1736 2740 nominum

948 2774 976 2796 et
1003 2767 1150 2795 verborum
1175 2765 1338 2792 elﬁciuntur.
1365 2762 1475 2790 Umbra:
1501 2761 1575 2788 enim
1601 2757 1737 2794 quodam-

948 2814 1031 2842 modo
1049 2820 1141 2840 rerum
1156 2816 1220 2840 sunt
1236 2810 1296 2838 soni
1325 2809 1475 2837 secundum
1493 2811 1584 2834 motus
1611 2805 1736 2833 substra-

948 2866 1040 2889 torum
1061 2856 1300 2892 lormatiet285
1314 2855 1470 2883 nominibus
1485 2858 1512 2881 et
1534 2854 1626 2882 verbis
1647 2851 1734 2884 misti,

948 2916 1038 2940 neque
1063 2906 1135 2936 enim
1154 2907 1245 2939 gignct
1270 2904 1350 2933 rebus
1381 2903 1491 2930 nomina
1523 2901 1577 2930 ullo
1605 2900 1685 2929 modo
1698 2906 1734 2928 ne
