1909 3064
173 175 225 206 255

773 175 980 204 NlCEPllUill
1004 175 1194 204 GliEG1)R.‘E

1743 175 1799 207 256

173 235 232 262 sive
251 234 332 262 factis
355 239 383 262 et
398 235 529 269 operibus
556 242 606 262 nos
633 234 773 261 declarare
800 234 951 268 incorpore:

1011 233 1182 268 γνωρίζομεν
1202 235 1247 260 καὶ
1273 233 1390 268 μάλιστα
1405 233 1439 260 τὰ
1463 232 1631 268 ἀσώματα.»
1656 232 1739 270 Ὁρᾷς
1764 236 1799 260 ὲκ

173 285 201 308 et
214 288 275 315 quae
291 289 345 308 non
360 286 520 308 cernuntur.
536 281 636 315 Accipe
649 286 778 314 prwterea
797 288 858 314 quae
874 280 957 307 etiam

173 327 324 361 Gregorius
339 327 477 361 Nysscttus
502 327 536 353 de
563 327 722 353 nominibus
750 326 837 354 dicit:
854 327 956 354 Natura

173 375 277 406 divina,
298 375 429 409 quidquid
446 379 486 401 est
499 375 605 401 ratione
624 375 754 402 essentia:
770 375 873 406 habita,
902 382 955 401 una

173 426 214 448 est
234 422 347 455 simplex
360 426 388 448 et
401 421 546 448 uniformis
560 426 587 448 et
615 422 797 455 incomposita
824 426 853 448 et
881 426 956 448 extra

174 471 293 492 nostram
306 466 584 493 animadversionem.
614 467 644 492 Et
662 466 795 501 quoniam
820 467 877 493 sola
896 475 957 501 qua:

174 511 362 546 intelliguntur
382 512 522 538 nominum
539 512 653 538 vocibus
675 512 862 546 significamus
876 519 882 537 :
895 519 957 545 qua:

173 562 262 584 autem
278 566 358 592 supra
378 558 586 588 intelligentiam
615 564 688 587 sunt.
723 566 777 584 non
809 565 956 593 possumus

173 603 390 637 signiﬁcantibus
406 604 640 638 appellationibus
673 605 832 638 complecti,
863 605 956 631 multis

172 655 196 675 et
214 649 331 676 diw-rsis
346 650 507 676 nominibus
524 655 661 684 quatenus
685 650 752 676 licet
776 651 898 677 revelare
911 658 958 678 co—

172 696 262 729 gimur
280 697 388 722 insitam
413 697 492 723 llOltlS
519 696 552 722 de
578 696 690 723 numine
707 696 800 723 divino
815 696 896 731 290
910 704 958 723 n0-

174 742 285 767 tionem.
306 742 487 773 Quamobrem
516 743 662 769 Dominum
687 750 761 774 eum,
789 742 885 773 Deum,
910 743 957 776 ju-

173 794 255 818 stum,
274 792 423 822 potentem,
436 789 608 818 clementem,
619 797 725 820 verum,
739 789 956 820 misericordem,

175 835 293 868 taliaque
311 835 414 865 multis,
430 835 498 865 sive,
528 835 553 861 id
569 835 642 868 quod
669 835 826 862 accuratius
842 835 955 867 dicitur,

173 878 232 905 aliis
250 879 406 905 nonunibus
419 887 558 906 vocamus.
576 880 651 906 Talia
666 885 757 907 autem
770 881 881 907 nomina
898 888 956 907 om-

174 924 238 949 nino
256 925 558 959 compositione,neque
575 933 639 952 vero
657 930 755 952 natura
771 931 837 953 sunt
861 925 931 953 facta
945 933 954 953 :

173 970 244 1002 quod
265 977 346 1004 supra
371 979 384 996 a
403 970 482 998 nobis
510 970 727 998 demonstratum
755 976 808 999 est.
844 971 877 998 Et
891 972 954 999 alibi

171 1015 337 1042 Athanasius
353 1024 464 1050 magnus
481 1017 528 1050 ait,
552 1017 582 1043 τὺ
604 1017 688 1044 Deum
712 1025 773 1044 esse
804 1018 955 1045 secundum

170 1067 201 1088 es
216 1067 232 1087 e
246 1068 261 1087 a
277 1067 383 1090 natura.
395 1062 427 1089 Et
446 1071 560 1098 magnus
575 1064 601 1090 in
622 1063 702 1090 rebus
716 1062 817 1090 divinis
831 1070 956 1096 perscru-

173 1106 262 1133 tandis
277 1107 426 1142 Gregorius
439 1118 444 1135 :
456 1108 623 1143 Simplicitas
638 1109 692 1136 Deo
708 1117 763 1136 non
784 1115 823 1136 est
839 1114 953 1142 natura;

170 1152 286 1180 alterum
306 1154 377 1180 cnim
392 1155 417 1181 in
435 1162 468 1181 eo
483 1155 579 1182 statuit
597 1156 650 1182 vim
663 1155 785 1187 videndi,
803 1156 887 1182 altera
899 1163 954 1182 non

169 1206 230 1225 esse
262 1207 345 1226 unum
380 1201 571 1235 compositum.
587 1201 676 1236 Atque
703 1209 758 1228 uno
784 1201 867 1228 verbo
893 1202 954 1228 nnl-

170 1243 226 1271 lunt
242 1252 339 1272 nomen
356 1249 397 1272 est
412 1247 485 1280 quod
500 1255 554 1274 non
583 1246 734 1274 secundum
751 1247 786 1273 sit
815 1254 829 1273 a
855 1253 953 1274 natura

170 1290 272 1317 divina.
300 1291 532 1327 Circumscriptus
557 1293 632 1319 enim
661 1292 866 1327 quodammodo
890 1291 953 1318 finis

169 1337 293 1363 essentia:
304 1341 332 1364 ct
344 1343 448 1365 natura:
463 1342 505 1365 est
521 1346 620 1365 nomen
638 1347 645 1365 :
662 1338 707 1364 illa
720 1342 813 1364 autem
832 1345 886 1364 non
900 1337 954 1364 cir-

168 1383 333 1416 cumscripta
360 1387 458 1410 natura
483 1383 793 1417 circumscriptiouibus
808 1382 950 1409 nominum

168 1426 301 1453 inservire
316 1435 370 1454 non
385 1432 487 1462 potest.
519 1429 553 1456 Et
568 1429 622 1455 alio
648 1429 709 1455 loco
726 1428 836 1455 divinus
849 1428 953 1464 Grego-

167 1473 226 1499 rius
241 1473 380 1507 Nyssenus
391 1474 425 1501 de
445 1474 541 1501 iisdem
558 1474 715 1501 nominibus
743 1474 800 1501 lucc
815 1474 882 1501 dicit
897 1483 904 1501 :
923 1474 951 1501 Si

167 1517 242 1550 prior
263 1517 416 1544 eﬂicientiis
446 1523 504 1546 erat
529 1519 659 1551 essentia,
686 1519 835 1546 elliccntias
860 1522 951 1546 autem

166 1570 214 1590 eas
228 1563 413 1598 intelligimus,
425 1571 492 1598 quas
504 1565 762 1595 animadvertimus,
777 1566 825 1592 bas
847 1571 950 1599 autem,
964 1578 986 1607 ο

167 1614 304 1642 quatenus
317 1606 391 1640 licet,
410 1609 503 1636 verbis
517 1610 709 1641 cnuntiamus,
734 1611 848 1644 quijam
868 1611 953 1638 relin-

167 1652 260 1685 quitur
277 1652 371 1683 titnor,
384 1660 434 1680 cur
447 1661 501 1680 non
517 1653 675 1687 posteriora
691 1654 773 1681 rebus
787 1654 898 1681 nomina
911 1654 954 1682 di-

166 1698 281 1726 camus?
298 1699 407 1726 Etenim
425 1700 447 1726 si
483 1707 536 1727 non
562 1705 645 1727 antea
676 1701 844 1734 explicamus
871 1701 953 1735 quid-

167 1753 249 1778 quam
265 1753 362 1773 eorum
392 1754 454 1780 qua;
485 1746 520 1774 de
551 1746 609 1774 Deo
636 1746 776 1780 dicuntur,
804 1755 884 1782 quam
911 1748 954 1774 in-

167 1791 329 1825 telligamus,
357 1799 388 1818 ex
422 1792 456 1819 iis
481 1797 571 1819 autem
614 1791 807 1826 intelligimus,
833 1800 894 1831 quae
919 1800 952 1819 ex

165 1836 320 1863 cflicientiis
343 1836 545 1871 cognoscimus,
574 1837 730 1865 efﬁcientia
758 1842 849 1865 autem
876 1838 952 1872 prior

166 1887 208 1908 est
229 1881 280 1913 vis,
309 1883 350 1908 vis
367 1888 459 1910 autem
487 1883 591 1918 pendet
618 1891 650 1910 ex
675 1883 815 1910 voluntate
846 1884 950 1916 divina,

167 1928 294 1956 voluntas
317 1932 408 1955 autent
449 1928 477 1955 in
505 1929 633 1956 facultate
663 1929 764 1956 divina:
793 1929 884 1964 posita
909 1934 952 1956 est

166 1977 271 2000 naturae
288 1993 295 2005 ,
323 1982 414 2001 nonne
449 1978 544 2009 aperte
568 1974 782 2009 cognoscimus,
819 1974 951 2002 accedere

165 2019 244 2058 291
277 2021 360 2048 rebus
390 2021 577 2056 significantes
606 2022 748 2049 nominum
784 2021 949 2056 appellatio-

166 2069 227 2101 nes,
255 2074 283 2096 et
315 2073 442 2104 tanquam
473 2070 576 2098 umbra:
604 2078 695 2098 rerum
718 2074 782 2098 sunt
806 2078 888 2098 voces
914 2070 949 2098 ad

167 2115 302 2141 motiones
316 2116 520 2150 suppositorum
535 2116 659 2144 formam
670 2117 680 2143 7
691 2116 726 2144 Et
734 2116 793 2143 htec
807 2116 845 2143 ita
857 2124 886 2144 se
901 2116 948 2143 ha-

166 2159 231 2186 bere
248 2159 328 2186 nobis
342 2160 487 2193 persuadet
498 2166 594 2196 aperte
618 2161 712 2188 divina
731 2161 874 2196 Scriptura
900 2169 949 2195 per

166 2211 293 2239 magnum
311 2205 450 2237 Davidem,
470 2202 516 2241 qui
541 2206 706 2240 quibusdam
730 2207 850 2241 propriis
862 2212 889 2234 et
906 2207 950 2233 in-

994 279 1055 312 am‘a
1073 279 1244 313 παρήκοντος
1260 280 1320 311 πῶς
1338 281 1369 306 ἐκ
1389 279 1443 306 τῶν
1458 279 1623 314 σωματικῶς
1639 279 1799 314 θεωρουμέ-

1009 333 1062 350 νων
1077 325 1224 360 ἐνεργειῶν
1239 334 1333 359 φησιν,
1347 326 1436 352 είτουν
1454 325 1542 360 ἔργων
1557 325 1606 351 καὶ
1623 326 1797 360 ποιημάτων,

1008 371 1154 405 γνωρίζειν
1178 372 1251 406 ἡμεῖς
1270 372 1305 398 τὰ
1329 371 1463 406 ἀσώματα
1488 371 1534 398 καὶ
1560 371 1597 405 μὴ
1623 371 1797 406 φαινόμενα;

1011 418 1111 444 Ἄκουε
1124 419 1145 444 δ’
1160 419 1205 443 ἐπὶ
1221 419 1326 449 τούτοις
1341 418 1368 444 τί
1391 419 1437 445 καὶ
1459 419 1473 444 6
1497 418 1644 445 Νυσσαέων
1660 418 1723 453 περὶ
1748 418 1796 444 όνο

1011 463 1104 496 μάτων
1121 463 1221 496 φάσκει
1238 463 1397 498 Γρηγόριος.
1416 473 1424 489 ι
1436 463 1470 490 Ἡ
1487 463 1546 489 θεία
1563 464 1645 497 φύσις
1658 464 1671 490 6
1687 472 1714 489 τι
1730 463 1797 490 ποτὲ

1009 507 1068 534 κατ’
1083 508 1176 534 οὐσίαν
1194 509 1263 539 ἐστὶ,
1280 508 1329 543 μία
1350 510 1424 536 ἐστὶν
1441 510 1515 544 ἁπλῆ
1530 511 1577 536 καὶ
1594 509 1734 545 μονοειδὴς
1749 510 1798 535 καὶ

1009 554 1154 585 ἀσύνθετος
1173 555 1219 580 καὶ
1236 555 1305 590 ὑπὲρ
1321 555 1370 591 τὴν
1393 556 1558 590 αἰσθητικὴν
1578 555 1659 590 ἡμῶν
1677 556 1798 591 κιτάλη-

1008 599 1065 633 ψιν.
1086 601 1140 626 Καὶ
1155 601 1247 635 ἐπειδὴ
1263 602 1331 635 μόνα
1346 601 1380 628 τὰ
1395 602 1587 637 γινωσκόμενα
1609 603 1653 629 διὰ
1672 603 1722 637 τῆς
1737 603 1798 629 ὀνο-

1010 647 1145 681 μαστικῆς
1175 648 1362 682 σημειούμεθα
1387 648 1524 684 κλήσεως,
1545 649 1580 676 τὰ
1606 649 1629 675 δ’
1653 649 1723 684 ὑπὲρ
1747 650 1798 684 τὴν

1009 693 1108 726 γνῶσιν
1130 692 1196 720 ὄντα
1223 695 1421 728 σημειωτικαῖς
1439 702 1493 720 τισι
1515 695 1715 730 προσηγορίαις
1739 695 1798 721 δια-

1008 737 1097 763 λαϐεῖν
1129 739 1180 772 οὐχ.
1203 735 1258 764 οἷόν
1287 747 1328 769 τε,
1355 739 1461 770 πολλοῖς
1492 739 1540 766 καὶ
1564 739 1704 774 διαφόροις
1736 740 1798 765 ὀιό-

1010 792 1104 818 μασιν,
1118 784 1192 815 ὅπως
1213 782 1276 821 ἃ·νῇ
1299 785 1422 818 δυνατὸν,
1448 785 1621 820 ἁνακαλύψαι
1643 786 1796 821 βιαζόμεθα

1008 831 1057 865 τὴν
1073 831 1253 865 ἑγγινομένην
1264 832 1329 866 ἡμῖν
1342 832 1407 866 περὶ
1423 831 1470 858 τοῦ
1483 831 1557 858 θείου
1578 832 1732 860 ὑπόνοιαν.»
1749 833 1796 859 Διὸ

1011 875 1113 911 Κύριον
1126 877 1218 909 αὐτὴν,
1229 877 1305 910 Θεὸν,
1322 877 1438 909 δίκαιον,
1466 878 1586 913 ίσχυρδν,
1604 879 1796 914 μακρόθυμον,

1007 922 1297 958 ἁληθινὸνάὲλεήμονα,
1306 924 1355 949 καὶ
1364 924 1398 949 τὰ
1407 924 1585 958 παραπλήσια
1595 924 1795 958 πολυωνύμως,

1007 968 1023 1003 ἢ
1037 968 1067 994 τό
1083 976 1114 1001 γε
1130 968 1324 1003 ἀκριϐέστερον
1342 970 1438 1002 εἰπεῖν,
1450 970 1629 1004 ἐτερωνὺμως
1642 972 1797 1005 κατονομά-

1007 1014 1099 1049 ζομεν.
1128 1015 1169 1041 Τὰ
1183 1015 1212 1042 δὲ
1236 1014 1348 1041 τοιαῦτα
1371 1015 1491 1050 ὀνόματα
1511 1016 1583 1042 θέσει
1610 1017 1719 1048 πάντως
1742 1018 1796 1044 είσὶ

1006 1058 1053 1084 καὶ
1067 1059 1097 1084 οὐ
1115 1058 1205 1092 φύσει,
1224 1059 1261 1091 ὡς
1273 1061 1352 1094 ἡμεῖς
1365 1061 1594 1096 πρώεδεὶχαμεν.
1610 1062 1665 1087 Kal
1679 1062 1692 1087 6
1707 1063 1796 1096 μέγας

1006 1104 1108 1139 ἀλλαχῆ
1127 1113 1210 1139 φησιν
1230 1105 1258 1132 Ἀ
1265 1106 1393 1138 θανάσιος
1406 1107 1446 1133 ὅτι
1464 1109 1512 1133 καὶ
1527 1108 1557 1133 τὸ
1570 1108 1634 1133 Θεὸν
1650 1106 1720 1134 εἶναι
1734 1108 1796 1135 6:6-

1005 1150 1081 1186 τερόν
1095 1150 1126 1186 [Γ.
1144 1151 1226 1187 l59r]
1243 1153 1300 1178 ἐστι
1327 1154 1378 1188 τῆς
1399 1153 1521 1187 φύσεως.
1544 1153 1599 1179 Kal
1614 1154 1627 1179 6
1653 1154 1739 1188 μέγας
1766 1156 1796 1182 ἐν

1006 1197 1130 1232 θεολογίᾳ
1151 1197 1362 1232 Γρηγόριος,ὂτι
1382 1199 1412 1225 οὐ
1435 1199 1516 1234 φύσις
1540 1199 1632 1235 Θεῴή
1653 1201 1773 1236 ἁπλότης
1786 1208 1795 1216 ³
1829 1216 1831 1218 τ

1004 1241 1035 1267 τὸ
1055 1242 1104 1275 μὲν
1118 1242 1172 1276 γὰρ
1189 1243 1239 1277 τὴν
1256 1243 1384 1278 θεατικὴν
1398 1244 1481 1270 αὐτοῦ
1500 1244 1650 1279 παρίστησι
1665 1245 1793 1280 δύναμιν,

1004 1288 1034 1314 τὸ
1050 1289 1078 1314 δὲ
1098 1289 1127 1315 τὸ
1144 1290 1182 1324 μὴ
1197 1289 1267 1316 εἶναι
1284 1290 1423 1317 σύνθετον.
1439 1291 1494 1317 Καὶ
1510 1291 1603 1323 ἁπλῶς
1617 1292 1702 1318 εἰπεῖν
1716 1293 1795 1319 οὐδὲν

1003 1334 1058 1360 τῶν
1073 1335 1216 1368 ὀνομάτων
1231 1335 1309 1370 ἐστὶν.
1325 1335 1340 1361 ὃ
1357 1335 1394 1370 μὴ
1416 1336 1542 1371 δεύτερόν
1569 1338 1628 1363 ἐστι
1650 1336 1699 1371 τῆς
1716 1337 1793 1369 θείας

1004 1378 1123 1411 φύσεως.
1139 1379 1402 1414 Περιγεγραμμένος
1419 1380 1474 1415 γάρ
1489 1389 1532 1411 τις
1549 1381 1612 1416 ὄρος
1624 1381 1721 1413 οὐσίας
1744 1381 1794 1408 καὶ
1841 1392 1844 1394 ·

1003 1422 1110 1456 φύσεως
1125 1423 1230 1456 γίνεται
1245 1423 1376 1459 τοῦνομα,
1395 1426 1410 1459 ἡ
1426 1424 1450 1451 δ’
1467 1425 1676 1460 ἀπερίγρατι-τος
1699 1426 1791 1462 ἐκείνη

1003 1468 1086 1502 φύσις
1103 1470 1289 1505 περιγραφαῖς
1303 1470 1445 1503 ὀνομάτων
1466 1470 1604 1498 δουλεύειν
1620 1472 1651 1497 ού
1665 1471 1790 1500 δύναται.

1003 1515 1057 1541 Kal
1073 1515 1102 1541 ἐν
1114 1515 1200 1551 ἑτέρῳ
1213 1515 1237 1542 δ’
1253 1517 1266 1542 6
1290 1515 1361 1548 θεῖος
1382 1516 1533 1543 Νυσσαέων
1551 1517 1703 1551 Γρηγόριος
1727 1519 1792 1553 περ).

1002 1561 1056 1587 τῶν
1075 1561 1165 1587 αὐτῶν
1182 1562 1320 1596 ὀνομάτων
1332 1561 1403 1588 οὕτω
1419 1563 1500 1598 φησίν
1510 1570 1518 1579 ο
1534 1571 1543 1588 ι
1556 1563 1587 1589 Et
1598 1563 1792 1599 προϋφέστηκε

1004 1607 1057 1633 τῶν
1074 1608 1218 1642 ἐνεργειῶν
1274 1609 1362 1641 ούσίπ,
1388 1608 1504 1643 νοοῦμεν
1532 1609 1560 1635 δέ
1582 1610 1631 1640 τὰς
1649 1610 1792 1644 ἐνεργείας

1003 1652 1036 1678 δι’
1052 1649 1089 1679 ὦν
1103 1653 1298 1688 αἰσθανόμεθα,
1327 1655 1432 1690 ῥήμασι
1449 1654 1476 1681 δὲ
1495 1655 1570 1686 ὅπως
1591 1656 1624 1681 ἂν
1675 1657 1791 1683 δυνατὸν

1003 1699 1214 1734 ἐξαγγέλλομεν,
1231 1701 1272 1731 τίς
1296 1700 1336 1727 ἔτι
1353 1701 1547 1727 καταλείπεται
1565 1702 1645 1736 φόῦος
1671 1702 1791 1738 νεώτερα

1003 1745 1057 1771 τῶν
1073 1746 1244 1780 πραγμάτων
1267 1746 1302 1772 τὰ
1325 1746 1446 1781 ὀνόματα
1473 1747 1583 1780 λέγειν;
1605 1748 1636 1773 El.
1666 1749 1719 1782 γὰρ
1751 1749 1790 1783 μὴ

1003 1789 1135 1824 πρότερον
1150 1791 1340 1826 ἐρμηνεύομέν
1354 1800 1380 1818 τι
1395 1791 1449 1817 τῶν
1466 1793 1530 1826 περὶ
1547 1792 1615 1819 Θεοῦ
1633 1793 1790 1828 λεγομένων

1002 1836 1067 1871 πρὶν
1082 1836 1115 1862 ἂν
1127 1837 1280 1872 νοήσωμεν,
1299 1839 1403 1873 νοῶμεν
1420 1839 1448 1865 δὲ
1464 1840 1500 1865 δι’
1514 1836 1552 1865 ὧν
1576 1840 1608 1866 ἐκ
1623 1840 1689 1875 ξτῶν
1713 1841 1791 1875 ἐνείλ-

1002 1881 1085 1915 γειῶν
1104 1882 1300 1918 διδασκόμεθα,
1313 1886 1508 1920 προϋφέστηκε
1534 1886 1562 1912 δὲ
1581 1887 1630 1920 τῆς
1648 1887 1790 1921 ἐνεργείας

1002 1928 1019 1960 ή
1039 1927 1166 1963 δύναμις,
1185 1930 1200 1964 ἡ
1216 1929 1244 1955 δὲ
1259 1929 1373 1966 δύναμις
1390 1931 1539 1967 ἐξήρτηται
1554 1932 1602 1959 τοῦ
1618 1932 1690 1959 θείου
1711 1934 1790 1969 θελή-

1002 1981 1096 2008 ματος,
1113 1975 1144 2000 τὺ
1162 1975 1190 2001 δέ
1204 1975 1328 2010 βούλημα
1340 1978 1370 2003 ἐν
1385 1979 1416 2012 τῇ
1432 1977 1541 2014 ἐξουσίᾳ
1560 1980 1609 2013 τῆς
1631 1979 1707 2010 θείας
1720 1980 1788 2006 ἁπό-

1001 2026 1090 2046 κειται
1109 2020 1229 2053 φύσεως¹
1244 2019 1289 2056 ἄρ’
1303 2021 1334 2048 ού
1360 2022 1453 2057 σαφῶς
1468 2023 1651 2058 διδασκόμεθα
1665 2025 1706 2051 ὅτι
1725 2026 1788 2052 ἐπι-

1000 2064 1121 2098 γίνονται
1137 2068 1193 2098 τοίς
1208 2068 1372 2102 πράγμασιν
1390 2070 1418 2095 αἱ
1432 2073 1600 2105 σημαντικαὶ
1617 2072 1670 2098 τῶν
1685 2072 1787 2106 ὀνομά-

999 2120 1054 2138 των
1070 2112 1265 2147 προσηγορίαι,
1281 2113 1328 2140 καὶ
1342 2113 1437 2149 ὥσπερ
1454 2117 1530 2141 σκιαὶ
1541 2115 1596 2143 τῶν
1613 2117 1788 2151 πραγμάτων

1000 2158 1069 2184 εἰσιν
1083 2156 1110 2185 αἶ
1125 2159 1225 2193 φωναὶ,
1254 2161 1324 2196 πρὸς
1341 2162 1391 2192 τὰς
1408 2162 1534 2197 κινήσεις
1550 2163 1606 2190 τῶν
1622 2164 1787 2198 ὑφεστώτων

1001 2206 1252 2241 σχηματιζόμεναι;
1273 2206 1326 2233 Kal
1344 2208 1385 2234 ὅτι
1397 2208 1485 2235 ταῦτα
1500 2208 1588 2240 οὕτως
1611 2209 1680 2245 ἔχει,
1696 2211 1786 2238 πείθει

165 2251 226 2280 sitis
241 2250 399 2278 nominibus
420 2258 453 2278 cx
469 2252 613 2279 efficientia
629 2252 689 2287 ejus
703 2252 850 2280 intellectis
876 2252 947 2280 divi-

1003 2251 1093 2284 σαφῶς
1115 2252 1132 2286 ἡ
1156 2251 1216 2278 θεία
1244 2252 1339 2287 Γραφὴ
1364 2253 1408 2281 διὰ
1425 2253 1473 2280 τοῦ
1493 2255 1613 2289 μεγάλου
1633 2256 1716 2282 Δαῦὶδ
1736 2257 1785 2283 τοῦ

165 2305 227 2325 nam
243 2301 367 2325 naturatn
383 2296 663 2325 vocatytlllisericors
682 2298 768 2330 enim,
782 2299 831 2332 ait,
850 2304 876 2326 et
897 2299 947 2326 ιιιὶ-

164 2352 258 2372 serens
274 2350 315 2372 est
329 2343 462 2372 Dominus
476 2353 481 2370 :
497 2344 618 2371 clemens
633 2349 662 2371 ot
686 2344 870 2372 miserationis
888 2346 947 2380 ple—

164 2396 243 2415 nus.»
259 2388 321 2416 Hice
349 2389 434 2424 igitur
454 2388 520 2422 quid
537 2388 805 2420 dicunt,ellicicnti:c
822 2389 947 2417 obtinere

163 2435 392 2470 signiﬁcationem
419 2438 465 2461 aut
485 2434 611 2461 naturae?
646 2434 740 2465 thno,
769 2440 846 2468 puto,
874 2435 946 2462 aliud

163 2481 311 2516 quidquam
328 2488 408 2516 quam
423 2480 586 2508 eflicenliam
604 2479 688 2506 dicet.
718 2479 833 2512 Quando
865 2481 948 2516 igitur

164 2525 284 2553 efliciens
297 2525 513 2552 misericordiam
529 2529 557 2552 et
573 2525 777 2552 miserationem
794 2524 903 2558 accepit
914 2525 948 2551 ab

163 2572 310 2600 efﬁcientia
328 2572 448 2599 nomen?
460 2571 530 2599 Num
545 2576 608 2598 ante
623 2570 764 2597 hominum
780 2569 881 2596 vitam?
894 2569 947 2597 Sed

163 2619 226 2653 quis
243 2623 298 2645 tum
319 2619 497 2646 miseratione
515 2617 676 2652 indigebat?
689 2618 746 2643 lmo
759 2617 872 2643 omnino
886 2621 947 2650 post

164 2669 303 2698 peccatum
324 2664 512 2691 commissum.
530 2663 675 2690 Peccatum
693 2667 785 2688 autem
818 2665 859 2688 cst
886 2666 947 2695 post

164 2709 301 2736 hominem
321 2714 441 2735 creatum
458 2717 465 2735 :
480 2709 562 2742 igitur
579 2712 638 2742 post
664 2707 803 2733 hominem
821 2711 944 2732 creatum

163 2756 245 2783 etiam
268 2755 416 2783 miserandi
431 2755 577 2782 efﬁcientia
590 2760 648 2780 orla
661 2758 703 2780 est
719 2759 745 2780 et
760 2753 947 2780 miserationis

163 2808 272 2828 nomen.
287 2801 404 2828 Viden“?
425 2801 572 2834 Propterea
594 2799 667 2825 enim
680 2802 708 2826 ct
727 2798 821 2825 eadem
836 2799 946 2825 nomina

165 2845 235 2872 fiunt
263 2851 291 2873 et
305 2847 548 2874 accommodantur
565 2843 716 2872 secundum
738 2844 881 2870 hominum
899 2852 946 2871 νο-

166 2890 278 2919 luntatis
296 2893 402 2927 regulus
417 2898 442 2920 ct
457 2892 529 2928 leges
554 2898 561 2917 τ
581 2893 676 2925 nequc'
700 2889 726 2916 in
758 2897 827 2922 uno,
846 2890 893 2917 sed
919 2891 944 2916 in

1000 2296 1126 2331 καθάπερ
1143 2297 1188 2323 διά
1205 2305 1287 2324 τινων
1308 2298 1381 2325 ἰδίων
1401 2301 1552 2334 προσφυῶν
1572 2301 1714 2335 ὀνομάτων
1731 2302 1786 2328 τῶν

999 2341 1031 2367 ἐκ
1045 2341 1093 2376 τῆς
1105 2342 1246 2376 ἐνεργείας
1264 2343 1348 2369 αὑτοῦ
1365 2345 1517 2379 νοηθὲντων
1540 2345 1590 2381 τὴν
1609 2346 1686 2373 θείαν
1703 2347 1786 2380 φύσιν

998 2387 1208 2420 ἀνακαλοῦντος
1226 2399 1235 2415 ι
1250 2390 1418 2425 Οίκτίρμων,
1435 2400 1444 2417 ι
1459 2393 1512 2426 γάρ
1525 2400 1603 2426 φησι,
1621 2403 1630 2418 ι
1646 2394 1693 2419 καὶ
1709 2393 1786 2428 ἐλεή-

1000 2442 1058 2468 μων
1072 2435 1086 2460 ὁ
1098 2434 1211 2470 Κύριος,
1232 2436 1410 2471 μακρόθυμος
1429 2438 1476 2463 καὶ
1491 2438 1647 2469 πολυέλεος.
1662 2448 1671 2464 ι
1690 2439 1784 2466 Ταῦτα

998 2478 1087 2505 τοίνυν
1104 2480 1130 2506 τί
1149 2480 1284 2514 λέγουσιν,
1302 2482 1444 2516 ἐνεργείας
1460 2482 1532 2517 ἔχειν
1547 2483 1596 2518 τὴν
1615 2484 1752 2518 σημασίαν
1766 2485 1783 2519 ἦ

999 2523 1106 2557 φύσεως
1118 2533 1124 2557 ;
1143 2525 1200 2552 Οὐκ
1214 2526 1247 2552 ἄν
1263 2535 1303 2557 τις
1321 2526 1386 2553 ἄλλο
1398 2528 1472 2562 παρὰ
1483 2528 1532 2562 τὴν
1543 2528 1684 2563 ἐνέργειαν
1697 2530 1782 2556 εἴποι.

1000 2570 1067 2596 Πότε
1086 2571 1177 2598 τοίνυν
1191 2572 1342 2607 ἐνεργήσας
1361 2574 1423 2604 τοὺς
1438 2575 1598 2609 οἰκτιρμοὺς
1617 2577 1631 2600 6
1653 2576 1718 2606 Θεδς
1737 2577 1783 2604 καὶ

997 2615 1043 2641 τὸν
1056 2614 1141 2647 ἔλεον,
1159 2615 1237 2653 ἔσχεν
1259 2617 1292 2643 ἐκ
1314 2618 1364 2651 τῆς
1378 2618 1521 2652 ἐνεργείας
1540 2618 1571 2645 τὸ
1587 2619 1692 2653 ἇνομσι;
1709 2617 1783 2655 ἰ’Λρα

999 2659 1051 2694 πρὸ
1063 2660 1111 2694 τῆς
1126 2660 1301 2695 ἀνθρωπίνης
1318 2660 1408 2695 ζωῆς;
1426 2662 1480 2688 Καὶ
1494 2662 1536 2694 τίς
1551 2661 1584 2698 ἦν
1598 2664 1611 2688 ὁ
1627 2663 1674 2690 τοῦ
1690 2664 1784 2695 ἐλέους

997 2705 1139 2740 Fls/Ipsum;
1161 2706 1244 2733 Ἀλλὰ
1262 2707 1332 2741 μετὰ
1347 2707 1396 2742 τὴν
1415 2708 1554 2743 ἁμαρτίαν
1572 2711 1692 2741 πάντως.
1715 2711 1746 2736 'lI
1760 2711 1784 2736 δ’

997 2746 1126 2787 ἁμαρτία
1139 2755 1208 2787 μετὰ
1223 2754 1268 2779 τὸν
1289 2753 1446 2788 ἄνθρωπον·
1465 2755 1565 2781 οὐκοῦν
1584 2757 1654 2790 μετὰ
1673 2756 1718 2782 τὸν
1736 2757 1784 2783 ἇν-

999 2799 1107 2833 θρωπον
1121 2799 1168 2825 καὶ
1182 2800 1198 2834 ἡ
1213 2800 1259 2826 τοῦ
1277 2800 1362 2826 ἐλεεῖν
1384 2800 1512 2835 ἐνέργεια
1528 2802 1574 2828 καὶ
1592 2802 1622 2828 τὸ
1642 2803 1689 2828 τοῦ
1705 2802 1781 2828 ἐλέου
1805 2832 1811 2838 θ

997 2845 1092 2879 maga.
1107 2855 1115 2871 ι
1137 2846 1219 2879 Ὀρᾶς
1230 2855 1236 2878 ;
1249 2846 1292 2872 διὰ
1307 2846 1362 2881 γὰρ
1377 2847 1456 2874 τοῦτο
1470 2848 1516 2874 καὶ
1530 2849 1663 2884 ὁμώνυμα
1676 2849 1782 2882 γίνεται

998 2891 1044 2916 καὶ
1064 2890 1264 2926 μεθαρμὸςεται
1285 2891 1355 2918 κατὰ
1372 2892 1435 2924 τοὺς
1455 2893 1504 2928 τῆς
1528 2895 1702 2929 ἀνθρωπίνης
1718 2894 1782 2930 βου-
