1909 3064
95 128 146 160 Ξ35

587 125 805 156 ΒΥΖΛΝΤΙΝίΕ
826 122 1015 156 HISTORL‘E
1029 126 1101 157 LIB.
1114 125 1204 156 XXX.

1660 124 1713 158 266

95 185 266 220 λιμπάνοντα
302 185 348 211 καὶ
381 184 475 219 ἀσαφῆ
504 184 552 210 καὶ
578 184 801 219 ἀνεπεξέργαστα
829 183 877 210 καὶ

932 188 1002 214 sunt.
1012 188 1039 211 et
1055 183 1168 211 obscura
1183 187 1213 211 et
1228 183 1362 211 incxculta
1372 186 1399 211 et
1411 182 1574 211 testimoniis
1582 186 1712 213 carentia.

96 231 252 266 ἀμάρτυρα.
265 230 360 264 ’Ὅμως
382 230 468 264 μικρά
482 230 529 256 καὶ
545 229 610 264 περὶ
627 229 680 256 τῶν
697 229 745 255 νῦν
763 237 805 255 σοι
836 229 878 255 λε-

98 277 218 312 χθέντων
247 275 434 310 φθεγξάμενος
468 273 673 308 ἀπαλλάξομαι.
692 274 723 300 Et
748 274 814 301 ἄλλο
848 274 879 300 τὸ

95 323 155 357 ἔλον
180 323 228 349 καὶ
253 323 315 349 ἄλλο
338 323 369 348 τὸ
391 322 520 356 ἐχόμενον
551 321 597 346 καὶ
623 320 769 355 διάφορον,
786 320 832 347 καὶ
849 320 880 346 τὸ

97 370 145 403 μὲν
158 369 221 402 ἕχον
239 369 329 398 οὐσία,
348 369 378 393 τὸ
397 367 426 393 δὲ
442 366 572 401 ἐχόμενον
589 365 639 392 οὑκ
657 365 736 392 οὐσία
752 365 824 392 κατὰ
837 366 878 399 σὲ,

95 413 225 441 ἀνούσιον
253 412 308 448 ἄρα
335 412 367 438 τὸ
390 412 530 447 ἐχόμενον.
551 411 607 437 Καὶ
630 411 654 437 εἰ
669 411 686 445 ὴ
701 410 780 436 οὐσία
795 409 879 442 θεὸς,

93 461 122 486 sb
146 453 273 485 ἀνούσιον
297 458 352 492 ἄρα
370 457 400 483 οὺ
420 458 497 489 Θεὸς,
516 456 673 491 ὴὲνέργεια
694 455 805 489 δηῖαδή,
825 455 880 481 Καὶ

95 505 204 531 σύνεστι
219 504 313 530 λοιπὸν
329 503 358 536 ἑξ
374 503 461 529 ἀϊδίου
477 504 511 538 τῇ
526 502 586 536 Θείᾳ
608 502 656 528 καὶ
669 501 790 534 ἀκτιστῳ
801 500 881 536 οὐσίᾳ

95 553 112 586 ἡ
129 551 257 582 ἀνούσιος
271 551 341 586 αὕτη
367 550 414 577 καὶ
430 549 557 583 διάφορος
581 549 717 582 Ινέρτεια.
744 548 799 574 Καὶ
821 546 880 580 ἃμα

93 597 157 627 δυὰς
174 597 191 631 ὴ
209 595 318 622 πάντων
342 595 414 630 ἀρχή
435 602 476 620 σοι
501 593 619 627 γίνεται,
635 593 666 619 τὸ
690 592 879 623 ἀτοπώτατον,

95 643 197 676 lauti};
225 641 395 675 διαφέρουσα
423 640 470 666 καὶ
500 638 594 669 ὰῖδίως
619 639 702 672 ἑαυτῇ
727 638 879 672 μαχομένη.

99 688 171 714 Ἀλλ’
193 689 207 713 ὁ
225 687 295 717 οεῖος
310 686 447 720 Μάξιμος,
465 694 474 710 ι
494 685 531 712 Οὐ
556 683 767 718 συνθεωρεῐσθαι
783 682 798 717 ἢ
816 691 880 708 συν-

94 733 307 767 επιῡεωρεῖσθαι
331 731 442 757 δύναται
465 739 502 762 τι,
526 729 602 763 φησι,
630 730 669 764 τῷ
686 729 746 763 Θεῷ
761 729 821 754 κατ’
836 728 881 754 οὺ-

95 779 157 804 σίαν
174 778 304 812 διάφορον
322 777 351 809 ἐξ
374 776 471 808 ἀϊδίου,
487 776 537 801 οὐκ
551 774 629 805 αἰὼν,
646 776 677 800 οὐ
700 774 806 808 χρόνος,
821 774 880 800 οὺδέ

94 833 120 850 τι
136 824 190 849 τῶν
207 824 310 853 τούτοις
325 822 550 855 ὲνδιαιτωμένων·
567 822 596 847 οὺ
612 822 666 856 γὰρ
683 820 881 856 ουμϐαίνουδιν

93 869 220 903 ἀλλήλοις
238 868 346 894 πώποτε
364 868 394 893 τὸ
411 868 513 901 κυρίως
531 864 602 893 εἶναι
624 868 670 893 καὶ
687 868 717 893 οὺ
735 868 846 900 κυρίως.
868 875 877 891 ι

95 916 150 942 K1!
170 915 218 940 παὶ
226 923 250 940 ιν
273 914 387 948 ἄπειρον
412 912 481 939 εἶναι
496 913 579 940 δυάδα
595 913 718 947 οὐδαμῶς
733 913 881 947 ἐνδέχεται·

93 962 122 987 αἱ
140 961 195 995 γὰρ
214 961 272 986 κατ’
296 959 381 994 αὐτὴν
408 959 522 994 μονάδες
551 958 680 993 ἀλλήλαις
709 958 779 984 κατὰ
793 958 882 992 παρά-

95 1007 171 1033 θεσιν
186 1005 410 1040 συνυπάρχουσαι
423 1004 542 1039 ἀλλήλας
555 1004 701 1039 ὁρίζουσιν,
714 1005 738 1029 εξ
748 1003 776 1029 δὲ
790 1003 879 1034 τοῦτο,

94 1052 150 1078 οὐδ’
168 1052 302 1086 ἄναρχον·
321 1050 391 1086 ἁρχὴ
406 1050 460 1084 γὰρ
476 1051 564 1084 πάσης
584 1049 679 1080 δυάδος
696 1049 787 1082 μονάς.
808 1049 838 1074 Εἰ
852 1048 880 1074 δὲ

95 1099 134 1132 μὴ
148 1097 280 1132 ἄναρχον,
292 1097 347 1123 οὐδ’
359 1097 498 1131 ἀκίνητον¹
517 1096 634 1121 κινεῖται
651 1094 706 1130 γὰρ
717 1095 756 1128 τῷ
771 1093 881 1129 ἀριθμῷ

94 1145 127 1170 ἐκ
151 1143 275 1178 μονάδων
307 1141 369 1168 καθ’
398 1141 507 1172 ἕνωσιν,
538 1140 569 1166 τὸ
591 1139 620 1166 δὲ
649 1139 808 1174 κινούμενον
830 1139 880 1164 οὐκ

97 1189 182 1223 ἀρχὴ,
199 1188 258 1215 ἀλλ’
275 1187 304 1219 ἐξ
319 1187 416 1221 ἀρχῆς,
431 1186 532 1221 δηλαδὴ
548 1185 595 1211 τοῦ
618 1185 767 1216 κινοῦντος.
787 1185 880 1216 Μονὰς

95 1235 124 1260 δὲ
141 1235 212 1268 μόνη
239 1233 340 1268 κυρίως
363 1233 501 1265 ἀκίνητος.
529 1230 739 1264 Πεπερασμέναι
760 1239 801 1256 σοι
826 1230 880 1263 ἄρα

95 1282 142 1308 καὶ
158 1280 207 1306 ὑπ’
224 1279 311 1314 ἀρχὴν
333 1279 361 1305 αι
377 1278 514 1312 θεότητες,
531 1277 671 1310 ἄνθρωπε·
687 1278 735 1302 και
749 1278 772 1302 εὶ
789 1277 879 1308 τοῦτο,

95 1327 264 1360 διαστήμασι
287 1325 408 1354 τοπικοῖς
421 1332 453 1350 τε
471 1324 520 1349 καὶ
543 1323 678 1357 χρονικοῖς
701 1322 880 1349 δεδουλεύκα-

97 1380 151 1399 etv.
164 1371 320 1405 Κτίσμπισιν
335 1371 390 1404 ἄρα
403 1368 544 1404 λατρεύων
559 1369 640 1400 αὐτὸς
652 1369 802 1402 ἐλελήθεις.
819 1369 879 1395 Ἔτι

95 1419 120 1444 si
135 1418 208 1443 κατὰ
225 1417 255 1442 σὲ
272 1416 364 1450 ἕτερον
384 1415 468 1441 οὐσία
483 1415 530 1440 καὶ
546 1414 640 1448 ἕτερον
655 1414 721 1445 Θεὸς
742 1415 755 1440 ὁ
770 1414 820 1447 τὴν
834 1413 880 1440 οὺ-

96 1465 158 1490 εἰαν
172 1463 242 1498 ἔχων
263 1462 309 1488 καὶ
334 1462 461 1495 διάφορος
476 1460 525 1495 τῆς
549 1460 654 1492 οἰκείας
681 1460 786 1490 οὐσίας,
806 1459 880 1486 ἐστιν

930 230 1033 257 Tamen
1049 237 1134 264 pauca
1143 231 1226 257 etiam
1238 229 1272 257 de
1286 230 1330 261 iis.
1342 237 1402 264 quae
1417 238 1491 258 nunc
1506 238 1519 257 a
1544 235 1569 257 te
1596 230 1713 258 dicenda

931 280 1004 308 sunt,
1023 276 1132 303 loculus
1147 275 1296 303 discedam.
1318 276 1346 304 Si
1365 276 1440 303 aliud
1454 281 1496 304 est
1518 276 1591 311 qttod
1609 277 1713 309 habet;

931 321 1004 348 aliud
1025 321 1099 355 quod
1115 321 1232 349 habetur
1247 325 1275 349 et
1295 321 1443 355 diversum,
1461 329 1492 349 ac
1505 321 1527 349 si
1543 322 1616 356 quod
1631 321 1714 348 habet

931 370 974 394 est
988 367 1107 394 essentia
1120 386 1127 398 ,
1143 367 1215 401 quod
1230 371 1321 394 autem
1338 367 1452 394 habetur
1469 374 1523 393 non
1540 372 1582 395 est
1595 367 1714 394 essentia

930 411 1082 438 secundum
1108 411 1186 446 301
1206 416 1242 444 te,
1259 412 1389 439 essentia:
1405 417 1444 439 est
1460 418 1557 446 expers
1574 413 1646 446 quod
1663 412 1714 438 Ita-

930 456 1027 489 betur;
1045 463 1077 484 ac
1101 457 1123 484 si
1146 457 1264 484 essentia
1277 461 1319 484 est
1335 457 1417 487 Deus,
1438 457 1464 484 id
1482 457 1563 491 igitur
1579 457 1651 492 quod
1671 465 1714 484 cs-

931 504 1018 530 sentia
1035 507 1111 530 caret
1128 510 1181 529 non
1202 508 1245 530 est
1267 503 1351 536 Deus,
1368 503 1668 538 eﬂicieutiapimirum.
1687 509 1715 530 et

931 549 1077 583 conjuncta
1100 553 1142 575 est
1163 549 1219 584 jam
1244 556 1351 583 semper
1366 554 1393 575 ct
1415 556 1448 575 ex
1467 549 1540 575 omni
1561 549 1713 576 aeternitate

931 593 1030 621 divina:
1046 598 1074 621 et
1090 593 1217 620 increata:
1230 594 1356 622 essentia:
1374 594 1432 621 ha’c
1444 594 1562 621 essentia
1577 601 1672 622 carens
1685 599 1715 622 et

932 640 1039 667 diversa
1066 639 1227 672 eﬂicientia,
1257 640 1392 674 simulque
1413 640 1575 675 principium
1591 641 1713 668 omnium

933 685 980 712 tibi
1003 685 1095 712 evadit
1111 685 1176 720 dyas
1192 686 1362 720 ineptissimo
1377 694 1391 713 a
1407 694 1437 713 se
1459 687 1518 720 ipsa
1536 687 1666 714 ditl‘erens
1679 693 1708 714 et

932 738 1040 765 semper
1050 739 1142 758 secum
1156 739 1290 766 pugnans.
1303 732 1356 759 Sed
1370 732 1502 761 Maximus
1515 733 1713 765 divinus,cNon

932 781 1032 810 potest,
1063 776 1162 810 inquit.
1190 777 1336 811 cogitando
1351 778 1410 805 dari
1434 784 1482 806 aut
1501 779 1613 806 attribui
1632 779 1713 813 quid-

932 829 1013 856 quam
1030 822 1096 853 Deo.
1117 822 1188 857 quod
1205 823 1241 849 sit
1258 822 1292 849 ab
1308 824 1367 858 ejus
1380 824 1498 851 essentia
1513 823 1664 856 diversum.
1680 832 1714 851 cx

933 867 1008 894 omni
1032 867 1197 899 :eternilatc,
1209 875 1262 895 non
1280 876 1367 895 aevum
1381 889 1387 899 .
1405 876 1459 896 non
1481 874 1602 904 tempus,
1626 876 1715 903 neque

933 912 1082 946 quidquam
1107 920 1201 939 eorum
1228 921 1287 946 qua:
1317 915 1343 940 in
1371 914 1412 941 bis
1437 919 1598 948 versamur;
1626 921 1715 948 neque.

934 957 1007 983 euitn
1033 958 1277 985 accommodantur
1302 959 1353 986 sibi
1390 959 1506 987 invicem
1542 967 1662 994 unquam
1687 960 1713 986 id

933 1004 1006 1037 quod
1021 1004 1130 1037 proprie
1146 1004 1248 1038 aliquid
1259 1009 1301 1032 cst
1313 1009 1341 1032 et
1355 1005 1427 1040 quod
1447 1014 1500 1032 non
1515 1007 1634 1040 proprie.
1656 1017 1665 1033 ›
1682 1007 1716 1034 Ει

934 1057 1029 1076 rursus
1046 1050 1152 1076 infinita
1165 1048 1304 1085 esse‘dyas
1318 1051 1393 1078 nullo
1409 1051 1490 1078 modo
1503 1056 1608 1086 potest;
1622 1060 1716 1079 moun-

933 1096 982 1122 des
999 1095 1072 1122 cnim
1091 1095 1118 1122 in
1130 1103 1163 1122 ea
1179 1103 1211 1122 ex
1227 1096 1431 1130 comparatione
1452 1097 1609 1131 composita:
1627 1105 1656 1124 se
1673 1097 1716 1124 itt-

933 1141 1021 1168 vicem
1039 1141 1193 1168 detiniunt:
1209 1141 1252 1169 sin
1269 1146 1360 1169 autem
1384 1142 1434 1168 hoc
1458 1146 1508 1172 est.
1534 1150 1588 1169 non
1610 1147 1652 1170 est
1670 1143 1714 1170 illa

934 1186 1059 1221 principii
1073 1194 1171 1222 expers
1183 1197 1189 1219 ;
1203 1187 1367 1222 principium
1379 1187 1452 1215 enim
1463 1187 1558 1223 dyadis
1572 1188 1662 1216 omnis
1674 1195 1716 1216 est

933 1239 1038 1259 monas.
1057 1233 1159 1265 Quodsi
1175 1233 1219 1260 illa
1235 1241 1290 1260 non
1305 1237 1347 1260 est
1359 1233 1484 1268 principii
1498 1241 1605 1268 expers.
1619 1234 1714 1261 eadem

934 1285 988 1304 non
997 1282 1040 1304 est
1057 1277 1312 1305 immota.Movctur
1325 1278 1398 1305 enim
1413 1286 1528 1305 numero
1540 1286 1573 1306 ex
1589 1279 1716 1306 monadiv-

932 1325 983 1351 bus
997 1323 1148 1351 secundum
1156 1324 1394 1357 consociationem;
1407 1324 1478 1359 quod
1489 1329 1578 1352 autem
1591 1331 1715 1352 movetur

931 1377 985 1396 non
998 1375 1040 1397 est
1054 1370 1218 1404 prittcipium
1234 1390 1241 1402 ,
1265 1369 1313 1397 sed
1333 1374 1458 1397 movetur
1471 1378 1503 1397 ex
1520 1371 1654 1405 principio
1671 1371 1715 1398 ni-

933 1416 1033 1442 mirum
1050 1421 1185 1442 movente.
1201 1415 1294 1442 Monas
1309 1420 1400 1442 autent
1416 1416 1471 1443 sola
1487 1416 1596 1451 proprie
1608 1421 1650 1444 est
1667 1417 1715 1443 im-

933 1465 1017 1488 mota.
1032 1460 1167 1496 Subiecta:
1184 1460 1266 1495 igitur
1279 1460 1327 1488 tibi
1344 1465 1409 1488 sunt
1424 1482 1430 1494 ,
1447 1462 1544 1494 amice,
1563 1462 1646 1489 etiam
1662 1463 1714 1490 sub

97 1510 154 1543 ἄρα
168 1509 234 1539 Θεὶς
253 1507 376 1537 ἀνούσιος
392 1506 440 1533 καὶ
454 1505 532 1531 οὐσία
555 1505 622 1531 Θεοῦ
643 1505 732 1536 ἄθεος.
746 1505 814 1537 Φησὶ
828 1504 880 1540 γὰρ

933 1506 1102 1542 principium
1118 1505 1299 1539 divinitatea;
1319 1507 1417 1541 quodsi
1442 1507 1494 1535 ltoe
1512 1509 1714 1547 est,mensuris

95 1556 144 1581 καὶ
165 1556 178 1581 ὁ
202 1553 350 1580 Νυσσαέων
365 1552 528 1586 Γρηγόριος,
547 1560 556 1577 ι
575 1552 606 1577 ΕΞ
624 1551 654 1577 τὸ
679 1551 782 1584 ἀγαθὸν
795 1549 835 1581 ὃν,
852 1551 883 1577 τὸ

96 1600 219 1634 πονηρὸν
245 1600 295 1625 οὐχ
317 1599 356 1625 ὅν·
372 1601 396 1625 ει
421 1599 450 1625 δὲ
475 1598 506 1624 τὸ
525 1598 643 1632 πονηρὸν
662 1596 702 1629 ὃν,
730 1597 760 1623 τὸ
779 1596 882 1630 ἀγαθὸν

95 1649 145 1674 οὐκ
160 1647 202 1678 ὃν,
217 1647 288 1672 κατὰ
307 1646 354 1672 τὸν
381 1646 437 1672 τῶν
464 1645 576 1680 ἀμέσων
606 1643 736 1670 ἐναντίων
760 1643 849 1678 λόγον.
869 1652 878 1668 ι

97 1694 179 1719 Ὠστε
198 1692 342 1718 πολυοεῖίιν
358 1691 560 1725 ἀγωνιζόμενος
586 1690 717 1724 συνιστᾷν
734 1689 821 1720 ἑάλως
835 1689 883 1715 καὶ

95 1739 194 1765 detha
207 1738 304 1769 νοσῶν,
320 1738 353 1764 τὰ
367 1739 404 1770 ἐκ,
418 1737 569 1771 διαμέτρου
583 1735 667 1762 κακά’
683 1735 730 1761 καὶ
754 1736 883 1762 πέπτωκε

95 1785 138 1811 διὰ
158 1783 284 1818 βραχέων
300 1783 334 1809 τὰ
347 1783 401 1809 τῶν
419 1782 474 1809 σῶν
499 1782 675 1817 ἀκροπόλεων
703 1780 881 1816 ὀχυρώματα,

96 1831 140 1864 ἐᾷ
158 1826 198 1859 οἷς
229 1828 394 1859 tumidam.
413 1828 474 1854 Ἔτι
497 1828 552 1862 μὴν
572 1827 721 1862 ἐπειδήπερ
743 1826 807 1853 ἄλλο
830 1826 883 1861 φῂς

96 1875 169 1902 εἶναι
190 1876 222 1901 τὸ
245 1875 316 1909 ἔχον,
340 1874 404 1901 ἄλλο
431 1874 460 1900 δὲ
490 1874 521 1899 τὸ
551 1874 630 1900 ἑκτὸν
662 1875 710 1899 καὶ
741 1874 880 1908 διάφορον,

97 1922 185 1956 φαίης
211 1921 243 1946 ἃν
263 1921 312 1946 καὶ
335 1919 399 1946 ἄλλο
415 1919 465 1953 μὲν
480 1920 508 1951 ἐξ
525 1919 648 1953 ἀνάγκης
661 1916 732 1944 εἶναι
744 1918 790 1943 τὸν
804 1919 881 1948 θεὸν,

95 1966 163 1993 ἄλλο
180 1966 209 1991 δὲ
224 1965 272 1999 τὴν
287 1965 404 1999 ὕπαρξιν
419 1964 513 1990 attito-3'
528 1964 637 1997 λέγεται
660 1965 712 1998 γὰρ
728 1963 741 1988 ὁ
753 1963 820 1993 Θεὸς
835 1963 883 1989 καὶ

95 2011 192 2038 οὖσίαν
207 2011 238 2046 [1⁵.
258 2011 307 2037 142
327 2010 364 2046 υ.]
385 2011 457 2044 ἔχειν
481 2010 528 2036 καὶ
553 2009 679 2044 ὓπαρξιν.
706 2010 802 2035 Ἔσται
829 2009 883 2044 ἄρα

96 2058 169 2083 κατὰ
186 2058 214 2082 σε
233 2057 297 2086 Θεὸς
312 2056 486 2090 ἀνύπαρκτος
507 2055 554 2081 καὶ
573 2054 692 2090 ’ὑπαρξις
709 2055 776 2080 630.-
791 2054 882 2085 ἄθεος.

98 2105 155 2129 Καὶ
172 2102 238 2137 περὶ
254 2103 301 2136 τῆς
323 2102 463 2137 ἐνεργείας
475 2101 498 2128 δ’
511 2101 612 2136 ὁμοίως
627 2101 736 2126 λεκτέον
752 2100 799 2126 καὶ
812 2101 882 2134 ἐρω-

93 2149 215 2183 τητέον,
241 2149 264 2174 εἰ
283 2149 300 2182 ὴ
326 2148 452 2182 ἐνέργεια
479 2146 536 2182 ἔχει
563 2146 704 2182 ἐνέργειαν
724 2146 816 2180 ἄλλην.
851 2145 882 2171 Et

95 2181 151 2229 γαρ
170 2195 239 2228 ἔχει,
262 2181 308 2220 δύο
330 2181 394 2228 ἄρα’
425 2193 472 2219 καὶ
496 2194 519 2219 si
548 2192 605 2224 δύο,
622 2192 738 2226 διάφορα
756 2192 879 2221 πάντως·
898 2181 920 2208 D

94 2241 162 2267 ἄλλο
187 2239 242 2274 γὰρ
258 2239 312 2265 δεῖν
330 2237 401 2265 εἶναι
427 2238 497 2272 ἔφης
524 2238 571 2263 τοῦ
599 2237 729 2272 ἐχομένου
754 2236 786 2262 τὸ
807 2236 880 2270 ἕχον.

95 2288 152 2314 Καὶ
167 2285 273 2319 γίνεται
288 2293 329 2315 τις
343 2286 547 2318 τερατύμορφος
562 2282 795 2316 ὲνεργοενέργεια.
812 2281 843 2307 Ei
853 2280 881 2306 δὲ

96 2333 135 2366 μὴ
153 2331 210 2358 τοῦ·
220 2340 244 2361 ο.
260 2331 310 2357 οὐκ
323 2329 356 2356 ἂν
369 2330 412 2364 εἴη
427 2329 475 2364 τὴν
488 2329 628 2362 ἐνέργειαν
641 2327 713 2362 ἔχειν
729 2327 879 2361 ινέργειαν.

94 2378 152 2403 Καὶ
167 2376 340 2411 συμὸήσεται
365 2374 414 2409 τὴν
430 2373 560 2406 τοιαύτην
576 2372 718 2407 ἐνέργειαν
734 2371 880 2406 ἀνενέργη-
902 2407 904 2409 μ

92 2430 141 2448 τον
159 2419 241 2447 εἶναι.
259 2420 295 2446 To
313 2420 335 2446 δ’
351 2420 534 2454 ἀνενέργητον
561 2420 609 2446 καὶ
629 2419 802 2452 ἀνύπαρκτον
818 2417 879 2444 καθ’

91 2468 128 2503 ἢν
145 2467 343 2502 βωμολοχήσας
359 2465 518 2500 προῦθηκας
533 2465 607 2491 θέσιν
623 2473 651 2491 τε
676 2465 723 2490 καὶ
746 2464 880 2498 πρότασιν

92 2513 186 2543 αὑτός.
202 2511 239 2536 Τὸ
251 2511 305 2544 γὰρ
320 2509 357 2544 μὴ
383 2509 455 2544 ἔχον,
469 2509 547 2544 ἔφης,
572 2508 713 2543 ἐνέργειαν
735 2507 793 2533 οὔτ’
806 2507 888 2546 ἔστιν

92 2557 157 2583 οὔτε
175 2556 202 2582 τι
219 2557 304 2581 ἐστιν·
319 2554 375 2580 οὔτ’
393 2554 451 2579 ἐστι
466 2553 605 2584 παντελῶς
626 2551 710 2578 αὐτοῦ
732 2551 819 2582 θέσις,
833 2550 881 2577 καὶ

93 2601 223 2629 ἀπόλωλέ
240 2609 280 2626 σοι
298 2601 327 2626 τὸ
340 2599 503 2633 σπούδασμα
513 2598 546 2625 δι’
558 2598 648 2632 ὀλίγον
658 2597 705 2623 καὶ
716 2596 765 2631 τῆς
778 2595 880 2630 μοχθη-

92 2649 145 2682 ρᾶς
164 2646 302 2681 γεωργίας
327 2646 342 2671 ὸ
363 2645 475 2679 στάχυς,
504 2643 520 2678 ἢ
551 2645 579 2674 ἐς
605 2642 780 2677 ἀνύπαρκτον
804 2641 879 2675 ἡμᾶς

89 2691 287 2726 δογματίζοντι
313 2689 453 2716 πιστεύειν
484 2689 501 2723 ἢ
521 2688 561 2720 εις
591 2688 722 2714 σύνθετον
747 2686 878 2720 θεότητα..

96 2737 287 2766 Ἐναντιοῦται
299 2737 353 2772 γάρ
373 2745 416 2762 σοι
436 2735 483 2761 καὶ
502 2735 516 2760 ὁ
531 2735 602 2766 θεῖος
620 2733 765 2769 Κύριλλος,
778 2733 879 2759 ἄτοπον

90 2782 164 2810 εἶναι
182 2783 295 2817 φάσκων
312 2784 341 2808 τὸ
370 2783 460 2816 λέγειν
490 2780 618 2814 τοιαύτην
643 2779 716 2813 ἔχειν
744 2779 790 2805 τὸν
814 2778 880 2804 Θεὸν

95 2830 149 2864 τὴν
164 2828 268 2862 γνῶσίν
278 2829 374 2854 ὀπνιίαν
389 2829 436 2854 καὶ
450 2827 540 2861 ἡμεῖς·
559 2826 582 2851 εἰ
594 2826 648 2860 γὰρ
664 2824 782 2860 [ὥσπερ]
801 2825 880 2859 ἡμεῖς

263 2876 394 2909 ΡΑτκοι.
412 2875 470 2904 Gn.
495 2874 540 2904 CX
549 2873 627 2903 LIX.

933 1552 1055 1579 locorum
1072 1556 1100 1579 et
1117 1557 1270 1586 temporum
1287 1552 1457 1586 inserviunt;
1470 1559 1562 1581 creata
1573 1555 1655 1589 igitur
1668 1563 1715 1582 eo-

934 1594 967 1622 lis
984 1596 1107 1630 ignarus.
1125 1596 1184 1623 Jam
1211 1604 1276 1624 vero
1292 1598 1315 1624 si
1338 1605 1371 1625 ex
1401 1603 1446 1626 tua
1478 1600 1611 1627 sententia
1642 1600 1714 1627 aliud

932 1646 975 1668 est
985 1642 1116 1674 essentia,
1126 1641 1201 1669 aliud
1217 1642 1290 1670 Deus
1302 1643 1349 1677 qui
1363 1645 1509 1671 essentiam
1524 1645 1616 1678 habet;
1632 1651 1659 1672 ct
1674 1645 1716 1672 di-

933 1695 1028 1716 versus
1040 1693 1083 1716 est
1096 1696 1111 1716 a
1125 1696 1173 1716 sua
1187 1689 1273 1724 ipsius
1288 1691 1419 1722 essentia,
1433 1695 1474 1718 est
1489 1691 1569 1726 igitur
1584 1691 1653 1718 Deus
1671 1692 1698 1718 in
1709 1705 1715 1710 -

933 1734 1088 1761 essentialis
1096 1734 1176 1770 302
1187 1740 1214 1763 ct
1228 1737 1345 1763 essentia
1359 1736 1405 1767 Dei
1417 1737 1561 1764 divinitate
1572 1737 1713 1764 destituta.

932 1780 979 1807 Ait
992 1781 1064 1807 enim
1080 1781 1161 1808 etiam
1174 1781 1320 1815 Gregorius
1333 1783 1472 1817 Nyssenns
1481 1789 1503 1809 ι(
1510 1783 1537 1810 Si
1552 1784 1654 1810 bonum
1661 1788 1714 1815 cst,

934 1832 1047 1858 pravum
1066 1832 1119 1852 non
1144 1831 1203 1858 est;
1222 1827 1262 1853 sin
1276 1832 1367 1854 aulem
1393 1835 1506 1861 pravum
1526 1832 1588 1859 est.
1613 1829 1713 1854 bonum

933 1877 987 1897 non
1006 1875 1058 1902 est.
1075 1872 1227 1899 secundum
1251 1880 1310 1899 eam
1327 1874 1471 1905 rationem.
1487 1873 1559 1908 quod
1576 1874 1714 1901 contraria

932 1917 1060 1950 componi
1082 1924 1136 1943 non
1153 1922 1276 1951 possunt.
1302 1927 1311 1944 ι
1329 1919 1422 1953 Itaque
1442 1927 1503 1946 cum
1520 1919 1621 1946 multos
1649 1921 1715 1946 (Icos

933 1969 1098 1996 componere
1111 1962 1312 1994 contenderes,
1328 1963 1518 1998 deprehensus
1535 1971 1564 1990 es
1581 1964 1662 1990 etiam
1681 1971 1713 1990 ex

933 2007 1080 2041 negatione
1094 2007 1176 2034 unius
1199 2007 1244 2034 Dei
1263 2012 1408 2042 aegrotans,
1426 2015 1487 2042 qum
1510 2012 1573 2034 sunt
1597 2009 1714 2035 maxime

933 2052 1056 2087 opposita
1076 2053 1157 2084 mala.
1177 2057 1205 2080 et
1221 2053 1400 2080 conciderunt
1413 2053 1504 2087 parvis
1527 2053 1631 2081 areittm
1655 2060 1713 2081 tua-

934 2105 994 2124 rum
1010 2097 1121 2124 castella
1136 2101 1164 2124 et
1179 2098 1361 2130 munitiones,
1377 2099 1478 2133 quibus
1499 2099 1618 2126 conﬁsus
1641 2107 1712 2126 eras.

933 2143 1037 2170 Deinde
1050 2147 1141 2170 autem
1150 2143 1278 2178 quoniam
1291 2144 1364 2172 aliud
1381 2145 1450 2172 dicis
1461 2152 1521 2172 esse
1531 2145 1603 2179 quod
1619 2145 1712 2175 habet.
1736 2137 1738 2139 ’

933 2188 1006 2216 aliud
1026 2188 1099 2223 qttod
1118 2188 1234 2216 habetur
1256 2193 1283 2216 et
1308 2189 1448 2217 diversum
1462 2209 1470 2221 ,
1498 2189 1614 2217 fortasse
1639 2190 1713 2218 dices

932 2234 1015 2262 etiam
1029 2235 1102 2262 aliud
1117 2242 1177 2263 esse
1192 2236 1349 2263 necessario
1364 2235 1461 2268 Deum,
1482 2236 1555 2263 aliud
1572 2237 1631 2271 ejus
1647 2237 1714 2263 sub-

934 2280 1077 2307 stantiam.
1101 2280 1207 2308 Dicitur
1229 2281 1303 2308 enitn
1319 2281 1390 2309 Deus
1407 2286 1436 2308 et
1450 2283 1595 2309 essentiam
1613 2283 1714 2309 habere

932 2328 960 2351 et
973 2325 1166 2352 substantiam.
1179 2325 1238 2353 Erit
1257 2326 1340 2360 igitur
1363 2334 1396 2353 ex
1419 2331 1464 2353 tua
1489 2326 1625 2354 sententia
1641 2327 1714 2353 Deus

933 2377 988 2396 non
1002 2369 1191 2398 substantialis
1201 2389 1208 2402 .
1223 2375 1251 2398 et
1268 2371 1420 2398 substantia
1441 2372 1488 2399 Dei
1506 2372 1649 2399 divinitate
1663 2372 1715 2398 dc-

931 2415 1035 2442 stituta.
1051 2416 1084 2442 Et
1112 2416 1147 2443 de
1170 2417 1314 2443 edicientia
1340 2417 1411 2444 idem
1431 2417 1578 2444 dicendum
1602 2417 1661 2443 erit
1685 2422 1713 2444 et

931 2461 1130 2494 quaerendum.
1160 2467 1226 2488 num
1257 2461 1399 2488 ellicientia
1428 2461 1712 2488 ltabcuteﬂicientiatn

931 2505 1025 2533 aliam.
1038 2505 1145 2533 Etenim
1160 2507 1182 2534 si
1197 2506 1290 2539 habet,
1303 2511 1367 2534 sunt
1382 2507 1464 2541 igitur
1481 2509 1546 2537 duo.
1562 2515 1593 2534 ac
1608 2507 1632 2533 si
1645 2507 1711 2537 duo.

931 2549 1040 2577 diversa
1053 2550 1186 2584 omnino;
1203 2551 1275 2578 aliud
1291 2551 1364 2578 enim
1379 2555 1507 2585 oportere
1521 2559 1581 2579 esse
1599 2552 1711 2579 dicebas

931 2599 1014 2629 atque
1024 2595 1050 2622 id
1061 2596 1133 2630 quod
1147 2596 1263 2624 habetur
1274 2596 1300 2623 id
1311 2596 1384 2630 quod
1398 2597 1489 2628 habet.
1502 2601 1530 2624 et
1541 2598 1629 2625 oritur
1637 2605 1713 2633 qu'e-

932 2639 994 2668 dam
1006 2641 1106 2668 mirum
1124 2641 1151 2668 in
1167 2641 1278 2669 modum
1291 2642 1408 2670 formata
1422 2643 1576 2671 ellicientiae
1590 2643 1711 2670 cilicien-

932 2687 985 2719 tia;
1001 2687 1042 2714 sin
1059 2691 1149 2714 autem
1165 2687 1217 2714 Itoc
1231 2695 1326 2715 verum
1345 2696 1399 2716 non
1410 2693 1462 2721 est.
1480 2697 1532 2717 non
1548 2695 1640 2725 potest
1654 2689 1711 2717 em-

932 2731 1031 2759 cientia
1040 2731 1211 2758 etiicientiam
1221 2732 1335 2765 habere,
1346 2738 1375 2761 et
1385 2739 1515 2768 sequetur
1525 2738 1555 2760 ttt
1565 2734 1710 2763 cﬂicientin

931 2777 1064 2810 ejusmodi
1088 2777 1123 2803 sit
1147 2777 1280 2805 inefﬁcax.
1302 2779 1379 2812 Quod
1401 2785 1492 2807 autem
1514 2779 1636 2807 ineilicax
1657 2788 1710 2811 est.

932 2821 1014 2848 etiam
1025 2825 1066 2847 cst
1079 2828 1132 2847 ttou
1144 2823 1491 2857 substantialc,secundum
1502 2833 1573 2857 eam,
1585 2833 1666 2860 quam
1681 2832 1708 2852 tu

1471 2872 1494 2900 ε)
