1909 3064
182 182 237 214 ‘271

770 179 977 211 NICEPUORI
1000 179 1189 209 GREGOILE

1750 177 1804 208 279.

186 244 277 270 omnia
297 243 380 270 simili
410 243 515 270 ratione
543 249 712 277 qtuecunque
738 240 862 275 opposita
883 243 966 270 sunt,

1029 238 1132 267 ιπλοῦν,
1154 237 1221 263 ἀλλὰ
1237 235 1371 267 σύνθετον,
1391 234 1442 266 κάξ
1465 230 1501 261 ὧν
1520 233 1673 260 oua-£0.11:
1695 234 1802 267 μεριζό-

185 289 307 324 cognitio
323 293 352 316 et
366 297 426 324 qua:
442 297 497 316 non
513 293 555 316 est
571 288 703 322 cognitio.
721 287 761 313 vis
775 291 802 313 ct
817 293 878 320 qua:
893 285 971 312 siliti-

184 334 224 360 lia
238 337 346 361 suntex
360 333 460 367 ineptis
475 332 624 366 impietatis
637 331 742 358 verbis.
761 330 913 364 improprie
923 336 971 355 au-

188 384 242 407 tem
261 379 363 406 habere
389 378 423 404 de
448 377 504 404 Deo
528 378 582 404 dici
608 376 863 404 demonstratnune
888 375 968 401 etiam

183 425 297 452 divinus
313 424 536 460 Citrysostemus,
553 423 668 450 dicens:
685 431 693 447 t
710 421 777 448 Cum
802 420 897 448 audias
920 419 972 447 Pa-

187 477 257 498 trem
271 471 341 498 sicut
362 470 390 496 in
414 477 443 496 se
469 468 551 496 habet
573 468 671 498 vitam,
702 466 736 493 ita
752 465 860 492 dedis<e
886 464 969 492 etiam

185 516 266 548 Filio,
286 515 408 542 utvitam
424 514 520 541 habent
538 518 562 540 et
584 513 712 540 facultate
734 511 851 541 fruatur,
868 517 902 537 ne
925 517 970 536 su-

187 559 302 592 spiceris
329 558 576 589 compositionem,
599 563 667 582 neve
693 561 755 581 eum
791 553 869 580 audis
891 552 918 579 in
932 559 965 579 eo

181 605 270 632 fuisse
279 605 373 636 vitam,
385 604 506 638 opineris
520 602 705 636 compositum
719 607 781 626 eutn
799 599 894 629 fuisse;
909 605 970 632 pro—

185 651 311 686 gredicns
327 651 400 676 enim
418 650 465 679 ait.
482 649 536 684 Ego
549 656 607 674 sum
621 647 677 674 vita
692 655 699 679 ;
718 646 755 673 ita
775 649 803 672 ut
820 645 898 671 ltrula
910 644 969 670 visa

1024 291 1115 318 μενον.
1150 282 1180 308 '0
1205 282 1234 308 δὲ
1263 283 1296 316 τῇ
1318 282 1413 316 ἀμερεῖ
1447 281 1538 316 ἐκείνῃ
1565 279 1614 306 καὶ
1643 280 1701 315 οεία
1726 279 1806 309 φύσει

1022 328 1198 364 προστιθέναι
1224 327 1414 363 πειρώμενος,
1473 327 1552 362 φύσει
1578 326 1709 361 πρόσεστι
1742 325 1807 360 μήτ’

1021 374 1151 407 αὔξεσθαι
1181 374 1250 409 μήτε
1273 372 1427 408 μειοῦσθαι,
1448 373 1556 408 λέληθε,
1578 373 1607 399 τό
1623 382 1653 406 γε
1678 369 1745 407 ἧκον
1768 372 1808 403 εἰς

1019 419 1119 452 αὑτὸν,
1134 418 1254 446 ὲλαττῶν
1273 417 1323 452 μὲν
1347 419 1380 452 τῇ
1401 418 1544 453 προσθήκῃ
1560 416 1608 452 τὴν
1629 417 1678 451 τῆς
1702 416 1808 450 φύσεως

1021 465 1151 500 δύναμιν,
1178 463 1271 496 αὔξειν
1296 464 1318 489 δ’
1338 463 1439 498 ἥκιστα
1471 463 1579 489 πάντων
1607 462 1765 495 δυνάμενος,
1791 461 1808 495 ἥ

1024 507 1160 542 μηδεμιᾶς
1175 506 1232 533 οὔτ’
1245 506 1342 540 ἐδεήθη
1357 506 1424 532 ποτὲ
1438 505 1498 533 οὔτε
1511 506 1633 539 δεήσεται
1650 505 1809 540 προσθήκης

1022 553 1039 587 ἢ
1059 551 1236 587 ὑφαιρέσεως,
1259 552 1364 582 οὐδενὸς
1383 551 1460 583 ὄντος
1474 549 1505 577 οὖ
1526 552 1651 586 δεήσεταί
1666 551 1726 577 ποτ’
1740 550 1809 585 αὑτὴ

1023 598 1168 632 πληροῦσα
1179 597 1213 624 τὰ
1229 597 1318 624 πάντα
1337 598 1383 625 καὶ
1403 598 1484 633 μηδὲν
1507 597 1586 629 ἐκτὸς
1607 599 1680 623 ἐῶσα
1703 597 1734 623 τὺ
1758 605 1810 623 πα-

1025 644 1125 678 ράπαν.

185 699 221 724 sit
237 698 370 732 sapientia
395 701 440 723 tua
458 696 541 723 etiam
561 695 605 722 hic
635 694 730 721 dicens
759 691 841 719 simili
862 691 969 717 ratione
989 694 1073 724 atque
1106 690 1133 717 in
1149 690 1262 717 homine
1292 695 1319 717 et
1334 690 1435 725 lapide,
1452 690 1488 717 ita
1497 691 1580 717 etiam
1598 690 1642 717 Dei
1661 689 1807 717 essentiam

185 751 246 771 cum
264 745 309 776 iis,
323 751 382 777 quae
396 751 410 769 a
427 747 525 769 natura
538 742 564 768 itt
581 749 612 768 ea
643 741 708 772 sint,
742 738 870 765 omnibus
905 736 1100 770 comprehendi
1120 736 1153 763 ab
1170 736 1204 763 iis
1217 736 1263 771 qui
1276 744 1334 763 eam
1350 736 1462 763 deﬁnire
1481 737 1573 763 \elint.
1588 737 1665 769 Quod
1686 736 1759 763 cnim
1775 743 1809 761 ex

182 792 283 823 1alibus
300 795 415 820 constat.
431 797 483 816 non
495 787 699 815 estindivisum
725 793 813 820 neque
840 783 965 818 simplex,
984 783 1032 810 sed
1065 783 1248 817 compositum
1267 786 1295 809 et
1315 781 1348 809 iis
1370 790 1403 809 ex
1431 782 1531 816 quibus
1545 783 1718 817 componitur
1741 783 1812 810 divi-

184 839 256 871 Snm,
276 839 320 873 qui
335 842 426 864 autem
443 835 566 862 indiviszc
583 834 622 861 illi
639 839 666 860 et
686 833 785 859 divinae
799 835 905 858 natura:
924 830 1044 866 adjicere
1061 830 1163 864 aliquid
1199 834 1324 862 conatur,
1355 829 1398 856 cui
1433 837 1447 855 a
1479 834 1576 856 natura
1603 831 1742 865 proprium
1771 835 1813 858 est

186 890 311 918 utncque
326 888 458 917 augeatur
471 887 560 915 neque
577 879 730 910 minuatur,
744 885 809 904 eum
838 877 906 910 fugit
938 875 1001 907 hoc,
1021 875 1093 910 quod
1111 875 1147 902 illi
1160 875 1273 902 accedat
1289 875 1412 902 minuere
1424 876 1582 911 accessione
1611 881 1716 904 natura:
1737 879 1789 904 vim
1805 897 1812 908 ν

186 939 247 957 eum
265 929 376 956 minime
392 927 477 962 possit
494 933 594 961 augere
608 933 679 957 eam,
713 932 774 959 quin
807 923 882 950 nulla
916 929 1009 956 neque
1031 921 1148 956 iudiguit
1169 929 1289 956 unquam
1312 929 1402 956 neque
1427 921 1562 956 indigebit
1583 924 1742 951 accessione
1765 929 1813 952 aut

188 976 368 1007 detractione,
391 980 454 1000 cum
479 973 549 999 nihil
563 971 691 1005 futurum
716 970 818 1004 sitquo
836 968 955 1003 indigeat
989 975 1110 1002 unquam
1140 967 1185 994 illa
1221 967 1279 1002 ipsa
1303 967 1419 1002 impleas
1432 968 1569 1001 universa,
1586 976 1674 1004 neque
1699 972 1812 999 omnino

188 1024 337 1059 quidquam
354 1026 431 1048 extra
448 1027 478 1048 se
495 1028 554 1047 esse
570 1020 674 1046 sinens.

224 1069 382 1106 303W“.
401 1068 503 1102 Quodsi
518 1067 545 1095 in
558 1067 688 1102 qualitate
699 1074 760 1100 qua:
773 1063 972 1100 magnitudinis

1061 1064 1090 1090 Εἰ
1109 1063 1131 1090 δ’
1147 1064 1176 1090 ἑν
1192 1063 1316 1097 ποιότητι
1336 1064 1428 1099 ἀόγκῳ
1456 1073 1485 1090 τε
1509 1065 1556 1091 καὶ
1579 1065 1708 1100 ἀμεγέθει
1730 1067 1812 1103 μέρος

188 1121 216 1144 et
235 1114 425 1150 amplitudinis
447 1118 488 1140 est
505 1121 614 1148 expers,
631 1117 735 1147 partem
754 1119 808 1138 non
828 1111 893 1138 licet
907 1117 974 1145 pro-

190 1162 248 1196 prie
264 1161 367 1193 dicere,
393 1167 482 1194 neque
507 1157 724 1193 magnitudinem
742 1156 825 1183 ullam
852 1155 973 1190 adjicere

189 1212 238 1235 aut
257 1207 400 1234 detrahere
419 1207 485 1239 (non
514 1204 588 1231 enim
626 1203 743 1230 dicimus
770 1208 893 1236 magnam
929 1203 975 1227 aut

190 1260 302 1288 parram
330 1249 540 1284 albitudinem):
558 1248 674 1275 multum
695 1247 818 1282 profecto
849 1248 906 1273 sive
930 1253 976 1280 po-

191 1298 246 1324 tius
275 1303 355 1322 nume
373 1296 460 1327 abest,
481 1298 511 1320 ut
535 1292 568 1320 de
588 1292 680 1319 divina
707 1292 824 1319 essentia
849 1291 911 1317 talia
928 1297 976 1317 co-

188 1344 308 1379 gitemus
325 1346 352 1369 et
366 1342 501 1373 dicamus,
517 1347 577 1375 qua:
604 1338 821 1373 magnitudinem
835 1342 862 1364 et
886 1336 976 1371 parvi—

191 1395 275 1418 tatem
302 1388 366 1415 fecit
388 1392 416 1415 et.
437 1394 545 1421 semper
562 1385 644 1418 facit;
661 1385 718 1411 Inrc
732 1389 823 1411 autem
838 1391 852 1410 a
879 1388 975 1410 natura

191 1435 268 1463 nullo
282 1434 361 1461 tuodo
377 1433 525 1468 quidquam
541 1437 582 1458 est
598 1439 693 1458 eorum
706 1438 766 1464 qua:
781 1430 844 1456 iecit
861 1434 887 1456 ct
905 1437 976 1455 selu-

191 1489 241 1515 per
268 1481 332 1507 facit
359 1487 447 1514 tthuc
466 1478 557 1512 prodit
581 1476 608 1504 in
635 1475 842 1511 amplitudinem
858 1496 865 1508 ,
886 1482 975 1509 neque

194 1537 314 1565 unquam
331 1528 474 1563 procedet,
491 1526 592 1553 ctenim
604 1525 676 1559 quod
692 1524 872 1558 amplitudine
889 1524 976 1557 majus

195 1577 235 1607 tit,
248 1575 274 1602 vi
292 1575 320 1600 ﬁt
335 1574 428 1600 minus
444 1577 471 1600 et
483 1570 615 1606 quidquid
630 1569 815 1604 magnitudine
829 1569 977 1594 niaximum

195 1627 247 1654 cst,
264 1620 298 1648 al)
310 1619 488 1654 amplitudine
505 1616 670 1651 relinquitur
687 1615 771 1646 omni,
787 1620 816 1641 ut
830 1614 976 1641 maximum

179 1675 271 1703 aque
283 1673 392 1701 semper
416 1668 585 1699 permaneat.
603 1663 710 1689 Etenim
728 1661 749 1688 si
770 1661 804 1688 de
823 1660 976 1688 albitudine

195 1721 257 1749 qum
282 1717 322 1740 est
347 1712 375 1738 in
402 1711 465 1737 nive
484 1710 601 1736 velimus
618 1709 718 1739 dicere,
736 1707 853 1741 exempli
869 1706 954 1741 gratia
967 1724 975 1736 ,

195 1768 249 1787 non
276 1757 454 1786 albitudinem
473 1764 533 1791 qua:
547 1760 589 1783 cst
606 1754 632 1781 in
657 1758 733 1788 parte
760 1753 830 1780 nivis
853 1752 976 1778 dicamus

195 1808 300 1840 partem
324 1801 485 1830 albitudinis
503 1807 564 1834 qua:
583 1799 667 1826 estin
696 1797 813 1832 plurima
840 1797 914 1827 nive,
929 1795 976 1822 sed

195 1849 376 1878 albitudinem
404 1847 490 1882 partis
512 1843 733 1876 uirisfminime
756 1848 847 1870 autent
871 1846 976 1876 partem

195 1893 365 1923 albitudinis.
386 1889 583 1925 Amplitndinis
603 1888 677 1916 enim
693 1893 719 1915 et
748 1887 909 1922 quantitatis
929 1893 977 1912 cx-

195 1946 260 1977 pers
274 1948 323 1975 per
341 1947 371 1966 se
399 1943 427 1965 et
447 1935 646 1971 magnitudinis
668 1937 710 1962 est
726 1933 860 1964 albitudo,
881 1937 912 1959 ut
933 1932 980 1958 de-

198 1990 380 2014 monstratum
400 1987 452 2010 est.
475 1982 522 2009 Sin
539 1986 628 2008 autem
653 1987 687 2007 ne
716 1979 842 2006 accidens
868 1977 978 2012 quidem

197 2039 258 2060 esse
276 2033 335 2059 lure
353 2028 537 2056 incssentialis
558 2035 573 2053 a
592 2031 617 2053 te
635 2024 797 2053 conceditur
813 2022 957 2050 efﬁcientia
972 2041 979 2053 ,

199 2078 244 2105 ubi
263 2083 321 2103 eam
351 2073 504 2108 pottcmtls?
523 2071 652 2099 Normam
670 2076 697 2097 tu
713 2078 793 2105 pone.
811 2069 878 2096 Cum
907 2068 979 2095 enim

196 2130 249 2149 vox
266 2122 325 2156 ejus
340 2119 411 2154 qttod
441 2123 484 2147 est
507 2118 534 2144 in
567 2117 712 2144 essentiam
736 2119 763 2142 et
792 2115 919 2142 accidens
940 2113 980 2140 di-

200 2167 322 2198 vidatur,
340 2165 362 2192 si
378 2165 421 2191 illa
437 2171 527 2198 neque
543 2162 662 2189 essentia
677 2165 718 2187 est
737 2167 824 2194 neqtte
840 2158 980 2192 accidens,

200 2221 253 2240 non
272 2212 325 2239 dici
345 2215 434 2246 potest
450 2209 598 2244 quidquam
611 2214 705 2234 eorum
721 2213 781 2240 quae
797 2210 860 2232 stutt
875 2213 881 2231 :
900 2204 981 2232 relin-

200 2258 294 2293 quitur
311 2257 392 2291 igitur
416 2254 571 2282 necessario
589 2258 618 2279 ιιι
643 2260 696 2279 non
713 2260 771 2279 esse
789 2252 908 2278 dicatur.
935 2251 982 2278 lla:

201 2308 267 2331 sunt
282 2310 416 2330 novorum
444 2306 554 2327 tuorum
580 2298 736 2332 dogmalum
761 2297 914 2332 prii-stigite,
932 2297 982 2323 Pa-

199 2350 270 2377 ltma
283 2348 403 2383 egregie,
419 2351 448 2373 ut
474 2345 568 2372 credas
581 2345 608 2371 in
625 2345 650 2370 id
664 2344 736 2378 quod
759 2343 840 2378 309
859 2350 913 2369 nnu
929 2346 980 2372 est.

1025 1109 1077 1136 οὐκ
1089 1110 1177 1141 ἔξεστι
1192 1110 1281 1144 λέγειν
1296 1111 1409 1144 κυρίως,
1427 1110 1490 1137 οὔτε
1507 1111 1620 1145 μέγεθος
1636 1113 1710 1138 οὐδὲν
1725 1122 1811 1147 προσ-

1025 1155 1129 1181 τιθέναι
1153 1156 1170 1190 ἦ
1187 1155 1315 1190 ἀφαιρεῖν
1334 1157 1374 1191 (οὐ
1392 1157 1445 1192 γὰρ
1467 1157 1582 1191 λέγομεν
1604 1157 1665 1184 οὔτε
1687 1159 1812 1195 μεγάλην

1026 1201 1089 1227 οὔτε
1109 1201 1210 1236 μικρὰν
1239 1202 1419 1237 λευκότητα),
1439 1203 1535 1229 πολλοῦ
1555 1203 1629 1238 μέντ’
1650 1203 1683 1231 ἂν
1706 1205 1813 1238 δεήσειε

1026 1249 1072 1274 καὶ.
1087 1247 1133 1275 τοῦ
1149 1248 1248 1279 παντὸς
1265 1249 1329 1283 περὶ
1346 1249 1395 1284 τῆς
1411 1249 1486 1280 θείας
1499 1249 1596 1281 οὐσίας
1613 1251 1729 1278 τοιαῦτα
1743 1254 1814 1279 νοεῖν

1027 1294 1074 1320 καὶ
1088 1294 1186 1327 λέγειν,
1206 1294 1222 1329 ἥ
1241 1294 1346 1329 μεγέθη
1369 1295 1419 1328 μὲν
1437 1296 1485 1321 καὶ
1511 1295 1665 1330 μικρότητα
1679 1298 1814 1332 πεποίηκέ

1027 1349 1056 1367 τε
1074 1341 1122 1366 καὶ
1146 1341 1188 1366 ἀεὶ
1214 1343 1296 1374 ποιεῖ,
1323 1341 1391 1376 αὑτὴ
1407 1341 1430 1368 δ’
1447 1341 1508 1368 ἐστὶ
1529 1343 1598 1368 κατὰ
1614 1343 1693 1377 φύσιν
1707 1344 1811 1380 οὐδαμῆ

1030 1386 1112 1421 μηδὲν
1135 1383 1172 1412 ὧν
1189 1386 1324 1420 πεποίηκέ
1340 1394 1370 1412 τε
1385 1387 1432 1412 καὶ
1447 1387 1491 1413 ἀεὶ
1506 1388 1585 1414 ποιεῖ.
1602 1388 1669 1414 Οὐδὲ
1687 1389 1812 1424 πρόεισιν

1028 1432 1067 1460 εἰς
1095 1430 1191 1475 ὄγκον,¹
1213 1430 1267 1456 οὐδ’
1291 1430 1320 1457 οὺ
1344 1430 1381 1465 μὴ
1405 1432 1573 1466 προχωρήσῃ
1596 1432 1673 1459 ποτέ.
1699 1433 1735 1459 Τὸ
1756 1434 1813 1469 γὰρ

1027 1476 1103 1512 ὄγκῳ
1133 1476 1225 1510 μεῖζον
1251 1477 1394 1512 γινόμενον
1424 1477 1537 1510 δυνάμει
1561 1479 1667 1511 γίνεται
1690 1479 1812 1512 ἔλαττον,

1028 1524 1074 1548 καὶ
1094 1522 1124 1548 τὸ
1142 1521 1283 1557 δυνάμεως
1306 1523 1416 1557 μεγέθει
1432 1523 1560 1557 μέγιστον
1584 1525 1666 1557 ὄγκου
1688 1524 1814 1552 λείπεται

1029 1569 1138 1600 παντὸς,
1154 1569 1197 1594 ἵνα
1217 1569 1347 1603 μέγιστον
1361 1568 1463 1603 ὁμοίως
1485 1569 1528 1596 ἀεὶ
1542 1570 1668 1606 διαμένῃ.
1684 1572 1740 1598 Καὶ
1759 1573 1814 1608 γὰρ

1029 1615 1076 1641 καὶ
1091 1615 1113 1640 εί
1131 1615 1195 1649 περὶ
1210 1614 1258 1648 τῆς
1271 1614 1299 1640 ὲν
1313 1614 1381 1649 χιόνι
1401 1615 1598 1650 βουληθείημεν
1614 1617 1703 1651 λέγειν
1721 1618 1816 1645 λευκό-

1028 1669 1108 1695 τητος
1125 1659 1320 1693 ὑπωδείγματυς
1336 1659 1441 1692 ἕνεκεν,
1458 1661 1488 1687 οὐ
1504 1661 1553 1696 τὴν
1575 1662 1603 1688 ἐν
1617 1662 1655 1697 τῷ
1673 1663 1749 1698 μέρει
1763 1665 1814 1699 τῆς

1034 1708 1128 1741 χιόνος
1141 1705 1291 1740 λευκότητα
1307 1705 1390 1740 μέρος
1406 1706 1438 1732 ἂν
1452 1707 1572 1741 φαίημεν
1587 1708 1634 1742 τῆς
1650 1709 1679 1734 ἐν
1700 1709 1817 1746 πλείστῃ

1029 1751 1100 1785 χιόνι
1111 1750 1284 1784 λευκότητος,
1300 1750 1367 1776 ἀλλὰ
1381 1751 1481 1786 μέρους
1496 1753 1546 1786 μὲν
1557 1753 1643 1788 χιόνος
1653 1753 1816 1790 λευκότητα,

1030 1795 1111 1829 μέρος
1127 1794 1155 1820 δὲ
1167 1795 1328 1829 λευκότητος
1343 1795 1455 1830 ἥκιστα·
1473 1795 1573 1830 ἄογκον
1584 1798 1640 1833 γὰρ
1653 1799 1699 1824 καὶ
1709 1798 1816 1826 ἀποσον

1029 1841 1091 1867 καθ’
1104 1841 1169 1867 αὐτὸ
1184 1843 1231 1868 καὶ
1247 1841 1380 1876 ἀμέγεοες
1401 1843 1418 1876 ἡ
1440 1843 1582 1878 λευκότης,
1609 1845 1647 1875 ὡς
1667 1844 1815 1873 δέδεικται.

1029 1887 1061 1912 Et
1076 1885 1103 1912 δὲ
1124 1885 1192 1920 μηδὲ
1211 1886 1386 1922 συμϐεῦηκδς
1408 1887 1424 1922 ἡ
1443 1887 1569 1920 ἀνούσιοζ
1584 1889 1653 1925 αὕτη
1668 1893 1818 1926 συγχωρεῖ-

1030 1933 1075 1959 ταί
1096 1941 1136 1959 σοι
1153 1933 1276 1966 γίνεσθαι
1293 1934 1430 1967 ἐνέργεια,
1446 1934 1498 1961 ποῦ
1514 1935 1615 1970 ταύτην
1631 1936 1733 1970 οετέον;
1752 1937 1815 1969 λέγε

1030 1978 1078 2004 καὶ
1105 1978 1244 2013 νομοθέτει
1260 1978 1302 2005 σύ.
1321 1979 1377 2012 Τῆς
1405 1980 1459 2014 γὰρ
1489 1980 1535 2006 τοῦ
1560 1980 1635 2012 ὄντος
1661 1983 1753 2017 φωνῆς
1776 1984 1816 2015 εις

1032 2023 1127 2049 οὐσίαν
1140 2024 1187 2050 καὶ
1205 2021 1378 2060 συ¹μ6ε6ηκὸς
1395 2025 1598 2061 διαιρουμένης,
1609 2028 1634 2053 εἱ
1656 2028 1718 2062 μήτ’
1737 2029 1817 2056 οὐσία

1034 2069 1102 2104 μήτε
1122 2069 1296 2104 συμὸεόηιιὸς
1313 2070 1368 2104 εἴη,
1386 2071 1439 2097 τῶν
1466 2072 1551 2098 ὄντων
1570 2073 1620 2099 οὐκ
1641 2073 1673 2099 ἂν
1697 2074 1815 2108 λέγοιτο.
1845 2079 1850 2083 ”

1034 2113 1165 2140 Λείπεται
1184 2113 1239 2149 ἆρα
1262 2115 1299 2149 μὴ
1329 2114 1358 2141 δν
1381 2115 1410 2148 ἐξ
1437 2116 1559 2150 ἀνάγκης
1584 2117 1719 2152 λέγεσθαι.
1741 2120 1817 2156 Αὕτη

1031 2158 1086 2184 τῶν
1098 2158 1201 2185 καινῶν
1215 2166 1262 2184 σου
1276 2159 1420 2193 δογμάτων
1434 2161 1450 2195 ἡ
1462 2161 1598 2196 τερατεία,
1610 2162 1673 2188 καλὲ
1688 2163 1817 2198 Παλαμᾱ,

1033 2204 1063 2230 τὸ
1085 2203 1226 2231 πιστεύειν
1256 2205 1297 2236 εἰς
1324 2205 1353 2231 τὸ
1371 2205 1409 2241 μὴ
1433 2205 1463 2232 ὃν
1492 2207 1539 2234 καὶ
1566 2207 1652 2241 ψιλοῖς
1675 2208 1818 2244 λατρεύειν

1033 2249 1176 2285 ὀνόμασιν,
1197 2250 1275 2277 ὁποῖα
1304 2252 1353 2278 καὶ
1382 2252 1446 2283 τοὺς
1470 2252 1519 2286 τῆς
1537 2253 1711 2289 Πλατωνικῆς
1737 2256 1819 2286 στοᾶς

1036 2295 1084 2345 κέιὶ
1109 2295 1278 2330 ’Λκαδημίας
1305 2297 1457 2331 φάσκοντας
1482 2299 1560 2332 ἴσμεν
1588 2299 1652 2333 περί
1678 2308 1707 2325 τε
1731 2302 1819 2333 γενῶν

1036 2341 1082 2367 καὶ
1099 2341 1188 2373 εἰδῶν,
1208 2343 1256 2368 καὶ
1275 2342 1302 2367 εἴ
1318 2351 1389 2374 τινες
1410 2341 1465 2370 εἶεν
1483 2345 1514 2370 ὲκ
1529 2344 1582 2370 τῶν
1599 2345 1713 2382 ὕστερον
1729 2346 1819 2372 ἄλλοτ’

200 2400 228 2422 et
254 2395 325 2422 nuda
344 2394 452 2420 nemina
470 2392 554 2423 colas,
574 2391 663 2424 qualia
680 2391 761 2417 etiam
784 2390 938 2416 Platonicos
955 2395 976 2415 et

1036 2388 1122 2420 ἄλλως
1134 2388 1227 2419 αὐτοῖς
1245 2389 1469 2425 ἠκολουθηκάτων
1489 2390 1643 2425 Βογομίὶων
1662 2394 1708 2418 καὶ
1731 2394 1820 2420 Μανι-

201 2442 382 2471 Academicos
390 2440 481 2466 dicere
498 2438 617 2464 solemus
632 2437 664 2463 de
680 2435 825 2470 generibus
839 2439 865 2461 ct
876 2433 980 2463 formis.

200 2493 228 2515 et
243 2489 265 2515 si
280 2487 326 2522 qui
342 2491 406 2513 sunt
423 2493 454 2511 ex
471 2484 513 2515 iis,
530 2482 576 2517 qui
591 2487 684 2517 postea
701 2481 767 2508 alias
785 2481 864 2506 aliter
879 2487 927 2505 eos
939 2487 982 2505 sc-

201 2533 257 2561 cuti
288 2537 371 2562 sunt,
396 2529 543 2564 Bagomilis
575 2527 702 2554 nimirum
730 2530 758 2552 et
780 2525 934 2551 Maniclireis
955 2527 983 2550 et.

201 2578 357 2607 Masaltauis
370 2581 398 2604 et
410 2573 598 2605 Eunomianis,
613 2579 682 2607 quos
693 2571 774 2598 etiam
791 2578 887 2604 magna
907 2570 981 2596 insa-

202 2625 246 2653 nia
259 2622 421 2659 perturbare
431 2620 496 2647 dicit
514 2626 626 2652 magnus
638 2616 754 2643 Basilius
768 2620 896 2649 tanquam
908 2622 982 2640 cem-

204 2658 285 2698 muuc
302 2674 387 2703 genus
402 2664 551 2699 quoddam,
567 2661 641 2696 quod
657 2661 763 2687 ratione
790 2660 846 2686 sola
865 2658 983 2694 perspici

203 2714 300 2750 possit,
325 2713 353 2739 in
372 2711 446 2738 nulla
463 2708 614 2736 substantia
636 2706 783 2734 essentiam
801 2705 911 2734 habeat,
924 2712 984 2730 cum

204 2749 297 2787 dicant
330 2757 414 2784 Deum
442 2755 469 2781 in
506 2752 654 2788 suppositis
682 2751 810 2785 perspici.
835 2749 887 2776 Sed
921 2749 984 2775 audi

199 2807 256 2841 jam
273 2804 346 2834 quod
368 2801 437 2830 dicit
458 2807 553 2827 rursus
581 2798 652 2825 idem
674 2805 789 2831 magnus
815 2796 931 2822 Basilius
952 2795 986 2821 de

1035 2433 1119 2469 χαίων
1131 2434 1178 2460 καὶ
1193 2434 1376 2462 Μασαλιανῶν
1389 2436 1436 2462 καὶ
1453 2437 1637 2471 Εὑνομιανῶν,
1656 2438 1701 2469 οὓς
1716 2439 1765 2465 καὶ
1780 2441 1820 2470 εἰς

1038 2480 1107 2514 μέγα
1135 2480 1330 2515 παραπληξίας
1360 2482 1483 2508 ἐλαύνειν
1512 2483 1526 2509 ὸ
1544 2483 1630 2517 μέγας
1645 2485 1713 2518 φησὶ
1736 2484 1819 2512 Βασί-

1036 2523 1108 2554 lato;
1127 2522 1221 2558 ὥσπερ
1235 2525 1380 2560 κοινότητά
1404 2534 1465 2552 τινα
1478 2526 1551 2561 λόγῳ
1568 2527 1642 2563 μόνῳ
1666 2528 1819 2564 θεωρητὴν,

1038 2570 1066 2595 ἐν
1081 2570 1195 2606 οὐδεμιᾷ
1212 2571 1361 2599 ὑποςτάσει
1377 2572 1408 2608 [Γ.
1426 2573 1478 2600 144
1491 2573 1529 2609 v.]
1551 2574 1581 2600 τὸ
1603 2571 1672 2600 εἶναι
1693 2574 1819 2609 ἔλουσαν,

1035 2617 1074 2647 εἰς
1088 2618 1121 2642 τὰ
1143 2618 1312 2653 ὑποκείμενα
1332 2620 1494 2655 θεωρεῖσθαι
1508 2620 1664 2655 φάσκοντας
1680 2622 1725 2648 τὸν
1740 2622 1819 2649 Θεὸν.

1041 2662 1112 2688 Ἀλλ’
1139 2663 1221 2690 ἄκουε
1249 2665 1343 2691 λοιπον
1359 2667 1386 2691 τί
1403 2674 1484 2700 φησιν
1500 2665 1578 2697 αὖθις
1598 2668 1612 2693 ὸ
1628 2667 1711 2698 αὐτὸς
1732 2667 1821 2701 μέγας

1036 2707 1175 2739 Basilum;
1191 2710 1256 2744 περὶ
1278 2711 1326 2744 τῆς
1351 2711 1491 2745 ἐνεργείας
1515 2713 1581 2739 Θεοῦ
1607 2713 1655 2748 τῆς
1676 2713 1819 2743 ἀκτίστου,

1033 2751 1071 2783 ὡς
1086 2753 1132 2779 ἐπὶ
1147 2753 1195 2788 τῆς
1211 2755 1299 2789 ἁπλῆς
1328 2756 1376 2782 καὶ
1396 2757 1543 2791 ἀσωμάτου
1558 2757 1664 2792 φύσεως
1677 2758 1722 2784 τὸν
1737 2759 1820 2786 αὑτὸν

1035 2797 1115 2832 λόγον
1139 2800 1293 2835 ἐπιδέχεται
1319 2802 1334 2836 ἡ
1353 2803 1476 2837 ἐνέργεια
1499 2805 1532 2839 τῇ
1549 2804 1638 2839 οὐσίᾳ.

203 2853 346 2880 cﬂieientia
362 2851 407 2878 Dei
425 2849 545 2876 inereata
563 2846 609 2872 :in
625 2845 742 2880 simplici
758 2845 862 2871 scilicet
876 2849 900 2871 et
927 2844 1088 2878 incorporea
1105 2852 1201 2876 natura
1219 2849 1342 2876 eamdem
1360 2858 1422 2877 cum
1440 2851 1558 2878 essentia
1571 2851 1703 2878 rationem
1721 2851 1821 2887 accipit

202 2898 360 2926 elﬁcicntia.
