1909 3064
194 194 247 225 279

789 194 998 224 NICEPHOR!
1015 193 1208 226 GREGORE

1765 190 1821 223 280

193 248 281 275 vicem
292 247 374 283 316
389 247 575 283 signiﬁcamus
599 246 757 275 nom‘inibus
774 248 864 276 ductis
886 257 919 276 cx
936 248 979 276 di-

1033 251 1150 284 γνωστδν
1173 252 1238 285 ἡμῖν
1261 250 1372 277 δύναται
1387 248 1511 283 γίνεσθαι
1535 246 1581 274 τοῦ
1611 246 1677 274 Θεοῦ
1702 247 1746 273 διὰ
1762 246 1819 273 τῶν

194 293 282 321 versis
300 293 489 321 notationibus
512 294 669 321 necessario
697 300 810 329 propter
834 303 913 322 usum
929 303 979 321 no«

195 345 282 366 utrum
293 339 493 367 sententiarum
507 339 541 368 ad
562 340 772 368 similitudinem
789 341 977 368 formatarum.

195 384 254 412 Non
273 388 369 415 autem,
384 385 443 412 sine
458 385 563 419 regula,
580 390 612 412 ut
625 386 725 421 cuique
743 386 869 414 voluntas
883 393 981 421 sugge-

197 430 246 462 rit,
263 429 315 457 hoc
329 430 455 464 facimus,
471 431 519 459 sed
536 431 694 459 divinorum
710 432 821 460 Patrum
839 433 980 466 sequimur

195 476 333 512 dogmata,
363 477 418 504 imo
442 478 523 505 ctiam
555 478 664 507 litteras
690 479 828 506 fortuitas.
857 479 979 506 Primum

195 521 267 548 enim
300 521 425 548 Salvator
455 522 482 548 in
511 523 666 558 Evangeliis
696 530 799 556 monet,
831 531 865 551 ne
883 529 980 551 conte-

195 572 322 592 mnamus
347 573 380 593 ne
395 566 501 601 apicem
536 567 646 602 quidem
675 569 816 602 iussorum
827 568 980 596 ctmanda-

195 616 286 637 torum
299 611 359 645 ejus
377 611 533 639 divinorqu
547 621 607 647 qua:
623 613 650 640 in
666 613 811 648 Scriptura
835 615 979 649 reperiun—

195 658 239 679 tur
252 662 258 680 :
270 654 398 688 equidem
418 656 512 683 nescio
539 661 631 684 utrum
649 665 682 685 ex
700 658 761 685 aliis
783 667 836 686 non
851 659 979 686 audivisti

194 699 310 733 l1;ec,tu
351 701 399 735 qui
430 703 585 731 versabaris
614 704 685 731 inter
719 705 882 740 episcopos,
911 706 980 740 proh

193 745 337 780 ineptiam!
363 752 411 775 aut
441 756 595 784 quanquam
627 751 779 784 audivisti,
810 760 865 780 non
900 752 981 779 intel-

192 790 295 819 lexisti.
313 793 418 820 Deinde
448 795 637 830 theologorum
654 796 783 826 Ecclesiae
805 790 924 833 quorum
940 803 980 829 _tu

193 837 370 867 caluntniaris
399 840 558 874 sententias,
582 849 697 877 magnus
737 843 782 871 ille
814 844 925 879 quidem
952 844 980 872 in

195 883 330 919 theologia
368 884 536 921 Gregorius:
552 896 561 913 t
582 887 636 915 Vos
665 894 767 922 autem,
796 889 893 926 inquit,
915 891 979 919 licet

193 929 277 957 etiam
292 930 319 957 in
334 931 447 960 fortuito
464 934 542 968 apice
557 939 605 962 aut
618 935 718 963 litteris
734 937 848 971 spiritus
861 945 977 965 accura-

194 975 295 1003 tionem
309 977 480 1011 adhibentes,
508 988 648 1015 nunquam
669 983 775 1016 capturi
790 991 885 1011 sumus
904 992 911 1010 :
932 992 980 1011 ne-

193 1030 247 1057 que
262 1023 334 1050 enim
350 1028 392 1051 est
404 1025 521 1060 justum.
537 1027 664 1054 minimas
687 1035 797 1063 quoque
813 1036 857 1056 res
876 1033 979 1056 temere

193 1070 333 1097 tractaria
348 1071 547 1106 scriptoribus,
567 1077 595 1100 et
620 1081 707 1108 usque
734 1075 766 1101 ad
795 1075 846 1103 hoc
872 1081 980 1110 tempus

193 1116 327 1143 memoria
336 1118 453 1150 servari,
467 1119 564 1147 saltem
576 1124 606 1147 ut
634 1120 783 1149 habeamus
811 1121 981 1148 recordatio-

194 1169 258 1190 nem
273 1167 300 1190 et
314 1163 515 1192 institutionem
532 1166 739 1195 deliberationis
748 1167 981 1200 similium,occa-

193 1207 271 1235 sione
283 1208 356 1242 data,
383 1211 420 1237 ita
439 1215 469 1238 ut
488 1211 545 1239 haec
568 1212 713 1247 fugiamus,
743 1213 787 1239 illa
803 1214 979 1248 praeferamus

195 1257 325 1288 tanquam
347 1256 455 1290 regulas
479 1261 507 1284 et
534 1255 678 1294 prototypa
713 1259 801 1287 secuti
829 1261 979 1294 praecuntia

193 1299 460 1335 exemplaJMagnuS
474 1307 565 1330 autem
578 1302 706 1336 Basilius,
723 1303 863 1339 «Oportet,
878 1305 979 1340 inquit,

192 1351 270 1378 eum,
286 1345 332 1380 qui
349 1349 412 1374 ante
420 1347 516 1374 oculos
528 1347 612 1375 habet
626 1348 873 1384 Christijudicium
889 1358 979 1386 neque

192 1392 300 1427 ignorat
315 1397 449 1427 quantum
482 1394 638 1428 periculum
653 1395 735 1431 317
747 1397 783 1424 sit
800 1397 827 1424 in
844 1397 980 1425 demendo

192 1439 296 1473 aliquid
314 1445 361 1467 aut
376 1440 503 1468 addendo
520 1441 554 1468 iis
567 1449 627 1476 quae
639 1450 654 1468 a
667 1441 773 1477 Spiritu
790 1442 888 1471 tradita
903 1448 979 1476 sunt,

193 1491 248 1511 non
262 1492 294 1511 ex
305 1491 335 1511 se
345 1485 456 1512 studere
472 1493 516 1513 res
531 1493 616 1514 novas
627 1487 785 1519 moliri,sed
801 1488 829 1514 in
844 1488 878 1516 iis
889 1496 950 1523 quat
965 1497 981 1516 a

192 1529 297 1557 sanctis
314 1530 438 1558 nuntiata
450 1535 515 1558 sunt
527 1531 712 1565 acquieseere.
730 1542 739 1559 ι
764 1532 980 1568 Chrysostomus

1030 297 1200 332 φαινομένων
1226 296 1308 324 αὑτοῦ
1328 296 1375 323 καὶ
1391 295 1585 330 πεποιημένων
1607 293 1758 328 ἐνεργειῶν,
1770 292 1821 318 καὶ

1029 343 1181 377 δυνάμεων,
1208 343 1287 370 τοῦτο
1320 344 1376 373 τοῖς
1399 343 1430 368 ἑκ
1459 341 1596 376 διαφόρων
1630 338 1819 374 ἐτυμολογιῶν

1030 391 1159 424 ὀνόμασιν
1179 389 1303 425 ἀλλήλοις
1328 388 1566 423 ἑπισημαινόμεῦα
1591 388 1650 418 ταῖς
1665 386 1820 420 γνωμικαῖς

1030 436 1060 468 ἐξ
1079 436 1201 470 ἀνάγκης
1216 435 1295 470 ἡμῶν
1312 436 1381 461 κατὰ
1402 434 1433 461 τὺ
1461 434 1594 462 ἀνάλογον
1622 433 1740 468 χρείαις,
1766 431 1819 457 οὐκ

1031 483 1156 514 ἀτάκτως
1171 483 1210 513 δὲ,
1223 483 1270 510 καὶ
1284 483 1322 514 ὡς
1342 482 1450 517 ἑκάστῳ
1459 482 1493 509 τὰ
1511 483 1559 516 τῆς
1578 480 1732 515 βουλήσεως
1749 479 1821 504 ὑπο-

1030 529 1134 564 τίθησι,
1165 529 1295 564 ὁρῶντες,
1319 529 1386 555 ἀλλὰ
1410 529 1467 556 τοῖς
1494 527 1548 553 τῶν
1582 526 1661 552 θείων
1687 525 1821 558 Πατὲρων

1031 576 1160 611 ἑπόμενοι
1189 576 1323 609 δόγμασιν
1346 575 1410 610 ἄχρι
1427 574 1476 600 καὶ
1499 574 1550 605 τῆς
1574 572 1711 607 τυχούσης
1727 579 1822 604 γραμ-

1033 621 1098 656 μῆς.
1118 622 1229 656 Πρῶτον
1256 622 1306 656 μὲν
1339 621 1394 655 γάρ
1419 620 1433 646 ὀ
1461 619 1557 654 Σωτὴρ
1580 620 1608 644 ὲν
1641 616 1821 650 Εὑαγγελίοις

1033 669 1167 704 μηδεμιᾶς
1195 669 1379 703 καταφρονεῖν
1411 667 1541 701 παραινεῖ
1572 665 1686 699 κεραίας
1714 663 1769 689 τῶν
1791 663 1821 688 ἐν

1031 717 1179 750 γράμμασι
1192 715 1272 741 θείων
1286 714 1368 740 αὑτοῦ
1387 712 1610 748 προσταγμάτων
1627 710 1673 737 καὶ
1689 709 1819 736 ἐντο).ῶν·

1030 757 1069 787 ὧν
1088 762 1137 787 οὐκ
1159 758 1207 786 οἷδ’
1227 761 1371 794 ὁπότερον·
1387 759 1403 793 ἢ
1421 759 1475 792 γὰρ
1490 759 1539 784 οὐκ
1561 758 1683 791 ἀκήκοας
1704 755 1755 787 ἔτι,
1771 755 1820 781 καὶ

1031 807 1107 834 ταῦτ’
1127 807 1155 833 ὲν
1174 807 1335 837 ἐπισκόποις
1353 805 1415 838 (τεῦ
1443 805 1493 838 τῆς
1524 805 1639 834 ἀτοπίας
1649 803 1667 836 ί)
1689 802 1786 833 τελῶν,
1802 800 1820 835 ἢ

1031 854 1151 885 ἀκούσας
1162 853 1213 879 οὐκ
1225 852 1320 888 ᾔσθου.
1337 851 1443 878 Ἔπειθ’
1462 848 1499 877 ὧν
1511 850 1592 880 αὐτος
1606 848 1760 879 διαϐάλλεις
1772 847 1820 873 τὶν

1032 897 1094 925 νοῦν
1121 897 1254 930 Θεολόγων
1277 897 1328 931 τῆς
1353 896 1517 930 Ἐκκλησίας
1545 893 1661 928 ἀνδρῶν,
1677 895 1691 920 ὁ
1720 893 1769 927 μὲν
1790 892 1820 917 ἐν

1031 942 1156 976 θεολογίᾳ
1184 941 1269 976 μέγας
1295 941 1457 975 Γρηγόριος,
1478 949 1487 965 ‹
1512 939 1608 972 Ἡμεῖς
1626 938 1664 968 δὲ,
1688 946 1697 962 ι
1725 937 1818 972 φησὶν,

1034 998 1043 1015 ι
1059 990 1083 1015 εἰ
1105 989 1151 1015 καὶ
1184 989 1264 1023 μέχρι
1287 988 1336 1021 τῆς
1360 986 1494 1022 τυχούσης
1510 986 1628 1017 κεραίας
1650 984 1665 1019 ἢ
1685 984 1820 1019 γραμμῆς

1029 1036 1077 1061 τοῦ
1110 1035 1268 1068 πνεύματος
1292 1034 1341 1068 τὴν
1375 1033 1520 1067 ἀκρίϐειαν
1547 1032 1687 1064 ἕλκοντες,
1718 1030 1820 1057 οὔποτε

1030 1081 1162 1116 δεξόμεθα
1180 1081 1220 1116 (οὐ
1237 1081 1291 1115 γὰρ
1306 1080 1390 1113 ὅσιον)
1405 1080 1467 1106 οὐδὲ
1481 1075 1529 1109 τάς
1547 1079 1690 1114 ἐλαχίστας
1705 1076 1820 1112 πράξεις

1031 1129 1092 1163 εἰκῇ
1111 1127 1313 1161 σπουδασθῆναι
1329 1128 1385 1157 τοῖς
1400 1126 1576 1161 ἀναγράψασι
1599 1125 1648 1152 καὶ
1675 1125 1755 1159 μέχρι
1770 1122 1819 1150 τοῦ

1032 1175 1168 1210 παρόντος
1186 1174 1282 1208 μνήμῃ
1297 1173 1473 1207 διασωθῆναι.
1487 1171 1544 1198 ἀλλ’
1559 1171 1592 1198 ἶν’
1610 1172 1689 1206 ἡμεῖς
1712 1170 1819 1205 ἔχωμεν

1032 1221 1218 1255 ὑπομνήματα
1245 1221 1293 1246 καὶ
1315 1219 1488 1254 παιδεύματα
1513 1219 1562 1251 τῆς
1596 1218 1650 1244 τῶν
1672 1217 1773 1252 ὁμοίων
1793 1217 1820 1242 εἴ

1033 1275 1098 1294 ποτε
1121 1266 1256 1300 συμπέσοι
1285 1265 1381 1300 καιρὸς
1409 1265 1590 1298 διασκέψεως,
1609 1263 1680 1290 ὥστε
1705 1263 1739 1289 τὰ
1769 1263 1820 1296 μὲν

1032 1313 1154 1348 φεύγειν,
1171 1313 1205 1338 τά
1232 1312 1259 1338 δὲ
1290 1312 1437 1346 αἱρεῖσθαι,
1453 1309 1509 1337 οἷον
1536 1312 1630 1338 κανόσι
1654 1311 1701 1337 καὶ
1723 1310 1820 1341 τύποις

1031 1361 1087 1391 τοῖς
1105 1358 1288 1394 προλαϐοῦσιν
1303 1359 1432 1393 ἑπόμενοι
1459 1358 1692 1392 παραδείγμασιν.
1714 1367 1722 1382 ι
1746 1357 1775 1384 Ὀ
1791 1357 1819 1382 δὲ

1034 1407 1121 1441 μέγας
1136 1406 1287 1439 Βασίλειος,
1307 1414 1316 1430 ι
1333 1406 1403 1439 Χρὴ,
1431 1415 1439 1430 ι
1466 1405 1543 1440 φησι,
1562 1413 1570 1430 ι
1588 1405 1633 1430 τὶν
1653 1405 1706 1438 πρὸ
1720 1403 1821 1436 ὀφθαλ-

1034 1453 1092 1488 μῶν
1107 1452 1204 1488 ἔχοντα
1216 1453 1246 1478 τὸ
1263 1451 1309 1477 τοῦ
1326 1451 1445 1485 Χριστοῦ
1459 1451 1645 1485 δικαστήριον,
1661 1451 1707 1475 καὶ
1730 1449 1819 1475 εἰδότα

1032 1500 1093 1529 ὅσος
1111 1499 1126 1524 ὁ
1140 1499 1261 1528 κίνδυνος
1278 1498 1387 1530 ἀφελεῖν
1402 1506 1428 1523 τι
1444 1496 1459 1531 ἢ
1478 1498 1636 1531 προσθεῖναι
1660 1497 1714 1526 τοῖς
1730 1505 1819 1529 παροι-

1032 1545 1184 1579 δεδομένοις
1209 1544 1261 1571 ὑπὸ
1287 1542 1333 1569 τοῦ
1358 1543 1529 1577 Ιινεύματος,
1559 1543 1595 1576 μὴ
1624 1541 1691 1576 παρ’
1720 1541 1818 1567 ἑαυτοῦ

192 1578 285 1604 autem
296 1575 422 1602 similiter
433 1580 460 1603 et
476 1575 599 1610 ipse,tln
612 1577 724 1610 divinis,
741 1579 840 1613 inquit,
853 1579 980 1615 Scriptu-

1033 1589 1233 1625 φι),οτιμεῖςθαι
1269 1589 1452 1623 καινοτομεῖν,
1479 1588 1547 1614 ἀλλὰ
1577 1588 1632 1617 τοῖς
1659 1595 1818 1621 προκατηγ-

194 1619 233 1646 ris
244 1627 328 1646 unum
343 1621 395 1648 iota
413 1626 459 1648 aut
476 1629 561 1649 unum
577 1623 683 1657 apicem
711 1624 860 1659 negligere,
878 1633 932 1652 non
948 1625 978 1653 fit

195 1664 305 1699 impune
317 1674 324 1698 ;
336 1665 373 1693 ita
389 1671 419 1693 ut
435 1667 526 1695 omnia
546 1669 685 1703 inquirere
702 1669 877 1698 debeamus.»
894 1671 979 1700 Audi-

193 1711 375 1746 Vistilautem,
391 1713 500 1748 opinor,
514 1714 596 1749 paulo
619 1720 698 1743 antea
714 1717 759 1744 hic
776 1718 858 1745 etiam
875 1726 905 1745 ea
918 1727 979 1754 quae

193 1754 341 1792 Gregorius
357 1758 497 1795 Nyssenus
514 1761 616 1789 alicubi
633 1762 699 1790 dicit
717 1771 723 1790 :
740 1773 749 1790 ‹
768 1763 900 1796 Quoniam
916 1773 977 1793 cum

195 1811 277 1832 carne
294 1805 478 1833 circnmclusa
506 1813 603 1836 natura
631 1813 724 1837 nostra
751 1811 920 1840 circumdata
944 1813 980 1840 sit

195 1851 331 1878 motiones
349 1856 450 1881 nostra;
465 1854 565 1881 mentis
579 1861 634 1881 non
648 1858 915 1890 possuntdeclarari,
933 1866 981 1886 ne-

194 1897 317 1925 cessario
339 1903 468 1933 tanquam
493 1899 568 1932 signa
605 1902 689 1928 rebus
712 1909 801 1930 certas
838 1905 980 1932 nominum

194 1943 407 1977 compositiones
424 1945 606 1980 imponentes.
644 1947 699 1976 illis
719 1950 820 1977 mentis
845 1951 981 1979 motiones

195 1987 340 2015 nobiscum
367 1989 485 2017 invicem
512 1992 749 2020 commnnicamus
768 2003 775 2027 ;
793 1999 819 2021 et
843 1995 913 2022 hanc
944 1996 980 2023 ob

196 2041 253 2060 rem
265 2034 314 2061 alii
331 2035 370 2062 rei
386 2042 486 2065 nomen
508 2036 676 2072 imponimus
702 2040 777 2072 coeli,
813 2041 859 2068 alii
879 2049 980 2070 nomen

197 2082 297 2106 terrae:
314 2080 361 2107 alii
377 2081 462 2115 aliud,
490 2087 519 2110 et
542 2084 641 2112 referri
667 2078 701 2112 ad
727 2085 832 2121 aliquid
857 2092 910 2121 θυι,
925 2088 981 2116 elli-

196 2131 260 2151 cere
281 2129 329 2151 aut
353 2126 435 2159 allici,
462 2127 521 2155 haec
532 2129 625 2156 omnia
652 2131 771 2166 propriis
796 2133 983 2167 significamus

196 2170 339 2199 vocabulis
352 2179 357 2197 :
369 2179 403 2199 ne
414 2173 582 2206 incomperta
594 2180 622 2202 et
637 2176 774 2210 incognita
788 2179 889 2206 mentis
912 2181 984 2207 actio

198 2215 225 2242 in
238 2216 317 2242 nobis
336 2224 473 2245 mancam
493 2219 648 2247 Praesertim
661 2229 723 2248 cuin
734 2223 824 2250 omnis
839 2225 980 2253 hominum

1033 1638 1175 1672 γελμένοις
1201 1636 1275 1671 παρὰ
1304 1636 1357 1662 τῶν
1380 1635 1466 1669 ἁγίων
1493 1635 1688 1669 ὲφησυχάζειν.
1714 1643 1722 1657 ι
1746 1633 1776 1659 '0
1792 1633 1819 1658 δὲ

1033 1685 1082 1719 τὴν
1097 1684 1221 1719 γλῶτταν
1235 1682 1353 1718 χρυσοῦς
1366 1682 1412 1708 καὶ
1430 1682 1512 1712 αὐτος
1529 1681 1640 1715 ὁμοίως,
1662 1689 1670 1706 ι
1697 1680 1742 1706 Ἐν
1759 1680 1819 1710 ταῖς

1035 1731 1133 1763 θείαις,
1152 1740 1161 1756 ι
1179 1730 1257 1764 φησι,
1276 1739 1285 1755 ι
1301 1729 1422 1762 Γραφικὴ
1440 1727 1505 1754 ἰῶτα
1527 1727 1555 1753 ἓν
1578 1727 1593 1762 ἢ
1617 1726 1730 1760 κεραίαν
1754 1726 1818 1760 μίαν

1035 1776 1224 1811 παραδραμεῖν
1237 1775 1286 1801 οὐκ
1299 1775 1429 1809 ἀζήμιον,
1444 1774 1514 1799 ὥστε
1529 1773 1617 1798 πάντα
1628 1772 1818 1805 διερευνᾶσθαι

1034 1823 1100 1857 χρή.
1126 1831 1135 1848 ι
1164 1821 1303 1855 ’Ᾱκήκοας
1324 1821 1346 1846 δ’
1375 1818 1452 1854 οἶμαι
1484 1819 1536 1853 πρὺ
1563 1819 1675 1854 βραχέος
1702 1817 1820 1844 ἐνταῦθα

1034 1869 1081 1895 καὶ
1095 1867 1248 1903 Γρηγορίου
1266 1866 1313 1892 τοῦ
1329 1866 1449 1900 Νύσσης,
1470 1875 1479 1890 ι
1502 1865 1551 1891 Διά
1569 1865 1598 1890 τὸ
1613 1866 1645 1899 τῇ
1663 1864 1789 1898 σαρκένῃ,
1807 1872 1816 1888 ι

1035 1914 1200 1948 φάσκοντος,
1219 1921 1228 1938 ι
1255 1911 1387 1946 περιϐολῇ
1408 1911 1456 1946 τὴν
1473 1911 1554 1945 φύσιν
1569 1911 1649 1945 ἡμῶν
1663 1909 1820 1945 περιείργε-

1037 1963 1099 1990 οοαι
1111 1961 1303 1997 φανερωθῆναι
1316 1960 1369 1986 τῶν
1386 1960 1528 1994 ἡμετέρων
1541 1959 1587 1985 τοῦ
1601 1958 1648 1985 νοῦ
1661 1958 1821 1992 κινημάτων

1038 2009 1075 2044 μὴ
1103 2008 1271 2042 δυναμένων,
1286 2006 1446 2039 ἀναγκαίως
1477 2005 1611 2052 καιῖάπῖερ-
1624 2005 1736 2052 ,σημεῖα

1036 2053 1183 2088 πράγμασι
1207 2052 1256 2081 τὰς
1273 2050 1352 2080 ποιὰς
1372 2049 1427 2075 τῶν
1442 2048 1585 2082 ὀνομάτων
1601 2048 1691 2079 θέσεις
1707 2046 1822 2073 ὲπιῦά).-

1034 2097 1138 2127 λοντες,
1153 2095 1188 2121 δι’
1206 2094 1318 2121 ἐκείνων
1333 2093 1382 2123 τὰς
1406 2093 1454 2119 τοῦ
1473 2092 1519 2119 νοῦ
1547 2092 1669 2127 κινήσεις
1694 2091 1821 2125 ἀλλήλοις

1035 2141 1236 2176 δημοσιεύομεν
1250 2149 1257 2156 ·
1287 2140 1333 2165 καὶ
1351 2139 1448 2165 τούτου
1470 2139 1550 2174 χάριν
1577 2138 1616 2172 τῷ
1631 2137 1679 2172 μέν
1696 2146 1750 2163 τινι
1767 2137 1822 2163 τῶν

1036 2187 1121 2214 ὄντων
1154 2186 1239 2221 δνομα
1278 2185 1395 2220 οὐρανὸν
1434 2184 1563 2219 ἐθέμεθα,
1591 2183 1678 2218 ἑτέρῳ
1707 2183 1735 2209 δὲ
1769 2183 1821 2217 γῆν

1039 2233 1069 2269 [ι’.
1086 2233 1136 2259 M7
1156 2232 1193 2268 ιι]
1207 2233 1254 2259 καὶ
1280 2232 1352 2266 ἀλλῳ
1370 2231 1432 2258 ἄλλο
1450 2239 1486 2258 τι.
1504 2230 1559 2257 Καὶ
1582 2230 1611 2256 τὸ
1629 2230 1698 2263 πρὸς
1715 2238 1741 2255 τι
1763 2229 1822 2261 πῶς

196 2259 252 2287 vita
265 2265 362 2288 natura
377 2266 404 2289 et
421 2264 524 2297 regulis
542 2265 689 2293 verborum
716 2273 743 2294 et.
756 2268 913 2297 litterarum
929 2271 980 2298 dis-

1036 2259 1110 2312 ἔχειν
1141 2277 1157 2312 ἢ
1188 2259 1218 2302 τὸ
1244 2277 1366 2311 ἐνεργεῖν
1390 2275 1405 2310 ἢ
1425 2275 1455 2302 τὸ
1477 2276 1604 2310 πάσχειν,
1620 2274 1707 2301 ταῦτα
1733 2273 1821 2300 πάντα

196 2311 317 2341 ponatur
335 2312 362 2336 et
391 2309 715 2348 administreturzalque
745 2318 843 2342 natura
871 2317 981 2350 quidem

196 2353 256 2380 sine
270 2353 367 2382 ordine
384 2359 426 2382 est
438 2359 465 2383 ct
489 2360 584 2384 norma
601 2358 666 2385 :lex
687 2364 780 2387 autem
795 2361 924 2396 rhythmo
939 2367 983 2389 est

196 2398 310 2434 praadila
324 2397 461 2428 et'ordine
478 2407 507 2430 et
528 2410 622 2432 norma
645 2404 667 2432 si
682 2410 766 2433 temet
777 2407 864 2434 secuti
880 2412 983 2435 statua-

196 2453 259 2474 mus
271 2445 416 2474 verborum
435 2452 463 2475 et
479 2449 635 2478 litterarum
650 2452 704 2478 vim
723 2453 826 2481 nullius
849 2456 981 2482 momenti

195 2499 267 2526 esse,
281 2493 374 2520 statim
389 2494 471 2522 simul
489 2501 572 2531 atque
588 2497 719 2525 obtusum
743 2504 771 2526 et
785 2507 884 2527 vanum
915 2509 983 2535 prac—

195 2538 307 2567 buimus
318 2539 370 2568 hoc
383 2547 512 2570 ornatum
527 2548 555 2571 et
569 2545 730 2573 admirabile
743 2555 813 2582 opus
829 2547 912 2582 318
922 2548 981 2580 Dei,

195 2585 306 2614 brutam
324 2587 406 2615 nobis
420 2588 569 2618 elﬁcicmus
596 2591 768 2620 vitam.Tum
781 2593 855 2620 enim
871 2594 981 2622 el‘llucnt

197 2631 439 2666 inperversionem
455 2639 483 2663 et
505 2638 684 2666 mutationem
712 2639 818 2667 ratione
841 2645 982 2667 carentem

196 2682 226 2706 et
241 2677 373 2712 impetum
396 2688 452 2708 non
467 2683 649 2716 gubernatum
667 2685 758 2712 omnia
783 2689 811 2713 et
836 2693 903 2713 usus
919 2686 982 2713 vita:

196 2723 286 2751 omnis
299 2724 387 2753 abibit
403 2727 437 2754 ad
454 2728 566 2756 multam
585 2731 750 2758 dementiam
775 2736 802 2759 et
824 2732 958 2759 insaniam
973 2741 980 2760 :

197 2773 252 2795 tam
265 2771 398 2800 attonitus
425 2778 453 2800 et
469 2780 559 2802 mente
575 2781 672 2812 captus
689 2783 775 2810 esset,
791 2785 881 2812 neque
899 2785 982 2806 sanus

197 2822 275 2848 aeque
288 2821 315 2842 et
330 2817 376 2851 qui
398 2818 461 2846 talia
486 2821 585 2848 suadet
613 2828 643 2849 et
669 2823 714 2857 qui
744 2823 795 2850 hoc
820 2831 980 2857 persuasum

198 2858 250 2904 sibi
265 2867 326 2888 esse
353 2863 420 2891 dicit
437 2874 444 2891 :
463 2867 549 2893 multo
565 2868 686 2902 profecto
700 2869 799 2896 fuisset
815 2870 862 2896 tibi
876 2869 983 2904 sapien-

200 2901 256 2937 tius
269 2904 370 2935 dictum
386 2912 474 2945 tuum,
492 2911 515 2940 si
531 2901 583 2941 tuis
599 2913 666 2943 solis
680 2914 771 2942 verbis
784 2919 811 2942 ct
825 2914 925 2942 litteris
940 2922 983 2943 cs-

1038 2321 1204 2353 ἰδιαζούσαις
1221 2319 1460 2356 ὲπισημαινόμεθα
1474 2321 1534 2351 ταῖς
1550 2320 1664 2353 φωναῖς,
1679 2318 1716 2349 ὡς
1738 2318 1771 2345 ἂν
1785 2318 1821 2353 μὴ

1035 2365 1218 2400 ἀκοινώνητος
1233 2373 1262 2390 τε
1275 2364 1323 2391 καὶ
1342 2364 1481 2398 ἄγνωστος
1497 2364 1513 2398 ὴ
1531 2363 1578 2390 τοῦ
1602 2363 1648 2389 νοῦ
1669 2363 1777 2397 κίνησις
1793 2363 1821 2388 ἐν

1036 2411 1102 2445 ἡμῖν
1124 2409 1210 2444 μένοι.
1232 2419 1240 2435 ι
1261 2409 1366 2440 ’Λλλως
1377 2417 1405 2436 τε
1419 2410 1465 2436 καὶ
1481 2409 1632 2444 ἐπειδήπερ
1650 2408 1723 2438 ἅπας
1737 2408 1752 2433 ὁ
1768 2408 1822 2434 τῶν

1036 2455 1189 2490 ἀνθρώπων
1204 2454 1260 2490 ﬂio;
1279 2453 1360 2489 φύσει
1377 2454 1424 2480 καὶ
1438 2454 1530 2487 νόμοις
1555 2455 1610 2484 τοῖς
1627 2453 1671 2480 διὰ
1688 2453 1821 2488 ῥημάτων

1035 2510 1065 2528 τε
1083 2501 1128 2527 καὶ
1145 2500 1319 2536 γραμμάτων
1336 2500 1520 2534 οἰκονομεῖται
1537 2500 1586 2526 καὶ
1600 2500 1755 2532 διοικεῖται,
1775 2501 1821 2526 καὶ

1036 2547 1052 2582 ἠ
1067 2546 1115 2582 μὲν
1131 2545 1212 2580 φύσις
1228 2546 1345 2572 ἄτακτον
1361 2546 1408 2572 καὶ
1429 2545 1585 2580 ἀνώμαλον,
1601 2545 1614 2570 ὁ
1632 2545 1660 2572 δὲ
1680 2545 1760 2580 νόμος
1777 2546 1821 2572 εὖ·

1037 2593 1140 2629 ρυθμάν
1168 2601 1197 2619 τε
1227 2593 1275 2618 καὶ
1301 2592 1469 2626 τεταγμένον
1500 2593 1546 2619 καὶ
1579 2591 1696 2626 ὁμαλὸν,
1724 2593 1749 2618 εί
1778 2593 1820 2619 σοὶ

1036 2638 1194 2670 πεισθέντες
1220 2638 1372 2672 ἀπρακτεῖν
1389 2638 1523 2673 ἐάσαιμεν
1543 2639 1593 2673 τὴν
1611 2638 1665 2665 τῶν
1689 2638 1819 2673 ῥημάτων

1036 2685 1083 2712 καὶ
1107 2684 1282 2719 γραμμάτων
1297 2685 1424 2718 δύναμιν,
1441 2685 1492 2711 οὐκ
1512 2684 1545 2710 ἂν
1563 2684 1713 2719 φθάνοιμεν
1729 2685 1820 2718 κωφὴν

1037 2731 1084 2757 καὶ
1099 2731 1213 2765 μάταιον
1241 2731 1449 2762 ἀποδεικνύντες
1472 2731 1521 2766 τὴν
1547 2731 1694 2765 ἐγκόσμιον
1718 2730 1819 2765 ταύτην

1037 2777 1083 2802 καὶ
1117 2776 1273 2810 θαυμασίαν
1304 2776 1412 2811 ποίησιν
1444 2777 1492 2802 τοῦ
1526 2776 1594 2803 Θεοῦ
1623 2777 1670 2802 καὶ
1698 2776 1816 2812 θηριώδη

1036 2821 1152 2856 δρῶντες
1174 2822 1219 2848 τὸν
1237 2821 1304 2856 βίον.
1329 2822 1366 2848 Τὸ
1381 2823 1435 2858 γὰρ
1456 2822 1579 2849 ἐντεῦθεν
1604 2823 1736 2858 ῥυήσςται
1752 2824 1818 2858 πρὸς

1037 2867 1188 2902 μεταϐολὴν
1212 2868 1259 2894 καὶ
1282 2867 1426 2899 ἀλλοίωσιν
1447 2868 1544 2903 ἄλογον
1560 2869 1642 2900 εὐθὺς
1666 2870 1713 2896 καὶ
1733 2870 1818 2904 ςρηράν

1036 2914 1222 2951 ἀκυϐέρνητον
1251 2914 1369 2948 ᾶπαντα,
1394 2914 1442 2941 καὶ
1467 2914 1546 2950 χρεία
1578 2914 1635 2950 βίου
1660 2914 1759 2947 παντὸς
1776 2914 1816 2942 οξ·
