1909 3064
74 123 127 156 289

592 124 812 157 ΒΥΖΛΝΤΙΝΕ
835 123 1027 153 ῘΙΙὸΤΟΗῐίΕ
1044 124 1112 156 LIB.
1129 125 1220 156 XXX.

1653 129 1706 160 2’l0

77 182 162 216 μένης
178 183 290 216 σοφίας,
307 183 336 209 ὲν
379 182 413 210 τὰ
431 183 521 210 πάντα
537 170 647 216 έγένετο
663 185 710 209 καὶ
725 182 869 217 διεκοσμή-

924 185 986 207 nata
996 186 1068 208 sunt.
1080 176 1206 209 Christus
1219 183 1291 210 enim
1304 188 1345 210 est
1355 183 1403 211 Dci
1413 184 1454 211 vis
1465 189 1493 212 ct
1507 184 1553 212 Dei
1563 186 1708 220 sapientia.

76 226 120 261 8η.
137 227 258 261 Χριστὸς
270 228 325 262 γὰρ
343 228 411 255 Θεοῦ
428 229 542 262 δύναμις
556 231 604 257 καὶ
620 229 687 256 Θεοῦ
703 230 794 263 σοφία.
813 229 867 255 Kal.

75 272 157 298 πάλιν
178 274 260 308 σοφία
285 273 331 300 τοῦ
357 274 424 301 Θεοῦ
441 275 489 302 καὶ
516 277 624 311 Πατρὺς
648 277 722 302 κατὰ
735 276 781 302 τὴν
795 276 867 302 θεῖον

75 318 204 353 Μάξιμον
216 320 264 346 καὶ
278 320 410 355 φρόνησις
426 323 440 352 ῥ
455 321 559 356 Κύριος
580 323 660 356 ἡμῶν
671 323 748 349 ἐστιν
763 321 867 357 Ἰησοῦς

75 365 206 396 Χριστῆς,
222 366 235 392 ὁ
252 366 299 392 καὶ
327 367 360 393 τὰ
375 367 491 394 καθόλου
511 368 567 394 τῶν
592 369 677 395 ὄντων
695 368 815 402 συνέχων
834 369 866 402 τῇ

73 411 191 445 δυνάμει
209 412 261 446 τῆς
287 413 382 447 σοφίας
395 415 443 440 καὶ
469 414 504 440 τὰ
522 414 741 450 συμπληρωτικὰ
763 415 867 441 τούτων

77 457 149 491 μέρη
169 459 308 493 περιέχων
321 461 354 494 τῇ
370 461 502 495 φρονήσει
513 461 563 495 τῆς
581 461 726 494 συνέσεως,
740 461 778 492 ὡς
798 462 868 488 πάν-

75 512 131 528 των
144 504 226 535 φύσει
250 505 414 540 δημιουργὸς
443 507 492 533 καὶ
516 508 681 542 προνοητὴς,
711 510 758 536 καὶ
783 509 823 539 είς
838 508 867 534 ἓν

44 565 46 569 τ
74 551 151 584 ἄγων
169 545 215 577 τὰ’
229 551 363 578 διεστῶτα
387 553 420 579 δι’
446 553 557 580 ἑαυτοῦ.
587 555 641 582 Kal.
661 556 674 581 6
688 556 868 590 Δαμασκηνός

75 605 160 630 φησιν
179 597 306 631 Ἰωάννης
319 598 431 632 ὁμοίως,
440 599 482 625 ὅτι
493 599 543 625 οὐκ
557 599 614 626 ἔστι
626 600 664 634 τῷ
682 600 768 635 Πατρὶ
779 601 866 634 λόγος,

75 643 158 675 σοφῑα
173 662 179 670 .
200 642 324 677 δύναμις,
343 643 451 679 οέλησις
478 646 502 670 εἰ
535 645 571 680 μὴ
591 646 690 678 ὸΥἱὸς,
717 647 746 676 ὃς
759 648 831 673 ἐστιν
849 648 866 682 ἡ

76 688 146 722 μόνη
163 687 279 722 δύναμις
291 689 340 715 τοῦ
357 690 487 724 Πατρὸςή
502 692 728 727 προκαταρκτικὴ
740 693 790 725 τῆς
802 692 869 718 πάν-

73 742 129 759 των
145 735 294 768 ποιήσεως.
320 736 375 761 Καὶ
405 737 503 771 μυρίας
530 737 587 772 ἕχοι
605 746 648 769 τις
662 738 694 764 ἂν
716 739 869 774 μαρτυρίας

75 779 212 812 προάγειν
229 781 310 806 ταυτὶ
339 782 514 811 sumo-rica;
540 782 595 808 Kal
624 782 732 816 πρῶτον
761 782 809 815 μὲν
836 782 867 816 δὴ

75 825 211 850 σκεπτέον
223 825 257 850 ἂν
271 825 314 858 εἴη
332 826 416 856 τουτὶ,
442 826 569 860 δεύτερον
580 827 613 855 ,δὲ
630 827 687 856 πῶς
705 827 752 854 καὶ
767 828 779 852 ὁ
795 827 867 858 οεῖος
883 848 905 877 Β

76 869 203 903 Μάξιμος
213 871 271 900 τοῖς
283 872 384 902 κοινοῖς
401 870 450 906 τῆς
474 871 641 906 Ἑκκλησίοις
652 872 749 898 ἕπεται
763 873 867 908 δόγμα-

77 924 130 945 σιν,
147 917 172 941 εὶ
187 916 224 950 μή
250 925 291 947 τις
306 917 424 943 ἐνταῦθα
444 918 660 952 παρεξηγεῐσοαι
687 919 816 953 βιάζοιτο.
835 919 866 945 Ἥ

76 963 131 996 γὰρ
146 963 276 997 διαστολὴ
289 963 344 989 τῶν
361 963 518 998 συνδέσμων
528 964 645 991 ἐνταῦθα
660 965 690 991 οὐ
704 965 748 991 τὺν
758 965 868 1000 Πατέρα

77 1009 188 1034 καὶτὸν
208 1009 274 1035 Υίδν
297 1010 461 1040 διαστέλλει,
489 1011 547 1037 ἀλλ’
575 1013 607 1037 ὲκ
637 1011 692 1037 τῶν
710 1011 868 1046 κτισμάτων

80 1055 198 1088 μάλιστα
225 1055 272 1082 τὸν
287 1055 353 1081 Θεὸν
379 1056 509 1091 διαιρῶν,
537 1057 806 1092 συμπαραλαμϐἀνει
822 1058 869 1084 καὶ

80 1101 212 1128 συνάπτει
222 1101 254 1133 Π.
272 1101 322 1128 150
335 1101 372 1138 r.]
392 1102 479 1137 τούτῳ
494 1103 541 1129 καὶ
555 1103 601 1129 τὸν
614 1103 678 1129 Υἰὺν
695 1104 734 1134 εις
750 1103 799 1138 τὴν
813 1103 869 1129 τῶν

79 1148 241 1182 κτισμάτων
260 1148 374 1181 γνῶσιν,
391 1148 435 1175 ἵνα
462 1148 499 1183 μὴ
514 1148 577 1183 δόξῃ
602 1148 730 1183 χωρίζειν
744 1149 758 1174 ὁ
774 1149 869 1183 Πατὴρ

79 1194 125 1219 τὸν
140 1194 206 1220 Υἱὺν
221 1194 319 1221 ἑαυτοῦ
333 1195 363 1220 ὲν
378 1197 410 1229 τῇ
422 1195 530 1233 ,τούτων
549 1194 660 1229 γνώσει⁷
678 1195 712 1221 δι’
731 1193 761 1222 οὗ
774 1195 820 1222 καὶ
840 1196 869 1222 ὲν

79 1235 101 1271 ᾧ
117 1239 270 1273 πεποίηκεν
287 1238 394 1265 ἅπαντα
407 1238 505 1266 ταῦτα.
523 1238 577 1265 Καὶ
599 1239 654 1273 γὰρ
667 1240 714 1265 καὶ
730 1239 774 1265 ὅτε
800 1239 869 1272 φησι

80 1283 125 1309 τὸν
144 1282 212 1308 Θεὸν
224 1284 237 1309 ὁ
250 1282 327 1316 ἅγιος
343 1283 489 1316 γινώσκειν
509 1282 604 1308 ἑαυτὸν
619 1283 650 1308 ἐκ
665 1282 715 1317 τῆς
729 1283 870 1317 μακαρίας

81 1328 175 1359 οὐσίας
189 1328 283 1360 αὐτοῦ,
300 1328 350 1354 οὐκ
366 1329 514 1362 ἀποστερεῖ
536 1327 581 1354 τὸν
599 1327 663 1354 Υίδν
677 1328 726 1363 τῆς
740 1328 870 1363 τοιαύτης

81 1374 221 1408 γνώσεως.
240 1374 302 1404 Πῶς
317 1374 380 1408 γὰρ,
399 1373 543 1408 ὁμοούσιον
560 1374 624 1400 ὅντα
636 1382 667 1399 τε
689 1375 735 1400 καὶ
752 1374 802 1408 τὴν
821 1374 871 1400 αὑ-

80 1422 130 1454 τὴν
146 1421 185 1456 τῷ
203 1421 291 1455 Πατρὶ
317 1421 418 1455 γνῶσιν
445 1421 551 1456 ἔχοντα,
575 1421 612 1453 ὡς
638 1421 685 1448 καὶ
709 1421 791 1452 αὐτὸς
806 1421 870 1456 περὶ

81 1469 182 1494 ἑαυτοῦ
208 1468 346 1503 μαρτυρεῖ
371 1468 468 1501 λέγων.
505 1477 514 1493 t
531 1467 631 1497 Καθὼς
649 1467 779 1502 γινώσκει
809 1467 871 1501 μεό

919 225 953 253 Ει
967 235 1065 254 rursus
1085 229 1220 262 sapientia
1240 229 1285 256 Dei
1307 234 1335 257 et
1359 230 1449 258 Patris
1470 232 1625 259 secundum
1638 233 1708 259 divi-

919 280 984 299 num
1003 273 1148 300 Maximum
1166 274 1312 302 consilium
1339 283 1447 311 quoque
1468 276 1599 304 Dominus
1614 283 1710 305 noster

918 323 960 345 est
976 319 1055 345 Jesns
1069 318 1208 352 Christus,
1227 321 1273 355 qui
1298 321 1381 348 etiam
1407 322 1535 350 universa
1561 331 1622 358 quae
1644 328 1709 350 sunt

919 365 1043 391 continet
1062 366 1086 391 vi
1105 366 1294 399 sapientiw.et
1316 368 1511 402 eompletorias
1528 373 1619 402 partes
1635 377 1710 396 com-

919 410 1049 447 plectitur
1063 412 1179 438 consilio
1196 415 1297 440 mentis
1309 419 1338 440 ut
1353 416 1473 441 omnium
1486 423 1501 441 a
1518 420 1615 441 natura
1633 423 1710 442 crea—

920 462 963 484 tor
991 458 1195 492 prmmcditans,
1212 465 1238 485 et
1254 460 1280 487 in
1310 469 1392 487 unum
1419 462 1557 487 contrahit
1580 462 1708 489 distantia

918 511 968 537 per
985 510 1024 530 sc.
1065 504 1099 531 Et
1128 504 1256 532 similiter
1284 502 1323 532 ait
1349 505 1470 533 Joannes
1502 501 1705 532 Damasc'cnns:

918 548 998 576 Nulla
1014 553 1056 576 est
1073 548 1143 583 Patri
1160 551 1258 581 Oratio,
1276 550 1420 584 sapientia,
1436 551 1488 583 vis,
1508 551 1642 581 voluntas.
1656 551 1707 577 nisi

919 594 1021 621 Filius:
1039 595 1086 629 qui
1103 595 1215 630 quidem
1232 596 1289 622 sola
1311 601 1353 623 est
1369 596 1408 623 vis
1425 597 1514 623 Patris
1539 596 1707 624 creationem

919 640 1042 667 omnium
1058 647 1224 674 praeparans.
1243 642 1332 676 Atque
1353 647 1483 669 sexcenta
1511 646 1625 676 possunt
1647 650 1709 676 pro-

919 686 984 713 ferri
1012 687 1167 713 testimonia
1183 695 1244 722 qnze
1270 687 1327 714 hate
1352 688 1526 716 conﬁrment.
1542 687 1575 714 Et
1589 688 1706 722 primum

919 732 1030 767 quidem
1045 732 1096 759 hoc
1107 733 1286 766 spectandum
1300 738 1341 760 est
1353 753 1360 767 ,
1375 734 1474 761 deinde
1487 734 1569 761 etiam
1583 734 1706 761 divinum

919 777 1066 805 Maximum
1080 779 1159 813 sequi
1177 780 1334 806 connnunia
1360 780 1488 808 Ecclesiae
1501 780 1637 815 dogmata,
1654 780 1709 807 nisi

920 822 981 856 quis
996 822 1041 850 hic
1055 822 1123 849 falso
1140 824 1314 858 interpretari
1327 825 1467 857 studeret;
1481 824 1622 852 distinctio
1636 824 1707 851 enim

919 868 1146 903 conjunctionum
1167 869 1213 896 hic
1233 877 1286 896 non
1312 870 1420 897 Patrem
1442 875 1468 896 et
1485 870 1583 897 Filium
1610 870 1710 897 distiu-

920 914 988 948 guit,
1005 914 1052 941 sed
1074 922 1088 941 e
1103 915 1203 941 creatis
1221 916 1339 943 maxime
1358 915 1442 943 Deum
1467 924 1614 943 secernens
1634 923 1709 942 com-

920 960 1066 993 prehendit
1082 966 1110 988 et
1126 961 1268 997 conjungit
1287 961 1354 989 huic
1371 963 1453 989 etiam
1468 962 1568 989 Filium
1587 963 1613 989 in
1629 970 1708 989 crea-

921 1008 1010 1031 torum
1040 1007 1198 1040 cognitione
1229 1014 1262 1034 ne
1296 1007 1424 1034 videatur
1456 1015 1598 1034 removere
1625 1008 1706 1034 Pater

920 1051 1017 1078 Filium
1036 1060 1050 1078 a
1067 1060 1096 1079 se
1118 1053 1144 1079 in
1160 1052 1258 1079 horum
1279 1053 1454 1088 cognitione,
1472 1061 1520 1088 per
1539 1061 1620 1087 quem
1637 1059 1664 1080 et
1681 1053 1708 1080 in

920 1105 975 1132 quo
994 1098 1068 1126 iecit
1099 1099 1154 1126 haec
1180 1100 1283 1127 omnia.
1317 1101 1426 1128 Etenim
1453 1102 1537 1128 etiam
1563 1109 1624 1128 cum
1641 1101 1710 1128 dicit

922 1144 1007 1171 Deum
1023 1151 1135 1172 sanctus
1151 1142 1319 1181 cognoscere
1335 1155 1365 1175 se
1382 1155 1415 1174 ex
1431 1148 1548 1175 essentia
1558 1156 1605 1175 sua
1618 1149 1709 1180 beata,

920 1190 1002 1226 328
1011 1199 1063 1218 non
1077 1193 1167 1226 privat
1176 1193 1327 1228 Filiumltali
1338 1194 1507 1229 cognitione:
1521 1194 1568 1229 qui
1577 1195 1650 1222 enim
1661 1202 1709 1229 po-

921 1238 1105 1272 testeum,qui
1116 1238 1210 1265 eadem
1220 1239 1255 1265 sit
1263 1239 1382 1266 essentia
1391 1245 1418 1267 et
1426 1241 1549 1267 eamdem
1557 1249 1618 1268 cum
1628 1241 1709 1268 Patro
1757 1267 1762 1269 Α

921 1282 1020 1310 habeat
1039 1284 1246 1318 cognitionem?
1260 1290 1290 1312 ut
1306 1286 1388 1312 etiam
1405 1286 1463 1320 ipse
1480 1286 1513 1313 de
1530 1294 1558 1313 se
1573 1291 1707 1319 testatur,

921 1328 1026 1361 dicens,
1040 1338 1049 1355 ι
1069 1329 1103 1356 Ut
1119 1331 1259 1364 cognoscit
1275 1339 1318 1358 me
1336 1332 1434 1364 Pater,
1459 1339 1509 1366 ego
1529 1340 1638 1366 quoque
1660 1333 1710 1359 Pa-

921 1377 991 1401 trem
1003 1381 1139 1408 cognosco
1151 1379 1227 1407 ;iet:
1243 1375 1361 1408 «0.nnia,
1375 1384 1436 1411 qurc
1450 1376 1534 1403 habet
1544 1377 1633 1409 Pater,
1649 1386 1709 1405 inea

921 1424 986 1447 sunt
999 1428 1006 1451 ;
1019 1429 1028 1445 ›
1038 1424 1080 1447 et:
1098 1421 1170 1455 «Ego
1185 1427 1214 1448 et
1225 1422 1307 1449 Pater
1324 1430 1409 1449 unum
1423 1430 1546 1451 sumus.)
1562 1423 1708 1458 Propterea

923 1465 961 1493 ibi
977 1466 1089 1500 quidem
1106 1466 1134 1494 iu
1150 1467 1197 1494 Dei
1214 1468 1372 1502 cognitione
1388 1473 1501 1503 propter
1515 1471 1668 1496 naturalem
1682 1475 1710 1497 et

81 1514 188 1549 Πατὴρ,
206 1514 283 1548 κάγὼ
297 1514 423 1547 γινώσκω
440 1514 485 1539 τον
499 1513 619 1547 Πατέρα.
641 1522 649 1538 ι
665 1513 729 1542 Καὶ,
749 1522 759 1538 ι
779 1513 871 1540 Πάντα

923 1512 1098 1540 essentialem
1117 1513 1327 1541 similitudinem
1346 1514 1435 1543 Patris
1453 1520 1480 1543 et
1499 1516 1558 1543 Filii
1572 1525 1625 1543 non
1642 1525 1711 1552 opus

81 1562 131 1588 ὅσα
141 1561 199 1595 ἔχει
212 1561 226 1586 ὁ
240 1561 331 1594 Πατὴρ
347 1560 402 1594 ἐμά
413 1562 482 1586 ἐστι·
497 1569 505 1584 ι
521 1559 568 1585 καὶ
586 1558 673 1592 «Ἐγὼ
687 1559 732 1585 καὶ
750 1559 763 1585 ὁ
777 1559 871 1593 Πατὴρ

81 1608 111 1634 ἓν
126 1609 224 1642 ἐσμεν.
246 1615 256 1633 ι
275 1607 324 1632 Διὰ
338 1606 417 1632 τοῦτο
433 1607 492 1632 ἐκεῖ
504 1605 553 1640 μὲν
569 1606 596 1632 ἐν
609 1606 642 1641 τῇ
659 1605 705 1631 τοῦ
719 1604 787 1631 Θεοῦ
802 1604 873 1639 γνώ-

84 1663 126 1681 σει
138 1654 184 1681 διὰ
196 1654 246 1688 τὴν
261 1653 379 1688 φυσικὴν
393 1652 440 1679 καὶ
454 1651 569 1686 οὑσιώδη
585 1650 739 1685 ταυτότητα
752 1650 799 1677 τοῦ
816 1644 873 1676 [Ια-

81 1700 148 1735 τρδς
173 1697 286 1725 καὶτοῦ
306 1697 371 1724 Υιοῦ
401 1695 671 1731 πολυπραγμοσύνης
694 1696 745 1722 οὐκ
773 1695 872 1730 ἐδεήθη

82 1745 156 1775 τινός
168 1752 176 1759 ⁶
193 1743 222 1770 ἓν
234 1743 261 1769 δὲ
273 1745 306 1778 τῇ
321 1743 388 1778 πρὸς
403 1742 436 1768 τὰ
445 1742 585 1775 κτίσματα
597 1740 698 1775 γνώσει
717 1748 873 1774 συμπαρει-

82 1792 165 1826 λήιρει
189 1790 238 1817 καὶ
256 1790 307 1824 τὴν
321 1788 417 1822 σοφίαν
429 1789 442 1814 ὁ
457 1787 526 1817 θεῖος
538 1784 616 1818 οὗτος
630 1785 754 1821 Μάξιμος
765 1807 772 1819 ,
792 1786 826 1812 δι’
839 1783 874 1822 ἧς

84 1837 131 1864 καὶ
145 1838 175 1862 ἐν
222 1836 300 1862 ταυτὶ
310 1834 462 1868 πεποίηκεν
479 1833 597 1864 ἅπαντα,
615 1833 767 1865 ἀναγκαίας
790 1831 874 1867 of)qu

83 1885 134 1918 τῆς
149 1882 280 1917 τοιαύτης
299 1880 417 1907 ἐνταῦθα
435 1881 547 1915 μνήμης
566 1879 610 1904 διὰ
628 1879 678 1910 τὰς
697 1878 872 1910 ὑποστάσεις,

85 1932 183 1966 ὥσπερ
201 1930 260 1955 ἐκεῖ
288 1926 458 1962 τῆςσιωπῆς
483 1926 526 1952 διὰ
551 1925 582 1952 rb
601 1926 685 1952 πᾶσιν
703 1924 874 1958 ἐγνωσμένον

86 1977 223 2011 ὑπάρχειν
239 1974 269 2000 τὸ
287 1974 334 2008 τῆς
354 1972 448 2004 οὐσίας
464 1971 530 1998 Υἱοῦ
544 1971 592 1997 καὶ
603 1971 711 2006 Πατρὺς
723 1970 875 2004 ἀδιαίρετον

85 2024 134 2051 καὶ
148 2022 260 2048 ταυτόν.
287 2019 500 2054 Ἐναργέστερον
519 2018 541 2044 5'
561 2019 635 2052 ὅμως
655 2016 695 2043 ἔτι
713 2017 759 2043 καὶ
776 2017 789 2042 ὁ
803 2015 874 2046 θεῖος

85 2070 162 2099 οὗτος
179 2068 307 2102 Μάξιμος
329 2066 451 2092 δείκνυσι
468 2064 581 2098 προῖὼν,
609 2064 656 2089 καὶ
680 2062 729 2096 τῆς
746 2061 873 2096 τεχνικῆς

85 2115 212 2143 ὲνταυῦοῑ
224 2112 399 2148 μεμνημένος
408 2112 512 2144 σοφίας,
522 2109 558 2144 μή
568 2117 609 2141 τις
620 2109 649 2141 ἐξ
657 2107 778 2143 ἀμαθίας
787 2108 875 2133 ὁπωσ-

86 2163 152 2189 ποτῖε
170 2159 320 2194 πλανηθεὶς
342 2157 448 2184 ἐκεῖθεν
465 2155 626 2190 ἐξολισοήσῃ
649 2154 715 2189 πρὸς
735 2152 874 2183 δυσσεϐεῖς

86 2207 248 2242 λογισμοὺς,
264 2204 311 2231 καὶ
337 2203 399 2229 ἀντὶ
417 2202 466 2236 τῆς
489 2201 576 2231 ὅντως
597 2200 691 2234 copia;
707 2200 757 2234 τὴν
773 2200 802 2225 ὲν
818 2199 874 2229 τοῖς

87 2255 220 2287 κτίσμασι
229 2250 356 2286 τεχνικὴν
362 2248 464 2282 δοξάσῃ
474 2248 581 2281 σοφίαν,
589 2245 716 2280 καθάπερ
726 2246 772 2271 καὶ
783 2243 877 2270 οὑτοσὶ

88 2297 224 2332 Πάλαμᾶς
247 2294 387 2330 βεϐλασφή
393 2291 464 2327 μηκέ
477 2299 506 2317 τε
519 2290 653 2325 πρότερον
667 2288 810 2320 πολλάκις,
828 2287 876 2313 καὶ

87 2345 134 2371 νῦν
145 2342 224 2373 αὗϐις
237 2341 279 2375 ἐφ’
288 2340 366 2375 ήμῶν
378 2338 429 2364 οὐκ
440 2337 553 2364 αἰδεῖται
562 2335 671 2370 τολμῶν
681 2335 715 2361 τὰ
723 2334 875 2368 ἀτόλμητα.

86 2389 157 2423 Φησὶ
170 2388 224 2421 γὰρ
234 2385 349 2411 κατόπιν
363 2382 402 2413 ὼς
417 2382 433 2416 ἠ
444 2380 595 2415 λογικὴκαὶ
605 2379 686 2413 νοερὰ
701 2378 781 2413 φύσις
795 2377 878 2411 γινώ-

88 2443 147 2462 σκει
163 2433 199 2460 τὰ
214 2433 351 2466 κτίσματα
364 2428 500 2464 ἀναλήψει
513 2427 564 2460 τῆς
576 2427 606 2453 ἐν
618 2427 710 2457 αὐτοῖς
722 2423 878 2459 θεωρουμέ-

87 2491 134 2517 vn;
155 2479 286 2514 τεχνικῆς
308 2477 406 2511 σοφίας
424 2476 471 2502 καὶ
485 2474 586 2508 γνώσει
605 2473 660 2499 τῶν
675 2474 704 2499 ὲν
720 2471 812 2502 αὐτοῖς
828 2478 878 2505 φυ-

88 2527 172 2554 σικῶν
196 2526 283 2558 λόγων
310 2523 391 2557 ἤτινα
416 2520 448 2555 δὴ
467 2519 596 2554 τεχνικὴν
624 2518 720 2551 σοφίαν
746 2519 878 2551 παρακα-

87 2575 153 2600 τιὼν
168 2571 246 2601 αὖθις
261 2569 343 2599 αὐτὸς
360 2566 442 2602 ψιλὴν
462 2565 509 2591 καὶ
525 2564 716 2591 ἀνυπόστατον
735 2562 765 2589 ἐν
779 2561 819 2596 τῷ
839 2561 877 2596 νῷ

88 2616 294 2651 συνισταμένην
309 2613 405 2648 φησιν,
418 2610 517 2637 οὑτωσὶ
531 2609 602 2636 κατὰ
615 2608 687 2642 λέξιν
698 2607 876 2642 διαγορεύων,

86 2668 127 2693 ὅτι
145 2666 181 2690 τε
209 2662 262 2688 ὑπὸ
279 2660 346 2686 Θεοῦ
363 2658 495 2693 γεγονότα
523 2656 653 2691 γινώσκει
679 2654 727 2681 τὸν
754 2653 821 2680 Θεὸν
844 2655 878 2688 τῇ

86 2709 235 2745 ἀναλήψει,
248 2707 286 2738 ὡς
301 2707 419 2741 εἴρηται,
435 2705 484 2739 τῆς
501 2705 530 2730 ὲν
545 2705 602 2735 τοῖς
618 2702 743 2736 γεγονόσι
759 2701 878 2735 θεωρου-

88 2760 174 2795 μένης
197 2756 328 2791 τεχνικῆς
355 2754 463 2788 σοφίας,
477 2753 538 2788 ἥτις
555 2752 615 2778 ἐστὶ
628 2751 694 2785 ψιλὴ
711 2751 760 2776 καὶ
775 2749 878 2776 ἀνυπό-

89 2812 187 2835 στατος
218 2804 248 2830 ὲν
273 2802 311 2837 τῷ
335 2800 549 2834 νσυνισταμὲνη.
577 2799 630 2824 Καὶ
655 2796 771 2831 ἀλλαχοῦ
797 2796 878 2822 πάλιν

89 2853 192 2883 αὐτὸς(
206 2849 264 2876 Οὐκ
280 2850 313 2875 ὲκ
332 2848 378 2882 τῆς
396 2846 501 2878 οὐσίας,
517 2845 594 2880 φησὶ,
611 2844 655 2870 τὸν
671 2844 736 2870 Θεὸν
749 2842 881 2877 γινώσκο-

924 1556 976 1583 fuit
995 1557 1050 1584 ulla
1066 1557 1248 1591 curiositate;
1274 1559 1302 1586 in
1312 1560 1469 1594 cognitione
1482 1565 1586 1593 autem,
1601 1569 1661 1596 qua:
1679 1564 1706 1590 in

924 1604 1025 1632 creatis
1038 1609 1168 1632 versatur
1177 1605 1389 1639 comprehendit
1403 1607 1485 1634 etiam
1497 1608 1660 1642 sapientiam
1671 1610 1712 1637 di-

923 1649 1006 1677 vinus
1016 1650 1060 1677 hic
1071 1651 1215 1684 Maximus,
1228 1659 1281 1686 qua
1293 1657 1320 1679 et
1337 1652 1363 1679 in
1381 1660 1434 1687 qua
1450 1653 1508 1681 hare
1522 1653 1587 1682 fecit
1600 1656 1712 1689 omnia;

925 1703 986 1723 cum
999 1698 1155 1724 necessaria
1168 1701 1241 1724 esset
1256 1698 1302 1725 tali
1317 1698 1361 1725 hic
1374 1701 1638 1728 commemoratione
1650 1710 1713 1736 pro-

925 1747 986 1777 pter
1008 1742 1188 1774 subslantias,
1210 1747 1240 1769 ut
1253 1743 1291 1770 ibi
1307 1744 1419 1770 silentio
1439 1745 1502 1779 quia
1514 1745 1644 1772 omnibus
1663 1755 1713 1772 no-

926 1793 982 1815 tum
996 1793 1048 1819 est,
1067 1796 1127 1816 esse
1142 1789 1291 1816 essentiam
1310 1789 1372 1816 Filii
1387 1795 1415 1817 et
1430 1790 1521 1818 Patris
1534 1791 1711 1818 indiserctam

924 1840 952 1862 et
967 1835 1101 1861 eamdem.
1114 1834 1223 1861 Clarius
1248 1842 1314 1861 vero
1331 1835 1414 1862 etiam
1437 1835 1548 1863 divinus
1564 1836 1608 1863 hic
1626 1837 1712 1864 Maxi-

926 1888 986 1908 mus
1011 1880 1182 1907 demonstrat
1214 1880 1391 1916 progrediens
1419 1888 1481 1908 cum
1510 1883 1593 1909 etiam
1625 1883 1714 1910 artiﬁ-

925 1927 1007 1955 ciosze
1033 1927 1089 1953 illic
1105 1926 1272 1953 mentionem
1298 1927 1381 1954 faciat
1408 1928 1568 1961 sapientize:
1594 1935 1628 1955 ne
1650 1929 1714 1962 quis

926 1971 1091 2006 ignorantia,
1103 1975 1132 1997 ut
1143 1971 1198 1998 ﬁeri
1213 1971 1291 2000 solet.
1309 1979 1406 1998 errans
1421 1972 1483 1998 inde
1499 1972 1600 1999 incidat
1614 1973 1640 1999 iu
1659 1974 1711 2000 im-

927 2018 984 2052 pias
1004 2017 1224 2044 ratiocinationes
1239 2021 1267 2044 et
1283 2025 1332 2052 pro
1347 2025 1410 2044 vera
1430 2017 1564 2052 sapientia
1581 2019 1712 2046 artiﬁcio-

926 2071 983 2091 sam
1001 2063 1073 2090 illam
1092 2071 1152 2097 qure
1167 2067 1209 2090 est
1233 2063 1259 2090 in
1275 2063 1375 2091 creatis
1393 2064 1522 2098 opinetur
1537 2065 1710 2099 sapientiam,

927 2115 956 2137 ut
970 2110 1051 2137 etiam
1066 2109 1188 2136 Palamas
1203 2109 1248 2136 hic
1264 2113 1292 2136 et
1307 2109 1477 2136 conviciatus
1502 2111 1609 2145 estjam
1625 2117 1706 2138 antea

927 2163 1011 2190 saepe,
1031 2160 1059 2182 et
1076 2163 1151 2182 nunc
1167 2162 1264 2182 rursus
1279 2155 1306 2181 in
1322 2154 1402 2181 nobis
1416 2162 1471 2181 non
1485 2155 1568 2189 pudet
1584 2163 1646 2183 eum
1662 2164 1711 2182 an-

929 2202 993 2229 dere
1015 2202 1122 2228 inausa.
1150 2201 1196 2227 Ait
1221 2200 1295 2228 cnim
1324 2206 1402 2235 post:
1428 2200 1544 2227 Ratione
1572 2206 1600 2228 et
1622 2206 1714 2229 mente

929 2247 1044 2284 praedita
1069 2251 1167 2273 natura
1191 2246 1332 2280 cognoscit
1352 2251 1444 2273 creata
1466 2247 1713 2281 comprehensione

928 2293 1125 2321 animadversa
1144 2292 1171 2319 in
1195 2293 1229 2320 iis
1253 2292 1407 2320 artiﬁciosa:
1432 2293 1574 2327 sapientiae
1589 2293 1671 2327 329
1684 2298 1712 2320 et

928 2340 1085 2375 cognitione
1101 2339 1267 2366 naturalium
1283 2346 1344 2374 qua:
1372 2339 1398 2365 in
1425 2338 1459 2365 iis
1476 2343 1540 2365 sunt
1554 2339 1690 2365 rationum
1706 2348 1712 2364 :

929 2393 1010 2421 quam
1026 2385 1137 2420 quidem
1165 2385 1326 2419 sapientiam
1354 2383 1529 2411 artiﬁciosam
1554 2385 1634 2418 paulo
1653 2390 1714 2418 post

930 2438 1028 2459 rursus
1050 2430 1110 2464 ipse
1136 2434 1247 2456 tenuem
1276 2433 1302 2455 et
1331 2428 1490 2455 substantia:
1518 2434 1658 2462 expertem
1685 2429 1713 2456 in

929 2481 1022 2504 mente
1045 2475 1224 2509 compositam
1250 2473 1329 2506 dicit,
1359 2473 1412 2500 hoc
1434 2474 1515 2500 modo
1539 2473 1572 2500 ad
1599 2475 1713 2502 verbum

930 2527 1072 2549 statuens:
1099 2527 1161 2555 qua:
1176 2527 1191 2546 a
1207 2520 1263 2546 Deo
1289 2519 1359 2546 facta
1376 2518 1432 2545 sint
1443 2525 1610 2553 cognoscere
1627 2519 1710 2546 Deum

930 2566 1189 2602 comprehensione,
1205 2564 1338 2592 utdietutn
1369 2568 1421 2596 est,
1434 2564 1629 2592 animadversa:
1640 2566 1666 2592 in
1680 2566 1713 2593 iis

930 2619 992 2647 qua:
1007 2611 1078 2639 facta
1095 2614 1162 2637 sunt
1178 2609 1334 2636 artiﬁciosa:
1349 2608 1506 2642 sapientiae,
1528 2616 1589 2643 qua:
1603 2610 1712 2643 quidem

929 2663 972 2686 est
996 2657 1085 2685 tennis
1099 2660 1127 2683 et
1144 2655 1302 2682 substantia:
1325 2661 1422 2689 expers
1446 2654 1473 2680 in
1497 2658 1588 2681 mente
1604 2662 1717 2689 compo-

931 2703 1036 2731 sita.Et
1047 2702 1110 2729 alibi
1127 2709 1223 2729 rursus
1239 2701 1326 2728 idem:
1341 2699 1413 2727 tNon
1430 2708 1463 2727 cx
1476 2700 1604 2729 essentia.
1617 2701 1718 2736 inquit,

931 2749 1017 2777 Deum
1034 2748 1235 2784 cognoscimus,
1254 2748 1300 2776 sed
1324 2755 1339 2774 e
1355 2746 1557 2783 magniﬁcentia
1583 2751 1611 2773 et
1625 2747 1717 2781 provi-

932 2795 1024 2822 dentia
1042 2801 1144 2821 rerum.
1169 2793 1207 2820 Ex
1222 2794 1263 2820 his
1276 2794 1349 2821 enim
1367 2799 1396 2820 ul
1413 2800 1427 2820 e
1444 2791 1564 2827 speculis
1584 2791 1718 2818 inﬁnitam

931 2841 1080 2869 bonitatem
1093 2845 1120 2868 et
1135 2841 1295 2875 sapientiam
1309 2845 1336 2868 et
1350 2842 1403 2867 vim
1425 2838 1626 2874 intelligimus.)
1659 2837 1722 2866 Haec
