1909 3064
219 116 274 147 295

802 111 1010 142 NICEPUURI
1039 111 1059 140 Ο
1067 112 1229 142 REGOR/E

1793 113 1847 144 2.6

216 173 385 206 liberamque
403 171 505 198 habent
534 171 675 198 notionem
694 178 701 196 :
717 176 779 204 qua:
808 174 899 196 autem
935 169 1005 196 refe-

1059 169 1079 196 5‘
1103 169 1258 204 ἀναφορικά
1276 170 1343 204 πρὸς
1365 170 1467 206 ἄλληλά
1491 170 1521 196 τέ
1543 171 1612 202 ἐστι,
1631 171 1676 196 καὶ
1692 173 1724 205 τῇ
1745 172 1848 205 μεταξὺ

219 222 318 244 runtur
335 219 408 244 inter
421 225 450 244 se
466 222 494 243 et
515 216 608 243 habitu
642 221 739 242 mtttuo
767 215 912 251 conjuncta
944 220 1008 242 sunt

217 271 308 298 neque
327 263 381 291 ullo
395 263 476 290 modo
489 263 651 290 conceditur
669 262 703 289 iis
735 266 764 289 ut
783 261 941 289 liberiorem
958 261 1008 290 ha-

218 309 302 336 beant
314 308 539 343 signiﬁcationem
555 316 563 342 ;
578 313 608 334 ut
622 308 705 343 igitur
720 308 802 335 Pater
820 313 862 335 est
877 308 1007 341 essentia,

219 355 304 382 Filius
321 355 450 386 essentia,
471 355 591 389 Spiritus
607 359 721 381 sanctus
744 355 875 384 essentia.
891 354 928 381 ita
963 354 1009 381 Pa-

219 405 261 428 ter
275 400 356 428 etiam
375 401 520 435 sapientia,
542 400 624 437 334
638 400 725 427 Filius
746 399 892 434 sapientia,
921 399 1009 434 Spiri-

219 452 263 474 tus
276 452 386 475 sanctus
405 448 539 482 sapientia
555 456 562 473 :
577 447 715 481 simulque
736 446 870 480 sapientia
889 454 953 476 una.
979 450 1010 473 ut

217 494 336 522 essentia
351 502 414 524 una.
436 501 526 528 neque
549 501 615 520 vero
629 493 771 527 sapientiae
786 497 860 524 tres,
876 497 905 520 ut
921 500 1009 527 neque

218 545 272 566 tres
289 539 426 566 essenti:e.
449 539 517 566 Cum
536 539 618 573 igitur
639 538 726 566 Filius
741 538 829 565 dicit:
849 548 858 563 ‹
876 538 932 572 Ego
948 546 1008 565 sum

217 585 360 619 sapientia,
378 594 386 610 ι
412 590 439 612 et
469 592 565 612 rursus
591 584 740 619 Apostolus
759 593 766 613 :
785 594 794 609 ‹
818 584 944 612 Christus
961 584 1009 611 Dei

218 631 339 666 potentia
357 635 385 658 et
405 631 451 658 Dei
480 631 626 665 sapientia,
652 640 661 656 ι
680 635 710 658 ut
736 639 770 658 ex
796 631 875 658 Patre
894 631 939 665 qui
968 636 1010 658 est

219 678 341 712 potentia
359 682 388 704 et
401 677 548 711 sapientia,
572 676 682 710 genitus
699 677 847 710 cogitatur,
878 682 907 704 ut
922 676 968 704 lux
994 684 1010 704 e

217 724 290 753 luce.
312 727 340 749 et.
356 723 453 748 lteusc
468 722 533 749 Deo.
543 722 601 754 Quo
614 722 695 756 igitur
710 721 859 757 impietatis
875 730 929 749 non
945 731 1009 757 pro-

217 771 306 801 cedit,
327 770 373 804 qui
413 770 532 800 dixerit.
560 770 643 796 Deum
673 777 733 797 esse
762 771 936 805 suppositum
967 779 1010 799 sa-

218 815 327 850 pientia:
353 819 482 849 tanquam
498 815 647 847 accidenti,
667 824 754 849 neque
768 816 931 851 sapientiam
947 825 1009 844 esse

217 862 308 896 potius
334 861 500 893 essentiam;
525 869 615 896 neque
649 862 735 888 Deum
757 870 828 889 esse
856 867 886 888 ut
917 870 1010 890 essen-

218 910 283 936 tiam
296 917 385 941 suam,
401 909 436 935 ita
453 908 535 935 etiam
558 908 720 942 sapientiam
735 916 824 942 suam,
844 909 891 937 sed
921 910 948 936 in
974 918 1008 937 co

218 959 248 981 ut
260 954 286 981 in
303 953 447 989 supposito
465 961 595 987 tanquam
616 953 792 981 artiﬁciosam
808 955 887 982 istam
901 956 1010 990 sapien—

218 1000 282 1027 tiam
296 1000 322 1026 in
335 1001 430 1026 animo
457 1000 592 1026 humano?
620 1000 678 1026 lloc
706 1001 778 1026 enim
809 1001 897 1028 facere
924 1002 1008 1029 etiam

218 1053 333 1081 magnus
344 1045 511 1072 Athanasius
531 1045 641 1078 regulas
656 1051 683 1072 et
702 1045 776 1080 leges
801 1047 1009 1081 philosophicas

218 1091 343 1118 veritatis
360 1096 472 1117 secutus
501 1090 581 1117 valde
608 1094 694 1122 vetat,
716 1090 868 1124 impietatis
894 1091 1009 1125 partici-

218 1145 266 1171 pes
282 1137 373 1163 reddit
388 1141 490 1163 sectam
512 1144 607 1163 eorum
622 1141 744 1168 secutos,
764 1136 810 1170 qni
842 1137 869 1163 in
882 1137 938 1163 Deo
968 1137 1009 1163 di—

217 1187 280 1210 cant
291 1190 351 1209 esse
379 1182 540 1216 sapientiam
577 1185 607 1208 ut
634 1181 758 1208 habitum
783 1182 955 1209 aecidentem
981 1186 1009 1209 et

218 1238 274 1256 non
294 1230 475 1261 accidentetu,
493 1236 581 1263 neque
610 1236 675 1255 vero
693 1229 782 1263 ipsum
809 1236 872 1256 esse
900 1229 1009 1263 sapien-

218 1275 294 1302 liam.
309 1274 359 1301 llic
374 1275 455 1308 igitur
478 1282 540 1301 cum
571 1274 705 1308 sapientia
732 1273 766 1300 sit
784 1272 895 1308 duplex,
924 1276 1008 1300 altera

216 1328 315 1348 creans
334 1325 362 1347 et
381 1321 466 1354 prima
481 1326 508 1347 et
526 1319 639 1352 faciens,
658 1321 742 1347 altera
769 1325 871 1351 creata,
889 1319 1008 1354 itemque

217 1366 302 1391 altera
341 1365 511 1399 excogitatas.
540 1365 624 1391 altera
655 1365 817 1399 excogitata,
847 1364 909 1391 dein
943 1365 1007 1391 item

216 1411 303 1438 altera
326 1418 525 1445 progenerans,
568 1409 653 1436 altera
691 1409 799 1441 eﬁecta,
826 1410 952 1444 sequitur
979 1414 1009 1437 ut

217 1458 290 1483 illius
312 1456 423 1490 quidem
444 1456 480 1483 sit
496 1456 603 1490 genitor
617 1460 646 1483 et
663 1456 743 1482 Pater
757 1456 840 1486 Dens.
866 1456 948 1490 hujus
961 1463 1009 1482 au-

218 1508 272 1529 tem
286 1502 382 1529 artifex
399 1506 427 1529 et
446 1506 567 1534 creator,
585 1506 612 1528 et
637 1507 666 1528 ut
685 1506 830 1536 propterea
851 1502 947 1528 harum
973 1501 1008 1528 sit

217 1549 302 1576 altera
318 1548 441 1574 essentia
460 1547 626 1581 sempiterna
640 1552 668 1574 et
690 1547 801 1574 immota
835 1551 863 1574 et
879 1547 1007 1574 immuta-

217 1593 292 1624 bilis,
314 1600 376 1620 cum
388 1597 513 1627 oporteat
534 1600 597 1619 esse
627 1593 740 1619 omnino
771 1593 919 1619 essentiam
946 1600 1008 1627 quze

217 1639 347 1666 universa
359 1639 476 1672 primum
497 1643 605 1664 moveat
636 1638 778 1664 immotam
804 1642 831 1665 et
851 1645 899 1672 per
923 1645 953 1664 se
979 1643 1007 1665 et

217 1683 413 1718 peraccideus,
440 1683 528 1710 altera
557 1688 648 1709 autem
673 1691 782 1717 semper
808 1682 950 1710 mutabilis
980 1686 1008 1710 et

217 1730 326 1757 mobilis
342 1735 369 1756 et
402 1736 511 1763 semper
540 1733 613 1755 mota
637 1729 790 1756 secundum
821 1729 927 1755 similes
958 1727 1005 1763 qui

218 1776 245 1803 in
263 1776 430 1804 creationem
444 1781 471 1802 et
490 1777 638 1802 essentiam
654 1780 682 1802 et
707 1775 834 1802 ordinem
860 1775 929 1802 ﬁunt
942 1782 1006 1809 pro-

217 1825 317 1848 ventus
332 1829 428 1848 eortun
442 1828 502 1855 qua:
511 1820 591 1855 335
603 1819 674 1855 apud
692 1827 742 1847 nos
768 1824 843 1852 sunt,
872 1825 899 1847 et
915 1820 1002 1847 inter-

217 1868 282 1895 dqu
306 1875 338 1894 ex
356 1867 471 1894 monade
485 1867 598 1893 deﬁnita
613 1867 639 1893 in
669 1866 856 1896 multitudinis
884 1866 1006 1893 inﬁnita-

218 1919 272 1940 tem
303 1913 434 1948 proeedat
472 1913 655 1944 indelinitam;
688 1912 828 1939 interdum
854 1917 945 1939 autem
973 1920 1007 1939 ex

218 1960 321 1986 unitate
334 1959 445 1986 deﬁnita
460 1960 612 1986 secundutn
628 1959 832 1993 oppositionem
848 1958 882 1984 ad
913 1958 1005 1984 inﬁni.

218 2010 301 2032 tatem
319 2007 426 2032 recedat
438 2005 619 2031 indeﬁnitum.
639 2004 755 2031 Generis
770 2004 843 2031 enim
862 2003 1005 2038 cujusdam

216 2051 342 2078 obtinere
357 2056 384 2078 et
400 2051 516 2078 rationis
532 2051 622 2077 locum
640 2050 723 2077 etiam
741 2049 920 2076 artiﬁciosam
934 2049 1005 2075 hanc

216 2095 376 2129 sapientiam
393 2095 523 2126 dixerunt
538 2100 644 2122 \‘eleres
653 2094 809 2129 philosophi
825 2099 852 2121 et
869 2094 1005 2128 theologi;

217 2145 299 2174 atque
316 2145 346 2167 ut
363 2148 452 2175 neque
474 2149 559 2176 genus
571 2141 666 2167 abesse
682 2145 771 2175 potest
789 2140 823 2167 ab
840 2140 874 2167 iis
888 2147 1005 2174 quarum

1060 216 1227 250 συνδεόμενα
1241 216 1331 251 σχέσει
1347 217 1447 251 ἄφετον
1462 217 1534 252 ἔχειν
1544 218 1648 252 οὐδαμῆ
1664 218 1849 252 συγχωρεῖται

1058 262 1108 296 τὴν
1120 262 1268 296 σημασίαν.
1287 262 1394 297 Ὠσπερ
1413 260 1460 289 οὖν
1482 263 1561 289 οὐσία
1583 263 1596 288 ὁ
1617 263 1723 297 Πατὴρ,
1739 263 1818 288 obsiet
1835 263 1850 288 ὁ

1059 308 1133 340 Υἱὸς.
1149 309 1227 336 οὐσία
1244 309 1274 335 τὸ
1291 308 1401 342 Πνεῦμα
1417 308 1447 335 τὸ
1465 309 1552 342 ᾶγιον,
1568 307 1656 339 οὕτως
1676 308 1730 342 ἄρα
1743 309 1790 334 καὶ
1805 316 1850 334 σο-

1060 354 1109 389 φία
1129 355 1144 380 ὁ
1162 354 1266 389 Πατὴρ,
1284 353 1365 388 σοφία
1383 355 1397 380 6
1424 354 1498 385 Υἱὸς,
1519 353 1599 388 σοφία
1622 353 1653 380 τὸ
1680 353 1792 388 Πνεῦμα
1817 353 1850 379 τὸ

1059 400 1137 434 ἅγιον
1147 407 1154 415 ·
1169 399 1216 426 καὶ
1227 399 1295 433 apo-3
1309 399 1358 433 μία
1369 398 1449 432 σοφία
1460 398 1498 429 ὡς
1508 398 1557 432 μία
1568 398 1657 429 οὐσία,
1675 398 1722 423 καὶ
1732 397 1763 423 οὐ
1773 397 1850 431 τρεῖς

1061 446 1154 480 σοφίαι
1169 445 1264 480 ὥσπερ
1279 444 1339 471 οὐδὲ
1356 445 1432 479 τρεῖς
1457 443 1557 471 οὐσίαι.
1574 443 1659 470 Ὅταν
1684 443 1731 470 οὖν
1749 444 1764 470 ὁ
1785 442 1851 474 Υίδς

1059 491 1138 526 λέγῃ,
1158 500 1167 516 ι
1189 490 1261 524 Ἐγώ
1276 491 1334 525 εἰμι
1350 491 1366 524 ἡ
1383 489 1476 524 σοφία,
1497 498 1506 514 ι
1529 489 1577 516 καὶ
1590 489 1625 516 αὖ
1640 490 1653 515 ὁ
1674 489 1848 521 ’Δτιὸστολος,

1063 546 1072 563 ι
1089 537 1207 572 Χριστὸς
1231 535 1298 563 θεοῦ
1323 535 1437 569 δύναμις
1459 536 1506 562 καὶ
1524 535 1593 562 Θεοῦ
1621 534 1713 568 σοφία,
1731 544 1740 560 ι
1762 535 1799 566 ὡς
1817 536 1850 561 ἐκ

1064 584 1170 617 Πατρ³ς
1183 584 1327 618 δυνάμεως
1345 583 1421 615 Even;
1446 584 1495 611 καὶ
1515 584 1611 618 σοφίας
1626 584 1738 614 νοεῖται,
1755 582 1850 617 ὥσπερ

1060 629 1118 663 φῶς
1133 631 1164 656 ὲκ
1182 629 1271 664 φωτὸς
1282 630 1330 656 καὶ
1344 629 1410 660 Θεὸς
1429 629 1461 655 ἐκ
1475 629 1554 656 Θεοῦ.
1574 629 1628 655 Ποῦ
1646 629 1736 656 τοίνυν
1753 629 1802 655 οὐκ
1817 629 1850 655 ἂν

1061 675 1186 707 ἀσεὸεἰας
1206 675 1312 702 ἐλαύνοι
1332 675 1379 701 τὸν
1392 674 1458 701 Θεὸν
1472 675 1636 702 ὑποκεῖσθαι
1651 675 1741 710 λέγειν
1755 676 1787 710 τῇ
1805 684 1852 701 σο-

1061 722 1111 756 φίᾳ
1126 721 1250 755 καθάπερ
1266 721 1462 756 συμεεῆηκότι,
1480 722 1527 748 καὶ
1545 721 1581 756 μὴ
1597 720 1668 748 εἶναι
1688 721 1788 756 μᾶλλον
1800 721 1850 756 τὴν

1063 768 1159 802 σοφίαν
1180 767 1285 799 οὐσίαν,
1303 768 1371 802 μηδὲ
1389 768 1435 794 τὸν
1447 767 1514 794 Θεὸν
1528 765 1610 798 εἶναι,
1628 767 1723 802 ὥσπερ
1740 768 1788 802 τὴν
1803 768 1850 794 οὐ-

1064 813 1125 839 σίαν
1143 813 1236 846 αὑτοῦ,
1254 813 1324 840 οὕτω
1339 814 1386 840 καὶ
1398 814 1447 849 τὴν
1460 814 1557 848 σοφίαν
1573 813 1666 846 αὐτοῦ,
1683 814 1742 840 ἀλλ’
1757 815 1786 840 ὲν
1801 814 1852 840 αὺ-

1062 859 1100 893 τῷ
1109 859 1145 891 ὡς
1157 861 1185 885 ὲν
1200 860 1383 894 ὑποκειμένῳ,
1397 860 1525 896 καθάπερ
1536 861 1586 896 τὴν
1600 861 1728 895 τεχνικὴν
1735 861 1850 895 ταυτηνὶ

1062 906 1160 939 σοφίαν
1178 906 1207 931 ἐν
1218 905 1374 941 ἀνθρωπίνῃ
1386 905 1479 941 ψυχῇ;
1495 907 1582 934 Τοῦτο
1603 908 1656 943 γὰρ
1671 907 1719 933 καὶ
1732 908 1746 933 ὁ
1763 908 1850 942 μέγας

1067 952 1237 983 Ἀθανάσιος,
1259 952 1354 978 κανόσι
1368 953 1416 979 καὶ
1428 953 1521 988 νόμοις
1535 954 1760 988 ὶπιστημονικοῖς
1781 953 1849 988 ἀλη-

1061 998 1136 1029 θείας
1154 998 1298 1032 ἑπόμενος,
1311 997 1370 1024 λίαν
1388 998 1556 1034 ἀπαγορεύει
1572 999 1620 1025 καὶ
1634 1000 1762 1031 ἀσεὸείας
1777 1000 1849 1026 ἀπο-

1061 1044 1157 1079 κληροί
1169 1044 1330 1076 θιασώταις,
1346 1045 1412 1078 περὶ
1424 1045 1469 1071 τὸν
1484 1045 1550 1071 Θεδν
1565 1043 1635 1072 εἶναι
1649 1045 1783 1077 φάσκουσι
1799 1046 1849 1080 τὴν

1061 1090 1156 1123 σοφίαν
1170 1090 1208 1121 ὡς
1223 1089 1279 1121 ἕξιν
1293 1090 1500 1123 συμϐαίνουσαν
1512 1091 1560 1117 καὶ
1575 1091 1848 1124 ἀποσυμσαίνουσανι

1060 1135 1108 1160 καὶ
1125 1134 1230 1168 οὐδαμῆ
1247 1142 1278 1168 γε
1302 1134 1401 1167 σοφίαν
1424 1135 1514 1161 αὐτόν.
1534 1135 1637 1170 Διπλῆς
1658 1135 1777 1162 ἐνταῦθα
1792 1145 1848 1162 τοι·

1059 1180 1163 1216 Υαροῧν
1178 1181 1228 1216 τῆς
1242 1180 1338 1214 σοφίας
1355 1180 1449 1214 οῡσης,
1467 1181 1517 1212 τῆς
1533 1182 1582 1215 μὲν
1602 1181 1802 1216 δημιουργικῆς
1818 1191 1848 1208 τε

1059 1229 1106 1253 καὶ
1131 1227 1248 1261 ἀρχικῆς
1268 1227 1316 1253 καὶ
1343 1226 1500 1261 ποιητικῆς,
1515 1228 1564 1261 τῆς
1586 1227 1615 1254 δὲ
1630 1228 1850 1263 δημιουργουμέ-

1059 1281 1118 1308 νης,
1133 1273 1181 1298 καὶ
1195 1272 1245 1306 τῆς
1272 1273 1320 1307 μὲν
1336 1273 1511 1307 σοφιζούσης,
1538 1271 1587 1308 τῆς
1609 1274 1637 1300 δὲ
1655 1274 1847 1308 σοφιζομένης,

1059 1319 1107 1344 καὶ
1121 1319 1170 1354 τῆς
1186 1319 1236 1352 μὲν
1259 1319 1448 1353 γεννωμένης.
1467 1319 1516 1353 τῆς
1531 1318 1560 1344 δὲ
1586 1319 1764 1354 ποιουμένης,
1781 1319 1849 1346 ἒπε-

1060 1373 1105 1390 ται
1120 1365 1167 1398 τῆς
1181 1363 1213 1399 [ί.
1231 1364 1281 1391 152
1296 1363 1334 1399 r.]
1345 1364 1394 1398 μὲν
1411 1361 1480 1391 εἶναι
1497 1365 1647 1399 γεννήτορα
1662 1365 1708 1390 τὸν
1723 1364 1788 1391 Θεδν
1800 1365 1850 1392 καὶ

1060 1405 1182 1445 Πατέρα,
1200 1411 1251 1442 τῆς
1265 1410 1293 1436 δὲ
1321 1411 1438 1445 ποιητὴν
1452 1412 1498 1437 καὶ
1519 1411 1700 1446 δημιουργὸν,
1713 1411 1760 1437 καὶ
1777 1401 1849 1440 εἷναί

1059 1457 1102 1484 διὰ
1118 1456 1205 1483 ταῦτα
1217 1457 1265 1483 καὶ
1283 1456 1384 1483 τούτων
1400 1457 1450 1491 τὴν
1472 1457 1521 1492 μὲν
1544 1457 1638 1484 οὐσίαν
1656 1458 1743 1484 ἀΐδιόν
1757 1467 1785 1484 τε
1801 1460 1849 1486 καὶ

1023 1513 1044 1542 c
1060 1505 1196 1539 ἄτρεπτον
1210 1504 1257 1530 καὶ
1282 1503 1413 1536 ἀκίνητον
1429 1503 1494 1539 (δεῖν
1512 1503 1566 1538 γὰρ
1586 1501 1657 1530 εἶναι
1671 1505 1849 1532 παντάπασιν

1057 1548 1107 1583 τὴν
1124 1549 1157 1574 τὰ
1185 1548 1274 1575 πάντα
1298 1548 1416 1583 πρώτως
1445 1549 1578 1575 κινοῦσαν
1605 1549 1700 1576 οὐσίαν
1717 1550 1849 1584 ἀκίνητον

1057 1593 1119 1620 καθ’
1135 1593 1202 1620 αὑτό
1219 1602 1249 1619 τε
1267 1593 1325 1628 ἃμα
1338 1594 1386 1620 καὶ
1401 1594 1472 1620 κατὰ
1486 1594 1684 1630 συμϐεϐηκὸς),
1705 1595 1757 1630 τὴν
1768 1596 1790 1622 δ’
1804 1597 1849 1624 ἀεὶ

1058 1640 1179 1675 τρεπτὴν
1203 1641 1250 1667 καὶ
1277 1640 1426 1675 ἀλλοιωτὴν
1442 1642 1489 1667 καὶ
1512 1641 1556 1669 ἀεὶ
1584 1642 1748 1678 κινουμένην
1777 1644 1849 1671 κατὰ

1057 1685 1106 1713 τὰς
1124 1684 1164 1714 εἰς
1189 1684 1297 1717 γένεσιν
1321 1684 1369 1710 καὶ
1384 1685 1512 1711 οὺσίωσιν
1527 1686 1574 1711 καὶ
1595 1685 1675 1718 τάξιν
1697 1688 1849 1721 ἀναλόγους

1060 1730 1190 1765 προόδους
1205 1730 1258 1755 τῶν
1275 1729 1336 1756 καθ’
1349 1731 1433 1765 ἡμᾶς,
1450 1731 1497 1756 καὶ
1513 1731 1561 1757 νῦν
1582 1732 1631 1766 μὲν
1644 1732 1674 1765 ἐξ
1689 1733 1848 1768 ὡρισμένης

1060 1776 1174 1809 μονάδος
1202 1776 1241 1807 είς
1267 1777 1387 1812 πλήθους
1411 1777 1540 1812 ἀπειρίαν
1555 1778 1684 1805 ἀνιοῦσαν
1709 1779 1846 1813 ἀξριστον,

1057 1822 1106 1848 νῦν
1121 1822 1144 1848 δ’
1160 1821 1188 1855 ἐξ
1204 1823 1361 1857 ὡρισμένης
1383 1822 1510 1857 ὁλότητος
1533 1824 1593 1849 κατ’
1615 1812 1846 1861 ἀντιπεπόνθησιν

1058 1869 1126 1903 πρὸς
1140 1869 1270 1903 ἀπειρίαν
1279 1868 1430 1896 κατιοῦσαν
1446 1870 1585 1905 ἀόριστον.
1599 1870 1698 1902 Γένους
1710 1872 1766 1906 γάρ
1774 1881 1847 1904 τινος

1058 1915 1168 1949 ὲπέχειν
1195 1915 1242 1941 καὶ
1268 1915 1339 1947 ίδέας
1355 1915 1438 1942 τόπον
1454 1915 1501 1942 καὶ
1520 1917 1569 1950 τὴν
1595 1917 1724 1952 τεχνικὴν
1743 1918 1846 1954 ταῦτην

1059 1961 1156 1994 σοφίαν
1170 1960 1277 1995 ἔφασαν
1300 1961 1324 1987 οἱ
1341 1961 1424 1988 πάλαι
1440 1962 1673 1997 φιλοσοφήσαντες
1688 1963 1736 1989 καὶ
1758 1964 1848 1990 θεολο-

1058 2007 1203 2042 γήσαντες.
1220 2007 1276 2034 Καὶ
1289 2008 1325 2038 ὡς
1342 2007 1404 2034 οὗτε
1418 2008 1449 2035 τὸ
1461 2008 1539 2043 γένος
1558 2009 1671 2036 ἀπεῖναι
1683 2010 1799 2037 δυνατὸν
1810 2009 1847 2037 ὧν

1057 2053 1115 2079 ἐστι
1128 2052 1205 2086 γένος
1222 2053 1299 2079 εἰδῶν
1314 2053 1361 2079 καὶ
1376 2054 1497 2089 ἀτόμων,
1520 2053 1577 2081 οὒτ’
1590 2052 1624 2082 αὖ
1645 2055 1695 2089 τὴν
1711 2055 1785 2082 ίδέαν
1804 2056 1848 2082 οὖ-

1058 2106 1108 2123 σαν
1122 2097 1216 2123 οὐσίαν
1228 2093 1266 2123 ὧν
1279 2098 1354 2123 ἐστιν
1369 2097 1426 2123 ἰδέα
1440 2099 1622 2133 πραγμάτων,
1633 2099 1719 2130 οὕτως
1729 2100 1789 2127 οὐδὲ
1802 2101 1848 2135 τὴν

1056 2143 1184 2177 τεχνικὴν
1201 2143 1298 2176 σοφίαν
1317 2144 1401 2178 χωρὶς
1419 2142 1491 2171 εἶναι
1511 2145 1565 2171 τῶν
1582 2146 1644 2172 καθ’
1665 2146 1770 2173 ἕκαστα
1788 2149 1849 2173 ταύ-

216 2192 259 2213 est
272 2186 462 2220 genusl'ormis
477 2191 505 2213 et
517 2186 626 2218 atomis,
653 2193 742 2220 neque
768 2186 837 2212 ratio
867 2193 928 2220 qua:
960 2191 1004 2212 est

1059 2197 1107 2223 της
1136 2189 1214 2216 είδῶν
1231 2188 1278 2214 καὶ
1306 2190 1426 2224 ἀτόμων,
1445 2191 1475 2216 οὗ
1508 2192 1610 2226 μᾶλλόν
1630 2192 1655 2226 γ’
1672 2194 1704 2219 ἂν
1729 2193 1745 2228 ἢ
1764 2194 1797 2220 τὰ
1820 2195 1848 2220 ἐν

216 2231 335 2267 essentia
350 2231 384 2257 ab
405 2232 448 2264 iis,
464 2239 581 2265 quarum
604 2235 646 2258 est
662 2233 732 2257 ratio
754 2231 848 2264 rebus,
864 2231 902 2257 ita
916 2238 1007 2266 neque

216 2277 392 2303 οτιὶίὶοῑοει-ιη
412 2277 574 2310 sapientiam
589 2276 742 2311 sejunctam
771 2283 831 2304 esse
862 2283 877 2303 a
892 2276 1007 2311 quibus-

216 2331 270 2356 que
286 2322 365 2357 hujus
381 2321 476 2349 l‘ormis
488 2327 516 2349 et
531 2323 630 2349 atomis
649 2330 657 2349 :
674 2330 729 2349 non
743 2323 827 2357 magis
856 2330 937 2358 quam
958 2329 1006 2350 su-

217 2368 342 2403 perﬁcies
354 2375 511 2402 corporum,
523 2376 592 2403 quas
604 2373 631 2396 et
645 2369 717 2403 ipsas
729 2377 782 2396 non
799 2376 859 2396 esse
885 2377 1003 2404 unquam

217 2422 265 2448 per
277 2421 306 2440 sc
320 2414 422 2440 scimus
442 2413 499 2440 sive
513 2414 662 2449 suppositis
678 2422 795 2449 qttorum
823 2420 888 2442 sunt
910 2422 1006 2449 super-

217 2459 301 2485 tieies.
324 2459 425 2485 Omnes
436 2459 520 2494 igitur
532 2460 656 2486 scientia:
684 2463 713 2486 et
729 2463 803 2486 artes
817 2460 957 2494 sapientes
970 2467 1004 2486 ex

216 2496 267 2533 hac
292 2514 340 2541 sap
353 2507 428 2533 entia
460 2506 610 2533 artiﬁciosa
633 2506 763 2541 pendent,
796 2507 871 2533 velut
901 2507 1003 2534 diversi

214 2552 312 2579 radicis
338 2553 419 2579 unius
435 2553 504 2579 rami
527 2557 575 2580 :et
591 2557 621 2579 ut
636 2552 709 2579 Deus
735 2556 777 2579 est
797 2553 921 2579 omnium
951 2560 1005 2580 aus

213 2602 274 2625 ctor
289 2603 317 2625 et
345 2598 503 2633 progenitor
519 2619 527 2631 ,
547 2598 585 2625 ita
605 2598 688 2624 etiam
712 2597 794 2632 hujus
818 2605 851 2624 ex
879 2605 932 2632 qua
963 2597 1002 2624 illi

211 2644 344 2678 pendent.
359 2645 541 2677 Quatuobrem
560 2644 597 2670 ibi
619 2643 732 2679 quidem
759 2644 918 2679 conjunctio
943 2651 1004 2670 tnu-

213 2695 258 2717 tua
275 2695 303 2716 et
319 2686 418 2717 relatio
443 2691 532 2717 locum
565 2690 674 2717 obtinet
710 2695 739 2717 ut
769 2690 907 2724 propriam
944 2690 998 2716 vim

212 2737 326 2762 ontuiuo
336 2737 471 2763 sinceram
490 2742 590 2768 servet.
609 2745 671 2763 cum
684 2737 740 2764 sint
753 2737 875 2771 ejusdem
891 2736 1000 2770 generis

211 2782 275 2807 etid
289 2783 360 2816 quod
374 2782 508 2808 dividitur
534 2787 562 2809 ct
578 2790 609 2809 ea
645 2783 671 2808 in
695 2789 755 2816 qua:
780 2782 933 2810 dividitur;
956 2782 1000 2808 hic

208 2833 300 2854 autem
321 2829 365 2854 illa
380 2836 441 2855 eum
460 2828 515 2855 sint
534 2837 622 2863 usque
647 2829 680 2855 ad
697 2829 783 2855 solam
811 2836 904 2855 vocem
931 2830 997 2855 arti-

1058 2235 1169 2270 σώμασι
1190 2235 1336 2270 χρώματα,
1360 2236 1378 2262 ὂ.
1395 2237 1441 2262 καὶ
1456 2237 1526 2264 αὐτὰ
1543 2238 1581 2272 μὴ
1602 2236 1672 2265 εἷναί
1695 2248 1761 2265 ποτε
1786 2241 1846 2266 καο“

1057 2281 1128 2308 αὐτὰ
1141 2281 1219 2314 ἴσμεν
1229 2281 1294 2308 ἄνευ
1304 2278 1341 2308 ὧν
1353 2282 1425 2308 ἐστιν
1435 2283 1626 2318 ὑποκειμένων
1635 2285 1779 2320 χρώματα.
1793 2287 1849 2312 Πᾶ-

1057 2335 1103 2354 σαι
1119 2327 1210 2353 τοίνυν
1226 2327 1378 2362 ἐπιστῆμαι
1389 2327 1436 2354 καὶ
1448 2329 1540 2362 τέχναι
1558 2331 1639 2362 σοφαὶ
1651 2330 1698 2364 τῆς
1717 2332 1847 2365 τεχνικῆς

1055 2372 1157 2407 ταύτης
1175 2373 1271 2407 σοφίας
1290 2373 1463 2409 ὲξήρτηνται,
1480 2374 1608 2410 καθάπερ
1629 2375 1746 2411 διάφορα
1768 2378 1847 2412 ῥίζης

1058 2419 1121 2453 μιᾶς
1137 2418 1327 2454 βλαστήματα.
1339 2420 1392 2446 Kal
1404 2420 1479 2446 ἐστιν
1494 2419 1589 2455 ὥσπερ
1598 2421 1702 2448 τούτων
1716 2422 1846 2448 ἁπάντων

1059 2465 1145 2495 αἴτιος
1156 2465 1201 2490 καὶ
1220 2465 1400 2500 προαγωγεὺς
1415 2465 1429 2491 ὁ
1439 2465 1516 2497 Θεὸς,
1529 2466 1600 2493 οὕτω
1616 2467 1663 2493 καὶ
1677 2467 1782 2502 ταύτης
1799 2468 1847 2501 ἀφ’

1054 2507 1087 2546 ἧς
1097 2511 1198 2538 ἐκεῖνα.
1207 2511 1374 2546 Διόπερὲκεῐ
1386 2512 1435 2546 μὲν
1452 2512 1469 2546 ἡ
1481 2512 1595 2548 σχετικὴ
1609 2513 1743 2547 συνάφεια
1756 2514 1804 2540 καὶ
1814 2515 1847 2539 ἀ-

1054 2556 1160 2591 ναφορά
1182 2556 1276 2590 χώραν
1301 2555 1357 2591 ἔχει
1372 2556 1401 2583 τὸ
1422 2557 1522 2584 οἰκεῖον
1537 2558 1647 2593 ἀξίωμα
1670 2559 1847 2585 παντάπασιν

1054 2602 1461 2636 ἁκαπήλευτονὃιασώζειν.ἆτε
1477 2604 1563 2631 ὄντων
1578 2606 1718 2640 ὁμογενῶν
1728 2607 1845 2639 ἀμφοῖν.

1053 2647 1100 2673 τοῦ
1112 2656 1140 2673 τε
1156 2648 1350 2684 διαιρουμένου
1358 2650 1406 2676 καὶ
1416 2649 1484 2684 πρὸς
1493 2650 1664 2686 ἃδιαιρεῖται
1675 2660 1682 2667 ·
1692 2652 1809 2678 ἐνταῦθα
1817 2652 1846 2678 δὲ

1055 2694 1136 2729 μέχρι
1159 2695 1243 2729 μόνης
1265 2695 1399 2730 ἐνάρθρου
1417 2696 1464 2723 καὶ
1487 2697 1662 2732 σημαπικῆς
1686 2699 1779 2733 φωνῆς
1800 2701 1847 2724 αἱ-

1052 2740 1133 2766 τιατὰ
1147 2739 1212 2766 ὗντα
1222 2741 1300 2767 ,αὑτὰ
1313 2742 1381 2776 πρὸς
1396 2741 1441 2768 τὸν
1456 2743 1546 2769 αὐτῶν
1558 2744 1645 2770 αἴτιον
1659 2745 1707 2770 καὶ
1728 2744 1847 2783 ποιητὴν

1053 2786 1100 2819 τὴν
1114 2786 1255 2821 ἀναφορὰν
1270 2787 1514 2815 ἀπευθύνει.Ὤστε
1532 2790 1690 2816 διαϐάλλειν
1709 2791 1759 2825 μὲν
1782 2791 1847 2826 ἥκι-

1054 2839 1103 2856 στα
1117 2831 1225 2858 πάντων
1235 2832 1303 2865 ἐστὶ,
1316 2834 1466 2869 θαυμάζειν
1474 2835 1496 2861 δ’
1504 2834 1549 2862 οὖν
1561 2837 1634 2868 ἄξιον
1645 2837 1764 2872 μάλιστα
1779 2846 1848 2863 tav-
