1909 3064
95 143 146 175 301

581 142 805 175 ΒΥΖᾹΝΤΙΝιΕ
825 140 1019 171 IIISTORUE
1034 140 1111 170 LIB-
1131 141 1212 171 \‘XX

1661 136 1714 168 302

95 199 170 233 ἡμᾶς
189 199 354 234 φανέρωσις.
374 199 466 227 Ταῦτα
487 200 509 227 δ’
529 201 586 227 ἐστι
612 202 753 236 ποιήματα
774 199 882 231 κτιστὰ,

941 202 1027 225 creata
1046 207 1051 223 :
1070 206 1120 230 noq
1136 207 1149 221 ιι
1175 204 1238 223 \cro
1256 196 1311 222 ullo
1339 195 1420 222 modo
1437 193 1475 221 dii
1502 198 1530 221 et
1555 192 1714 221 divinitatea

94 245 141 270 καὶ
157 244 264 280 οὐδαμῆ
284 245 341 272 θεοὶ
357 247 403 272 καὶ
419 246 545 280 θεότητες
559 247 693 274 ἄκτιστοι.
704 245 755 274 Ὧν
770 246 882 281 οὐδεμία

92 299 136 322 τις
151 291 330 326 προηγήσατο
346 292 464 326 κίνησις,
489 293 523 328 ἢν
553 293 692 327 ἐνέργειαν
717 292 784 326 σύγε
813 290 883 319 εἶναι

94 335 281 368 ἁναπλάττεις
300 336 347 363 νῦν
364 337 410 363 καὶ
435 337 550 372 θεότητα
576 337 790 372 προσαγορεύεις
807 337 883 364 ἀκτι-

95 390 160 408 στον
182 382 232 408 καὶ
260 383 310 416 τῆς
333 382 406 414 θείας
428 382 522 414 οὐσίας
545 383 682 419 διάφορον.
706 383 883 417 Ἀνάπλασμα

94 430 150 464 ἄρα
168 429 219 463 σῆς
236 428 355 460 διανοίας
370 430 386 463 ὴ
401 430 434 465 σὴ
453 430 546 464 θεότης
564 430 647 460 ἐστὶν,
666 427 721 456 οἷον
734 429 789 456 οὐδ’
807 429 840 456 ἂν
859 429 883 455 οἱ

94 476 159 506 τοὺς
175 476 366 510 τραγελάφους
380 475 544 508 πλάττοντες
561 476 728 511 ἐννοήσειεν.

132 521 198 548 AA’.
216 521 318 555 Πολλῆς
331 529 364 554 γε
390 522 444 556 μὴν
464 522 616 553 ὲνστάσεως
641 521 695 548 τῶν
715 521 885 555 ἑκατέρωθεν

96 567 258 602 γενομένης,
277 567 324 594 καὶ
345 567 434 601 λόγων
459 569 563 603 συχνῶν
590 567 762 594 κενωθέντων
786 568 857 599 οἴους
872 570 885 594 ό

93 614 145 648 τῆς
161 613 249 648 ἔριδος
268 613 345 648 μίτος
367 614 486 649 ὑφαίνει,
501 615 547 640 καὶ
567 613 625 648 ἅμα.
643 613 759 649 θορύῦου
777 613 885 648 μακροῦ

93 659 151 684 τῶν
177 659 293 693 ἀμαθῶς
319 660 432 686 ἐκείνων
456 660 686 694 παρασπιζόντων
707 659 746 694 τῷ
767 659 886 696 Παλαμᾷ

95 706 350 741 περισομὸήσαντος
378 707 428 737 τὰς
460 706 539 741 ἡμῶν
564 706 660 739 ἀκοὰς,
681 706 719 738 ὡς
740 706 801 742 μηδ’
827 706 887 738 ἐξα-

94 751 228 778 κούεσθαι
251 751 383 779 δύνασοαί
407 761 432 779 τι
457 752 511 778 τῶν
537 752 703 789 λεγομένων,
731 753 886 787 ἀνεχαίτισε

95 799 141 824 τδν
157 798 257 832 δρόμον
282 799 296 825 δ
313 798 457 833 Γρηγορᾶς
475 797 588 824 ἐκείνων
613 797 670 824 τῶν
695 798 825 834 ἐλέγχων,
842 798 886 825 ἶνα

97 844 135 878 μὴ
159 843 207 870 καὶ
230 842 365 878 πρόφασίς
387 851 429 874 τις
451 843 597 877 ὑπονοῆται
619 843 673 869 τῶν
696 843 744 869 τοῦ
768 843 886 878 Παλαμᾶ

96 889 281 916 καθίστασθαι
310 888 500 924 βλασφημιῶν.
533 889 720 923 Παυσαμὲνων
747 889 802 923 γὰρ
829 889 884 916 τῶν

97 936 220 971 ἐλέγχων
236 936 313 970 φησὶ,
330 935 378 962 καὶ
404 935 502 970 μηκέτι
525 935 556 961 τὸ
578 935 685 970 ἀμαθὲς
708 935 885 970 ἐρεθιζόντων

96 982 217 1014 ἐκείνου,
232 981 384 1009 παύσεσθαι
395 983 443 1008 καὶ
459 981 489 1008 τὸ
506 980 635 1015 πολέμιον
651 981 730 1012 εὐθὺς
746 981 794 1007 καὶ
807 981 883 1007 ἀντί-

99 1027 184 1054 παλον
198 1027 247 1062 τῆς
264 1027 368 1054 ἐκείνου
385 1027 545 1062 βλασφήμου
561 1026 685 1062 γλώττης
700 1028 746 1053 καὶ
762 1027 884 1062 ἀπεραν-

96 1074 233 1108 τολογίας.
255 1083 264 1099 ι
280 1074 398 1109 Ἐχομεν
417 1073 444 1100 δὲ
473 1073 520 1100 καὶ
546 1073 595 1108 τὴν
624 1072 740 1108 μίμησιν
762 1073 801 1105 είς
820 1073 886 1104 τοὺς

98 1120 199 1152 θείους,
218 1120 332 1156 ἔφησεν,
348 1120 467 1151 ἐκείνους
485 1119 633 1153 φωστῆροις
645 1119 691 1145 καὶ
705 1118 884 1150 διδασκάλους

97 1165 146 1198 τῆς
166 1164 333 1199 Ἐκκλησίας
356 1157 522 1196 ἀνε-Ῐιέῖκεῖν,
549 1163 610 1188 κατ’
636 1162 770 1196 Εὑνομίου
800 1162 885 1189 πάλαι

99 1209 276 1245 φερομένους.
301 1209 357 1244 Τῆς
371 1209 424 1244 γὰρ
447 1210 551 1236 ἐκείνου
569 1208 749 1242 καταγνόντες
766 1209 885 1244 ἀναλγη-

99 1256 169 1288 σίας,
196 1255 335 1286 Βασίλειος
356 1255 405 1290 μὲν
432 1256 446 1280 ὁ
474 1255 571 1288 μέγας,
592 1263 601 1279 ι
630 1253 786 1288 Ἑοίκαμεν,
806 1255 884 1289 φησὶ,

97 1302 140 1328 διὰ
165 1301 216 1337 τὴν
245 1301 346 1336 πολλὴν
371 1301 421 1336 τῆς
447 1301 574 1332 ἀσεϐείας
602 1300 747 1335 ἐνάργειαν
773 1301 884 1332 ἀπορεῖν

98 1347 196 1381 λόγων,
212 1348 259 1373 καὶ
277 1347 326 1374 οὐκ
342 1346 413 1382 ἔχειν
431 1347 489 1378 πῶς
502 1348 552 1383 τῆς
567 1346 679 1379 ἀλογίας
694 1346 784 1373 αὐτῶν
799 1347 885 1373 καθα-

97 1392 216 1426 ψόμεθα,
231 1391 301 1419 ὥστε
325 1401 370 1427 μοι
389 1391 497 1419 δοκοῦσί
521 1400 547 1419 τι
573 1392 722 1427 κερδαίνειν
743 1391 819 1426 παρὰ
835 1392 884 1427 τὴν

97 1437 219 1471 ἄγνοιαν.
238 1437 283 1469 Ὠς
296 1438 352 1473 γὰρ
365 1438 399 1464 τὰ
417 1438 527 1472 μαλακὰ
541 1439 588 1465 καὶ
602 1438 749 1465 ὑπείκοντα
762 1438 817 1464 τῶν
832 1447 884 1465 σω-

100 1481 194 1515 μάτων
208 1480 246 1516 τῷ
263 1481 300 1515 μὴ
315 1481 385 1516 ἔχειν
398 1481 549 1515 ἀντέρεισιν
563 1482 612 1508 οὐκ
625 1481 682 1508 ἔστι
697 1482 823 1516 γενναίαν
836 1483 885 1517 τὴν

98 1527 207 1561 πληγὴν
235 1527 367 1561 ἐνεγκεῖν,
394 1527 482 1559 οὕτως
512 1527 571 1554 οὐδὲ
599 1528 653 1554 τῶν
679 1528 821 1563 προδήλων
847 1529 923 1570 sica

97 1573 192 1599 ἄνοιαν
203 1573 314 1599 δυνατὸν
330 1573 433 1608 ἐλέγχῳ
445 1573 560 1608 νεανικῷ
575 1573 747 1600 καθικέσθαι.
759 1574 887 1600 Λείπεται

97 1617 143 1644 οὖν
161 1619 252 1653 σιωπῇ
271 1618 300 1645 τὺ
323 1617 469 1653 βδελυκτδν
485 1619 575 1645 αὐτῶν
591 1619 640 1653 τῆς
660 1618 786 1651 ἀσεϐείας
800 1628 889 1654 παρα-

97 1664 225 1699 δραμεῖν.
242 1673 251 1689 ι
278 1663 428 1700 Γρηγόριος
446 1663 468 1690 δ’
493 1663 571 1695 αὖθις
597 1665 610 1690 ὀ
640 1663 798 1696 Νυσσαέων,
828 1672 888 1690 κατ’

98 1710 233 1744 Εὑνομίου
245 1709 392 1745 φερόμενος
406 1710 453 1737 καὶ
463 1709 543 1740 αὐτὸς
554 1710 600 1736 καὶ
614 1709 660 1735 τὸν
672 1710 752 1736 αὑτῖιν
766 1709 888 1744 τάδελφῷ

97 1755 299 1790 σταδιοδρομῶν
312 1755 428 1787 δίαυλον,
447 1765 455 1781 ι
470 1755 568 1787 Καλῶς
577 1758 609 1782 ἂν
624 1755 690 1790 ἔχοι,
705 1755 782 1789 φησὶ,
798 1755 886 1790 σιωπῇ

98 1801 204 1835 μᾶλλον
216 1800 264 1827 τὸν
280 1800 359 1834 λόγον
378 1800 553 1836 βδελύξασθαι
577 1802 623 1827 καὶ
645 1800 766 1835 βύσαντα
782 1800 816 1826 τὰ
831 1797 888 1826 ὦτα

96 1848 195 1880 φυγεῖν
211 1845 265 1872 ἀπὸ
285 1846 371 1881 ἀκοῆς
390 1847 522 1881 πονηρᾶς.
537 1854 547 1871 ›
570 1846 632 1872 Ἐπὶ
653 1846 758 1877 τούτοις
775 1846 789 1871 ὁ
812 1845 889 1880 βασι-

96 1891 161 1921 λεύς
175 1898 205 1916 τε
224 1890 335 1925 ἀνέστη,
352 1890 397 1916 καὶ
413 1891 427 1916 ὀ
445 1889 574 1924 σύλλογος
589 1889 736 1918 διελέλυτο.
753 1890 782 1916 Ei
795 1890 822 1915 δὲ
842 1889 888 1916 καὶ

95 1937 181 1971 ἐξερα
200 1936 285 1962 πλείω
303 1936 403 1971 μεταξῦ
422 1935 573 1971 λαληθέντα
590 1936 665 1970 παρὰ
692 1936 738 1962 τοῦ
758 1936 888 1970 Ιιαλαμᾶ,

98 1982 180 2016 σιγῆς
201 1982 359 2017 ὑπάρχοντα
378 1983 425 2009 καὶ
440 1983 469 2008 οὐ
488 1983 597 2018 μνήμης
619 1983 742 2009 οὐδέποτ’
760 1983 887 2018 οὐδεμιᾶς

96 2027 176 2060 ἀξια,
191 2029 254 2062 σιγῇ
271 2028 508 2064 παρετέμφθησαν
528 2029 576 2055 καὶ
591 2028 676 2064 ταύτῃ
699 2029 730 2064 τῇ
748 2029 887 2063 διηγήσει,

99 2072 252 2108 μεμφέσθω
278 2074 387 2108 μηδείς·
412 2073 526 2109 περιττὰ
548 2073 602 2109 γὰρ
626 2074 673 2100 xui.
694 2073 828 2108 ὲπιὸλαΰῆ
856 2072 887 2109 [Γ.

99 2119 152 2145 154
169 2118 206 2154 ι·.]
223 2119 270 2145 καὶ
293 2119 512 2155 συμπεφυρμένα
527 2120 573 2146 καὶ
593 2119 768 2155 βλασφημίας
786 2128 888 2146 παντο-

96 2166 189 2201 δαπῆς
218 2167 265 2192 καὶ
291 2167 416 2202 ποικίλης
443 2167 593 2202 ἀνάμεστα,
623 2167 724 2201 μᾶλλον
751 2167 779 2193 δὲ
805 2168 888 2202 χείρω

98 2213 276 2240 παντάπασιν
288 2213 304 2246 ἦ
319 2214 429 2248 ναυτιᾷν
444 2213 519 2245 ὄντα,
534 2213 587 2239 οὐδ’
604 2213 688 2248 ἀκοῆς
702 2213 769 2247 γοῦν
786 2213 887 2248 μικρᾶς

98 2259 229 2294 ἠξίωνται
248 2259 316 2292 πρὸς
332 2259 379 2285 τοῦ
396 2260 534 2294 Γρηγορᾶ.
561 2258 611 2285 Διὰ
630 2259 710 2285 τοῦτο
734 2259 782 2285 καὶ
804 2259 885 2291 αὐτὸς

98 2306 164 2340 σιγῇ
189 2306 388 2340 παραπέμπειν
415 2305 510 2340 ἔκρινα
536 2306 601 2337 δεῖν,
628 2306 698 2332 δυοῖν
726 2306 818 2339 ἕνεκα,
842 2305 886 2332 ἵνα

97 2352 199 2387 δηλαδὴ
227 2351 292 2386 μήθ’
316 2352 378 2386 ὅρια
409 2353 538 2390 Πατέρων
568 2353 787 2389 ὑπερϐαίνωμεν,
817 2353 886 2388 μήτε

99 2398 289 2433 βλασφημίαις
313 2398 486 2434 Παλαμικοιῖς
505 2399 586 2426 ἀκοαὶ
605 2399 725 2434 καθαραὶ.
745 2399 886 2425 καταϐλά-

101 2454 236 2472 πλεωνται.

135 2491 199 2518 AB’.
218 2488 254 2517 Εὖ
270 2499 312 2524 γε,
338 2488 360 2517 ὧ
375 2491 458 2524 φίλων
475 2491 571 2527 ἄριστε
589 2491 757 2525 ’Λγαθόνικε.
773 2489 828 2516 Καί
845 2498 887 2517 σοι

99 2535 150 2569 τῆς
163 2534 316 2569 διηγήσεως
332 2535 424 2569 μακρά
439 2543 480 2567 τις
494 2535 616 2561 κείσεται
630 2535 712 2570 χάρις
729 2534 757 2560 ἐν
769 2535 825 2564 τοῖς
836 2534 888 2568 τῆς

99 2581 170 2616 ἐμῆς
184 2580 300 2615 καρδίας
313 2579 456 2613 θαλάμοις.
480 2580 580 2611 Ἡδέως
593 2581 615 2606 δ’
634 2579 666 2607 ἂν
685 2580 822 2614 πυθοίμην
839 2580 886 2606 καὶ

97 2626 159 2660 ἥτις
176 2624 193 2659 ἡ
214 2625 304 2659 ψῆφος
322 2624 367 2650 ἐπὶ
381 2625 486 2656 τούτοις
505 2625 548 2659 εἴη
564 2625 612 2650 τοῦ
638 2633 668 2650 τε
685 2624 817 2660 βασιλέως
835 2624 885 2651 αὑ-

97 2669 144 2696 τοῦ
160 2669 209 2696 καὶ
224 2669 283 2704 ἅμα
299 2669 348 2703 τῆς
363 2669 417 2695 τῶν
434 2669 545 2701 ἐνδόξων
558 2669 703 2703 γερουσίας
718 2669 836 2703 ἐκείνης.

131 2758 195 2786 AI".
219 2758 291 2785 Ἀλλ’
304 2759 364 2786 οὐδὲ
374 2758 477 2794 ταύτην
489 2759 598 2795 ὀκνήσω
611 2768 662 2792 σοι,
685 2759 805 2794 βέλτιστε
823 2759 886 2786 Θεό-

98 2813 173 2840 τιμε,
190 2805 385 2840 διηγήσασθαι.
400 2806 563 2839 Κατὲγνωκε
576 2807 628 2840 μὲν
638 2806 691 2832 τῶν
712 2807 826 2840 μακρῶν
837 2805 884 2832 τοῦ

99 2850 220 2885 Παλαμᾶ
235 2851 282 2877 καὶ
295 2850 425 2877 ποικίλων
441 2850 622 2886 βλασφημιῶν
635 2852 648 2876 ὁ
662 2850 788 2885 βασιλεὺς
797 2851 885 2878 ὁπόσα

935 244 1073 273 ἱιιςιοηιςιι,
1087 243 1186 276 quibus
1203 242 1277 268 nulla
1302 240 1441 268 antecedit
1461 239 1558 270 motio,
1587 247 1668 273 quam
1685 243 1714 266 tu

934 289 1046 324 quidem
1081 288 1256 316 efﬁcientiam
1270 295 1330 316 esse
1345 287 1424 322 lingis
1437 294 1511 314 nunc
1526 291 1555 314 et
1584 285 1715 313 divinita-

934 339 988 362 tem
1005 335 1126 368 appellas
1141 335 1287 361 increatam
1297 333 1372 361 etab
1396 332 1517 360 essentia
1551 331 1644 359 divina
1673 330 1716 358 di-

933 388 1053 409 versam.
1071 380 1156 408 Fictio
1172 381 1255 415 igitur
1283 380 1384 407 mentis
1396 384 1448 406 tuae
1460 383 1501 406 est
1514 379 1643 405 divinitas
1659 384 1717 410 tua,

935 426 1044 460 quaiem
1063 433 1096 453 ne
1110 426 1282 461 tragelapbos
1309 426 1420 460 quidem
1451 426 1584 460 tingentes
1609 433 1720 459 excogi-

936 476 995 499 tare
1012 472 1130 506 possint.
1639 482 1641 484 ·

970 518 1066 546 XXXI.
1080 519 1174 554 Magna
1191 518 1302 554 quidem
1324 518 1496 553 oppositione
1517 518 1603 552 partis
1615 517 1720 544 utrius-

936 573 990 600 quc
1008 565 1078 592 facta
1092 569 1121 591 et
1138 564 1231 591 verbis
1257 563 1429 597 consumptis
1445 563 1536 597 qualia
1551 562 1720 597 obiurgatio.

937 612 980 638 nis
991 610 1090 638 Filium
1107 610 1239 641 contexit,
1258 609 1394 643 simulque
1419 608 1538 635 tumultu
1563 615 1662 641 magno
1675 615 1722 635 ει·-
1735 610 1742 615 ‘

937 660 999 684 orto
1029 656 1138 683 illorum
1166 654 1276 682 indocte
1299 654 1488 690 adjuvantium
1510 654 1647 681 Palamam
1673 653 1721 688 qui

937 708 1017 728 aures
1034 704 1140 727 nostras
1154 699 1309 734 obstrepuit
1325 699 1362 726 ita
1377 702 1407 726 ut
1419 706 1508 733 neque
1522 697 1645 725 exaudiri
1659 705 1723 732 pos-

937 749 979 772 set
996 745 1148 780 quidquam
1162 744 1310 776 dictorum,
1325 744 1462 779 Gregoras
1476 751 1589 771 cursum
1605 744 1718 771 retinuit

937 794 1162 825 argumentorum
1194 789 1317 821 illorum,
1342 797 1378 816 ne
1405 790 1515 824 species
1544 789 1722 817 simularetur

937 836 1126 864 conviciorum
1140 836 1256 863 Palama:
1267 840 1296 862 ut
1308 835 1504 862 consisterent.
1523 835 1628 862 Etenim
1641 835 1664 862 si
1677 835 1723 862 de-

938 882 1061 909 sinerent
1088 885 1260 916 argumenta,
1290 881 1338 913 ait,
1364 880 1442 916 34],
1462 888 1550 915 neque
1578 881 1635 916 jam
1649 880 1723 908 illius

937 927 1121 962 ignorantiam
1136 928 1300 959 excitarent,
1323 927 1381 954 fore
1397 932 1427 953 ut
1449 926 1532 954 etiam
1549 927 1652 954 bellum
1669 931 1724 953 sta~

938 975 986 1001 tim
1002 980 1028 1002 ct
1041 974 1181 1009 oppositio
1207 973 1282 1001 illius
1313 973 1414 1008 lingua:
1433 973 1615 1001 conviciantis
1632 977 1659 1000 et
1683 973 1725 1001 Io-

938 1021 1085 1055 quacitatis
1101 1020 1272 1048 desinerent.
1290 1029 1300 1045 ‹
1314 1020 1465 1047 Possumus
1481 1019 1564 1046 etiam
1594 1019 1726 1047 imitatio-

939 1074 1000 1093 nem
1029 1065 1063 1093 ad
1093 1065 1213 1098 divinos,
1242 1066 1342 1100 inquit.
1372 1070 1558 1100 praeceptores
1575 1065 1724 1092 etlnmina

938 1113 1067 1140 Ecclesia
1094 1113 1196 1140 referre
1224 1116 1319 1139 contra
1357 1112 1522 1139 Ennomium
1551 1111 1724 1139 invehentes.

939 1159 1006 1187 Cum
1024 1160 1097 1186 enim
1111 1159 1184 1186 illius
1198 1158 1396 1194 impudentiam
1415 1164 1624 1193 cognoscerent,
1650 1158 1726 1186 Basi-

935 1205 992 1232 lius
1009 1205 1128 1240 Magnus,
1155 1205 1313 1237 (Videmur,
1343 1205 1442 1240 inquit,
1473 1209 1586 1240 propter
1611 1205 1726 1232 multam

938 1251 1085 1285 impietatis
1101 1251 1325 1286 perspicuitatem
1345 1251 1440 1278 verbis
1455 1258 1551 1278 carere
1567 1258 1657 1286 neque
1674 1251 1726 1278 ha-

938 1297 1004 1324 bere
1018 1297 1156 1331 quomodo
1181 1297 1316 1324 insaniam
1344 1304 1439 1324 eorum
1459 1303 1613 1332 tangamus.
1642 1298 1679 1325 ita
1697 1302 1727 1324 ut

945 1341 1064 1368 fructum
1080 1349 1178 1377 capere
1187 1342 1476 1377 praeterignorantiam
1491 1342 1558 1369 mihi
1571 1342 1725 1371 vidcantur.

940 1386 975 1415 Ut
993 1386 1067 1414 enim
1088 1387 1180 1415 mollia
1201 1391 1229 1414 et
1243 1388 1412 1415 remittentia
1440 1395 1567 1422 corpora,
1589 1388 1655 1422 quia
1682 1396 1728 1416 re-

938 1432 1036 1459 sistere
1052 1439 1106 1459 non
1124 1432 1368 1468 possunt,justum
1396 1433 1499 1460 vulnus
1528 1433 1656 1468 accipere
1676 1441 1726 1461 ne-

938 1482 1054 1512 queunt,
1086 1479 1122 1505 ita
1157 1487 1247 1513 neque
1277 1486 1325 1506 eos
1342 1486 1460 1513 quorum
1494 1479 1652 1513 ignorantia
1685 1484 1727 1508 est

939 1529 1033 1560 aperta
1051 1529 1081 1552 ut
1093 1529 1254 1560 argumento
1268 1525 1373 1560 ingenti
1389 1530 1533 1561 tangamus
1547 1525 1607 1553 ﬂeri
1617 1531 1725 1561 potest;

940 1571 1108 1605 relinquitur
1124 1571 1219 1606 igitur,
1243 1575 1273 1598 ut
1301 1571 1471 1606 impietatem
1491 1579 1588 1599 eorum
1602 1572 1725 1600 odiosam

940 1617 1052 1644 silentio
1071 1618 1326 1652 prmtermittamus.
1348 1627 1358 1644 ι
1382 1617 1489 1646 Rursus
1505 1623 1598 1646 autem
1626 1619 1729 1654 Grego-

941 1664 998 1690 rius
1009 1663 1147 1698 Nyssenus
1159 1665 1185 1691 in
1196 1664 1360 1691 Eunomium
1378 1664 1511 1692 invehens
1526 1669 1554 1692 et
1570 1665 1628 1699 ipse
1640 1665 1727 1693 idem—

940 1716 994 1742 que
1009 1716 1070 1735 cum
1088 1709 1173 1736 fratre
1190 1717 1305 1737 currens
1318 1710 1452 1743 stadium,
1480 1719 1490 1736 ι
1504 1710 1657 1738 Honestum
1673 1716 1727 1743 cst.

941 1754 1040 1788 inquit,
1059 1754 1169 1782 silentio
1185 1755 1278 1789 potius
1298 1763 1441 1783 sermones
1458 1755 1550 1783 odisse
1571 1761 1599 1783 et
1612 1747 1729 1784 auribus

939 1801 1074 1828 obturatis
1089 1801 1258 1828 auditionem
1275 1801 1404 1828 miseram
1419 1802 1539 1836 fugere.)
1557 1802 1597 1829 Ad
1608 1803 1666 1830 haec
1679 1810 1727 1830 rex

940 1845 1089 1872 assurrexit
1102 1849 1129 1872 et
1147 1845 1314 1880 colloquium
1342 1845 1447 1873 ﬁnitum
1475 1851 1529 1873 est.
1543 1846 1645 1880 Quodsi
1673 1847 1727 1874 alia

940 1897 1051 1925 quoque
1067 1891 1144 1925 plura
1161 1895 1290 1925 praeterea
1307 1891 1379 1918 dicta
1393 1899 1407 1918 a
1421 1891 1540 1923 I‘alama,
1564 1900 1625 1926 qu.c
1639 1893 1726 1919 silen-

941 1937 980 1962 tio
995 1937 1119 1971 subjecta
1149 1944 1238 1971 neque
1267 1937 1321 1964 ulla
1353 1945 1475 1971 unquam
1501 1938 1631 1965 memoria
1645 1938 1728 1973 digna

940 1986 1013 2013 sunt.
1029 1983 1113 2009 etiam
1138 1983 1298 2010 narratione
1327 1982 1380 2010 hac
1407 1984 1519 2010 silentio
1543 1984 1728 2016 praetermissa

939 2031 1014 2059 sunt,
1025 2035 1104 2054 nemo
1116 2027 1167 2055 hoc
1182 2028 1383 2062 reprehendat;
1396 2035 1599 2063 supervacanea
1615 2029 1689 2056 enim
1701 2033 1729 2056 et

939 2073 1021 2101 noxia
1035 2078 1062 2101 et
1075 2073 1157 2110 342
1170 2073 1285 2101 confusa
1313 2079 1378 2102 sunt
1399 2079 1426 2101 et
1446 2074 1564 2101 convicii
1583 2075 1685 2101 diversi
1697 2079 1727 2102 et

944 2119 1013 2146 Varii
1027 2119 1108 2154 plena
1123 2128 1131 2146 :
1149 2119 1205 2146 sive
1220 2119 1311 2154 potius
1326 2121 1418 2155 pejora
1437 2120 1551 2147 omnino
1574 2126 1677 2147 nausea
1693 2127 1728 2147 ne

940 2164 1081 2191 auditione
1101 2165 1214 2199 quidem
1230 2165 1346 2192 minima
1363 2173 1376 2191 a
1394 2165 1515 2201 Grcgora
1533 2165 1614 2200 digna
1633 2165 1728 2193 habita

903 2209 925 2237 D
940 2217 1013 2237 sunt.
1030 2211 1178 2245 Propterea
1197 2216 1224 2238 et
1237 2211 1295 2245 ipse
1318 2212 1428 2238 silentio
1440 2220 1471 2238 ea
1493 2211 1727 2246 praetermittenda

942 2263 1004 2284 esse
1019 2258 1128 2289 censui,
1140 2257 1247 2285 duabus
1264 2265 1297 2285 ex
1313 2258 1424 2285 causis:
1441 2258 1570 2284 nimirum
1605 2264 1639 2284 ne.
1661 2257 1730 2284 tinea

944 2303 1055 2330 Patrum
1067 2303 1276 2338 egrederemur,
1289 2311 1360 2331 neve
1373 2304 1508 2331 conviciis
1521 2303 1666 2331 Palamicis
1679 2311 1730 2330 au.

949 2355 995 2376 res
1012 2348 1127 2377 sincerae
1142 2349 1358 2378 oﬂ'enderentur.

980 2483 1090 2513 XXXII.
1118 2485 1225 2518 Optime
1252 2485 1386 2520 profecto,
1422 2485 1603 2512 canticorum
1625 2484 1728 2519 optime

943 2529 1112 2564 Agathouicc
1128 2537 1135 2556 :
1151 2533 1232 2563 atque
1251 2531 1416 2555 narrationis
1446 2530 1523 2555 istius
1550 2535 1647 2563 magna
1676 2529 1727 2555 tibi

944 2575 1033 2601 aderit
1067 2575 1152 2609 gratia
1183 2575 1210 2600 in
1241 2574 1358 2608 pectoris
1393 2575 1445 2601 mei
1472 2574 1728 2608 spatiiszlibcnter

942 2625 1034 2647 autem
1049 2620 1121 2647 scire
1141 2620 1212 2650 volo,
1235 2619 1315 2653 quale
1338 2619 1473 2654 judicium
1504 2620 1540 2646 sit
1561 2620 1612 2647 hac
1641 2620 1669 2647 in
1698 2628 1728 2647 re

944 2666 1015 2701 regis
1031 2667 1118 2701 ipsius
1133 2666 1271 2700 simulque
1297 2666 1420 2692 virorum
1443 2667 1594 2693 illus-tilum
1617 2666 1728 2693 concilii

943 2713 1029 2739 illius.

978 2757 1100 2785 XXXIII.
1119 2757 1220 2785 Verum
1236 2766 1326 2793 neque
1353 2760 1414 2791 hoc,
1442 2759 1588 2787 Thcotime
1611 2759 1727 2795 optime,

944 2805 992 2831 tibi
1011 2811 1139 2831 enarrare
1155 2804 1283 2831 invidebo
1305 2813 1313 2834 :
1328 2805 1462 2840 judicavit
1474 2806 1584 2840 quidem
1602 2813 1648 2832 rex
1662 2813 1729 2832 con-

944 2854 984 2876 tra
1014 2857 1110 2884 magna
1135 2850 1252 2878 Palatina:
1284 2855 1312 2878 et
1340 2852 1415 2879 varia
1444 2851 1568 2879 convicia
1598 2851 1625 2878 id
1653 2851 1728 2886 quod
