1909 3064
145 132 201 165 319

737 136 946 167 NICEPHORI
966 140 990 168 li
998 140 1019 168 R
1027 138 1125 168 EGOR
1132 138 1160 167 Ε

1710 136 1770 167 320

145 188 315 223 impartitum
332 197 416 216 unum
432 194 461 217 ut
474 191 557 218 solem
572 191 672 218 multos
690 179 923 219 radios'cmitten-

991 193 1028 218 ιὲν
1041 193 1087 218 καὶ
1103 191 1216 225 ἀμαθῶς
1232 190 1302 217 κατὰ
1317 190 1346 216 τὸ
1362 190 1517 224 αὐτόματον
1532 190 1619 216 εἰπεῖν
1631 210 1638 221 ,
1655 193 1728 218 ποιεῖ
1744 186 1769 218 δ’

145 239 211 266 tem.
229 235 308 270 361
333 241 491 262 manentem
513 244 580 263 vero
606 237 632 262 in
652 237 765 264 unitate.
791 237 927 264 Pluralctn

145 287 207 307 esse
222 280 306 307 Deum
323 282 496 315 praecognitis
512 282 667 313 eventibus,
681 283 732 310 hoc
745 288 798 315 est,
815 287 927 309 natura-

144 325 218 353 libus
234 329 263 352 et
274 327 531 360 supernaturalibus
546 328 702 361 miraculis;
716 329 815 355 divisio
827 334 855 356 et
866 336 929 363 par-

147 369 210 397 titio
240 374 282 397 est
298 371 331 396 ad
357 371 575 398 similitudinem.
601 373 723 400 ASsentit
739 373 930 401 fraudulentus

145 414 190 440 ille
204 419 230 441 et
254 414 284 442 Β.
302 415 446 442 Maximum
473 417 664 444 calumniatur.
680 417 836 444 Orationem
856 418 928 445 enim

147 459 172 485 in
205 461 374 487 contrariam
404 466 508 494 partem
538 462 666 489 transfert
691 463 875 496 perturbatam
902 467 931 490 et

144 511 280 534 eversam,
299 505 332 531 de
350 513 404 538 quo
421 505 498 539 plura
515 506 606 533 dicere
623 511 651 533 et
669 507 810 534 indoctum
824 507 930 534 exarui-

144 556 210 575 nare
223 554 250 575 et
269 549 366 576 docere
381 551 497 585 iuvaret,
508 551 555 578 scd
575 556 680 586 tempus
697 553 752 586 jam
767 557 858 585 aptum
875 560 929 579 non

142 594 233 620 video.
253 595 319 621 Nam
340 603 432 622 rerum
451 597 513 623 inde
527 596 561 623 ab
574 596 651 623 initio
666 597 752 624 series
763 605 815 624 non
828 598 931 632 patitur

142 647 186 665 me
203 641 303 667 morari
333 641 378 667 ubi
396 642 634 676 propteriuertem
649 646 676 669 et
691 642 835 677 malignam
854 651 929 669 men-

143 689 196 710 tetu
214 693 267 712 non
297 686 374 713 facile
404 689 510 722 assequi
527 688 585 714 sani
609 688 757 722 quidquam
777 696 928 723 possemus,

143 737 177 756 ne
196 730 356 758 brevissimo
371 733 481 766 quidem
495 738 630 767 tempore.

975 235 1034 265 οὖν.
1051 237 1237 271 Πληθύνεσοαι
1255 238 1309 272 γὰρ
1323 237 1353 263 τὸ
1367 236 1413 262 τοῦ
1430 236 1503 262 θείου
1518 237 1617 270 φάσκει
1632 236 1770 271 Μαξίμου

975 283 1021 308 τὸν
1037 282 1104 307 Θεὸν
1118 282 1148 307 τὸ
1166 281 1226 307 καθ’
1238 283 1353 308 ἕκαστον
1369 282 1409 312 εἰς
1425 281 1594 316 παραγωγὴν
1609 281 1663 307 τῶν
1678 281 1769 308 ὅντων

977 326 1136 360 βουλήματα
1148 328 1206 358 ταῖς
1221 328 1413 361 προνοητικαῐς
1428 326 1549 360 προόδοις
1564 326 1770 352 πολλαπλασια-

978 371 1102 405 ζόμενον,
1118 372 1208 406 μένειν
1222 371 1244 397 δ’
1256 372 1412 406 ἁμερίστως
1427 372 1475 397 ἕνα
1490 371 1617 405 καθάπερ
1631 371 1675 397 τὸν
1688 371 1770 406 ἥλιον

981 419 1092 448 ἀκτῖνας
1109 417 1208 448 πολλὰς
1225 417 1437 452 προπέμποντα,
1456 418 1567 451 μένοντα
1583 417 1604 442 δ’
1617 418 1644 442 ὲν
1658 418 1690 451 τῇ
1708 417 1769 442 ἑνό-

983 471 1044 497 τητι
1059 470 1065 478 ·
1081 465 1111 489 τὺ
1129 464 1182 497 γὰρ
1198 463 1378 498 πληθύνεσθαι
1393 463 1438 489 τὸν
1453 463 1500 489 ἕνα
1515 462 1580 488 Θεὸν
1595 463 1653 493 ταῖς
1669 471 1770 496 προνο-

982 508 1091 540 ητικαίς
1113 507 1247 541 προόδοις,
1270 507 1392 533 τουτέστι
1413 508 1469 538 τοῖς
1489 514 1518 532 τε
1541 507 1697 540 ὲγκοσμίοις
1719 507 1770 531 καὶ

983 552 1180 586 ὑπερκοσμίοις
1202 552 1333 586 θαύμασι,
1354 552 1516 583 διαιρεῖσθαι
1538 551 1583 577 καὶ
1605 551 1768 586 μερίζεσθαὶ

981 597 1055 624 ἐστιν
1073 597 1230 631 ἀναλόγως,
1248 599 1454 632 συμμαρτυρεῖν
1471 597 1610 623 κάνταῦθά
1629 597 1653 622 οἰ
1671 597 1767 630 ψευδό-

987 652 1066 677 μενος
1084 644 1130 670 καὶ
1151 644 1330 677 συκοφαντῶν
1344 644 1389 670 τὸν
1408 644 1545 670 θειότατον
1560 643 1697 676 Μάξιμον.
1719 643 1770 671 Εἰς

982 688 1036 723 γὰρ
1050 688 1142 723 ἕτερον
1161 689 1210 723 τὴν
1233 690 1311 724 ῥῆσιν
1335 689 1483 724 μεταφέρει
1503 688 1575 721 νοῦν,
1591 688 1770 723 uxoreo-rum;

984 735 1129 767 συγκυκῶν
1154 736 1200 762 καὶ
1221 735 1425 769 ἀναμοχλεύων.
1451 735 1517 768 Περὶ
1545 732 1578 770 ἧς
1605 735 1651 760 καὶ
1681 733 1768 759 πλείω

143 774 234 809 λέγειν
264 778 312 803 καὶ
334 777 471 810 ἐξετάζειν
497 780 544 805 καὶ
567 780 704 807 διδάσκειν
739 780 877 807 κάνταῦθα
902 780 948 806 τὸν
967 779 1059 814 ἀμαθῆ
1087 780 1247 815 βουλόμενος
1265 781 1352 813 ἔγωγε
1365 780 1539 815 προσήκοντα
1553 779 1599 804 νῦν
1609 778 1654 804 τὸν
1668 778 1768 813 καιρὸν

142 822 192 856 οὺχ
210 822 275 857 ὁρῶ·
293 823 307 849 ὅ
332 831 363 850 τε
387 825 442 859 γὰρ
469 825 524 851 τῶν
550 825 636 851 ἄλλων
661 826 763 853 ἄνωθεν
777 827 914 853 ἁνοέλκων
934 825 1028 860 εἰρμδς
1045 826 1095 852 οὐκ
1114 827 1146 861 ἐᾷ.
1168 826 1318 862 διατρίϐειν
1330 835 1374 861 με,
1388 826 1435 851 καὶ
1452 826 1510 858 ἅμα
1524 825 1590 858 πρὸς
1607 823 1720 858 ἄτεχνόν
1738 832 1768 853 τε

144 869 192 894 καὶ
209 867 372 903 κακότεχνον
385 869 474 905 ψυχὴν
488 870 536 897 οὐκ
552 872 664 898 εἰσιέναι
677 872 779 899 δύναιτ’
794 872 826 899 ἂν
847 871 945 907 ῥᾳδίως
964 871 1024 898 οὗτε
1049 871 1115 906 γοῦν
1135 871 1221 907 βραχύ
1247 880 1273 898 τι
1297 872 1351 898 τῶν
1372 871 1489 904 εὐλόγων
1511 870 1593 904 μέρος
1609 869 1640 904 [ί.
1657 869 1704 895 HI
1730 867 1767 901 13]

144 914 205 941 οὔτε
224 914 277 948 μὴν
292 915 320 940 ὲν
336 915 496 951 βραχυτάτῳ
518 917 596 952 μέρει
615 918 722 952 χρόνον.

181 961 227 988 IX.
255 962 308 990 Sed
334 964 389 998 jam
419 964 452 991 ad
486 965 628 998 pristinam
655 966 803 993 orationem
836 965 931 992 redea-

1023 963 1063 991 ϐ’.
1091 963 1187 997 Ὅμως
1213 963 1249 990 ἶν’
1276 961 1380 989 ἐκεῖθεν
1403 960 1582 996 ἀναλάϐωμεν
1611 959 1769 990 ἐπανιόντες

145 1015 217 1035 mus.
235 1007 445 1036 Elementalium
458 1012 642 1038 essentiarum
669 1019 838 1046 unaquaeque
853 1012 933 1038 unica

145 1057 230 1080 estet
247 1054 376 1088 primaria
403 1060 430 1082 et
456 1055 607 1091 impartita.
624 1063 651 1085 et
668 1057 703 1084 ob
721 1057 746 1084 id
771 1058 858 1090 ipsum
879 1065 933 1084 non

146 1099 324 1126 dissolubilis.
343 1100 402 1127 Non
421 1101 493 1128 enim
512 1103 604 1136 specie
616 1107 663 1129 aut
679 1110 794 1129 numero
807 1108 934 1130 constare

147 1145 230 1171 ullam
247 1145 442 1177 intelleximus,
463 1147 525 1174 ideo
536 1147 715 1176 elementales
728 1148 867 1175 essentias
885 1155 933 1174 vo-

147 1198 252 1217 camus.
271 1191 436 1219 Esseutiales
454 1197 542 1220 tamen
559 1193 705 1221 varietates
718 1194 822 1220 habent
835 1194 860 1220 in
873 1202 936 1228 pro-

147 1235 215 1270 priis
231 1235 288 1263 suis
300 1237 410 1264 linibus.
431 1237 503 1264 Nihil
517 1238 590 1265 enim
607 1246 701 1265 eorum
719 1246 779 1272 qum
807 1244 934 1273 separata

147 1286 212 1309 sunt
229 1287 276 1308 aut
293 1282 428 1309 dissoluta
457 1288 506 1310 aut
532 1285 644 1318 partita.
671 1285 833 1311 essentiales
857 1285 883 1311 iu
905 1293 935 1312 se

147 1327 316 1355 dili'crcntias
337 1329 429 1360 habet,
450 1329 498 1356 sed
516 1329 551 1356 ab
564 1329 643 1356 initio
660 1331 878 1365 progredientem
895 1338 936 1357 re-

148 1373 222 1407 cipit
235 1373 424 1400 definitionem
450 1375 630 1408 compositam
647 1383 680 1402 ex
701 1383 802 1410 genere
817 1380 844 1403 et
859 1383 936 1402 com-

147 1419 314 1452 ponentibus
343 1419 534 1447 varietatibus.
562 1420 727 1447 Dellnieutes
741 1421 815 1447 enim
846 1421 937 1448 homi-

148 1471 222 1493 nem.
247 1472 300 1490 non
317 1464 495 1492 elementales
509 1470 536 1491 et
552 1471 655 1492 natura:
681 1467 818 1500 subjectae
839 1474 936 1493 essen-

150 1511 202 1536 tias
216 1511 413 1543 perscrutanda
437 1511 574 1542 dicimus;
599 1512 716 1546 exempli
739 1512 836 1546 gratia.
857 1512 937 1547 362

148 1555 223 1589 quod
239 1555 272 1582 ab
288 1556 405 1583 Homero
417 1556 521 1583 dictum
536 1562 577 1584 est
591 1566 598 1584 :
611 1567 620 1583 ‹
635 1557 782 1584 Coutortus
796 1558 935 1590 humeros,

149 1599 255 1633 fuscus,
271 1601 419 1635 densisque
435 1602 552 1636 capillis,
576 1611 585 1627 ι
604 1607 631 1629 et
648 1602 670 1628 si
683 1603 735 1629 tale
752 1602 817 1637 quid
840 1602 872 1630 ad
893 1611 938 1629 se-

149 1651 258 1681 paratas
273 1647 404 1674 duntaxat
415 1647 547 1674 essentias
559 1648 693 1682 pertinet;
707 1648 753 1676 sed
763 1648 863 1675 animal
876 1657 938 1677 esse

150 1693 310 1720 rationabile
326 1698 354 1720 et
366 1693 683 1729 mortale,intelligenti:e
695 1698 723 1721 et
740 1694 861 1722 scientia:
874 1703 937 1729 par-

152 1739 251 1773 ticeps.
270 1739 371 1766 Primis
393 1747 408 1766 a
434 1739 572 1774 principio
595 1745 700 1767 natura:
717 1741 861 1768 elementis
874 1749 935 1768 cum

150 1791 182 1811 ex
189 1784 320 1818 plicantes
335 1792 389 1811 non
402 1784 522 1812 dicimus
543 1785 681 1813 hominem
696 1793 756 1814 esse
772 1787 846 1821 quod
866 1787 894 1814 in
907 1795 937 1815 se

151 1831 252 1858 habeat
265 1831 406 1858 Platonem
419 1836 446 1858 et
468 1831 621 1865 Socratem,
634 1833 682 1860 has
695 1833 740 1860 ille
755 1833 938 1861 elementalcs

150 1881 179 1902 et
191 1876 341 1910 impartitas
352 1877 496 1910 essentias,
510 1883 538 1905 ut
550 1878 677 1911 diximus,
688 1879 734 1906 sed
745 1880 817 1914 quod
828 1881 860 1906 ad
878 1881 939 1907 ani-

153 1922 267 1948 malium
281 1930 367 1957 genus
384 1927 411 1949 et
423 1924 578 1950 nominatas
587 1931 782 1959 componentes
794 1926 940 1954 varietates

150 1968 328 2002 componitur
353 1973 382 1996 et
399 1968 535 1996 formatur
548 1975 577 1996 et
594 1969 619 1996 in
638 1970 778 1997 deﬁnitam
800 1971 941 1998 inducitur

151 2013 425 2040 naturamJ'alamas
439 2019 530 2041 autent
543 2014 579 2041 ob
605 2022 730 2050 magnam
757 2016 938 2051 ignorantiam

153 2057 269 2084 adverso
291 2058 413 2091 ﬂumine,
434 2064 464 2086 ut
485 2060 598 2093 dicitur,
615 2060 711 2088 ﬂuvios
735 2062 775 2090 ire
792 2064 878 2098 cogit,
893 2063 939 2090 ubi

152 2100 313 2128 dicit:Cum
332 2103 411 2130 unica
423 2107 451 2130 et.
469 2103 609 2138 impartita
628 2105 663 2132 sit
683 2105 728 2133 Dei
745 2109 875 2138 eSsentia.
890 2115 940 2134 va-

154 2146 271 2173 rietates
295 2155 350 2174 non
368 2147 450 2175 habet
474 2150 647 2177 cssentiales.
664 2151 697 2178 Et
711 2151 792 2178 dein:
817 2153 939 2188 (Ionjun-

154 2191 210 2219 ctio
235 2196 278 2219 est
306 2192 458 2227 probabilis
485 2199 513 2221 et
530 2195 718 2223 exsisteutiam
735 2201 762 2223 et
775 2197 938 2231 positionem

154 2238 362 2272 consequentia:
390 2241 526 2268 causalem
550 2241 690 2274 allerens,
719 2243 789 2278 quod
815 2243 871 2270 duo
895 2245 939 2271 illa

155 2284 286 2318 utrinque
302 2285 431 2312 conciliat
442 2291 470 2313 et
488 2294 597 2314 causam
615 2294 710 2314 eorum
733 2289 858 2316 involvit.
881 2289 943 2316 “me
958 2301 982 2328 ο

156 2331 228 2358 dicta
255 2331 291 2357 ita
316 2336 431 2366 propter
453 2332 591 2359 inscitiam
612 2333 720 2360 turbata
740 2339 814 2366 sunt,
839 2339 868 2361 ut
883 2335 943 2362 Cal-

155 2377 256 2404 chante
271 2383 332 2404 vate
344 2376 491 2406 Homerico
506 2387 576 2413 opus
587 2380 634 2406 sit.
659 2379 713 2407 Sed
729 2388 763 2408 ne
777 2381 853 2408 illum
880 2381 944 2415 qui-

155 2424 217 2451 dem
240 2429 307 2458 puto
329 2424 456 2452 obscuris
468 2425 510 2453 his
527 2427 746 2460 qtttrstionibus,
770 2427 925 2460 si‘adesset
937 2445 945 2458 .

155 2469 366 2504 explicationem
386 2471 484 2499 all‘erre
504 2479 601 2506 posse,
624 2480 689 2500 cum
706 2473 776 2507 ipse.
791 2477 822 2499 ut
835 2472 945 2507 opinor,

156 2523 218 2550 qua:
230 2523 262 2542 ex
279 2523 327 2543 sua
345 2516 430 2551 ipsius
449 2523 540 2545 mente
553 2518 677 2552 protulit,
694 2518 802 2546 solvere
817 2523 946 2553 nequeat.

155 2562 221 2595 Quae
234 2562 307 2589 enim
323 2564 424 2590 causali
447 2564 553 2591 ratione
572 2567 722 2598 ponuntur,
739 2572 770 2591 ea
801 2564 883 2591 simili
901 2571 946 2590 ra-

158 2609 233 2636 tione
252 2609 395 2636 solvuntur
408 2619 415 2642 ;
433 2619 492 2645 qum
505 2619 571 2643 non,
584 2619 616 2638 ea
633 2619 687 2638 non
702 2611 855 2638 solvuntur.

988 1009 1067 1042 αὖθις
1093 1010 1139 1036 τὸν
1162 1009 1258 1044 λόγον,
1283 1009 1330 1036 καὶ
1352 1008 1407 1035 τῶν
1423 1008 1534 1043 ἀτόμων
1551 1008 1649 1034 οὐσιῶν
1665 1007 1771 1040 ἑκάστη

987 1055 1035 1090 μία
1052 1056 1099 1082 καὶ
1121 1055 1218 1090 πρώτη
1237 1056 1283 1081 καὶ
1303 1054 1455 1088 ἀδιαίρετός
1483 1055 1550 1085 ἐστι,
1566 1054 1613 1080 καὶ
1630 1053 1692 1079 κατ’
1706 1052 1773 1079 αὐτὸ

985 1110 1015 1135 γε
1032 1101 1111 1128 τοῦτο
1132 1101 1180 1128 καὶ
1197 1101 1314 1135 ἀμερής.
1331 1099 1401 1127 Οὔτε
1424 1101 1480 1135 γὰρ
1503 1099 1568 1126 εἴδει
1585 1098 1646 1125 οὔτε
1662 1098 1773 1133 ἀριθμῷ

985 1147 1057 1174 εἶναι
1086 1148 1147 1174 καθ’
1165 1147 1249 1182 αὐτὴν
1282 1147 1484 1182 μεμαθήκαμεν
1510 1146 1641 1181 οὐδεμίαν
1665 1144 1771 1171 αὐτῶν·

985 1193 1029 1220 διὰ
1043 1194 1098 1228 γὰρ
1113 1193 1191 1220 τοῦτο
1204 1194 1251 1220 καὶ
1271 1193 1393 1228 ἀτόμους
1405 1193 1500 1223 οὐσίας
1515 1191 1607 1226 φαμὲν
1622 1190 1658 1217 τὰ
1672 1189 1772 1216 τοιάδε*

986 1240 1044 1266 ἀλλ’
1061 1240 1199 1270 οὺσιώδεις
1217 1239 1292 1273 ὅμως
1308 1240 1400 1274 ἔχουσι
1419 1238 1549 1272 διαφορὰς
1573 1238 1602 1263 ὲν
1625 1236 1664 1270 τῷ
1677 1236 1773 1269 οἰκείῳ

985 1286 1052 1320 ὅρῳ.
1068 1285 1135 1311 Οὐδὲ
1155 1284 1208 1318 γὰρ
1222 1285 1298 1310 οὐδὲν
1310 1284 1372 1310 οὔτε
1386 1284 1440 1310 τῶν
1457 1283 1626 1318 ὁριζομένων
1639 1281 1699 1308 οὔτε
1718 1281 1774 1307 τῶν

986 1331 1208 1366 διαιρουμένωνῆ
1224 1330 1408 1366 μεριζομένων
1421 1330 1466 1364 ὑφ’
1482 1330 1547 1356 αὐτὸ
1563 1329 1612 1360 τὰς
1632 1327 1773 1358 οὐσιώδεις

986 1378 1043 1412 ἔχει
1069 1377 1218 1412 διαφορὰς,
1239 1377 1295 1403 ἀλλ’
1313 1376 1416 1404 ἀνωθεν
1438 1374 1568 1401 κατιόντα
1595 1374 1702 1408 δέχεται
1728 1372 1774 1398 τὸν

988 1422 1146 1449 συντιθέντα
1169 1421 1295 1456 ὁρισμὸν,
1317 1422 1350 1447 ἐκ
1375 1420 1471 1454 γένους
1493 1420 1558 1446 ὄντα
1574 1420 1622 1445 καὶ
1640 1426 1772 1444 συστατιο

986 1469 1045 1496 κῶν
1067 1467 1224 1502 διαφορῶν·
1249 1466 1403 1501 ὁριζόμενοι
1429 1467 1483 1500 γὰρ
1509 1466 1554 1492 τὸν
1580 1464 1725 1499 ἄνθρωπον
1744 1463 1774 1489 οὗ

987 1515 1037 1546 τὰς
1059 1514 1179 1548 ἀτόμους
1206 1512 1253 1539 καὶ
1273 1512 1354 1546 φύσει
1380 1512 1512 1546 δευτέρας
1535 1510 1629 1541 οὐσίας
1651 1509 1776 1535 κάτωθεν

989 1559 1180 1594 ἀνιχνεύοντες
1195 1559 1322 1593 λέγομεν,
1338 1558 1405 1592 φέρε
1426 1558 1514 1584 εἰπεῖν
1527 1558 1616 1583 ἐκεῖνο
1630 1556 1662 1590 δὴ
1679 1556 1709 1581 τὸ
1726 1557 1776 1590 ρη-

993 1606 1038 1632 θὲν
1053 1605 1098 1638 ὑφ’
1120 1604 1254 1639 Ὀμήρου,
1271 1614 1279 1630 ι
1296 1604 1382 1638 Γυρὺς
1395 1604 1423 1629 ὲν
1441 1603 1550 1637 ὤμοισι,
1585 1602 1775 1636 μελανόχροος,

992 1650 1191 1685 οὐλοκάρηνος,
1224 1658 1233 1675 ι
1252 1649 1300 1675 καὶ
1336 1648 1363 1674 εἴ
1386 1648 1412 1674 τί
1436 1656 1487 1674 που
1511 1647 1611 1674 τοιονδὶ
1629 1648 1689 1678 ταῖς
1715 1646 1776 1672 καθ’

993 1697 1097 1724 ἕκαστα
1119 1697 1166 1722 καί
1192 1696 1320 1730 μερικαῐς
1345 1694 1546 1728 συμπέπτωκεν
1569 1693 1692 1723 οὐσίαις·
1709 1692 1777 1718 ἀλλὰ

996 1741 1066 1773 ζῶον
1085 1738 1156 1768 εἷναί
1177 1748 1267 1774 φαμεν
1284 1740 1393 1773 λογικὸν
1404 1738 1514 1774 θνητὸν,
1532 1738 1578 1764 νοῦ
1601 1738 1649 1764 καὶ
1664 1738 1778 1771 ἐπιστή-

996 1796 1049 1822 μης
1077 1787 1212 1819 δεκτικὸν,
1236 1786 1268 1812 ἐκ
1292 1785 1345 1811 τῶν
1365 1784 1467 1811 ἄνωθεν
1491 1783 1538 1810 καὶ
1555 1782 1635 1816 φύσει
1662 1781 1778 1816 πρώτων

993 1824 1138 1864 δηλοῦντες
1154 1830 1246 1860 αὑτὸν,
1263 1829 1326 1855 ἐπεὶ
1351 1828 1419 1863 μηδὲ
1446 1827 1537 1861 φαμὲν
1551 1827 1695 1860 ἄνθρωπον
1709 1825 1777 1851 εἶναι

994 1877 1037 1903 διὰ
1051 1877 1083 1902 τὸ
1099 1876 1170 1910 ἔχειν
1184 1875 1230 1908 ὑφ’
1244 1875 1326 1901 αὑτὸν
1350 1874 1481 1901 Πλάτωνα
1498 1873 1546 1899 καὶ
1562 1873 1712 1908 Σωκράτην
1731 1875 1777 1898 καὶ

994 1922 1043 1952 τὰς
1056 1921 1198 1952 τοιαύτας,
1218 1920 1255 1951 ὡς
1271 1920 1387 1955 ἔφημεν,
1404 1919 1522 1954 ἀτόμους
1540 1918 1634 1949 οὐσίας
1650 1919 1697 1945 καὶ
1712 1919 1778 1953 ἁμε-

996 1969 1054 2002 ρεῐς
1063 1987 1069 1997 ,
1085 1966 1143 1992 ἀλλ’
1155 1967 1196 1992 ὅτι
1211 1966 1256 1992 διὰ
1268 1965 1315 1992 τοῦ
1327 1965 1424 1999 γένους
1434 1965 1482 1991 τοῦ
1495 1964 1565 1996 ζώου
1578 1965 1626 1990 καὶ
1638 1964 1692 1989 τῶν
1706 1965 1778 1998 εἰρη-

997 2017 1086 2048 μένων
1102 2012 1275 2039 συστατικῶν
1291 2011 1429 2046 διαφορῶν
1446 2011 1620 2037 εἰδοποιεῖται
1635 2011 1682 2036 καὶ
1698 2018 1777 2044 περι-

995 2061 1133 2095 γράφεται
1166 2059 1214 2084 καὶ
1242 2059 1283 2089 εἰς
1311 2057 1470 2093 ὡρισμένην
1497 2057 1660 2083 καθίσταται
1687 2057 1776 2090 φύσιν.

1001 2105 1031 2132 '0
1049 2105 1077 2130 δὲ
1099 2104 1234 2138 Παλαμᾱς
1246 2103 1275 2135 ἐξ
1289 2103 1412 2138 ἀμαθίας
1434 2103 1543 2138 μακρᾶς
1564 2100 1620 2129 ἂνω
1636 2103 1776 2136 ποταμῶν,

996 2151 1026 2177 τὸ
1049 2151 1098 2184 τῆς
1121 2149 1286 2184 παροιμίας,
1306 2150 1405 2183 χωρεῖν
1430 2150 1478 2179 τὰς
1503 2148 1594 2182 πηγὰς
1618 2148 1777 2182 ἀναγκάζει,

994 2197 1081 2230 λέγων
1094 2195 1131 2226 ὼς
1146 2195 1224 2222 Ἐπεὶ
1244 2195 1292 2229 μίπι
1308 2195 1357 2221 καὶ
1368 2195 1473 2229 ἀμερὴς
1484 2195 1512 2238 ,ἠ
1539 2193 1587 2220 τοῦ
1603 2193 1672 2220 Θεοῦ
1692 2194 1776 2232 οὐσία,

996 2239 1028 2276 [Γ.
1050 2239 1097 2266 171
1116 2238 1155 2274 tu]
1178 2238 1222 2265 διὰ
1238 2239 1318 2265 τοῦτο
1338 2239 1467 2273 διαφορὰς
1482 2239 1531 2264 οὐκ
1551 2238 1607 2272 ἔχει
1632 2238 1778 2270 οὐσιὼδεις.

996 2286 1050 2312 Καὶ
1065 2286 1118 2320 μὴν
1134 2285 1176 2318 τὸ,
1189 2285 1265 2311 Ἑπεί
1277 2285 1425 2319 σύνδεσμός
1441 2287 1498 2310 ἐστι
1520 2283 1779 2314 κατασκευαστικὸς,

997 2331 1044 2358 καὶ
1063 2331 1187 2366 ὓπαρξιν
1213 2331 1261 2357 καὶ
1289 2331 1365 2363 τάξιν
1391 2331 1599 2364 ἁκολουθήσεως
1627 2330 1780 2364 αἰτιατικὴν

997 2379 1096 2413 δηλῶν,
1114 2379 1162 2405 ἅτε
1188 2377 1352 2408 συναπτικὸς
1374 2377 1427 2403 τῶν
1442 2377 1614 2412 ἑκατέρωθεν
1627 2378 1719 2412 ἄκρων
1733 2377 1781 2402 ὑπ-

998 2424 1154 2458 άρχωνριαὶ
1171 2423 1220 2458 τὴν
1244 2423 1335 2449 αἰτίαν
1347 2422 1417 2456 ἔχων
1437 2417 1537 2449 αὐτῶν.
1559 2422 1653 2456 Ίόὑτῳ
1679 2420 1782 2447 δὀὖτω

999 2469 1033 2495 δι’
1047 2469 1168 2503 ἀμαθίαν
1182 2468 1382 2495 ἁνατεθόλωται
1404 2468 1437 2494 τὰ
1452 2468 1583 2502 εἰρημένα
1599 2467 1637 2498 ὡς
1658 2466 1781 2501 Κάλχαν-

999 2517 1044 2546 τός
1070 2524 1142 2546 τινος
1173 2515 1278 2541 δεῖσθαι
1308 2515 1431 2549 μάντεως
1459 2514 1625 2549 Ὀμηρικοῦ.
1648 2513 1781 2539 ’Δλλ“οὺδ’

1001 2563 1106 2588 ἐκεῖνον
1122 2560 1200 2597 οἶμαι
1224 2560 1372 2596 δυνηθῆναι
1388 2560 1420 2587 ἂν
1436 2560 1474 2595 τῷ
1489 2559 1662 2592 ἀνακολούθῳ
1678 2558 1727 2592 τῆς
1741 2558 1778 2584 θέ-

1002 2617 1083 2640 σεως,
1111 2609 1135 2634 εἰ
1164 2607 1268 2643 παρῆν,
1284 2607 1336 2641 τὴν
1357 2607 1434 2632 λύσιν
1459 2606 1627 2641 παρασχεῖν·
1647 2605 1704 2635 πῶς
1719 2604 1781 2638 γὰρ.

158 2657 176 2684 ἃ
193 2659 254 2693 μηδ’
272 2659 354 2685 αὐτὸν
371 2659 446 2685 λύειν
461 2658 539 2694 οἶμαι
574 2660 706 2687 δύνασθαι
723 2660 769 2686 τὸν
804 2659 834 2692 ἐξ
854 2660 924 2691 ἰδίας
956 2658 1074 2694 γαστρὸς
1098 2656 1278 2691 ἐρευγόμενον
1313 2655 1348 2681 τὰ
1378 2654 1485 2687 mutas;
1514 2655 1549 2680 Ἀ
1579 2654 1634 2689 γὰρ
1665 2652 1782 2680 αἱτιώδει

159 2704 232 2739 λόγῳ
245 2704 378 2736 τίθενται,
396 2705 482 2731 ταῦτα
506 2705 641 2739 δήπουθεν
662 2706 710 2732 καὶ
732 2706 804 2741 λόγῳ
827 2707 936 2732 λύονται
955 2705 1061 2740 τοιῷδε,
1077 2703 1094 2731 ἃ
1108 2703 1137 2729 δὲ
1153 2703 1200 2737 μὴ,
1214 2701 1303 2729 ταῦτα
1325 2701 1358 2736 δὴ
1381 2702 1429 2736 μή.

194 2751 231 2780 Κ.
258 2753 337 2787 363
357 2752 508 2780 Videndum
527 2753 609 2787 igitur
630 2761 671 2781 est
694 2761 754 2790 post
771 2755 884 2789 primam
907 2754 948 2782 in-

147 2830 149 2833 .
162 2798 269 2826 scitiam
284 2807 344 2833 qua:
367 2799 403 2826 sit
423 2799 552 2827 secunda.
572 2799 638 2827 Nam
655 2801 682 2826 in
697 2808 729 2827 eo
741 2800 813 2835 quod
828 2805 868 2828 cst
882 2808 946 2827 cau-

166 2850 224 2871 sam
240 2844 320 2873 simul
335 2852 397 2873 cum
421 2850 535 2873 causato
553 2853 615 2873 csse
639 2846 728 2873 ucscit
751 2853 801 2873 nec
825 2846 885 2873 sine
913 2853 946 2873 eo

1035 2752 1062 2779 ι’.
1074 2751 1210 2778 Σκεπτέον
1230 2747 1278 2776 οὖν
1300 2749 1334 2776 ἃν
1355 2749 1397 2784 εἴη
1415 2749 1461 2775 καὶ
1477 2748 1526 2783 τὴν
1549 2748 1664 2780 ὑστέραν
1680 2747 1779 2781 ταύτην

1001 2797 1119 2832 ἀμαθίαν
1134 2797 1180 2822 ἐπὶ
1193 2797 1225 2831 τῇ
1243 2797 1366 2830 προτέρᾳ
1390 2795 1473 2821 αὐτοῦ
1487 2803 1494 2810 '
1510 2794 1570 2821 οὐδὲ
1586 2794 1641 2828 γὰρ
1659 2790 1729 2819 οἶδεν
1744 2794 1780 2825 ὡς

999 2843 1054 2872 τῶν
1069 2843 1136 2878 πρός
1147 2851 1173 2868 τι
1190 2842 1219 2868 ’ὸν
1236 2842 1265 2869 τὸ
1282 2842 1369 2869 αἴτιον
1392 2842 1451 2876 ἃμα
1475 2840 1534 2868 ἐστὶ
1549 2840 1587 2876 τῷ
1601 2838 1713 2874 αἰτιατῷ
1734 2839 1779 2866 καὶ
