1909 3064
93 122 148 153 325

580 122 805 154 ΒΥΖᾹΝΤῙΝιΕ
825 122 1023 152 ΗΙΒΤΟΒΗΕ
1044 122 1119 150 Llli.
1144 122 1253 152 XXXI.

1673 119 1726 151 396

94 178 140 204 καὶ
153 176 213 213 ἅμα
228 177 345 205 ἂκτιστα
370 177 472 205 οἴονται
493 178 527 205 τὰ
541 178 683 212 θεοπρεπῆ
698 186 728 204 τε
743 179 790 205 καὶ
809 177 880 204 κατὰ

942 181 983 202 ξεί..
1003 176 1071 202 Dicit
1084 175 1166 202 etiam
1186 175 1344 202 l)..|oanncs
1362 174 1559 202 Damascenus:
1577 174 1605 201 Si
1623 176 1726 204 mullos

92 223 143 258 τὴν
171 223 317 258 προφορὰν
349 222 435 249 πολλὰ
460 223 515 249 τῶν
539 223 700 257 ὀνομάτων·
721 222 777 256 Οὐχ
792 222 886 247 ἕνεκεν

92 270 158 303 γὰρ,
175 269 256 302 φησὶ,
273 269 446 303 πραγμάτων
462 269 568 295 πολλῶν
581 269 634 304 ἔφη
650 270 664 294 ὁ
681 268 778 303 Σωτὴρ
796 268 886 294 ἐκεῖνα

93 315 128 342 τὰ
146 315 247 342 πάντα.
269 314 416 341 ’Λδύνατον
429 316 483 350 γὰρ
500 315 538 350 μὴ
551 315 650 342 κτιστὰ
669 312 751 346 εῖναι,
766 313 783 341 θ.
798 314 886 340 πολλά

93 361 123 387 τέ
158 362 217 389 ἐστι
246 361 292 388 καὶ
320 361 512 396 πληθυντικῶς
532 361 652 396 λέγεται.
668 361 762 392 Μονὰς
787 361 842 394 γὰρ
865 360 882 394 ἠ

94 405 155 431 θεία
188 405 270 439 φύσις
296 405 386 432 είτυυν
409 407 425 441 ὴ
455 406 519 439 ἁγία
539 405 634 440 Τριὰς,
656 405 703 432 καὶ
730 405 758 431 ἓν
780 405 828 430 καὶ
853 405 883 430 οὐ

94 451 193 482 πολλὰ,
209 451 247 483 ὡς
276 451 408 483 πολλάκις
427 453 494 487 ἡμῖν
513 452 642 486 ἀνωτέρω
667 451 712 478 διὰ
736 450 885 486 γραφικῶν

95 497 288 532 συνεπεράνθη
323 497 443 531 δείξεων.
467 497 537 532 Φησὶ
568 497 622 532 γὰρ
651 497 698 524 καὶ
720 498 733 524 ό
760 497 831 528 θεῖος
856 497 887 523 ἐκ

936 220 1004 248 deos
1028 221 1237 255 appellaremus.
1253 228 1363 247 necesse
1384 225 1457 247 esset
1473 225 1502 247 ut
1519 222 1635 248 varietas
1653 222 1724 248 inter

939 267 1040 294 mullos
1051 270 1221 293 cerneretur.
1234 265 1262 293 Si
1278 266 1349 293 nulla
1365 265 1437 293 inter
1449 273 1496 292 eos
1509 265 1663 294 dili'erentia
1673 271 1725 296 est.

937 320 1009 340 unus
1025 317 1077 343 est.
1093 320 1146 339 non
1163 311 1252 338 multi.
1276 311 1335 339 Non
1356 311 1428 338 enim
1441 310 1583 338 dillcrrcnt
1609 312 1680 338 inter
1697 319 1733 338 ser

939 365 999 392 quae
1015 357 1148 385 diﬂ‘crunt
1163 357 1234 392 apud
1259 356 1290 383 ι).
1317 356 1477 389 Maximum,
1495 357 1546 383 nisi
1566 364 1654 384 causa:
1666 357 1729 392 qui—

940 404 991 431 bus
1006 404 1060 430 nati
1074 407 1147 434 sunt,
1166 403 1301 430 haberem
1310 403 1391 437 368
1403 403 1573 429 varietatem.
1588 402 1644 429 Nec
1653 403 1726 430 enim

940 450 1091 485 perfectura
1106 457 1158 476 nec
1172 449 1336 476 immensum
1348 456 1398 476 nec
1410 448 1580 475 indeﬁnitum
1596 448 1623 475 in
1635 449 1729 476 multis

942 495 1049 524 servari
1068 499 1172 530 potest.
1393 502 1415 513 κ

94 544 244 579 Δαμασκοῦ
276 545 416 580 Ἰωάννης,
448 544 481 581 [1³.
501 545 553 572 174
565 545 590 581 r]
606 545 643 576 ὼς
677 545 702 571 εί
717 545 832 576 πολλοὺς
864 543 980 581 ἐροῦμεν
1001 543 1091 576 θεοὺς,
1120 543 1228 577 ἀνάγκη
1246 542 1385 582 ’διαφορὰν
1409 542 1437 568 ὲν
1459 543 1514 574 τοῖς
1532 541 1644 573 *πολλοῖς
1662 541 1729 568 θεω-

96 592 215 626 ρεῖσθαι.
234 592 265 617 El.
285 591 308 618 δ’
323 590 437 626 οὐδεμία
452 591 570 626 διαφορὰ
587 592 616 617 ὲν
632 591 735 623 αὐτοῖς,
773 588 813 621 εἷς
835 589 936 624 μᾶλλον
969 589 1016 615 καὶ
1035 588 1066 614 οὐ
1083 587 1187 614 πολλοί.
1221 587 1259 614 Οὺ
1290 588 1345 621 γὰρ
1371 586 1404 612 ἂν
1417 586 1541 620 διέφερον
1556 585 1680 620 ἀλλήλων
1694 586 1728 612 τὰ

94 639 260 674 διαφέροντα
288 639 360 666 κατὰ
391 639 436 666 τὸν
464 638 536 665 θεῖον
566 638 706 673 Μάξιμον,
737 639 760 664 εί
788 637 825 672 μὴ
850 636 905 664 τῶν
923 636 1011 670 λόγων
1037 633 1079 668 οἷς
1116 635 1262 670 γεγόνασιν
1280 635 1398 669 ἑχόντων
1427 634 1579 669 διαφοράν·
1596 634 1729 669 οὔτεγὰρ

94 686 125 713 τὸ
139 687 244 713 τέλειον
271 686 333 713 οὒτε
350 687 381 713 τὸ
407 687 523 722 ἄπειρον
539 686 601 713 οὔτε
621 687 651 713 τὸ
667 687 875 721 ἀπερίγραπτον
893 686 922 712 ὲν
938 685 995 716 τοῖς
1011 684 1120 715 πολλοῖς
1143 683 1328 718 φυλάττεσθαι
1342 682 1466 709 δύναται.

131 734 183 761 lB’.
207 734 288 769 Ὁρᾷς
308 734 378 766 πῶς,
402 735 470 761 ὃπου
495 735 629 769 διαφορᾶς
651 735 665 761 ὁ
685 735 765 768 λόγος
783 735 887 760 ἔννοιαν

96 780 273 814 παρεισάγει,
289 780 386 807 ἕπεται
401 782 450 815 μὲν
466 781 548 813 εὐθὺς
563 782 593 809 τὸ
609 781 724 814 πλῆθος,
743 782 887 809 ἐλαύνεται

977 732 1036 759 ΧΠ.
1053 731 1184 762 Videsne.
1199 731 1349 766 quomodo,
1366 730 1411 757 ubi
1429 737 1510 757 causa
1527 730 1666 757 varietatis
1681 738 1728 756 no-

942 778 1044 805 tionem
1062 777 1155 807 infert,
1169 781 1302 811 sequatUr
1315 777 1407 803 statim
1421 776 1579 808 multitudo,
1596 780 1623 802 et
1635 775 1727 810 depel-

95 825 124 852 δὲ
140 826 170 851 τὸ
189 825 218 852 ἓν
239 826 309 861 μετὰ
325 826 372 853 τοῦ
389 827 498 854 τελείου
520 828 567 855 καὶ
592 828 708 862 ἀπείρου
727 827 775 854 καὶ
788 827 886 862 ἀπερι-

942 823 1013 850 latur
1031 830 1115 849 unum
1128 830 1190 850 cum
1209 822 1335 849 absoluto
1348 826 1375 849 et
1389 822 1525 849 immenso
1539 827 1567 848 et
1582 821 1688 848 inﬁnito
1701 826 1727 848 ιι

97 871 222 906 γράπτου
246 872 293 898 καὶ
314 872 364 899 ὅσα
389 873 440 907 τῆς
464 873 539 904 θείας
553 873 648 905 οὐσίας
664 873 729 906 ἴδια,
748 873 852 907 μᾶλλον
865 873 888 899 δ’

97 917 149 943 ὃσα
166 917 273 951 πέφυκέ
297 926 326 944 τε
349 918 397 945 καὶ
411 919 486 946 ἐστιν
504 920 520 953 ἡ
536 919 596 946 θεία
611 920 689 947 οὐσία
703 929 710 952 ;
726 919 804 946 ”Ωσθ’
821 919 888 946 ὅπου

97 960 128 987 τὺ
143 962 249 995 κυρίως
264 961 325 994 ἓν,ὸ
338 961 406 993 Θεὸς
416 962 529 997 δηλαδὴ,
547 962 626 998 χώρα
644 963 700 994 τοῖς
715 963 824 995 πολλοῖς
840 963 889 990 καὶ

97 1006 239 1041 διαφόροις
250 1007 300 1034 οὐκ
316 1007 390 1035 ἐστιν
410 1000 648 1044 οὐδ”ἡτισοῦνῶὺ
662 1009 717 1045 γὰρ
733 1009 808 1036 θέσιν
825 1010 886 1037 τινὰ

97 1052 127 1078 τὸ
146 1053 219 1079 θεϊον
236 1055 324 1080 ἐκεῖνο
340 1054 370 1081 ἓν
391 1054 477 1089 δηλοῖ,
495 1055 621 1090 καθάπερ
648 1055 679 1082 τὸ
706 1057 733 1082 ἑν
753 1057 810 1087 τοῖς
826 1056 888 1083 κτί-

97 1106 183 1132 σμασι
196 1099 422 1134 καταχρηστικῶς
436 1100 584 1135 λεγόμενον
602 1101 648 1126 καὶ
666 1101 694 1126 ἐν
710 1101 767 1132 τοῖς
782 1100 889 1133 πολλοῖς

98 1145 289 1180 θεωρούμενον
305 1145 344 1174 ἓν,
360 1147 393 1173 Ὀ
412 1147 458 1173 καὶ
479 1147 568 1182 ἀρχὴν
592 1144 664 1173 εἷναί
692 1156 759 1181 φασι
786 1147 888 1179 παντὸς

98 1190 197 1222 ποσοῦ,
217 1191 263 1220 καὶ
279 1191 350 1226 πλὴν
369 1193 467 1219 οὐσίαν
481 1193 530 1228 οὐχ
546 1193 714 1227 ὑφίστασθαι
731 1193 792 1221 καθ’
810 1195 886 1226 αὐτὸ,

98 1237 144 1262 καὶ
166 1235 232 1261 ἄνευ
248 1236 295 1262 τιοῦ
310 1236 370 1267 to;
382 1237 477 1263 τούτου
496 1237 534 1271 μὴ
558 1235 629 1265 εἶναι
648 1238 761 1272 πλῆθος.
782 1239 815 1265 Ἡ
835 1239 889 1274 γὰρ

99 1280 254 1314 μετάληψις
266 1280 313 1307 τοῦ
329 1281 389 1311 ἑνὸς
404 1281 451 1307 καὶ
469 1281 499 1307 τὸ
518 1278 589 1313 εἶδος
604 1283 687 1309 αὑτοῦ
699 1283 728 1309 τὸ
743 1283 798 1310 τῶν
823 1284 889 1310 πολ-

99 1326 154 1352 λῶν
170 1326 300 1361 ὕφίστησι
315 1327 409 1353 ποσόν.
427 1327 510 1353 Ὅθεν
528 1327 576 1353 καὶ
589 1327 673 1360 δεκὰς
699 1328 748 1364 μία
764 1329 886 1362 λέγεται,

99 1373 146 1399 καὶ
159 1371 248 1406 χιλιὰς
263 1372 309 1398 καὶ
322 1371 424 1406 μυριὰς
436 1374 483 1399 καὶ
498 1373 532 1399 τὰ
549 1372 590 1399 ἔτι
606 1374 710 1401 τούτων
724 1374 888 1410 λεπτότερα,

98 1417 200 1450 τετράς
216 1426 245 1443 τε
268 1417 316 1450 μία
337 1419 382 1444 καὶ
406 1418 507 1449 πεντὰς
523 1420 570 1445 καὶ
589 1420 623 1445 τὰ
636 1417 756 1451 τοιιίῦτα,
775 1422 822 1446 καὶ
837 1421 887 1446 ὅσα

99 1463 132 1498 τῇ
147 1461 195 1489 toﬁ
209 1463 295 1495 εἴδους
312 1465 414 1498 μετοχῇ
430 1463 603 1496 ταυτίζονταί
619 1473 649 1491 τε
665 1465 714 1492 καὶ
729 1466 796 1506 προς
813 1466 843 1492 τὺ
857 1466 886 1492 ἓν

940 877 1001 904 qua:
1012 868 1112 895 divinte
1123 869 1251 895 essentia:
1263 867 1374 902 propria
1385 871 1450 905 sunt
1464 871 1511 894 aut
1522 868 1614 901 potius
1628 867 1728 901 quibus

940 919 1004 943 nata
1016 917 1058 941 est
1074 918 1102 941 et
1117 918 1159 940 est
1176 913 1267 940 divina
1284 913 1405 940 essentia
1417 914 1427 938 ?
1438 913 1533 947 Itaque
1548 913 1595 940 ubi
1609 918 1650 940 est
1665 921 1727 947 pro-

939 960 997 994 prie
1013 967 1110 993 unum,
1129 959 1236 986 scilicet
1260 959 1342 991 Deus,
1357 958 1451 985 multis
1476 962 1504 985 ct
1520 959 1636 987 diversis
1651 959 1728 986 locus

940 1005 1032 1032 nullus
1048 1010 1098 1033 est.
1118 1006 1178 1033 Non
1203 1007 1278 1033 enim
1299 1005 1465 1040 positionem
1486 1006 1631 1039 quamdam
1660 1005 1727 1033 diri-

939 1059 1004 1078 num
1020 1051 1086 1079 illud
1102 1059 1186 1079 unum
1205 1051 1331 1082 involvit,
1349 1051 1581 1085 quemadmodum
1598 1052 1624 1078 in
1649 1059 1728 1078 crea-

941 1097 974 1124 tis
992 1104 1045 1124 non
1059 1097 1169 1132 proprie
1185 1097 1286 1124 dicitur
1303 1101 1330 1123 et
1344 1097 1371 1124 in
1388 1097 1482 1124 multis
1495 1097 1618 1132 cernitur
1629 1104 1727 1127 unum.

941 1143 1014 1176 quod
1032 1143 1199 1178 principium
1218 1150 1279 1171 esse
1307 1143 1403 1170 dicunt
1427 1143 1517 1171 omnis
1544 1143 1704 1177 quantitatis
1719 1161 1728 1174 ,

940 1195 991 1216 nec
1002 1189 1062 1216 sine
1079 1190 1198 1216 essentia
1218 1189 1351 1217 exsistere
1364 1196 1413 1224 per
1426 1196 1467 1221 se,
1478 1196 1530 1216 nec
1540 1189 1600 1217 sine
1611 1188 1662 1216 hoc
1673 1196 1728 1216 uno

939 1241 1000 1262 esse
1017 1235 1235 1263 multitudinem.
1268 1235 1355 1263 Unius
1381 1235 1455 1262 enim
1483 1234 1680 1269 consequentia
1701 1242 1730 1263 et

939 1280 1026 1308 forma
1044 1281 1155 1315 subjicit
1172 1282 1320 1309 multarum
1343 1289 1435 1308 rerum
1450 1281 1643 1316 quantitatem,
1657 1282 1728 1308 unde

940 1333 995 1352 una
1011 1326 1091 1352 dceas
1109 1325 1211 1353 dicitur
1235 1331 1264 1354 et
1291 1324 1391 1353 millias
1407 1331 1436 1352 et
1453 1326 1554 1352 decies.
1571 1326 1672 1353 millias
1699 1330 1728 1354 et

939 1379 1000 1406 quae
1013 1371 1055 1398 his
1067 1376 1131 1398 sunt
1142 1371 1255 1404 leviora,
1267 1379 1321 1398 una
1335 1370 1492 1405 quaternio,
1503 1371 1599 1404 quinio
1610 1376 1637 1397 et
1648 1371 1728 1397 simi-

940 1416 975 1443 lia
987 1424 1048 1451 qua
1059 1417 1093 1443 ad
1108 1416 1204 1443 formae
1219 1417 1458 1451 participationem
1483 1416 1578 1442 eadem
1593 1415 1728 1443 habentur

941 1468 968 1490 et
985 1462 1018 1490 ad
1029 1470 1113 1491 unum
1130 1462 1297 1490 referuntur.
1312 1462 1394 1490 Multa
1407 1464 1479 1490 enim
1495 1463 1630 1497 partibus,
1643 1471 1727 1490 unum

99 1508 294 1542 ἀναφέρονται.
314 1509 369 1535 Καὶ
386 1510 440 1544 γὰρ
455 1510 486 1536 τὸ
500 1510 584 1537 πολλὰ
600 1511 656 1542 τοῖς
670 1511 786 1546 μέρεσιν
802 1511 831 1538 ἓν
847 1512 886 1547 τῷ

942 1508 1108 1543 integritate.
1132 1508 1217 1535 multa
1239 1508 1464 1538 circumstantiis.
1481 1516 1564 1534 unutn
1592 1508 1727 1543 subjecto,

99 1554 162 1589 ὅλῳ,
179 1554 227 1581 καὶ
250 1555 281 1580 τὸ
299 1555 385 1581 πολλὰ
401 1555 458 1586 τοῖς
485 1555 689 1592 συμβεϐηκόσιν
708 1556 737 1583 ἐν
764 1557 803 1593 τῷ
822 1558 888 1584 ὑπο-

99 1600 230 1634 κειμένῳ,
248 1601 295 1626 καὶ
310 1600 340 1626 τὸ
355 1600 440 1628 πολλὰ
455 1602 511 1633 τοῖς
526 1601 626 1628 εἴδεσιν
640 1601 669 1628 ἓν
684 1601 723 1637 τῷ
736 1602 821 1636 γένει,
840 1603 888 1629 καὶ

98 1643 129 1669 τδ
144 1643 231 1670 πολλὰ
244 1644 304 1674 ταῖς
327 1642 359 1679 [Γ.
384 1644 435 1670 174
445 1645 487 1680 υ.]
506 1644 631 1679 προόδοις
642 1644 672 1670 ἓν
686 1646 719 1679 τῇ
737 1645 818 1680 ἀρχῇ.
834 1647 888 1674 Καὶ

99 1689 130 1716 οὐ
146 1690 228 1724 μόνον
244 1690 290 1716 ἐπὶ
303 1690 356 1716 τῶν
370 1690 566 1725 διωρισμένων,
582 1690 650 1717 ἀλλὰ
664 1691 712 1716 καὶ
727 1691 762 1718 τὰ
787 1692 889 1726 συνεχῆ

100 1735 191 1762 πάντα
221 1734 336 1770 μεγέθη,
361 1736 386 1761 εί
411 1735 508 1769 φεύγει
529 1734 560 1763 τὸ
577 1735 616 1767 ἐν,
637 1736 677 1766 είς
695 1735 797 1770 πλῆθος
817 1736 889 1763 κατὰ

99 1779 332 1815 ἀντιπεπόνθησιν
366 1779 554 1816 θρυπτόμενα,
580 1781 627 1806 καὶ
654 1781 704 1814 τὴν
732 1780 830 1807 οὐσίαν
856 1782 889 1816 ἣν

99 1823 174 1860 εἶχεν
193 1825 356 1858 ἀπόλλυσιν,
370 1826 460 1852 οὐκέτι
479 1825 545 1852 ὄντα
570 1825 584 1851 ὂ
606 1823 651 1860 ἦν.
669 1825 738 1866 Καθ’
754 1826 816 1853 ὅσον
831 1827 886 1862 γὰρ

99 1872 131 1897 τὸ
144 1870 174 1897 ἓν
191 1870 350 1902 ἀπόλλυσιν,
366 1870 496 1897 ἀλλάσσει
520 1871 568 1896 καὶ
585 1869 616 1896 τὸ
638 1868 708 1896 εἶναι
736 1870 887 1905 τμηθέντα,

101 1916 147 1944 διὰ
161 1917 192 1943 τὺ
208 1914 279 1943 εἶναι
295 1916 325 1943 τὸ
343 1915 372 1943 ἓν
400 1916 528 1943 ἁπάντων
555 1916 698 1949 στοιχείων
713 1916 841 1943 ὲνωτικόν
858 1924 889 1942 τε

103 1962 152 1988 καὶ
183 1961 376 1996 συλληπτικὸν,
405 1960 492 1987 ὀπότα
525 1961 630 1994 γένεσίς
657 1969 688 1987 τε
720 1960 812 1996 βόσκει
842 1961 890 1986 καὶ

104 2006 206 2041 φθορά.
226 2007 259 2033 Ἢ
273 2007 328 2041 γὰρ
349 2007 478 2042 ἑτερότης
489 2006 621 2042 διαφορὰν
640 2006 687 2033 τοῦ
710 2006 786 2037 ὕντος
813 2006 889 2032 εἰσά-

103 2062 204 2088 γουσα,
218 2053 285 2088 πρὸς
303 2053 406 2079 ἔννοιαν
418 2053 464 2078 τοῦ
482 2054 520 2088 μὴ
536 2052 611 2083 ὄντος
629 2051 727 2087 ῥᾳδίως
742 2051 888 2086 ἐξίστησιν.

104 2100 142 2126 0-3
165 2099 221 2134 μὴν
238 2099 268 2125 τὸ
287 2099 365 2125 Θεῐον
378 2098 408 2125 ἐν
421 2099 508 2125 ἐκεῖνο
522 2098 644 2124 τοιοῦτον
655 2105 663 2113 ο
678 2097 820 2132 ποιητικὸν
836 2097 890 2132 γὰρ

103 2144 208 2170 τούτων
237 2143 374 2170 συνθέτων
399 2143 496 2176 ὄντων,
526 2142 631 2169 ἁπλοῦν
661 2142 838 2170 παντάπασιν
860 2141 890 2168 ’ὁν

102 2192 192 2217 ἐκεῖνο
215 2190 262 2216 καὶ
284 2189 483 2224 ὑπερκόσμιον.
505 2189 573 2216 Οὐδὲ
591 2189 666 2215 θέσιν
680 2189 786 2215 τοιάνδε
802 2189 889 2223 δηλοῖ,

102 2236 160 2263 ἀλλ’
175 2236 257 2271 ἄρσιν
273 2236 305 2262 ἐκ
326 2235 380 2261 τῶν
396 2235 512 2267 πολλῶν,
525 2235 575 2260 ὅσα
590 2243 620 2260 τε
637 2234 755 2268 αίσθητὰ
773 2234 819 2260 καὶ
838 2235 890 2261 ὅσα

103 2282 199 2316 νοητά.
217 2281 249 2307 Et
265 2282 319 2316 γὰρ
333 2281 362 2307 τὺ
376 2281 478 2316 κυρίως
493 2279 522 2306 ὃν
538 2279 578 2311 ἓν,
591 2279 667 2306 ἔσται
685 2279 739 2313 ἄρα.
755 2280 844 2305 καὶτὸ
860 2279 890 2306 ἐν

102 2328 208 2363 κυρίως
223 2326 253 2352 ὃν
267 2328 314 2354 καὶ
343 2325 389 2352 νοῦ
417 2326 518 2358 παντὸς
543 2326 683 2352 ἐπέκεινα.
700 2325 753 2351 Τοῦ
780 2325 802 2351 δ’
830 2325 890 2356 ἑνὸς

101 2375 232 2401 ἐπέκεινα
249 2374 302 2400 τῶν
318 2374 426 2400 πάντων
443 2373 528 2400 οὐδέν.
544 2373 626 2398 Ὅθεν
642 2374 688 2398 καὶ
703 2371 786 2398 εἰκὼν
801 2372 814 2398 ὁ
828 2372 890 2404 νοῦς

101 2420 150 2446 τοῦ
180 2420 240 2450 ἑνὸς
267 2419 372 2446 ἐκείνου
390 2420 510 2452 λέγεται.
529 2416 605 2444 Εῖνοιι
628 2420 683 2454 γὰρ
709 2420 755 2444 καὶ
770 2418 815 2444 τὸν
827 2417 889 2444 νοῦν

102 2467 162 2500 φῶς
192 2465 295 2491 ἄυπνον
320 2465 367 2491 καὶ
399 2465 471 2499 ζωὴν
500 2465 636 2498 μένουσαν
653 2464 699 2489 καὶ
727 2463 821 2497 νόησιν
840 2464 890 2490 οὐκ

103 2511 269 2546 ἐνεργοῦσαν
283 2512 323 2542 είς
344 2511 372 2536 τὸ
391 2511 498 2544 μέλλον,
516 2509 573 2536 ἀλλ’
593 2510 633 2539 εἰς
655 2510 688 2536 τὰ
705 2510 829 2544 παρόντα
846 2510 890 2535 ἀεὶ

103 2558 151 2584 καὶ
165 2558 296 2588 ὡσαύτως
319 2556 427 2591 ἔχοντα,
442 2554 576 2590 σύμφωνά
588 2563 617 2580 τε
637 2555 702 2583 ὄντα
719 2555 826 2586 ἑαυτοῖς
842 2555 890 2581 καὶ

102 2603 209 2638 οὐδαμῆ
238 2611 304 2628 ποτε
324 2602 474 2637 μαχόμενα.
491 2601 563 2636 Πρὸς
589 2601 621 2635 δὴ
648 2600 678 2626 τὸ
700 2601 820 2626 τοιοῦτον
848 2600 889 2633 ἓν,

101 2651 148 2677 τὸν
162 2651 230 2676 θεον
251 2650 360 2685 δηλαδὴ,
380 2649 457 2676 πάντ’
474 2650 566 2676 ἐκεῖνα
590 2647 625 2674 τὰ
651 2647 737 2673 πολλὰ
761 2647 815 2672 τῶν
830 2646 888 2672 ὀνο-

104 2697 199 2731 μάτων
215 2696 286 2722 κατὰ
313 2697 359 2721 τὴν
384 2695 453 2720 θεῖον
480 2695 608 2728 φέροι-παι
637 2692 806 2724 Ἀθλινάσιον,
824 2691 841 2717 ἆ
860 2699 889 2716 τε

103 2743 239 2777 πρζτερον
265 2741 292 2767 ὲν
309 2741 397 2772 ἄλλοις
422 2741 516 2775 εἴρηκε
546 2739 646 2781 λόγοις,
664 2739 711 2770 καὶ
738 2737 755 2764 ἂ
781 2737 838 2768 νῦν,
857 2736 888 2762 τὸ

102 2787 244 2822 ἄφθαρτον
277 2786 385 2821 δηλαδὴ,
401 2786 431 2812 τὸ
466 2786 613 2820 ἄτρεπτον,
629 2784 659 2810 τὸ
684 2782 887 2816 ἀκατάληπτον,

103 2834 133 2859 τὸ
150 2830 276 2864 δυναιδν,
291 2831 320 2858 τὺ
345 2829 560 2866 προγνωστικὸν,
578 2829 626 2855 κει).
647 2829 693 2854 ὅσα
714 2827 786 2854 ἐστὶν
803 2828 817 2853 ὁ
834 2827 888 2853 Πα-

941 1555 1025 1581 Inulta
1043 1554 1149 1586 formis,
1168 1562 1253 1581 unum
1272 1561 1381 1588 genere,
1399 1554 1483 1581 multa
1509 1560 1620 1587 eventu,
1642 1562 1726 1582 unum

940 1599 1087 1634 principio,
1103 1604 1130 1626 et
1143 1607 1196 1626 non
1213 1599 1293 1626 modo
1308 1598 1335 1626 in
1354 1599 1496 1634 separatis,
1509 1599 1555 1626 sed
1569 1599 1651 1625 etiam
1662 1607 1728 1626 cul-

939 1651 990 1673 ctze
1004 1645 1216 1680 magnitudines,
1234 1645 1256 1671 si
1272 1644 1382 1679 fugiunt
1398 1652 1495 1678 unum,
1514 1644 1548 1671 ad
1572 1644 1727 1672 multitudi-

941 1698 1002 1719 nem
1032 1690 1260 1725 compensatione
1290 1689 1372 1725 369
1391 1689 1495 1717 minuta
1521 1694 1548 1717 et
1575 1689 1723 1717 essentiam

940 1744 1020 1771 quam
1046 1735 1183 1762 habebant
1203 1735 1343 1767 amittunt,
1356 1742 1406 1762 nec
1422 1734 1495 1769 quod
1507 1738 1587 1762 erant
1611 1735 1729 1769 amplius

940 1787 1014 1810 sunt.
1024 1781 1074 1810 Ubi
1090 1781 1164 1810 enim
1176 1789 1260 1808 unum
1272 1781 1414 1813 amittunt,
1427 1780 1464 1807 ita
1479 1781 1656 1815 consequitur
1667 1788 1728 1807 esse

941 1828 1051 1862 partita,
1070 1832 1182 1863 propter
1196 1834 1257 1855 esse
1271 1834 1369 1860 unum,
1384 1826 1538 1854 concilians
1563 1831 1592 1854 et
1604 1826 1725 1860 comple-

947 1878 1026 1901 ctens
1038 1873 1130 1901 omnia
1143 1873 1279 1900 elementa
1290 1879 1459 1909 quazcunque
1475 1877 1553 1899 ortus
1573 1877 1599 1898 et
1614 1878 1727 1899 occasus

941 1919 1006 1949 lert.
1025 1919 1183 1947 Diil'erentia
1210 1919 1284 1946 enim
1310 1919 1470 1946 varietatem
1492 1918 1540 1945 τοῦ
1559 1925 1620 1945 esse
1639 1918 1727 1944 invol-

941 1971 1019 1995 vens,
1037 1964 1070 1991 ad
1089 1964 1135 1991 τοῦ
1152 1972 1208 1991 non
1226 1971 1287 1991 esse
1306 1964 1385 1991 facile
1398 1963 1531 1998 pervenit.
1551 1963 1662 1990 Minime
1684 1963 1728 1990 di-
1771 1972 1775 1975 ·

941 2008 1034 2035 vinum
1053 2009 1118 2035 illud
1132 2016 1227 2037 unum.
1242 2015 1340 2036 creans
1359 2008 1512 2042 composita
1536 2007 1591 2042 illa,
1612 2007 1727 2042 simplex

941 2054 1052 2080 omnino
1068 2058 1096 2080 et
1123 2054 1332 2088 supernaturale
1346 2073 1354 2087 ,
1371 2062 1427 2082 non
1448 2053 1528 2082 talem
1560 2053 1726 2087 positionem

941 2099 1139 2134 expositionem
1156 2099 1284 2134 explicat,
1300 2099 1349 2127 sed
1363 2098 1567 2133 exemptionem
1596 2107 1610 2126 θ
1633 2099 1729 2126 multis

942 2151 1002 2180 qua:
1019 2149 1084 2172 sunt
1095 2144 1238 2173 sensibilia
1255 2149 1283 2174 et
1298 2144 1493 2181 intelligibilia.
1508 2144 1536 2172 Si
1548 2145 1633 2177 enim,
1654 2145 1727 2179 quod

946 2191 1056 2226 proprie
1066 2195 1118 2222 est.
1136 2199 1220 2219 unum
1237 2196 1291 2223 est,
1313 2198 1397 2218 unum
1409 2198 1475 2225 ergo
1486 2190 1538 2217 erit
1554 2191 1665 2226 proprie
1679 2198 1728 2217 ex-

944 2237 1044 2263 sistens
1068 2240 1097 2264 et
1126 2236 1196 2264 ultra
1226 2243 1336 2264 omnem
1357 2235 1502 2263 rationem.
1523 2235 1609 2263 Unius
1638 2241 1729 2262 autem

944 2281 1013 2308 nihil
1029 2281 1097 2309 ultra
1112 2283 1281 2313 universum,
1301 2281 1374 2309 unde
1388 2280 1458 2308 ratio
1483 2281 1572 2316 imago
1590 2280 1671 2308 unius
1695 2280 1727 2307 il-

944 2326 998 2353 lius
1012 2326 1123 2353 dicitur.
1140 2326 1205 2354 Esse
1233 2325 1307 2355 enim
1335 2327 1468 2359 rationem
1493 2326 1585 2354 lumen
1614 2325 1676 2359 vigil
1701 2330 1730 2352 et

945 2374 1016 2399 viam
1035 2378 1190 2400 tnanentem
1204 2376 1232 2400 et
1261 2377 1380 2400 mentem
1395 2379 1448 2399 non
1468 2371 1501 2398 ad
1527 2370 1648 2397 futurum
1664 2371 1730 2397 aeti-

944 2426 1016 2450 vam,
1034 2418 1080 2446 sed
1093 2418 1126 2446 ad
1143 2417 1287 2453 praesentia
1303 2423 1330 2445 et
1349 2425 1410 2452 qua:
1427 2417 1527 2453 similia
1544 2421 1609 2444 sunt
1623 2420 1649 2442 et
1674 2415 1729 2442 sibi

943 2463 1100 2494 Concordia,
1123 2452 1234 2489 minimc
1258 2469 1378 2497 unquam
1403 2452 1593 2494 repugnantia.
1619 2459 1657 2485 Ad
1675 2459 1730 2486 tale

944 2516 1040 2538 unum,
1056 2508 1159 2535 scilicet
1175 2507 1271 2539 Deum,
1286 2506 1377 2532 omnia
1394 2506 1440 2532 illa
1452 2505 1562 2532 nomina
1576 2505 1731 2532 secundum

944 2553 974 2580 D.
996 2553 1175 2580 Athanasium
1195 2553 1330 2584 feruntur,
1348 2559 1408 2586 qua:
1425 2555 1503 2577 antea
1525 2551 1551 2576 in
1568 2546 1630 2583 aliis
1652 2550 1731 2577 libris

944 2599 1095 2633 protulitet
1106 2606 1166 2632 qua:
1182 2605 1264 2628 mine,
1282 2604 1378 2632 nempe
1402 2595 1621 2629 incorruptibile,
1637 2595 1732 2622 immu-

944 2645 1035 2676 taliilc,
1061 2642 1350 2678 iucomprcbensibilc,
1373 2641 1733 2676 onmipotens,providens,

944 2696 1111 2724 quaecunque
1123 2688 1202 2715 Pater
1214 2693 1277 2715 sunt
1302 2692 1328 2714 et
1349 2695 1408 2722 qua:
1434 2687 1543 2722 propria
1563 2688 1644 2715 etiam
1671 2687 1733 2714 Fiiii

942 2743 1002 2762 esse
1029 2735 1105 2766 dicit,
1125 2734 1146 2761 si
1172 2734 1281 2770 quidem
1309 2734 1443 2761 naturalia
1462 2738 1490 2760 et
1512 2733 1677 2765 essentialia,
1699 2741 1735 2760 ne

943 2782 1030 2808 dii-am
1050 2781 1138 2815 ipsum
1156 2788 1215 2808 cs:e
1231 2780 1338 2808 Filium.
1354 2781 1528 2813 Qmecunque
1546 2779 1735 2806 attribuuntur

943 2826 1015 2854 Patri
1028 2825 1189 2853 naturaliter
1198 2830 1224 2854 et
1234 2826 1427 2859 essentialitcr,
1437 2825 1549 2861 370m
1565 2824 1668 2852 dit-ill).
1680 2825 1733 2861 (Zy-
