1909 3064
103 136 155 167 3’2)

582 125 807 164 BYZANTINAS
828 131 1019 161 umente
1038 126 1111 162 Lm.
1134 125 1237 162 xxXi.

1665 126 1716 160 διο

102 193 200 224 θείαις,
216 194 358 228 μερισταῖς
374 193 424 227 μὲν
446 192 539 223 οὔσαις
563 191 673 223 ἔξωθεν,
688 191 717 216 τὸ
731 190 759 216 δὲ
776 191 888 224 κέντρον

940 189 972 215 ad
989 197 1019 216 ea
1033 196 1092 223 quae
1108 196 1220 216 sensum
1236 188 1343 223 fugiunt
1359 196 1376 223 p
1395 197 1406 215 r
1423 188 1610 222 conjecturam
1629 187 1716 220 perci-

103 238 216 273 μερίσαι
232 238 269 272 μὴ
286 238 458 273 δυναμέναις,
475 238 544 265 ἀλλὰ
560 237 672 272 μᾶλλον,
689 236 751 263 ὅσον
764 235 884 269 ἐφικτὸν,

102 283 282 317 ὲνιζομέναις.
306 284 350 310 Ἐν
371 284 425 318 γὰρ
444 285 477 318 τῇ
496 283 606 318 θεωρίᾳ,
624 281 656 318 [Γ.
675 281 725 309 176
749 279 787 316 r.]
808 281 886 315 φησὶ,

101 328 150 362 τῆς
162 329 261 363 νοερᾶς
277 328 397 363 φύσεως,
414 329 458 355 διὰ
472 328 503 354 τὸ
523 326 705 362 ὑπερκεῖσθαι
724 327 774 360 τῆς
791 325 886 360 αἰσθη-

101 374 150 408 τῆς
165 374 252 409 αὐτὴν
274 374 463 410 καταλήψεως,
485 372 673 408 στοχαστικῶς
692 371 742 406 τῆς
765 371 886 402 διανοίας

101 421 270 456 ὀρεγομένης
296 421 350 447 τῶν
372 420 563 455 ὲκφευγόντων
588 419 638 454 τὴν
653 418 791 452 αἴσθησιν,
810 418 886 445 ἄλλοι

101 466 190 497 ἄλλως
212 465 363 499 κινούμεθα
381 474 411 492 τε
429 466 495 500 περὶ
510 466 539 492 τδ
555 463 733 499 ζητούμενον,
750 464 797 490 καὶ
813 464 885 489 κατὰ

101 512 150 545 τὴν
170 512 351 546 έγγινομένην
366 510 474 546 ἑκάστῳ
489 511 554 546 περὶ
578 510 609 536 ca
627 510 807 544 ὑποκείμενον
829 509 886 536 διά-

101 565 189 589 νοιαν⁹
211 557 286 588 ὅπως
303 556 335 583 ἂν
347 555 402 583 οἷόν
416 565 445 583 τε
461 564 490 592 ῃ,
502 556 531 582 τὸ
554 555 649 591 νοηθὲν
671 554 883 588 ἐξαγγέλλομεν.

106 602 137 628 '0
154 602 178 629 δ’
190 601 298 637 ἀμαθὴς
313 599 446 636 Παλαμᾶς
463 602 506 628 διὰ
525 601 639 636 γνώμης
659 601 761 627 ἀτόπου
782 601 885 635 μοχθη-

103 648 218 683 ροτέραν
237 649 293 681 ἕξιν
316 648 391 683 παρὰ
418 648 519 682 φαῦλον
547 647 595 679 τὰς
612 647 667 674 τῶν
686 646 772 681 ἁγίων
791 646 884 681 ῥήσεις

102 694 298 728 ποιησάμενος,
315 694 364 728 τὴν
391 694 439 720 τοῦ
462 693 530 720 Θεοῦ
557 693 742 727 συνεκύκησεν
765 692 884 726 Ἐκκλη-

102 739 174 771 σίαν,
205 739 255 766 οὐκ
279 737 328 766 οἷδ’
352 739 493 773 ὁπότερον,
521 739 571 766 εἴτ’
597 739 671 764 ἄκων
698 737 805 772 ἀγνοῶν
833 738 883 772 τὴν

71 814 75 821 ι
101 785 216 812 ἐκείνων
239 783 369 818 διάνοιαν,
397 785 447 812 εἴθ’
481 784 551 812 ἑκὼν
582 784 753 819 βλασφημῶν
779 785 826 810 καὶ
854 785 883 810 ὲν

69 839 73 842 ’
103 831 295 866 ὑποκειμένοις
312 832 358 857 xui
373 831 512 864 διαφόροις
531 830 689 865 πράγμασι,
708 829 742 855 τὰ
765 830 883 865 διάφορα

937 234 1036 268 pienda
1046 238 1160 267 attenta,
1171 234 1217 260 alii
1230 234 1308 261 aliter
1321 233 1511 268 persequimur
1522 232 1549 259 id
1561 231 1634 266 quod
1646 239 1716 266 quze-

937 280 1073 313 rimus,et
1086 280 1119 306 ad
1130 280 1264 307 rationem
1279 279 1313 306 de
1327 279 1451 315 subjecto
1465 279 1564 314 cuique
1578 279 1698 305 innatam
1709 297 1717 310 .

937 325 1002 359 quid
1017 329 1045 351 et
1061 325 1140 359 quale
1153 325 1188 351 sit
1205 325 1230 351 id
1247 325 1319 360 quod
1335 325 1526 359 cogitavimus,
1542 323 1717 358 proferimus.

937 369 1049 401 Ignarus
1069 375 1159 397 autem
1180 370 1305 397 Palamas
1318 376 1431 405 propter
1444 369 1570 397 absurdae
1580 367 1720 403 opinionis

936 416 1100 451 pravitatem
1117 416 1256 451 corruptis
1274 421 1432 443 sanctorum
1451 415 1542 443 verbis
1560 415 1608 442 Dei
1625 414 1719 442 Eccle-

936 460 1003 487 siam
1026 460 1215 495 perturbavit,
1233 461 1326 488 nescio
1344 467 1410 487 num
1437 461 1550 492 invitus,
1581 459 1718 494 incognita

936 507 1045 534 illorum
1072 507 1228 539 sententia,
1259 515 1293 534 an
1316 511 1413 542 sponte
1435 506 1630 541 blasphemans
1646 509 1674 532 ct
1691 505 1719 530 in

936 552 1068 587 subjectis
1090 557 1117 578 ct
1144 552 1229 580 variis
1262 552 1345 579 rebus
1370 552 1444 579 varia
1474 552 1522 578 illa
1554 551 1645 578 omnia
1678 549 1720 577 di-

935 597 997 625 vina
1033 599 1143 626 nomina
1180 599 1262 633 impie
1296 599 1506 630 sublaturus,et
1532 597 1632 624 multos
1657 596 1720 623 inde

934 644 1077 678 variosque
1101 645 1236 671 incrcatos
1257 644 1434 671 nuntiaturus
1455 644 1521 671 deos
1542 648 1570 670 et
1593 643 1717 669 deitates.

934 684 993 717 Non
1011 689 1084 716 enim
1099 690 1205 717 audisse
1216 690 1323 717 videtur
1336 689 1496 724 Gregorium
1512 689 1662 725 Nyssenum
1675 687 1716 714 di-

934 742 1059 764 centem:
1077 736 1105 764 Si
1121 744 1174 764 non
1197 745 1277 764 unam
1308 745 1369 766 esse
1390 737 1574 775 venerabilem
1591 742 1715 764 naturam

934 784 1079 810 crederent
1104 783 1247 816 homines,
1268 784 1315 811 sed
1339 784 1366 811 in
1395 784 1484 811 varias
1507 783 1624 811 deitates
1646 783 1719 817 cogi-

935 829 1038 856 tatione
1057 829 1270 862 distribuereut,
1297 838 1350 857 non
1376 834 1451 857 esset
1479 829 1554 864 quod
1580 829 1719 856 notionem

101 877 156 903 τῶν
174 877 280 903 πολλῶν
300 876 410 903 ἐκείνων
428 876 589 910 θεοπρεπῶν
608 875 751 910 ὀνομάτων
778 875 884 906 ἀσεϐῶς

940 873 984 900 Dei
1007 880 1055 907 per
1071 880 1224 900 creaturam
1242 874 1422 909 prodeuntem
1451 875 1642 907 constitueret,
1671 873 1719 900 sed

102 923 294 956 ὲκλαμὸάνων,
317 923 364 948 καὶ
383 921 485 952 πολλὰς
513 921 558 948 καὶ
586 920 731 955 διαφόρους
759 920 886 947 ἐντεῦθεν

103 969 249 998 ἀκτίστους
265 967 410 1002 κηρύττων
437 967 516 998 θεοὺς
530 967 577 993 xui
591 966 732 1002 θεότητας.
750 966 817 992 Οὐδὲ
831 966 886 1001 γὰρ

101 1015 162 1041 οὐδὲ
190 1015 342 1049 Γρηγορίου
366 1013 413 1040 τοῦ
443 1013 564 1047 Νύσσης,
591 1012 629 1043 ὡς
658 1012 740 1044 ἔοικε,
769 1011 887 1046 βοῶντος

102 1061 284 1095 ἁκήκοεν,ὡς
298 1060 364 1086 ὅταν
395 1060 432 1094 μὴ
455 1059 519 1094 μίαν
545 1056 617 1085 εἶναι
641 1058 691 1092 τὴν
716 1066 887 1092 προσκυνηυη

105 1105 192 1139 μένην
216 1103 298 1138 φύσιν
326 1104 508 1130 πιστεύσωσιν
535 1103 560 1128 οἱ
589 1102 738 1136 ἂνθρωποι,
759 1101 817 1127 ἀλλ’
843 1102 883 1132 είς

102 1149 250 1182 διαφόρους
269 1148 399 1183 θεότητας
413 1149 472 1178 ταῖς
487 1146 603 1177 ἐννοίαις
622 1146 823 1181 ἀπενεχθῶσιν,
835 1147 885 1172 οὐκ

103 1195 177 1221 ἔστιν
192 1194 206 1220 ὃ
217 1195 311 1229 στήσει
325 1193 374 1228 τὴν
387 1195 450 1227 περὶ
462 1193 491 1219 τὸ
505 1193 582 1219 Θείον
592 1191 726 1226 ὑπόληψιν
739 1191 887 1226 προϊοῦσαν

103 1241 148 1268 διὰ
171 1241 220 1274 τῆς
245 1239 372 1269 κτίσεως,
388 1239 456 1265 ἀλλὰ
479 1238 510 1264 τὸ
532 1237 658 1272 νομισθὲν
684 1238 712 1263 ὲν
739 1238 772 1272 τῇ
799 1236 887 1263 κτίσει

104 1285 176 1312 θεῖον
205 1285 317 1319 ἀφορμὴ
342 1285 409 1317 πρὸς
437 1284 485 1319 τὴν
514 1283 576 1318 ἴσην
602 1282 735 1317 ὑπόληψιν
759 1281 797 1317 τῷ
828 1281 887 1316 μετ’

104 1333 193 1358 έκεῖνο
211 1331 390 1366 θεωρουμένῳ
406 1330 564 1364 γενήσεται,
583 1320 694 1355 κᾶκεξνο
717 1328 756 1362 τῷ
775 1327 886 1362 ἐφεξῆς,

105 1378 151 1404 καὶ
176 1377 221 1404 διὰ
247 1377 354 1403 πάντων
378 1377 395 1410 ἡ
423 1376 474 1409 τῆς
487 1375 649 1405 ἀκολουθίας
671 1373 773 1407 ταύτης
798 1373 886 1406 πλάνη

937 919 1072 946 creditum
1100 920 1127 946 in
1158 925 1283 947 creatura
1309 921 1433 948 divinum
1464 920 1531 947 illud
1556 920 1720 955 principium

936 964 978 996 ei,
995 964 1042 999 qui
1065 964 1099 991 ad
1121 965 1245 992 eamdem
1270 966 1504 994 existimationem
1527 966 1592 994 illud
1618 965 1722 1001 disqui—

937 1008 1042 1036 siturus
1057 1013 1117 1042 est,
1134 1009 1184 1036 fuit
1200 1010 1331 1037 continuo
1345 1015 1371 1038 et
1388 1011 1415 1037 in
1433 1011 1528 1038 omnia
1552 1011 1634 1046 huthS
1658 1018 1724 1038 con-

939 1054 1088 1088 sequentia:
1112 1055 1192 1090 373
1220 1063 1300 1082 error
1326 1056 1515 1090 permanabit,
1545 1064 1607 1083 eum
1636 1058 1723 1091 pritna

938 1099 1012 1126 fraus
1035 1099 1098 1127 inde
1122 1108 1170 1135 per
1194 1101 1345 1135 propinqua
1362 1109 1447 1137 usque
1467 1102 1500 1129 ad
1521 1107 1644 1129 extrema
1659 1110 1723 1137 per-

940 1145 1087 1173 meaverit.
1115 1145 1217 1173 Deinde
1233 1147 1333 1181 inquit,
1347 1155 1381 1174 ne
1403 1148 1469 1178 hoc.
1483 1147 1620 1182 patiamur
1629 1154 1681 1175 nos
1690 1146 1724 1175 ad

940 1197 1033 1217 veram
1061 1191 1191 1218 deitatem
1219 1192 1315 1219 oculos
1329 1196 1490 1220 convertere
1506 1193 1598 1220 edocti
1615 1200 1630 1220 a
1650 1192 1725 1220 Scri-

937 1240 1033 1270 ptura,
1050 1243 1130 1264 omne
1147 1241 1268 1264 creatum
1284 1242 1360 1265 extra
1375 1238 1496 1265 divinam
1511 1243 1636 1265 naturam
1651 1238 1725 1273 cogi-

940 1287 996 1309 tare
1008 1282 1163 1314 didicimus.
1176 1288 1258 1318 atque
1271 1291 1352 1310 unam
1365 1283 1514 1312 increatam
1526 1290 1651 1312 naturam
1660 1285 1725 1312 ado-

941 1335 1001 1354 rare
1015 1333 1042 1355 et
1058 1328 1191 1355 venerari
1204 1348 1212 1360 ,
1229 1329 1307 1364 cujus
1320 1329 1428 1364 signum
1443 1334 1485 1357 est
1498 1334 1579 1364 atque
1592 1330 1725 1357 indicium

940 1380 1029 1407 neque
1044 1373 1164 1407 incipere
1178 1374 1365 1402 exsistemiam
1381 1383 1432 1402 nec
1447 1371 1583 1403 desinere.

103 1425 320 1460 διενεχθήσεται,
350 1423 402 1457 τῆς
426 1423 538 1457 πρώτης
557 1421 661 1454 ἀπάτης
695 1420 740 1446 διὰ
771 1419 825 1445 τῶν
860 1419 1071 1453 παρακειμένων
1094 1420 1176 1454 μέχρι
1200 1419 1255 1446 τῶν
1279 1421 1403 1455 ἐσχάτων
1426 1421 1598 1457 διεξιούσης·
1615 1421 1675 1450 εἶτα
1687 1422 1725 1456 ὡς

104 1473 137 1499 ἂν
156 1471 195 1507 μὴ
212 1471 302 1501 τοῦτο,
315 1469 392 1503 φησὶ,
408 1468 542 1502 πάθοιμεν
555 1466 603 1493 xui
617 1467 697 1500 ἡμεῖς
711 1466 735 1491 οἱ
749 1464 780 1500 [1⁸.
796 1465 845 1492 Πϐ
861 1464 900 1500 υ.]
920 1464 990 1499 πρὸς
1002 1465 1050 1499 τὴν
1072 1465 1204 1500 ἀληθινὴν
1237 1466 1359 1502 Θεότητα
1380 1468 1487 1503 βλέπειν
1503 1471 1579 1504 παρὰ
1593 1470 1642 1505 τῆς
1657 1471 1726 1506 Γρά-

104 1522 159 1556 φῆς
189 1519 390 1552 διδασκόμενοι,
423 1516 477 1542 πᾶν
503 1515 533 1541 τὸ
559 1513 669 1541 κτιστδν
689 1513 742 1545 ἔξω
762 1512 812 1547 τῆς
842 1512 917 1543 Θείας
938 1513 1046 1546 φύσεως
1076 1514 1145 1539 νοεῖν
1161 1513 1373 1550 ἐπαιδεύθημεν,
1392 1515 1476 1550 μόνην
1489 1516 1516 1543 δὲ
1531 1517 1580 1557 τῂν
1599 1517 1726 1545 ἀκτιστον

106 1568 189 1603 φύσιν
203 1565 348 1601 λατρεύειν
371 1572 400 1590 τε
416 1563 465 1591 xui
489 1561 664 1595 σεϐάζεσθαι,
684 1558 718 1597 ἦς
740 1562 886 1596 χαρακτήρ
905 1560 965 1587 ἐστι
979 1560 1025 1588 xui
1040 1561 1186 1597 γνώρισμα
1199 1562 1229 1589 τὸ
1243 1562 1313 1598 μήτε
1347 1562 1484 1598 ἄρχεσθαι
1514 1564 1561 1590 τοῦ
1577 1563 1647 1592 εἷναί
1660 1575 1726 1593 ποτε

108 1618 181 1653 μήτε
195 1614 341 1643 παύεσθαι.

140 1660 191 1689 1Δ’.
215 1658 297 1696 Ὁρᾷς
314 1659 344 1686 τδ
361 1659 414 1685 τῶν
439 1657 564 1692 πατρίων
586 1656 696 1692 θεσμῶν
717 1657 765 1684 xui
782 1657 889 1692 ῥήσεων

977 1656 1047 1684 XIV.
1069 1657 1190 1685 Videsne
1206 1663 1331 1686 veterum
1345 1659 1518 1688 decretorum
1533 1660 1727 1696 dictorumque

104 1705 352 1742 ἀναμφισϐήτητόν
363 1713 392 1730 τε
409 1703 458 1730 xui
470 1702 697 1729 δυσαντίῦλεπτον
713 1702 783 1737 μετά
797 1702 889 1736 πάσης

105 1753 264 1788 εὖκρινεῑας
290 1751 349 1786 ἅμα
374 1749 421 1776 xui
453 1748 640 1783 καθαρότητος
665 1748 777 1783 προῖόν;
796 1747 889 1783 Μόνην

104 1800 161 1834 γὰρ
178 1799 227 1833 τὴν
245 1798 320 1824 θείαν
343 1796 437 1823 οὐσίαν
461 1795 509 1821 καὶ
536 1794 617 1828 φύσιν
634 1793 777 1828 λατρεύειν
797 1801 827 1819 τε
842 1793 891 1819 xui

105 1844 235 1872 σέϐεσθαι
251 1845 388 1878 παραινεῖ·
404 1842 422 1869 ἃ
449 1841 470 1868 δ’
495 1841 609 1867 ἀνούσιά
630 1849 658 1866 τε
683 1841 729 1867 καὶ
745 1839 830 1866 πολλὰ
844 1839 892 1865 καὶ

104 1891 156 1924 τῆς
173 1889 249 1920 θείας
262 1888 370 1921 φύσεως
385 1887 474 1917 ἐκτὸς,
486 1885 589 1912 τούτων
610 1885 686 1912 οὐδὲν
699 1885 804 1919 οὐδαμῆ
822 1885 891 1918 μήτε

106 1935 272 1970 προσκυνεῖν
297 1934 368 1968 μήτε
394 1932 532 1959 σέϐεσθαι.
548 1930 669 1965 Πολέμια
695 1931 750 1964 γὰρ
767 1930 892 1964 ἀλλήλοις

106 1982 153 2009 καὶ
168 1981 239 2008 πάνυ
255 1980 396 2015 μαχόμενα
407 1978 445 2013 τῷ
464 1987 492 2004 τε
520 1980 594 2012 μόνῳ
622 1977 654 2004 τὰ
683 1977 768 2003 πολλὰ
794 1976 840 2002 xui
857 1977 891 2011 τῇ

107 2028 187 2063 οὐσία
209 2028 243 2054 τὰ
265 2026 387 2053 ἀνούσια.
412 2026 491 2051 Δυοϊν
509 2025 561 2059 γὰρ
578 2025 685 2057 ἀνάγκη
713 2023 892 2057 περιπίπτειν

107 2075 221 2110 θιτίρᾳ,
242 2074 257 2108 ἢ
271 2073 304 2108 τῇ
320 2071 376 2098 τῶν
387 2070 581 2104 ἁςεϐὦνάθετᾳ.
596 2071 612 2104 ἢ
629 2069 675 2094 xui
685 2069 718 2103 τῇ
732 2069 780 2101 τῆς
800 2067 895 2102 Ἐλλή-

107 2130 162 2148 νων
185 2120 332 2150 πολυθεϊας
352 2117 521 2151 ἀσεεεστέρᾳ
532 2117 628 2149 κακίᾳ,
645 2114 746 2149 μεταξὺ
761 2113 894 2148 κειμένην

106 2168 332 2204 παρατρέχοντας
344 2165 393 2201 τὴν
407 2164 559 2191 εὐσέϐειαν.
580 2163 622 2193 Ὠς
634 2162 681 2188 xui
696 2161 774 2188 τοῦτο
794 2159 895 2186 πολλά-

107 2224 152 2245 κις
170 2215 236 2248 ἡμῖν
252 2212 382 2246 ἀνωτέρω
407 2210 453 2236 xui
479 2208 598 2243 διαρκῶς
621 2208 821 2236 ἀποδέδεικται.
845 2206 895 2241 τὴν

109 2261 160 2296 μὲν
173 2260 227 2286 τῶν
243 2259 378 2293 Ἑλλήνων
395 2257 494 2292 δηλαδὴ
514 2255 660 2282 πολυθεῖαν
677 2254 780 2289 βραχύν
805 2262 834 2279 τε
848 2254 896 2279 xui

107 2308 158 2334 οὐκ
179 2306 294 2340 ἄπειρον
317 2304 363 2330 τὸν
381 2302 498 2338 ἀριθμὸν
522 2299 726 2334 κεκληρῶσθαι,
744 2298 792 2333 τὴν
807 2297 836 2324 δὲ
847 2297 895 2324 τοῦ

941 1703 1162 1736 probabilitatem
1176 1705 1209 1731 ad
1228 1704 1408 1732 refutandum
1423 1706 1559 1734 dillicilem
1576 1714 1637 1734 cum
1652 1709 1725 1735 Ortini

941 1749 1133 1783 perspicuitate
1148 1754 1174 1776 et
1186 1750 1352 1777 claritudine
1364 1751 1518 1785 prolatam?
1541 1752 1627 1779 Unam
1652 1754 1725 1780 enim

941 1793 1061 1821 divinam
1077 1795 1224 1822 essentiam
1241 1799 1268 1822 et
1289 1790 1415 1823 naturtim
1431 1797 1546 1825 adorare
1560 1802 1588 1825 et
1600 1800 1726 1826 venerari

941 1848 1158 1874 eommonemur,
1178 1838 1361 1869 iuessentialia
1395 1848 1423 1870 et
1452 1844 1539 1870 multa
1561 1848 1639 1871 extra
1658 1845 1728 1872 divi-

943 1895 1004 1913 nam
1020 1891 1149 1914 naturam
1172 1888 1262 1922 posita
1283 1888 1399 1916 minime
1415 1889 1529 1916 adorare
1544 1894 1571 1917 et
1591 1891 1726 1918 venerari.

943 1932 1002 1958 Sibi
1015 1931 1088 1959 enim
1102 1933 1214 1959 inimica
1230 1938 1256 1959 et
1269 1933 1348 1960 valde
1362 1935 1553 1969 repugnantia,
1570 1936 1616 1963 uni
1632 1937 1727 1970 multa,

942 1979 1067 2004 essentia:
1079 1978 1202 2005 inessent
1220 1979 1284 2005 alia.
1301 1979 1418 2006 Necesse
1431 1985 1473 2007 est
1486 1981 1561 2007 enim
1582 1985 1613 2008 ut
1624 1981 1729 2009 incida-

945 2030 1005 2048 mus
1014 2028 1061 2049 aut
1074 2023 1260 2058 in.impiorum
1276 2025 1452 2056 alheismum.
1467 2030 1514 2052 aut
1528 2026 1556 2052 in
1571 2026 1727 2054 Gratcorum

944 2069 1117 2104 polytlteismi
1134 2069 1280 2096 uelandam
1310 2070 1496 2098 calamitatem
1507 2091 1515 2104 ι
1532 2077 1729 2107 praetereuntes
1763 2105 1766 2109 _

948 2115 1108 2150 religionem
1124 2116 1194 2142 intra
1212 2115 1339 2150 positam,
1351 2116 1424 2151 quod
1441 2124 1523 2151 supra
1537 2121 1565 2144 et
1579 2125 1651 2152 saape
1661 2118 1729 2146 alias

949 2161 1211 2189 demonstravimus.
1225 2163 1328 2198 Nempe
1353 2163 1510 2190 Graecorum
1533 2163 1730 2199 polytheismus

945 2208 1095 2242 exiguum,
1117 2215 1172 2235 non
1195 2209 1358 2236 immensum
1381 2217 1528 2236 numerum
1548 2210 1601 2237 sibi
1620 2218 1730 2246 compa-

947 2253 1035 2286 ravit,
1066 2254 1189 2282 Palamas
1213 2262 1280 2281 vero
1309 2255 1377 2282 lines
1401 2256 1524 2282 invenire
1541 2256 1616 2283 nullo
1631 2256 1730 2289 modo,

948 2300 1042 2327 nescio
1063 2305 1157 2327 utrum
1172 2301 1247 2332 ,nolit
1274 2309 1308 2327 an
1333 2306 1463 2336 nequeat.
1482 2302 1636 2337 Utrumque
1656 2304 1730 2330 enim

109 2331 230 2387 ίιαλαμᾶ
244 2331 331 2386 Διῖἱέρας
346 2331 437 2384 εὑρεῖν
449 2331 563 2383 ὀὐδαμῆ
577 2331 653 2379 ποτε,
669 2346 719 2372 οὐκ
730 2331 779 2372 οἶδέ
797 2345 889 2371 ὁπότε-

949 2344 1007 2371 lieri
1023 2349 1051 2372 et
1066 2349 1156 2380 potest
1175 2351 1203 2373 et
1221 2354 1275 2373 non
1289 2331 1486 2382 37ﬁ-potest.
1503 2348 1568 2380 Qua:
1584 2331 1675 2375 autem
1696 2355 1731 2375 ex

110 2409 156 2434 ρον
180 2398 288 2432 εἴποιμι
312 2396 346 2423 ἂν
376 2393 582 2430 προσηκόντως,
609 2392 659 2418 εἶτ’
685 2391 716 2417 οὺ
751 2389 895 2425 βούλεσθαι

108 2447 158 2472 εἶτ’
173 2445 204 2471 οὐ
221 2443 362 2470 δύνασθαι·
379 2441 463 2476 ἄμφω
478 2440 533 2474 γὰρ
548 2439 616 2473 αὐτῇ
635 2437 755 2472 μεγάλην
765 2436 820 2470 ἔχει
840 2435 895 2470 χώ-

111 2502 161 2527 ραν
182 2492 241 2526 ἅμα
271 2490 319 2515 καὶ
343 2488 391 2523 οὐχ
410 2487 479 2521 ἅμα.
501 2486 534 2511 "A
551 2485 606 2519 γὰρ
620 2483 741 2516 ἀμαθοῦς
762 2482 829 2516 ὁμοῦ
850 2482 896 2507 καὶ

109 2537 283 2571 κακοτρόπου
298 2534 417 2564 διανοίας
435 2532 562 2568 ἀπορρεῖ,
579 2529 682 2556 τούτων
696 2527 766 2556 εἶναι
784 2527 866 2562 μηδὲν
881 2527 895 2553 ὃ

111 2585 150 2619 μὴ
164 2584 266 2613 κακίας
282 2581 379 2612 ἀπόζει
394 2580 501 2615 μακρᾶς
520 2578 573 2613 ἰδίᾳ
598 2578 644 2602 καὶ
663 2577 752 2610 κοινῇ.

148 2630 201 2656 Καὶ
221 2628 309 2655 ταῦτα
327 2627 375 2662 μὲν
399 2626 462 2662 τῇδέ
486 2633 523 2659 πη
544 2624 617 2658 ἔσχε,
644 2622 690 2648 xui
704 2621 800 2648 τοῦτον
817 2621 895 2656 είρῆ-

110 2676 173 2703 σθαι
200 2675 244 2701 τὸν
269 2674 371 2708 τρόπον
394 2672 579 2706 συμπέπτωκε
605 2669 642 2703 τῷ
669 2668 799 2704 Γρηγορᾷ
830 2668 894 2702 περὶ

109 2722 165 2748 τῶν
183 2721 256 2746 δυοῖν
276 2719 449 2753 ζητημάτων.

218 2894 353 2920 ιἈτιιυι..
371 2891 427 2918 (in.
444 2889 583 2922 CXLIX.

949 2390 1044 2426 ignara
1069 2395 1097 2418 et
1119 2392 1237 2427 maligna
1264 2398 1357 2421 mente
1372 2393 1529 2428 proﬂuunt,
1548 2394 1644 2421 horum
1660 2394 1730 2421 nihil

948 2441 1009 2468 est,
1029 2437 1103 2471 quod
1123 2445 1178 2464 non
1198 2438 1308 2472 publice
1326 2444 1354 2466 et
1373 2439 1500 2473 privatim
1524 2439 1596 2466 olcat
1612 2438 1731 2466 immen-
1766 2451 1767 2454 η

949 2490 1006 2510 sam
1024 2484 1197 2518 pravitatem.

985 2616 1047 2644 11ίιιο
1069 2617 1106 2644 ita
1128 2625 1157 2644 se
1181 2617 1333 2649 habebant,
1359 2618 1453 2645 ethoc
1476 2618 1557 2645 modo
1573 2619 1608 2646 de
1623 2620 1731 2647 duabus

950 2661 1151 2696 quaestionibus
1164 2660 1295 2688 disseruit
1310 2661 1456 2696 Gregoras.

1519 2887 1553 2916 11
