1909 3064
110 145 161 176 337

551 147 770 177 BYZANTIN/E
789 147 978 176 illSTUlll/E
995 148 1064 178 LIB.
1082 147 1203 177 XXX”.

1669 145 1721 176 3L8

111 205 164 231 θῶν
175 204 326 240 ὀρθοδόξοις
340 205 430 240 βιϐλία
445 207 515 233 κατὰ
529 207 583 233 τῶν
597 207 790 242 Εἰκονομάχων
802 207 889 240 ἀφῆκε

947 214 1002 232 tum
1019 206 1109 233 all'ecit
1125 206 1198 241 quod
1217 205 1336 232 fidelium
1365 205 1457 232 socius
1473 205 1574 239 scripta
1598 205 1722 242 ediderat

109 251 148 285 τῷ
163 251 225 286 βίῳ,
245 252 295 286 τὴν
312 253 424 278 ἐκείνων
446 253 506 279 τότε
524 253 700 287 ἐξελέγχοντα
718 252 889 283 δυσσέϐειαν,

110 296 158 323 νῦν
172 297 202 323 δὲ
218 297 268 332 τὴν
286 298 460 332 Παλαμικὴν,
486 300 517 325 ὲκ
531 300 595 333 μιᾶς
615 298 774 334 ἀρξαμένων
787 299 890 333 ἀμφοῖν

110 343 287 376 προφάσεως,
314 344 361 370 τοῦ
377 345 406 370 ἐν
422 345 553 379 Θαϐωρίῳ
575 345 647 379 λέγω
660 346 697 380 τῷ
716 346 773 381 δρει
792 344 890 379 φωτὸς,

110 389 149 420 ὡς
170 389 345 424 δειχθήσεται
372 391 540 426 πλατύτερον
560 392 702 425 προϊόντος
727 391 772 418 τοῦ
797 391 889 424 λόγου.

109 435 165 461 Καὶ
179 435 243 461 ποία
255 435 359 468 τοῦτον,
374 436 503 470 ἔφασκεν,
517 434 588 463 οἶδεν
607 437 772 472 Ἐκκλησία;
795 438 840 463 καὶ
851 438 892 468 τίς

110 481 195 508 αὐτοῦ
210 489 275 508 ποτε
305 483 416 516 μνήμην
447 483 593 517 πεποίηται
612 483 666 509 τῶν
695 484 820 518 ἡμεριῑ)ν;
838 484 892 510 Kal.

110 527 198 553 πολλὰ
211 527 324 554 τοιαῦτα
343 528 474 562 συνείρων
493 529 543 561 τὴν
563 529 617 555 τῶν
628 519 807 565 βλασφημιῶν
825 531 892 564 ἐπή-

111 581 192 606 νεγκε
209 574 353 608 κορωνίδα,
379 575 418 600 ὅτι
448 574 528 600 πάνθ’
550 575 598 600 ὅσα
623 574 712 608 βιϐλία
725 575 893 610 πεποιῆσθαι

111 619 220 652 λέγεται
237 621 307 646 κατὰ
331 620 384 646 τῶν
398 621 589 655 Εἰκονομάχων
604 621 679 656 αὑτῷ
698 622 833 656 αἱρέσεων
848 623 894 656 γέ-

113 674 157 700 μει
174 665 301 701 μακρῶν.
319 667 374 693 Καὶ
397 667 421 692 εί
449 666 499 700 μὲν
514 666 604 701 ἓτεροί
622 675 693 698 τινες
709 666 893 702 ὑποϐολιμαῖα

111 712 378 745 παρεισενέγκαντες
405 711 434 738 τὸ
454 711 537 738 αὐτοῦ
558 721 589 745 γε
609 712 770 747 ἐπέγραψαν
796 713 892 747 ὖνομα,

111 758 279 792 ἀνέγκλητος
294 758 343 792 μὲν
360 757 539 789 ἔσταιαὺτδς,
560 758 593 783 τὰ
608 757 637 784 δὲ
662 758 753 792 βιϐλία
768 758 798 784 οὗ
810 768 817 775 ·
834 761 858 785 εί
871 761 894 786 δ’

111 804 196 830 αὑτοῦ
206 803 245 838 τῷ
256 803 314 830 δντι
333 803 449 838 βεϐαίως
466 804 545 836 εἰσὶν,
561 803 628 838 ὁμοῦ
641 805 697 836 τοῖς
715 805 828 839 βιϐλίοις
840 807 894 840 ἄρα

112 848 268 884 ἀπόϐλητος
291 850 339 876 καὶ
366 849 446 881 αὐτὸς
476 850 522 876 καὶ
544 851 601 881 τοῖς
630 850 721 882 ἄλλοις
745 853 895 886 αίρετικοῖς

113 896 285 932 ἐναρίθμιος.

150 944 187 969 Ε’.
207 943 350 971 Τοσούτων
365 941 413 970 οὖν
441 943 488 970 καὶ
518 943 589 970 οὕτω
620 945 754 979 μεγέθους
770 947 896 979 ἀσεϐείας

112 988 231 1023 ἑχόντων
246 988 334 1022 λόγων
349 988 484 1023 αὐτήκοος
500 990 514 1015 ὁ
529 989 548 1015 Γ
551 991 672 1024 ρῃγορᾶς
695 991 814 1024 γεγονὼς
831 993 898 1025 σφόο

112 1035 164 1068 δρα
184 1042 214 1059 τε
236 1033 372 1068 ἐξεπλάγη
400 1036 447 1061 καὶ
465 1037 572 1070 ἄφωνος
597 1037 708 1070 ἔμεινεν
730 1038 795 1072 ἄχρι
806 1039 852 1065 καὶ
868 1041 896 1071 ἐς

113 1081 188 1116 ὥρας
201 1081 307 1115 μακρόν
320 1089 344 1107 τι
359 1081 508 1116 διάστημα.
523 1083 638 1110 Ἔπειτα
653 1084 740 1120 Θυμοῦ
757 1087 804 1113 καὶ
815 1086 896 1121 ζήλου

114 1127 189 1153 θείου
206 1127 305 1160 μεστὸς
325 1127 444 1162 γεγονὼς
463 1129 565 1161 τοιάδε,
594 1130 725 1164 στραφεὶς
754 1131 822 1166 πρὸς
851 1132 897 1158 τὸν

115 1171 355 1207 Καντακουζηνδν,
387 1173 468 1208 φησι·
496 1174 529 1200 Τί
561 1183 612 1209 μου
628 1176 660 1202 τὸ
679 1176 768 1211 γῆρας
783 1178 833 1204 οὐκ
849 1179 896 1213 ἐᾷς

113 1220 241 1254 ἠρεμεῖν,
260 1219 318 1246 ἀλλ’
335 1219 522 1252 ἐπιϐουλεύεις
537 1221 598 1254 ἀεί;
615 1223 647 1248 Τί
659 1231 693 1257 με
707 1224 768 1256 ταῖς
785 1226 844 1256 σαῖς
855 1226 897 1252 ἀεὶ

113 1266 237 1300 μερίζων
253 1266 393 1302 αἱρέσεσιν
408 1267 458 1294 οὐκ
474 1268 627 1303 ἐνάρκησας
639 1269 695 1297 οὐδ’
712 1271 760 1305 ὀψὲ
775 1272 824 1306 τῆς
840 1272 897 1307 ἠλι-

113 1312 178 1342 κίας
192 1311 243 1346 τῆς
264 1312 313 1345 σῆς
330 1313 435 1348 καὶτῆς
457 1313 504 1340 νῦν
520 1314 716 1351 βαρυδαίμονος
738 1317 839 1352 τύχης;
864 1319 897 1345 Τί

115 1358 142 1393 μ’
159 1358 248 1384 ἄλλοτ’
264 1358 376 1385 ἄλλοθεν
404 1359 442 1390 ὡς
459 1361 490 1386 ἐκ
508 1361 612 1396 λόχμης
626 1363 673 1388 καὶ
688 1363 793 1398 δρυμοῦ
812 1373 896 1399 προσ-

111 1403 232 1436 ϐάλλων,
248 1404 278 1430 οὺ
293 1405 395 1440 τολμᾷς
413 1406 483 1432 κατὰ
500 1406 627 1440 μέτωπον
643 1407 773 1444 ἄντικρυς
792 1410 837 1436 τὸν
852 1411 897 1437 σὺν

113 1449 147 1486 [ί.
167 1449 219 1477 158
235 1450 270 1485 tu]
291 1451 435 1486 ἐπιφέρειν
453 1452 582 1486 πόλεμον,
609 1453 667 1480 ἀλλ’
687 1454 736 1481 οὐκ
753 1455 827 1481 ἔστιν
840 1456 896 1482 οὗθ’

112 1494 174 1520 ὅθεν
186 1494 243 1521 οὗθ’
257 1495 301 1522 ὅτε
316 1495 354 1530 μὴ
368 1496 416 1530 τὴν
435 1497 484 1530 σήν
498 1505 543 1531 μοι
559 1499 707 1534 προσάγεις
723 1499 896 1534 ἀτέκμαρτον

942 251 1041 285 quibus
1059 252 1300 278 lconomachorum
1317 251 1440 285 impietas
1455 251 1722 286 deprehendehatur,

943 304 1016 323 nunc
1027 305 1092 323 vero
1103 298 1184 324 etiam
1198 297 1389 323 Palamitarum
1402 297 1550 331 quicodcm
1564 300 1723 330 argumento

942 349 971 368 se
987 342 1157 375 fulciebant;
1174 342 1207 370 de
1234 343 1295 370 luce
1321 348 1414 371 autem
1432 350 1584 369 sermonem
1603 342 1670 369 facio
1697 342 1723 368 in

942 392 1035 414 monte
1063 387 1198 420 Thabore,
1220 396 1301 423 quam
1326 389 1394 415 infra
1414 395 1582 422 exponemus
1606 387 1723 422 planius.

944 432 1009 465 Quae
1024 433 1102 460 vero?
1112 434 1200 468 inquit
1215 434 1269 466 ille,
1288 434 1410 462 Ecclesia
1432 434 1504 461 hunc
1517 434 1625 467 agnovit
1639 434 1650 460 ?
1665 434 1726 467 quis

944 479 1102 505 memoriam
1140 479 1200 514 ejus
1239 480 1413 507 observavit?
1445 481 1491 507 liis
1528 480 1640 514 insuper
1674 481 1726 506 alia

945 524 1028 550 multa
1039 524 1144 551 addidit
1158 530 1185 551 et
1198 526 1423 552 contumeliarum
1436 534 1563 552 acervum
1579 525 1727 559 complevit

944 577 1006 596 cum
1028 569 1112 596 libros
1131 576 1266 605 quotquot
1292 572 1402 598 omnino
1427 572 1573 605 conscripti
1590 572 1726 598 ferrentur

945 621 1039 643 contra
1065 616 1268 649 lconomachos,
1298 617 1379 652 382
1414 618 1495 645 nimis
1517 618 1632 644 refertos
1666 626 1726 645 esse

945 661 1035 696 pravis
1050 657 1225 696 opinionibus
1238 663 1351 696 diceret,
1364 669 1391 690 ct
1404 663 1455 690 nisi
1479 664 1513 690 ab
1527 664 1587 690 aliis
1611 664 1726 698 quibus-

946 708 1008 734 dam
1024 708 1268 743 interpolatoribus
1284 717 1383 736 nomen
1397 711 1455 745 ejus
1474 710 1634 745 inscriptum
1655 716 1727 738 esset

945 754 1031 787 librisI
1046 755 1168 789 ignotum
1183 755 1249 782 illud
1265 764 1422 782 mansurum
1441 756 1542 787 fuisse;
1562 765 1613 782 non
1638 761 1726 783 tamen

946 799 1009 826 libri
1031 800 1081 834 ipsi
1097 810 1103 832 ;
1119 801 1164 834 qui
1180 809 1274 828 revera
1303 801 1412 836 quidem
1434 807 1583 831 exstarent.
1603 802 1649 829 scd
1675 810 1727 828 una

948 851 1008 870 cum
1026 844 1069 871 his
1086 853 1185 872 nomen
1205 847 1264 881 ejus
1282 847 1466 880 alujiciendum
1479 854 1538 874 esse
1554 852 1581 874 et
1598 850 1729 873 adnume—

947 891 1061 918 randam
1075 892 1187 930 reliquis
1201 893 1349 920 hatreticis.

981 936 1012 963 V.
1031 937 1096 969 Quae
1108 938 1190 965 verba
1212 943 1292 966 tanta:
1318 939 1396 974 plena
1423 939 1570 974 impietatis
1584 947 1646 966 cum
1663 941 1730 967 Grc-

946 989 1025 1016 goras
1041 983 1170 1016 audisset,
1190 985 1370 1012 vehemen‘ter
1384 986 1476 1012 animo
1496 986 1636 1020 perculsus
1652 992 1730 1013 estet

946 1029 1085 1056 obmutuit
1102 1037 1149 1063 per
1163 1030 1272 1065 longum
1287 1030 1361 1058 hora:
1375 1031 1559 1058 intervallum.
1578 1031 1614 1058 At
1630 1031 1729 1058 deinde

946 1073 1037 1101 animo
1048 1078 1076 1101 et
1089 1075 1179 1102 divina
1206 1076 1416 1110 condignatinne
1438 1076 1565 1110 impletus
1589 1077 1675 1104 vertit
1701 1085 1730 1104 se

946 1119 973 1145 in
993 1118 1212 1147 Cautacuzenum
1228 1121 1319 1148 verbis
1339 1121 1433 1149 hisce:
1455 1122 1510 1148 Cur
1525 1129 1577 1148 non
1590 1127 1728 1150 senectam

947 1164 1015 1192 mihi
1056 1165 1124 1193 sinis
1167 1167 1367 1201 tranquillam?
1397 1166 1453 1195 Cur
1487 1175 1595 1201 semper
1632 1168 1729 1195 ha'rcsi

947 1215 993 1237 tua
1010 1210 1145 1246 inquietas
1156 1219 1198 1239 me
1214 1220 1302 1247 neque
1326 1213 1464 1241 succurris
1486 1213 1553 1240 mihi
1582 1214 1628 1248 qui
1650 1219 1729 1241 :etate

944 1257 999 1292 jam
1017 1257 1160 1286 confectus
1175 1266 1235 1286 sum
1249 1263 1276 1287 et
1289 1267 1351 1287 cuin
1377 1264 1450 1287 tanta
1470 1268 1542 1287 nunc
1564 1260 1728 1295 ingravescit

947 1303 1142 1330 miseria?Cur
1158 1303 1238 1331 modo
1255 1304 1317 1331 hinc
1333 1305 1414 1330 modo
1440 1305 1514 1331 illinc
1530 1310 1658 1338 tanquam
1685 1305 1728 1331 itt-

946 1348 1024 1375 sidiis
1048 1353 1075 1376 et
1096 1349 1208 1376 latebris
1235 1357 1426 1384 prorumpens,
1444 1350 1512 1376 mihi
1529 1358 1583 1376 non
1614 1350 1727 1377 advrrza

947 1394 1036 1422 fronte
1049 1395 1155 1430 justum
1179 1395 1280 1422 bellum
1299 1396 1407 1425 infers?
1429 1396 1522 1430 Neque
1539 1397 1616 1423 locus
1641 1404 1729 1430 neque

948 1447 1056 1476 tempus
1070 1445 1112 1468 est
1128 1449 1182 1476 quo
1195 1450 1250 1469 non
1267 1442 1495 1470 insolentissimas
1511 1447 1571 1470 tuas
1599 1443 1729 1470 lentatio-

947 1495 996 1514 nes
1007 1488 1033 1515 in
1046 1496 1089 1516 me
1105 1493 1205 1516 vertas.
1218 1489 1274 1516 Cur
1290 1489 1316 1516 in
1331 1489 1423 1517 divina
1448 1490 1573 1524 dogmata
1587 1491 1667 1518 modo
1681 1491 1729 1517 hos

112 1541 230 1575 πεῖραν;
244 1541 276 1567 Τί
291 1542 363 1568 κατὰ
378 1541 433 1568 τῶν
449 1542 529 1570 θείων
544 1543 686 1578 δογμάτων
699 1545 787 1572 ἄλλοτ’
799 1546 894 1579 ἄλλους

948 1535 1031 1561 modo
1046 1535 1108 1561 illos
1126 1535 1245 1563 exstruis
1260 1535 1389 1571 Olympos
1416 1540 1444 1564 et
1467 1536 1614 1563 Parnassos
1634 1542 1730 1564 contu-

112 1587 233 1620 ἐγείρεις
270 1587 425 1622 Ὀλύμπους
456 1589 504 1615 καὶ
532 1589 693 1624 Παρνασοίις
722 1592 897 1628 βλασφημίας

111 1633 287 1668 αὑτομοιθοῦς
303 1634 349 1660 καὶ
362 1634 533 1669 ἐψιμαθοῦςς
551 1637 584 1662 Τί
600 1637 670 1663 κατὰ
685 1637 737 1664 τῶν
752 1638 830 1665 θείων
844 1641 897 1666 Πα-

111 1681 200 1714 τέρων
227 1679 369 1715 χαράδρας
401 1681 560 1716 ἀνορύττεις
590 1683 633 1709 ἀεὶ
664 1684 825 1719 καινοτέρας
848 1687 897 1713 καὶ

113 1726 184 1761 μόνῃ
195 1727 229 1760 τῇ
249 1727 281 1760 σῇ
296 1726 510 1761 παρευρημένας
527 1727 667 1754 αὺτοθελεῐ
682 1729 789 1764 ἐπινοίᾳ
803 1738 810 1762 ;
830 1730 896 1758 Τίνα

111 1772 209 1799 τοῦτον
225 1772 255 1804 ὲξ
279 1772 454 1807 αὐτοσχεδίου
480 1773 519 1808 τῷ
539 1773 603 1808 θείῳ
620 1774 717 1810 ἐκείνῳ
738 1776 824 1811 Πατρὶ
849 1777 896 1803 καὶ

111 1819 189 1852 σοφῷ
205 1818 359 1853 διδασκάλῳ
373 1819 421 1853 τῆς
439 1819 603 1854 Ἐκκλησίας
617 1820 675 1847 νέον
687 1822 809 1854 ὀπλίζεις
834 1823 896 1858 ’Δρ-

111 1865 220 1900 χίλοχον
238 1864 255 1899 ῆ
279 1865 379 1900 μᾶλλον
412 1866 569 1901 Ἀρχιλόχου
596 1867 723 1902 πίθηκον,
741 1868 770 1900 ὃς
797 1870 894 1906 πρὶνῆ

113 1909 213 1941 μαθεῖν
225 1909 326 1935 ἄπονον
339 1910 424 1935 οἴεται
439 1910 580 1944 εἰληφέναι
605 1912 707 1945 ταμίαν
734 1912 830 1946 σοφίας
846 1914 896 1948 τὴν

116 1953 243 1980 Ἠσιόδου
263 1954 376 1988 δάφνην,
394 1954 442 1981 καὶ
460 1955 528 1991 μόνῃ
549 1956 657 1991 θελήσει
671 1957 701 1983 τὸ
718 1958 895 1992 δογματίζειν

110 1998 265 2031 ἁλώσιμονς
285 1999 319 2025 Ἦ
335 1999 383 2025 οὐκ
397 2000 518 2032 ἀκούεις,
535 2001 560 2027 τί
573 2002 652 2028 ταῦτ’
667 2003 714 2028 ἐπὶ
726 2003 773 2029 σοῦ
788 2004 818 2030 τὸ
833 2013 896 2039 σχε-

110 2042 260 2069 τλιώτατον
279 2042 358 2070 τοῦτο
388 2044 434 2070 καὶ
451 2045 573 2080 μεμηνὸς
603 2047 748 2082 ἀνδράριον
779 2049 895 2084 ὲξηρεύ-

111 2088 176 2120 ξατο
187 2098 194 2121 ;
211 2087 275 2123 Ἆρ’
292 2089 393 2116 ἀνεκτὰ
418 2090 496 2116 ταῦτ’
519 2091 614 2122 ἀκοαῖς
637 2092 708 2127 λόγῳ
725 2093 771 2120 καὶ
790 2095 895 2130 διανοίᾳ

109 2135 332 2170 διοικουμέναις;
351 2135 504 2170 Φθέγξαιτι
518 2137 586 2173 πρὸς
602 2137 688 2165 ταῦτα
699 2161 705 2172 ,
725 2140 767 2166 ἵνα
785 2141 895 2176 γνῶμεν

110 2182 135 2207 ει
151 2181 189 2216 μὴ
204 2181 357 2215 δμότροπον
372 2182 483 2217 τρέφεις
498 2183 563 2216 γοῦν
580 2185 608 2210 ἐν
623 2184 729 2216 τούτοις
745 2187 792 2213 καὶ
813 2187 894 2218 αὐτὸς

109 2227 140 2253 τὺ
154 2227 205 2261 τῆς
217 2226 330 2262 γνώμης
341 2227 512 2262 βουλόμενον.
536 2228 568 2254 Ἦ
588 2229 642 2263 γὰρ
661 2229 694 2264 σὴ
719 2230 808 2266 σιωπὴ
825 2240 894 2266 σφα-

110 2273 193 2308 λεροῦ
206 2273 356 2305 συνειδότος
369 2273 488 2308 ὑποψίαν
499 2273 663 2309 ἀνειληφυῖα
677 2276 790 2309 πολλὰς,
806 2275 894 2311 οἶμαι,

110 2321 203 2355 ἐγερεῖ
218 2319 288 2346 κατὰ
307 2320 354 2346 σοῦ
367 2321 414 2351 τὰς
440 2320 494 2346 τῶν
513 2321 651 2355 λοιδοριῶν
676 2323 837 2357 τρικυμίας.
855 2321 892 2350 Ἦ

109 2366 166 2402 γὰρ
181 2366 230 2392 οὐκ
248 2366 329 2396 αὖτδς
347 2366 443 2392 ἐαυτοῦ
464 2374 491 2391 τε
513 2366 558 2391 καὶ
583 2366 630 2392 τοῦ
649 2369 781 2402 σφετέρου
799 2368 894 2396 θιάσου

110 2413 213 2442 παντδς
235 2412 366 2446 ἄντικρυς
389 2414 596 2447 καταμαρτυρεῖ
622 2413 669 2439 v.11
686 2414 741 2439 τῶν
760 2414 895 2440 ἀσεϐειῶν

111 2458 309 2494 ὲπ.ψηφίζεται
323 2459 371 2493 τὴν
386 2459 518 2493 μεγίστην
531 2467 538 2490 ;
550 2460 598 2485 ⁸ον
614 2460 668 2494 γὰρ
683 2462 768 2486 πᾶσαι
782 2461 894 2496 διαῤῥή‹

109 2507 160 2542 δην
177 2506 295 2540 τιμῶσιν
322 2505 441 2532 εὐσεϐῶν
470 2506 626 2541 ἐκκλησίαι,
659 2508 704 2533 καὶ
732 2507 761 2533 ὂν
777 2507 894 2542 ὑμνοῦσι

108 2553 290 2588 λογογράφων
311 2553 355 2578 καὶ
373 2553 549 2586 μουσουργῶν
567 2553 647 2580 ὁσίων
663 2555 738 2588 χοροὶ
754 2555 825 2580 κατὰ
842 2556 894 2582 πᾶ-

110 2606 160 2624 σαν
178 2597 274 2632 χρόνου
302 2596 436 2631 περίοδον,
463 2597 510 2622 καὶ
533 2593 563 2622 οὗ
594 2597 657 2628 τοὺς
684 2597 783 2628 ἄθλους
800 2599 847 2625 καὶ⁹
861 2599 895 2626 τὰ,

110 2643 181 2677 σοφὰ.
197 2634 375 2676 παλαίσματα
390 2643 432 2668 διὰ
444 2643 533 2677 πάσης
551 2642 653 2677 ἡχῆσαι
676 2643 728 2677 γῆς
742 2643 893 2678 διαγέγονε,

108 2691 206 2717 τοῦτον
220 2686 297 2721 οὗτος
321 2689 488 2724 ἰσχυρίζεται
520 2689 557 2724 μὴ
576 2690 685 2723 εἰδέναι,
710 2690 767 2717 ἁλλ’
781 2692 821 2722 εἰς
840 2692 894 2718 τόδ’

108 2735 218 2770 ἡλικίας
234 2736 407 2762 παντάπασιν
433 2736 589 2771 ἀμφύτερον
616 2736 764 2771 διαμεῖναι,
788 2738 893 2765 καὶτυ-

109 2780 176 2814 φλδς
201 2780 256 2806 τῶν
285 2780 437 2815 γινομένων
453 2781 500 2807 καὶ
526 2781 618 2815 κωφὸς
645 2782 699 2808 τῶν
726 2783 892 2816 λεγομένων,

108 2826 203 2860 ὅμοιον
220 2824 316 2860 ὥσπερ
331 2825 364 2851 ἂν
381 2826 403 2851 ει
418 2826 463 2852 καὶ
482 2826 546 2860 περὶ
561 2827 608 2853 τοῦ
626 2827 799 2861 παγκοσμίου
816 2827 893 2854 τοῦδε

108 2872 209 2908 φωτὸς,
238 2872 290 2905 τῆς
323 2871 439 2906 ἡλιακῆς
468 2873 576 2908 ἐκείνης
603 2873 754 2909 λαμπάδος,
786 2875 893 2909 ἀγνοεῖν

948 1581 1093 1609 meliarum
1106 1589 1121 1609 a
1138 1586 1163 1610 te
1179 1582 1358 1610 conﬂctarum
1373 1587 1401 1610 et
1424 1590 1486 1611 sero
1516 1589 1605 1612 tamen
1630 1584 1730 1612 frustra

947 1628 1187 1662 excogitatarum?
1213 1629 1278 1663 quid
1307 1629 1334 1656 in
1366 1634 1475 1656 sanctos
1503 1630 1596 1657 Patres
1622 1639 1730 1665 semper

948 1674 1014 1701 facis
1033 1675 1124 1702 foveas
1149 1683 1209 1709 qua:
1226 1675 1284 1702 solo
1307 1680 1354 1702 tuo
1369 1676 1484 1704 consilio
1501 1676 1662 1704 fodiuntur?
1675 1676 1730 1704 Cur

947 1728 979 1747 ex
997 1725 1117 1755 tempore
1131 1721 1156 1748 in
1174 1721 1297 1748 divinum
1320 1722 1425 1749 Patrem
1439 1722 1515 1749 illum
1538 1727 1562 1750 el
1582 1727 1730 1758 praecepto-

947 1774 1003 1793 rem
1017 1767 1261 1801 sapientissimum,
1282 1775 1382 1795 nonum
1407 1768 1519 1796 exhibes
1534 1759 1729 1796 Archilochum

946 1811 989 1838 vel
1004 1812 1094 1845 potius
1105 1812 1263 1839 Archilochi
1277 1813 1403 1846 simiam;
1416 1813 1462 1848 qui
1477 1813 1557 1848 383
1568 1814 1728 1848 priusquam

947 1857 1011 1892 quid
1037 1857 1165 1885 didicerit
1182 1858 1240 1886 sine
1256 1859 1349 1886 labore
1366 1859 1494 1894 opinatur
1514 1860 1675 1894 adepturum
1702 1868 1731 1887 se

946 1903 1088 1938 sapientiae
1106 1904 1216 1932 Hesiodi
1233 1905 1366 1938 lauream,
1378 1910 1406 1933 et
1422 1913 1472 1940 pro
1500 1906 1566 1933 solis
1579 1905 1651 1933 votis
1672 1906 1729 1933 suis

946 1949 1066 1977 delatum
1091 1950 1124 1977 iri
1144 1951 1303 1978 certaminis
1328 1952 1474 1986 dogmatici
1499 1951 1550 1978 sibi
1578 1953 1729 1986 przcmium.

946 1995 1045 2022 Annon
1061 1996 1189 2024 audivisti
1202 2004 1262 2031 quae
1287 1997 1314 2023 in
1331 2001 1356 2023 te
1380 1997 1545 2024 miserabilis
1560 2002 1588 2024 et
1608 1997 1730 2025 furiosus

946 2041 1129 2069 homunculus
1156 2042 1206 2069 iste
1227 2042 1402 2069 cvomucrit?
1418 2041 1500 2074 Quid,
1526 2050 1579 2069 non
1600 2043 1731 2070 abhorre-

946 2087 1012 2114 bant.
1029 2087 1087 2114 haec
1101 2091 1134 2115 ab
1147 2088 1260 2115 auribus
1274 2092 1302 2115 et
1319 2088 1410 2115 verbis
1426 2089 1479 2115 tuis
1505 2096 1537 2115 ac
1555 2089 1666 2115 tuente?
1682 2089 1730 2115 Lo-

946 2141 1031 2168 quere
1047 2134 1080 2160 ad
1102 2134 1159 2161 ha‘c
1189 2138 1218 2160 ut
1243 2142 1441 2169 cognoscamus
1468 2142 1501 2160 an
1528 2135 1650 2162 earmlcm
1674 2135 1730 2161 alas

947 2180 1042 2207 saltem
1052 2180 1079 2206 in
1092 2180 1134 2207 his
1145 2180 1201 2213 ipse
1211 2181 1410 2208 mentem.Nam
1422 2180 1559 2208 silentium
1569 2185 1644 2208 tuum
1655 2181 1731 2208 mala:

949 2225 1124 2252 conscientia:
1151 2226 1337 2260 suspicionem
1355 2229 1447 2252 movet
1459 2229 1487 2252 et
1501 2225 1601 2253 multos
1635 2233 1731 2253 vereor

950 2277 985 2296 ne
997 2270 1023 2296 in
1039 2273 1064 2296 te
1077 2270 1274 2298 maledicentia:
1297 2270 1399 2298 ﬂuctus
1412 2271 1523 2298 excitet.
1536 2271 1619 2304 Quid?
1639 2279 1730 2299 nonne

951 2315 1038 2350 palam
1065 2315 1116 2343 iste
1144 2317 1230 2351 ipsius
1252 2320 1280 2344 et
1306 2324 1423 2344 suorum
1451 2318 1555 2344 cultum
1581 2318 1728 2344 fanaticum

950 2361 1082 2388 adversus
1112 2369 1162 2388 nos
1194 2365 1309 2388 testatur
1339 2366 1367 2388 et
1388 2362 1555 2395 impietatem
1581 2363 1729 2388 maximam

949 2406 1114 2442 proﬁtetur?
1130 2407 1196 2433 Nam
1213 2414 1294 2441 quem
1309 2414 1404 2434 omnes
1420 2407 1492 2433 clara
1507 2414 1573 2433 voce
1596 2408 1727 2433 honorant

949 2454 1057 2489 piorum
1070 2454 1168 2489 synodi
1189 2457 1217 2480 et
1242 2453 1381 2480 celebrant
1395 2453 1561 2486 scriptorum
1579 2458 1607 2480 et
1621 2454 1729 2487 piorum

951 2501 1092 2528 doctorum
1108 2501 1185 2527 chori
1211 2507 1260 2535 per
1280 2507 1360 2526 omne
1377 2504 1494 2534 tempus,
1513 2504 1540 2525 et
1561 2499 1640 2533 cujus
1654 2499 1730 2527 labo-

951 2556 994 2575 res
1009 2552 1036 2574 ct
1049 2547 1179 2582 praeclara
1194 2546 1342 2573 eertatnina
1358 2553 1406 2579 per
1429 2552 1537 2572 omnem
1562 2550 1662 2573 terram
1687 2547 1730 2573 in-

950 2595 1124 2627 crehuerunt,
1141 2594 1214 2620 hunc
1242 2592 1292 2619 iste
1308 2595 1445 2619 asseverat
1455 2599 1485 2618 se
1504 2592 1640 2626 ignorare,
1653 2592 1730 2626 quasi

950 2640 996 2675 qui
1012 2645 1066 2667 tam
1083 2643 1218 2673 provecta:
1235 2638 1323 2665 astatis
1339 2637 1423 2664 fuerit
1437 2643 1586 2672 utrumque
1600 2641 1729 2672 expertus

949 2691 1032 2718 esset,
1056 2689 1087 2712 ut
1100 2693 1159 2719 qua:
1176 2688 1239 2711 ante
1258 2683 1340 2718 pedes
1356 2688 1436 2710 erant
1463 2691 1550 2711 caecus
1567 2691 1621 2710 non
1648 2683 1730 2710 vidis-

948 2738 1000 2764 set.
1017 2737 1044 2760 et
1063 2740 1122 2766 quae
1140 2731 1167 2758 in
1185 2739 1232 2758 ore
1248 2731 1381 2763 omnium,
1402 2731 1502 2758 surdus
1524 2739 1579 2757 non
1596 2730 1727 2757 audisset.

948 2780 1024 2813 Quod
1043 2778 1155 2813 perinde
1173 2782 1214 2805 est
1232 2785 1264 2804 ac
1278 2777 1300 2804 si
1321 2776 1383 2811 quis
1395 2777 1429 2804 de
1446 2777 1511 2804 solis
1524 2777 1585 2803 luce
1601 2783 1652 2810 qua
1675 2781 1730 2802 ter-

949 2834 1041 2854 rarum
1055 2830 1152 2852 tuttcta
1167 2824 1363 2852 collustrantur
1373 2825 1479 2851 nesciro
1490 2831 1518 2851 se
1536 2823 1651 2850 affirmet
1663 2829 1728 2850 num

948 2872 1010 2908 quis
1030 2879 1046 2900 e
1062 2871 1130 2899 vivis
1146 2879 1179 2899 ea
1197 2871 1344 2899 frueretur.
1361 2869 1415 2898 Sed
1438 2878 1452 2898 e
1476 2869 1583 2898 duobus
1613 2868 1739 2898 alterum.
