1909 3064
136 131 192 163 345

596 136 819 166 ΒΥΖΑΝΤΙΝΑΕ
841 138 1032 168 IllS’l‘Oiil/E
1050 139 1123 171 LIB.
1142 140 1265 171 XXXlI.

1708 141 1760 172 346

172 187 212 214 ϐ’.
235 187 329 220 Ἐξιὼν
345 197 375 223 γε
394 190 446 226 μὴν
463 190 569 217 ἐκεῖθεν
586 193 750 227 ἐνετύγχανε
775 196 850 229 παρὰ
873 195 915 229 τὴι

1008 196 1053 223 ιχ.
1068 196 1162 232 ltaque
1179 205 1242 225 cum
1267 197 1390 230 abiisset,
1410 197 1468 232 ipsa
1481 198 1507 225 in
1523 198 1565 225 via
1581 197 1681 232 passim
1698 198 1757 224 sin-

134 233 196 260 eam
222 234 360 270 σποράδην
386 235 474 263 ἄλλοτ’
504 237 595 269 ἀλλοις
620 239 671 272 τῆς
692 239 858 274 Παλαμικῆς
875 250 927 274 φα-

135 279 226 313 τρίας,
245 279 292 305 ἐπὶ
314 280 343 306 τὸ
358 281 404 307 τοῦ
426 283 657 317 Καντακουςηνοῦ
683 285 821 318 βαδίζουσι
845 295 926 321 φρον-

134 325 290 360 τιστήριον,
303 326 349 352 ὑπ’
367 327 472 354 ἐκείνου
499 330 551 364 πρὸ
574 330 628 356 τῶν
645 331 765 357 ὲωθινῶν
787 331 877 357 αὐτῶν
892 333 926 358 δι’

134 371 294 397 ἀποστόλων
325 374 449 407 κρυφίως
483 375 608 410 κληθεῖσι
644 377 713 410 πρὸς

137 417 248 444 σύνοδον
277 419 361 446 πάλαι
389 421 680 455 μελετηθεῖσαναατα
711 423 757 449 τοῦ
784 425 924 460 Γρηγορᾶ,

137 464 307 498 ἐπαγγελίας
336 468 530 502 προειληφόσιν
556 469 659 496 ἐκεῖθεν
685 471 752 505 παρ’
779 471 853 505 αὐτῷ
875 473 924 506 τὴν

136 509 247 544 ἡμέραν
275 511 383 546 εκείνην
413 513 579 540 διατελέσειν
604 515 724 542 ἅπασαν.
752 516 924 549 Ἐθαύμαζον

136 551 184 579 οὖν
199 555 298 581 ἐκεῖνοι
315 557 391 591 παρὰ
409 558 573 593 προσδοκίαν
591 560 673 586 αὐτὸν
700 561 814 587 ἀπιόντα
839 563 924 596 ὁρῶν-

134 605 183 627 τες
198 598 300 632 ἀρτίως
319 601 365 625 τὶν
383 600 538 636 Γρηγορᾶν,
555 603 602 629 τοῦ
628 604 703 639 ἡλίου
727 605 777 635 τὰς
803 614 863 640 πρω
877 606 924 637 νὰς

136 643 267 675 ἀνύοντος
286 645 327 671 ἔτι
344 647 470 680 πορείας.
486 648 540 674 Καὶ
558 649 649 676 τοίνυν
663 649 729 676 ἔνιοι
754 651 857 677 τούτων
872 660 922 677 κα-

135 689 216 715 τόπιν
233 690 384 725 δραμόντες
405 692 521 727 ἠρώτων
539 695 588 729 τῆς
612 695 683 722 οὕτω
697 696 808 730 ταχείας
827 697 924 723 ἐπανό-

135 734 183 760 δου
199 735 246 770 τὴν
264 737 363 764 αίτεαν,
385 738 552 774 Ἀρξαμένου
578 740 602 767 δ’
617 741 719 768 ἐκείνου
743 741 805 768 καθ’
820 743 923 769 ἕκαστα

134 780 300 814 διηγεῖσθαι,
319 783 388 818 ἔρως
410 785 542 819 κατέσχεν
567 786 666 818 αὐτοὺς
688 787 802 814 ἕπεσθαί
824 797 854 813 τε
875 788 922 814 καὶ

135 826 288 860 ἀντιλέγειν
300 828 349 856 ὅσα
362 830 461 856 εἰδέναι
477 832 568 865 σφίσιν
579 832 657 868 ἐπῄει
671 833 703 867 τῇ
719 833 856 868 κοινότητι
872 834 921 867 τῆς

135 871 255 907 φατρίας
266 874 384 908 ὁμόλογα
397 877 443 901 καὶ
457 877 613 912 ὀμόστοιχα.
641 878 718 904 Ἐπεὶ
735 878 763 905 δὲ
780 879 826 905 καὶ
845 879 921 913 παρά

133 919 184 950 τὴν
208 919 296 945 οἰκίαν
325 921 375 955 ἤδη
410 921 449 956 τῷ
482 922 608 958 Γρηγορᾷ
635 924 864 958 συνεληλύθεσαν,
890 925 919 950 τὸ

135 964 247 998 συνεχὲς
272 965 381 999 ἐκείνης
398 967 447 1002 τῆς
469 967 614 1001 διαλέξεως
639 969 797 1005 πλατυτέρα
811 970 919 1005 γλώττῃ

133 1010 254 1045 διήνυον,
270 1013 318 1038 καὶ
333 1013 381 1047 τὴν
398 1013 475 1039 νόσον
486 1014 536 1048 τῆς
551 1013 708 1045 δυσσεϐείας
719 1015 758 1045 εὶς
778 1014 919 1049 προῦπτον

115 1055 243 1089 ’ὲξῆγον.
263 1057 317 1083 Καὶ
344 1055 378 1092 ἦν
400 1057 463 1084 ίδεϊν
484 1058 533 1092 τῆς
559 1058 637 1085 νόσου
671 1059 863 1094 χαλεπώτερον
889 1059 920 1085 τδ

135 1103 224 1128 νοσεῖν
239 1103 375 1136 ἐφίεσθαι.
396 1104 430 1130 ’Δ
451 1104 504 1138 γὰρ
520 1104 629 1139 ᾔδεσαν,
649 1105 679 1131 οὺ
700 1104 791 1135 καλῶς
807 1105 918 1140 ᾔδεσαν,

135 1147 183 1173 καὶ
209 1147 227 1174 ἃ
253 1148 419 1184 προῦφερον,
434 1150 508 1184 ἀπῆν
537 1150 628 1177 αὐτῶν
660 1151 675 1185 ὴ
709 1150 758 1176 σὺν
784 1150 918 1185 εὐκοσμίᾳ

133 1192 260 1226 πρόοδος.
279 1192 340 1219 Τῶν
367 1194 557 1228 γὰρβιϐλίων
582 1195 769 1229 ἀνοιγομένων
795 1195 877 1226 εὐθὺς
901 1194 919 1222 ἃ

134 1237 221 1263 πάλαι
236 1239 293 1269 τοῖς
309 1238 392 1270 θείοις
406 1240 543 1274 Πατράσιν
559 1240 723 1273 ὲκτέθειται,
738 1241 918 1276 ἠναγκασμέ-

134 1292 183 1317 νης
199 1284 297 1319 τέχνης
310 1283 413 1310 δεῖσθαι
431 1284 479 1319 τὴν
487 1285 624 1320 ’ἀλήθειαν
644 1286 693 1313 οὐκ
706 1286 746 1312 ἔτι
761 1288 823 1322 ὲνῆν
837 1296 845 1303 ·
867 1289 918 1315 αὒ-

132 1329 254 1363 τόματος
278 1329 333 1365 γὰρ
358 1330 389 1356 ἐκ
411 1329 459 1359 τοῦ
476 1331 575 1365 ῥᾴστου
601 1331 669 1366 πρὸς
698 1332 754 1366 φῶς
767 1332 890 1365 ὲὸάδιξεν
905 1333 919 1359 ό

134 1374 181 1401 τοῦ
198 1374 312 1410 ψεύδους
335 1375 455 1410 ἔλεγχος.
469 1375 516 1408 Οἷς
538 1376 586 1403 οὖν
608 1377 759 1411 ἀνέλεγκτα
773 1377 918 1412 ψεύδεσθαι

133 1420 253 1456 ἥδιστον,
281 1421 388 1452 τούτοις
407 1420 438 1453 if.
468 1421 520 1448 160
538 1421 573 1457 νίν]
602 1422 724 1457 ἀψευδῶς
758 1423 918 1458 ἐλέγχεσθαι

133 1465 258 1500 ἕχθιστόν
287 1475 316 1492 τε
349 1466 395 1492 καὶ
428 1466 573 1500 Ὀλύμπιον
600 1468 728 1495 ἁπάντων
756 1469 916 1504 βαρύτερον.

133 1511 403 1546 Δυσανασχετοῢντες
422 1512 505 1540 ἐϐόων
533 1507 716 1549 παγγλωσσίᾷ
734 1514 849 1549 κρρακες
876 1514 914 1544 ὣς

133 1558 205 1584 κατὰ
224 1558 363 1593 Πίνδαρον,
377 1558 418 1584 ἵνα
440 1559 477 1594 μὴ
497 1559 568 1592 λέγω
583 1560 662 1593 δίκην
675 1559 788 1586 κολοιῶν
800 1560 918 1593 ἀσήμοις

132 1603 268 1637 κραυγαῖς
286 1602 482 1634 παταγούντων
496 1603 543 1629 καὶ
559 1602 698 1638 ὁμιχλώδη
712 1603 773 1630 τινὰ
788 1604 834 1629 τὸν
845 1604 915 1638 ἀέρα

132 1650 164 1683 τῇ
179 1650 248 1683 ἀκοῇ
267 1649 314 1674 καὶ
332 1649 403 1675 πάνυ
415 1657 441 1674 τι
455 1649 571 1683 δύσηχον
588 1649 866 1685 παρασκευαζόντων.
883 1651 915 1675 "A

131 1697 222 1722 πάντα
235 1695 297 1721 κατ’
312 1695 431 1729 ὲμαυτδν
443 1695 605 1722 ἀνακυκλῶν
621 1696 668 1722 καὶ
687 1695 835 1722 ἀνελίττων
848 1695 914 1729 ἐγὼ,

131 1742 180 1767 καὶ
192 1740 341 1766 διευθύνειν
358 1741 404 1766 καὶ
419 1741 567 1775 ἀναφέρειν
579 1741 679 1768 ἐθέλων
696 1741 736 1773 εἰς
757 1741 802 1767 τὸν
816 1742 915 1776 εἱρμὸν

130 1788 236 1813 ἐκεῖνον
264 1787 312 1813 καὶ
340 1786 486 1814 συνάπτειν
516 1787 554 1817 είς
580 1786 608 1812 ἓν
635 1787 685 1818 τὰς
708 1787 845 1822 ἐκδρομὰς
869 1787 917 1812 καὶ

129 1832 301 1866 ἀναστροφὰς
314 1832 422 1864 ὲκείνας
437 1833 485 1862 καὶ
500 1831 648 1867 ἀναλήψεις
662 1832 716 1857 τῶν
732 1831 792 1858 καθ’
810 1832 916 1858 ἕκαστα

754 377 926 409 διαλεκτικὴν

977 243 1056 275 gaios
1073 243 1147 270 viros
1160 243 1274 271 offendit
1290 252 1304 271 c
1320 244 1420 271 familia
1438 244 1644 279 Palamitarum,
1660 243 1705 277 qui
1723 243 1756 269 ad

976 287 1156 315 Cantacuzeni
1184 289 1380 316 monasterium
1405 290 1565 324 pergebam,
1584 289 1618 316 ab
1639 289 1685 315 illo
1706 289 1759 321 jam

976 337 1039 359 ante
1068 333 1185 367 primatu
1213 334 1301 361 lucem
1329 342 1377 368 per
1397 343 1538 368 praecones
1553 334 1621 361 clam
1638 334 1760 360 advocati

975 378 1008 404 ad
1035 379 1171 413 synodum
1203 379 1374 407 dialecticam
1392 388 1452 414 qua:
1473 381 1528 415 jam
1553 380 1639 406 multo
1653 384 1715 406 ante
1734 379 1761 405 in

975 422 1123 458 Grcgoram
1140 424 1251 452 decreta
1266 430 1335 452 erat.
1365 425 1397 452 Hi
1411 426 1479 460 jussi
1493 430 1572 452 erant
1586 429 1672 452 totum
1689 423 1758 451 diem

975 468 1050 495 illum
1080 469 1107 495 in
1135 469 1202 496 cella
1233 478 1356 498 manere.
1383 471 1474 503 Quare
1503 475 1670 506 stupuerunt
1697 478 1759 497 cum

975 519 1076 547 praeter
1094 515 1252 548 opinionem
1270 517 1345 543 abire
1368 518 1496 544 viderent
1512 517 1662 552 Gregoram
1693 521 1762 543 tcm-

975 567 1041 593 pore
1057 567 1113 593 quo
1138 560 1278 595 $01,391
1296 563 1399 595 primas
1425 563 1501 589 luces
1525 562 1671 596 pandebat.
1700 562 1760 588 Jam

975 605 1101 631 nonnulli
1126 605 1234 632 obviam
1256 606 1281 633 ei
1299 607 1481 641 procedentes
1497 607 1630 642 rogabant
1645 615 1694 634 cur
1707 612 1759 634 tam

974 653 1086 683 repente
1100 649 1225 678 abiissct.
1254 651 1303 678 Hic
1314 651 1399 685 igitur
1410 659 1472 679 cum
1487 653 1617 686 coepisset
1632 660 1761 679 enarrare

973 694 1092 728 singula,
1108 694 1277 722 desiderium
1304 703 1352 724 eos
1381 696 1482 724 invasit
1504 697 1611 732 longius
1626 697 1759 731 sequendi

972 747 1034 766 emn
1057 743 1084 766 et
1100 741 1256 774 opponendi
1273 748 1444 776 quaecunque
1461 743 1597 768 sociorum
1616 742 1759 768 sententiis

972 785 1164 812 convenientia
1180 791 1207 812 et
1219 787 1375 813 communia
1388 787 1525 820 sciebant;
1542 793 1570 815 et
1584 795 1645 814 eum
1660 793 1759 822 przetcr

972 830 1084 857 domum
1100 831 1155 865 jam
1172 831 1295 858 comitati
1318 837 1408 860 essent
1425 832 1586 867 Grcgoram,
1602 840 1757 859 sermonem

972 876 1032 910 ejus
1046 883 1127 910 supra
1145 880 1256 903 modum
1274 877 1418 904 mutabant
1439 883 1467 904 et
1486 878 1634 912 impietatis
1653 883 1757 912 pestem

971 921 1010 948 sic
1021 921 1106 952 palam
1121 921 1308 956 proferebant,
1324 922 1408 949 etiam
1422 923 1494 957 quod
1507 927 1582 957 peste
1598 922 1675 958 pejus
1690 930 1757 948 con-

971 967 1097 1001 spicuum
1112 971 1172 994 erat
1189 968 1214 994 in
1229 972 1333 1002 pestem
1354 968 1440 1003 arripi
1462 969 1582 995 libenter
1597 976 1657 996 sese
1672 968 1758 1002 patie-

971 1011 1082 1038 bantur.
1098 1013 1164 1044 Qua:
1174 1017 1266 1040 autem
1278 1014 1402 1041 sciebant
1417 1021 1471 1041 non
1489 1014 1559 1041 bene
1569 1013 1711 1045 sciebant;
1728 1019 1758 1040 et

970 1064 1030 1090 qum
1045 1057 1200 1084 all'erebant
1211 1058 1246 1084 ab
1258 1059 1332 1085 omni
1345 1059 1444 1086 decore
1457 1059 1544 1086 aliena
1563 1063 1650 1086 erant.
1663 1059 1757 1093 Neque

971 1101 1177 1136 Scripturarum
1192 1110 1253 1137 qua:
1267 1103 1332 1130 olim
1349 1111 1363 1130 a
1376 1104 1479 1131 sanctis
1494 1104 1621 1131 Patribus
1634 1104 1756 1138 exposita

971 1151 1035 1174 sunt
1050 1147 1152 1175 veritas
1167 1148 1329 1177 defensione
1343 1157 1397 1176 non
1415 1150 1532 1184 amplius
1547 1149 1664 1184 egebat;
1692 1157 1755 1176 nam

969 1198 1068 1229 sponte
1092 1194 1222 1222 facillime
1247 1195 1274 1222 in
1300 1195 1390 1222 lucem
1409 1197 1512 1230 prodiit
1534 1196 1639 1223 fraudis
1657 1203 1757 1230 oppro-

970 1240 1073 1267 brium.
1103 1240 1209 1274 Quibus
1225 1241 1368 1269 vcrissima
1396 1242 1423 1269 in
1448 1242 1570 1269 fraudem
1588 1246 1698 1269 vertere
1711 1241 1756 1277 ju-

968 1286 1177 1318 cundissimum,
1196 1287 1231 1313 iis
1248 1287 1414 1321 simpliciter,
1430 1287 1592 1321 reprehendi
1609 1287 1755 1314 odiosissi-

968 1339 1042 1358 mum
1059 1335 1087 1358 et
1105 1331 1236 1358 omnibus
1249 1331 1371 1366 Olympis
1387 1331 1529 1357 molestius
1543 1335 1594 1357 est.
1626 1330 1658 1356 lli
1673 1330 1754 1364 igitur

968 1376 1261 1415 subirati\clarnabant
1286 1381 1316 1403 ut
1332 1376 1442 1402 Pindari
1462 1376 1535 1402 corvi
1555 1376 1753 1410 multilingues,

967 1429 1002 1449 ne
1020 1422 1110 1449 dicam
1125 1415 1156 1448 ut
1178 1422 1283 1456 graculi
1298 1422 1343 1456 qni
1364 1421 1485 1448 dissonis
1500 1421 1666 1448 clamoribus
1680 1425 1751 1448 stre-

968 1468 1055 1502 pitum
1082 1467 1168 1494 edunt
1192 1473 1220 1495 et
1241 1475 1322 1494 aures
1345 1467 1523 1494 vehementer
1553 1467 1750 1501 perstringunt.

968 1514 1058 1546 Quare
1073 1512 1096 1540 si
1108 1517 1206 1540 cuncta
1222 1513 1316 1540 animo
1328 1513 1452 1539 volutare
1468 1517 1496 1539 et
1511 1512 1650 1547 explicare
1665 1516 1693 1539 et
1707 1519 1753 1538 or~

970 1560 1066 1587 dinare
1083 1564 1109 1586 et
1126 1558 1229 1586 referre
1245 1559 1308 1585 volo
1323 1557 1356 1585 ad
1371 1557 1496 1585 ordinem
1526 1561 1552 1584 et
1570 1557 1751 1591 comprehen-

970 1606 1035 1632 dere
1049 1605 1076 1632 in
1091 1613 1176 1632 unum
1197 1612 1356 1632 sermonum
1381 1604 1545 1631 deverticula
1570 1607 1598 1630 et
1621 1603 1751 1630 flexiones

967 1651 1029 1678 illas
1058 1657 1087 1678 et
1117 1650 1266 1678 tentamina
1292 1649 1554 1683 observationesque
1582 1649 1615 1675 ad
1642 1647 1747 1682 singula

967 1695 1108 1722 institutas
1123 1699 1151 1722 et
1163 1702 1224 1729 qua:
1239 1696 1265 1721 in
1277 1694 1528 1722 concertationibus
1544 1694 1570 1720 in
1584 1693 1749 1720 contrariam

967 1745 1076 1775 partem
1099 1739 1192 1767 afferri
1220 1740 1309 1767 solent
1334 1744 1361 1766 et
1384 1739 1493 1773 exponi,
1521 1738 1546 1765 id
1574 1738 1655 1773 392
1682 1737 1748 1764 mihi

968 1786 1052 1814 nimis
1066 1785 1176 1813 diliicile
1192 1785 1221 1812 fit
1234 1791 1262 1813 et
1275 1785 1378 1820 recipio
1392 1792 1434 1811 me
1450 1784 1477 1811 in
1491 1784 1593 1811 silentii
1621 1783 1708 1810 otium
1721 1787 1750 1809 et

968 1833 1206 1867 tranquillitatem.

128 1878 353 1914 ἐπιχειρημάτων
384 1888 413 1907 τε
441 1880 488 1906 καὶ
524 1879 670 1914 ἐργασιῶν,
688 1879 734 1904 καὶ
756 1879 817 1905 ὅσαι
839 1879 899 1905 κατ’
935 1879 1061 1906 ἔνστασιν
1079 1880 1219 1914 ὑποφοραὶ
1241 1879 1288 1905 γαὶ
1314 1879 1503 1913 ἀνθυποφοραὶ
1532 1879 1578 1905 καὶ
1602 1878 1693 1909 λύσεις
1719 1877 1748 1909 ἐξ

128 1925 252 1960 ἀνάγκης
275 1925 387 1952 ἕπονται
407 1925 535 1958 τουτοισὶ,
569 1925 630 1968 Max
655 1915 775 1960 ἐργῶδες
797 1925 852 1959 ὁρῶ
878 1925 925 1952 καὶ
942 1925 1077 1961 ἀναχωρῶ
1091 1927 1159 1961 πρὸς
1193 1926 1362 1961 ἐμαυτὸν,τὸ
1376 1926 1424 1960 τῆς
1440 1925 1545 1959 σιωπῆς
1561 1924 1747 1958 ἀσπαζόμενος

128 1971 276 2007 ἄπραγμον
294 1981 323 2001 τε
339 1973 387 1998 καὶ
402 1972 592 2007 ἀνεπίφθονον.

164 2022 194 2049 l'.
219 2023 265 2057 Μή
296 2029 342 2056 μοι
371 2021 485 2047 τοιαῦτα
507 2020 569 2053 λέγε
597 2019 645 2046 καὶ
668 2020 807 2054 πρότεινε,
826 2019 912 2053 φίλων

999 2019 1032 2047 Χ.
1048 2019 1108 2046 Noli
1122 2019 1180 2046 haec
1192 2018 1284 2046 dicere
1299 2019 1365 2045 mihi
1377 2024 1405 2045 et
1418 2018 1575 2050 obtruderc,
1588 2017 1747 2046 charissimc

128 2068 225 2104 ἄριστε
250 2066 430 2102 Πρωταγόρα.
453 2066 525 2092 Μίαν
547 2065 603 2101 γὰρ
626 2065 756 2100 οὐδεμίαν
778 2065 912 2100 οὐδετέρῳ

968 2065 1120 2098 Protagora.
1151 2063 1221 2090 Nam
1248 2063 1340 2090 neutri
1373 2069 1498 2090 nostrum
1529 2063 1583 2090 ulla
1613 2063 1747 2091 ntilitase

128 2115 206 2149 φέρει
231 2114 280 2148 τὴν
305 2113 398 2147 ὄνησιν
421 2112 456 2138 τὰ
483 2112 533 2146 τῆς
559 2111 676 2146 σιωπῆς.
709 2110 785 2145 Ἐμοί
807 2119 835 2137 τε
857 2112 912 2145 γὰρ

126 2159 256 2189 ἐπιεικῶς
282 2158 418 2192 ἀφόρητον
437 2157 486 2192 τὴν
512 2157 614 2191 ζημίαν
642 2157 760 2190 κομίζει,
784 2157 830 2182 καὶ
854 2157 910 2182 ὅσοι

965 2108 1076 2136 silentio
1091 2108 1200 2136 evadet.
1219 2108 1285 2136 Mihi
1298 2108 1410 2143 quidem
1429 2108 1601 2136 intolerabile
1616 2109 1746 2135 damnum

962 2154 1058 2182 aﬂcret
1074 2162 1181 2190 unaque
1197 2155 1231 2182 iis
1245 2162 1363 2189 quorum
1381 2162 1462 2182 aures
1477 2163 1567 2181 rerum
1582 2156 1745 2190 optimarum

126 2205 217 2239 λίχνον
236 2204 296 2230 κιτ¹
307 2189 369 2237 ἔρι’
382 2204 449 2237 ’περὶ
464 2189 502 2229 τὰ
521 2189 618 2237 βελτίω
631 2189 682 2237 τὴν
700 2203 786 2236 ἀκοὴν
802 2202 908 2235 ἐξέθρε-

968 2201 1078 2228 :uriosm
1094 2205 1170 2227 sunt.
1200 2200 1261 2227 Tibi
1289 2208 1357 2228 vero
1381 2205 1513 2235 quantum
1531 2208 1575 2228 res
1593 2201 1744 2235 periculum

125 2251 190 2284 ιζάν.
209 2251 254 2276 Σοὶ
268 2250 291 2276 δ’
315 2251 377 2276 ὅσον
390 2250 496 2276 ἀπειλεῖ
519 2250 567 2284 τῆς
580 2249 669 2284 ψυχῆς
685 2249 714 2276 τὸ
729 2250 848 2284 πρᾶγμα
866 2251 910 2276 τὴν

125 2297 259 2328 κὐδυνον,
275 2296 354 2327 αὑτός
372 2296 394 2321 τ’
416 2295 449 2322 ἂν
473 2295 573 2330 εἰδείης
590 2295 714 2328 ἐξετάσει
734 2296 782 2321 καὶ
799 2295 910 2330 βασάνῳ

123 2342 278 2376 τελεωτέρα
291 2341 390 2372 διδοὺς,
409 2342 456 2367 καὶ
470 2341 527 2375 ἅμα
543 2341 770 2375 συλλογιζόμενος
782 2342 840 2372 πῶς
858 2341 909 2374 μὲν

124 2388 178 2415 τῶν
195 2387 344 2414 ἀντιθέτων
371 2388 508 2421 αἰσχυνεῖς
536 2387 585 2418 τὰς
618 2387 742 2419 γλώττας
767 2386 846 2419 λέξας
874 2386 907 2412 τὰ

126 2434 234 2468 καίρια,
262 2421 319 2464 ττῶς
349 2432 377 2458 δὲ
405 2433 458 2458 τῶν
485 2433 631 2467 ἡμετέρων
659 2432 825 2467 ὲπιρῤώσεις
858 2434 908 2463 τὰς

124 2481 237 2515 φρένας,
255 2479 441 2512 ἁμφιῤῥεπείς
466 2478 545 2505 ἐνίων
567 2478 674 2513 ἐνιαχοῦ
702 2478 847 2511 γινομένας
873 2477 907 2504 δι’

123 2523 301 2559 ὸλιγημαῦίαν
320 2523 385 2554 ἴσως
398 2530 405 2537 ⁸
421 2523 451 2548 οὐ
464 2523 518 2556 γὰρ
533 2522 565 2548 ἄν
578 2531 642 2548 ποτε
657 2523 740 2557 φαίην
755 2521 831 2555 κάγὼ
845 2523 906 2548 κατ’

963 2245 1135 2272 minitaretur
1152 2244 1261 2272 videres
1284 2245 1365 2273 facile
1388 2246 1409 2272 si
1429 2253 1484 2272 rem
1504 2246 1626 2280 penitius
1641 2251 1667 2272 et
1689 2254 1745 2272 nte-

961 2289 1015 2316 lius
1040 2289 1194 2324 inquireres
1212 2294 1240 2317 et
1258 2296 1401 2325 reputarcs
1421 2291 1558 2326 quomodo
1573 2291 1743 2318 adversario-

961 2344 1022 2363 rum
1039 2336 1161 2379 iipguam
1187 2342 1291 2364 mutam
1311 2338 1443 2365 redderes
1466 2338 1635 2373 argumentis
1650 2337 1744 2364 cli-etis

960 2382 1181 2417 gravioribus,et
1195 2383 1333 2418 quomodo
1351 2383 1458 2411 animos
1475 2378 1584 2410 nostros
1598 2383 1742 2410 confirma-

960 2433 1040 2455 turus
1058 2436 1135 2455 esses
1161 2436 1224 2456 cum
1255 2430 1380 2456 nonnulli
1402 2429 1458 2464 jam
1487 2429 1605 2456 litnbcnt
1633 2432 1742 2462 propter

959 2482 1050 2501 rerum
1069 2474 1270 2510 ignorantiam;
1289 2483 1322 2502 ne
1331 2475 1418 2502 dicam
1429 2479 1459 2502 ut
1474 2475 1598 2502 nonnulli
1616 2475 1740 2502 morbum

958 2526 1058 2547 vocant
1084 2522 1241 2555 opinionem
1269 2522 1378 2548 ancoris
1402 2521 1525 2548 orbatam
1547 2525 1575 2548 et
1590 2521 1671 2548 modo
1688 2521 1740 2548 huc

124 2570 210 2600 ἐνίους
231 2569 280 2602 τὴν
302 2568 379 2594 νόσον
401 2567 551 2598 καλοῦντας
565 2567 694 2602 ἀγκυρῶν
709 2568 830 2601 ὀρφανὴν
845 2575 906 2594 τινα

968 2565 1038 2592 nodo
1048 2566 1113 2593 illuc
1126 2565 1303 2593 ﬂuctuantem
1323 2566 1408 2593 instar
1417 2566 1528 2593 navium
1546 2574 1606 2600 qua:
1619 2567 1739 2593 remulco

122 2614 222 2649 οἴησιν,
238 2613 359 2646 εὐχερῶς
387 2612 431 2645 ἐφ’
457 2612 576 2645 ἑκάτερα
597 2611 847 2646 ταλαντευομένην,
862 2612 906 2638 ὀ),-

969 2611 1120 2644 rabunlur;
1149 2619 1218 2645 quas
1248 2612 1331 2638 maris
1357 2611 1459 2638 turbidi
1487 2612 1586 2640 fluctus
1598 2612 1738 2646 abripiunt

122 2661 186 2687 κάσι
210 2658 419 2694 παραπλησίως,
437 2658 470 2688 ἃς
486 2657 653 2692 ταραχώδεις
668 2657 787 2691 ἀγκάλαι
805 2657 903 2684 θαλάτι

121 2714 170 2740 της
187 2704 376 2731 ἀπολαῦοῦσαι
399 2704 494 2734 νυκτὸς
519 2703 656 2738 ἀλιμένοις
671 2704 769 2734 ἀκταῖς
785 2704 832 2730 καὶ
848 2712 902 2738 χω-

123 2752 191 2787 ρίοις
218 2750 382 2784 ἐπέρριψαν.
400 2750 514 2776 Ἔπειτα
542 2749 602 2775 οὐδὲ
627 2748 755 2784 φορτικός
780 2757 822 2780 τις
846 2748 901 2781 ἐγώ

123 2806 163 2823 σοι
184 2795 332 2831 φανοῦμαι,
351 2794 436 2821 πάντα
450 2795 510 2820 καθ’
525 2794 628 2821 ἕκαστα
645 2796 733 2827 λέγειν
749 2795 839 2820 ἐκεῖνα
854 2795 902 2821 καὶ

124 2843 322 2877 ᾁπαράλλακτα
353 2841 473 2876 τήμερον
510 2841 558 2875 τὴν
588 2841 741 2875 ἀνάμνησιν
771 2841 900 2874 ἐπάγων-

955 2661 1073 2683 noctuet
1087 2656 1113 2683 in
1128 2657 1333 2691 proximasoras
1348 2661 1374 2684 et
1385 2658 1568 2685 continentem
1579 2657 1734 2692 projiciunt.

956 2703 1008 2730 Sed
1028 2703 1122 2730 tibine
1136 2703 1268 2730 molestus
1284 2703 1378 2730 videar
1396 2705 1459 2731 nolo
1477 2709 1502 2732 te
1521 2704 1626 2739 singula
1642 2703 1732 2730 omnia

956 2749 1153 2781 mihinarrare,
1173 2749 1330 2776 continuam
1354 2749 1433 2777 hodie
1456 2758 1546 2777 rerum
1575 2750 1732 2778 memoriam

955 2794 1186 2822 cxcitando.Naxn
1202 2795 1352 2822 secundum
1368 2797 1520 2828 oraculum,
1538 2796 1650 2823 nimium
1668 2804 1735 2823 nun-

955 2849 1035 2876 quam
1051 2841 1178 2869 desidero
1193 2846 1219 2869 et
1243 2841 1344 2875 quibus
1368 2850 1477 2876 semper
1494 2843 1626 2870 intersum
1640 2850 1687 2870 cos
1701 2850 1735 2870 ne
