1913 3062
186 135 237 167 351

769 140 789 169 Ν
796 140 975 169 IILEI’IIURI
995 141 1017 169 ὓ
1024 139 1094 168 llEG
1100 139 1183 168 011:1?

1750 134 1803 166 85:2

188 197 272 230 γίαις,
300 196 526 232 ἀλληλογαμίαις,
571 199 618 224 καὶ
659 198 825 230 ἁπαξαπλῶς
851 200 878 224 ἐν
907 199 1006 230 πάσαις
1025 199 1156 229 ἀσωτίαις
1186 197 1437 232 ἐγκυλινδούμενοι,
1468 196 1502 222 τὰ
1533 196 1644 222 τοιαῦτα
1672 196 1803 229 πράττειν

189 242 302 274 ἀπαοιῗτς
329 243 529 276 τερατῖύονται,

571 244 740 278 ἀναισθὴτως
771 245 911 275 νοσοῦντες
937 245 985 277 τὴν
1006 245 1167 277 ἐμπάθειαν,
1188 245 1234 272 καὶ
1261 244 1422 278 ἀναλγήτως
1445 242 1490 277 ὑφ’
1525 242 1630 269 ἑαυτῶν
1652 242 1803 276 πάσχοντες

190 291 237 316 κλὶ
257 291 310 317 τῶν
334 292 361 316 ἐν
378 292 469 322 αὐτοῖς
491 292 637 318 οἰκούντων
660 294 804 328 δαιμόνων,
820 294 914 326 ὥσπερ
940 293 964 317 οἱ
985 294 1115 326 φρενίτιδι
1132 294 1310 328 κατεχόμενοι
1325 293 1405 327 νόσῳ.

226 335 296 362 XIII.
326 336 450 363 Inveniet
469 342 561 363 autem
574 338 731 372 quicunque
746 339 890 365 consulere
906 338 970 364 velit
984 339 1006 366 A

192 381 387 416 in_disciplina
412 382 446 409 de
473 383 600 416 praeticis
625 389 724 411 sanctae
746 389 773 411 et
793 383 969 412 oecumcniere

193 427 279 454 tertia:
294 428 402 462 synodi,
419 428 501 454 etiam
526 430 657 463 septimae,
677 430 813 463 quomodo
829 429 971 456 ditl'ament

191 478 219 499 et
235 473 420 501 condemnant
435 476 523 509 tnr‘pia
548 476 645 502 horum
660 476 779 503 facinora
791 481 816 503 et
832 476 970 511 quomodo

191 518 368 545 llassalianos
387 519 454 547 istos
470 521 607 554 appellent
621 525 649 548 et
663 521 862 549 Marcionistas.
888 521 972 548 Satis-

191 563 290 591 faeient
303 571 394 592 autem
410 574 484 593 nunc
498 567 530 593 ad
543 567 708 594 evidentiam
725 568 777 595 alia
792 569 907 603 plurima
931 573 969 595 te~

189 609 318 636 sximonia
339 610 478 637 luculenta
504 617 531 638 et
556 620 609 645 pra:
634 612 694 639 aliis
717 613 845 640 omnibus
865 621 925 647 quze
938 613 971 640 ab

190 654 262 680 Atho
275 660 366 682 monte
381 656 423 682 bis
435 661 463 683 et
477 661 517 683 ter
529 662 556 684 et
571 659 669 692 smpius
681 658 714 685 ad
728 666 777 685 nos
789 664 972 693 pervenerunt

189 700 315 734 cvulgata
327 706 351 727 ct
364 701 450 728 libere
459 702 546 736 palam
556 704 680 738 exposita
687 704 861 737 documenta,
873 705 971 738 quibus

190 746 301 773 illorum
319 747 425 782 singula
449 748 550 783 ﬂagitia
575 749 740 776 indicantur.
771 749 805 776 At
827 751 849 777 si
865 750 971 784 pietatis

190 796 289 818 nostrae
300 797 326 818 et
340 799 440 820 sancta:
452 794 584 821 doctrina:
593 795 723 822 intererat
735 795 885 830 intelligere
903 803 971 828 quo-

190 838 271 862 modo
293 837 404 864 Thabor
425 842 452 865 et
476 838 594 866 IIcrmon
618 840 643 866 in
659 841 769 867 nomine
782 840 886 867 Domini
899 842 971 868 cele-

189 885 259 911 brati
273 890 374 917 essent,
393 890 421 913 et
445 887 465 913 si
487 887 537 914 hac
554 887 587 914 de
605 894 634 913 rc
654 888 840 914 necessarium
860 887 971 914 omnino

189 936 248 958 erat
260 939 320 965 quae
331 939 392 958 cum
407 932 546 959 miraculis
561 932 598 958 ibi
609 931 689 959 editis
702 932 847 966 conjuncta
859 933 972 959 fuissent

190 977 341 1011 inquirere,
359 978 446 1012 iisque
458 978 662 1004 venerationem
676 986 809 1005 summam
830 979 951 1005 tribuere
965 987 971 1004 :

190 1024 308 1058 primum
321 1031 389 1057 opus
402 1028 461 1050 erat
475 1028 503 1051 ut
523 1031 537 1050 a
553 1024 618 1050 viris
631 1024 718 1051 doctis
739 1032 798 1058 quae
822 1029 894 1051 certa
918 1024 972 1051 sint

190 1076 316 1098 accurate
333 1071 548 1106 inquirerentur,
564 1072 646 1107 398
659 1079 746 1106 neque
767 1072 914 1106 quidquam
931 1072 972 1098 in-

187 1117 288 1151 justius
316 1122 373 1143 erat
402 1124 482 1151 quam
510 1117 542 1144 de
559 1124 593 1144 eo
610 1117 656 1152 qui
674 1117 707 1144 dc
731 1122 822 1144 nostra
849 1117 972 1144 doctrina

191 1161 353 1195 loquebatur
365 1161 387 1188 si
404 1169 497 1189 revera
518 1162 568 1188 viri
582 1162 655 1189 docti
677 1162 824 1197 plurimum
848 1162 973 1188 valebant

190 1216 345 1243 quanquam
376 1216 429 1234 non
454 1208 549 1235 eadem
575 1208 690 1235 facultas
713 1208 817 1235 caeteris
846 1207 973 1234 omnibus

191 1254 279 1281 inerat
295 1255 339 1287 qui
358 1254 498 1281 nobiscum
511 1254 613 1281 faciunt
630 1253 807 1288 eamdemque
820 1254 972 1280 doctrinam

192 1299 306 1332 habent,
327 1307 460 1334 quzercre,
475 1307 541 1327 num
557 1308 572 1326 e
589 1307 703 1326 numero
719 1304 841 1326 sutorum
854 1304 901 1326 aut
921 1299 974 1326 fos-

191 1353 283 1373 sorum
300 1350 347 1372 aut
361 1346 546 1379 sophistarum
562 1350 644 1373 esset.
665 1345 767 1372 Deinde
783 1349 872 1372 autem
888 1347 974 1372 fateor

191 1393 214 1419 si
245 1392 319 1419 nullo
351 1391 431 1418 modo
452 1392 579 1420 evitabile
605 1395 635 1418 et
661 1398 773 1426 prorsus
790 1392 972 1418 necessarium

191 1436 296 1468 fuisset,
324 1444 368 1464 me
395 1444 566 1471 nequaquam
604 1437 640 1464 ibi
680 1436 845 1464 omissurum
890 1436 973 1463 fuisse

190 1483 274 1510 verba
291 1483 390 1514 facere,
403 1491 437 1516 co
453 1487 481 1510 ut
496 1490 619 1510 caverem
637 1483 704 1510 mihi
720 1491 753 1509 ne
769 1482 895 1509 ludibriis
906 1482 972 1509 mihi

191 1529 378 1556 obtrectarent
389 1536 496 1563 unaque
511 1528 572 1555 aliis
583 1529 629 1563 qui
647 1528 749 1555 indocti
764 1532 828 1555 sunt
843 1536 877 1554 ne
895 1527 973 1555 facile

192 1583 207 1601 a
245 1574 368 1602 scelestis
407 1573 553 1608 impietatis
581 1574 742 1609 praesidibus
769 1574 972 1608 deciperentur.

190 1620 269 1647 Nunc
289 1627 355 1646 vero
384 1626 446 1647 cum
475 1627 572 1646 vanam
596 1627 692 1646 eorum
715 1619 971 1646 demonstrationem

1057 339 1105 365 II".
1112 339 1183 374 Εὑρή
1189 347 1227 364 σει
1239 339 1260 364 δ’
1270 340 1282 364 ὁ
1292 330 1525 373 βουλόμενοξπερὶ
1532 338 1634 364 τούτων
1644 337 1694 363 κᾶν
1702 336 1740 370 τῷ
1748 336 1803 372 ὅρῳ

1021 385 1075 411 τῶν
1093 385 1254 419 Πρανιτικών
1269 386 1317 418 τῆς
1334 385 1414 417 ἁγίας
1432 385 1478 411 καὶ
1493 384 1689 418 οἰκουμενικῆς
1704 383 1801 417 τρίτης

1024 432 1143 464 συνόδου,
1159 431 1206 457 καὶ
1221 431 1320 465 ὁμοίως
1338 432 1385 465 τῆς
1407 431 1535 466 ἑϐδόμης,
1553 431 1627 461 ὅπως
1651 438 1680 456 τε
1695 431 1800 463 ἐκπομ-

1024 477 1136 504 πεύουσι
1164 478 1209 504 καὶ
1238 477 1467 512 ἀναθεματίζουσι
1491 477 1540 508 τὰς
1559 475 1684 511 μυσαρὰς
1711 475 1801 502 αὐτῶν

1022 524 1165 557 ἐργασίας,
1192 524 1238 550 καὶ
1257 524 1330 554 ὅπως
1355 524 1417 552 τοὺς
1437 523 1534 553 αὐτοὺς
1556 521 1749 552 Μασαλιανούς
1770 528 1800 546 τε

1023 569 1134 596 καλοῦσι
1160 570 1204 596 καὶ
1224 569 1447 603 Μαρκιωνιστάς.
1468 568 1625 603 ’Λρκέσουσι
1652 567 1675 593 δ’
1691 567 1730 592 ἑτι
1756 566 1803 592 καὶ

1022 615 1069 642 νῦν
1084 615 1111 644 ἐς
1126 615 1241 650 δήλωσιν
1254 615 1321 641 ἄλλα
1333 624 1362 641 τε
1374 615 1485 641 πλεῖστα
1503 614 1643 648 μαρτύρια
1657 614 1704 640 καὶ
1716 614 1800 647 σαφῆ,

1022 663 1068 689 καὶ
1081 662 1134 695 πρά
1147 671 1178 696 γε
1196 663 1303 688 πάντων
1319 663 1342 688 οε
1356 663 1387 688 ἐκ
1403 661 1449 688 τοῦ
1464 661 1538 688 Ἀθω
1553 661 1598 688 τοῦ
1610 660 1689 695 ὅρους
1702 660 1747 686 καὶ
1762 659 1804 691 δὶς

1023 708 1071 734 καὶ
1087 708 1146 741 τρὶς
1161 707 1209 733 καὶ
1230 706 1361 738 πολλάκις
1377 707 1536 742 ἐληλυθότες
1554 705 1804 741 πεπαρῤησιασμέ-

1021 763 1062 780 νοι
1084 754 1132 780 καὶ
1151 754 1278 788 ὕπαιθροι
1294 754 1381 787 τόμοι,
1403 753 1437 780 τὰ
1461 753 1562 780 τούτων
1577 753 1676 787 αἰσχρὰ
1698 751 1758 778 καθ’
1774 751 1804 777 ’έ-

1023 809 1113 826 καστα
1132 800 1329 834 παριστῶντες.
1346 799 1416 826 Ἀλλ’
1433 800 1457 826 εί
1474 799 1524 834 μὲν
1546 798 1618 825 τοῦτ’
1633 796 1665 833 ἦν
1678 799 1691 825 ὁ
1707 798 1754 831 τῆς
1770 798 1800 831 ἡ·

1025 844 1084 878 μῶν
1107 844 1250 875 εὐσεϐείας
1267 845 1314 871 καὶ
1333 845 1450 875 πίστεως
1467 845 1539 878 ὅρος,
1558 844 1657 870 εἰδέναι
1672 843 1731 874 πῶς
1749 843 1804 869 Θα-

1024 889 1082 924 5ὼρ
1107 890 1153 916 καὶ
1176 890 1287 924 Ἐρμὼν
1309 892 1337 916 ἐν
1355 890 1392 924 τῷ
1411 890 1522 924 ὀνόματι
1548 890 1650 924 Κυρίου
1672 889 1804 923 ἠγαλλιά-

1024 943 1116 968 σαντο,
1133 936 1180 962 καὶ
1199 936 1239 967 είς
1253 935 1326 962 τοῦτ’
1348 935 1470 969 ἀνάγκης
1495 933 1530 970 ἦν
1549 936 1579 961 τὸ
1593 936 1804 970 περιιστάμενον

1024 979 1073 1011 τὰς
1098 981 1156 1005 ἐκεῖ
1178 980 1397 1014 θαυματοποιίας
1414 979 1513 1006 εἰδέναι
1540 980 1588 1006 καὶ
1611 979 1724 1009 ταύταις
1751 979 1803 1012 τῆς

1024 1024 1237 1058 προσκυνήσεως
1250 1024 1342 1058 νέμειν
1354 1024 1383 1050 τὸ
1398 1024 1429 1059 [ί.
1444 1024 1490 1051 161
1509 1024 1546 1060 v.1
1562 1024 1718 1058 κράτιστον,
1730 1024 1804 1057 πρῶο

1023 1077 1068 1094 τον
1085 1069 1133 1104 μὶν
1149 1069 1238 1101 σοφῶν
1260 1069 1365 1103 ἀνδρῶν
1381 1070 1465 1095 ἐδεῖτο
1486 1069 1553 1104 πρὸς
1567 1070 1679 1104 ἔρευναν
1699 1071 1804 1103 τάσφα-

1022 1115 1084 1146 λοῦς
1098 1115 1211 1150 ἀκριϐῆ,
1231 1116 1278 1143 καὶ
1298 1115 1373 1142 οὐδὲν
1397 1116 1430 1142 ἂν
1443 1114 1477 1151 ἧν
1492 1116 1656 1150 ἀδικώτερον
1672 1116 1742 1142 κατὰ
1757 1117 1803 1142 τὸν

1024 1161 1136 1188 εἰπόντα
1147 1161 1196 1196 τῆς
1211 1161 1350 1196 ἡμετέρας
1365 1161 1493 1194 itte-reme,
1510 1162 1532 1188 εἰ
1547 1162 1576 1188 τδ
1594 1162 1675 1188 πλέον
1693 1159 1766 1195 εἷγον
1778 1162 1802 1188 οἱ

1024 1208 1109 1241 σοφοὶ,
1137 1207 1183 1233 καὶ
1205 1207 1255 1233 οὐκ
1275 1207 1319 1233 ἐπ’
1333 1207 1394 1242 ίσης
1414 1207 1460 1234 τοῦ
1478 1207 1612 1238 σώζεσθαι
1633 1209 1699 1234 πᾶσι
1718 1208 1803 1242 μετῆν

1023 1252 1172 1286 ὁμοφύλοις
1188 1253 1233 1278 καὶ
1251 1253 1425 1288 ὁμογνώμοσι
1443 1254 1491 1287 τὴν
1511 1253 1663 1285 εὐσέϐειαν,
1679 1254 1734 1280 εῐτε
1748 1244 1805 1280 τῶν

1024 1300 1146 1325 σκυτέων
1171 1308 1211 1330 τις
1230 1300 1272 1333 εἵη
1286 1300 1333 1326 καὶ
1349 1299 1511 1326 σκαπανέων
1527 1301 1572 1327 καὶ
1596 1299 1623 1325 ετ
1633 1308 1674 1330 τις
1690 1299 1744 1325 τῶν
1759 1309 1804 1326 σο-

1024 1344 1138 1378 φιστῶν.
1155 1345 1286 1380 Δεύτερον
1306 1345 1328 1371 δ’
1339 1346 1443 1380 εἴποιμι
1457 1345 1489 1372 ἂν
1505 1346 1542 1376 ὡς
1555 1346 1594 1376 εἷς
1608 1345 1694 1380 βίαιόν
1708 1354 1734 1371 τι
1755 1346 1805 1372 καὶ

1024 1391 1227 1426 ἁναπόδραστον
1243 1391 1272 1417 τὸ
1290 1392 1338 1425 τῆς
1355 1391 1477 1426 ἀνάγκης
1498 1391 1621 1418 ἐνταυθοῖ
1644 1391 1805 1425 περιίστατο

1023 1437 1164 1470 τρόπαιον,
1183 1437 1246 1470 περὶ
1262 1435 1358 1463 πολλοῦ
1385 1436 1459 1470 μέντ’
1478 1437 1510 1462 ἂν
1525 1438 1572 1463 καὶ
1587 1437 1678 1469 αὑτὺς,
1702 1437 1804 1470 μᾶλλον

1022 1482 1050 1508 δὲ
1065 1482 1111 1509 τοῦ
1134 1482 1233 1513 παντὸς
1248 1481 1398 1516 ἐποιούμην
1413 1482 1443 1508 τὸ
1465 1482 1556 1516 λέγειν
1571 1482 1697 1514 ἐνταῦθα,
1719 1483 1806 1516 ἐμαυ-

1022 1529 1070 1555 τοῦ
1088 1537 1117 1555 τε
1136 1528 1375 1564 προμηθούμενος,
1402 1528 1440 1559 ὡς
1467 1529 1504 1562 μὴ
1530 1528 1724 1563 διασαλλοίμην
1747 1529 1805 1560 τοῖς

1024 1575 1244 1608 φιλοσκώμμοσι,
1264 1575 1314 1600 καὶ
1329 1574 1388 1608 ἅμα.
1408 1574 1462 1600 τῶν
1484 1573 1682 1609 ἀφελεστέρων,
1706 1574 1745 1604 ὡς
1766 1575 1804 1608 μὴ

1024 1621 1122 1656 ῥᾳδίως
1139 1620 1313 1654 ἐξαπατῷντο
1329 1620 1395 1654 πρὸς
1407 1620 1461 1646 τῶν
1476 1620 1591 1646 ἀνοσίων
1608 1620 1655 1652 τῆς
1674 1620 1804 1650 ἀσεῦεῐας

191 1675 252 1695 esse
264 1667 343 1695 nobis
355 1665 546 1699 satiseluceat,
555 1671 582 1693 et
597 1666 698 1693 frustra
707 1674 756 1693 eos
764 1670 790 1692 et
800 1665 859 1693 sine
871 1669 970 1692 eventu

1024 1668 1174 1703 προέδρων.
1190 1667 1247 1694 Νὗν
1264 1666 1286 1693 δ’
1298 1666 1392 1699 ἐπειδὴ
1409 1665 1527 1699 ματαίαν
1539 1665 1668 1698 ἐπίδειξιν
1685 1663 1754 1692 εἶναι
1771 1666 1804 1691 τδ

190 1714 405 1742 concertationis
418 1714 532 1740 multum
544 1713 632 1740 lutum
649 1712 814 1744 concitasse,
827 1716 927 1745 tacere,
941 1715 970 1738 ut

190 1759 257 1793 dixi,
275 1759 407 1786 malebam
421 1765 502 1792 quam
518 1757 619 1788 dicere,
641 1764 691 1783 nec
712 1763 778 1783 vero
791 1763 823 1783 ea
839 1756 872 1783 de
887 1763 967 1783 causa

190 1813 222 1833 ac
236 1805 257 1831 si
274 1804 366 1831 dicere
379 1803 491 1831 omnino
508 1810 556 1837 per
572 1811 601 1830 se
617 1802 713 1830 inutile
736 1807 819 1834 esset,
835 1802 881 1829 sed
905 1802 970 1836 quia

189 1850 270 1878 nobis
282 1851 340 1885 ipso
352 1857 386 1877 eo
401 1855 522 1884 tempore
538 1849 634 1876 inutile
652 1849 709 1876 fore
722 1848 876 1876 videbatur.
893 1848 970 1881 Quod

189 1897 405 1931 inopportunum
419 1903 480 1922 esse
495 1899 522 1922 et
539 1894 618 1921 nobis
644 1898 772 1928 tanquam
789 1894 890 1928 probro
914 1893 971 1920 fore

190 1944 279 1978 ipsum
297 1941 362 1969 i!lud
381 1946 488 1975 tempus
507 1940 573 1966 satis
585 1940 722 1966 monebat.
735 1939 771 1965 De
785 1939 885 1973 quibus
896 1939 969 1966 enim

189 1988 368 2024 quaestionem
386 1991 543 2021 proponunt
558 1993 612 2012 non
636 1985 834 2016 necessariam,
850 1985 911 2012 [nec
925 1992 969 2012 re-

189 2035 363 2069 sponsionem
374 2032 556 2060 necessariam
568 2039 621 2058 non
638 2031 786 2066 postulant.
797 2030 884 2058 Audio
895 2031 968 2058 enim

191 2088 319 2114 magnum
344 2078 474 2105 Basiliam
496 2076 605 2111 quando
637 2075 672 2103 ab
697 2076 805 2103 Arionis
831 2081 972 2112 rogaretur

191 2132 220 2154 ut
234 2127 405 2154 enuntiatum
435 2125 523 2151 «Deus
549 2123 652 2150 creavit
679 2130 738 2149 me»
770 2123 918 2157 explicaret
943 2122 970 2150 id

192 2172 351 2208 repudiasse
368 2175 395 2197 et
410 2169 511 2196 silentii
529 2176 639 2195 causam
653 2175 713 2194 eam
731 2167 881 2202 professum
897 2175 970 2200 esse,

191 2219 264 2254 quod
281 2218 356 2244 nulla
365 2216 416 2243 sibi
432 2215 465 2242 de
480 2214 614 2249 ejusmodi
627 2214 762 2240 sententia
777 2214 973 2241 dieendi'essct

192 2264 350 2295 necessitas,
363 2261 513 2297 praesertim
524 2268 585 2288 cum
597 2268 645 2294 per
658 2260 970 2294 parabolametobscura

191 2310 274 2337 verba
290 2312 318 2335 et
333 2308 474 2341 :enigmata
491 2306 594 2340 prolata
615 2309 716 2337 essent,
747 2313 781 2331 ne
806 2305 852 2339 qui
865 2305 973 2332 audiret

1023 1713 1141 1746 πρᾶγμα
1171 1712 1316 1738 κατανοεῖν
1340 1712 1405 1745 ἡμῖν
1435 1711 1627 1745 παραγίνεται,
1645 1711 1690 1737 καὶ
1718 1711 1804 1736 πολὺν

1025 1760 1083 1793 μὲν,
1108 1759 1237 1792 ἀνόνητον
1251 1758 1278 1784 δὲ
1294 1758 1342 1784 καὶ
1364 1757 1424 1791 εἰκῇ
1448 1757 1493 1782 τδν
1509 1757 1558 1791 τῆς
1577 1756 1663 1790 ἔριδος
1678 1756 1804 1783 ἐντεῦθεν

1022 1805 1159 1839 κονιορτδν
1176 1803 1363 1837 ἐγειρόμενον,
1386 1803 1476 1837 σιγᾷν,
1493 1802 1531 1831 ὡς
1552 1803 1670 1836 εἴρηται,
1695 1802 1803 1828 ἐϐουλό-

1025 1859 1078 1884 μην
1095 1849 1127 1876 ἂν
1143 1849 1271 1883 μᾶλλονῆ
1289 1849 1390 1882 λέγειν,
1408 1848 1438 1874 οὐ
1461 1849 1491 1874 τὸ
1513 1848 1602 1881 λέγειν
1621 1847 1657 1879 ὡς
1674 1848 1805 1884 ἀνόνητον

1023 1896 1094 1923 κατὰ
1118 1898 1199 1930 φύσιν
1222 1896 1343 1930 ὑπάρχον
1366 1895 1570 1929 ἀποσειόμενος,
1598 1895 1655 1921 ἀλλ’
1675 1895 1712 1925 ὡς
1736 1897 1804 1930 ἡμῖν

1023 1940 1145 1977 enim.»
1166 1943 1295 1976 ἀνόνητον
1311 1942 1385 1975 ἄρτι,
1407 1941 1456 1975 τὴν
1474 1941 1576 1975 ἀωρίαν
1593 1942 1661 1972 τέως
1680 1942 1725 1968 τοῦ
1742 1942 1806 1976 χρό-

1021 1998 1068 2014 νοι)
1086 1987 1210 2022 καθάπερ
1222 1987 1283 2013 τινὰ
1294 1987 1390 2020 κηλῖδα
1401 1988 1632 2020 συμπεπτιυκυίαν
1640 1987 1804 2020 ὁἾενδηποτ-

1023 2035 1069 2061 οὖν
1091 2033 1168 2067 παρὰ
1188 2033 1217 2060 τὸ
1231 2033 1304 2063 είκδς
1324 2032 1524 2066 ἀναδεξαμένου
1536 2041 1543 2047 ·
1562 2033 1579 2059 ἃ
1594 2034 1647 2067 γὰρ
1661 2033 1805 2067 ἑνδεχομέ.

1023 2089 1072 2114 νην
1084 2080 1132 2105 οὐκ
1150 2078 1303 2112 ἀναγκαίαν
1322 2078 1350 2103 δὲ
1361 2078 1561 2111 προὸἁλλονται
1578 2079 1702 2112 ζήτησιν,
1718 2079 1806 2104 ταῦτα

1024 2115 1133 2155 τίάντως
1146 2123 1201 2150 οὐδ’
1217 2122 1370 2156 ἀναγκαίαν
1390 2122 1451 2148 τινὰ
1464 2122 1512 2156 τὴν
1527 2123 1672 2156 ἀπόκρισιν
1694 2124 1808 2149 ἀπαιτεῖ

1025 2169 1175 2204 πανταχοῦ.
1193 2169 1297 2196 Ἀκούω
1311 2169 1365 2202 γὰρ
1381 2169 1426 2194 καὶ
1452 2168 1499 2194 τοῦ
1521 2168 1641 2202 μεγάλου
1663 2169 1805 2196 Βασιλείου

1024 2215 1263 2252 περιφρονοῦντος,
1278 2214 1359 2240 ὁπότε
1381 2215 1447 2249 πρὸς
1469 2214 1523 2240 τῶν
1549 2214 1697 2249 ’Λρειανῶν
1720 2215 1807 2242 ἁπαι-

1023 2264 1095 2289 τοῖτο
1109 2261 1158 2296 τὴν
1167 2260 1225 2292 τοῦ,
1247 2270 1255 2286 ι
1272 2260 1375 2294 Κύριος
1391 2260 1481 2286 ἔκτισέ
1498 2269 1544 2294 με,
1565 2270 1574 2285 ι
1595 2261 1687 2294 φωνὴν
1699 2261 1807 2294 ἐξηγεῖ-

1025 2308 1098 2338 σθαι,
1115 2307 1162 2334 καὶ
1177 2306 1227 2340 τῆς
1239 2306 1320 2340 σιγῆς
1335 2306 1383 2339 τὴν
1396 2305 1484 2332 αίτίαν
1500 2306 1660 2338 φάσκοντος,
1676 2307 1713 2340 μὴ
1734 2305 1806 2334 εἶναι

190 2356 273 2392 399
287 2354 407 2389 ambigui
422 2353 552 2387 quiddam
564 2351 627 2379 inde
638 2352 972 2386 conciperet.ﬁEademqne

1024 2352 1123 2387 δηλαδὴ
1150 2352 1285 2386 μηδεμίαν
1313 2351 1436 2385 ἀνάγκην
1466 2351 1530 2385 περὶ
1561 2351 1688 2386 τοιαύτης
1715 2351 1806 2386 λέγειν

191 2404 225 2431 de
239 2410 321 2430 causa
343 2409 394 2436 ego
415 2407 523 2435 quoque
552 2405 642 2427 tacere
667 2399 702 2426 ibi
732 2399 876 2430 malebam,
891 2399 972 2433 idque

190 2456 245 2476 non
259 2448 347 2474 solum
360 2450 472 2481 propter
486 2453 517 2472 ea
529 2452 589 2479 quae
600 2451 681 2478 supra
693 2444 816 2478 exposui,
831 2443 878 2471 sed
889 2444 972 2470 etiam

191 2499 303 2530 propter
320 2493 436 2527 plurima
455 2492 518 2519 alia.
545 2491 614 2518 Sunt
626 2491 697 2518 enim
712 2491 757 2525 qui
771 2498 898 2518 sermone
912 2498 974 2525 per-

191 2542 286 2576 spicuo
305 2545 428 2573 utantur,
455 2540 500 2566 alii
526 2540 570 2574 qui
585 2545 698 2573 prorsus
726 2545 779 2564 non
805 2537 971 2572 perspicuo;

191 2588 237 2622 qui
255 2587 306 2614 etsi
333 2586 500 2622 argumentis
528 2593 581 2612 non
600 2584 730 2612 differunt
744 2593 758 2611 a
777 2584 866 2617 nobis,
881 2588 970 2610 tamen

192 2634 284 2661 verbis
300 2639 327 2660 et
343 2633 455 2659 vocibus
473 2632 529 2659 suis
546 2629 733 2666 peculiaribus
748 2629 859 2657 diﬂ‘errc
873 2629 971 2656 videnv

195 2686 237 2707 tur
253 2680 286 2707 iis
301 2680 346 2714 qui
360 2678 462 2705 indocti
479 2681 543 2704 sunt
557 2681 585 2703 et
601 2677 700 2711 quibus
713 2683 804 2704 sacras
817 2675 975 2710 Scripturas

195 2726 221 2752 in
236 2723 452 2752 controversiam
469 2723 570 2749 ducere.
586 2722 683 2755 placet.
716 2721 774 2747 Alio
789 2725 880 2747 autem
896 2719 976 2746 tnodo

195 2770 351 2804 intelligunt
366 2768 412 2803 qui
431 2768 458 2795 in
476 2766 632 2802 bujusmodi
647 2766 728 2793 rebus
743 2765 856 2792 nimium
869 2772 976 2798 semper

195 2815 342 2849 exquirere
369 2818 398 2840 et
424 2821 472 2847 per
497 2811 640 2846 allegorias
665 2811 757 2846 dicere
778 2810 894 2841 volunt;
923 2808 976 2836 aiio

199 2860 280 2886 modo
293 2859 340 2892 qui
357 2858 519 2891 simpliciter
533 2856 706 2890 interpretari
720 2859 747 2883 et
765 2855 900 2882 illustrare
916 2859 975 2881 stu-

1025 2399 1128 2433 φωνῆς,
1143 2398 1189 2424 καὶ
1203 2396 1289 2423 ταῦτα
1302 2396 1344 2423 διὰ
1357 2396 1519 2430 παραϐολῶν
1538 2397 1585 2422 καὶ
1600 2397 1747 2423 σκοτεινῶν
1762 2398 1805 2424 λό-

1024 2453 1080 2478 γων
1092 2444 1138 2470 καὶ
1150 2443 1320 2477 αἰνιγμάτων
1343 2442 1589 2476 προενηνεγμένης,
1602 2442 1639 2472 ὡς
1654 2443 1740 2476 μηδὲν
1755 2444 1804 2470 ἀν-

1024 2490 1230 2525 αμφισῦήτητον
1242 2486 1314 2515 εἶναι
1328 2488 1422 2514 λαϐεῖν
1438 2488 1467 2520 ἐξ
1493 2488 1579 2522 αὐτῆς
1596 2488 1641 2514 τὸν
1658 2489 1803 2518 ἀκούοντα.

1024 2536 1076 2562 Διὰ
1087 2535 1152 2569 γοῦν
1167 2534 1254 2561 ταῦτα
1276 2533 1353 2566 κάγὼ
1372 2534 1478 2568 σιωπᾷν
1499 2533 1651 2568 ἐϐουλόμην
1666 2534 1748 2566 αὐτὸς
1763 2536 1806 2562 ἐν-

1025 2581 1130 2608 ταυθοῖ.
1145 2581 1198 2606 Καὶ
1215 2580 1252 2615 μὴ
1269 2580 1349 2614 μόνον
1362 2579 1395 2605 δι’
1409 2579 1426 2606 ἃ
1443 2579 1748 2614 προαπηριομησάμην,
1765 2582 1806 2608 ὅτι

1027 2627 1065 2662 μὴ
1076 2627 1123 2653 καὶ
1140 2626 1228 2652 ἄλλων
1242 2626 1327 2660 δήπου
1341 2625 1475 2651 πλείστων
1488 2624 1581 2651 ἕνεκα.
1597 2625 1652 2651 Καὶ
1671 2626 1725 2660 γὰρ
1741 2627 1806 2653 ἔνιοι

1027 2672 1076 2706 μὲν
1092 2669 1226 2705 σαφηνείᾳ
1249 2669 1382 2704 γλώττης,
1401 2668 1471 2694 ἕνιοί
1493 2668 1514 2694 δ’
1533 2669 1633 2702 ἥκιστα
1646 2669 1805 2704 κέχρηνται,

1026 2718 1074 2744 καὶ
1087 2718 1111 2743 εἰ
1128 2717 1165 2751 μὴ
1180 2717 1240 2746 ταῖς
1253 2715 1379 2746 ἐννοίαις,
1392 2714 1449 2740 ἀλλ’
1461 2714 1507 2740 οὖν
1526 2716 1558 2748 τῇ
1577 2723 1608 2748 γε
1626 2715 1696 2746 λέξει
1711 2717 1758 2742 καὶ
1768 2715 1806 2749 τῷ

1025 2763 1074 2797 τῆς
1090 2762 1218 2801 φράσεως
1237 2761 1357 2795 σχήματι
1374 2760 1543 2795 διενηνέχοαι
1560 2760 1684 2786 δοκοῦσιν
1697 2760 1804 2795 ἐνιαχοῦ

1026 2809 1080 2838 τοῖς
1093 2806 1208 2840 ἀμαθῶς
1218 2813 1247 2831 τε
1261 2805 1308 2831 καὶ
1325 2805 1469 2838 ἐριστικῶς
1486 2805 1546 2834 ταῖς
1561 2804 1682 2839 Γραφαίς
1699 2804 1806 2838 ὁμιλοῦ-

1027 2862 1079 2880 σιν.
1097 2853 1150 2880 Καὶ
1169 2853 1256 2884 ἄλλως
1283 2852 1332 2887 μὲν
1351 2850 1391 2883 οἷς
1419 2852 1452 2878 τὰ
1483 2851 1547 2885 περὶ
1573 2850 1669 2877 τούτου
1683 2850 1742 2882 πῶς
1757 2850 1806 2886 μὲν
