1913 3062
115 140 166 171 353

582 133 802 172 ΒΥΖΛΝἸῚΝΑΞ
824 141 1014 171 insumi-tt
1037 142 1110 171 LIB.
1132 142 1253 172 XXXII.

1679 145 1732 176 35'.

115 197 311 233 ἐγκωμιάζειν,
322 200 379 232 πῶς
391 200 413 228 δ’
424 201 596 234 ἀναγωγικόν
609 210 670 229 τινα
683 201 772 235 λέγειν
792 201 894 236 τρόπον

953 199 1018 227 dent
1045 200 1101 234 ipsa
1130 206 1233 228 tantum
1250 200 1321 228 nuda
1338 201 1476 236 Evangelii
1499 201 1580 228 verba
1596 202 1655 230 sine
1675 204 1730 230 nlla

114 244 161 270 καὶ
175 244 397 280 ἀλληγοροῦντας
410 246 538 278 διεξιέναι
554 247 670 280 ἔπεισιν,
689 247 776 278 ἄλλως
800 247 828 274 δὲ
841 247 897 277 τοῖς

115 288 209 320 ἅπλῶς
223 290 387 325 ἑρμηνεύειν
404 292 451 318 καὶ
468 292 624 326 ἐξηγεῖσθαι
640 291 836 327 προελομᾶνοις
850 291 898 326 μό-

114 342 163 366 νας
188 336 274 368 αὐτὰς
303 337 350 364 τοῦ
368 337 540 371 Εὑαγγελίου
558 338 606 367 τὰς
625 339 718 373 ῥήσεις
742 337 900 372 φιλοτιμίας

113 379 225 416 ἁπάσης
238 382 326 413 ἐκτὸς,
342 383 390 409 καὶ
403 383 616 415 ἀνακαλύπτειν,
635 383 696 408 ὅσον
712 381 834 416 ἐφικτὸν,
852 381 900 407 τὸν

113 426 275 460 ἐγκείμενον
289 429 349 460 ταῖς
367 428 456 460 λέξεσι
474 428 536 455 νοῦν
552 428 684 464 ἀκριϐῶς,
699 429 746 455 καὶ
761 428 843 454 πλέον
856 428 901 454 οὐ-

112 472 158 498 δὲν
180 474 338 508 περαιτέρω
352 475 444 508 ζητεῖν
455 482 462 488 ·
486 474 574 506 ἄλλως
589 474 617 501 δὲ
633 475 689 505 τοῖς
704 474 752 500 νῦν
770 474 816 500 {ut
833 482 899 507 συγ⁹

114 518 193 552 χύσει
205 519 253 553 τῆς
261 519 402 552 εὐσεϐείας
415 521 570 554 ὲπιφυεῖσιν
582 519 721 551 ἀσεὸέσιν,
736 519 761 546 οἵ
772 519 821 554 τὴν
836 519 901 554 μίαν

113 564 243 591 ἄκτιστον
257 565 372 600 θεότητα
395 567 464 601 πρὸς
479 567 609 602 ἀπείρους
637 567 683 592 καὶ
697 566 840 600 διαφόρους
857 565 901 591 τέ-

115 616 225 642 μνουσι,
241 611 287 636 καὶ
301 610 360 644 ἅμα
385 612 452 646 όρᾷν
467 612 605 646 αἰσθητοῖς
634 611 782 645 ὀφθαλμοῖς
800 611 900 644 ἐγκαυ-

114 651 217 685 χῶνται
230 653 278 679 καὶ
292 655 396 688 ὁμιλεῖν
410 655 439 686 ἐξ
456 656 526 681 οἴνου
542 656 591 682 καὶ
607 655 713 689 τρυφῆς
728 654 898 688 Παλαμικῆς,

113 698 143 724 ὃν
153 699 286 726 ἀδύνατον
302 700 366 726 ἰδεῖν
379 701 581 736 μεμαθήκαμεν
594 702 657 736 μήτ’
672 701 823 734 ἀνθρώπων
839 700 901 736 μήτ’

114 743 238 777 ἀγγέλων
252 744 362 770 οὐδένα·
379 745 468 778 ἄλλως
482 746 504 772 δ’
521 745 599 778 αὖθις
617 748 672 778 τοῖς
683 747 828 780 ἑπομένοις
853 745 902 780 βα-

116 789 229 821 ναύσοις
244 791 293 817 καὶ
308 791 529 826 τριωῦολιμαίοις
545 793 733 826 γυναικαρίοις
746 793 791 818 καὶ
803 792 901 826 ἀνδρα-

115 835 195 870 ρίοις.
217 835 263 868 Ὠς
289 834 360 864 ε’ίναι
392 838 562 870 πολλαπλοῦς
589 839 636 865 καὶ
660 838 809 869 πολυειδεῖς
836 839 900 869 τοὺς

115 881 242 908 ἐντεῦθεν
264 882 468 915 ἁποὸλύζοντας
489 885 540 919 τῆς
555 885 704 920 (θρησκείας
721 884 836 919 ῥύακας,
854 884 901 910 καὶ
917 871 937 898 Β

115 927 250 962 Πρωτέως
257 929 378 964 τήμερον
385 930 488 957 δεῖσθαι
496 939 577 961 τινος,
585 929 755 956 ἀλλοιοῦσθαι
764 929 795 965 [Γ.
805 929 855 956 162
864 928 900 965 η]

116 974 269 1008 δυναμένου
291 976 376 1010 συχνὰ
389 976 458 1012 πρὸς
473 977 508 1003 τὰ,
523 976 638 1011 διάφορα
661 976 716 1003 τῶν
733 977 901 1011 ὁμιλούντων

114 1019 167 1054 ἠΰς
180 1021 228 1046 καὶ
242 1019 300 1056 ἄμα
312 1021 361 1052 τὰς
374 1030 404 1048 τε
421 1023 537 1056 γνώσεις
548 1023 596 1049 καὶ
610 1013 821 1058 διχοστατούσας
832 1021 901 1056 γνὼ-

116 1074 182 1099 ρας.

152 1110 200 1138 l.\'.
217 1112 266 1139 Διά
280 1112 313 1149 δὴ
328 1113 416 1141 ταῦτα
438 1115 486 1140 καὶ
501 1114 535 1140 τὰ
560 1114 674 1141 τοιαῦτα
693 1113 804 1149 βαθείας
823 1113 902 1147 σιγῆς

116 1157 258 1184 ἀνθεῖλκον
276 1158 376 1193 ἔρωτες
400 1159 431 1186 τὸ
453 1161 502 1194 τῆς
517 1160 588 1195 ἐμῆς
606 1159 695 1195 ψυχῆς
715 1159 901 1193 λογιζόμενον,

118 1203 166 1228 καὶ
182 1203 321 1235 τοιούτους
343 1205 375 1240 δή
391 1214 467 1236 τινας
482 1207 511 1232 ὲν
533 1205 647 1240 ἐμαυτῷ
669 1205 733 1236 τοὺς
754 1204 902 1239 λογισμοὺς

116 1247 251 1282 ὲιξήετκουν
267 1249 333 1283 ἐγὼ,
359 1250 454 1282 δεδιὼς
483 1252 520 1286 μὴ
549 1251 638 1286 μάτην
660 1251 777 1286 ἀορίστῳ
800 1259 830 1277 τε
855 1250 903 1276 καὶ

115 1293 227 1328 ἀστάτῳ
243 1295 366 1330 στοιχείῳ
380 1295 419 1330 τῷ
431 1296 491 1332 ἀέρι
508 1297 576 1328 δόξω
590 1296 724 1329 δανείζειν
740 1297 836 1330 λόγους
853 1297 903 1323 αὺ-

114 1338 181 1365 τίχα
199 1340 273 1374 μάλα
288 1340 585 1376 λυθησομένους.Ἐπεὶ
601 1343 628 1369 δὲ
643 1343 812 1377 πανταχόθεν
827 1343 901 1377 ἡμᾶς

116 1386 292 1425 περιθέοντες
318 1387 366 1413 νῦν
382 1389 406 1414 ot
432 1388 483 1423 τῆς
510 1389 650 1420 εὐσεϐείας
676 1389 826 1422 ἀγωνισταὶ
853 1389 902 1416 καὶ

116 1433 221 1467 σφόδρα
237 1433 286 1467 τῆς
298 1433 417 1465 πίστεως
433 1434 610 1470 ἀντεχόμενοι
624 1434 820 1469 πιθανωτέροις
835 1443 902 1470 χρη-

116 1477 232 1512 σάμενοι
250 1478 340 1513 λόγοις
358 1479 484 1514 ἐκθύμως
499 1489 528 1506 τε
542 1480 647 1512 ἀξιοῦσι
666 1481 713 1506 καὶ
731 1480 856 1514 ἀνάγκην
869 1481 900 1514 τῇ

116 1523 229 1554 ἀξιώσει
256 1524 390 1557 ἐπάγουσι
410 1524 586 1560 παντοδαπὴν
612 1533 674 1551 τινα
703 1525 748 1550 καὶ
779 1525 845 1550 πολὺ
870 1524 900 1549 τὸ

115 1569 246 1603 διάπυρον
264 1570 448 1604 κεκτημένην,
464 1571 511 1596 καὶ
527 1570 594 1603 ἀρὰς
610 1569 898 1605 προσεπιδαψιλεύοισι

115 1617 148 1650 τῇ
163 1615 270 1651 ἀνάγκη
288 1616 325 1652 μὴ
344 1617 472 1651 περιιδεῖν
488 1616 743 1652 ὰναμοχλευομένην
767 1617 816 1651 τὴν
830 1616 897 1650 ἀλή-

117 1662 204 1694 Θειαν,
221 1662 425 1693 κινδυνεύοντας
441 1663 470 1689 δὲ
485 1663 549 1693 τοὺς
572 1662 698 1694 πολλοὺς,
716 1662 777 1692 τοὺς
797 1663 844 1696 μὲν
859 1662 898 1692 είς

115 1708 151 1734 τὰ
167 1708 269 1743 ἔσχατα
289 1709 339 1743 τῆς
362 1710 496 1742 κακίστης
519 1709 572 1735 τῶν
587 1708 770 1735 Μασαλιανῶν
790 1707 900 1742 περιπί-

116 1761 196 1779 πτειν
211 1754 355 1788 αίρέοεως,
369 1755 432 1785 τοὺς
447 1754 470 1780 δ’
487 1755 526 1785 είς
547 1754 581 1780 τὰ
601 1754 656 1780 τῶν
676 1754 851 1780 Ἀκτιστιτῶν
867 1762 898 1779 τε

116 1798 164 1825 καὶ
180 1799 463 1835 ’Δνορωπομορφιτῶν
483 1799 620 1835 βάραθρα,
637 1801 699 1831 τοὺς
715 1799 737 1826 δ’
761 1801 801 1830 είς
818 1800 898 1826 ἁλλο-

116 1848 214 1876 κδτους
232 1847 278 1872 καὶ
300 1845 462 1880 τερατώδεις
478 1846 573 1878 ἄλλους
592 1847 741 1882 κρημνοὺς,
763 1846 809 1872 καὶ
824 1845 899 1873 ἄκων

117 1891 251 1925 ἐξάγομαι
268 1891 357 1926 λέγειν
372 1892 389 1918 ἃ
406 1892 443 1927 μὴ
457 1892 628 1928 προῄρημαι,
644 1891 694 1928 τὴν
711 1891 758 1918 τοῦ
777 1891 898 1927 κρύψαν-

115 1945 162 1968 eo;
179 1937 210 1963 τὸ
226 1938 311 1972 δῶρον
329 1937 390 1964 καθ’
407 1937 500 1972 ἕτερον
515 1939 615 1973 τρόπον
638 1937 731 1968 δεδιὼς
749 1938 898 1970 καταδίκην

116 1981 234 2012 ὲιείνον,
255 1981 302 2008 an
323 1982 500 2016 στενοχωρῶν
514 1982 561 2008 καὶ
582 1982 684 2008 ἀδικῶν
701 1982 730 2008 τὸ
745 1981 798 2007 τῶν
812 1981 898 2014 λόγων

116 2027 236 2062 χρηστὸν
261 2027 292 2053 οὑ
308 2027 382 2062 μάλα
402 2027 487 2058 ἄκων,
506 2028 612 2054 πλείοσι
623 2027 766 2062 φαίνεσθαι
781 2026 898 2061 χρηστὸν

115 2073 321 2108 ἀφαιρούμενος
344 2073 389 2100 διὰ
420 2074 469 2107 τῆς
499 2073 589 2108 σιγῆς.
606 2073 741 2107 Τρέποιτο
755 2072 778 2099 δ’
795 2073 834 2104 είς
850 2072 899 2103 τὰς

115 2117 172 2144 τῶν
186 2117 280 2144 αίτίων
294 2118 417 2153 κεφαλὰς
433 2118 468 2144 τὰ
486 2119 535 2153 τῆς
553 2118 693 2153 μέμψεως,
710 2119 738 2144 ὲν
758 2117 789 2144 οὐ
809 2117 899 2152 καιρῷ

117 2161 294 2197 βιασαμένων
314 2162 404 2196 λέγειν
426 2162 460 2188 τὰ
482 2163 516 2197 τῇ
533 2162 613 2196 φύσει
636 2162 686 2196 μὲν
700 2161 807 2197 καίρια,
822 2161 898 2188 οὔπω

950 246 1131 273 aestimatione
1146 251 1174 274 et
1194 248 1319 281 detegere
1335 253 1466 282 quantum
1484 248 1542 275 ﬁeri
1558 248 1643 283 possit
1655 256 1733 276 aecu-

957 295 1015 317 rate
1030 298 1090 325 qua:
1106 291 1198 318 verbis
1213 291 1306 319 subest
1323 292 1500 324 sententiam,
1515 300 1605 327 neque
1622 293 1668 327 qui
1693 293 1733 320 ul—

951 335 1037 362 terius
1054 336 1204 370 quidquam
1219 336 1402 372 indagandum
1419 345 1479 364 esse
1494 342 1603 372 putant.
1626 338 1734 366 Rursus

950 381 1003 408 alio
1023 383 1103 408 modo
1116 381 1227 409 dill'erre
1238 382 1367 410 videnlur
1381 383 1425 416 iis,
1443 384 1489 418 qui
1503 384 1584 411 hodie
1601 385 1660 419 pios
1676 385 1735 412 atti-

951 434 1010 453 mos
1029 427 1190 460 perturbare
1210 427 1320 454 student
1345 428 1447 462 impiis,
1465 429 1567 464 quique
1584 431 1735 457 unam‘in-

951 476 1069 497 creatam
1098 471 1226 498 deitatem
1253 471 1279 498 in
1297 471 1419 498 inﬁnitas
1444 477 1471 499 et
1500 473 1676 500 multimodas
1692 474 1734 499 di—

951 516 1091 548 scindunt,
1109 517 1245 550 simulque
1261 517 1355 544 videre
1372 525 1430 544 eam
1447 518 1528 546 claris
1543 518 1630 546 oculis
1641 526 1670 545 se
1691 519 1734 553 ja-

951 565 1028 587 etant
1047 565 1075 587 et
1086 562 1248 595 conjunctos
1263 570 1292 589 se
1307 570 1366 589 esse
1383 568 1443 596 post
1470 563 1563 589 vinum
1581 567 1608 589 et
1623 571 1732 590 comes-

953 606 1086 632 sationcm
1102 606 1264 633 Palamicam
1280 615 1341 633 cum
1357 615 1388 634 ea
1402 616 1482 639 quant
1496 616 1546 635 nos
1561 616 1732 643 nequaquam

952 651 1028 678 ccrni
1044 659 1124 685 posse
1143 652 1290 679 didicimus
1304 661 1392 687 neque
1408 653 1441 680 ab
1453 654 1562 681 homine
1575 655 1629 681 ullo
1645 663 1733 688 neque

951 697 985 723 ab
1004 698 1119 731 angelis.
1139 698 1263 732 Denique
1280 699 1333 725 alio
1349 700 1427 725 modo
1445 700 1610 734 intelligunt,
1626 708 1686 734 qua-
1706 701 1733 727 in

952 743 1082 770 comitatu
1118 751 1228 778 semper
1251 748 1295 770 est
1311 745 1387 779 plebs
1404 753 1418 772 e
1442 746 1562 772 talernis
1577 751 1605 772 et
1623 746 1734 780 perdita:

951 789 1074 824 vilesque
1112 789 1242 816 mulieres
1274 795 1302 818 et
1329 791 1499 818 homunculi.
1528 791 1622 825 Itaque
1647 791 1675 818 iit
1704 796 1734 818 ut

954 835 1118 868 multiplices
1143 835 1205 862 inde
1223 841 1251 862 et
1275 836 1356 862 variae
1373 835 1467 863 fornae
1490 841 1590 863 sancta:
1603 836 1734 864 doctrina:

953 885 1080 915 tanquam
1113 881 1194 907 rivuli
1226 882 1380 916 prolluant;
1412 886 1439 909 et
1468 882 1593 916 profecto
1614 883 1734 917 cogitare

952 925 1033 961 400
1057 926 1138 953 liceat
1164 925 1246 952 hodie
1275 926 1309 954 de
1328 927 1426 954 Proteo
1448 928 1494 962 qui
1515 928 1611 954 crebro
1634 927 1734 954 mutari

952 976 1042 1006 potest
1072 971 1100 998 in
1128 972 1220 999 varios
1249 979 1281 998 ac
1311 971 1434 1000 diversos
1471 974 1612 1000 hominum
1644 980 1735 1000 mores

951 1024 1101 1052 eorumque
1115 1017 1287 1052 cognitiones
1312 1023 1338 1045 et
1356 1018 1521 1046 dissidentes
1544 1019 1615 1046 inter
1631 1027 1660 1046 se
1674 1026 1736 1046 sen-

957 1064 1068 1091 tentias.

987 1115 1058 1144 XIV.
1090 1116 1206 1151 Propter
1221 1116 1280 1144 haec
1307 1122 1334 1143 et
1357 1117 1457 1144 similia
1479 1117 1526 1143 alti
1541 1116 1643 1144 silentii
1659 1125 1735 1144 amor

953 1162 1074 1188 animum
1101 1169 1190 1188 meum
1207 1162 1316 1189 tenebat
1326 1166 1354 1189 et
1370 1162 1436 1189 tales
1450 1162 1508 1190 fere
1526 1163 1597 1196 apud
1616 1170 1658 1189 me
1673 1171 1736 1190 sen-

953 1207 1052 1234 tentias
1068 1207 1264 1238 conl'ormavi.‘
1278 1207 1419 1234 Timebam
1439 1207 1513 1234 enim
1539 1215 1572 1234 ne
1588 1212 1690 1235 temere
1707 1208 1735 1236 in

952 1259 1044 1279 aerem
1058 1252 1222 1278 elementum
1251 1251 1388 1279 inﬁnitum
1416 1257 1443 1279 et
1466 1252 1547 1278 inane
1573 1252 1735 1287 projicerem

952 1297 1088 1325 orationes
1099 1297 1190 1325 statim
1201 1298 1226 1324 iu
1238 1297 1354 1324 nihilum
1365 1298 1497 1324 abituras.
1507 1298 1734 1331 Quandoquidem

952 1348 1044 1370 autem
1065 1343 1185 1377 undique
1211 1351 1261 1369 nos
1285 1343 1496 1370 circumstantes
1524 1351 1598 1370 utine
1627 1343 1735 1377 pietatis

952 1388 1075 1414 vindices
1097 1392 1124 1414 et
1147 1387 1318 1414 tenacissime
1333 1388 1410 1414 iidem
1424 1388 1619 1422 ainplectentes
1632 1388 1736 1415 firmio-

953 1434 1029 1460 ribus
1045 1434 1082 1459 uti
1097 1434 1267 1467 argumentis
1284 1440 1332 1467 par
1353 1440 1414 1460 esse
1429 1437 1526 1467 putant
1541 1437 1569 1460 et
1586 1433 1736 1460 necessita-

952 1483 1006 1506 tem
1032 1478 1263 1513 argumentationi
1293 1478 1434 1505 adducunt
1462 1478 1583 1513 undique
1607 1478 1734 1505 collatam

929 1541 935 1550 .
951 1530 979 1552 et
998 1524 1113 1551 multum
1138 1524 1246 1552 roboris
1279 1524 1425 1552 habentem
1451 1529 1477 1551 et
1501 1530 1563 1552 vota
1577 1525 1734 1552 necessitati

953 1569 1083 1604 adjiciunt
1097 1577 1129 1596 ne
1137 1569 1306 1604 negligamus
1320 1569 1444 1596 veritatis
1456 1569 1600 1596 cernendas
1612 1569 1734 1597 studium

953 1619 981 1641 et
1005 1614 1157 1649 periculum
1181 1622 1195 1640 a
1214 1614 1352 1649 plerisque
1375 1614 1555 1641 defendamus
1579 1622 1613 1641 ne
1639 1615 1686 1642 alii
1707 1616 1734 1643 in

952 1668 1085 1687 summam
1097 1660 1377 1695 nequitiamlincidant
1388 1659 1600 1688 illasalianorum
1611 1661 1735 1695 haeresis,

952 1706 996 1732 alii
1007 1706 1033 1732 in
1044 1706 1135 1743 foveas
1145 1705 1329 1733 Actistitarum
1342 1711 1369 1732 et
1382 1706 1734 1741 Anthropomorphitarum,

953 1752 998 1779 alii
1014 1751 1041 1778 in
1056 1752 1108 1778 alia
1126 1752 1262 1786 pestifera:
1280 1756 1308 1779 et
1322 1757 1484 1779 monstrosa:
1509 1752 1621 1779 haeresis
1634 1753 1733 1786 praeci-

952 1796 1038 1831 pitia,
1061 1796 1091 1823 iit
1117 1801 1146 1824 ut
1171 1796 1214 1824 vel
1242 1796 1345 1823 invitus
1368 1803 1449 1831 cogar
1472 1796 1564 1824 dicere
1579 1804 1639 1831 qua:
1654 1802 1734 1824 antea

952 1841 1019 1868 mihi
1035 1849 1088 1868 non
1104 1841 1244 1876 proposui,
1262 1842 1366 1869 veritus
1380 1842 1434 1868 alio
1447 1843 1526 1868 modo
1540 1849 1647 1876 pcenam
1663 1843 1734 1876 ejus,

952 1887 998 1921 qui
1016 1886 1117 1913 donum
1137 1887 1247 1918 celavit,
1263 1890 1356 1920 utpote
1373 1890 1515 1913 coarctans
1535 1891 1615 1920 atque
1634 1886 1733 1921 injuria

951 1931 1071 1958 alliciens
1096 1931 1182 1958 bonas
1209 1931 1329 1957 rationes
1357 1938 1411 1957 non
1443 1930 1555 1963 invitus,
1581 1931 1734 1965 impediens

952 1977 1061 2004 silentio
1077 1984 1147 2009 meo,
1166 1984 1201 2004 ne
1216 1976 1341 2011 pluribus
1355 1980 1500 2010 appareret
1514 1976 1628 2004 bonum.
1656 1977 1734 2004 Vitu-

952 2023 1164 2057 periumoutem
1192 2030 1221 2049 se
1234 2026 1323 2048 vertat
1346 2022 1373 2048 in
1396 2022 1486 2056 capita
1507 2027 1670 2055 auctorum,
1686 2024 1734 2058 qui

951 2069 1030 2104 ἀοι
1045 2075 1088 2095 me
1107 2071 1256 2103 coegerunt
1268 2067 1357 2094 alieno
1380 2071 1502 2102 tempore
1515 2068 1607 2095 dicere
1623 2077 1655 2096 ea
1674 2076 1734 2103 qua:

953 2121 1002 2148 per
1025 2120 1055 2140 se
1079 2117 1234 2147 opportuna
1253 2116 1328 2144 sunt,
1355 2113 1401 2140 sed
1423 2113 1544 2140 nonduin
1568 2121 1657 2148 neque
1684 2122 1733 2148 pro

954 2159 1081 2194 praesenti
1104 2166 1196 2185 rerum
1220 2158 1377 2185 conditione
1394 2166 1480 2193 neque
1496 2166 1547 2193 pro
1562 2159 1733 2188 auditoribus

116 2207 139 2234 δ’
150 2207 214 2234 οὔτε
228 2210 285 2239 τοῖς
300 2208 485 2243 καθεστηκόσι
501 2209 663 2242 πράγμασιν
682 2208 747 2234 ὅντα
765 2207 826 2234 οὔτε
843 2209 898 2238 τοῖς

953 2210 1115 2240 opportuna.
1131 2203 1198 2231 Nam
1217 2204 1244 2231 in
1259 2203 1416 2231 auditorum
1432 2204 1563 2238 opinione
1578 2204 1732 2232 vincentem

117 2254 247 2281 ἀκούουσι
264 2255 371 2289 καίρια.
393 2255 436 2280 Ἐν
451 2255 505 2289 γὰρ
521 2255 554 2289 τῇ
569 2254 623 2280 τῶν
636 2254 789 2280 ἀκουόντων
801 2253 899 2289 γνώμῃ

115 2302 166 2335 τὴν
182 2302 302 2328 νικῶσαν
322 2301 394 2336 ἔχειν
409 2301 582 2336 πεπείσμεθα
597 2301 687 2335 ψῆφον
703 2300 739 2331 ὡς
757 2301 790 2326 τὰ
815 2300 900 2327 πολλὰ.

117 2349 250 2382 κειμένην
261 2348 311 2383 τὴν
325 2348 379 2374 τῶν
393 2347 527 2382 λεγόντων
539 2347 678 2383 ἀλήθειαν.

153 2393 201 2419 IE’.
215 2393 324 2419 Βέλτιον
341 2392 389 2426 μὲν
404 2391 450 2418 οὖν
460 2389 494 2427 ἦν
507 2392 539 2418 ἂν
554 2394 582 2418 έν
596 2393 653 2422 τοῖς
665 2391 794 2421 τοιούτοις
809 2391 899 2426 σιγᾷν,

117 2439 155 2470 ὡς
171 2439 342 2473 διείληπται·
357 2438 415 2465 ἀλλ’
433 2439 476 2464 ὅτε
496 2438 529 2473 δὴ
543 2439 589 2464 καὶ
603 2438 651 2472 τῆς
669 2438 747 2472 σιγῆς
763 2438 786 2464 oi
811 2439 901 2473 καιροὶ

116 2488 166 2520 τὴν
183 2485 237 2511 τῶν
262 2485 417 2519 λεγομένων
443 2484 645 2519 ξενοδοκοῦντες
672 2482 744 2519 ἦσαν
771 2484 900 2517 ἀσμένως

119 2533 218 2567 φηράν,
235 2531 282 2557 καὶ
299 2532 328 2556 οὐ
343 2531 391 2565 τὴν
403 2530 557 2564 ἀναγκαίαν
571 2530 617 2556 τοῦ
629 2530 718 2564 λέγειν
732 2529 900 2564 προΰϐαλλον

119 2578 270 2612 πρόφασιν.
287 2576 365 2601 Ἐστι
393 2575 441 2609 μὲν
465 2575 520 2609 γὰρ
539 2575 584 2600 καὶ
613 2574 691 2608 σιγῆς
714 2574 820 2608 καιρίιε,
842 2574 900 2599 ἀλλ’

118 2623 163 2649 ὅτε
185 2622 216 2656 δὴ
236 2621 315 2654 σιγῆς
335 2620 471 2655 δεομένοις
495 2619 643 2654 ἀκροαταῖς
665 2619 840 2652 ἐντυγχάνοι·
857 2619 899 2644 ὅτε

117 2669 140 2695 δ’
155 2668 241 2700 ἀξίοις
259 2667 306 2692 καὶ
321 2667 391 2693 πάνυ
407 2674 433 2691 τι
457 2665 598 2700 χρῄζουσι.
617 2664 683 2690 Τότε
700 2664 722 2689 δ’
746 2662 793 2690 οὖν
811 2664 858 2690 καὶ
870 2664 899 2689 τὸ

117 2715 293 2749 ἐνδεχόμενον
319 2715 357 2744 είς
380 2714 430 2747 τὴν
451 2712 497 2738 νοῦ
519 2710 670 2744 ἀναγκαίου
683 2702 791 2745 ’μοῖραν
807 2709 899 2743 σαφῶς

117 2760 348 2794 ἀποκεκριμένον,
363 2759 458 2794 λέληθε
474 2759 522 2792 τὴν
538 2757 584 2784 τοῦ
599 2757 772 2791 ἐνδεχομένου
785 2755 899 2790 δύναμιν

117 2805 302 2838 ἀπολωλεκὸς,
317 2805 369 2832 ὑπὸ
381 2806 429 2840 τῆς
445 2804 566 2839 ἀνάγκης
583 2802 736 2830 καταποθὲν
749 2801 786 2834 ὡς
800 2803 897 2828 είπεῖν.

124 2853 273 2880 Ἀθανάτου
287 2853 338 2887 γὰρ
356 2852 404 2886 τῆς
419 2852 555 2887 ἡμετέρας
569 2850 651 2884 οΰσης
663 2848 752 2884 ψυχῆς
771 2847 817 2874 καὶ
832 2848 899 2874 ἀθα-

951 2256 1052 2278 sortem
1067 2250 1183 2284 positam
1200 2256 1260 2277 esse
1277 2249 1454 2282 arbitramur,
1468 2250 1503 2277 ita
1519 2257 1547 2276 ut
1563 2257 1634 2285 smpe
1644 2251 1734 2285 jaceat

951 2295 1101 2323 dicentium
1117 2296 1229 2323 veritas.

987 2391 1044 2418 XV.
1056 2391 1085 2418 lu
1101 2391 1144 2418 his
1156 2391 1238 2426 igitur
1253 2392 1349 2419 melius
1364 2397 1431 2426 erat,
1445 2397 1475 2420 ut
1494 2400 1678 2425 scnseramus,
1696 2393 1733 2420 si-

951 2437 1065 2465 lentium
1095 2441 1199 2469 tenere,
1231 2438 1340 2471 quando
1362 2438 1467 2466 scilicet
1487 2438 1588 2466 silentii
1610 2444 1731 2473 tempora

953 2483 1086 2510 dit-torum
1105 2482 1158 2508 vim
1174 2483 1293 2509 libenter
1309 2484 1334 2509 in
1351 2491 1379 2510 se
1397 2484 1560 2517 reciperent,
1583 2491 1671 2518 neque
1691 2485 1733 2512 di-

952 2529 1030 2555 cendi
1046 2528 1225 2555 necessariam
1240 2537 1348 2556 causam
1375 2529 1569 2556 obtenderent.
1595 2529 1644 2557 Est
1657 2531 1730 2558 enim

952 2574 1051 2602 silentii
1065 2579 1171 2608 tempus
1182 2579 1378 2608 opportunum,
1401 2575 1445 2602 ubi
1460 2575 1600 2603 auditores
1621 2577 1731 2605 silentio

951 2626 1046 2655 egeant
1063 2619 1145 2653 hique
1160 2627 1193 2646 eo
1209 2619 1281 2654 digni
1296 2621 1350 2646 sint
1365 2625 1393 2646 et
1406 2620 1484 2647 valde
1496 2621 1522 2647 id
1536 2622 1658 2656 cupiant.
1672 2623 1731 2656 Quo

952 2670 1030 2699 pacto
1040 2665 1066 2692 id
1082 2665 1155 2699 quod
1171 2665 1274 2691 licitum
1294 2670 1343 2695 est.
1364 2674 1388 2692 ιιι
1404 2666 1576 2694 necessitatis
1588 2668 1640 2694 vim
1651 2668 1731 2702 plane

951 2712 1101 2746 sejunctam
1117 2711 1225 2741 transit,
1245 2711 1269 2737 vi
1288 2711 1352 2738 liciti
1370 2712 1476 2747 objecta
1493 2718 1620 2748 tanquam
1642 2722 1655 2740 a
1685 2721 1731 2740 ne-
1763 2714 1765 2716 ’

951 2756 1076 2783 cessitate
1091 2755 1228 2782 devorata.
1257 2756 1324 2783 Cum
1355 2757 1427 2784 enim
1453 2758 1542 2785 anima
1568 2764 1658 2785 nostra
1682 2758 1732 2785 im-

951 2802 1074 2829 mortalis
1090 2802 1125 2828 sit
1136 2807 1162 2829 ct
1180 2802 1346 2829 immortales
1356 2811 1452 2830 corum
1467 2812 1526 2839 qum
1539 2809 1656 2838 aguntur
1667 2812 1732 2832 con-

952 2846 1036 2874 tineat
1052 2846 1237 2881 necessitates,
1253 2847 1298 2874 uni
1326 2855 1390 2876 vero
1410 2849 1505 2876 aninuc
1530 2851 1618 2883 ipsum
1647 2854 1731 2876 totum
