1913 3062
170 151 222 181 31ἶῆ
777 143 991 173 NlCEPHUlil
1015 143 1208 173 GliEiJOR/E

1743 146 1796 176 36

178 213 242 233 tuus
258 214 319 240 ego.
340 204 413 231 Ii\'un
432 205 504 231 cuitu
520 203 587 229 sicut
600 202 666 228 alias
683 200 770 233 addit,
789 199 866 226 «llaec
883 198 958 225 locu-

1026 199 1074 225 ποτὲ
1089 198 1111 225 δ’
1127 199 1156 230 ἐξ
1174 199 1278 225 ἑαυτῶν
1305 200 1407 231 ἁπλῶς.
1436 201 1490 227 Καὶ
1521 201 1615 227 καινὸν
1634 201 1709 228 οὐδὲν
1732 202 1796 228 οὑδὲ

172 257 215 279 lus
230 254 270 277 est
286 248 430 280 Dominus;
445 258 453 273 ι
469 254 519 274 nec
527 246 610 273 dicit:
628 246 698 271 Deus
709 244 767 271 haec
775 249 801 271 et
814 243 859 270 illa
869 242 956 274 dixit;

172 296 285 330 angelus
303 302 367 321 vero
392 302 425 321 ex
444 294 512 320 rubo
530 301 536 318 :
558 300 566 317 ι
587 291 641 325 Ego
655 298 715 317 sum
733 290 806 316 Deus
820 289 957 316 Abraham

171 347 199 371 et
220 343 290 368 Deus
307 341 377 367 Isaac
393 344 420 366 (ιι
437 340 507 366 Deus
518 337 611 365 Iacob.
627 346 635 362 ι
664 336 751 370 Supra
766 337 839 362 enim
854 334 957 362 dictum

175 392 215 415 est
234 396 240 413 :
265 397 273 412 ι
288 386 405 420 Angelus
421 384 525 411 Domini
541 383 566 410 ei
583 383 709 418 apparuit
727 392 736 408 ι

1013 244 1107 279 πόρρω
1123 244 1266 278 Γραῳικῆς
1294 245 1452 279 συνηθείας·
1467 246 1514 272 καὶ
1529 246 1584 280 γὰρ
1601 247 1649 272 καὶ
1671 247 1705 273 τὰ
1719 247 1798 280 βασι-

1012 290 1075 316 λικὰ
1089 290 1286 325 προστάγματα
1300 291 1355 317 τῶν
1371 292 1507 326 δημοσίων
1524 292 1552 317 ὲν
1565 293 1625 322 ταῖς
1642 292 1734 318 πόλεσι
1749 301 1800 326 κη-

1014 335 1103 369 ρύκων
1127 335 1253 370 βοώντων
1281 336 1318 368 ὡς
1333 337 1362 369 ἐξ
1377 337 1460 364 αὑτοῦ
1476 337 1507 373 δὴ
1529 337 1575 364 τοῦ
1595 337 1736 373 βασιλικοῦ
1755 338 1785 364 λε

1013 381 1117 417 γόμενα
1133 383 1266 415 στόματος
1283 384 1361 418 ἡμεῖς
1375 385 1552 420 ὲκδεχόμεθα.
1573 386 1628 411 Καὶ
1641 386 1655 412 ὁ
1668 385 1716 419 μὲν
1730 393 1803 420 προσ

171 435 270 468 φῆτηῇ
287 433 429 466 ἅνθρωπος
446 430 494 463 ὢν,
509 431 546 461 ὡς
560 429 590 462 ἐξ
604 429 701 456 ἑαυτοῦ
723 437 816 464 φησιν,
834 437 842 454 ι
858 429 1002 460 ΙἌκουσον,
1023 429 1088 460 λαός
1120 438 1182 464 μου,
1198 431 1246 456 καὶ
1276 431 1385 465 λαλήσω
1402 439 1460 458 σοι·
1485 432 1605 467 Ἰσραὴλ,
1624 434 1672 459 καὶ
1685 432 1803 467 διαμαρ-

170 479 288 514 τύρομαί
308 488 349 505 σοι
363 487 369 493 -
386 478 400 504 ό
415 477 480 509 Θεὸς
493 478 506 504 ὁ
520 477 585 508 Θεός
602 476 647 502 σού
677 476 735 510 ειμι
749 475 815 509 ἐγώ.
830 484 838 500 ι
868 475 907 501 Οὐ
936 474 991 509 γὰρ
1013 475 1185 510 προσέθηκεν
1215 477 1252 508 ὠς
1281 477 1309 503 ὲν
1337 477 1439 511 ἄλλοις,
1467 487 1476 504 ε
1494 478 1562 505 Τάδε
1579 479 1652 512 λέγει
1673 479 1778 514 Κύριος
1794 487 1800 492 ·

172 525 204 561 μ’.
221 525 271 552 257
287 524 313 560 ὺ]
329 525 388 557 καὶ,
409 534 418 550 ι
438 521 522 550 Εἶπεν
546 524 559 550 ὁ
577 523 643 553 Θεὸς
658 523 691 548 τὰ
710 522 756 548 καὶ
768 521 817 548 τὼ
832 531 841 547 ι
859 521 873 547 ὁ
889 520 916 547 δὲ
932 520 1047 555 ἅγγελος
1062 523 1093 547 ἐκ
1114 522 1161 555 τῆς
1177 522 1271 557 βάτου,
1293 532 1303 550 ι
1325 523 1396 558 Ἐγώ
1412 524 1471 559 εἰμι
1487 526 1501 551 ὁ
1515 524 1581 556 Θεὸς
1600 524 1727 560 Ἀϐραὰμ
1755 525 1803 551 καὶ

171 573 185 598 ὁ
197 572 262 604 Θεὸς
279 572 373 598 Ἰσαὰκ
387 571 434 598 καὶ
447 573 460 597 ό
475 571 540 602 Θεὸς
554 570 652 597 Ἰακώϐ
665 577 673 585 '
692 579 701 596 ι
717 569 885 605 Προείρηται
896 569 961 602 γὰρ,
983 578 991 594 ι
1009 569 1099 603 Ὠφθη
1114 571 1186 605 αὐτῴ
1204 571 1318 606 ἄγγελος
1329 572 1445 608 Κυρίου,
1460 581 1469 598 ι

210 618 252 645 Vl.
266 617 293 645 Si
308 619 401 652 igitur,
413 622 442 644 ut
456 625 518 645 cum
534 622 629 645 sancto
642 616 839 652 Clirysostomo
854 616 961 650 loquar,

173 669 306 700 quantum
327 665 442 690 interest
462 664 534 690 inter
550 670 651 690 caecum
665 667 692 690 et
718 662 962 695 videntem_,tanta

174 715 216 737 est
231 710 302 737 inter
321 710 431 744 angelos
445 714 472 736 et
495 709 620 736 homines
636 708 799 740 diﬂ‘erentia,
826 707 963 742 quomodo

176 757 296 788 tandem,
320 755 341 782 si
359 754 447 790 angeli
477 762 533 781 non
557 759 672 789 possunt
695 753 787 781 videre
814 753 962 781 essentiam

178 801 224 827 Dei
239 806 286 827 aut
300 807 477 835 cognoscere,
514 799 641 826 homines
661 803 801 834 poterunt,
817 799 863 834 qui
877 806 962 833 ange-

181 847 269 873 lorum
285 846 431 873 essentiam
450 853 505 872 non
517 845 599 872 modo
624 853 679 872 non
705 852 830 875 cernere.
858 843 905 871 sed
929 851 963 870 ue

179 892 299 926 cogilare
321 891 431 924 quidem
456 891 588 925 possunt?
602 890 630 917 Si
647 891 732 923 enim,
744 895 773 916 ut
799 898 860 917 cum
879 889 964 924 Chry-

181 943 302 964 sostomo
317 937 424 971 loquar,
458 936 577 964 essentia
603 937 750 964 essentiam
765 936 890 962 altiorem
920 943 966 962 co-

187 991 318 1019 gnoscere
330 991 383 1010 nou
396 988 494 1017 potest,
503 982 617 1010 multum
628 990 694 1009 sane
704 982 790 1013 abest,
802 986 832 1008 ut
842 981 965 1009 homines

181 1029 338 1063 angelorum
360 1029 507 1056 essentiam
531 1028 649 1062 vidcant,
665 1032 740 1055 tanto
764 1028 818 1055 illis
844 1030 966 1062 superio-

181 1084 248 1108 rem,
258 1081 360 1111 quanto
371 1076 449 1103 etscis
463 1075 597 1102 videntes.
610 1075 650 1102 Nc
660 1076 785 1102 turbetur
798 1074 880 1109 igitur
889 1081 966 1101 mens

181 1127 271 1150 vestra
287 1122 516 1149 utcommuuium
535 1121 635 1149 divina:
655 1121 784 1148 Ecclesiae
813 1120 965 1148 sententia-

183 1176 243 1194 rum
260 1167 472 1200 obliviscamini,
486 1174 546 1199 quze
555 1167 587 1194 ad
605 1166 746 1194 Hebraicaa
760 1166 869 1193 dialecti
884 1165 965 1201 447

182 1215 377 1248 proprietatem
395 1214 467 1241 dicta
483 1217 558 1246 sunt,
580 1213 670 1248 qualia
696 1221 711 1240 a
741 1213 820 1240 nobis
844 1212 889 1239 illa
910 1212 966 1248 jam

182 1259 286 1294 prolata
298 1264 373 1291 sunt,
390 1265 418 1286 et
430 1266 600 1293 quaecunque
631 1262 695 1285 sunt
709 1258 820 1290 similia,
843 1258 904 1285 dico
916 1265 967 1284 au-

183 1313 236 1334 tem
252 1306 319 1334 illud
342 1313 348 1331 :
370 1315 378 1331 ι
399 1305 519 1333 Locutus
547 1311 589 1333 est
607 1306 739 1332 Dominus
766 1305 799 1332 ad
816 1305 918 1332 Mosen]
934 1305 967 1332 de

182 1353 252 1379 facie
265 1351 298 1378 ad
312 1351 420 1383 faciem,
434 1356 462 1377 ut
475 1351 496 1378 si
511 1351 573 1385 quis
593 1358 654 1377 enm
670 1350 758 1377 amico
774 1349 809 1376 de
830 1356 877 1376 ore
888 1349 921 1375 ad
938 1356 968 1376 os

183 1399 317 1433 loquitur,
331 1399 357 1424 in
370 1398 473 1432 specie,
494 1405 547 1424 non
577 1404 626 1431 per
646 1396 803 1431 :teiiigtnata.
822 1404 831 1421 ι
861 1395 893 1422 Et
908 1403 968 1422 rur-

185 1452 252 1472 sus:
274 1453 282 1469 ‹
302 1443 379 1471 Mons
397 1443 474 1470 Siuai
495 1442 626 1475 fumabat,
663 1442 792 1476 quoniam
819 1441 891 1468 Deus
921 1448 970 1475 per

186 1491 278 1525 ignem
293 1489 320 1516 in
338 1497 400 1516 eum
413 1488 606 1516 descendebat.
625 1497 635 1514 ›
651 1488 685 1514 Ει
706 1487 773 1515 alias
797 1496 804 1514 :
829 1497 838 1513 ι
859 1487 972 1522 Species

1052 618 1098 649 ς’.
1114 617 1145 643 Ei
1174 618 1221 644 οὖν
1242 619 1312 646 κατὰ
1340 619 1386 646 τὸν
1405 619 1476 646 θεῖον
1502 619 1718 654 Χρυσόστομον.
1739 619 1803 646 ὅσον

1015 663 1117 697 τυφλοῦ
1133 665 1179 691 καὶ
1195 664 1341 698 βλέποντος
1357 666 1388 692 τὺ
1403 666 1507 700 μέσονν
1514 665 1641 692 τοσοῦτόν
1657 666 1731 692 ἐστιν
1752 666 1804 699 ἀγ-

1016 709 1104 743 γέλων
1120 710 1166 736 καὶ
1182 711 1334 745 ἀνθρώπων
1344 711 1373 738 τὸ
1384 711 1525 747 διάφορον,
1537 711 1594 742 πῶς
1610 711 1664 738 τῶν
1678 711 1804 745 ἀγγέλων

1018 754 1055 790 μὴ
1069 755 1226 790 δυναμένων
1242 756 1301 782 οὔθ’
1316 757 1384 792 ὸρᾷν
1409 757 1459 792 τὴν
1483 757 1578 784 οὐσίαν
1589 757 1653 783 οὔτε
1672 758 1742 784 νοεῖν
1755 757 1804 783 τοῦ

1017 801 1095 835 Θεοῦ,
1110 802 1152 836 εἴη
1164 802 1197 828 ἂν
1212 802 1324 829 δυνατὸν
1339 802 1494 838 ἀνθρώποις
1507 803 1583 830 τουτὶ
1597 825 1604 837 ,
1625 801 1667 834 οἷς
1684 804 1746 838 μηδ’
1756 804 1806 837 ἁγ-

981 857 1001 884 B
1016 846 1102 880 γέλων
1113 847 1206 873 οὐσίαν
1219 847 1256 883 μὴ
1268 848 1309 874 ὅτι
1325 849 1363 884 μὴ
1380 848 1500 882 βλέπειν,
1521 849 1579 876 ἀλλ’
1598 849 1661 875 οὐδὲ
1673 850 1744 875 νοεῖν
1759 849 1806 874 δυ-

1016 890 1110 924 νατόν;
1128 891 1159 917 Εἰ
1187 891 1241 926 γὰρ
1256 893 1326 918 κατὰ
1340 892 1384 918 τὸν
1406 893 1486 919 αὑτὸν
1507 893 1701 928 Χρυσύστομον
1725 894 1806 919 οὐσία

1016 935 1110 963 οὐσίαν
1125 937 1330 973 ὑπερκειμένην
1344 940 1415 966 νοεῖν
1431 940 1461 966 οὐ
1473 940 1597 972 δύναται,
1615 940 1713 966 πολλοῦ
1730 940 1805 973 μέντ’

1018 983 1050 1009 ἂν
1062 983 1186 1018 δεήσειεν
1216 984 1379 1018 ἀνθρώπους
1405 984 1529 1019 ἀγγέλων
1560 986 1673 1021 βλέπειν
1697 986 1804 1017 οὐσίαν,

1018 1029 1219 1064 ὑπερκειμένην
1233 1030 1336 1057 τούτων
1346 1032 1416 1058 ὅσων
1425 1033 1449 1058 οἱ
1459 1032 1604 1067 βλέποντες
1616 1032 1671 1059 τῶν
1683 1033 1807 1066 τυφλῶν.

1017 1076 1063 1111 Μὴ
1080 1076 1238 1110 ταραττέτω
1251 1077 1342 1103 τοίνυν
1354 1078 1431 1112 ὑμῶν
1449 1078 1498 1112 τὴν
1513 1078 1645 1108 διάνοιαν.
1661 1077 1732 1104 ὥστε
1751 1078 1807 1104 τῶν

1017 1121 1116 1148 κοινῶν
1145 1122 1193 1157 τῆς
1213 1122 1260 1149 τοῦ
1288 1122 1355 1149 Θεοῦ
1375 1123 1542 1158 Ἐκκλησίας
1559 1123 1669 1150 ἐννοιῶν
1695 1124 1808 1157 ἐκλελῆ-

1019 1167 1092 1200 σθαι,
1107 1169 1157 1195 ὅσα
1172 1169 1244 1195 κατά
1257 1177 1317 1195 τινα
1335 1169 1501 1203 ἰδιοτροπίαν
1515 1169 1565 1204 τῆς
1586 1169 1729 1205 Ἐὃραῖδος
1747 1170 1808 1195 ἐστὶ

1018 1214 1153 1249 λεγόμενα
1179 1214 1338 1241 διαλέκτου·
1360 1212 1403 1242 οἶα
1419 1215 1454 1241 τὰ
1470 1216 1516 1250 ὑφ’
1536 1216 1615 1251 ήμῶν
1639 1217 1732 1242 ἐκεῖνα
1758 1216 1808 1241 νῦν

1020 1260 1209 1295 προόληθέντα
1236 1262 1282 1287 καὶ
1310 1261 1360 1288 ὅσα
1387 1262 1576 1297 παραπλήσια,
1606 1262 1678 1296 λέγω
1706 1262 1738 1297 δὴ
1764 1262 1805 1293 τὸ,

1023 1313 1032 1329 ι
1057 1303 1189 1338 Ἐλάλησε
1214 1305 1316 1339 Κύριος
1332 1304 1401 1338 πρὸς
1423 1306 1526 1341 Μωσῆν
1550 1306 1667 1338 ένώπιος
1684 1306 1808 1341 ὲνωπίῳ,

1019 1349 1057 1380 ὡς
1069 1349 1095 1376 εῐ
1109 1358 1152 1381 τις
1175 1349 1287 1385 λαλήσει
1304 1351 1371 1385 πρὸς
1401 1351 1498 1377 ἑαυτοῦ
1518 1352 1605 1386 φίλον,
1621 1353 1710 1387 στόμα
1737 1354 1808 1387 πρὸς

1022 1395 1109 1429 στόμα
1125 1396 1153 1422 ὲν
1167 1396 1232 1422 εῖδει
1257 1397 1304 1422 καὶ
1319 1397 1349 1423 οὐ
1365 1397 1398 1424 δι’
1415 1398 1603 1432 αὶνιγμάτωνυ
1624 1407 1633 1424 ι
1649 1399 1696 1426 καὶ
1712 1399 1808 1432 πάλιν,

1024 1449 1034 1466 ι
1053 1441 1089 1467 Τὸ
1105 1441 1133 1467 δὲ
1148 1441 1210 1476 ὄρος
1223 1442 1269 1468 τοῦ
1289 1442 1355 1468 Σινᾶ
1370 1443 1534 1475 ὲκαπνίζετο
1548 1443 1591 1470 διὰ
1608 1444 1638 1470 τὺ
1653 1444 1811 1479 καταϐεϐη-

1024 1489 1099 1514 κέναι
1112 1488 1154 1513 ἐπ’
1170 1488 1235 1514 αὐτο
1249 1488 1294 1514 τδν
1307 1489 1374 1515 Θεὸν
1390 1490 1418 1516 ἐν
1435 1490 1530 1524 πυρί-ι
1549 1491 1596 1516 καὶ
1608 1491 1699 1523 πάλιν,
1717 1492 1769 1517 «Τὸ
1781 1491 1812 1518 δὲ

187 1537 288 1563 divina:
311 1534 404 1570 gloriae
429 1540 458 1561 ut
476 1534 546 1569 ignis
572 1533 662 1569 fulgor
688 1534 722 1561 de
750 1533 852 1560 vertice
875 1533 972 1560 montis

1026 1532 1095 1564 εἶδος
1111 1534 1159 1568 τῆς
1170 1534 1248 1569 δόξης
1263 1534 1367 1568 Κυρίου
1381 1535 1419 1566 ὡς
1439 1535 1495 1570 πῦρ
1510 1535 1609 1570 φλέγον
1623 1537 1669 1562 ἐπὶ
1686 1537 1811 1572 κορυφῆς

190 1580 322 1612 adversus
345 1579 414 1605 ﬁlios
435 1578 527 1611 Israel,
551 1586 561 1603 ι
583 1583 610 1605 et
641 1577 725 1604 multa
755 1577 889 1612 ejusmodi
913 1584 973 1612 quae

188 1631 281 1654 creata
292 1630 365 1656 sunt,
378 1633 439 1651 cum
456 1624 575 1651 iucreata
587 1623 633 1650 Dei
643 1625 762 1650 essentia
772 1623 912 1650 conciliari
923 1622 975 1649 mi-

191 1673 262 1699 nime
273 1672 349 1702 licet,
359 1671 391 1697 ad
401 1669 596 1704 discipulorum
609 1673 700 1696 autem
712 1668 911 1696 institutionem
920 1675 975 1695 non

190 1719 297 1750 inutile,
315 1718 371 1744 imo
395 1724 477 1752 quam
506 1716 683 1743 utilissimum
713 1719 766 1743 est.
784 1715 851 1743 Volo
874 1722 974 1742 vocare

190 1762 386 1798 prophetarum
418 1761 500 1788 verba
514 1761 541 1787 in
567 1760 658 1796 specie
687 1759 734 1787 Dei
765 1764 791 1786 et
816 1759 976 1795 angelorum

191 1817 253 1836 cum
268 1808 424 1836 hominibus
439 1807 677 1834 conversationem
700 1805 853 1833 sensualem
868 1811 894 1832 et
910 1805 979 1840 vigi-

190 1855 312 1883 lantibus
331 1854 384 1881 illis
402 1858 591 1888 apparentem.
616 1851 682 1885 Qua:
698 1851 810 1886 quidem
837 1850 977 1878 Abraham

192 1900 375 1936 contigit,fqui
404 1899 492 1934 primo
507 1899 592 1926 Deum
616 1905 671 1925 non
692 1902 721 1924 ut
736 1898 820 1924 Deum
834 1897 913 1929 vidit,
932 1897 978 1924 sed

194 1953 223 1974 ut
235 1947 372 1974 hominem
390 1944 418 1972 in
436 1944 585 1979 hospitium
599 1943 711 1977 recepit.
739 1942 771 1969 Et
797 1942 924 1970 laudatus
939 1947 980 1969 est

193 1993 228 2020 ob
246 1992 426 2020 reverentiam
445 1998 496 2025 qua
517 1997 579 2016 eum
599 1989 714 2023 recepit.
737 1988 770 2015 Et
786 1993 885 2023 prmtcr
918 1996 978 2023 per-

198 2040 298 2066 multos
308 2038 375 2065 alios
390 2041 482 2072 postea
499 2035 595 2062 Mauoe
609 2043 638 2062 se
653 2034 791 2069 perditum
811 2034 892 2066 dixit,
907 2034 979 2069 quod

198 2087 280 2111 Deum
298 2084 421 2110 vidisset.
435 2081 494 2108 Non
511 2081 544 2107 ad
568 2081 707 2107 hominem
730 2085 853 2114 captum,
876 2080 975 2114 inquit,

196 2135 258 2165 apta
272 2135 312 2156 est
328 2130 373 2155 Dei
387 2127 517 2162 cognitio,
537 2127 637 2153 nedum
652 2130 760 2158 natura,
778 2126 827 2153 sed
845 2134 892 2161 per
906 2134 980 2153 som-

198 2177 305 2202 hiuruln
320 2175 473 2208 zeuigmata;
490 2172 548 2199 hate
563 2171 636 2198 enim
653 2171 715 2198 luce
739 2171 941 2205 quodammodo
953 2176 980 2199 et

198 2222 320 2249 claritate
340 2221 470 2248 destituta
480 2223 533 2251 est,
550 2218 651 2253 quippe
666 2225 727 2252 quae
753 2217 834 2243 aliam
862 2217 914 2243 alia
931 2217 980 2244 im-

199 2269 327 2304 plicatam
342 2266 442 2294 nebula
468 2265 647 2292 obscuritatis
679 2262 886 2297 explicationem
916 2271 982 2296 pra:-

201 2317 273 2342 beat.
287 2313 371 2348 448
392 2312 475 2347 Cujus
488 2312 526 2338 rei
547 2309 674 2345 permulti
690 2309 735 2336 alii
752 2313 834 2336 testes
860 2314 923 2336 sunt
942 2309 983 2335 in-

202 2359 339 2394 tegri,'sed
352 2358 434 2385 etiam
454 2356 547 2383 Daniel
560 2361 587 2383 et
602 2354 715 2389 Joseph,
728 2354 829 2389 quibus
843 2358 984 2381 nocturna}

201 2407 320 2434 visiones
336 2405 362 2431 in
377 2404 480 2432 somnis
493 2410 586 2430 earum
603 2409 694 2429 rerum
725 2409 785 2435 qua:
810 2400 886 2428 facta:
918 2409 985 2427 nou-

200 2453 264 2479 dum
281 2454 370 2483 erant,
382 2457 474 2477 veram
490 2448 731 2484 pmcognitionem
757 2447 925 2481 praebebant.
945 2447 981 2473 De

200 2503 318 2532 utroque
331 2496 439 2531 sapiens
454 2495 500 2522 ille
523 2494 666 2528 theologus
689 2492 838 2527 Gregorius
856 2492 983 2519 dubitans

201 2545 259 2578 ipse
275 2543 425 2578 quidquam
441 2542 512 2569 scire
531 2547 560 2568 se
575 2544 667 2574 negat,
679 2539 749 2566 scire
764 2544 856 2566 autem
868 2540 985 2573 prophe-

203 2596 290 2616 tarum
304 2590 405 2621 Deum,
422 2589 480 2615 sive
496 2587 640 2622 phantasia
670 2590 712 2612 est
730 2586 830 2612 diurna
856 2585 913 2613 sive
934 2593 984 2612 no-

202 2641 299 2663 cturna
314 2641 379 2662 vera
399 2634 478 2664 visio,
492 2634 550 2660 sive
573 2631 689 2658 rationis
715 2631 819 2666 eﬂigies
830 2638 986 2666 praecogno-

203 2681 306 2708 scentis
316 2681 407 2708 futura
421 2684 550 2714 tanquam
563 2678 718 2714 praesentia.
742 2677 878 2704 Caeterum
904 2685 986 2704 nemo

203 2727 250 2754 Dei
264 2732 388 2754 naturam
402 2725 470 2753 vidit
489 2729 535 2752 aut
551 2725 691 2758 professus
703 2728 756 2750 est.
781 2722 888 2755 Quibus
903 2722 986 2757 igitur

203 2773 303 2799 divine
319 2771 445 2799 Ecclesiae
472 2777 635 2798 communes
663 2769 804 2796 sententiae
821 2775 883 2795 cum
896 2768 986 2803 {ﬁrma

242 2863 280 2897 (i)
300 2862 347 2888 Ἐκ
359 2861 406 2888 τοῦ
423 2861 486 2895 περὶ
501 2859 639 2893 θεολογίας
659 2859 785 2893 δευτέρου
805 2859 896 2894 λόγου.

1025 1579 1071 1606 τοῦ
1089 1579 1168 1614 ὅρους
1180 1580 1300 1606 ἐναντίον
1312 1580 1365 1606 τῶν
1378 1581 1444 1607 υἱῶν
1465 1581 1583 1616 Ἰσραήλ.
1599 1591 1609 1607 ι
1625 1583 1680 1608 Καὶ
1697 1583 1812 1610 τοιαῦτα

1028 1625 1121 1660 μυρία,
1144 1625 1231 1651 ὁπόσα
1257 1625 1356 1651 κτητὰ
1381 1625 1445 1651 ὄντα
1463 1627 1494 1661 τῇ
1521 1626 1570 1660 μὲν
1595 1626 1717 1661 ἀκτίστῳ
1732 1627 1813 1663 οὐσίᾳ

1025 1671 1071 1696 τοῦ
1089 1671 1156 1696 Θεοῦ
1171 1671 1280 1696 πάντων
1292 1671 1392 1706 ἥκιστά
1403 1672 1478 1698 ὲστιν
1489 1673 1638 1706 ἁρμόττειν
1649 1673 1732 1705 ὅσιον,
1746 1674 1812 1708 apri;

1026 1725 1058 1751 γε
1075 1717 1127 1751 μὴν
1146 1716 1323 1752 παιδευτικὴν
1338 1717 1393 1743 τῶν
1419 1719 1570 1752 χρωμένων
1593 1719 1752 1752 οἰκονομίαν
1779 1720 1812 1745 οὐ

1029 1763 1101 1798 μάλα
1127 1762 1272 1796 ἀχρήστως
1295 1762 1362 1797 ἔχει,
1379 1763 1423 1789 ναὶ
1443 1763 1496 1797 μὴν
1511 1764 1566 1790 οὐδ’
1582 1764 1619 1796 ὡς
1641 1765 1813 1800 πορρωτάτω

1027 1808 1075 1834 τοῦ
1092 1808 1231 1842 ὠφελίμου
1251 1810 1350 1835 κεῖται.
1368 1809 1467 1835 Καλεῖν
1480 1809 1502 1836 δ’
1517 1808 1594 1844 οἶμαι
1617 1810 1650 1836 τὰ
1667 1811 1744 1844 λόγια
1758 1811 1814 1838 τῶν

1031 1852 1178 1888 προφητῶν
1207 1853 1235 1878 ὲν
1256 1851 1322 1878 εῖδει
1338 1852 1389 1887 μὲν
1414 1853 1523 1886 ὁμιλίαν
1537 1853 1604 1880 Θεοῦ
1623 1855 1668 1881 καὶ
1688 1855 1814 1889 ἀγγέλων

1029 1898 1097 1934 πρὸς
1114 1898 1275 1934 ἀνθρώπους
1289 1898 1337 1933 τὴν
1354 1899 1484 1933 αἰσθητὴν
1503 1900 1549 1926 καὶ
1565 1901 1748 1936 ἐγρηγορόσιν
1763 1902 1813 1927 αὖ·

1029 1946 1085 1975 τοῖς
1102 1943 1278 1979 φαινομένην,
1296 1943 1390 1975 ὁποίας
1405 1943 1450 1970 καὶ
1476 1943 1600 1980 Ἀϐραὰμ
1617 1945 1732 1978 ἠξίωται
1746 1946 1814 1980 πρό-

1029 1997 1108 2026 τερον
1122 1991 1188 2016 Θεὸν
1213 1990 1261 2024 οὐχ
1283 1990 1320 2022 ὡς
1342 1990 1408 2016 Θεὸν
1429 1989 1500 2023 ἰδὼν,
1528 1991 1586 2017 ἀλλ’
1612 1991 1649 2021 ὡς
1667 1991 1814 2027 ἄνθρωπον

1031 2036 1149 2070 θρέψας’
1174 2035 1270 2067 ὅςκαὶ
1296 2035 1426 2071 ἐπῃνέθη,
1454 2036 1530 2070 φησὶ,
1558 2036 1699 2068 σεδασθεὶς
1714 2038 1814 2066 ὁπόσον

1031 2082 1175 2110 κατέλαϐε.
1194 2081 1249 2108 Καὶ
1264 2081 1334 2116 μετὰ
1353 2081 1498 2113 πλείστους
1513 2082 1609 2113 ἄλλους
1626 2081 1741 2116 ὕστερον
1755 2084 1817 2110 Μα-

1031 2128 1100 2156 νωέ·
1117 2128 1145 2159 ὃς
1158 2128 1204 2153 καὶ
1218 2127 1385 2153 ἀπολωλέναι
1407 2127 1482 2159 ὲὸόα,
1497 2127 1565 2153 διότι
1588 2127 1655 2154 Θεὸν
1680 2128 1816 2162 ἑώρακεν,

1032 2174 1069 2205 ὡς
1084 2173 1114 2199 οὑ
1129 2172 1256 2208 χωρητῆς
1279 2171 1434 2207 ἀνθρώποις
1448 2171 1532 2206 οῠσης
1542 2192 1549 2205 ,
1564 2173 1658 2207 φησὶν,
1674 2173 1733 2199 οὐδὲ
1746 2183 1815 2207 φαν-

1034 2221 1130 2250 τασίας
1146 2218 1229 2250 θείας,
1246 2219 1283 2252 μὴ
1299 2218 1338 2243 ὅτι
1357 2218 1475 2251 φύσεως.
1492 2217 1531 2244 Δι’
1548 2218 1719 2252 αἰνιγμάτων
1736 2219 1757 2245 δ’
1770 2219 1818 2245 οὖν

1031 2265 1080 2300 τὴν
1093 2264 1125 2290 δι’
1149 2264 1313 2298 ὀνειράτων
1339 2263 1467 2298 ἀλαμπὴς
1489 2264 1542 2298 γάρ
1557 2271 1599 2295 τις
1625 2263 1705 2299 αὕτη,
1723 2266 1769 2291 καὶ
1785 2267 1816 2291 οὐ

1033 2311 1103 2337 πάνυ
1116 2319 1141 2336 τι
1153 2309 1285 2344 πρόδηλος
1296 2317 1302 2324 ·
1319 2310 1365 2335 καὶ
1389 2309 1443 2345 γὰρ
1459 2309 1491 2335 δι’
1505 2309 1592 2336 ἄλλων
1610 2310 1677 2337 ἄλλα
1693 2312 1818 2344 συμπλέ-

1033 2365 1118 2384 κουσι
1133 2357 1181 2382 καὶ
1196 2354 1419 2389 συγκρύπτουσα,
1446 2356 1522 2389 νέφει
1539 2357 1592 2382 τινὶ
1608 2357 1819 2393 καλυπτομένην

1034 2401 1168 2436 ἀσαφείας
1185 2401 1299 2436 παρέχει
1314 2401 1363 2436 τὴν
1377 2400 1503 2435 δήλωσιν.
1519 2398 1568 2428 Ὧν
1579 2402 1626 2428 καὶ
1639 2403 1758 2429 πλεῖστοι
1770 2405 1820 2438 μὲν

1036 2448 1124 2482 ἓτεροι
1139 2449 1258 2483 κήρυκες
1272 2447 1407 2482 ἀψευδεῖς,
1425 2447 1494 2473 ἀλλὰ
1520 2449 1568 2475 καὶ
1580 2449 1679 2484 Δανιὴλ
1695 2450 1740 2475 καὶ
1762 2451 1821 2476 Ίω-

1039 2493 1104 2529 σὴψ,
1123 2491 1163 2525 οἷς
1181 2493 1336 2528 νυκτεριναί
1362 2501 1433 2524 τινες
1458 2493 1535 2527 seu;
1550 2493 1710 2520 καθεύδουσι
1736 2495 1821 2529 μήπω

1039 2540 1189 2574 γεγονότων
1205 2539 1293 2574 ἀληθῆ
1309 2540 1440 2574 παρεῖχον
1455 2539 1504 2573 τὴν
1519 2540 1684 2574 πρόγνωσιν.
1698 2541 1771 2575 Περὶ
1784 2538 1822 2568 ἐν

1036 2586 1200 2620 ἀμφοτέρων
1227 2585 1240 2611 ὁ
1258 2585 1413 2619 σοφώτατος
1431 2585 1541 2619 ἀπορῶν
1567 2585 1697 2618 Θεολόγος
1716 2586 1823 2620 Γρηγός

1038 2641 1095 2668 ριος
1109 2631 1147 2666 (ί)
1162 2631 1242 2663 αὐτὸς
1264 2631 1314 2666 μὲν
1338 2631 1465 2665 ὁμολογεῖ
1480 2632 1516 2666 μὴ
1541 2631 1658 2663 εἰδέναι,
1672 2631 1773 2658 εἰδέναι
1793 2632 1822 2659 δὲ

1037 2677 1082 2704 τὸν
1092 2677 1146 2703 τῶν
1157 2676 1305 2711 προφητῶν
1319 2675 1394 2708 Θεὸν,
1411 2676 1466 2702 εἴτε
1477 2677 1611 2710 φαντασία
1625 2685 1666 2708 τις
1676 2674 1709 2713 ἦν
1723 2678 1823 2712 ἡμερι-

1038 2724 1082 2758 νὴ,
1099 2723 1154 2750 εἴτε
1183 2723 1279 2753 νυκτὸς
1295 2722 1412 2757 ἀψευδὴς
1428 2722 1499 2757 δψις,
1516 2723 1570 2749 εἴτε
1597 2723 1643 2749 τοῦ
1657 2723 1823 2758 ἡγεμονικοῦ

1039 2769 1160 2800 τύπωσις
1177 2769 1361 2804 συγγινομένη
1378 2770 1434 2801 τοῖς
1460 2769 1603 2804 μέλλουσιν
1628 2770 1664 2801 ὡς
1683 2769 1823 2806 παροϋσν
