1913 3062
94 124 143 154 481

541 124 774 156 'BYZANTINxE
795 123 986 154 lllSTORLE
1006 124 1077 156 LIB.
1099 125 1246 157 XXXVII.

1663 123 1717 155 439.

95 181 258 216 ἐπεπράχει,
285 182 332 210 καὶ
358 183 480 219 ἐλελήθει
506 184 570 210 καθ’
594 184 691 210 ἐαυτοῦ
714 183 877 218 συρῤάπτωι

934 189 1010 211 cerat
1025 192 1075 219 pro
1096 185 1129 212 iis
1151 192 1213 220 quae
1238 184 1362 217 fecerat;
1379 187 1407 211 et
1432 190 1493 211 eum
1521 189 1666 211 (onsueret
1689 189 1718 211 et

96 227 143 252 καὶ
161 227 339 259 συσκευάζων
359 227 398 261 οἷς
414 228 495 260 αὐτὸς
510 229 609 255 αὐτίκα
630 228 879 263 περιστοιχίζεσοαι

95 272 212 308 ἤμελλεν
238 273 370 307 ἀφύκτοις
398 276 446 301 καὶ
477 275 596 310 ἰσχυροῖς
621 274 751 305 δικτύοις.
778 274 809 300 Οἱ
827 274 880 307 γὰρ

95 318 314 353 κατηγοροῦντες
334 318 418 346 αὐτοῦ
438 320 492 347 τῶν
513 320 537 346 τ’
554 320 712 347 ἐπισκόπων
732 319 779 346 καὶ
795 328 880 354 πρεσ-

95 362 217 398 ϐυτέρων
236 363 270 389 τά
287 363 311 389 τ’
335 363 401 390 ἄλλα
426 364 581 399 προύφερον
609 365 648 396 εἱς
672 364 808 396 ἀπόδειξιν
833 364 880 390 τοῦ

94 409 241 444 ψεύδεσθαι
257 409 398 444 προδήλως
415 410 568 444 αὐτὸνίκαὶ
583 411 631 444 ούχ
652 411 751 445 ἥκιστα
763 411 812 445 τὴν
829 419 882 445 μα-

96 455 165 489 κράν
183 463 211 481 τε
229 455 275 481 καὶ
288 455 427 491 ἄρρηκτον
441 455 487 482 τοῦ
505 457 641 491 Σκορπίου
654 456 756 490 φιλίαν,
769 455 799 482 ὃν
814 455 880 482 πολ-

97 500 142 526 λαὶ
156 501 306 536 μαρτυρίαι
325 502 370 527 καὶ
389 502 491 537 σφόδρα
506 502 603 536 σαφεῖς
618 502 649 527 ἐκ
667 501 763 528 πολλοῦ
781 501 878 527 Μασα-

97 546 186 573 λιανὸν
209 545 279 573 εἶναι
304 548 528 582 κατεψηφίσαντό
551 556 580 574 τε
597 547 643 574 καὶ
659 548 703 574 ἀεὶ
722 547 880 582 καταψηφί-

95 591 199 624 ζονται,
218 592 284 619 πολὺ
301 592 330 619 τὸ
353 594 558 628 ἀναμφίλεκτον
579 594 689 628 ἔχουσαι
717 594 764 620 καὶ
779 593 881 628 ἥκιστα

94 637 172 671 νέφει
189 638 416 673 συγκρύπτεσθαι
431 639 579 674 δυνάμεναι
594 640 752 674 πλάσματος
763 639 879 670 ούδενύς.

95 683 141 718 Τῷ
169 683 224 718 γὰρ
245 683 294 719 τὴν
317 684 399 710 αὑτοῦ
420 684 511 718 φιλίαν
535 684 564 717 ἐξ
580 685 666 720 ἀρχῆς
682 685 881 710 ἀναπόσπαστα

94 730 258 764 κεκτημένῳ
274 732 322 757 καὶ
336 726 391 757 οἷον
409 730 438 757 ἐν
453 731 510 762 τοῖς
535 731 583 765 τῆς
610 731 725 765 καρδίας
748 730 880 765 θαλάμοις

93 773 381 810 ἁγαλματοφοροῦντι,
404 776 446 807 τίς
460 776 493 803 ἄν
511 785 576 803 ποτε
594 776 766 803 πιστεύσειεν
784 776 881 808 ἄλλους

93 821 215 856 ἐλέγχειν
234 822 446 858 ἐγκαυχωμένῳ,
463 823 510 850 καὶ
536 824 568 851 ού
595 824 668 858 μάλα
691 823 791 858 μᾶλλον
812 832 881 857 συμ-

94 867 202 902 μύστην
217 869 335 900 ἐκείνοις
351 867 422 896 εἶναι
446 871 493 896 καὶ
511 870 638 897 κοινωνὸν
662 871 704 897 ἀεὶ
726 871 882 906 καταψηφί-

93 914 168 945 ξοιτο
183 916 330 950 προφανῆ;
347 915 486 950 Τέτταρας
502 916 534 951 δὴ
550 914 597 943 οὖν
612 916 714 947 ταύτας
730 917 882 952 ξυνειλοχέ-

93 967 138 986 ναι
154 960 212 991 τοῖς
227 960 391 995 κατηγόροις
415 962 571 995 προτάσεις,
597 961 648 988 οὐκ
669 961 782 988 ἄλλοθέν
799 962 881 989 ποθεν

92 1002 151 1029 ἀλλ’
170 1003 201 1036 ἐξ
223 999 261 1030 ὧν
287 1004 370 1036 αὐτὸς
398 1004 470 1040 ὑπὲρ
493 1005 590 1031 ἑαυτοῦ
620 1006 787 1041 προήνεγκε,
811 1005 881 1038 τέως

92 1048 252 1082 γεγένηται,
269 1049 378 1083 πρῶτον
395 1050 445 1084 μὲν
460 1051 500 1076 ὅτι
525 1051 722 1086 μυσαρωτέραν
738 1051 784 1077 καὶ
800 1051 880 1083 αὐτὸς

94 1094 211 1121 ἀπασῶν
231 1095 365 1130 αἱρέσεων
386 1096 436 1131 τὴν
457 1096 511 1123 τῶν
527 1097 707 1123 Μασαλιανῶν
729 1097 880 1132 ἡγούμενος

93 1141 211 1176 αἳρεσιν,
229 1140 267 1173 ὥς
284 1150 350 1176 φησι
369 1141 428 1175 νῦν,
450 1144 498 1169 καὶ
522 1143 652 1175 συνειδὼς
672 1143 711 1178 τῷ
737 1144 794 1178 ὕρει
819 1145 880 1171 τότε

92 1186 326 1220 ἐπιπολάζουσαν,
336 1188 387 1214 οὐκ
399 1189 570 1224 ἀνεκάλυψεν
582 1188 644 1216 οὕτε
657 1189 711 1224 πρὸ
726 1190 780 1216 τῶν
792 1190 880 1217 ἄλλων

91 1232 154 1259 οὔτε
171 1233 242 1268 μετὰ
256 1235 319 1266 τοὺς
334 1234 441 1267 ἄλλους,
469 1235 531 1262 οὗτε
553 1236 614 1262 τότε
634 1235 695 1263 οὔτε
712 1237 771 1272 μετ’
790 1237 880 1272 ὀλίγον

92 1277 186 1309 εὐθὺς,
207 1278 354 1305 καὶταῦτα
372 1279 427 1305 τῶν
443 1279 550 1306 πολλῶν
567 1277 607 1312 εἷς
620 1280 658 1307 ὣν
682 1282 730 1308 καὶ
745 1281 826 1313 αὐτὸς
839 1278 881 1312 οἷς

92 1324 283 1358 συμπαρεῖναι
304 1323 458 1359 τηνικαῦτα
482 1324 530 1351 καὶ
547 1324 701 1360 ἀκροᾶσθαι
724 1325 878 1353 συνέσαινσ.

92 1369 227 1405 Δεύτερον
240 1369 270 1396 δὲ
286 1369 344 1402 πῶς
357 1371 418 1397 τότε
436 1370 503 1406 μηδὲ
520 1372 682 1407 συνηγορεῖν
698 1371 764 1406 γοῦν
781 1371 880 1407 βουλη-

92 1415 150 1447 Θεὶς
169 1416 226 1447 τοῖς
242 1416 317 1448 ὅπως
338 1416 404 1443 ποτὲ
418 1416 624 1452 ἁνακαλύψασιν
641 1417 730 1449 ἄλλοις
745 1418 879 1453 τοσαύτην

91 1461 194 1487 κακίαν
219 1462 287 1494 ἐκεῖ,
317 1461 375 1488 ἀλλ’
404 1461 475 1489 οὕτω
503 1464 623 1498 μακραῖς
649 1463 717 1490 ἐτῶν
743 1464 879 1498 περιόδοις

90 1506 187 1542 ὥσπερ
206 1506 268 1533 τινὰ
294 1506 432 1543 θησαυρὸν
464 1507 626 1542 θαλαμεύων
654 1509 683 1535 ἐν
707 1509 805 1544 καρδίᾳ
831 1511 877 1536 καὶ

91 1552 175 1587 μέχρι
191 1551 239 1578 νῦν
267 1553 444 1587 περιθάλπων
465 1553 616 1589 ἁνέκφορον
642 1554 691 1589 τὴν
719 1557 780 1580 κατ’
808 1553 877 1589 εἶδος

89 1597 260 1633 προαγωγὴν
275 1598 322 1625 καὶ
336 1599 496 1634 σαφήνειαν,
512 1599 607 1626 ἔπειτα
622 1598 669 1627 νῦν
689 1601 877 1636 ἐκπομπεύσιν

89 1644 190 1677 ἐθέλει,
205 1643 253 1670 τοῦ
267 1645 324 1676 τοῖς
339 1644 461 1680 ἐλέγχοις
478 1645 562 1672 πάλαι
578 1646 763 1681 προσήκοντος
778 1647 876 1682 χρόνου

91 1690 205 1721 στάντος
221 1690 253 1716 ἐκ
267 1689 427 1725 διαμέτρου,
451 1691 613 1726 καταφυγὴν
628 1690 773 1726 λεληθυῖαν
787 1692 877 1728 οιόμε·

89 1738 136 1765 νος
149 1733 216 1764 ἴσως
230 1733 368 1768 Θηρᾶσθαί
386 1742 449 1761 τινα
470 1734 518 1761 νῦν
533 1734 601 1770 πρὸς
618 1735 792 1771 ἀπαλλαγήν.
809 1736 876 1772 Τρί-

89 1788 136 1806 τον
150 1779 180 1806 δὲ
195 1779 255 1811 πῶς
278 1780 362 1807 πολὺν
386 1780 436 1816 ἠδη
464 1779 496 1817 [Γ.
517 1780 571 1808 268
594 1780 625 1817 α]
643 1781 738 1817 χρόνον
760 1791 877 1817 κατηγο-

90 1827 224 1860 ρούμενον
246 1825 292 1852 τὸν
306 1826 440 1861 Σκορπίον
466 1828 495 1853 ἐν
515 1827 620 1862 ἀκμαῖς
644 1827 687 1854 ἀεὶ
710 1830 876 1863 πρακτικαῖς

88 1873 139 1907 τῆς
151 1872 281 1908 τοιαύτης
295 1873 428 1908 αἱρέσεως
443 1870 525 1906 εῖναι,
540 1873 587 1900 καὶ
601 1874 708 1901 πολλῶν
721 1875 876 1910 ἐρχομένων

88 1916 264 1951 γραμμάτων
279 1917 312 1943 ἐκ
328 1916 384 1943 τῶν
402 1916 449 1943 τοῦ
468 1916 549 1951 ὕρους
566 1918 665 1953 τιμίων
682 1918 788 1953 ἀνδρῶν
808 1927 876 1954 προ-

87 1962 179 1996 δήλως
192 1960 243 1996 τὴν
260 1960 379 1997 ἀρχαίαν
391 1962 440 1989 καὶ
459 1961 541 1997 μέχρι
558 1962 606 1989 νῦν
619 1961 754 1990 ἀνθοῦσαν
767 1963 875 1990 ἐκείνου

88 2007 191 2035 κακίαν
204 2006 411 2042 ἐξελεγχόντων,
428 2007 510 2040 αὐτὸς
531 2008 576 2034 ἀεὶ
590 2008 729 2044 περιέπων
743 2009 876 2044 ἐγκαρτε-

89 2055 144 2089 ρεῖ,
159 2053 301 2088 πρόμαχος
319 2052 426 2089 ἄμαχος
441 2053 537 2089 ἐκεινῳ
551 2055 698 2088 γενόμενος
713 2055 759 2081 καὶ
779 2055 875 2088 στῦλος

88 2099 178 2125 εἰπεῖν
198 2098 390 2133 ἀδαμάντινος,
408 2099 455 2126 καὶ
476 2099 551 2134 ϐαμά
572 2099 654 2134 βοῶν,
670 2100 718 2126 καὶ
743 2100 795 2134 γῆν
813 2102 875 2128 ἁνα-

90 2145 191 2180 ιιιγνὺς
210 2144 328 2179 οὗρανῷ,
348 2144 395 2170 καὶ
413 2144 484 2171 κατὰ
505 2146 569 2177 τοὺς
587 2146 767 2181 μαινομένους
783 2147 813 2172 τὸ
826 2146 875 2182 τῆς

933 230 1109 257 contraheret
1137 231 1216 257 latuit
1240 238 1313 262 eum,
1328 230 1464 265 quomodo
1477 229 1511 257 iis
1535 229 1591 263 ipse
1615 229 1714 256 deinde

933 279 1061 310 tanquam
1077 275 1293 311 ineﬂ‘ugibilibus
1307 280 1335 302 ct
1357 275 1521 302 tirmissimis
1545 275 1652 310 laqueis
1668 282 1715 301 ca-

932 326 1054 355 peretur.
1077 322 1259 348 Accusatores
1270 321 1344 348 enim
1358 329 1392 348 ex
1408 321 1545 355 episcopis
1570 325 1597 348 et
1624 321 1716 347 seniu-

935 367 1013 394 ribus
1024 375 1086 395 cum
1102 368 1154 395 alia
1181 368 1357 402 proferebant
1372 367 1405 394 ad
1433 366 1584 394 manifestae,
1612 365 1717 393 fraudis

934 419 997 438 eum
1012 413 1226 446 coargcundum,
1241 417 1298 439 tum
1314 412 1471 439 diuturnam
1485 416 1513 438 et
1526 412 1715 439 inconcussam

931 457 1079 484 amicitiam
1097 457 1273 492 Scorpionis;
1301 466 1382 493 quem
1399 458 1479 494 5M
1494 458 1577 484 multa
1596 459 1718 484 testium-

931 503 977 530 nia
996 510 1082 537 eaque
1099 503 1179 530 valde
1195 508 1288 537 aperta
1299 504 1354 539 jam
1371 508 1451 530 antea
1474 504 1574 538 schius
1603 511 1717 530 accusa-

930 555 1028 576 verant
1044 554 1072 576 et
1086 557 1195 584 semper
1206 555 1345 582 accusant,
1360 558 1422 577 cum
1454 557 1578 584 magnam
1604 549 1717 576 ﬁrmita-

933 597 986 620 tem
1000 594 1134 626 habeant,
1154 602 1242 629 neque
1258 594 1312 621 ullo
1337 594 1418 621 modo
1444 594 1534 630 obtegi
1565 594 1671 629 possint
1700 603 1713 619 a

933 647 1070 674 quoquam
1084 640 1155 666 nube
1171 640 1329 666 commenti.
1344 639 1410 672 Quis
1426 639 1498 667 enim
1513 640 1549 670 ei,
1572 640 1618 674 qui
1637 639 1719 665 istius

932 684 1081 711 amicitiam
1097 685 1131 711 ab
1149 685 1229 712 initio
1246 686 1281 712 ita
1308 686 1427 712 servavit
1451 689 1481 712 ut
1499 692 1636 719 nunquam
1668 685 1716 711 de-

933 731 1056 762 sciverit,
1077 738 1192 765 eamque
1208 731 1234 757 in
1249 731 1340 758 cordis
1357 731 1399 758 sui
1420 731 1528 765 angulis
1537 731 1614 766 quasi
1630 730 1717 757 simu-

933 776 1036 803 lacrum
1053 784 1144 804 secum
1161 777 1303 812 fcrt,quis,
1317 777 1388 809 dico,
1401 777 1426 804 ei
1442 777 1497 804 ullo
1513 777 1593 803 modo
1611 776 1713 807 credat,

933 822 954 849 si
968 822 1035 848 alios
1045 829 1192 857 coarguere
1203 822 1352 857 pncsuruit,
1363 829 1450 856 neque
1465 821 1555 856 potius
1568 821 1656 856 ipsum
1671 821 1717 847 iis-

897 859 918 886 Β
933 869 995 895 dem
1008 869 1092 895 sacris
1107 868 1244 894 initiatum
1255 873 1284 896 et
1300 869 1405 895 socium
1434 867 1542 895 illorum
1571 867 1719 894 manifesto

931 914 1133 949 deprehensum
1144 914 1270 941 accusat?
1298 914 1393 949 Itaque
1419 913 1521 940 factum
1547 917 1576 940 ut
1598 917 1717 947 quatuor

931 959 980 986 has
997 966 1094 986 causas
1112 963 1284 986 accusatores
1297 959 1467 993 colligerent,
1484 966 1538 985 non
1559 966 1591 985 ex
1606 957 1714 990 alienis,

931 1005 979 1033 sed
996 1013 1028 1032 ex
1042 1005 1075 1032 iis
1087 1012 1148 1039 qua:
1172 1004 1217 1032 ille
1233 1004 1292 1038 ipse
1303 1004 1337 1031 dc
1358 1012 1387 1031 se
1405 1009 1591 1031 concesserat.
1617 1004 1647 1032 In
1673 1004 1716 1031 his

931 1051 1020 1086 prima
1039 1060 1045 1077 :
1067 1050 1139 1085 quod
1156 1049 1368 1077 Masalianorum
1388 1049 1512 1078 haeresim
1535 1058 1616 1085 quam
1641 1057 1717 1077 nunc

930 1097 991 1131 ipse
1003 1095 1068 1123 dicit
1081 1096 1204 1123 omnium
1221 1102 1283 1123 esse
1295 1095 1530 1129 scelestissimam,
1549 1101 1632 1123 antea
1650 1103 1715 1122 cum

931 1142 960 1169 in
977 1146 1069 1169 monte
1094 1142 1217 1169 exerceri
1234 1149 1294 1169 eam
1324 1145 1495 1176 compertum
1509 1141 1633 1174 haberet,
1658 1150 1714 1169 non

931 1186 1039 1221 retexit,
1053 1194 1143 1222 neque
1158 1191 1221 1215 ante
1236 1187 1305 1215 alios
1320 1194 1409 1222 neque
1425 1191 1485 1222 post
1508 1187 1588 1221 alios,
1622 1195 1713 1222 neque

931 1237 989 1261 tum
1003 1240 1092 1268 neque
1119 1238 1234 1268 postea;
1263 1233 1381 1268 etquod
1409 1234 1468 1268 ipse
1502 1241 1573 1260 unus
1596 1241 1630 1260 ex
1660 1234 1716 1261 illis

930 1279 1035 1310 multis.
1051 1279 1151 1313 quibus
1167 1284 1224 1306 tum
1252 1279 1385 1307 intererat
1400 1284 1428 1306 et
1443 1286 1513 1313 quos
1534 1278 1650 1306 audivit.
1667 1279 1715 1306 Al-

932 1329 1000 1357 tera,
1017 1323 1090 1359 quod
1105 1328 1162 1351 tum
1188 1331 1222 1351 ne
1253 1331 1316 1351 cum
1328 1324 1389 1352 aliis
1408 1324 1519 1359 quidem
1537 1324 1584 1359 qui
1598 1324 1634 1352 ibi
1655 1329 1715 1352 tan.

931 1375 988 1398 tum
999 1370 1091 1399 scelus
1105 1369 1277 1404 aperiebant.
1291 1370 1494 1397 accusationem
1509 1370 1597 1398 facere
1615 1370 1714 1404 voluit;

930 1416 978 1444 sed
1012 1424 1063 1451 per
1089 1415 1191 1443 multos
1215 1423 1304 1443 annos
1331 1420 1461 1450 tanquam
1493 1415 1652 1443 thesaurum
1684 1416 1713 1443 in

929 1462 1012 1490 corde
1027 1461 1167 1489 conditum
1193 1469 1279 1496 usque
1292 1461 1324 1489 ad
1343 1461 1394 1489 hoc
1410 1466 1517 1497 tempus
1528 1461 1596 1489 fovit
1611 1468 1641 1489 ut
1656 1470 1713 1490 rem

929 1515 1010 1543 quam
1020 1507 1120 1534 etl‘erre
1137 1507 1250 1534 timebat
1265 1511 1377 1542 propter
1392 1507 1447 1534 vim
1464 1507 1714 1540 Iestimonii,§rruttc

931 1561 996 1581 vero
1012 1552 1099 1580 multo
1112 1553 1168 1588 jam
1189 1552 1320 1587 temporis
1352 1553 1499 1580 intervallo
1519 1560 1574 1587 quo
1601 1559 1714 1580 accusa-

931 1599 1033 1627 tionem
1048 1599 1137 1626 racere
1149 1605 1212 1626 eum
1227 1598 1372 1633 oportebat
1387 1598 1574 1633 praeterlapso,
1589 1598 1715 1633 proferre

929 1645 999 1678 vult,
1020 1643 1100 1680 555
1113 1649 1211 1679 putans
1234 1651 1268 1671 eo
1281 1652 1311 1671 se
1329 1644 1465 1678 refugium
1494 1644 1596 1673 habere
1613 1644 1646 1672 ad
1662 1645 1714 1672 ded

929 1690 1093 1723 fensionern.
1130 1689 1222 1717 Tertia
1252 1697 1328 1722 vero,
1353 1690 1426 1724 quod
1453 1688 1629 1724 Scorpionem
1654 1691 1713 1726 jam

929 1736 1010 1771 longo
1029 1742 1063 1763 ex
1089 1741 1212 1770 tempore
1235 1741 1393 1762 accusatum
1419 1736 1467 1770 qui
1486 1736 1589 1770 primas
1602 1743 1712 1770 semper

928 1786 1020 1819 partes
1035 1782 1063 1809 in
1078 1782 1174 1809 haeresi
1190 1782 1236 1809 illa
1245 1786 1398 1814 exerceret,
1428 1786 1455 1809 et
1470 1781 1498 1809 in
1528 1789 1608 1817 quem
1625 1783 1712 1810 multa

928 1829 1031 1863 scripta
1041 1829 1148 1863 vulgata
1160 1832 1224 1855 sunt
1251 1835 1266 1855 a
1288 1829 1355 1855 viris
1385 1828 1412 1855 in
1440 1833 1533 1856 monte
1559 1829 1709 1863 praeclaris.

928 1882 989 1910 quae
1008 1875 1096 1910 palam
1111 1879 1139 1901 et
1154 1874 1246 1902 adhuc
1256 1873 1382 1902 ﬂorentis
1397 1875 1548 1910 impietatis
1565 1881 1630 1902 eum
1646 1883 1712 1902 con-

927 1921 1139 1956 vicerunt.,ipse
1155 1928 1263 1954 semper
1277 1921 1395 1956 protegit
1405 1925 1434 1947 et
1460 1920 1555 1948 incitat
1565 1925 1594 1948 ut
1608 1929 1711 1956 propu-

928 1972 1024 2004 gnator
1039 1967 1083 1995 cui
1099 1967 1150 2003 ipsi
1168 1974 1222 1994 non
1255 1967 1441 2002 lmpugnatur,
1475 1971 1503 1995 et
1530 1973 1559 1995 ut
1580 1967 1709 1995 columna

928 2014 1122 2048 adamantina};
1145 2012 1220 2047 quod
1234 2012 1311 2040 vocis
1325 2013 1471 2040 tumultum
1491 2013 1547 2041 edit
1565 2018 1593 2041 et
1607 2018 1709 2041 terram

928 2060 997 2088 coelo
1015 2060 1173 2087 commiscet
1191 2064 1220 2086 et
1241 2065 1319 2086 more
1334 2059 1492 2086 insanorum
1511 2060 1611 2087 mentis
1625 2060 1711 2088 stabi-

927 2106 1032 2134 litatem
1059 2109 1193 2133 servatet
1218 2105 1293 2140 gravi
1325 2107 1515 2132 exsecratione
1539 2113 1634 2133 omnes
1661 2108 1710 2142 qui

927 2151 1002 2180 omni
1031 2151 1147 2179 crimine
1170 2151 1249 2179 vacui
1281 2156 1345 2178 sunt
1372 2151 1548 2184 condemnat,
1565 2157 1710 2187 propterea

87 2190 203 2225 γνώμης
221 2190 365 2225 ἱστάμενον
384 2190 562 2226 ἐλαυνόμενος
584 2191 632 2218 καὶ
653 2192 756 2224 πάντας
777 2193 876 2220 ἀναθέ-

929 2197 1000 2233 quod
1029 2197 1206 2232 Scorpionem
1230 2204 1362 2224 accusare
1388 2204 1442 2224 non
1473 2198 1579 2225 timent.
1606 2198 1710 2231 Quarta

89 2245 156 2271 ματι
176 2235 276 2271 μακρῷ
289 2235 492 2270 παραπέμπων,
510 2236 559 2271 οὐχ
573 2236 598 2262 οἵ
614 2236 718 2268 τούτοις
733 2237 871 2272 ἐνέχονται

87 2284 146 2313 τοῖς
169 2281 349 2316 ἐγκλήμασιν,
373 2281 431 2308 ἀλλ’
451 2280 477 2308 οἶ
506 2280 544 2316 τῷ
571 2282 697 2317 Σκορπίῳ
719 2283 872 2319 ἐνεχομένῳ

87 2328 238 2365 προφέρειν
262 2328 354 2364 ἥκιστ’
376 2329 496 2356 ὀκνοῦσι.
529 2329 584 2356 Καὶ
609 2330 736 2366 τέταρτον
762 2331 802 2357 ὅτι
828 2332 873 2357 καὶ

89 2377 172 2410 μέχρι
189 2374 235 2402 νῦν
251 2375 318 2410 ὁρᾷν
336 2374 505 2409 ἰσχυρίζεται
521 2376 567 2402 τὸν
590 2375 671 2410 μόνον
694 2376 873 2403 ἀναλλοίωτόν

86 2430 117 2447 τε
132 2422 179 2447 καὶ
196 2420 324 2447 ἄκτιστον
338 2420 415 2452 Θεὸν,
438 2420 495 2454 φῶς
513 2421 607 2455 ἕτερόν
623 2429 652 2447 τε
677 2422 726 2448 καὶ
744 2421 872 2448 ἄκτιστον

87 2467 120 2493 ἑκ
141 2465 294 2500 μεταϐολῆς
315 2465 384 2500 πρὸς
411 2466 441 2491 τὸ
468 2466 611 2500 ὑφειμένον
635 2467 778 2500 γινόμενον
797 2467 873 2502 αὐτῷ

86 2512 226 2547 τρυφῶντι
242 2512 289 2537 καὶ
313 2511 516 2546 βλακευομένῳ.
534 2511 625 2538 Ταῦτα
649 2512 681 2546 δὴ
707 2513 808 2546 πάντα,
826 2513 873 2540 καὶ¹

86 2559 112 2585 et
125 2567 152 2584 τι
175 2558 279 2584 τούτων
301 2557 440 2590 ἐπέκεινα,
457 2558 602 2593 προτάσεις
625 2560 701 2589 τινὰς
721 2559 873 2590 ἐκτιθέντες

87 2603 290 2639 ἀναμφιϐόλως
306 2604 546 2639 ἀναμφισϐήτητον
563 2605 599 2636 ὡς
615 2605 689 2636 εἰκὸς
711 2605 813 2639 ἐπῆγον
826 2606 872 2631 καὶ

86 2650 116 2676 τὺ
132 2650 330 2685 συμπέρασμα,
349 2650 420 2683 λέγω
435 2650 466 2686 δὴ
489 2651 519 2676 τὸ
542 2650 715 2677 Μασαλιανὺν
739 2651 872 2686 ὑπάρχειν

87 2697 168 2723 αὑτὸν
181 2696 212 2728 ἐξ
225 2697 311 2732 ἀρχῆς
326 2705 354 2722 τε
368 2695 415 2722 καὶ
427 2697 509 2731 μέχρι
523 2697 643 2732 τήμερον
660 2698 871 2732 ἀναμφίλεκτον·

87 2743 157 2770 εἶναι
171 2745 226 2778 γὰρ
243 2743 351 2777 ἀξίωμα
366 2743 445 2769 τοῦτο
469 2744 551 2770 πάλαι
569 2743 690 2779 κυρωθὲν
705 2745 760 2776 τοῖς
777 2754 804 2770 τε
825 2745 872 2771 Oti-

90 2791 170 2824 ραθεν
201 2791 248 2816 καὶ
273 2789 420 2824 ἡμετέροις
440 2789 493 2816 τῶν
519 2790 699 2823 διδασκάλων,
716 2791 744 2824 ἐξ
764 2791 872 2826 ἀληθῶν

88 2839 133 2865 καὶ
148 2835 358 2870 ὰναμφιλέκτων
373 2835 443 2869 ὅρων
458 2837 504 2862 καὶ
518 2837 675 2869 προτάσεως
689 2837 787 2871 ἀληθὲς
803 2838 870 2872 ὁμοῦ

929 2243 1059 2278 denque.
1089 2242 1161 2278 quod
1179 2242 1215 2270 ad
1240 2243 1313 2270 hunc
1329 2242 1399 2270 diem
1423 2243 1656 2279 comprehendere
1679 2253 1710 2274 se

929 2290 996 2318 dicit
1011 2289 1101 2316 solum
1117 2289 1315 2317 immutabilem
1331 2292 1361 2316 et
1373 2288 1524 2316 increatum
1545 2290 1640 2323 Deum,
1668 2291 1711 2318 lu-

928 2343 990 2363 men
1012 2335 1126 2362 alterum
1153 2340 1180 2362 et
1197 2335 1361 2367 increatnm,
1375 2340 1405 2362 ut
1429 2343 1462 2362 ex
1479 2336 1654 2363 translatione
1674 2337 1708 2363 ad

927 2383 1076 2417 subjectum
1089 2381 1241 2416 profectum
1260 2381 1384 2408 insolenti
1401 2381 1439 2408 illi
1456 2386 1483 2408 et
1502 2382 1633 2408 dementi.
1661 2382 1709 2410 llis

927 2436 992 2456 vero
1007 2432 1035 2454 et
1059 2427 1121 2454 aliis
1147 2427 1241 2454 multis
1267 2427 1500 2461 propositionibus
1524 2427 1636 2461 prolatis
1660 2428 1710 2454 mi»-

927 2475 1000 2502 nime
1011 2474 1114 2506 dubiis,
1133 2478 1163 2500 ut
1189 2476 1403 2500 consentaneum
1430 2477 1484 2505 est,
1502 2472 1710 2501 conclusionem

927 2527 982 2547 non
1002 2519 1112 2547 dubiam
1135 2518 1305 2552 adjecerunt,
1330 2517 1436 2545 scilicet
1464 2518 1533 2545 citra
1547 2523 1709 2547 controver-

927 2567 993 2594 siam
1008 2573 1081 2596 esse,
1093 2573 1155 2593 eum
1175 2563 1210 2591 ab
1225 2564 1305 2591 initio
1322 2569 1350 2591 et
1362 2564 1396 2591 ad
1414 2564 1440 2591 id
1455 2570 1564 2599 tempus
1587 2565 1710 2593 Masalia-

927 2619 968 2639 nte
1000 2611 1095 2638 haeresi
1116 2610 1254 2637 addictum
1284 2609 1378 2636 fuisse.
1406 2609 1464 2637 lloc
1493 2611 1567 2637 cnim
1602 2612 1709 2639 axioma

928 2657 1013 2684 valdc'
1024 2657 1167 2691 probatum
1184 2659 1226 2682 cst
1251 2660 1279 2682 et
1299 2656 1421 2683 externis
1448 2661 1476 2683 et
1491 2657 1592 2684 nostris
1622 2659 1708 2692 magi-

927 2704 1004 2736 stris,
1021 2711 1035 2730 c
1062 2703 1133 2730 veris
1149 2707 1243 2729 etnon
1267 2703 1400 2738 ambiguis
1417 2704 1650 2738 propositionibus
1661 2712 1709 2731 ve-

928 2759 983 2778 ram
999 2755 1026 2777 et
1039 2750 1192 2778 evidentem
1210 2750 1415 2778 conclusionem
1435 2752 1591 2779 necessario
1611 2760 1709 2779 consc-

926 2797 984 2832 qui.
1000 2797 1184 2829 Quamobrem
1203 2796 1274 2824 forte
1290 2797 1370 2833 546
1387 2803 1452 2825 tunc
1485 2798 1632 2832 episcopali
1664 2798 1708 2825 di-

927 2844 1028 2878 gnitttlc
1041 2851 1103 2870 eum
1117 2842 1297 2877 expulissent,
1315 2845 1365 2871 nisi
1380 2845 1515 2871 anxietate
1527 2844 1707 2878 ettimidilate
