1913 3062
108 111 160 142 585

582 109 802 140 ΒΥΖΛΝΉῩΗΕ
824 107 1012 138 ίίῐΞΤΟΙῖῐᾹί
1037 107 1109 137 LIB.
1126 107 1275 138 XXXVII.

1675 107 1727 139 46

107 168 252 204 πρόθεσιν,
268 169 342 202 λέξιν
355 166 439 195 οὖσαν
452 168 528 203 ὃλην,
542 167 747 203 παραξέσαντες
762 167 809 193 καὶ
823 165 892 201 πρὸς

948 165 1035 191 instar
1060 165 1209 196 facientes,
1229 166 1318 200 idque
1341 172 1403 193 cum
1429 168 1590 200 argumenta
1617 164 1673 192 sint
1699 166 1726 192 in

108 216 158 250 τὴν
177 215 251 241 κατὰ
268 215 490 250 μετενηνοχὸτες,
505 213 569 240 ἀντὶ
589 213 635 239 τοῦ
660 214 726 247 περὶ
738 212 785 238 τοῦ
803 212 890 245 φωτὸς

107 271 177 288 κατα
204 260 252 288 τοῦ
271 262 361 295 φωτὸς
391 260 612 296 μεθηρμόααντο,
642 258 773 292 etO-Spatia
796 257 893 283 παιδλ-

108 308 178 342 ρίοις
195 308 349 342 προσόμοια
378 306 506 340 δρῶντες,
533 303 680 331 καὶταῦτα
697 303 751 329 τῶν
774 303 892 337 ἐλέγχων

106 355 135 380 ἐν
162 353 312 388 ὀφθαλμοῖς
339 352 531 386 προκειμένων
559 351 602 377 διὰ
627 350 675 384 τῆς
701 350 764 384 ὅλης
788 350 892 380 ἐννοίας

105 400 152 426 τοῦ
171 398 252 432 λόγου
275 398 322 424 καὶ
347 398 401 424 τῶν
427 396 652 432 ἐπιχειρημάτων
667 395 735 428 ὁμοῦ
750 396 798 420 καὶ
812 396 892 429 ἐργα-

107 444 184 476 σιῶν,
198 443 261 470 καθ’
276 444 339 470 ὅσον
358 443 442 474 εἰκὸς,
459 442 507 468 καὶ
523 442 642 476 μάλιστα
663 441 717 467 τῶν
732 441 890 474 γραφικῶν,

105 492 153 516 καὶ
167 490 247 517 πάνθ’
266 490 316 516 ὅσα
329 490 368 524 τῷ
383 489 455 523 λόγῳ
470 489 600 523 πρόσεστι
616 487 681 522 περὶ
700 487 747 513 τοῦ
771 486 890 513 τοιούτου

106 534 206 567 φωτός.
233 533 316 560 Ἀλλὰ
329 532 417 559 ταῦτα
437 532 578 563 ποιοῦντες
592 531 654 557 οὔτε
671 531 801 565 βλάπτειν
818 531 892 565 ἡμᾶς

105 579 245 611 δύνανται,
264 579 312 605 καὶ
327 578 385 612 ἃμα
401 578 452 613 τὴν
477 573 615 611 σφετέραν
645 576 693 602 καὶ
720 576 832 607 ἄκοντες
855 576 891 606 ὡς

105 624 210 650 ἐπίπαν
233 623 410 658 ὁμολογοῦσιν
433 622 578 650 ἀσθένειαν
606 621 751 656 μονονουχὶ
763 621 889 655 βοῶντες,

104 668 152 695 καὶ
179 668 249 702 σφᾶς
283 668 384 699 αὐτοὺς
413 666 642 702 ἐκπομπεύοντες
661 666 697 697 ὼς
727 666 815 698 ἄλλως
841 667 891 692 οὐκ

104 713 215 748 ἔχοντες
240 713 415 739 ἀντιὸλέπειν
438 712 507 748 πρὸς
534 711 584 747 τὴν
602 712 745 747 ἀλήθειαν.
767 713 822 738 Καὶ
838 712 892 738 πά-

104 767 201 793 σχουσι
221 759 403 793 παραπλήσια
414 759 448 794 τῇ
463 758 511 785 τοῦ
526 758 655 785 Αἰσώπου
678 758 806 793 καμήλῳ,
819 757 836 793 ἠ
857 757 891 783 δι’

102 804 248 830 ἀσθένειαν
262 803 384 838 ἔμφυτον
409 804 535 838 κεράτων
560 803 737 838 ἀμυντηρίων
758 803 893 838 ἐπιθυμή-

103 859 188 881 σασα,
219 850 265 877 καὶ
297 851 350 876 τῶν
387 849 460 878 ἰδίων
486 848 563 876 ὢτων
589 849 743 884 ἐστέρηται.
765 849 818 875 Καί
847 857 893 883 μοι

101 894 199 920 λοιπὸν
217 894 322 920 οἴεσθαι
347 893 465 925 ἔπεισιν,
480 893 517 924 ὡς
542 893 615 927 ξίφει
629 893 679 928 τὴν
695 894 765 928 ἐμὴν
780 893 892 927 ἀφελεῖν

102 940 227 974 κεφαλὴν
240 939 289 966 καὶ
303 940 353 974 τῆς
368 939 512 974 παρούσης
524 939 681 970 ἀπαλλάξαι
697 938 770 974 ζωῆς
781 939 810 965 ὲν
827 938 893 974 βρα-

101 987 145 1020 χεῖ
161 985 302 1020 ἐφιέμενοι
320 985 381 1019 μὲν,
392 985 422 1011 οὐ
438 984 590 1018 δυνάμενοι
601 984 641 1017 δὲ,
659 985 746 1019 τάμὰ,
762 984 809 1011 τὸν
831 983 893 1011 δεύ-

100 1038 183 1064 τερον
210 1029 305 1062 πλοῦν,
329 1029 559 1062 ὑποκλέπτοντες,
582 1030 731 1064 μαχαίραις
747 1028 893 1062 ἀποξέουσί

101 1084 131 1102 τε
159 1075 208 1102 καὶ
233 1074 437 1101 ἀπαλλάττουσι
465 1074 534 1109 πρὸς
557 1073 587 1101 τὸ
607 1074 686 1109 σφίσι
709 1073 891 1109 βουλόμενον,

102 1123 162 1148 ἔστι
186 1121 209 1148 δ’
229 1121 274 1148 ὅτε
297 1120 344 1147 καὶ
367 1120 459 1156 βυθοῖς
484 1120 648 1155 ἀφανισμῶν
672 1120 894 1155 πρύτανεύουσιν

101 1169 166 1194 ὅσον
179 1167 210 1194 τὸ
228 1166 290 1194 κατ’
305 1167 415 1199 αὐτοὺς,
434 1167 459 1193 εί
481 1166 529 1193 καὶ
546 1165 646 1200 ἄλλως,
661 1166 712 1201 τῆς
728 1167 803 1197 θείας
819 1167 895 1194 ἅντι-

102 1213 280 1249 πραττούσης
295 1213 396 1246 δεξιᾶς,
412 1212 527 1248 καιρίαν
539 1220 569 1238 τε
583 1211 745 1248 ἐπλήγησαν
759 1212 892 1244 πολλάκις

104 1259 152 1286 καὶ
178 1259 223 1285 ἀεὶ
257 1258 424 1294 πλήττονται
453 1258 502 1285 καὶ
528 1257 605 1285 λύκοι
637 1258 727 1293 μάτην
747 1258 893 1293 κεχηνότες

101 1306 257 1332 δείκνυνται
273 1305 344 1332 κατὰ
358 1305 407 1339 τὴν
421 1304 581 1340 παροιμίαν.
590 1303 654 1341 [269
665 1314 682 1331 α
709 1304 803 1336 Οὕτως
816 1305 895 1331 ἀναί-

101 1352 180 1378 δειαν
192 1351 282 1378 πᾶσαν
301 1350 455 1378 ἑνδέδυνται
473 1350 521 1377 καὶ
531 1348 599 1386 ἦθος
615 1351 712 1386 ίταμδν
729 1350 777 1377 καὶ
787 1350 893 1385 οὐδαμῆ

102 1406 171 1425 ποτε
194 1397 412 1432 ὑπισχνούμενον
439 1397 489 1432 τὴν
517 1396 671 1431 διόρθωσιν.
687 1396 752 1424 Δέον
773 1397 827 1433 γὰρ
843 1397 894 1423 αὺ-

102 1444 168 1472 τοϋε
184 1443 367 1470 καταδύεσθαι
385 1442 433 1468 καὶ
448 1441 592 1478 έρυθριᾷν,
603 1442 627 1468 οί
640 1442 670 1469 δὲ
683 1442 730 1469 καὶ
745 1443 893 1476 ἀναισχυν-

103 1489 183 1516 τοῦσι
200 1497 243 1521 γε,
260 1488 294 1515 τὰ
319 1488 406 1521 μείζω
421 1496 450 1514 τε
474 1488 522 1515 καὶ
550 1487 730 1524 χαλεπώτερα
751 1488 822 1514 κατὰ
836 1488 891 1515 τῶν
907 1504 928 1534 c

103 1536 191 1570 ἐμῶν,
217 1535 254 1566 ὡς
281 1534 402 1569 εἴρηται,
419 1534 468 1560 νῦν
494 1542 523 1560 τε
546 1534 665 1569 δρῶντες
691 1534 739 1561 καὶ
763 1533 831 1569 δρᾷν
847 1534 892 1560 ἀεὶ

103 1581 281 1612 ἀπειλοῦντες
297 1580 351 1611 ἔτι,
370 1580 484 1615 μηδεν³ις
499 1579 583 1607 ἕνεκα
598 1580 707 1611 πάντως
723 1579 819 1614 ἐτέρου
837 1579 892 1606 τῶν

103 1629 218 1655 πάντων
232 1627 249 1663 ἢ
263 1627 327 1658 τοὺς
343 1626 471 1653 ἐντεῦθεν
486 1626 616 1661 ἐλέγχους
637 1627 681 1653 ἀεὶ
702 1626 828 1657 δεδιότες.
848 1625 892 1658 Ὧς

103 1673 311 1709 ἀναγκάζεσθαι
332 1673 405 1708 κάμὲ
423 1673 578 1708 παραινεῖν,
595 1669 635 1704 οἷς
653 1672 776 1707 μετιέναι
791 1671 893 1703 ταύτας

103 1721 197 1747 ἔπεισι
214 1720 302 1755 φίλοις
319 1716 394 1746 οὖσιν
411 1718 492 1754 ἡμῶν
510 1718 580 1753 μετὰ
600 1715 738 1753 τὴν”ὲμὴν
753 1718 892 1754 τελευτὴν,

104 1766 200 1802 ζητεῖν
214 1766 262 1792 καὶ
278 1764 461 1801 παρατιθέναι
475 1765 526 1796 τὰς
541 1764 612 1796 τέως
627 1764 721 1796 αὐτοῖς
735 1764 787 1791 ἀνὰ
801 1766 896 1799 χεῖρας

104 1813 215 1847 ἑτέραις
226 1811 333 1846 ὁμοίαις
344 1810 391 1837 καὶ
401 1810 502 1845 ὁμοίως
518 1809 563 1844 ὑφ’
578 1809 724 1845 ἡμετέρων
740 1818 897 1846 μετεγγρα-

104 1858 215 1893 φείσαις
229 1857 318 1893 ὀρθῶς
335 1856 485 1892 φοιτητῶν,
503 1857 551 1884 καὶ
564 1857 686 1892 σννορᾷν
697 1857 798 1884 οὑτωσὶ
812 1857 896 1893 τάλη-

104 1904 163 1936 θές.
182 1903 220 1931 Τὸ
235 1903 291 1938 γὰρ
313 1903 434 1930 τοιοῦτον
451 1902 539 1938 ἔγωγε
565 1902 625 1933 δέος
640 1902 831 1937 προκαθιστὰς
848 1903 897 1930 καὶ

944 211 1032 238 oculis
1057 216 1171 246 propter
1186 215 1270 237 totam
1289 211 1424 238 sermonis
1440 210 1623 238 intentionem
1640 216 1666 237 et
1687 210 1728 236 in-

944 262 1022 290 cepta
1039 262 1066 283 et
1084 257 1174 283 studia
1187 277 1193 288 ,
1211 261 1240 283 ut
1257 261 1473 284 consentaneum
1503 261 1545 284 est
1559 265 1566 288 ;
1581 257 1608 282 in
1633 256 1728 290 primis

943 305 1034 328 autem
1062 306 1174 336 propter
1202 301 1350 335 Scriptum-
1378 301 1555 332 testimonia,
1583 305 1610 327 et
1637 300 1728 326 omnia

945 354 1006 381 qum
1022 355 1084 374 cum
1102 354 1231 373 sermone
1249 347 1282 373 dc
1301 347 1347 373 illo
1363 347 1453 380 φωτὸς
1476 351 1542 373 sunt
1566 346 1724 379 conjuncta.

944 392 996 419 Sed
1014 393 1066 419 hoc
1082 398 1193 426 agentes
1211 392 1291 419 nobis
1304 392 1403 419 obesse
1417 399 1472 418 non
1487 395 1620 425 possunt,
1634 390 1730 417 simul-

943 445 996 472 que
1013 438 1101 464 coaeti
1120 442 1184 464 sunt
1201 446 1252 464 ttna
1266 446 1361 464 omnes
1373 445 1449 464 suam
1466 437 1587 471 ipsorum
1606 435 1729 463 inliJL‘Cli-

943 483 1046 511 litatcrn
1064 484 1203 518 propalam
1222 491 1361 514 accusare,
1373 488 1400 510 et
1412 487 1499 509 semet
1513 483 1587 517 ip~os
1601 482 1627 508 in
1643 482 1727 508 risum

943 530 1018 561 dare,
1034 529 1111 564 quasi
1134 529 1214 556 aliter
1235 536 1289 555 non
1315 530 1418 563 possint
1439 528 1548 555 obtueri
1573 529 1727 554 veritatem.

944 576 1040 610 Itaque
1059 576 1150 602 simile
1164 575 1229 609 quid
1245 574 1444 608 accidit/Esopi
1460 573 1563 600 camelo
1577 593 1584 604 ,
1600 573 1646 607 qui
1667 580 1729 606 pro-

944 626 1004 656 pter
1021 622 1140 648 innatam
1161 620 1374 648 imbecillitatem
1393 627 1495 646 cornua
1525 618 1726 654 propulsatoria

943 667 1155 701 concupiscens,
1174 666 1290 694 auribus
1306 666 1430 701 privatus
1444 671 1496 692 est.
1514 666 1552 692 Ac
1574 665 1640 692 mihi
1663 665 1727 691 reli—

942 721 1028 748 quum
1045 718 1087 740 est
1100 718 1130 740 ut
1144 713 1255 740 credam
1273 713 1362 748 gladio
1387 720 1434 739 eos
1447 716 1530 747 caput
1554 721 1645 741 meum
1658 720 1728 746 pne-

943 759 1037 786 cidere
1056 767 1156 794 meque
1177 763 1315 793 praesente
1338 759 1394 785 vita
1415 759 1524 793 privare
1545 758 1614 785 velle
1629 766 1636 790 ;
1654 757 1726 792 quod

945 813 1008 833 cum
1028 813 1084 833 non
1101 805 1226 840 possint,
1254 811 1329 831 meas
1356 812 1399 831 res
1421 804 1543 831 secundo
1567 810 1650 830 vento
1673 804 1730 829 sur-

945 851 1075 879 fnrantur
1102 856 1130 878 ct
1155 851 1305 878 corradunt
1325 851 1457 880 cultellis.
1471 855 1497 877 ct
1518 850 1676 876 distrahunt
1696 857 1729 876 ex

943 898 1069 925 arbitrio.
1085 897 1289 932 Nonnunquam
1314 901 1404 923 autem
1418 897 1500 924 etiam
1516 896 1542 923 in
1560 897 1614 923 imo
1629 896 1731 923 distur-

943 943 1064 971 bationis
1080 947 1197 978 regnant
1214 951 1264 977 pro
1282 942 1356 969 virili
1374 948 1469 977 parte,
1488 949 1645 976 quanquam
1663 941 1730 968 alias

944 989 991 1016 Dei
1007 988 1102 1016 dextra
1116 989 1254 1015 contraria
1272 988 1407 1015 moliente
1420 987 1452 1014 ad
1469 992 1583 1014 mortem
1601 987 1647 1014 icti
1665 992 1731 1014 sunt

943 1041 1016 1069 saepe
1040 1040 1069 1061 et
1093 1033 1186 1061 adhuc
1211 1041 1321 1068 semper
1338 1033 1476 1061 feriuntur
1494 1038 1522 1061 et
1545 1033 1730 1062 ostenduntur

944 1084 1075 1114 tanquam
1093 1080 1148 1114 lupi
1167 1080 1268 1107 frustra
1285 1081 1410 1113 hiantes,
1432 1081 1503 1114 quod
1529 1086 1570 1107 est
1594 1080 1621 1108 in
1648 1081 1730 1116 549

943 1125 1101 1160 proverbio.
1120 1125 1165 1153 Sic
1179 1125 1256 1153 omni
1273 1126 1444 1161 impudentia
1459 1126 1549 1154 induti
1567 1131 1632 1154 sunt
1646 1132 1673 1154 ct
1688 1128 1730 1153 in-

944 1171 1025 1207 genio
1055 1173 1126 1199 truci
1144 1172 1219 1207 quod
1235 1180 1375 1207 nunquam
1394 1173 1493 1208 corrigi
1511 1181 1592 1208 posse
1611 1174 1729 1200 videtur.

943 1217 1012 1245 Cum
1033 1218 1108 1245 enim
1130 1219 1242 1253 proprie
1260 1226 1309 1246 eos
1326 1219 1480 1246 submissos
1500 1226 1561 1246 esse
1581 1224 1608 1246 et
1627 1220 1730 1246 erube—

944 1271 1021 1291 scere
1036 1268 1182 1298 oporteat,
1200 1264 1377 1299 impudentes
1392 1269 1456 1291 sunt
1471 1268 1499 1291 et
1512 1265 1639 1299 graviora
1654 1266 1731 1299 pejo-

946 1317 1033 1344 raque
1051 1311 1079 1337 in
1097 1317 1140 1336 me
1156 1314 1186 1336 ut
1202 1310 1308 1336 dictum
1326 1314 1369 1337 est
1385 1318 1458 1336 nunc
1474 1315 1559 1344 agunt
1576 1315 1604 1337 et
1619 1318 1731 1346 semper

944 1362 1027 1389 agere
1044 1355 1185 1381 minantur
1202 1359 1318 1389 propter
1332 1354 1435 1382 nullam
1447 1355 1560 1382 omnino
1574 1356 1654 1382 aliam
1667 1363 1732 1382 cau-

944 1407 1003 1427 sam
1018 1407 1101 1434 quam
1117 1399 1190 1434 quod
1208 1400 1416 1428 criminationes
1431 1400 1494 1428 inde
1516 1400 1627 1434 timent,
1644 1400 1684 1428 ita
1701 1407 1731 1428 ut

944 1449 996 1481 ego
1010 1454 1121 1481 quoque
1135 1451 1249 1473 coactus
1265 1446 1316 1473 sim
1333 1466 1340 1478 ,
1356 1446 1454 1474 amicis
1471 1454 1588 1481 quorum
1602 1448 1657 1474 erit
1671 1453 1732 1482 post

945 1497 1061 1518 mortem
1083 1499 1171 1518 meam
1186 1498 1218 1518 ea
1234 1491 1309 1518 adire
1322 1511 1329 1523 ,
1347 1492 1464 1519 suadere
1491 1496 1520 1518 ut
1543 1492 1685 1527 inquirant
1704 1499 1733 1520 et

944 1542 1113 1572 comportant
1126 1537 1277 1572 Scriptura:
1289 1538 1458 1573 exemplaria
1471 1546 1532 1573 qua:
1545 1545 1608 1565 cum
1623 1539 1735 1567 caneris

944 1583 1084 1611 similibus
1102 1585 1267 1619 transerlpta
1284 1585 1340 1612 sint
1353 1590 1381 1612 et
1393 1585 1505 1620 quidem
1521 1590 1596 1612 recte
1619 1585 1677 1613 haec
1697 1587 1735 1613 alr

945 1630 1058 1657 asseclis
1074 1631 1177 1657 nostris
1187 1651 1196 1665 ,
1214 1635 1243 1658 et
1258 1630 1295 1658 ita
1312 1635 1343 1658 ut
1354 1631 1514 1659 discernant
1528 1640 1634 1659 verum.
1652 1631 1734 1660 Hunc‘

944 1676 1018 1703 enim
1042 1676 1169 1703 timorem
1192 1683 1256 1703 cum
1277 1684 1327 1712 ego
1349 1677 1554 1712 protexuisscm
1575 1682 1603 1705 et
1617 1678 1732 1713 longius

945 1722 973 1749 in
990 1714 1034 1750 me
1049 1723 1211 1750 excitassem
1224 1744 1230 1754 ,
1251 1723 1352 1750 tradidi
1370 1731 1402 1750 ea
1420 1731 1481 1758 quae
1496 1725 1581 1751 variis
1599 1725 1732 1751 transu‘ia

945 1768 1090 1803 ptionibus
1114 1768 1289 1796 diversarum
1306 1776 1437 1796 tnanuum
1453 1770 1523 1797 bene
1539 1770 1734 1797 exercitarum

947 1813 1138 1841 scriberentur
1153 1815 1253 1849 partim
1268 1822 1328 1849 qua:
1344 1814 1496 1842 domeslico
1514 1815 1541 1842 in
1558 1823 1610 1842 usu
1624 1821 1730 1849 essent,

947 1860 1050 1894 partim
1077 1868 1139 1895 quae
1166 1861 1262 1888 amicis
1282 1862 1442 1897 rogantibus
1470 1862 1628 1896 thesaurus,
1647 1869 1677 1891 ut
1693 1865 1731 1892 ita

946 1905 1050 1939 dicam,
1064 1910 1158 1934 essent
1174 1913 1251 1933 sacer
1268 1912 1296 1934 et
1311 1907 1486 1935 inviolabilis.

103 1952 252 1988 πόρρωθεν
287 1949 510 1986 προανασοϐὦν,
544 1949 766 1982 πολλαπλασίαις
802 1951 873 1979 αὐτὰ
907 1952 1045 1988 διαφόρων
1078 1956 1285 1990 μετεγγραφαϊς
1317 1955 1459 1982 ἐδεδώκειν
1485 1957 1586 1991 χειρῶν
1613 1958 1731 1992 γράφειν

103 1999 194 2034 ὀρθῶς
210 1998 386 2033 ἠσκημένων.
412 1997 431 2024 ἃ
460 1997 511 2031 μὲν
537 1996 649 2029 οἰκείοις
665 1996 855 2032 ἀναλώμασιν,
893 1999 911 2026 ἃ.
945 2000 972 2027 δὲ
995 2001 1083 2036 φίλοις
1110 2001 1305 2037 αἰτησαμένοις
1335 2002 1376 2033 είς
1402 2002 1530 2036 ⁸ιελοῦτον,
1561 2004 1643 2039 φάναι
1669 2005 1731 2031 κατ’

104 2048 218 2078 αὐτοὺς,
239 2046 312 2080 ιερόν
333 2053 363 2070 τε
382 2045 429 2070 καὶ
445 2043 554 2070 ἄσυλον.

141 2096 171 2123 l'.
195 2094 267 2122 Ἀλλ’
293 2095 323 2121 ἐν
338 2093 471 2124 τοιούτοις
484 2093 678 2129 ἀσχολουμένῳ
704 2102 734 2120 τε
762 2094 810 2121 καὶ
828 2103 894 2129 μοχ-

106 2143 200 2170 θοῦντι
214 2142 253 2176 τῷ
270 2142 388 2176 Παλαμᾷ
398 2141 428 2167 τὸ
452 2140 499 2167 τοῦ
519 2140 578 2175 βίου
594 2141 684 2176 πέρας
709 2140 789 2176 ἐπῄει
820 2141 893 2176 μάλα

107 2190 209 2225 πικρόν
222 2196 248 2215 τι
263 2187 312 2214 καὶ
329 2188 469 2222 αἴσχιστον
480 2195 487 2202 ·
500 2187 539 2222 τῷ
547 2187 601 2222 γὰρ
614 2187 726 2222 συνήθει
741 2187 896 2222 περιπετὴς

107 2235 231 2270 γεγονὼς
246 2235 320 2268 ίλεῷ,
333 2234 382 2267 τῆς
397 2234 553 2269 ἀνατροπῆς
560 2233 661 2268 δηλαδὴ
676 2233 731 2260 τῶν
743 2235 771 2260 ὲν
788 2235 821 2270 τῇ
838 2243 896 2261 κοι-

106 2283 154 2318 λίᾳ
170 2282 264 2308 an:in
279 2281 335 2308 ἄνω
348 2280 393 2306 διὰ
411 2279 459 2306 τοῦ
473 2280 621 2314 στόματος,
636 2280 683 2305 καὶ
704 2280 772 2314 πρός
786 2288 818 2314 γε
844 2288 896 2314 μα-

107 2328 200 2354 νιώδει
229 2327 375 2362 φρενίτιδι,
395 2325 491 2360 βιαίως
519 2324 591 2352 οὓτω
616 2325 664 2351 καὶ
695 2325 757 2351 λίαν
787 2325 896 2359 πικρῶς

108 2371 258 2409 ἀπιρῥάγη
275 2370 322 2397 τοῦ
333 2370 394 2406 ζῇν.
419 2370 544 2396 Κᾶπειτα
570 2369 595 2396 οἱ
615 2369 776 2404 αἱρεσιῶται
802 2369 850 2395 καὶ
871 2370 895 2396 οε

111 2419 230 2454 μάλιστα
245 2418 353 2452 γνήσιοι
369 2416 418 2443 καὶ
428 2414 592 2449 οἰκότριϐες,
607 2415 646 2450 τῷ
663 2424 692 2441 τε
712 2414 897 2449 φιλοδοξοῦντι

110 2464 310 2498 καθελκόμενοι
322 2462 371 2497 τῆς
385 2462 498 2496 γνώμης
514 2462 560 2488 καὶ
573 2461 632 2496 ἅμα
644 2461 674 2487 τὸ
689 2462 830 2496 αἴσχιστον
846 2461 896 2497 τῆς

109 2510 241 2545 τελευτῆς
254 2508 405 2536 καλύπτειν
419 2508 591 2538 σπεύδοντες,
607 2507 757 2534 ἀντίπαλον
770 2507 810 2543 τῷ
824 2517 896 2543 συμ-

110 2558 189 2584 ϐάντι
204 2557 300 2591 φήμην
313 2556 364 2582 ἀνὰ
379 2554 428 2589 τὴν
444 2554 520 2581 πόλιν
548 2553 752 2588 Θεσσαλονίκην
786 2554 897 2590 ἐξήνεγ-

110 2603 162 2628 κάν
177 2609 208 2626 τε
223 2601 270 2627 καὶ
285 2599 484 2634 περιήνεγκαν,
499 2598 537 2629 ὡς
554 2596 616 2632 ἱῷτο
629 2598 774 2632 νοσήματα
790 2599 837 2624 καὶ
851 2598 898 2624 θεο

113 2646 228 2684 ραπεύοι
243 2645 428 2680 πυρέττοντας
450 2644 498 2671 καὶ
531 2643 680 2678 φυγαδεύοι
705 2644 823 2679 πληγὰς,
850 2644 898 2670 καὶ

111 2692 226 2720 τοιαῦτα
242 2691 312 2719 ἄττα
329 2689 536 2724 ἁλλοπρόσαλλά
546 2697 577 2715 τε
602 2690 648 2716 καὶ
667 2689 782 2725 ἔκφυλα,
806 2690 844 2721 ὡς
864 2689 898 2717 ἂν

112 2736 150 2773 τῷ
165 2736 315 2772 τερατώδει
331 2734 383 2770 τῆς
399 2735 493 2769 φήμης
503 2734 771 2769 ἀντιπερισπάσαιέν
784 2742 814 2760 τε
830 2733 898 2769 πρὸς

112 2784 143 2810 τὸ
157 2784 208 2818 τῆς
227 2780 387 2816 ἐκπλήξεως
402 2779 474 2814 μάλα
488 2779 646 2814 καινότερον
661 2779 712 2814 τὴν
734 2778 830 2813 ἀκοὴν,
851 2778 900 2805 καὶ

113 2828 338 2865 ἀπασχολήσαιεν
353 2825 449 2861 πόρρω
471 2825 568 2862 κομιδῇ
599 2825 733 2860 τάληθοῦς
762 2826 810 2852 καὶ
837 2825 899 2853 ὅποι

986 2094 1018 2122 Χ.
1043 2093 1096 2122 Sed
1112 2095 1215 2122 interea
1229 2101 1312 2129 apere
1326 2099 1353 2123 et
1367 2095 1457 2123 labore
1471 2101 1602 2131 occupato
1616 2097 1732 2127 Palamm

949 2141 1013 2168 vita:
1034 2140 1126 2168 exitus
1147 2140 1295 2167 admodum
1316 2141 1432 2168 acerbus
1449 2146 1477 2169 et
1497 2143 1584 2176 turpis
1603 2145 1731 2178 advenit,

914 2182 933 2208 ἰ)
949 2193 1012 2212 cum
1027 2185 1161 2212 incideret
1175 2185 1201 2212 in
1213 2190 1373 2213 consuetum
1387 2186 1516 2214 morbum
1540 2188 1662 2222 iliacum,
1677 2198 1732 2224 quo

947 2230 1000 2258 cibi
1028 2238 1061 2258 ex
1085 2231 1163 2258 alveo
1189 2239 1237 2265 per
1262 2240 1293 2258 os
1317 2232 1540 2266 retrudebantur,
1555 2238 1583 2260 et
1603 2234 1628 2260 in
1653 2242 1732 2261 men-

948 2278 983 2304 tis
997 2276 1126 2304 delirium
1138 2297 1145 2308 ,
1161 2277 1198 2304 ita
1213 2281 1243 2304 ut
1254 2277 1390 2306 violenter
1404 2283 1432 2306 et
1446 2279 1544 2306 acerbe
1556 2288 1571 2307 e
1583 2280 1637 2307 vita
1653 2281 1733 2308 abre-

947 2325 1011 2356 ptus
1025 2321 1070 2348 sit.
1087 2321 1189 2349 Deinde
1206 2329 1272 2349 vero
1288 2321 1410 2349 haeretici
1427 2322 1473 2357 qui
1492 2323 1609 2350 maxime
1623 2324 1730 2358 cognati

947 2371 975 2394 et
995 2367 1117 2395 consocii
1138 2367 1216 2403 ejus,
1237 2369 1340 2402 quique
1359 2369 1462 2403 pariter
1482 2368 1562 2402 550
1581 2373 1662 2403 atque
1684 2370 1729 2396 ille

948 2413 1041 2448 gloriae
1054 2413 1146 2448 cupidi
1159 2418 1245 2445 erant,
1256 2421 1317 2440 cum
1331 2415 1435 2440 obitum
1447 2415 1506 2447 ejus
1519 2414 1731 2448 ignominiosum

947 2459 1078 2494 obtegere
1098 2459 1363 2491 studerentJamam
1380 2459 1418 2486 rei
1431 2461 1595 2486 contrariam
1616 2468 1664 2494 per
1684 2469 1731 2488 nr-

949 2505 1012 2532 bent
1027 2505 1255 2533 Thessalonicam
1268 2504 1433 2539 evulgabant
1446 2509 1474 2531 ct
1489 2504 1731 2539 circumferebant,

950 2555 1080 2586 tanquam
1102 2550 1261 2579 mederetur
1285 2549 1332 2577 iile
1350 2550 1454 2577 morbis
1473 2555 1501 2577 et
1518 2557 1627 2578 sanaret
1648 2551 1731 2578 rebui-

949 2597 1060 2624 culosos
1078 2601 1105 2624 et
1127 2600 1267 2623 averteret
1289 2596 1381 2631 plagas
1401 2600 1430 2623 et
1451 2596 1608 2631 liujusmodi
1627 2597 1679 2624 alia
1696 2599 1733 2624 si-

949 2643 1024 2670 milia
1039 2647 1067 2670 ct
1085 2642 1210 2670 inaudita
1226 2650 1232 2668 :
1254 2646 1284 2670 ut
1300 2641 1463 2669 miraculosa
1480 2643 1550 2669 tanta
1569 2650 1650 2670 aures
1666 2651 1732 2671 con-

950 2693 1091 2716 verterent
1116 2687 1149 2715 ad
1168 2687 1318 2714 novitatem
1345 2688 1466 2722 portenti
1494 2693 1522 2716 et
1543 2688 1576 2716 de
1597 2688 1733 2716 industria

951 2734 1047 2769 procul
1059 2741 1073 2761 a
1086 2742 1151 2761 vero
1164 2733 1355 2761 abstrahcrcnt
1368 2741 1422 2769 quo
1435 2738 1556 2762 manaret
1567 2734 1645 2762 fama:
1657 2743 1734 2763 men-

952 2780 1070 2807 dacium.
1084 2779 1136 2806 Sed
1149 2779 1207 2805 haec
1217 2779 1309 2807 omnia
1320 2785 1492 2807 evanuerunt
1511 2785 1539 2807 et
1555 2781 1632 2815 quasi
1653 2785 1735 2808 vento

952 2825 1054 2853 dimata
1083 2824 1216 2860 temporis
1247 2833 1392 2862 progressu
1422 2825 1537 2853 refutatu
1563 2831 1637 2853 sunt.
1663 2826 1733 2853 Nam
