1913 3062
98 128 141 159 43]

545 125 770 156 ΒΥΖᾹΝΤΙΝΑΞ
791 124 986 154 HiSTORI/E
1003 125 1076 154 LlB.
1100 123 1250 155 XXXVII.

1646 126 1698 157 490

94 184 252 220 ἡγεῖιθαίτε
267 184 400 220 αἱρέσεων
419 184 466 210 καὶ
484 184 574 210 πάντα
589 184 657 218 δρᾷν
675 184 709 209 τὰ
737 181 864 216 χαλεπώ-

932 190 946 208 n
965 181 1139 208 anathemata
1157 181 1308 210 incidentes
1319 201 1326 214 ,
1343 181 1370 208 in
1387 187 1518 209 aeternum
1535 182 1625 218 Tgnem
1645 184 1698 211 sint

93 240 155 259 τατα
169 231 228 258 κατ’
243 231 379 264 ἐξουσίαν,
390 232 437 258 καὶ
446 232 503 266 ἃμα
515 230 650 266 ἐρεθίζειν
661 229 689 261 ἐς
701 238 732 263 γε
742 229 771 255 τὸ
779 229 861 254 πλάτ-

914 227 1038 255 demissi.

93 289 144 307 τειν
162 280 254 315 ἁγίους
268 280 438 315 αὐθημερὸν,
466 280 512 305 καὶ
533 279 610 306 ταῦτ’
630 278 750 309 ἐκείνους
776 277 800 303 οἳ
836 276 885 310 τὴν
904 276 952 310 τῆς
983 275 1112 310 λατρείας
1129 277 1279 311 ἠγεμονίαν
1294 275 1391 310 ἐκείνῳ
1403 283 1432 302 τε
1455 276 1631 308 ὲκδεόώκασι,
1657 279 1700 303 καὶ

97 330 162 360 ἄπας
179 329 278 360 αὐτοὺς
296 329 344 355 καὶ
355 329 411 363 βίος
425 329 472 355 καὶ
484 328 562 360 λόγος
578 329 626 354 καὶ
639 326 741 362 πρᾶξις
768 326 816 352 τοῦ
830 325 885 351 τῶν
903 323 1053 360 ὁρθοδόξων
1081 325 1166 351 πάλαι
1188 324 1317 359 διέγραφε
1339 333 1368 350 τε
1388 325 1435 350 καὶ
1464 324 1586 359 περιεῖλε
1607 325 1701 360 χοροῦ,

95 378 134 404 ἵνα
150 379 186 413 μὴ
201 378 311 409 ὁπόσοις
329 377 401 411 liga»
418 377 463 403 καὶ
476 377 520 411 ὑφ’
536 375 674 413 samem
691 373 869 410 πατριαρχῶν
885 381 915 399 τε
949 374 998 399 καὶ
1028 372 1187 399 ἐπισκόπων
1205 373 1344 407 φυομένης
1361 373 1410 408 ἤδη
1425 373 1474 407 τῆς
1490 373 1624 408 αἱρέσεως
1640 376 1702 402 ἀνα-
1753 398 1755 401 ‹

94 424 202 458 Θέμασιν
231 424 400 457 ὲμπεοόντες
430 422 469 457 τῷ
495 421 599 457 αἰωνίῳ
618 421 687 456 πυρὶ
710 419 961 455 παρεπέμφθησαν.

127 481 221 517 [£270
239 481 268 516 α]
290 482 339 508 lA’.
365 481 418 508 Καὶ
441 481 526 508 ταῦτα
552 481 600 515 μὲν
615 480 711 507 τοῦτον
734 479 796 513 ἔσχε
823 478 869 504 τὸν

92 528 197 562 τρόπον’
210 527 266 561 ἐγὼ
276 527 298 553 δ’
316 529 404 554 ἐκεῖνο
419 526 630 561 ἐπαναλήψομαι
645 526 703 552 vim.
720 525 752 551 Οἱ
771 525 825 559 γὰρ
839 523 869 549 τὸ

93 574 284 607 Γαλατὼνυμον
320 567 429 608 ἔχοντες
452 573 593 608 φρούριον,
613 572 705 605 ἑξότου
740 570 870 606 βραχείας

92 617 195 652 ἐκείνης
210 617 239 649 ἐξ
252 617 352 651 ἀλόγου
363 618 450 652 φορᾶς
466 617 513 643 καὶ
528 616 680 651 παραδόξου
693 615 776 650 τύχης
791 614 870 647 ἐδρά-

93 659 168 694 ξαντο
189 663 327 698 ἀφορμῆς,
351 663 401 698 τῆς
420 671 450 688 τε
471 662 572 697 δηλαδὴ
593 662 647 688 τῶν
666 661 739 688 δυοῖν
766 659 873 693 Ἀνδρο-

92 708 168 734 νίκων
181 709 236 734 τῶν
252 708 384 742 βασιλέων
399 708 578 742 διαστάσεως,
598 707 699 742 μᾶλλον
713 706 737 734 δ’
751 707 873 732 ὁποστο-

93 754 147 785 σίας
164 754 210 780 τοῦ
232 755 292 781 νέου
311 754 380 789 πρὸς
397 754 443 780 τὸν
461 755 562 781 οἰκεῖον
577 754 700 783 πάππον.
717 753 764 779 καὶ
775 749 808 778 αὖ
823 751 873 785 τῆς

93 799 228 833 δευτέρας,
255 799 288 834 ἢν
309 791 480 834 τεθνηκότων
506 799 619 826 ἐκείνων
649 798 720 824 κατὰ
742 797 790 824 τοῦ
810 795 873 822 νέου

94 842 221 876 βασιλέως
236 843 283 868 καὶ
295 842 343 877 τῆς
357 842 403 869 τοῦ
414 843 473 868 νέου
494 842 596 877 μητρὸς
613 843 628 869 ό
643 841 871 876 Καντακουζηνὸς

93 889 229 921 κεκίνηκε,
246 887 428 920 παντοδαποῖς
444 889 491 915 καὶ
505 888 637 919 ποικίλοις
653 888 740 919 δόλοις
751 887 871 919 ἐκείνους

94 935 139 968 μὲν
164 935 307 969 πρότερον,
322 934 434 966 τούτους
461 934 484 961 δ’
507 933 633 969 ὕστερον,
646 935 825 969 ἐπαγγελίαις
841 942 872 960 τε

92 980 178 1007 ἄλλοτ’
206 979 301 1010 ἄλλαις
332 980 495 1015 περιιόντες,
524 981 615 1008 ὁποῖαι
644 981 690 1007 καὶ
726 981 787 1007 ὂσαι
815 981 872 1012 τοῖς

91 1027 218 1057 τοιούτοις
242 1026 381 1061 ἣρμοττον
405 1027 530 1061 καιροῖς,
560 1026 669 1061 βουλαῖς
699 1026 799 1061 δηλαδὴ
825 1026 873 1052 καὶ

92 1072 231 1107 χρήμασιν
243 1071 443 1108 ἀφθονωτέροις
465 1075 513 1099 καὶ
535 1073 705 1108 συμμαχίαις
720 1072 873 1103 ὁπλιτικαῖς

92 1118 137 1144 καὶ
155 1118 287 1149 τοιούτοις
303 1117 336 1152 δή
353 1126 425 1145 τισιν
449 1118 497 1152 (ἐῶ
513 1118 567 1154 γὰρ
585 1118 674 1152 λέγειν
695 1119 743 1145 καὶ
755 1118 813 1149 οἵας
828 1119 874 1144 ἐπὶ

92 1164 194 1195 τούτοις
218 1163 371 1198 λεληθότως
402 1163 483 1199 δῆθεν
507 1164 659 1198 ὑπέφαινον
683 1164 733 1196 τὰς
758 1165 874 1197 ἀπειλὰς

93 1209 151 1236 καθ’
166 1207 204 1236 ὧν
220 1210 237 1244 ἠ
253 1209 340 1236 πειθὼ
351 1209 443 1244 χώραν
457 1209 544 1236 ἐνίοτε
563 1210 658 1246 ῥᾳδίαν
673 1210 723 1245 οὐχ
737 1209 873 1245 εὕρισκε),

92 1256 137 1281 καὶ
151 1255 198 1281 νῦν
219 1255 268 1290 μὲν
285 1255 391 1290 θατέρῳ
411 1255 620 1291 προστιθέμενοι
639 1256 718 1290 μέρει
734 1257 781 1282 καὶ
804 1256 875 1291 πρὸς

93 1301 205 1335 θάτερον
232 1301 312 1333 αὖθις
335 1301 581 1336 ταλαντευόμενα,
610 1302 658 1328 καὶ
686 1302 729 1328 ἀεὶ
760 1301 874 1336 θάτερον

93 1346 167 1381 παρὰ
196 1346 312 1380 θάτερον
338 1345 485 1380 ἀμοιϐαδὸν
506 1344 707 1378 ἐξαπατῶντες,
736 1345 794 1376 πῶς
826 1345 875 1380 μὲν

93 1393 181 1418 ἑκοντὶ
198 1391 254 1423 πῶς
268 1392 289 1418 δ’
305 1392 335 1417 οὐ
353 1391 425 1425 μάλα
444 1391 547 1422 ἑκοντὶ,
562 1391 612 1426 τῆς
623 1389 671 1417 τοῦ
685 1389 782 1425 καιροῦ
797 1398 876 1424 περι-

93 1437 216 1467 στάσεως
233 1437 326 1471 ποῤῥω
343 1436 389 1462 τοῦ
401 1436 507 1466 δέοντος
530 1435 694 1471 ἐλαυνούσης
715 1435 761 1462 τὸν
775 1435 876 1470 δρόμον

91 1481 144 1508 τῶν
164 1481 321 1516 ἀνηκόντων
346 1477 434 1515 λόγων
462 1481 508 1507 καὶ
534 1480 671 1514 πράξεων,
691 1480 787 1506 ἔλαθον
812 1481 876 1511 τοὺς

92 1527 211 1558 οικείους
225 1527 305 1561 ὅρους
320 1527 352 1552 ἐκ
369 1527 440 1553 πάνυ
463 1534 490 1552 τι
514 1526 640 1557 εὐτελοῦς
663 1534 693 1552 τε
715 1526 764 1552 καὶ
775 1534 879 1560 χαμαι-

93 1573 176 1607 ζήλου
200 1572 329 1607 περιοχῆς
353 1571 525 1602 ἐκτείναντες
555 1579 584 1597 τε
612 1571 658 1598 καὶ
688 1571 880 1607 ὀχυρώσαντες

94 1619 204 1653 πρῶτον
232 1617 281 1652 μὲν
310 1616 426 1650 ξυλίνοις
457 1617 513 1643 τισὶ
541 1616 666 1652 θριγκοῖς
693 1617 740 1643 καὶ⁹
764 1617 879 1652 τάφροις

96 1664 230 1698 βαθείαις,
243 1663 338 1689 ἔπειτα
363 1663 483 1697 τείχεσιν
512 1661 623 1697 ὑψηλοῖς
647 1671 677 1688 τε
700 1662 746 1688 καὶ
773 1662 881 1697 ὀχυροῖς

93 1709 141 1734 καὶ
167 1706 444 1740 δυσανταγωνίστοις.
468 1705 608 1732 Ἐντεῦθεν
637 1706 795 1741 ὁρμώμενοι
817 1707 880 1736 τοὺς

93 1753 144 1786 τῆς
170 1751 274 1782 οἰκείας
299 1751 455 1783 πλεονεξίας
478 1751 559 1787 ὄρους
581 1751 651 1778 κατὰ
676 1751 768 1787 χώραν
788 1752 880 1786 μένειν

93 1799 141 1834 ἐᾷν
167 1798 275 1832 οὐδαμῆ
289 1806 321 1832 γε
336 1798 503 1831 ἐγνώκεσαν,
522 1797 581 1825 ἀλλ’
596 1797 657 1831 ἐφ“ά
672 1798 777 1832 ἑτέροις
797 1799 879 1833 ἕτερα

94 1845 226 1871 ἐπενόουν
249 1845 296 1870 καὶ
319 1844 516 1879 προσετίθεσαν
532 1843 596 1876 ξένα
613 1852 641 1869 τε
660 1844 707 1870 καὶ
728 1844 878 1879 ὑπέρογκα.

96 1891 179 1917 Ὅθεν
211 1890 259 1916 καὶ
282 1890 331 1925 τῆς
357 1890 453 1926 τρίτης
480 1890 597 1924 ταυτησὶ
623 1889 716 1916 λοιπον
750 1891 880 1925 ἀφορμῆς

93 1937 273 1971 δραξάμενοι,
302 1936 353 1970 τῆς
382 1935 430 1962 τοῦ
453 1936 683 1971 Καντακουζηνοῦ
709 1945 781 1971 φημι
812 1936 882 1971 πρὸς

95 1982 281 2015 ιίαλαιολόγον
309 1983 356 2008 τὸν
375 1981 434 2008 νέον
458 1982 522 2017 περὶ
547 1983 698 2017 μοναρχίας
724 1983 821 2017 ἔριδος,
842 1981 881 2016 τῷ

93 2028 147 2062 νέῳ
165 2027 404 2062 προσεληλύθεσαν
427 2028 556 2063 ἑξορίστῳ
574 2028 642 2060 τέως
664 2029 763 2061 είπεϊν,
778 2028 882 2062 Τενέδῳ

91 2073 248 2108 τηνικαῦτα
264 2075 295 2108 τῇ
319 2074 393 2108 νήσῳ
408 2074 615 2108 ὲνδιατρίὸοντι,
634 2074 681 2100 καὶ
699 2074 790 2109 ὅρκοις
811 2081 882 2109 προ-

92 2121 304 2157 καταδήταντές
319 2128 349 2146 τε
365 2120 412 2146 καὶ
427 2120 581 2155 γράμματα
598 2121 666 2154 πρὸς
685 2120 758 2148 ἁπαν
775 2120 881 2146 ἐκεῖθεν

90 2169 122 2194 τὸ
145 2168 311 2203 βουλόμενον
329 2166 481 2201 εἰληφότες,
495 2166 582 2201 λλθρα
607 2166 752 2201 ἐπέραινον
772 2167 814 2201 ἐφ’
840 2163 881 2198 οἷς

74 2235 76 2245 ι
91 2213 290 2248 ἐμισθώθησαν
308 2212 356 2238 τοῦ
371 2212 465 2238 λοιποῦ
482 2212 624 2248 προθυμίᾳ
645 2213 721 2247 πάσῃ
732 2211 821 2247 ψυχῆς
836 2213 882 2238 καὶ

64 2251 72 2257 θ
91 2261 190 2291 ὅπλοις
204 2259 254 2286 καὶ
269 2259 408 2294 χρήμασιν
423 2258 592 2293 ἀφειδοῦσιν.
609 2258 647 2286 Οὐ
664 2259 744 2293 μόνον
760 2259 798 2292 δὲ,
813 2258 883 2286 ἀλλὰ

91 2308 142 2332 xzi.
161 2306 277 2336 Λατῖνος
288 2305 382 2340 ἕτερος
400 2304 491 2338 σφίσιν
504 2304 640 2339 όμόφυλός
656 2313 684 2331 τε
701 2305 749 2332 καὶ
761 2304 885 2340 ὁμογνώ-

94 2361 169 2386 μων,
185 2352 250 2386 μίαν
262 2350 331 2385 ἔχων
346 2351 446 2385 τριήρη
460 2351 506 2376 καὶ
522 2349 580 2384 βίον
593 2350 754 2384 πειρατικὸν
769 2350 882 2385 μετιὼν,

93 2397 152 2423 κὰκ
167 2396 297 2422 τοιούτων
311 2395 404 2430 πόρων
426 2394 558 2426 πλουτῶν,
580 2394 674 2430 ὥσπερ
687 2396 794 2430 ἐρμαίῳ
815 2405 883 2431 χρη-

93 2441 217 2477 σάμενος
234 2441 280 2466 καὶ
298 2441 377 2471 αὐτὸς
393 2439 431 2474 τῷ
446 2439 546 2473 καιρῷ,
559 2440 619 2470 ταῖς
636 2440 744 2474 ὁμοίαις
762 2440 882 2474 ἐπαγγε-

92 2489 167 2517 λίαι;
181 2487 230 2521 τὴν
243 2485 355 2520 γνώμην
370 2485 417 2511 καὶ
429 2485 510 2516 αὐτὸς
525 2485 663 2519 χειροῦται
676 2485 722 2512 τοῦ
737 2485 882 2520 βασιλέως,

92 2534 206 2567 ἰε-μέδίρ
228 2534 262 2567 τῇ
287 2533 362 2567 νήσῳ
391 2531 549 2566 προσσχών.
571 2531 654 2558 Ὅθεν
674 2532 721 2558 καὶ
747 2533 885 2568 μοναρχή-

93 2587 198 2609 σαντος
221 2578 268 2604 τοῦ
292 2578 353 2604 νέου
371 2575 486 2604 ’τουτουί
510 2576 643 2611 βασιλέως
660 2577 755 2613 ἐντελῆ
771 2579 806 2605 τὰ.
819 2579 885 2606 ὑπε-

93 2625 227 2660 σχημένσ.
252 2625 377 2659 ἑκάτεροι
401 2624 601 2658 ἀπειλήφεσαν.
625 2624 649 2650 οἱ
684 2624 734 2658 μὲν
762 2624 808 2651 τὸν
836 2625 883 2652 τοῦ

959 477 1006 504 Χι.
1015 478 1101 512 Atque
1112 477 1167 504 haec
1176 477 1284 511 quidem
1296 478 1440 505 liaclenns.
1449 479 1506 505 J.tm
1518 487 1583 506 vero
1591 488 1624 507 co
1634 481 1705 507 unde

923 523 1058 550 declinavi
1073 528 1203 550 revertar.
1222 523 1272 556 Qui
1287 524 1442 551 Galararum
1469 526 1610 552 castellum
1626 525 1706 561 553

925 568 1053 595 tenebant
1066 568 1128 596 inde
1139 569 1172 595 ab
1183 577 1216 596 eo
1226 574 1347 604 tempore
1360 578 1413 604 quo
1422 571 1524 605 exiguae
1533 571 1606 599 illius
1618 579 1650 599 ex
1659 573 1706 599 ab-

924 613 1005 640 surda
1019 621 1101 640 causa
1116 619 1142 641 et
1155 614 1297 649 inopinato
1308 623 1371 642 casu
1384 621 1484 643 exorta:
1493 617 1588 650 prima;
1604 617 1708 645 discor-

921 658 972 685 diae
986 663 1013 685 et
1024 659 1208 686 contentionis
1224 664 1325 694 aperta:
1349 660 1432 695 impp.
1447 661 1589 688 amborum
1602 662 1708 690 Andro-

922 703 1048 730 uicorum
1076 708 1180 738 partem
1205 705 1344 738 feceram,
1367 706 1410 732 vel
1435 707 1527 741 potius
1549 707 1708 735 rebellionis

918 749 1037 784 junioris
1066 756 1161 777 contra
1192 759 1284 784 avum,
1307 757 1335 779 et
1362 759 1459 780 rursus
1481 753 1609 780 secundae
1625 762 1708 788 quant

922 795 1041 822 mortuis
1071 796 1127 823 illis
1140 801 1233 824 contra
1248 798 1377 832 juvenem
1398 798 1463 832 imp.
1481 803 1508 825 et
1529 798 1638 833 juvenis
1652 807 1711 826 ma-

887 833 909 861 Β
924 844 993 867 trem
1007 840 1217 869 Cantacuzenus
1234 849 1369 874 moverat.
1388 844 1470 871 variis
1489 844 1582 871 multis
1601 849 1629 872 et
1645 852 1709 872 ver-

925 887 995 915 sutis
1007 888 1112 915 artibus
1123 888 1185 915 illos
1196 888 1284 923 prius,
1297 889 1348 915 hos
1359 895 1465 924 postea,
1475 894 1504 917 et
1516 891 1710 925 promissioni-

926 933 979 959 bus
995 932 1089 960 multis
1100 933 1328 967 circumiverunt,
1340 935 1435 969 quales
1447 940 1475 962 et
1487 942 1595 970 quantm
1607 941 1712 971 tempo-

925 977 1004 1005 ribus
1013 978 1068 1006 illis
1081 979 1294 1013 conveuiebant,
1303 980 1408 1008 scilicet
1416 982 1538 1009 consiliis
1547 987 1574 1009 et
1587 984 1712 1017 pecuniis

926 1027 967 1049 sat
981 1024 1086 1058 magnis
1097 1028 1125 1051 et
1135 1017 1223 1059 copiis
1234 1025 1398 1053 militaribus
1410 1031 1438 1053 et
1448 1027 1510 1054 aliis
1534 1027 1711 1062 hujusmodi;

925 1069 1006 1096 mitto
1016 1070 1090 1096 enim
1101 1069 1192 1097 dicere
1204 1075 1321 1104 quantas
1330 1071 1356 1097 in
1368 1071 1411 1099 his
1422 1073 1490 1099 clam
1500 1073 1588 1101 minas
1597 1074 1712 1102 fecerim

926 1118 1023 1141 contra
1039 1122 1109 1150 quos
1128 1116 1273 1150 persuasio
1292 1116 1431 1144 interdum
1450 1118 1519 1145 nihil
1538 1119 1664 1152 valebat,
1682 1125 1712 1148 et

928 1167 998 1194 quas
1029 1168 1103 1188 nunc
1121 1162 1199 1189 alteri
1218 1163 1287 1197 parti
1309 1163 1485 1198 inferebant,
1504 1173 1578 1193 nunc
1593 1166 1627 1193 ad
1643 1166 1713 1194 alte-

929 1213 987 1232 ram
993 1205 1184 1240 devolvebant,
1195 1210 1368 1242 etiquomodo
1379 1210 1512 1238 continuo
1524 1211 1637 1239 alteram
1651 1217 1714 1247 post

928 1251 1041 1279 alteram
1054 1252 1232 1288 decipientes,
1241 1255 1323 1282 modo
1335 1255 1368 1283 iis
1377 1263 1430 1283 non
1442 1257 1544 1289 invitis.
1555 1257 1636 1285 modo
1644 1258 1715 1286 invi-

929 1297 965 1324 tis
972 1304 1035 1324 cum
1050 1299 1180 1333 temporis
1193 1299 1314 1327 rationes
1328 1301 1410 1328 verba
1420 1302 1492 1328 ultra
1505 1302 1616 1329 modum
1629 1303 1699 1330 nuda
1708 1318 1715 1323 -

929 1342 970 1369 cia
982 1347 1010 1369 et
1022 1343 1094 1371 facta
1110 1344 1300 1378 admitterent,
1312 1346 1443 1380 paulatim
1457 1348 1637 1381 possessionis
1657 1355 1714 1374 suae

931 1387 1068 1415 terminos
1083 1395 1116 1415 ex
1132 1394 1251 1423 angusto
1265 1395 1292 1418 et
1307 1391 1405 1425 exiguo
1421 1391 1525 1418 ambitu
1540 1393 1716 1420 extcnderiut

929 1437 957 1459 et
983 1433 1170 1465 muniverint,
1193 1434 1314 1468 primum
1334 1434 1445 1469 quidem
1464 1435 1562 1470 ligneis
1582 1435 1668 1470 septis
1685 1441 1715 1463 et

931 1478 1012 1505 fossis
1027 1479 1170 1513 profundis
1182 1500 1190 1512 ,
1204 1480 1306 1508 deinde
1321 1488 1387 1508 vero
1401 1481 1490 1508 muris
1504 1482 1568 1509 altis
1583 1487 1611 1509 et
1626 1482 1713 1509 firmis

930 1531 959 1554 et
985 1525 1031 1552 vix
1048 1526 1289 1561 expugnabilibus.
1306 1527 1374 1554 lline
1388 1527 1491 1555 factum
1507 1534 1548 1556 est
1575 1533 1605 1555 ut
1619 1529 1713 1564 cupidi

931 1573 1118 1610 possessionis
1151 1573 1350 1608 amplificanda:
1368 1574 1502 1601 terminos
1519 1574 1553 1601 ad
1576 1575 1715 1602 modicum

932 1619 1065 1646 ambitum
1084 1618 1253 1646 constituere
1269 1625 1324 1645 non
1339 1618 1395 1653 jam
1413 1619 1439 1646 in
1457 1620 1549 1647 animo
1564 1619 1714 1653 haberent,

931 1665 979 1693 sed
997 1665 1049 1693 alia
1067 1670 1130 1700 post
1146 1664 1227 1700 554
1242 1665 1294 1692 alia
1309 1665 1361 1692 sibi
1378 1671 1560 1699 exposcerent
1575 1673 1604 1694 et
1617 1668 1716 1703 adjun-

931 1717 1029 1748 gerent
1046 1712 1136 1739 aliena
1152 1716 1180 1739 et
1194 1719 1279 1746 super
1295 1712 1405 1739 modum
1423 1720 1531 1748 magna.
1546 1713 1637 1746 Quare
1653 1723 1716 1741 cum

931 1759 1014 1786 etiam
1030 1758 1129 1788 tertiae.
1143 1766 1205 1793 qua:
1219 1759 1300 1794 paulo
1314 1763 1377 1793 post
1388 1764 1484 1786 exorta
1500 1765 1558 1792 est,
1573 1760 1635 1787 dico
1646 1760 1719 1788 Can-

933 1804 1057 1832 tacuzeni
1078 1805 1104 1831 in
1124 1803 1306 1840 Palmologum
1321 1797 1459 1839 juniorcm
1478 1812 1589 1840 propter
1606 1814 1717 1834 monar-

934 1852 1036 1884 cliiam,
1068 1859 1177 1878 causam
1214 1852 1330 1887 amplexi
1368 1852 1500 1885 fuissent,
1525 1859 1553 1881 et
1588 1855 1716 1889 juvenem

933 1897 1067 1924 adiissent
1085 1897 1131 1932 qui
1155 1898 1232 1924 exsul
1252 1898 1278 1924 in
1299 1897 1410 1925 Tenedo
1432 1899 1520 1926 insula
1541 1900 1718 1931 morabatur.

933 1949 960 1971 et
975 1943 1159 1979 jurejurando
1179 1944 1231 1970 sibi
1249 1944 1418 1979 obligassent
1435 1951 1461 1972 et
1479 1946 1587 1973 litteras
1604 1946 1667 1973 inde
1683 1947 1717 1974 ad

933 1997 1042 2017 omnem
1059 1989 1228 2016 voluntatem
1245 1990 1433 2024 accepissent,
1451 1990 1522 2017 clam
1540 1993 1718 2025 perfecerunt

934 2043 985 2071 pro
1001 2035 1102 2070 quibus
1119 2035 1249 2062 conducti
1263 2041 1343 2062 erant
1357 2044 1420 2063 cum
1438 2037 1520 2064 toaius
1536 2037 1620 2064 animi
1637 2038 1718 2065 obse-

933 2081 999 2115 quio
1026 2085 1055 2107 et
1089 2081 1173 2107 armis
1211 2085 1239 2108 et
1270 2081 1402 2116 pecuniis.
1448 2081 1501 2109 Sed
1530 2090 1585 2110 non
1618 2083 1646 2110 iii
1673 2091 1718 2111 so-

933 2127 1110 2159 lutn,verum
1127 2127 1211 2154 etiam
1229 2126 1343 2154 Latinus
1359 2128 1429 2155 alter
1443 2135 1505 2155 cum
1523 2129 1577 2156 iiiis
1592 2135 1673 2164 gente
1688 2135 1716 2157 et

935 2174 1028 2201 animo
1047 2173 1211 2208 coniunctus
1223 2195 1229 2205 ,
1246 2175 1294 2208 qui
1311 2181 1391 2200 unam
1409 2174 1546 2201 triremem
1565 2175 1675 2202 tenebat
1690 2183 1719 2202 ei.

939 2220 1019 2246 vitam
1065 2219 1210 2254 piraticam
1253 2220 1367 2255 degebat
1397 2225 1424 2247 et
1454 2220 1598 2248 latrocinio
1641 2221 1719 2248 dives

937 2266 1026 2292 factus
1039 2269 1098 2292 erat
1108 2286 1116 2297 .
1133 2270 1256 2300 tempore
1271 2265 1324 2292 isto
1337 2271 1491 2300 opportuno
1505 2270 1634 2300 tanquam
1647 2267 1719 2294 dono

937 2309 1044 2338 ccelesti
1067 2314 1159 2342 utens,
1177 2311 1313 2338 similibus
1330 2311 1560 2345 promissionibus
1575 2312 1642 2346 imp.
1657 2313 1718 2338 ani-

939 2364 1013 2382 mum
1051 2355 1103 2382 sibi
1132 2356 1271 2388 devinxit,
1294 2356 1406 2384 Tenedo
1443 2356 1538 2384 insula:
1563 2358 1718 2392 appellens.

939 2401 1012 2428 unde
1035 2401 1146 2436 utrique
1160 2410 1174 2427 κ
1188 2401 1298 2436 juniore
1321 2401 1388 2435 imp.
1409 2401 1445 2428 ibi
1465 2407 1596 2436 regnante
1623 2410 1721 2438 magna
1765 2435 1766 2439 η

938 2446 1072 2481 promissa
1088 2451 1259 2480 acceperant,
1272 2450 1299 2472 et
1312 2446 1350 2472 illi
1366 2446 1477 2480 quidem
1491 2447 1597 2474 castelli
1615 2449 1718 2475 mcenia

939 2492 966 2518 in
983 2491 1184 2526 longitudinem
1207 2497 1235 2518 et
1257 2492 1430 2519 latitudinem
1449 2498 1582 2526 quantum
1600 2493 1657 2520 fieri
1673 2502 1720 2528 po-

939 2537 991 2564 tuit
1010 2536 1193 2564 extenderunt
1208 2545 1303 2564 versus
1319 2538 1492 2565 occidentem
1508 2543 1537 2564 et
1553 2541 1720 2574 septentrio-

938 2590 1001 2609 nem
1030 2587 1057 2609 et
1084 2581 1238 2614 orientem;
1257 2583 1301 2610 hic
1326 2591 1390 2610 vero
1420 2584 1592 2618 imperatoris
1617 2586 1721 2613 sororis

937 2635 1055 2662 sponsus
1069 2628 1158 2655 factus
1173 2634 1215 2655 est
1230 2633 1257 2655 et
1271 2628 1390 2656 Lesbum
1406 2629 1522 2657 insulam
1537 2631 1654 2666 accepit.

93 2671 234 2708 φρουρίου
266 2670 407 2703 περιόολον
434 2670 475 2700 εἰς
500 2669 588 2704 μῆκος
616 2670 664 2695 καὶ
696 2670 797 2701 πλάτος
811 2671 880 2698 νόσον
904 2674 1030 2700 πλεῖστον
1049 2674 1112 2708 ἐξῆν
1130 2675 1279 2708 ηὐξηκότες
1298 2675 1330 2710 [ί.
1346 2675 1398 2702 270
1416 2675 1455 2711 (7.]
1478 2677 1545 2712 πρός
1578 2686 1608 2703 τε
1640 2677 1718 2704 δύσιν

94 2722 146 2747 καὶ
172 2719 274 2754 ἄρκτον
296 2717 470 2761 Xai..é(t;)1‘).6
485 2718 513 2743 δὲ
548 2717 672 2752 γαμϐρὸς
697 2718 741 2745 ἐπ’
759 2719 862 2754 ἀδελφῇ
877 2720 916 2755 τῷ
936 2721 1041 2756 βασιλεί
1068 2725 1205 2754 καταστὰς
1234 2723 1280 2750 καὶ
1306 2723 1363 2758 ἅμα
1389 2724 1492 2750 Λέσϐον
1515 2724 1564 2760 τὴν
1582 2725 1664 2759 νῆσον
1680 2725 1720 2755 εἷς

94 2767 204 2802 προῖκα
219 2764 318 2791 λαόὼν.

134 2824 189 2852 IB'.
207 2823 326 2850 Τοιαῦτα
339 2825 387 2849 καὶ
397 2823 468 2850 οὕτω
479 2824 637 2858 πολύτροπα
646 2825 689 2851 διὰ
701 2825 793 2860 βιαίας
803 2825 886 2860 ἀνάγ-

264 2874 396 2903 Ρλτιιυι..
419 2873 476 2903 Gn.
501 2873 640 2905 CXLlX.

975 2825 1123 2853 Xll.Tanta
1141 2831 1166 2853 et
1182 2831 1236 2854 tam
1253 2827 1328 2854 varia
1346 2830 1458 2862 propter
1472 2827 1585 2855 nimiam
1600 2828 1720 2856 necessi-

1522 2880 1557 2910 16
