1913 3067
51 159 104 190 605

499 164 667 194 SCIIOLlA
691 165 734 195 IN
751 166 950 197 SYNESIUM
969 166 1018 198 DE
1038 165 1252 198 lNSOMNIlS.

1624 166 1685 199 606

51 216 198 248 τοιούτοις.
214 218 284 253 Φησὶ
305 221 353 248 καὶ
374 221 388 246 ὁ
404 220 552 252 Πλωτῖνος,
578 221 620 248 ὅτι
641 222 690 256 οὐχ
710 222 840 257 ἡπροαί-
855 225 878 254 Λ
894 223 1029 256 ἅπαντας,
1055 223 1202 255 πλουσίους
1232 223 1281 250 καὶ
1303 222 1433 258 πένητας,
1450 222 1550 258 ἄνδρας
1572 223 1620 249 καὶ
1634 231 1684 257 γυ·

53 270 142 295 ρεσις,
166 262 221 289 οὐδ’
237 264 251 290 δ
264 264 344 297 λόγος
365 265 417 292 ὑπὸ
437 266 570 300 μουσικῆς
590 266 606 300 ἦ
622 266 751 301 γοητείας
767 267 843 293 ἕλκε-

49 307 95 333 ταί
121 317 198 340 ποτε,
213 310 270 335 ἀλλ’
287 311 302 344 ἡ
326 310 424 344 ἄλογος
450 311 536 346 ψυχή.
554 307 778 345 Καίτοοφιλοῦσι
793 321 843 339 κα-

49 353 192 389 λούμενοι,
218 356 271 382 κᾶν
288 356 327 390 μὴ
342 357 424 383 τοῦτο
449 357 582 385 αίτῶνται
595 365 603 373 ’
620 357 676 384 οὐδ’
694 359 760 384 ὅταν
777 367 843 393 γοη-

49 399 116 435 non
135 409 189 432 τις,
207 401 315 428 σύνεσιν
335 403 349 428 ό
364 403 565 437 γοητευόμενος
579 403 648 438 ξχει,
672 403 727 429 οὐδ’
745 403 842 430 αίσθά-

49 454 137 478 νεται,
163 447 232 473 ἀλλὰ
252 448 388 482 γινώσκει
402 448 452 484 ἤδη
471 449 568 475 παθὼν
588 449 628 476 ὃτι
643 449 789 479 πέπονθεν.
805 450 842 481 ὡς

49 491 89 523 τὸ,
109 493 172 519 ἐπεὶ
190 493 238 520 καὶ
254 494 282 520 αί
296 494 424 521 τοιαῦται
438 496 535 530 φύσεις
549 494 604 521 τῶν
626 495 764 530 δαιμόνων
779 502 844 529 γοηο

49 539 142 570 τείαις
160 540 206 565 καὶ
238 541 357 576 ἐπῳδαῖς
373 542 519 576 ἡττῶνται,
536 541 660 576 δηλονότι
688 541 738 567 καὶ
762 538 844 567 αὗται

50 584 151 618 ἄλογον
168 586 263 620 ἔχουσι
280 586 383 621 ψυχὴν,
405 588 453 614 καὶ
471 587 611 621 σύνθεσιν,
628 587 677 615 καὶ
691 588 788 623 πάχος.

85 633 232 666 Μοχλειᾳ.
252 632 297 664 Ὠς
316 633 341 659 oi
360 633 498 665 τέκτονες.

84 677 286 712 Βιαζομένοις.
298 679 493 714 Τυραννοῦσιν,
506 679 709 713 ἀναγκάζουσιν
737 678 845 714 ἀνθρώ-

52 732 133 756 πους.

91 769 275 805 Ἐνέργειαν.
305 771 362 806 Τῆς
392 771 581 806 πολυασχό).ου
608 772 670 798 ἐκεῖ
697 771 843 806 μαντικῆς,

48 816 116 842 ἔνθα
135 817 267 851 δυσχερὲς
283 818 486 853 συμπεριάγειν
501 818 536 846 τά
561 818 630 854 πρὸς
646 819 697 853 τὴν
712 818 844 853 μαντείαν

51 864 196 898 ἐπιτήδεια
214 864 330 899 ὄργανα.

83 910 258 937 Βασκιίνου.
273 910 414 944 Φθονερῶν
431 919 511 937 τινων
527 910 655 938 πολιτῶν.

90 958 276 991 Ἀρχομένης
297 957 360 984 ’Υπ’
376 957 459 984 αὑτοῦ
477 957 592 988 πόλεως.

91 1003 249 1036 Ἀνοήτου.
271 1003 400 1038 ’Δνοήτου
421 1004 475 1039 γὰρ
499 1003 533 1029 ἂν
553 1003 608 1037 εἴη,
634 1003 727 1037 φησὶν,
744 1002 841 1037 ἀνδρ³ς

52 1049 258 1084 ἀποκηρύττειν
282 1051 314 1076 ὲκ
333 1050 384 1084 τῆς
405 1049 562 1085 ἀρχομένης
581 1048 724 1075 ὑπἀὐτοῦ
736 1049 842 1079 πόλεως

47 1093 79 1119 τὸ
94 1093 247 1124 καθεύδειν,
263 1093 331 1120 διότι
346 1094 477 1120 ἀδύνατον
496 1093 576 1120 τοῦτὸ
590 1102 631 1126 γε.
654 1093 695 1121 Οὐ
718 1093 799 1128 μόνον
813 1093 841 1118 δέ

50 1147 134 1174 φησιν
152 1139 281 1173 ἀνοήτου,
297 1139 364 1166 ἀλλὰ
379 1140 426 1166 καὶ
441 1139 567 1171 ἀσεὸοὖς,
593 1139 661 1166 διότι
678 1139 788 1164 ἐναντία
802 1138 842 1172 τῷ

50 1183 110 1218 Θεῷ
125 1184 172 1210 καὶ
193 1185 226 1220 τῇ
256 1184 338 1218 φύσει
362 1184 516 1218 νομοθετεῖ.
531 1184 586 1210 Καὶ
610 1184 665 1218 γὰρ
679 1184 726 1210 καὶ
745 1185 758 1209 ὁ
776 1183 843 1213 Θεὸς

49 1230 98 1258 καὶ
113 1232 130 1265 ἡ
149 1230 231 1265 φύσις
260 1231 383 1265 μεγάλην
410 1231 457 1257 καὶ
483 1230 703 1264 ἀναγκαιοτάτην
725 1229 775 1264 τὴν
795 1230 842 1254 σύ-

50 1284 146 1302 στασιν
160 1276 200 1309 τῷ
216 1275 278 1309 ζὼῳ
294 1276 439 1310 ὲνέσπειρε
452 1275 482 1301 τὸ
496 1275 652 1302 καθεύδειν.
671 1275 750 1301 Ἐπεὶ
762 1274 839 1308 γοῦν,

50 1324 146 1357 φησὶν,
158 1322 308 1357 ἀπεδείχθη
319 1322 359 1349 ὅτι
376 1323 525 1356 ἀναγκαῖον
540 1321 684 1348 καθεύδειν
699 1321 822 1351 ἅπαντας
832 1340 839 1351 ,

50 1370 98 1395 καὶ
125 1368 308 1400 καθεύδοντας
334 1369 450 1403 ὀνείρων
476 1368 599 1402 γίνεσθαι
629 1368 743 1399 θεατὰς,
765 1367 841 1398 ἄξιον

49 1414 83 1441 ἂν
97 1414 140 1450 εἴη
170 1415 217 1440 καὶ
237 1414 284 1440 ἐπὶ
311 1414 362 1449 τὴν
387 1413 420 1440 δι’
452 1413 566 1449 ὀνείρων
593 1414 669 1439 ίέναι
706 1412 840 1448 μαντικὴν

49 1509 97 1529 sua
113 1505 221 1536 sponte,
234 1500 332 1535 partim
349 1507 413 1527 vero
435 1500 527 1527 invita:
544 1499 644 1527 talibus
658 1498 741 1526 rebus
756 1503 841 1525 attra-

50 1548 155 1574 huntur
173 1546 417 1581 pclliciunturque.
432 1545 478 1572 Ait
506 1545 578 1572 enim
606 1544 731 1572 Plotinus
752 1551 840 1578 neque

47 1593 163 1620 liberant
178 1592 356 1623 voluntatem,
376 1599 464 1625 neque
482 1591 617 1617 rationem
635 1597 650 1616 a
675 1589 778 1616 musica
794 1593 842 1615 aut

47 1639 234 1666 ludificatione
259 1646 379 1672 unquam
403 1636 514 1669 attrahi,
538 1636 586 1664 sed
611 1635 729 1663 animam
755 1635 840 1662 ratio-

49 1687 92 1713 nis
106 1689 259 1720 expertem.
276 1684 437 1718 Quanquam
448 1687 541 1710 amant
557 1681 676 1714 invitari,
689 1681 755 1708 licet
767 1681 841 1707 istud

49 1721 161 1758 "linit.th
177 1730 340 1764 deposcant.
363 1729 458 1763 Neque
485 1727 597 1763 quando
614 1726 714 1761 aliquis
734 1725 840 1761 praesti-

48 1779 99 1812 giis
116 1777 229 1811 decipit,
242 1775 466 1811 perspicientiam
484 1783 516 1802 ac
526 1773 669 1810 judicandi
688 1773 742 1800 vim
762 1772 843 1799 habet

49 1825 93 1852 ille
113 1824 219 1850 datmon
240 1823 287 1857 qui
302 1821 462 1855 imposturis
479 1820 613 1852 eluditur,
632 1826 721 1854 neque
746 1818 840 1850 sentit,

49 1874 75 1896 at
91 1869 276 1903 exploratum.
295 1867 377 1894 habet
390 1866 445 1901 jam
462 1865 605 1892 lacessitus
621 1872 651 1891 se
666 1864 842 1891 incommodo

49 1914 129 1941 allici.
145 1914 178 1940 Et
193 1913 322 1947 quoniam
342 1910 478 1944 ejusmodi
493 1910 647 1937 daemonum
676 1914 781 1935 natura:
798 1908 842 1934 in-

49 1959 261 1989 cantationibus,
278 1957 423 1992 praestigiis
452 1961 479 1984 et
507 1955 676 1983 carminibus
696 1954 844 1981 vincuntur

50 2007 310 2042 opprimunturque,
321 2003 495 2038 perspicuum
508 2008 550 2030 est
559 2002 641 2028 etiam
655 2001 728 2036 ipsas
741 2000 843 2027 habere

49 2056 167 2080 animam
186 2051 302 2079 rationis
312 2058 464 2085 expertem,
478 2048 706 2083 compositionem
722 2051 750 2074 et
765 2054 842 2074 cras-

49 2101 210 2128 situdinem.

92 2146 238 2173 l’ezatione
253 2153 284 2171 ac
300 2143 444 2171 molitione.
462 2143 498 2171 Ut.
511 2142 593 2175 fabri,
612 2147 773 2173 structores,
798 2149 843 2168 aro

48 2193 148 2220 chitect
156 2192 174 2218 i.

87 2239 119 2266 Ut
137 2239 215 2264 actia.
232 2236 360 2263 Fatidica:
375 2235 553 2270 scientiteque
582 2234 637 2261 illic
661 2234 779 2261 maxime
795 2242 844 2260 ne-
862 2225 882 2252 ί)

47 2286 171 2320 gotioste,
190 2283 216 2309 in
229 2290 281 2316 qua
301 2282 500 2312 ttioleStutn_est
523 2280 730 2308 circumducere
748 2287 843 2307 neces-

47 2331 119 2358 saria
139 2329 172 2356 ad
189 2327 389 2355 divinationem
404 2327 599 2353 instrumenta.

84 2376 214 2410 Maligna:
231 2374 352 2401 civitatis.
368 2373 525 2400 luvidorum
541 2372 712 2407 quorundam
728 2372 842 2399 civium.

84 2424 127 2451 Ea:
145 2421 266 2456 imperio.
283 2421 304 2447 E
320 2428 368 2446 sua
389 2419 510 2446 civitate.

87 2470 222 2503 [nsipiens
235 2471 283 2494 est.
301 2466 426 2493 Ilominis
439 2466 511 2492 enim
529 2465 664 2492 dementis
680 2464 773 2493 fuerit.
801 2465 843 2490 in-

47 2516 119 2550 qttit,
137 2512 324 2541 exterminare
347 2519 378 2538 ex
403 2511 471 2538 urbe
494 2510 545 2537 sibi
561 2510 670 2537 subdita
688 2510 841 2536 dormiendi

49 2561 209 2588 f-cultalcm
229 2578 237 2589 ,
266 2557 384 2591 ideoque
404 2557 476 2583 istud
507 2555 620 2590 quidem
651 2555 709 2582 fieri
735 2555 842 2589 nequit.

47 2607 109 2634 Non
137 2605 238 2636 solum,
264 2603 313 2635 ait,
331 2601 480 2630 inconsulti
510 2610 541 2628 ac
563 2601 719 2631 temerarii.
747 2609 842 2627 verum

48 2654 133 2680 etiam
152 2650 228 2684 intpii
240 2650 334 2680 fuerit,
354 2654 498 2683 propterea
518 2649 590 2683 quod
606 2649 693 2683 legem
717 2648 802 2674 sancit
817 2651 843 2672 vt

48 2700 106 2726 Deo
124 2701 153 2725 et
167 2701 271 2723 naturte
288 2695 464 2722 contrariam.
484 2694 589 2720 Etenim
605 2694 662 2720 sive
676 2694 759 2726 Deus,
785 2685 843 2720 sive

48 2750 149 2772 natura
167 2750 295 2777 maguum
317 2742 390 2768 hunc
420 2741 553 2775 valdeque
576 2740 763 2767 necessarium
788 2745 843 2766 sta—

51 2797 109 2819 tum
140 2795 170 2817 et
184 2790 312 2817 allectum
340 2787 452 2816 animali
480 2788 587 2819 insevit,
618 2792 647 2813 ut
674 2787 841 2821 quiesceret.

49 2837 187 2870 Quoniam
220 2835 313 2870 igitur,
339 2834 439 2869 inquit,
464 2833 597 2860 hactenus
623 2833 842 2860 demonstratum

48 2888 92 2910 est
109 2881 295 2911 ncceswrium
308 2881 367 2908 es‘sc
389 2886 417 2908 ut
429 2887 525 2907 omnes
545 2879 669 2907 homines
681 2878 817 2906 dormiant
834 2899 841 2912 ,

893 271 1002 300 ναῖκας,
1016 269 1065 296 καὶ
1080 270 1172 297 πᾶσαν
1186 268 1281 302 ἁπλῶς
1300 269 1388 295 εἰπεῖν
1403 267 1523 303 ἡλικίαν.

932 313 983 348 Οἷς
996 315 1083 342 ἀδύν.
1099 315 1184 343 Διότι.

934 359 985 394 Οἷς
998 361 1084 388 ἐναν.
1099 362 1184 389 Διότι.

937 406 1000 434 Ἐπ’
1015 406 1126 439 αὑτήν.
1138 406 1195 439 Τὴν
1215 405 1248 432 δι’
1258 405 1373 439 ὀνείρων
1394 405 1540 440 μαντικήν.

929 452 995 479 ΡΑο.
1022 451 1084 479 HG.
1107 450 1270 486 Προφῆτις.
1302 450 1335 477 Ἦ
1357 449 1392 476 δι’
1415 449 1529 485 ὀνείρων
1552 450 1680 484 μαντική.

930 498 1134 532 Μακροτέραν.
1147 498 1277 530 Μείζονα,

926 544 1036 576 οὕτως.
1054 543 1089 570 “ll
1105 543 1142 575 ὡς
1163 543 1292 578 βεϐαίως.

937 589 1182 624 Ἀναπειθόμεθα.
1208 588 1253 620 Ὡς
1271 588 1490 623 ἀναπειθόμενος
1512 588 1565 615 ὖπὺ
1581 588 1635 615 τῶν
1653 588 1682 616 ἐν

894 635 1012 669 ὀνείροις
1037 636 1167 662 ἐλπίδων.

931 681 970 714 Τῇ
980 681 1082 715 φύσει.
1099 681 1161 708 Τῶν
1176 680 1340 716 ἀνθρώπων.

932 727 991 761 Τὴν
1006 727 1116 762 ἀρχήν.
1140 728 1186 754 Ἐν
1202 727 1294 763 πενίᾳ,
1310 728 1358 754 καὶ
1378 726 1502 762 μόχθοις,
1519 726 1567 754 καὶ
1583 725 1682 760 στερη⁶

896 781 936 800 σει
953 773 1007 799 τῶν
1030 773 1163 807 όρεκτῶν.

930 819 1190 853 Περικεχυμένων.
1209 817 1262 846 Ὧν
1276 828 1342 845 ποτε
1360 816 1435 854 εἶχον
1448 819 1472 844 οί
1489 818 1574 845 πίθοι.

935 865 962 891 '0
981 865 1169 900 Προμηθεύς.
1190 865 1223 892 Ἡ
1243 864 1326 899 φύσις
1345 864 1392 891 τοῦ
1415 864 1530 898 κόσμου,
1558 862 1605 889 καὶ
1628 862 1683 889 τῶν

894 911 923 937 ἐν
939 911 1036 946 κόσμῳ
1049 912 1099 945 μία
1120 920 1162 943 τις
1178 911 1246 938 οὖσα
1260 910 1438 945 πολυώνυμον
1451 910 1514 943 ἔσχε
1531 909 1581 943 τὴν
1597 916 1685 944 προσυ

894 959 1024 994 ηγορίαν,
1040 958 1075 984 δι’
1089 958 1123 990 ἃς
1147 958 1206 992 ἔχει
1231 958 1378 991 διαφόρους
1400 956 1531 990 δυνάμεις
1546 955 1592 981 καὶ
1605 956 1683 988 ivrg-

893 1005 982 1039 γείας.
1006 1005 1052 1036 Ὠς
1072 1004 1122 1038 μὲν
1146 1004 1201 1038 γὰρ
1228 1004 1339 1030 πάντων
1367 1003 1453 1034 αίτία,
1473 1002 1581 1035 λέγεται
1602 1000 1683 1035 τύχη.

893 1052 948 1078 ἀπὸ
972 1050 1019 1077 τοῦ
1038 1050 1147 1085 τεύχειν
1163 1049 1232 1084 μόνη
1249 1049 1283 1076 τὰ
1298 1049 1400 1076 πάντα·
1414 1048 1461 1074 διὰ.
1474 1047 1502 1074 δὲ
1522 1047 1569 1073 τὸν
1587 1047 1683 1081 είρμὶν

892 1098 943 1131 τῆς
957 1097 1110 1131 ἐπιπλοκῆς
1121 1096 1176 1122 τῶν
1196 1096 1292 1122 αἰτιῶν
1313 1095 1423 1128 λέγεται
1443 1093 1603 1127 είμαρμένη
1615 1099 1622 1106 ·
1639 1091 1682 1117 διὰ

892 1143 921 1169 δὲ
945 1142 976 1169 τὸ
1005 1142 1148 1176 ἀνίκητον,
1184 1141 1291 1174 ἀνάγκη
1303 1147 1312 1156 ο
1327 1140 1371 1166 διὰ
1392 1139 1464 1165 δὲτὸ
1483 1137 1685 1173 μεμερισμένον

892 1189 964 1223 ἄλλῳ
988 1187 1052 1215 ἄλλο
1074 1188 1182 1220 λέγεται
1201 1187 1283 1221 μοῖρα
1296 1194 1303 1202 ·
1320 1186 1366 1212 διὰ
1385 1185 1413 1211 δὲ
1428 1184 1458 1211 τὸ
1472 1182 1684 1218 ἀπαράτρεπτον

893 1235 946 1261 τῶν
959 1235 1050 1269 ἔργων
1065 1233 1153 1268 αὐτῆς
1172 1232 1285 1266 λέγεταί
1304 1233 1432 1267 ἄτροπος·
1450 1230 1495 1256 διὰ
1512 1228 1541 1255 δὲ
1556 1229 1585 1254 τὸ
1596 1235 1685 1254 πεπε-

894 1281 1030 1317 ρασμένον
1048 1280 1098 1314 τῆς
1120 1279 1282 1313 διοικήσεως
1306 1278 1402 1312 αὐτῆς,
1420 1276 1590 1311 πεπρωμένη
1603 1283 1610 1290 ·
1637 1275 1684 1301 διὰ

893 1328 922 1354 δὲ
946 1328 978 1353 τὺ
1008 1326 1149 1361 συμφέρον
1165 1326 1221 1351 τῶν
1236 1324 1442 1351 ἀποϐαινόντων
1459 1324 1515 1354 τοῖς
1528 1321 1685 1356 ἀνθρώποις

891 1374 1004 1407 λέγεται
1025 1373 1139 1408 πρόνοια
1162 1372 1209 1398 καὶ
1226 1369 1399 1405 Προμηθεύς.
1416 1368 1562 1395 Κάνταῦθα
1585 1367 1678 1393 τοίνυν

893 1421 907 1446 ὁ
924 1420 1051 1451 Συνέσιος
1072 1419 1103 1445 τὸ
1132 1418 1313 1454 προνοητικὸν
1335 1418 1384 1444 καὶ
1404 1415 1612 1452 προμηθητικδν
1634 1415 1684 1450 τῆς

892 1512 924 1532 ac
937 1503 1107 1532 dormientes
1120 1503 1291 1530 somniorum
1302 1502 1367 1529 ﬁant
1379 1503 1558 1537 inspectores,
1575 1508 1684 1535 aequum

893 1549 975 1577 etiam
993 1547 1215 1575 fueritomnibus
1231 1547 1315 1574 licere
1336 1551 1365 1574 ut
1384 1555 1412 1574 se
1429 1547 1572 1574 conferant
1595 1546 1628 1572 ad
1644 1545 1685 1572 tti-

894 1594 1004 1622 vinandi
1024 1594 1181 1625 artificium,
1198 1593 1270 1628 quod
1290 1593 1319 1619 fit
1334 1601 1382 1627 per
1400 1593 1516 1623 somnia,
1544 1591 1601 1618 sive
1617 1591 1686 1618 divi-

893 1646 944 1673 tes,
970 1641 1027 1668 sive
1046 1647 1180 1674 pauperes
1206 1640 1271 1673 sint,
1298 1639 1350 1665 viri
1367 1642 1414 1666 aut
1440 1638 1579 1669 mulieres,
1593 1642 1631 1670 et,
1656 1641 1686 1665 ut

894 1686 988 1721 paucis
1004 1685 1181 1719 complectar,
1195 1684 1317 1719 cujusvis
1333 1683 1421 1711 aetatis
1440 1683 1575 1710 homines.

931 1733 970 1759 Αιι
986 1733 1080 1766 ipsam.
1098 1731 1271 1758 Somniorum
1285 1730 1494 1757 divinationem.

931 1777 1111 1812 Prop/missa.
1137 1777 1275 1804 Divinatio
1290 1784 1350 1812 qua:
1367 1776 1484 1811 contigit
1507 1783 1556 1810 per
1578 1777 1635 1803 visa
1658 1780 1688 1804 et

894 1829 1002 1860 spectra
1011 1823 1184 1851 dormientis.

931 1871 1063 1906 Ampliori
1075 1871 1217 1904 voluptale.
1233 1869 1340 1905 Majori,

931 1918 1089 1945 Incitamur.
1108 1916 1199 1950 thui
1216 1915 1366 1943 assentitur
1378 1922 1411 1942 ac
1427 1914 1550 1950 indulget
1571 1913 1630 1949 spei
1656 1916 1686 1941 et

896 1961 1094 1997 exspectationi
1110 1961 1291 1988 somniorum.

931 2008 963 2035 In
979 2014 1076 2034 natura
1090 2011 1138 2033 est.
1151 2005 1307 2033 Hbminum.

935 2053 966 2081 Ut
980 2055 1012 2080 ab
1033 2053 1120 2085 initio,
1143 2058 1168 2079 ut
1195 2053 1278 2087 prius.
1304 2052 1332 2079 ln
1357 2051 1484 2086 penuria,
1512 2051 1644 2078 aerumnis
1660 2053 1689 2078 et.

896 2099 1053 2136 privatione
1072 2107 1164 2126 rermn
1183 2101 1410 2139 expetendarum.

939 2147 1026 2173 Vitam
1043 2146 1283 2172 circumvenientes.
1298 2145 1372 2178 Quas
1390 2144 1520 2172 nimirum
1532 2143 1602 2171 dolia
1620 2151 1688 2172 con-

897 2193 1031 2220 tinebant.

933 2239 1114 2265 Prometheus.
1140 2237 1234 2265 Mundi
1256 2242 1365 2270 natura,
1392 2242 1419 2265 et
1433 2245 1528 2265 eortttn
1545 2245 1605 2272 qua:
1624 2238 1690 2264 sunt

899 2284 925 2310 in
947 2283 1061 2314 mundo,
1076 2291 1129 2310 una
1145 2291 1206 2310 cutn
1224 2283 1270 2316 sit,
1286 2283 1380 2310 multis
1397 2283 1557 2310 nominibus
1566 2281 1689 2316 designa-

897 2335 950 2356 tam
964 2328 1176 2363 appellationem
1190 2328 1323 2361 obtinuit,
1340 2328 1375 2355 ob
1389 2328 1532 2355 distinctus
1545 2327 1689 2354 facultates

897 2380 924 2401 et
949 2375 1071 2402 occultas
1087 2374 1170 2401 vires.
1190 2374 1270 2400 Verbi
1299 2374 1398 2408 gratia,
1428 2374 1536 2400 fortuna
1564 2372 1687 2399 onmium

897 2427 978 2446 causa
991 2419 1094 2446 dicitur
1112 2426 1183 2451 esse,
1200 2425 1233 2445 eo
1243 2418 1316 2452 quod
1337 2418 1394 2445 sola
1412 2417 1502 2445 omnia
1517 2417 1614 2448 struit;
1640 2416 1687 2442 sed

898 2471 1010 2500 propter
1025 2465 1125 2492 seriem
1144 2471 1230 2491 nexus
1245 2472 1392 2491 causarum
1414 2463 1515 2489 dicitur
1535 2461 1631 2492 fatum,
1661 2465 1689 2488 ct

897 2512 933 2537 ob
955 2510 1167 2545 ittsuperahilem
1193 2510 1378 2544 invictamque
1397 2510 1458 2544 ejus
1482 2508 1623 2538 virtutem,
1642 2515 1689 2534 ne-

897 2558 1012 2584 cessitas
1036 2556 1207 2590 appellatur;
1230 2563 1326 2582 verum
1345 2555 1409 2589 quia
1437 2554 1511 2581 aliud
1532 2553 1577 2580 alii
1596 2553 1690 2580 distri-

898 2603 1002 2634 buitur,
1015 2607 1043 2629 ut
1059 2602 1095 2629 sit
1114 2601 1238 2636 ejusdem
1257 2601 1404 2636 particeps.
1424 2604 1599 2634 nuncupatur
1618 2607 1688 2626 sors.

897 2652 932 2677 At
962 2649 1092 2684 quoniattt
1118 2648 1179 2683 ejus
1203 2655 1287 2682 opera
1305 2647 1439 2674 declinari
1467 2646 1609 2680 avertique
1635 2654 1688 2672 nnH

898 2698 1024 2731 possunt,
1037 2694 1137 2721 dicitur
1148 2693 1267 2727 Atropos
1279 2701 1287 2724 ;
1303 2700 1377 2719 tuors
1390 2692 1462 2719 enim
1474 2691 1577 2718 nemini
1591 2693 1688 2726 parcit,

898 2749 959 2768 cum
978 2741 1014 2768 sit
1030 2739 1224 2767 inexorabilis:
1251 2739 1299 2766 sed
1323 2744 1438 2774 propter
1459 2739 1631 2766 exactionem
1657 2745 1689 2764 ac

899 2786 1118 2813 terminationem
1138 2784 1225 2818 ipsius
1241 2784 1468 2819 dispensatimtis,
1485 2784 1583 2812 Parca:
1607 2787 1634 2809 et
1652 2783 1689 2809 ob

897 2833 1040 2860 commoda
1057 2840 1118 2866 qum
1145 2831 1304 2858 hotninibus
1328 2831 1491 2864 adveniunt,
1510 2828 1685 2865 providentia

898 2883 926 2907 et
945 2878 1135 2906 Prometheus.
1152 2878 1287 2910 Quocirca
1303 2878 1354 2905 hoc
1371 2877 1398 2904 itt
1416 2876 1476 2905 loco
1493 2875 1624 2911 Sjncsius
1640 2883 1689 2902 na-
