1913 3067
75 146 126 177 665

774 149 834 179 EPI
840 148 977 180 STOL

1645 154 1699 188 (366

73 204 120 229 καὶ
129 201 247 237 ὁπηνίκα
257 202 330 240 δοκεῖ
343 210 398 230 τισι
413 203 484 230 κατὰ
503 203 646 231 παιδιάντι
662 206 760 237 ποιεῖν,
775 204 793 240 ἢ
813 204 863 238 μύ-
878 213 900 240 Α
917 206 982 237 ἴσως
1005 205 1152 240 ἁσχήμονι,
1185 206 1383 241 συγκαλύπτει,
1414 209 1462 235 καὶ
1491 207 1538 235 τὸν
1569 208 1698 236 Ὀδυσσέα

74 249 135 280 θους
146 248 243 282 λέγων,
253 249 398 285 ἢγενέσεις
407 249 487 281 θεῶν,
497 249 613 285 ἢφιλίας
622 250 724 283 αὐτῶν,
731 252 747 285 ἢ
759 250 859 284 ἐριδας,

76 295 93 330 ή
103 303 177 326 τινας
189 294 295 330 ἔρωτας
304 295 487 332 φαυλοτέρους
510 296 558 323 καὶ
574 296 754 331 ζηλοτύπους’
765 297 827 328 τοὺς
837 297 861 323 δ’

74 340 172 372 αὐτοὺς
186 341 232 368 καὶ
243 341 402 372 ἐπιϐούλους
418 341 645 377 γνωριζομένους·
661 341 679 369 ἂ
691 343 738 368 καὶ
749 342 860 376 εὐπερι-

76 386 200 418 σκέπτως
209 386 281 421 ὁρῶν
295 396 336 419 τις
354 387 510 422 μωμήσαιτ’
526 386 559 413 ἂν
573 387 701 418 ἐπιεικῶς
713 386 750 421 τῷ
771 386 858 422 ἀνδρί.

75 434 145 461 Νοῦν
157 435 210 470 γὰρ
220 436 234 462 ό
249 435 320 466 θεῖος
334 435 411 467 οὗτος
427 435 569 470 ἄνθρωπος
579 434 779 470 προϊστησιτοῦ
790 443 858 460 παν-

74 481 119 512 τδς
128 480 251 515 ἡγεμόνα
264 481 368 516 ’.μηδὲν
379 480 499 516 φλαῦρον
512 481 611 513 εἰπεῖν,
624 479 857 515 μηδ’ἀλυσιτελές,

73 527 96 553 εἰ
110 527 156 553 καὶ
170 527 217 561 τῆς
231 527 376 562 ποιητικῆς
391 527 496 553 ἐκείνου
517 526 615 561 μανίας
626 545 633 558 ,
654 527 703 561 οὺχ
718 523 805 552 οἷοίτ’
833 526 858 552 ἐ-

76 573 144 608 σμὲν
162 572 264 604 ίκανῶς
283 572 457 605 καθικέσθαι,
473 574 487 600 ὃ
498 581 523 599 τι
540 572 572 600 ἂν
589 573 722 607 βούλοιτο.
737 571 793 598 Νῦν
808 572 857 607 μὲν

72 619 126 655 γὰρ
142 619 283 654 θεολογίας
294 619 491 655 περιδιδάσκει,
511 619 559 646 νῦν
575 619 603 645 δὲ
620 619 791 649 θεοσεσείας·
812 617 856 644 ὁτὲ

71 666 100 692 δὲ
130 666 236 699 γένεσιν
251 665 299 692 τοῦ
318 665 418 696 παντὸς
443 665 581 697 διέξεισιν,
602 664 699 691 ἄλλοτε
718 663 856 698 φυσικούς

70 719 147 742 τινας
161 711 285 738 ἐκδίδωσι
301 711 407 745 λόγους·
428 710 476 738 καὶ
497 710 639 745 στοιχείων
657 710 726 745 πρὸς
754 709 857 743 ἄλληλα

70 758 118 784 νῦν
135 757 184 792 μὲν
199 757 354 789 κοινωνίαν,
368 758 415 784 νῦν
440 757 464 784 δ’
488 757 649 784 ἐναντίωσιν
664 756 815 790 φιλοσοφεῖ,
831 756 855 782 εί

70 802 118 828 καὶ
129 801 217 828 ταῦτά
231 810 263 834 γε
278 802 330 838 δρᾷ
347 803 376 828 ἐν
390 802 566 837 προσχήματι
590 801 759 836 φαυλοτέρῳ·
776 799 855 832 αὖθις

71 847 100 873 δέ
115 847 288 874 καταὸαίνων
310 847 417 874 ἐκεῖθεν
442 847 481 879 ὡς
507 847 561 874 ἀπό
589 855 663 878 τινος
691 846 852 881 περιωπῆς,

70 892 246 920 πολιτεύεται
275 892 345 928 μετὰ
376 893 431 920 τῶν
461 894 521 920 ὅποι
551 894 660 928 δεήσει,
687 893 734 919 καὶ
758 892 854 927 τέχνας

71 939 204 971 παντοίας
226 940 274 966 καὶ
291 940 498 976 ἐπιτηδεύματα
527 939 666 975 μεθοδεύει
681 940 728 966 καὶ
744 938 853 965 διατάτ-

70 994 158 1019 τεται,
183 986 223 1018 ὡς
247 986 301 1022 χρὴ
314 986 439 1020 γίνεσθαι
452 986 539 1014 ταῦτα
564 987 612 1013 καὶ
628 985 665 1017 ὡς
689 985 853 1019 γινομένων,

69 1033 180 1067 ἄριστον
192 1031 230 1064 ὥς
247 1032 319 1064 είκδς
331 1032 483 1067 ἀπαντήσει
497 1032 545 1059 καὶ
558 1032 644 1064 τέλος
664 1031 695 1058 οὐ
716 1031 769 1066 μὴν
786 1030 854 1058 ἀλλά

69 1078 118 1105 καὶ
134 1077 217 1109 λαοὺς
241 1077 299 1112 μετ’
317 1078 477 1113 ἐπιστήμης
492 1078 602 1113 κοσμεῖ,
617 1078 663 1103 καὶ
681 1077 855 1110 παιδαγωγεῖ

70 1123 202 1159 τρόπουςο
224 1124 272 1150 καὶ
295 1123 424 1160 ῥυθμίζει
438 1124 538 1159 ψυχὰς,
560 1124 592 1150 οὒ
609 1123 676 1159 πρὸς
690 1124 791 1155 ἑαυτὰς
805 1123 854 1158 μό-

71 1178 139 1202 νον,
173 1169 243 1197 ἀλλὰ
274 1171 324 1197 καὶ
352 1171 421 1206 πρὸς
445 1170 562 1205 ἀλλήλας
592 1167 623 1196 εὖ
654 1169 852 1204 ἁρμοζόμενος.

76 1216 200 1252 Ἐλέγχιι
217 1217 241 1244 δ’
255 1216 312 1244 ἐσθ’
331 1217 376 1243 ὅτε
402 1217 450 1243 καὶ
474 1216 596 1251 διασύρει
614 1215 762 1249 σκαιότητα
782 1215 853 1249 γνώ-

74 1271 141 1298 μης,
164 1264 211 1290 καὶ
225 1263 347 1298 ἀμαθίαν
366 1263 414 1290 καὶ
428 1263 543 1297 ἄγνοιαν
555 1269 562 1278 ·
579 1263 626 1289 καὶ
644 1262 698 1289 πᾶν
711 1261 803 1288 ὁτιοῦν
814 1262 853 1293 είς

69 1307 169 1340 κακίας
184 1309 354 1344 ἀναφέρεται
366 1309 469 1343 τρόπον
481 1327 489 1341 ,
516 1308 563 1335 καὶ
576 1309 626 1343 τῆς
640 1307 764 1343 χείρονος
777 1308 855 1343 μερί-

67 1354 112 1386 δος
124 1354 308 1389 γνωρίζεταιο
323 1354 421 1389 ἐχθρὸν
439 1353 489 1389 μὲν
506 1354 540 1389 τῇ
557 1354 627 1386 θεία,
645 1354 741 1388 ἐχθρὸν
765 1354 794 1380 δὲ
818 1355 852 1389 τῇ

68 1401 229 1436 ἀνθρωπίνῃ
253 1401 335 1434 φύσει
354 1400 462 1428 τελοῠν.
484 1401 618 1433 Καθάπαξ
637 1401 658 1427 δ’
679 1401 777 1432 εἰπεῖν,
797 1408 855 1426 κοι-

70 1449 115 1476 νδν
131 1448 229 1475 ἑαυτὸν
252 1448 401 1483 καθίστησι
417 1449 474 1479 τοῖς
497 1447 651 1483 ἀνθρώποις
667 1447 853 1474 διδασκαλεῖον

69 1494 143 1522 θείου
158 1494 209 1521 καὶ
220 1494 393 1529 ἀνθρωπίνου
411 1494 587 1529 μαθήματος.

915 251 1061 286 προῖστησι
1088 252 1237 286 κεφάλαιον
1264 252 1312 279 τοῦ
1330 252 1434 287 βισλίου
1448 260 1455 268 ο
1479 253 1553 285 ὅπως
1567 254 1636 289 μετά
1648 254 1699 289 τὴν

913 297 1014 325 ἆλωσιν
1028 297 1077 325 τοῦ
1100 298 1189 332 Ἰλίου,
1206 299 1301 326 νόστου
1326 300 1374 326 σὺν
1399 300 1455 331 τοῖς
1470 300 1575 335 ἑτέροις
1588 300 1697 335 ἁψάμε-

912 351 967 375 νος,
981 343 1091 376 πολλοῖς
1108 345 1182 379 μάλα
1206 345 1368 372 τούντεῦθεν
1381 347 1429 372 καὶ
1445 346 1575 381 μεγάλοις
1589 347 1696 377 κακοῖς,

911 390 959 416 καὶ
995 390 1058 424 μηδ’
1079 390 1210 425 ἀριθμεῖν
1233 392 1336 423 ίκανοῖς
1363 391 1438 418 οὖσιν
1456 392 1533 424 ἴσως,
1558 392 1608 426 οὐχ
1622 392 1698 422 ὅπως

911 435 958 462 καὶ
975 436 1046 463 κατὰ
1071 437 1186 471 μέγεθος
1206 436 1336 469 καθάπαξ
1354 438 1479 469 σκοπεῖν,
1492 439 1506 464 ὀ
1523 437 1606 469 πολὺς
1623 439 1697 464 ἐκεῖ·

910 491 955 513 νος
971 482 1020 514 τὰς
1047 483 1144 517 τέχνας
1160 484 1206 509 καὶ
1229 483 1264 509 τὰ
1282 483 1459 518 βουλεύματα
1473 485 1648 517 περιέπεσεν.
1664 485 1696 511 El

909 530 963 564 γὰρ
983 530 1063 560 εὐθὺς
1074 530 1144 556 οὕτω
1161 530 1278 565 κατέστη
1295 531 1342 556 ἐπὶ
1359 530 1389 556 τὸ
1408 531 1537 565 πρᾶγμα,
1553 530 1647 562 ὕπτιος
1663 531 1697 557 ἂν

909 575 981 608 ἐδοξε
997 577 1047 602 καὶ
1066 576 1168 610 άχρους
1189 578 1246 608 τοῖς
1262 576 1383 609 πολλοῖς,
1408 577 1459 603 οὐκ
1479 576 1548 611 ἔχων
1563 577 1696 611 οὐμενοῦν

903 621 1047 652 τοσοῦτον,
1063 621 1121 647 οὔτ’
1136 622 1165 655 ἐξ
1183 622 1304 655 ἱστορίας
1318 622 1423 654 ἁπλῶς,
1437 621 1493 648 οὔτ’
1505 623 1537 647 ἐκ
1551 622 1600 656 τῆς
1612 622 1696 656 ἄλλης

909 667 1057 702 ποιητικῆς
1073 666 1200 699 ἐξουσίας
1223 667 1314 693 ἐλθεῖν
1331 667 1377 694 ἐπὶ
1404 667 1454 702 τὴν
1481 666 1622 693 ὑπόθεσιν.
1638 666 1696 692 Νῦν

907 711 930 738 δ’
945 713 986 738 ὅτι
1009 721 1062 747 περ
1077 712 1164 743 οὕτως
1181 712 1356 747 ὲμεθόδευσε,
1377 712 1424 738 τὸν
1453 712 1554 739 σκοπὸν
1572 713 1695 747 ἐκατέρῳ

909 759 985 794 μέρει
1000 759 1030 785 τὸ
1052 759 1191 793 προσῆκον
1214 758 1315 793 ἔνειμε·
1333 756 1365 793 τῇ
1383 767 1413 785 τε
1435 759 1489 794 γὰρ
1514 758 1624 792 ποιήσει
1646 758 1696 793 τὴν

909 805 1014 840 συνήθη
1033 805 1188 840 παρέσχετο
1207 805 1300 840 χλιδὴν
1316 806 1363 831 καὶ
1392 804 1495 839 ἁῆρῶς,
1516 803 1586 830 ὥστε
1613 804 1697 839 μηδα-

909 851 968 886 μῶς
989 852 1093 878 ἐκεῖθεν
1119 852 1292 883 κολούεσθαι,
1305 852 1353 878 καὶ
1366 850 1405 886 τῷ
1422 851 1566 885 πράγματι
1583 851 1604 877 δ’
1622 849 1696 884 αὐτῷ

906 895 937 921 τὸ
961 895 1051 930 πάντη
1069 895 1124 922 σῶν
1138 895 1219 928 εἶναι,
1241 897 1289 923 κα).
1307 896 1418 931 μηδενός
1439 904 1470 930 γε
1485 896 1624 929 λελεῖφθαι
1641 894 1696 920 τῶν

905 941 946 971 είς
977 941 1058 968 τοῦτο
1086 942 1234 975 φερόντων.
1264 942 1325 969 Κᾶν
1367 942 1421 977 γὰρ
1455 941 1586 977 ἱστορίαις
1621 940 1696 975 μάλα

906 986 1019 1018 πολλαῖς
1051 987 1100 1012 καὶ
1129 986 1227 1021 μύθοις
1252 987 1326 1019 ὅσοις
1351 987 1537 1022 ποικίλληται,
1559 986 1617 1013 ἀλλ’
1641 986 1694 1012 οὐδ’

905 1031 992 1065 οὕτως
1012 1033 1162 1068 ἀφίσταται
1185 1024 1281 1068 πόρρω
1293 1034 1341 1068 τῆς
1356 1033 1521 1065 ὑποθέσεως,
1537 1033 1574 1064 ὡς
1593 1032 1630 1067 μὴ
1646 1031 1695 1066 τὴν

905 1079 1035 1114 ταχίστην
1066 1079 1222 1111 ἐπανιέναι,
1245 1079 1294 1106 καὶ
1325 1079 1361 1106 τὰ
1385 1079 1457 1106 κατὰ
1472 1078 1528 1105 “chy
1559 1077 1693 1105 Ὀδυσσέα

906 1125 980 1160 πάθη
991 1124 1128 1157 διεξιέναι,
1148 1122 1187 1152 ὧν
1204 1125 1297 1151 εἵνεκα
1313 1125 1437 1159 πλαγίως
1459 1123 1504 1150 ἐπ’
1517 1125 1608 1151 ἐκεῖνα
1627 1123 1693 1158 ἐλή-

905 1170 984 1198 λυθε.
1001 1171 1056 1197 Καὶ
1073 1171 1110 1206 μή
1127 1180 1169 1203 τις
1197 1171 1315 1207 οἰηθείη,
1331 1171 1369 1203 ὡς
1380 1170 1493 1205 πλάσμα
1513 1170 1544 1197 τὸ
1561 1170 1694 1205 παράπαν

906 1218 981 1245 ἐστὶν
991 1219 1007 1252 ἡ
1021 1218 1133 1253 ποίησις
1149 1217 1272 1254 Ὁμήρῳ,
1285 1217 1370 1252 ἄνδρα
1386 1217 1448 1245 τινὰ
1460 1217 1692 1252 προστησαμένῳ,

904 1264 934 1295 ὃς
944 1264 1012 1300 μήτε
1025 1264 1146 1296 τοιοῦτος
1157 1264 1252 1298 γέγονε
1267 1264 1377 1291 πώποτε
1388 1265 1458 1298 μήτε
1467 1265 1623 1298 γενήσεται,
1638 1259 1694 1289 οἷον

904 1305 983 1342 οὗτός
998 1317 1081 1344 φησι·
1098 1310 1218 1336 τοιοῦτόν
1232 1318 1259 1336 τι
1273 1311 1305 1337 ἐκ
1316 1310 1459 1345 ποιητικῆς
1470 1309 1561 1340 ἀδείας
1578 1308 1694 1343 ἐτόλμη-

907 1364 966 1388 σεν,
978 1355 1034 1383 οὐδ’
1047 1355 1134 1387 οὕτως
1146 1355 1178 1382 ἂν
1197 1356 1350 1391 ἐλυμήνατο
1364 1356 1404 1391 τῷ
1421 1355 1526 1390 σκοπῷ,
1539 1355 1590 1386 ἕως
1603 1354 1637 1381 τὰ.
1652 1355 1693 1380 εί-

905 1402 976 1429 κότα
992 1401 1063 1428 κατὰ
1078 1401 1181 1436 πολλὴν
1196 1401 1356 1437 περιουσίαν
1372 1401 1458 1427 ἐδίδου
1471 1401 1511 1435 τῷ
1526 1400 1680 1435 πράγματι.

942 1448 1033 1474 Ἰσασι
1048 1447 1148 1478 πάντες
1163 1447 1225 1474 καθ’
1244 1447 1272 1474 ἓν
1288 1448 1335 1474 καὶ
1352 1446 1401 1473 σὺν
1417 1447 1465 1473 δύο
1485 1446 1626 1478 πολλάκις.
1645 1446 1693 1472 καὶ

904 1495 987 1521 πλέον
1012 1495 1029 1529 ἢ
1053 1495 1101 1521 σὺν
1117 1494 1164 1520 δύο
1181 1494 1294 1520 τοιαῦτα
1319 1493 1393 1528 πάθη
1418 1488 1606 1529 συμϐαίνοντα
1630 1493 1689 1522 τοῖς

105 1540 176 1568 Ἀλλ’
191 1541 218 1567 εί
229 1541 283 1576 πέρ
297 1549 349 1572 τις,
367 1542 380 1566 ὁ
391 1540 477 1575 μέγας
492 1536 571 1571 οὗτος
586 1540 661 1575 ἥρως
672 1534 708 1575 τῇ
722 1540 851 1575 ποιητικῇ
868 1552 889 1582 c
906 1540 1060 1576 ἀνθρώποις
1073 1549 1079 1556 ·
1097 1541 1144 1567 καὶ
1167 1541 1255 1572 οὐδεὶς
1272 1539 1333 1567 οὕτε
1356 1540 1403 1567 τοῦ
1431 1540 1549 1575 πάσχειν
1564 1538 1626 1566 οὗτε
1643 1537 1692 1565 τοῦ

69 1587 159 1623 μούσῃ
171 1586 357 1621 ἐξείργασται,
371 1586 418 1613 καὶ
434 1586 492 1612 τόδε
517 1586 589 1621 μάλα
609 1586 783 1620 ἐξείργασται
797 1585 853 1612 ὥσ-

69 1641 124 1670 περ
138 1642 165 1660 τι
178 1632 301 1668 ’μάθημα
315 1631 386 1659 θεῖον
408 1633 465 1664 τοῖς
486 1632 641 1667 ἀνθρώποις
666 1631 794 1659 ἐνθεῖναι·
812 1632 855 1659 ἵνα

66 1679 192 1715 δηλονότι
213 1679 282 1714 πρὸς
296 1679 332 1705 τὰ
347 1679 544 1713 συμπίπτοντα
564 1680 641 1714 παρὰ
656 1677 707 1712 τῆς
723 1678 791 1713 ὕλης
807 1678 855 1705 καὶ

65 1726 122 1753 τῶν
135 1726 190 1759 ἔξω
207 1724 396 1760 πραγμάτων,
416 1725 466 1751 ὅσα
494 1724 563 1760 τύχῃ
586 1725 642 1751 τινὶ
668 1725 716 1751 καὶ
737 1725 855 1760 πονηρίᾳ

66 1771 232 1808 ἀνθρώπων,
247 1771 295 1798 καὶ
309 1771 341 1808 δὴ
359 1772 406 1799 καὶ
419 1771 532 1806 γνώμης
552 1771 702 1806 φαυλότητι
724 1771 774 1806 τῆς
790 1779 854 1806 σφε-

66 1820 163 1855 τέρας,
180 1818 228 1845 καὶ
240 1818 346 1854 ἀμαθίᾳ
362 1819 438 1845 τουτὶ
452 1817 492 1844 δεῖ
505 1819 595 1844 ποιεῖν
615 1818 711 1850 κακῶς
735 1818 854 1853 μάλιστα

67 1866 225 1901 πάσχομεν,
250 1865 393 1900 φρονίμως
420 1864 494 1899 μάλα
518 1865 566 1891 καὶ
585 1863 784 1899 μεγαλοψύχως
808 1866 855 1891 καὶ

67 1912 205 1947 γενναίως
236 1910 404 1946 ἀπαντῶμεν
419 1919 425 1925 ·
443 1910 503 1937 ἀλλ’
532 1911 666 1945 οὐμενοῦν
691 1911 852 1947 ἐκδιδῶμεν,

64 1958 128 1986 οὐδὲ
151 1956 398 1992 καταπροδιδῶμεν
413 1957 443 1983 τὺ
456 1957 507 1991 τῆς
524 1956 632 1991 φύσεως
646 1957 768 1992 ἀξίωμα,
784 1966 854 1992 συμ-

66 2003 305 2038 μιταὸαλλόμενοι
321 2004 379 2034 τοῖς
394 2002 549 2037 γινομένοις
566 2002 697 2030 ἐκάστοτε
709 2023 715 2035 ,
731 2004 780 2030 καὶ
793 2003 854 2030 τού-

64 2059 121 2077 των
135 2049 218 2076 πλέον
230 2050 287 2081 τοῖς
299 2048 471 2083 ἀδουλήτοις.
484 2047 544 2076 Εἷδε
557 2049 610 2083 γὰρ
627 2049 659 2075 ἐκ
674 2049 725 2085 τῆς
740 2050 852 2085 πείρας,

63 2093 123 2122 οἷον
142 2095 263 2130 μάλιστα
295 2094 350 2130 τῶν
379 2094 469 2121 ἄλλων
493 2094 587 2121 κακῶν
613 2094 670 2126 τοῖς
700 2095 853 2130 ἀνθρώποις

63 2139 229 2176 ἐπηρεάζει,
259 2141 306 2166 καὶ
332 2139 400 2174 πρὸς
425 2140 506 2167 ἐαυτδ
530 2140 577 2167 τὸν
601 2140 702 2175 τρόπον
718 2141 851 2176 ἐξίστησι,

65 2187 157 2221 συχνά
173 2186 324 2220 συμϐαῖνον
341 2186 372 2213 ἐκ
386 2185 534 2212 πολυειδῶν
547 2186 603 2213 τῶν
620 2186 724 2220 αἰτίων,
740 2187 819 2214 ὁποία
835 2187 851 2222 ἡ

907 1585 977 1614 εἶναι
1003 1588 1088 1622 χωρὶς
1106 1588 1230 1621 γέγονεν,
1257 1587 1287 1618 ὃς
1305 1586 1382 1614 ταῦτ’
1404 1587 1509 1621 ἀγνοεῖ·
1539 1586 1626 1617 ἄλλως
1649 1593 1691 1617 τε,

906 1633 979 1660 τοῦτ’
993 1634 1027 1660 ἂν
1039 1634 1054 1669 ἢ
1071 1634 1122 1669 τῆς
1136 1633 1283 1669 ποιητικῆς
1298 1633 1454 1668 ἐλευθερίας
1468 1631 1502 1668 ἧν
1516 1632 1584 1664 ὅλως
1605 1631 1691 1664 ἀξιον,

906 1679 977 1706 ὥστε
1011 1679 1117 1707 τοιοῦτό
1140 1688 1167 1706 τι
1199 1680 1264 1715 περὶ
1293 1679 1375 1706 αὑτοῦ
1401 1679 1572 1714 λογίσασθαι,
1599 1678 1616 1713 ἢ
1642 1679 1693 1711 τῆς

906 1725 1035 1760 ἀληθείας
1055 1726 1141 1760 αὐτῆς
1162 1726 1209 1753 καὶ
1230 1725 1278 1752 τοῦ
1301 1726 1489 1761 πράγματος,
1506 1725 1535 1752 ἐν
1554 1722 1576 1758 ᾦ
1591 1724 1692 1755 πάντες

907 1772 986 1805 ίσμεν
1001 1771 1131 1798 Ὀδυσσέα
1147 1771 1209 1798 τινὰ.
1232 1771 1427 1806 πολυμήχανον
1444 1770 1586 1804 ἄνθρωπον
1611 1778 1692 1804 γεγο-

905 1817 980 1850 νότα,
998 1817 1114 1852 βασιλέα
1142 1816 1252 1852 Ἰθάκης
1276 1817 1325 1843 καὶ
1353 1815 1560 1850 Κεφαλλήνων,
1578 1814 1691 1850 προσέτι

905 1866 951 1894 καὶ
971 1866 1078 1902 πατέρα
1096 1865 1225 1900 Σίσυφον,
1248 1865 1297 1892 καὶ
1325 1864 1440 1892 πάππον
1454 1864 1608 1890 Αὐτόλυκον
1619 1870 1626 1878 ·
1644 1861 1692 1894 οὓς

905 1913 952 1939 καὶ
968 1912 1045 1943 δίκας
1068 1911 1153 1938 τίνειν
1189 1911 1219 1937 ἐν
1240 1910 1304 1946 ᾅδου
1332 1910 1399 1944 φασὶ
1425 1909 1568 1945 μοχθηρᾶς
1597 1908 1691 1935 εἵνεκα

904 1958 1028 1993 γνώμηςσ
1045 1957 1093 1984 καὶ
1113 1957 1144 1992 δὴ
1168 1957 1217 1983 καὶ
1228 1957 1348 1990 γυναῖκα
1378 1956 1538 1991 Πηνελόπην
1550 1975 1558 1987 ,
1574 1955 1691 1991 ἀρίστην

904 2005 1041 2040 γυναικῶν
1056 2005 1104 2031 καὶ
1123 2005 1252 2039 σώφρονα
1283 2004 1331 2031 καὶ
1355 2003 1491 2038 κοσμίαν·
1519 2002 1566 2028 καὶ
1583 2002 1690 2035 πατέρα

903 2052 1006 2086 ταύτης
1021 2051 1150 2086 Ἰκάριον,
1175 2051 1223 2077 καὶ
1245 2051 1303 2077 υίδν
1319 2051 1347 2077 δέ
1368 2049 1500 2085 μονογενῆ
1515 2048 1687 2084 Τηλέμαχον.

903 2098 935 2126 Εί
949 2098 997 2125 τὸν
1012 2096 1143 2123 Ὀδυσσέα
1164 2097 1278 2130 πλάσμα
1295 2096 1409 2131 δοίημεν
1426 2092 1498 2122 εῖναι
1512 2094 1552 2129 τῷ
1575 2095 1675 2129 ποιητῆ

904 2142 962 2174 πῶς
980 2141 1068 2168 ταῦτα
1081 2140 1168 2175 τούτῳ
1183 2141 1373 2176 συμϐήσεται,
1387 2141 1436 2167 καὶ
1450 2140 1540 2175 πολλῷ
1554 2140 1582 2166 δέ
1598 2139 1689 2167 πλειο-

904 2197 938 2215 να
954 2187 1057 2214 τούτων
1076 2186 1198 2221 ὀνόματά
1220 2195 1250 2213 τε
1275 2187 1322 2213 καὶ
1353 2186 1526 2221 πράγματα;
1544 2186 1575 2212 Εἰ
1595 2186 1623 2212 δέ
1643 2185 1690 2212 καὶ

63 2233 238 2267 πολύτροπος
257 2232 313 2258 τῶν
333 2232 507 2267 πραγμάτων
530 2233 640 2269 κίνησις
656 2233 776 2268 δαψιλῶς
792 2235 852 2260 ἐπι·
868 2229 889 2256 Ι)
905 2234 1018 2269 δοίημεν
1032 2233 1110 2265 ὅλως,
1126 2233 1173 2259 καὶ
1192 2232 1276 2268 λῆρος
1294 2233 1386 2260 ἐκεῖνα
1406 2233 1485 2259 πάντ’
1501 2233 1543 2267 εῐη
1564 2233 1689 2267 Ὁμήρῳ,

63 2280 193 2315 χορηγεῖ⁵
209 2278 257 2304 νῦν
275 2279 325 2313 μὲν
346 2278 417 2305 οὕτω
437 2279 553 2314 πάσχειν
567 2280 653 2314 ἡμᾶς,
664 2280 711 2306 νῦν
726 2281 755 2307 δὲ
770 2280 852 2308 οὕτω·

63 2325 115 2352 καὶ
135 2323 178 2356 οἷς
192 2325 240 2351 καὶ
270 2320 300 2350 οὗ
326 2324 413 2350 ταῦτα
430 2325 546 2358 γίνεται·
562 2323 584 2359 ᾧ
607 2325 638 2360 δὴ
658 2327 706 2353 καὶ
729 2328 854 2362 κρεῖττον

63 2372 114 2406 τῆς
131 2371 271 2406 ποιήσεως
287 2371 327 2397 ἔνι
346 2371 441 2406 μέρος,
457 2371 495 2403 ὡς
520 2372 562 2403 είς
588 2373 679 2407 μάχην
694 2374 755 2400 τινα
778 2374 856 2408 μεγί-

63 2427 134 2453 στην
146 2418 260 2453 ἀνδρίας
293 2418 505 2449 ἀντικαταστὰς,
520 2419 570 2445 καὶ
594 2419 786 2454 περιγενέσθαι
809 2429 854 2454 φι-

61 2464 228 2497 λονεικήσας
252 2454 340 2490 δεινοῦ
371 2472 445 2495 τινος
479 2465 525 2490 καὶ
550 2465 658 2500 ἀμάχου
677 2466 853 2500 πράγματος·

60 2510 141 2537 οὐδὲν
157 2510 211 2545 γὰρ
235 2509 325 2536 ἐδόκει
349 2511 470 2537 τοιοῦτον
494 2510 532 2544 τῷ
561 2512 671 2546 ποιητῇ,
689 2510 745 2538 οἷον
762 2511 852 2546 ψυχὰς

61 2556 220 2590 ἀνθρώπιον
248 2556 358 2583 ὁπλίσαι
387 2557 426 2587 είς
455 2556 602 2591 καρτερίαν
616 2556 669 2582 τῶν
691 2557 850 2592 συμφορῶν,

63 2600 111 2634 αἷς
128 2603 196 2637 ἡμῖν
212 2602 343 2629 ἑκάστοτε
358 2602 539 2636 περιπίπτειν
559 2601 715 2636 συμϐαίνει.

101 2648 184 2674 Οὕτω
212 2649 240 2674 δὲ
266 2648 334 2681 πρδ;
352 2648 431 2674 τοῦτο
456 2647 546 2679 καλῶς
575 2649 850 2683 παρεσκευασμένος,

61 2695 114 2721 οὒκ
130 2695 164 2720 ἐκ
179 2693 227 2720 τοῦ
241 2694 396 2728 προφανοῦς
409 2694 459 2727 τὴν
474 2693 602 2728 βούλησιν
624 2694 792 2728 ἀνομολογεῖ,
815 2695 852 2726 ὡς

62 2740 244 2775 προκηρύξαι
257 2740 286 2766 τὸ
301 2741 416 2775 πρᾶγμα
432 2741 480 2774 καὶ
492 2741 553 2766 ὅτου
567 2741 646 2775 χάριν
661 2740 851 2774 διαγωνίζεται

61 2786 210 2820 προειπεῖν
223 2792 230 2800 ·
247 2784 316 2811 ἀλλὰ
336 2786 382 2811 καὶ
404 2785 452 2820 τῆς
469 2785 516 2811 τοῦ
535 2785 615 2819 λόγου
630 2785 719 2818 ἀξῖας,
736 2787 782 2812 καὶ
799 2787 850 2821 μά-

61 2831 144 2858 λιστα
170 2831 220 2865 τῆς
247 2831 394 2866 ποιητικῆς
417 2832 517 2866 ἀρετῆς
542 2832 671 2866 φροντίδα
697 2832 849 2867 τιθέμενος,

63 2877 135 2910 τέως
158 2877 207 2912 μὲν
232 2877 278 2904 τὸν
301 2880 401 2905 σκοπὸν
423 2877 587 2912 προσωπείῳ
613 2878 677 2911 τινὶ,
694 2878 850 2905 οὐδὲτοῦτο

906 2280 953 2306 καὶ
971 2280 1029 2311 τοῖς
1045 2278 1136 2309 ἄλλοις
1161 2278 1215 2304 τῶν
1233 2278 1365 2313 ποιητῶν,
1384 2278 1526 2309 αίδεστέος
1543 2279 1663 2313 μάλιστα
1677 2279 1691 2305 ό

905 2326 984 2361 ἀνὴρ,
1002 2327 1044 2353 ὅτι
1072 2325 1157 2360 μηδὲν
1181 2325 1250 2360 ἔχων
1278 2326 1366 2352 εἰπεῖν
1394 2334 1456 2352 τινα
1483 2324 1538 2351 τῶν
1562 2325 1691 2351 ἁπάντων

905 2370 1026 2398 τοσαῦτα
1043 2371 1197 2397 πεπονθότα
1212 2371 1363 2406 πράγματα
1375 2390 1382 2403 ,
1404 2371 1479 2406 ὅμως
1496 2371 1578 2402 αὐτὸς
1600 2371 1690 2397 τετόλ-

908 2425 978 2451 μηκε
994 2417 1160 2449 πλάσασθαι,
1182 2418 1216 2444 ἵν’
1237 2418 1269 2444 ἐκ
1284 2417 1510 2453 παραδείγματος
1529 2417 1690 2452 τηλικούτου

905 2464 1018 2497 διδάξειε
1032 2464 1095 2494 τοὺς
1109 2464 1272 2498 ἀνθρώπους
1290 2463 1328 2499 μὴ
1343 2463 1535 2497 δυσχεραίνειν
1546 2464 1607 2494 ταῖς
1622 2471 1690 2498 συμ-

905 2511 1011 2544 φοραῖς,
1033 2509 1101 2545 μηδὲ
1130 2511 1187 2540 τοῖς
1210 2509 1307 2539 δεινοῖς
1333 2508 1543 2541 ὐποκλίνεσθαι,
1559 2509 1620 2536 ἀλλ’
1640 2510 1689 2536 ἁν-

905 2557 1000 2591 δρείως
1016 2557 1171 2584 ἐνίστασθαι
1185 2557 1257 2583 κατὰ
1272 2556 1337 2590 γοῦν
1355 2556 1469 2590 δύναμιν
1494 2556 1681 2592 ἀνθρωπίνην,

906 2601 974 2636 πρὸς
996 2602 1126 2637 τοιαύτην
1142 2601 1288 2636 βλέποντες
1306 2601 1418 2635 στήλην.
1437 2600 1506 2627 Οὔτε
1519 2603 1583 2640 γὰρ,
1600 2600 1690 2637 οἶμαι,

906 2647 1001 2673 πενίαν
1021 2646 1125 2681 ὀδύρετ’
1142 2646 1175 2673 ἄν
1200 2655 1242 2677 τις
1272 2646 1366 2673 ἐνθάδε
1393 2647 1477 2681 ὁρῶν,
1504 2648 1551 2674 καὶ
1581 2648 1615 2674 τὰ
1642 2648 1690 2675 τοῦ

903 2693 996 2728 ἥρωος
1017 2692 1127 2719 σκοπῶν
1153 2693 1332 2727 ἀτυχήματα,
1357 2693 1418 2719 οὕτε
1447 2694 1610 2728 γύμνωσιν,
1634 2693 1690 2720 οὔτ’

904 2739 1012 2773 ἐξορίαν
1025 2758 1032 2770 ,
1054 2740 1084 2765 οὔ
1100 2739 1230 2772 ναυάγιον
1243 2759 1251 2770 ,
1278 2739 1410 2773 οὐμενοῦν
1434 2739 1464 2765 οὺ
1491 2740 1642 2771 κινδύνους,
1658 2741 1689 2766 οὐ

903 2786 1021 2820 πλάνην,
1040 2786 1089 2812 οὐκ
1115 2785 1264 2821 ἐπιόουλὴν
1289 2785 1384 2820 φίλων,
1401 2785 1448 2820 οὐχ
1461 2786 1577 2821 ἑταίρων
1590 2787 1686 2813 dtu—.063-

905 2833 965 2867 λὴν,
980 2833 1009 2858 οὐ
1025 2831 1139 2860 θάνατον
1153 2832 1245 2866 αὐτὸν,
1262 2833 1277 2860 ἢ
1294 2833 1369 2868 παρὰ
1383 2834 1432 2867 τῆς
1451 2833 1557 2867 φύσεως
1580 2834 1596 2870 ἦ
1615 2836 1690 2869 παρά

903 2878 951 2912 τῆς
969 2877 1068 2910 ἔξωθεν
1082 2878 1184 2912 ἥκοντα
1207 2878 1268 2912 βίας
1281 2886 1287 2893 ’
1314 2879 1373 2905 οὐδὲ
1394 2879 1474 2906 πάνθ’
1491 2879 1540 2906 ὅσα
1558 2881 1687 2916 συμπτώρ
