1913 3067
79 157 132 188 673
798 158 963 190 NOTlTlA.
1651 156 1704 190 67‘

83 222 136 242 nec
151 214 319 249 divinijuris
341 222 412 247 esse,
430 215 477 242 sed
496 219 600 242 tantum
618 223 632 242 a
653 215 781 244 Patrihus
797 221 825 243 ct
852 214 1067 250 imperatoribus
1085 221 1257 245 concessum,
1276 221 1327 241 nec
1345 218 1435 241 tamen
1451 213 1532 241 talem
1558 217 1585 241 et
1600 218 1702 243 tantam

80 266 138 285 rem
152 266 208 285 sane
223 258 435 292 praeminentia}
450 265 521 291 esse,
534 264 662 293 quamam
680 267 746 294 papa
760 267 834 286 nunc
849 260 924 286 nullo
951 259 1002 286 sibi
1017 258 1080 294 jure
1092 263 1216 293 usurpat.
1234 258 1334 285 Verum
1349 262 1400 287 est.
1417 258 1489 285 hunc
1520 258 1650 286 infamem
1673 264 1703 286 et

82 307 271 331 sescentorum
286 302 450 337 ﬂagitiorum
460 303 574 330 maculis
586 304 757 330 notissimum
776 303 994 334 Schismaticum,
1013 303 1071 331 sive
1088 302 1179 337 potius
1194 303 1363 333 htereticum,
1392 303 1502 335 similia,
1524 303 1580 330 imo
1609 303 1702 339 pejora

79 346 180 380 scripta
194 346 312 380 posteris
326 346 471 374 tradidisse
483 355 490 379 ;
505 347 553 374 sed
573 347 736 381 quibusnam
756 348 928 374 documentis
939 347 1138 382 probabilibus,
1156 351 1201 373 aut
1215 347 1433 377 necessariis,vel
1450 352 1479 374 ut
1491 348 1648 382 expressius
1660 347 1703 374 di-

79 398 152 422 cam,
164 391 312 418 cruentatis
327 391 434 418 hastis?
447 391 529 419 Levia
557 398 631 423 sunt.
648 396 675 420 et
697 393 786 423 nihili.
802 397 829 419 et
845 400 898 419 non
916 399 956 423 re.
971 392 1018 419 sed
1032 393 1065 419 ad
1091 393 1206 426 gratiam
1225 393 1453 427 nequissimorum
1467 393 1608 421 hominum
1623 402 1705 429 argu.

82 440 172 462 menta
183 440 320 468 contorta,
335 436 408 470 quod
422 444 455 463 ex
466 437 646 463 conclusione
672 437 763 472 operis
777 437 873 464 maniis

936 436 1085 471 colligitur.
1101 437 1256 470 Κεφάλαιον
1271 437 1327 464 τῶν
1341 438 1512 472 λεγομένων.
1533 438 1606 470 Ἕως
1622 439 1672 473 μὲν
1687 440 1703 465 ὁ

83 480 201 510 πάππας
220 479 302 509 σώζει
316 480 367 513 τὴν
381 480 471 512 τάξιν,
494 481 543 506 καὶ
559 482 628 515 μετὰ
643 481 693 516 τῆς
706 481 836 515 ἀληῡείας
849 481 960 514 ἔστηκε,
973 480 1020 506 καὶ
1037 480 1087 514 τῆς
1102 479 1213 515 πρώτης
1243 481 1290 507 καὶ
1306 481 1402 515 κυρίας
1417 482 1502 516 ἀρχῆς
1519 482 1569 508 οὐκ
1585 482 1703 516 ἀφίστα-

81 532 138 556 ται,
155 524 201 550 καὶ
220 523 325 558 κεφαλὴ
341 524 390 558 τῆς
405 523 581 559 Ἐκκλησίας,
597 525 645 551 καὶ
659 525 805 559 ἀρχιερεὺς
825 525 924 560 ἄκρος,
945 524 993 550 καὶ
1011 524 1131 558 Πέτρου,
1147 525 1195 550 καὶ
1211 525 1320 552 πάντων
1338 526 1496 552 ἀποστόλων
1506 526 1639 561 διάδοχος,
1655 527 1703 553 καὶ

80 568 121 593 δεῖ
133 570 237 599 πάντας
252 567 328 602 αὐτῷ
342 567 497 600 πείθεσθαι,
513 569 560 594 καὶ
581 568 668 600 οὐδὲν,
694 568 768 603 ὂτὴν
790 569 873 603 τιμὴν
896 569 1003 594 ἐκείνου
1028 571 1123 603 χωρεῖ.
1150 569 1180 594 Ei
1192 569 1221 595 δὲ
1243 571 1293 602 τῆς
1309 570 1439 604 ἀληθείας
1457 571 1653 606 ἀποχωρήσας,
1669 572 1700 598 οὐ

81 610 205 646 βούλεται
224 611 305 638 πάλιν
320 611 389 646 πρὸς
404 612 512 645 ἐκείνην
527 612 680 643 ἐπανιέναι,
701 612 815 645 τὴντῶν
830 621 873 638 κα·

931 621 984 638 κων
1000 612 1133 640 miserat.
1154 612 1264 639 Summa
1276 614 1406 640 dictorum
1420 614 1475 640 haec
1489 619 1526 640 est
1539 622 1548 641 :
1567 615 1703 647 Quamdiu

80 658 183 692 quidem
200 665 270 692 papa
290 657 410 684 ordinem
423 661 522 689 servat,
536 662 559 684 et
575 665 634 684 cum
651 659 760 684 veritate
775 662 838 690 stat,
857 667 872 685 a
887 659 972 693 primo
986 663 1012 684 et
1039 659 1146 694 propria
1171 660 1319 694 principatu
1340 668 1392 686 non
1415 666 1570 691 removetur.
1587 667 1610 689 et
1624 668 1705 698 caput

79 703 129 728 erit
148 701 271 728 Ecclesiw
281 705 306 727 et
318 698 442 728 summus
452 701 582 736 pontifex,
594 706 616 727 et
628 701 701 728 Petri
732 701 948 737 reliquorumque
958 702 1138 738 apostolorum
1151 711 1294 734 successor.
1312 712 1452 738 omnesque
1471 706 1495 731 ei
1506 705 1609 732 obedire
1616 715 1697 741 apor-

80 749 116 771 tet
129 756 136 772 :
149 744 265 779 nihilque
279 749 316 771 est
335 744 405 779 quod
419 745 501 779 ipsius
513 745 605 772 honori
620 745 754 772 detrahat.
769 744 798 772 Si
812 754 872 772 vero
884 754 900 772 a
918 754 969 780 qua
983 746 1064 773 semel
1074 748 1183 773 veritate
1194 748 1337 779 recesserit,
1351 749 1386 774 ad
1397 757 1455 775 eam
1467 749 1551 776 redire
1579 751 1704 781 noluerit.

80 789 269 815 damnatorum
285 788 367 823 panis
381 788 431 814 erit
443 788 580 815 obnoxius.
596 788 692 822 Fulget
702 789 870 816 orichalcum
886 809 893 819 ι
909 790 957 816 sed
974 790 1078 824 pallens
1090 798 1186 818 aurum
1200 791 1300 818 melius
1325 797 1376 818 est.
1401 793 1526 819 Nondum
1546 793 1589 820 vel
1605 801 1620 820 a
1632 793 1705 825 Nilo,

84 833 126 859 vel
142 832 177 859 ab
191 832 247 859 ullo
262 832 317 859 alio
339 832 496 859 rati0uibus
509 833 670 866 conquisitis
694 832 837 866 probatum
863 838 916 865 est,
942 841 993 861 nec
1009 834 1173 869 probabitur
1193 835 1220 862 in
1235 840 1374 870 posterum
1391 844 1406 863 a
1439 844 1588 872 quoquam,
1605 846 1701 873 papam

80 880 205 906 ordinem
221 886 276 905 non
290 886 425 910 servasse,
438 884 465 905 et
481 880 627 906 veritatem
646 879 756 906 missam
771 879 879 906 iecisse.
895 882 1020 914 Quanam
1050 890 1115 917 ergo
1136 884 1243 910 ratione
1269 891 1284 910 a
1299 884 1389 918 primo
1416 889 1445 911 et
1475 885 1587 919 proprio
1603 886 1706 920 princl-

81 927 147 957 patu
162 927 285 950 remotus
298 927 341 950 est
353 923 365 948 ἵ
381 922 499 957 ideoque
511 930 562 949 nec
575 928 657 957 caput
672 923 813 955 Ecclesim,
824 931 874 950 nec
887 931 1013 950 summus
1027 924 1159 958 pontifex,
1180 932 1231 952 nec
1243 932 1391 952 successor
1427 926 1509 958 Petri,
1530 933 1580 953 nec
1596 931 1706 960 aposto—

81 968 172 994 lorum
197 967 262 994 est?
289 967 461 994 constituant
480 967 508 994 in
535 967 624 1003 oculis
654 968 808 999 hominum,
841 968 913 1002 quod
939 967 1006 994 illud
1032 968 1141 994 tandem
1163 969 1209 998 sit,
1238 969 1310 1003 quod
1336 969 1424 1004 ipsius
1447 970 1544 997 honori
1574 971 1705 999 detraxit.

82 1011 136 1039 Nec
153 1019 167 1038 ο
191 1011 253 1038 Nilo
269 1011 383 1038 dissidet
399 1011 502 1045 reliqua
517 1012 757 1038 schismaticorum
774 1012 885 1039 cohors.
915 1012 948 1038 Et
963 1011 996 1038 de
1013 1012 1054 1038 his
1068 1012 1136 1038 alias
1166 1011 1273 1039 iusius:
1306 1013 1388 1040 modo
1400 1015 1470 1041 satis
1483 1014 1518 1042 sit
1529 1019 1704 1043 attrectasse.

120 1056 158 1083 De
170 1057 222 1083 hoc
237 1055 540 1083 NiloThessalonicensi
570 1056 761 1083 Bonaventura
779 1056 938 1086 Vulcanius,
970 1056 1018 1090 Ep.
1048 1055 1080 1082 ad
1099 1056 1229 1083 lectorem
1255 1057 1362 1091 praefixa
1380 1058 1455 1085 dicto
1479 1059 1630 1093 opusculo:
1669 1060 1707 1087 De

83 1106 190 1128 auctore
207 1101 284 1134 hujus
297 1100 389 1135 scripti
399 1101 504 1127 variant
522 1100 658 1127 doctorum
671 1101 820 1127 sementim.
836 1099 956 1127 Varietas
974 1101 1034 1126 hinc
1071 1105 1147 1131 nata,
1166 1101 1235 1135 quod
1246 1100 1307 1127 Nilo
1319 1101 1395 1128 multi
1412 1102 1518 1136 fuerunt
1529 1105 1705 1138 cognomines.

83 1147 185 1174 Subdit
204 1147 332 1174 Neander
346 1156 352 1173 :
369 1146 449 1173 Nilus
464 1147 570 1182 quando
585 1147 690 1178 vixerit,
703 1155 756 1173 non
769 1147 833 1173 satis
847 1150 959 1173 constat.
978 1146 1043 1173 Vixit
1053 1155 1118 1173 sane
1129 1151 1187 1182 post
1207 1147 1297 1174 Caroli
1309 1147 1402 1182 Magni
1415 1149 1495 1183 primi
1509 1148 1706 1177 Germanorum

92 1191 261 1227 imperatoris
274 1195 410 1225 tempora;
421 1191 540 1225 septimae
564 1199 679 1226 namque
696 1191 791 1226 synodi
807 1190 946 1224 aliquoties
964 1191 1121 1217 mentionem
1134 1191 1198 1225 laci!
1214 1192 1260 1225 lc).
1278 1192 1359 1218 Esto:
1372 1191 1540 1227 vixeritpost
1553 1193 1644 1221 Caroli
1669 1194 1706 1221 M.

85 1241 219 1270 tempora,
230 1241 293 1261 eum
308 1234 430 1268 septimae
444 1234 541 1269 synodi
554 1241 653 1261 nomen
667 1235 790 1270 attingat.
803 1234 862 1261 Non
873 1235 940 1261 satis
953 1239 1062 1262 constat
1076 1235 1196 1266 interim,
1208 1243 1264 1270 quo
1278 1240 1403 1269 tempore
1415 1237 1523 1264 vixerit.
1543 1237 1706 1270 Salmasius,

82 1279 117 1306 de
145 1278 284 1313 opusculis
311 1278 364 1305 Nili
378 1278 631 1305 Thessalonicensis
644 1277 677 1305 ad
689 1278 821 1306 lectorem
843 1278 950 1310 scribit,
967 1279 1020 1306 sibi
1035 1285 1173 1310 constare,
1190 1279 1261 1306 hunc
1276 1279 1366 1307 Nilum
1377 1288 1438 1308 esse
1468 1282 1702 1315 recentissimum;

83 1325 195 1351 Thoma!
207 1324 281 1351 enim
297 1324 442 1359 Aquinatis
456 1324 482 1350 iu
503 1324 565 1351 aliis
578 1325 690 1359 scriptis
703 1324 771 1356 suis,
789 1332 850 1358 quze
868 1323 990 1351 nondum
1005 1323 1078 1350 edita
1103 1328 1179 1354 sunt,
1195 1324 1331 1354 meminit.
1345 1328 1374 1351 et
1396 1324 1516 1352 Thomas
1538 1326 1582 1352 ille
1608 1333 1707 1353 recen-
1758 1337 1765 1345 ι

85 1369 207 1395 tissimus
217 1373 270 1396 est.
286 1368 395 1396 Poterat
405 1372 496 1395 tamen
509 1368 628 1396 certiora
637 1373 759 1403 tempora
770 1368 907 1403 praeﬁnire
920 1388 927 1399 ,
936 1367 1000 1394 dum
1014 1375 1028 1394 a
1042 1367 1147 1394 Thoma
1160 1367 1294 1401 Aquinate
1308 1367 1341 1394 ad
1371 1368 1444 1395 hunc
1455 1368 1545 1396 Nilum
1556 1378 1610 1397 non
1623 1371 1706 1398 breve

85 1416 219 1450 temporis
236 1415 354 1450 spatium
371 1415 534 1443 intercedat.
551 1415 631 1443 Hunc
645 1423 712 1451 ergo
730 1415 820 1443 Nilum
837 1422 888 1442 nos
904 1415 956 1442 sub
971 1414 1076 1442 Joanne
1091 1413 1285 1441 Cantacuzeno
1301 1414 1404 1441 vixisse
1419 1415 1538 1450 ﬁgimus.
1561 1424 1614 1444 una
1642 1424 1705 1444 cum

84 1459 198 1486 Nicolao
214 1459 351 1489 Cabasila,
365 1459 398 1486 ad
415 1466 497 1494 quem
511 1459 550 1486 uti
566 1460 637 1494 πρὸς
646 1460 692 1486 τὸν
711 1459 792 1486 αὑτοῦ
805 1459 873 1494 ἀνεψ

931 1458 969 1494 (cl)
997 1457 1121 1492 ejusdem
1145 1457 1199 1484 Nili
1219 1461 1308 1484 exstat
1332 1458 1444 1493 epistola
1462 1459 1606 1495 theologica
1625 1461 1707 1495 cujus

86 1503 271 1538 principium:
297 1503 365 1538 Περὶ
381 1503 487 1535 ἑννοίας
505 1504 559 1530 τῶν
574 1504 800 1539 συγγραμμάτων
811 1511 858 1530 σου

931 1503 1020 1531 lodice
1036 1503 1166 1531 Vaticano
1176 1503 1238 1534 632,
1256 1503 1394 1530 Demetrio
1408 1503 1590 1539 Chrysolorte,
1609 1505 1706 1533 Deme-

86 1548 140 1574 trio
171 1552 200 1575 et
220 1546 360 1574 Prochoro
375 1547 506 1583 Cydoniis
529 1547 671 1580 fratribus,
685 1555 734 1583 pro
754 1555 809 1582 quo
824 1547 965 1575 Prochoro
980 1551 1066 1575 exstat
1088 1547 1218 1574 Demetrii
1229 1547 1323 1574 Oratio
1336 1547 1368 1574 ad
1384 1548 1557 1575 Philotheum
1585 1549 1705 1583 patriar-

85 1593 176 1618 cham.
196 1591 317 1626 Princip.
336 1591 391 1618 Νῦν
407 1592 485 1626 μόλις
498 1592 580 1627 ἔργον
591 1592 686 1627 ἀνδρὸς
698 1591 844 1623 ἁπεδείξω,
859 1600 873 1624 μ

931 1592 998 1626 ιέχρι
1011 1591 1122 1618 πολλοῦ.
1136 1591 1169 1618 Ει
1189 1591 1261 1625 quod
1281 1591 1368 1625 magis
1403 1600 1460 1619 rem
1481 1593 1590 1627 probat,
1607 1593 1708 1629 legitur

84 1637 168 1664 etiam
183 1636 264 1663 modo
275 1635 302 1662 in
315 1635 492 1664 Bibliotheca
518 1636 654 1663 Vaticana
683 1635 764 1663 codd.
781 1636 844 1668 673,
866 1636 919 1663 67t-
933 1641 962 1664 et
974 1635 1055 1668 1222,
1068 1635 1181 1663 Joannis
1198 1635 1382 1662 Cantacuzeni
1405 1637 1551 1672 responsio
1581 1637 1614 1664 ad
1632 1639 1706 1666 dicta

88 1682 237 1710 l’rochori:
261 1682 328 1717 Περὶ
344 1682 438 1714 οὐσίας
456 1682 504 1709 καὶ
517 1682 659 1718 ἐνεργείας
671 1681 750 1715 Θεοῦ,
769 1682 806 1710 De
826 1691 873 1710 esst

931 1691 939 1709 ι
955 1687 980 1709 et
997 1683 1148 1718 operatione
1172 1682 1273 1709 divina.
1292 1682 1412 1717 Princip.
1439 1683 1580 1718 Περὶσμὲν
1592 1682 1638 1712 οὗν
1652 1685 1707 1712 τῶν

85 1727 137 1762 τῆς
148 1727 290 1762 ἑνεργιίας
303 1727 352 1753 τοῦ
364 1726 433 1753 Θεοῦ
446 1727 527 1753 εἰδῶν
542 1727 614 1754 κατὰ
628 1728 679 1763 τὴν
698 1729 727 1754 ὲν
740 1728 896 1762 προοιμίοις
921 1727 1101 1761 ἐπαγγελίαν.
1117 1727 1182 1754 Item
1198 1727 1322 1762 ejusdem
1341 1736 1348 1754 :
1365 1727 1563 1763 ‘Amppnma
1579 1729 1648 1763 πρὸς
1672 1730 1708 1756 τὰ

87 1771 267 1806 προαγόμινα
284 1771 354 1806 ῥητὰ
367 1771 422 1798 τῶν
437 1771 525 1805 ἁγίων
546 1772 599 1798 ὑπὸ
615 1771 755 1808 Προκόρου
768 1771 815 1798 τοῦ
833 1772 873 1798 Κυ

931 1779 956 1807 η.
976 1771 1151 1798 Antirrhetica
1166 1771 1201 1797 ad
1219 1771 1289 1797 dicta
1310 1770 1423 1797 Patrum
1445 1771 1531 1799 allata
1547 1781 1563 1799 a
1575 1772 1708 1800 Prochoro

87 1816 215 1851 Cydonio.
236 1815 426 1851 Principium:
444 1815 535 1848 Ὀλως
556 1817 606 1851 μὲν
624 1817 674 1844 οὐκ
697 1817 761 1850 lost,
775 1814 798 1843 ὣ
831 1815 873 1842 οὔτ

945 1814 1169 1849 ἀπολογήσασθαί
1200 1823 1232 1849 με
1266 1815 1334 1849 πρὸς
1358 1815 1393 1842 τὰ
1420 1815 1565 1851 λεγόμενα.
1591 1818 1708 1845 Probant

75 1858 169 1886 etiam
199 1859 322 1886 eamdem
352 1863 460 1887 atatem
485 1860 546 1888 alia:
572 1861 816 1888 commentationes
833 1859 930 1886 eodem
960 1864 1082 1893 tempore
1097 1859 1275 1888 concinnatae,
1293 1860 1332 1885 uti
1364 1859 1494 1888 Demetrii
1526 1860 1707 1896 Chrysoloraa.

88 1903 166 1930 Κατὰ
179 1903 302 1930 Λατίνων
316 1902 395 1937 λόγος
427 1904 600 1937 συνοπτικὺς,
619 1904 665 1938 ἀφ’
681 1902 718 1931 ὦν
734 1904 845 1939 inatque
855 1903 952 1935 Νεῖλος
965 1903 1181 1938 ἅρχιεπίσκοπος
1196 1901 1408 1937 Θεσσαλονίκης.
1436 1903 1604 1939 Principium
1620 1913 1627 1931 :
1645 1906 1708 1941 ’Δρ-

87 1947 152 1981 χαια
162 1947 226 1980 δόξα
241 1947 291 1981 τῆς
319 1947 485 1982 Ἐκκλησίας
507 1947 545 1979 ὡς
574 1949 605 1974 ὲκ
619 1947 666 1974 τοῦ
685 1947 750 1974 Υιοῦ
764 1948 796 1974 τὸ
814 1947 937 1982 Πνεῦμα.
949 1944 1016 1974 ltem
1039 1945 1161 1980 ejusdem
1177 1946 1305 1980 Διάλογος
1319 1947 1492 1982 ἁναιρετικδς
1505 1948 1552 1974 τοῦ
1567 1949 1658 1983 λόγου,
1676 1950 1706 1976 ὃν

88 1991 208 2026 ἔγραψεν
222 1991 379 2026 Δημήτριος
390 1993 404 2018 ὁ
421 1991 552 2026 Κωδώνης
566 1992 637 2018 κατὰ
652 1992 699 2018 τοῦ
714 1992 917 2028 θεσσαλονίκης
932 1993 1029 2027 κυρίου
1055 1992 1151 2018 Νείλου
1169 1991 1216 2017 τοῦ
1229 1991 1382 2019 Καῦασίλα.
1399 1991 1567 2027 Principium
1585 2001 1591 2020 :
1610 1994 1708 2028 Μέγας

89 2035 141 2068 μὲν
155 2037 170 2062 ό
183 2035 237 2061 τῶν
257 2036 403 2070 ὁμοφύλων
419 2035 481 2062 καθ’
501 2035 581 2071 ἡμῶν
592 2036 722 2071 πόλεμος,
740 2040 768 2063 et
780 2038 873 2063 tander

935 2044 949 2063 c
962 2036 1040 2071 plura
1062 2036 1116 2063 huc
1129 2042 1267 2070 aggeram,
1286 2035 1416 2063 Demetrii
1430 2036 1547 2071 Cydonii
1562 2037 1632 2072 πρὸς
1642 2040 1706 2070 τοὺς

87 2080 135 2106 τοῦ
150 2079 292 2106 Καὸασίλα
309 2080 439 2114 ἐλέγχους
453 2080 523 2107 κατὰ
536 2080 591 2107 τῶν
603 2081 667 2115 περὶ
682 2081 729 2115 τῆς
742 2080 937 2115 ὲκπορεύσεως
960 2080 1008 2106 τοῦ
1023 2080 1103 2114 ἁγίου
1133 2079 1294 2114 Πνεύματος
1313 2079 1470 2113 κιφαλαίων
1489 2080 1537 2106 τοῦ
1566 2082 1706 2116 μακαρίου

87 2125 185 2158 Θωμᾶ.
205 2123 374 2158 Principium
391 2132 398 2150 :
421 2124 453 2150 'H
471 2125 521 2159 μὲν
544 2125 617 2152 κατὰ
642 2125 767 2152 Λατίνων
781 2124 922 2159 προθυμία
936 2124 984 2150 τοῦ
998 2125 1094 2159 ἀνδρὸς
1122 2124 1218 2150 τούτου
1242 2123 1349 2158 μεγάλη
1375 2123 1423 2149 καὶ
1446 2123 1602 2160 θαυμαστή.
1622 2125 1655 2152 Ει
1672 2133 1707 2154 ne

88 2169 220 2202 patientia
236 2174 280 2195 tua
301 2169 407 2198 abutar.
424 2168 528 2196 videsis
545 2176 594 2203 per
610 2173 637 2196 te
649 2169 736 2204 ipsum
752 2168 974 2197 Cantacuzennm
994 2169 1021 2195 in
1040 2168 1169 2201 Historia,
1187 2172 1214 2195 et
1230 2168 1401 2202 potissimum
1419 2167 1468 2194 lib.
1483 2176 1510 2200 v,
1524 2176 1584 2204 cap.
1607 2170 1651 2197 16.
1667 2170 1706 2198 Ihi

87 2217 182 2240 narrat
199 2213 347 2247 imperator
363 2211 572 2241 Cantacuzenus
594 2221 623 2241 se
638 2214 771 2241 molestiis
792 2215 896 2241 exsolvi
922 2214 1089 2248 cupientem,
1103 2220 1136 2240 ac
1163 2220 1251 2248 genus
1270 2213 1380 2240 vivendi
1407 2213 1544 2248 placidqu
1575 2215 1706 2243 minime-

87 2265 142 2291 que
157 2257 328 2292 negotiosum
339 2257 534 2292 suspirantem,
551 2265 613 2285 cum
632 2258 773 2286 statuisset
800 2259 931 2285 translato
946 2258 1062 2293 imperio
1077 2257 1274 2284 monachorum
1299 2257 1425 2285 instituta
1444 2259 1556 2291 sectari,
1584 2260 1618 2286 ad
1634 2260 1706 2288 hanc

87 2300 271 2328 secessionem
287 2300 376 2327 socios
388 2300 525 2328 addidisse
538 2300 680 2328 Nicolaum
693 2301 845 2329 Cabasilam
877 2306 905 2329 et
930 2302 1099 2329 Demetrium
1111 2300 1260 2336 Cydonem,
1274 2302 1319 2336 qui
1334 2306 1448 2329 externa:
1478 2303 1615 2338 sapientia
1631 2304 1708 2338 fasti-

86 2348 160 2379 gium
174 2345 329 2378 attigerant,
347 2348 372 2370 et
386 2344 499 2371 moribus
522 2344 733 2380 philosophantes
747 2346 827 2372 vitans
851 2347 978 2378 cwlibem,
995 2345 1229 2380 conjugaliumque
1259 2345 1486 2380 perturbationum
1502 2352 1634 2382 expertem
1649 2357 1708 2375 am—

87 2388 158 2424 plexi
173 2388 288 2422 fuerant.
305 2386 433 2420 Quocirca
448 2387 610 2423 pracipuum
618 2390 712 2424 gratim
736 2390 869 2421 amicitia,
886 2395 911 2417 et
930 2390 1123 2424 familiaritatis
1149 2389 1235 2416 locum
1250 2390 1320 2425 apud
1348 2391 1534 2424 imperatorem
1545 2391 1707 2419 obtinebant.

89 2436 171 2463 N0tat
183 2440 312 2470 presteres
325 2434 475 2462 Salmasius
486 2435 588 2463 ibidem
603 2443 657 2463 non
673 2436 850 2465 mediocriter
865 2445 958 2464 errare
979 2437 1067 2464 virum
1078 2436 1298 2464 eruditissimum
1315 2437 1364 2473 (e),
1381 2439 1429 2472 qui
1449 2437 1541 2464 Nilum
1557 2437 1708 2465 Thessalu-

88 2527 97 2554 ι
127 2492 162 2552 (ἶ)
180 2491 280 2518 Eadem
297 2489 377 2517 Flacii
403 2491 484 2531 verba
499 2496 573 2524 sunt,
590 2491 694 2527 praefat.
720 2492 753 2519 ad
770 2492 823 2520 Nili
837 2492 872 2520 li-

99 2534 131 2553 )l'l
148 2535 202 2552 illll.

99 2530 202 2553 n-llunt.
432 2529 434 2531 ’

124 2564 161 2595 (Α)
177 2562 204 2597 In
219 2561 234 2587 b
248 2560 286 2587 bl.
305 2560 427 2588 Caesarea
445 2565 513 2597 teste
526 2561 659 2592 Nessclio.
670 2570 695 2597 p.
708 2562 770 2594 555,
785 2567 874 2590 exstat

86 2596 234 2624 eliamNili
252 2597 334 2630 hujus
352 2596 470 2630 Epistula
486 2597 517 2623 ad
531 2605 634 2623 sororis
653 2596 710 2624 suae
729 2598 811 2624 lilium
828 2597 874 2624 Ni-

87 2634 195 2659 colaum
210 2631 374 2661 Cabasilam,
390 2631 424 2658 de
439 2630 567 2658 Oratione
593 2633 652 2666 ejus
680 2632 873 2659 encomiastica

87 2669 115 2694 in
129 2667 330 2708 S.‘llla!lyrelll
359 2666 543 2708 Deuretriuln:
573 2667 777 2708 'blntorplijlaoﬁ
795 2669 874 2708 ,πρὸς

89 2701 193 2737 μητρὸς
222 2701 294 2726 Θείου
319 2702 396 2738 διυρῴ
420 2701 546 2738 Ιξλικολαῳ
563 2702 602 2736 τῷ
618 2702 874 2738 Καῦασί).ᾳ,ιὰγιω-

86 2745 171 2762 τατου
194 2736 393 2772 μητροπολίτου
414 2736 627 2772 βεσσαλονίκης,
656 2736 869 2772 κυροῦΝείλου,

87 2772 257 2803 Principium
275 2772 355 2804 hujus
373 2770 499 2805 Epistolas
514 2770 618 2799 nonest
634 2781 648 2799 ο
666 2770 774 2799 verbis:
797 2772 828 2798 'H
844 2772 872 2798 δὲ

86 2807 162 2832 atria
179 2805 292 2842 omne}:
307 2803 341 2842 ἣν
351 2803 402 2842 καί
423 2803 474 2842 es;
486 2807 625 2842 τέτακται.
643 2812 669 2833 ιιι
686 2808 759 2842 legas
784 2807 811 2833 in
829 2815 874 2840 ap-

88 2842 204 2875 pendicc
220 2840 253 2866 ad
271 2840 301 2867 ν.
313 2841 343 2867 ti.
356 2841 431 2868 Guil.
446 2840 539 2867 Cavei.
554 2842 621 2869 Hist.
637 2840 810 2873 litterariam,
827 2842 874 2867 sed

89 2876 171 2904 Verba
184 2875 228 2902 illa
243 2875 348 2902 librarii
374 2880 458 2907 sunt,
482 2877 580 2908 quibus
600 2878 740 2908 rutmncml
766 2877 877 2903 tuanil‘e-

927 2497 996 2520 stam
1012 2499 1072 2519 esse
1091 2492 1149 2523 ait,
1167 2499 1251 2526 quare
1271 2492 1298 2519 in
1320 2491 1420 2519 Codice
1433 2492 1478 2519 illo
1503 2491 1627 2518 Ctt'sareo
1641 2492 1708 2520 0ra~

928 2529 1050 2555 tionibus
1068 2526 1200 2554 Gabasilte
1243 2527 1295 2554 Nili
1309 2527 1429 2560 Epistula
1443 2527 1632 2562 subjungulur.

963 2563 999 2596 (ε)
1027 2562 1126 2588 Bonav.
1162 2561 1321 2589 liulcunium
1337 2563 1363 2588 in
1395 2563 1469 2596 νηοί.
1489 2563 1521 2588 ad
1534 2562 1587 2588 Nili
1603 2564 1704 2591 librum

929 2597 968 2624 De
981 2598 1095 2631 primatu
1109 2604 1185 2631 papa:
1197 2597 1301 2623 editum
1320 2606 1334 2624 a
1348 2605 1376 2624 se
1392 2605 1407 2624 e
1421 2605 1472 2624 ms.
1488 2597 1558 2624 Bibl.
1572 2598 1706 2626 Vaticana:

928 2638 954 2659 et
974 2631 1070 2658 Latine
1082 2632 1218 2658 redditum
1230 2631 1315 2666 Lugd.
1338 2632 1395 2658 ttat.
1412 2632 1492 2664 1595,
1521 2635 1547 2664 8,
1563 2633 1634 2666 apud
1651 2633 1702 2660 Ra-

929 2667 1114 2702 phelengium.
1131 2666 1279 2701 Subjuuxit
1294 2674 1376 2701 porro
1393 2667 1540 2695 Vulcanius
1569 2666 1663 2695 Graece
1677 2675 1705 2696 et

929 2703 1026 2729 Latine
1040 2702 1148 2728 initium
1163 2702 1369 2736 disceptationis
1381 2702 1466 2729 Graeci
1481 2707 1508 2729 et
1522 2705 1704 2737 quorumdam

924 2737 1112 2771 καλδηναρίων
1128 2737 1329 2770 (cardinalium)
1343 2742 1424 2771 atque
1442 2743 1568 2772 excerpta
1582 2738 1706 2771 quadam

925 2773 1014 2806 ejusd.
1029 2773 1218 2806 argumenticx
1234 2773 1293 2799 aliis
1305 2772 1359 2799 Nili
1374 2772 1486 2806 scriptis
1497 2779 1524 2800 et
1537 2772 1659 2799 libellum
1672 2774 1706 2801 de

928 2807 990 2842 igne
1012 2807 1179 2841 purgatorio.
1198 2808 1319 2842 ejusdem
1334 2808 1503 2834 utcredihile
1516 2807 1640 2841 est,Nili,
1652 2808 1708 2836 nisi

929 2841 1020 2869 Marco
1039 2841 1244 2875 Eplicsioillu’m
1267 2844 1389 2870 tribuere
1413 2843 1500 2870 malis.
1516 2842 1614 2870 Latine
1630 2843 1708 2871 dcui-

931 2885 984 2908 quc
1002 2877 1143 2906 subiunxit
1160 2877 1292 2906 Exccruta
1302 2886 1316 2906 c
1329 2878 1434 2906 svnodo
1449 2877 1616 2906 Florentino.
