1913 3067
190 195 242 226 735

762 189 944 221 ΜΛΤῙῊῈΙ
962 189 1231 220 CARYOPHYLLI

1752 187 1806 220 756

189 250 251 279 fidei
276 249 396 281 adamas,
426 248 504 283 cuius
527 246 614 275 solida
646 253 723 274 mens
748 245 969 281 aggressionibus

1028 245 1148 280 lapéoou
1160 243 1208 270 τοῦ
1227 243 1306 270 πάπα
1321 251 1329 259 '
1347 248 1363 269 α·
1376 243 1430 270 Καὶ
1450 243 1576 277 Δάμασος
1593 243 1607 269 ὁ
1622 242 1730 278 ἀδάμας
1758 245 1807 278 τῆς

189 304 270 332 atque
285 296 456 324 conﬂictibus
474 295 569 322 alienae
584 302 599 322 a
616 293 667 321 fide
685 293 826 329 opinionis
840 300 895 320 non
911 297 970 320 erat

188 343 375 372 vulnerabilis.
396 352 404 368 ι

224 431 301 465 Quod
319 432 391 459 enim
406 430 497 459 Grmce
514 431 618 463 dicunt,
634 430 734 457 vulnus
749 436 802 456 non
818 429 968 463 excipiens,

188 477 304 512 perinde
332 481 374 504 est
401 482 484 512 atque
512 476 733 508 invulnerabilis;
762 476 898 510 quomodo
922 475 969 510 qui

188 524 282 551 Grmce
297 523 457 557 loquuntur,
476 523 582 555 dicunt,
597 522 755 557 apparentia
771 527 798 549 et
815 529 868 548 non
886 528 969 556 appa—

188 570 289 603 rentia,
306 570 331 597 id
349 574 392 597 est
412 578 543 604 apparere
558 578 613 597 non
630 570 759 596 valentia.
778 569 811 596 Et
827 568 861 596 de
879 575 969 595 sacro-

187 619 281 642 sancta
309 614 479 642 Eucharistia
498 623 505 641 :
525 614 576 647 Qui
601 613 766 646 eomeditur,
786 617 813 640 et
841 620 896 638 non
922 611 970 638 ab-

187 660 314 692 sumitur,
334 660 361 687 id
378 664 420 686 cst
436 660 482 694 qui
500 658 606 686 absumi
624 666 678 685 non
697 662 795 692 potest.
815 658 873 690 Quo
890 663 969 691 part0

187 706 306 733 dicimus
321 706 403 732 etiam
419 705 503 732 solem
520 712 574 731 non
591 703 835 736 tenebrescentem,
849 706 877 729 et
892 707 968 729 tene-

186 752 250 779 bras
263 759 317 778 non
332 751 514 783 lncesccntes,
529 754 556 777 et
574 750 601 776 in
617 749 731 783 epistola
750 748 782 775 ad
800 748 967 783 Agathonem

187 803 282 831 papam
300 796 380 823 iidem
400 797 493 823 Patres
509 803 515 822 ε
531 805 540 821 ι
558 795 647 828 Quare
663 799 690 821 et
705 802 754 822 nos
774 794 819 821 tibi
835 799 863 820 ut
881 794 968 828 primo

188 841 322 868 universw
337 840 464 868 Ecclesiae
480 840 595 868 antistiti
612 840 677 874 quid
694 840 729 866 sit
743 839 877 874 agendum
893 846 968 866 com-

188 886 332 918 mittimus,
348 886 429 913 stanti
447 893 529 921 supcr
544 886 647 912 firmam
665 884 730 911 fidei
750 888 868 918 petram.
887 892 895 908 ι
914 882 969 911 lloc

162 938 165 942 '
188 940 272 959 unum
290 932 391 967 quippe
405 919 500 960 volunt
523 932 626 965 Patres,
643 939 751 966 papam,
767 930 831 965 quia
856 938 969 957 summa:
986 919 1006 948 θ

187 978 260 1005 sedis
283 979 427 1012 episcopus
447 983 498 1010 est,
515 983 589 1005 stare
609 985 692 1012 super
713 977 817 1004 ﬁrmam
842 977 903 1004 fidei
922 984 970 1011 pe-

188 1029 269 1051 tram.
290 1023 319 1051 Si
337 1031 401 1058 ergo
418 1031 487 1058 papa
502 1024 555 1050 hoc
568 1023 649 1050 habet
669 1028 699 1050 ut
717 1023 811 1058 prima:
826 1022 899 1050 sedis
912 1022 970 1057 epi-

186 1077 298 1104 scopus.
317 1075 390 1097 certe
410 1069 500 1096 omnis
524 1077 592 1104 papa
617 1069 668 1096 hoc
691 1068 783 1096 habet.
804 1068 852 1095 llis
872 1072 968 1095 testem

189 1123 218 1143 se
234 1115 280 1142 dat
296 1115 446 1150 imperator
461 1115 657 1143 Constantinus
674 1116 829 1151 Pogonatus
847 1115 874 1142 in
892 1122 970 1142 sacro

190 1161 324 1196 rescripto
341 1162 374 1188 ad
391 1161 510 1189 Leonem
530 1169 626 1196 papam
642 1170 650 1189 :
672 1171 681 1188 ε
701 1162 736 1189 Ει
756 1161 852 1196 gloria,
869 1161 968 1196 inquit,

189 1208 307 1243 gloriosa
324 1207 433 1235 facienti
451 1207 518 1240 Deo,
531 1208 578 1242 qui
596 1207 675 1235 fidem
692 1207 763 1242 apud
781 1215 829 1235 vos
845 1207 970 1241 indepra-

190 1260 279 1282 vatam
295 1256 478 1282 conservavit.
494 1254 638 1287 Quomodo
653 1254 726 1281 enim
741 1253 768 1281 id
781 1254 903 1288 facturus
916 1261 970 1281 non

189 1306 247 1328 erat
267 1301 293 1328 in
307 1308 338 1328 ea
361 1304 447 1334 petra,
462 1308 543 1335 super
558 1307 638 1335 quam
663 1300 720 1335 ipse
735 1297 860 1328 fundav‘it
876 1299 971 1327 Eccle-

190 1347 279 1379 siam;
299 1351 327 1374 et
348 1347 434 1381 portis
451 1346 542 1379 inferi,
558 1346 611 1373 hoc
622 1350 664 1373 est
679 1346 884 1378 hmrctieorum,
902 1345 970 1372 insi-

190 1392 254 1423 diis.
267 1399 405 1426 nunquam
421 1391 624 1419 succubituram
638 1391 783 1426 praedixit?
796 1398 829 1418 ex
844 1398 896 1425 qua
913 1395 972 1416 tan-

190 1445 272 1473 quam
285 1446 300 1465 e
313 1438 444 1465 CCL-lorum
457 1438 584 1465 convexis
599 1437 704 1465 ell'ulsit
715 1444 805 1464 sermo
820 1444 892 1464 verae
907 1444 972 1463 con—

191 1484 330 1516 fessionis,
346 1488 375 1511 et
394 1484 497 1512 Christi
518 1484 669 1510 amantium
688 1483 793 1510 animas
814 1482 972 1515 illustravit,

191 1524 220 1557 et
234 1529 414 1557 orthodoxam
433 1529 512 1556 fidem
529 1536 589 1563 quae
609 1528 754 1556 refrixerat
769 1528 942 1556 refocillavit.
960 1537 970 1553 ι

227 1622 332 1656 Quibus
346 1631 379 1650 ex
392 1623 484 1650 verbis
503 1623 557 1650 duo
566 1623 649 1650 habes
667 1631 674 1649 :
693 1621 812 1657 primum
823 1621 972 1649 Romanam

193 1663 285 1696 sedem
300 1673 412 1704 propter
426 1668 596 1696 fundatorem
613 1667 752 1695 Christum
768 1674 821 1694 non
837 1665 973 1693 substerni

194 1715 331 1742 machinis
351 1715 553 1747 haereticorum,
570 1715 641 1750 quod
664 1713 736 1741 idem
755 1713 826 1740 valet
845 1719 877 1739 ac
893 1711 915 1738 si
931 1710 975 1738 di-

194 1766 278 1794 ceret,
297 1769 350 1789 nou
371 1769 450 1796 posse
472 1761 623 1788 substerni.
642 1760 736 1788 Posito
755 1759 827 1786 enim
849 1764 976 1785 necessa-

195 1808 239 1836 rio
251 1808 443 1840 antecedente,
455 1808 646 1835 necessitatem
658 1806 744 1834 habet
756 1809 783 1832 et
794 1810 975 1838 consequens.

194 1854 277 1889 Atqui
303 1854 488 1881 necessarium
509 1857 550 1880 est
569 1852 670 1880 Christi
690 1850 893 1886 praedictionem
916 1855 975 1876 esse

193 1907 319 1927 veraecm
337 1909 343 1926 :
363 1907 430 1934 ergo
447 1898 633 1927 necessarium
657 1903 767 1932 quoque
790 1903 823 1923 ex
848 1894 976 1929 supposi—

195 1947 337 1980 tionc'est,
356 1946 447 1974 sedem
462 1946 536 1974 Petri
551 1952 605 1972 non
620 1951 680 1972 esse
698 1943 732 1971 ab
743 1936 902 1970 'baeresibus
925 1941 976 1968 do-

195 1994 334 2021 mabilem.
361 1993 438 2026 Quod
466 1993 571 2020 ratione
596 1989 829 2026 aequipollentium
854 1996 909 2016 non
935 1990 976 2014 est

196 2041 270 2068 aliud
284 2048 365 2074 quam
384 2038 552 2074 impossibile
567 2045 626 2065 esse
642 2032 738 2072 papam
758 2043 851 2064 errare
868 2035 894 2062 in
911 2034 973 2061 fide.

196 2088 320 2114 Alterum
335 2092 387 2118 est,
403 2087 551 2113 Romanam
571 2084 663 2112 sedem
680 2091 751 2116 esse,
769 2083 803 2110 de
819 2090 871 2117 qua
893 2082 977 2115 impc-

198 2139 273 2160 rator
293 2133 338 2160 ille
360 2133 480 2160 scribens
498 2132 530 2158 ad
547 2131 664 2158 Leonem
680 2130 713 2162 11,
727 2135 788 2164 post
808 2135 911 2157 sextam
932 2135 977 2163 sy-

197 2178 318 2210 nodum,
347 2187 356 2204 ε
373 2177 465 2205 Fidem
493 2177 582 2211 inquit
607 2177 633 2203 in
656 2183 688 2203 ea
707 2179 896 2203 conservatam
916 2180 977 2200 esse

198 2223 414 2258 indepravatam.
431 2232 439 2248 ι
457 2223 523 2250 Erat
545 2227 635 2249 autem
656 2222 678 2248 is
694 2220 748 2247 Leo
765 2220 929 2247 undecimus
944 2219 977 2246 ab

1021 291 1148 323 πῖατεως,
1165 291 1179 317 ὁ
1191 291 1249 322 ταῖς
1263 289 1425 324 ἑτεροδόξοις
1439 288 1602 324 προσϐολαῖς
1616 297 1645 316 τε
1661 289 1708 316 καὶ
1722 296 1806 324 προσ-

1020 337 1152 372 αρράξεσι
1185 336 1235 371 τὴν
1270 336 1415 363 ᾶντῑτυπον
1447 335 1559 371 γνώμην
1596 335 1626 362 οὐ
1658 335 1806 370 τιτρωσκὸ-

1022 393 1113 419 μενος.
1129 392 1137 408 ι
1704 392 1714 410 ι

1056 429 1092 456 Τὸ
1106 431 1160 464 γὰρ
1175 430 1204 457 οὐ
1219 430 1436 464 τιτρωσκόμενος
1454 430 1554 456 ταυτὸν
1565 429 1607 463 τῷ
1632 429 1668 464 μὴ
1687 429 1805 463 δυνάμε-

1020 484 1064 507 νος
1082 476 1217 510 τρωθῆναι
1230 484 1236 490 ·
1253 475 1346 510 ὥσπερ
1365 476 1453 509 φαμὲν
1471 476 1503 502 τὰ
1532 475 1682 510 φαινόμενα
1706 476 1752 501 καὶ
1767 475 1804 509 μὴ

1021 521 1180 556 φαινόμενα,
1197 522 1280 556 ἤγουν
1297 523 1334 556 μὴ
1348 522 1485 556 δυνάμενα
1499 521 1619 556 φανῆναι
1638 529 1646 537 ‘
1663 522 1709 548 καὶ
1723 521 1736 547 ὅ
1756 530 1806 547 πε-

1022 568 1048 603 ρὶ
1063 568 1113 602 τῆς
1129 567 1204 599 θείας
1230 568 1339 602 λῖγεται
1367 569 1520 599 κοινωνίας,
1545 569 1559 594 ὁ
1576 560 1731 602 ἐσθιόμενος
1756 569 1805 594 καὶ

1022 612 1058 647 μὴ
1070 612 1274 648 δαπανώμενος,
1288 614 1371 648 ἤγουν
1384 613 1554 639 δαπανᾶσθαι
1571 612 1608 647 μὴ
1635 612 1782 646 δυνάμενος
1795 621 1803 627 ·

1019 659 1089 686 οὕτω
1102 660 1191 694 φαμὲν
1209 659 1312 685 καὶτὸν
1326 659 1400 694 ἥλιον
1411 659 1448 694 μὴ
1463 659 1663 692 σκοτιζόμενον,
1680 658 1726 684 καὶ
1743 658 1806 694 6‘46-

1020 713 1065 736 τος
1081 705 1116 740 μὴ
1132 704 1315 738 φωτιζόμενον
1333 712 1340 719 ·
1359 705 1406 730 καὶ
1422 705 1450 730 ὲν
1465 705 1498 739 τῇ
1515 704 1582 738 πρὸς
1598 703 1739 736 Ἀγάθωνα
1759 692 1806 728 τὸν

1021 750 1136 777 πάππαν
1148 750 1275 784 ἐπιστολῇ
1291 750 1313 776 οἱ
1326 750 1403 777 αὐτοὶ
1417 751 1548 785 Πατέρες,
1561 749 1654 782 Ὅθεν,
1668 749 1743 783 φασὶ,
1756 748 1806 775 καὶ

1020 797 1100 832 ἡμεῖς
1116 798 1152 830 ὡς
1163 799 1341 833 πρωτοορόνῳ
1357 806 1398 824 σοι
1408 798 1458 832 τῆς
1470 796 1666 831 οἱκουμενικῆς
1688 795 1806 828 Ἐκκλη-

1022 843 1081 874 aia;
1094 843 1124 869 τὸ
1142 844 1280 878 πρακτέον
1308 843 1527 878 παρατιθέμεθα,
1541 842 1588 868 ἐπὶ
1614 841 1663 876 τὴν
1690 841 1808 875 στερεὰν

1021 888 1124 922 πέτραν
1142 889 1238 915 ἑστῶτι
1259 890 1305 923 τῆς
1323 890 1451 920 πίστεως.
1469 889 1501 915 Τί
1521 889 1574 923 γὰρ
1590 887 1654 914 ἄλλο
1682 887 1747 921 φασὶ
1763 887 1809 913 διὰ

1021 933 1123 960 τούτων
1137 934 1160 960 οἱ
1176 934 1304 968 Πατέρες,
1321 933 1335 968 ἢ
1349 934 1391 961 διὰ
1408 935 1438 960 τὸ
1451 932 1520 960 εἶναι
1538 933 1583 959 τὸν
1597 933 1714 959 πάππαν
1732 941 1808 967 πρω-

1021 979 1158 1014 τόθρονον,
1172 980 1283 1006 ἑστάναι
1301 981 1348 1005 καὶ
1362 980 1409 1006 ἐπὶ
1423 979 1471 1014 τὴν
1484 976 1597 1014 στερεὰν
1623 978 1725 1013 πέτραν
1755 977 1822 1011 τῆς

1022 1027 1139 1057 πίστεως
1155 1034 1162 1058 ;
1181 1026 1242 1052 Εῑδ¹
1258 1026 1314 1060 ἔχει
1332 1025 1410 1053 τοῦτο
1428 1026 1442 1052 ό
1456 1026 1550 1057 πάπας
1607 1024 1808 1059 πρωτόθρονος,

1022 1072 1069 1099 καὶ
1090 1073 1143 1104 πᾶς
1158 1073 1211 1108 ἄρα
1227 1073 1352 1104 πάππας.
1370 1073 1566 1107 Συμμαρτυρεῖ
1590 1071 1696 1102 τούτοις
1721 1071 1767 1096 καὶ
1794 1070 1809 1096 ὁ

1023 1118 1148 1152 βασιλεὺς
1157 1119 1362 1150 Κωνσταντῖνος
1375 1119 1388 1145 ὀ
1401 1119 1568 1153 Πωγωνάτος
1582 1118 1610 1143 ὲν
1625 1118 1657 1151 τῇ
1675 1117 1810 1150 ἀντιγρά-

1023 1172 1064 1199 φῳ
1082 1165 1174 1200 Σάκρᾳ
1197 1165 1265 1199 πρὸς
1280 1165 1381 1192 Λέοντα
1399 1164 1445 1191 τὸν
1463 1164 1579 1191 πάππαν
1602 1163 1672 1190 κατὰ
1694 1163 1745 1198 τὴν
1773 1165 1811 1196 ιη’

1022 1212 1071 1246 τῆς
1082 1211 1166 1246 ἕκτης
1184 1212 1293 1238 συνόδου
1309 1212 1419 1246 πρᾶξιν.
1437 1211 1466 1237 ἐν
1481 1208 1520 1240 οἷς
1550 1219 1632 1245 φησιν
1649 1219 1656 1225 ·
1676 1219 1684 1235 ι
1701 1209 1755 1236 Καὶ
1768 1209 1813 1236 δό-

1023 1258 1056 1291 ξα
1068 1257 1105 1293 τῷ
1124 1258 1245 1284 ποιοῦντι
1257 1258 1437 1292 δεδοξασμὲνα
1452 1257 1523 1292 Θεῷ,
1545 1257 1582 1291 τῷ
1599 1257 1663 1291 παρ’
1675 1256 1739 1290 ὑμῖν
1761 1256 1812 1282 πε-

1024 1314 1088 1332 στιν·
1113 1304 1350 1340 ἀπαρεγχείρητον
1385 1304 1560 1330 διασώσαντι.
1590 1303 1652 1333 Πῶς
1681 1303 1734 1337 γὰρ
1759 1302 1813 1328 οὐκ

1024 1349 1220 1388 ἔμελλεν,ὲνῇ
1241 1352 1330 1387 πέτρᾳ
1356 1352 1405 1386 τὴν
1440 1350 1602 1386 Ἐκκλησίαν
1631 1349 1813 1388 ἑθεμελῐωσε,

1024 1398 1070 1424 καὶ
1082 1398 1178 1430 πύλαις
1188 1398 1249 1433 ᾅδου
1263 1399 1321 1429 ταῖς
1336 1398 1485 1432 αἱρετικαῖς
1500 1397 1668 1431 ἐνεδρεύσεσι
1681 1396 1718 1431 μὴ
1731 1405 1814 1422 κατι-

1026 1443 1211 1479 σχυθήσεσθαι
1228 1443 1432 1478 προηγόρευσεν
1449 1442 1501 1475 ;ὲξ
1515 1439 1548 1477 ἦς
1562 1442 1656 1477 ὥσπερ
1676 1442 1705 1474 ἐξ
1728 1442 1815 1476 οὑραο

1025 1489 1087 1515 νίων
1097 1489 1199 1523 ἀψίδων
1210 1487 1258 1522 τῆς
1269 1487 1383 1522 ἀληθοῦς
1394 1487 1539 1521 ὁμολογίας
1550 1488 1563 1513 ὁ
1572 1487 1648 1520 λόγος
1661 1486 1814 1520 ἀνέλαμψε,

1026 1535 1071 1561 καὶ
1086 1534 1135 1564 τὰς
1159 1532 1247 1568 ψυχὰς
1266 1532 1332 1558 τῶν
1346 1532 1527 1567 φιλοχρίστων
1549 1531 1676 1566 ἐφώτισε,
1691 1531 1739 1557 καὶ
1762 1531 1816 1565 τὴν

987 1590 1010 1621 ρ
1025 1580 1179 1617 ὀρθοδοξίαν
1194 1579 1403 1614 κατεψυγμένην
1416 1578 1638 1613 ἀνεζωπύρησεν.
1656 1586 1665 1603 ι

1062 1627 1114 1654 Δύο
1129 1626 1201 1661 ἔχεις
1219 1626 1250 1652 ἐκ
1266 1622 1369 1652 τούτων
1379 1625 1434 1651 τῶν
1447 1625 1559 1658 λέξεων,
1585 1624 1678 1656 Νεῖλε,
1694 1623 1738 1650 ὅτι
1752 1632 1784 1649 τε
1799 1624 1815 1649 ὁ

1011 1694 1017 1701 ,
1030 1673 1141 1707 Ῥώμης
1156 1672 1250 1707 θρόνος
1262 1672 1306 1698 διὰ
1321 1671 1368 1698 τὸν
1384 1671 1589 1705 θεμελιώσαντα
1605 1670 1725 1705 Χριστὸν
1737 1670 1816 1703 αἱρε-

1029 1721 1121 1751 τικατς
1134 1719 1322 1754 ὲνεδρεύσεσιν
1333 1719 1362 1745 οὐ
1393 1717 1625 1752 κιταδαμάζεται,
1646 1717 1714 1750 ὅπερ
1748 1724 1817 1741 mw

1028 1767 1075 1793 τὸν
1089 1765 1218 1801 ἄντικρύς
1227 1767 1285 1792 ἐστι
1301 1764 1339 1799 τῷ
1355 1764 1391 1799 μὴ
1409 1763 1538 1790 δύνασθαι
1553 1762 1814 1801 καταδαμασθῆναι·

1026 1800 1177 1846 ἀναγκαίου
1196 1812 1250 1846 γὰρ
1263 1811 1338 1841 ὄντος
1353 1810 1400 1836 τοῦ
1417 1811 1640 1844 προηγουμένου,
1652 1800 1814 1843 ἀναγκαίως

1027 1858 1083 1894 ἔχει
1098 1858 1144 1884 καὶ
1159 1857 1188 1884 τὸ
1199 1857 1342 1892 ἑπόμενον.
1358 1855 1438 1883 Ἀλλὰ
1454 1856 1508 1892 μὴν
1523 1857 1673 1894 ἀναγκαῖον
1694 1855 1818 1890 ἀληθεύ-

1028 1913 1069 1931 ειν
1085 1905 1135 1939 τὴν
1153 1904 1353 1938 προαγόρευσιν
1369 1903 1418 1929 τοῦ
1433 1902 1561 1936 Χριστοῦ·
1590 1903 1740 1936 ἀναγκαῖον
1758 1902 1816 1935 ἄρα.

1027 1950 1056 1983 ἐξ
1072 1950 1228 1981 ὑποθέσεως
1244 1950 1292 1976 καὶ
1304 1949 1335 1975 τὸ
1348 1949 1537 1983 ἀκατάϐλητον
1565 1946 1634 1975 εἶναι
1663 1949 1724 1974 ταῖς
1739 1947 1818 1982 αἰρέ-

1028 2003 1087 2021 σεσι
1103 1995 1149 2021 τὸν
1162 1995 1268 2028 Πέτρου
1287 1994 1396 2030 θρόνον.
1409 1994 1495 2020 Τοῦτο
1509 1993 1537 2020 δὲ
1555 1993 1625 2019 κατὰ
1639 1992 1688 2027 τὴν
1702 1992 1819 2018 ἀκολού-

1027 2039 1104 2073 θησιν
1116 2039 1170 2065 τῶν
1187 2040 1343 2073 προτάσεων
1359 2038 1457 2064 ταυτὸν
1472 2038 1509 2074 τῷ
1522 2038 1652 2064 ἀδύνατον
1678 2037 1725 2064 τὸν
1739 2038 1819 2064 πάπ-

1027 2093 1081 2111 παν
1098 2085 1225 2110 ἐκπεσεῖν
1239 2084 1295 2110 τῶν
1321 2084 1410 2119 ὀρθῶν
1434 2083 1588 2118 δογμάτων.
1615 2082 1709 2118 Ἔχεις
1721 2083 1751 2109 δὲ
1768 2083 1818 2109 καὶ

1027 2132 1068 2158 ὅτι
1081 2132 1095 2157 ὁ
1118 2131 1227 2166 Ῥώμης
1243 2131 1336 2166 θρόνος
1351 2131 1436 2163 ἐστὶν,
1456 2131 1485 2156 ἐν
1498 2128 1520 2164 ᾦ
1535 2138 1618 2165 φησιν
1644 2131 1658 2156 ὁ
1686 2129 1819 2164 βασιλεὺς

1028 2179 1142 2209 ἐκεῖνος,
1156 2177 1271 2212 γράφων
1287 2175 1326 2212 τῷ
1338 2176 1458 2212 δευτέρῳ
1469 2177 1564 2204 Λέοντι
1581 2177 1649 2211 μετᾶ
1663 2176 1714 2211 τὴν
1731 2177 1819 2210 ’ἐκτην

1029 2223 1147 2256 σύνοδον,
1167 2223 1219 2250 ὑπὸ
1232 2223 1300 2250 Θεοῦ
1323 2223 1372 2259 τὴν
1390 2225 1483 2250 πίστιν
1499 2223 1741 2257 ἀπαρεγχείρητον
1756 2223 1818 2249 δια-

199 2268 331 2300 Honorio,
344 2276 424 2303 quem
438 2275 486 2294 vos
502 2267 660 2295 luereticum
676 2265 882 2293 Monothelitam
894 2265 973 2293 exsti-

1031 2270 1159 2305 σωθῆναι.
1173 2267 1228 2296 Ἦν
1245 2269 1272 2296 δὲ
1287 2270 1363 2296 Λέων
1378 2271 1392 2297 ὀ
1410 2270 1536 2304 δεύτερος
1549 2269 1691 2299 ἑνδέκατος
1720 2270 1820 2300 nitu;

199 2316 265 2344 tisse
279 2313 494 2342 calumniamin't.
511 2313 585 2340 Dicis
595 2313 668 2340 enim
683 2319 690 2337 :

458 2413 559 2443 NlLUS
584 2414 661 2449 (Cap.
679 2413 723 2446 ν).

239 2486 247 2502 ι
265 2475 297 2502 Et
307 2474 446 2502 llonorius
462 2472 608 2508 episcopus
623 2471 763 2498 Romanus
784 2477 799 2497 a
817 2469 900 2496 rectis
911 2468 980 2504 dog-

199 2522 320 2550 matibus
338 2520 489 2553 aberravit,
506 2523 534 2547 et
554 2526 570 2546 a
594 2522 689 2546 sancta
708 2516 878 2544 eecumenica
906 2519 980 2542 sexta

198 2569 303 2605 synodo
319 2568 462 2595 damnatus
477 2572 529 2594 est.
549 2575 558 2591 ι

470 2621 701 2665 cosrurmo.

236 2684 264 2713 Si
279 2681 417 2710 llonorius
436 2680 490 2708 fuit
505 2679 663 2711 hmreticus.
680 2678 818 2713 quomodo
833 2682 894 2712 post
907 2677 983 2704 illum

200 2731 340 2760 scribebat
366 2730 516 2763 imperator
537 2725 759 2760 Constantinus;
778 2733 788 2750 ‹
807 2724 863 2752 Deo
884 2723 983 2759 gloria,

200 2778 248 2811 qui
281 2776 362 2804 fidem
389 2775 416 2802 in
444 2773 508 2801 sede
531 2772 605 2800 Petri
627 2771 799 2799 conservavit
823 2770 984 2804 indeprava-

203 2821 281 2849 tam?
300 2831 309 2847 ο
325 2820 418 2856 Neque
432 2819 506 2847 enim
534 2818 598 2846 licet
617 2818 650 2845 ad
672 2817 726 2845 hoc
742 2817 849 2849 dicere,
868 2817 986 2852 impera-

204 2873 290 2894 torem
306 2869 389 2896 fuisse
407 2869 529 2895 locutum
545 2866 578 2894 de
607 2865 699 2893 Leone
717 2865 749 2898 ll,
767 2870 834 2893 tune
853 2865 985 2900 temporis

206 2913 343 2946 pontiﬁce.
357 2913 424 2941 Nam
439 2913 521 2941 infert
535 2913 590 2947 ille,
604 2916 632 2941 et
651 2913 689 2939 ait
704 2922 709 2939 :
729 2922 738 2939 ‹
753 2911 896 2946 Quomodo
911 2913 983 2940 enim

1031 2317 1085 2343 ἀπὸ
1106 2316 1249 2351 Ὀνωρίου,
1266 2316 1295 2342 ὃν
1308 2316 1389 2352 ὑμεῖς
1414 2316 1452 2347 ὡς
1467 2315 1606 2351 αἱρετικὸν
1627 2314 1821 2350 μονοοελήτην

1033 2364 1238 2397 συκοφαντεῖτε.
1254 2363 1353 2397 Λέγεις
1369 2363 1425 2397 γάρ
1441 2370 1448 2378 ·

1365 2421 1498 2448 ΝΕΙΛΟΣ.

1068 2478 1121 2504 Καὶ
1139 2477 1266 2512 Ὀνώριος
1283 2477 1321 2510 δὲ,
1341 2477 1449 2512 Ῥώμης
1467 2478 1618 2508 ἐπίσκοπος
1634 2477 1689 2510 ὢν,
1700 2478 1757 2504 τῶν
1775 2479 1809 2514 ὀρ

1034 2523 1087 2550 θῶν
1114 2532 1144 2550 τε
1172 2523 1251 2557 ἐξέϐη
1280 2523 1435 2562 ῥηγμάτων,
1484 2525 1532 2550 καὶ
1556 2525 1634 2559 παρὰ
1659 2526 1709 2559 τῆς
1738 2525 1822 2558 ἁγίας

1033 2569 1080 2595 καὶ
1104 2569 1296 2604 οἰχουμενικῆς
1320 2568 1403 2602 ἕκτης
1417 2569 1528 2595 συνόδου
1545 2570 1786 2604 ἀποκεκήρυκται.

1283 2649 1292 2660 ,
1320 2625 1541 2653 ΛΝΤΙΡΙἮΣΙΣ.

1070 2682 1156 2718 Εῐπερ
1171 2682 1299 2717 ’0·.ώριος
1313 2680 1347 2716 ἦν
1360 2682 1510 2717 αἱρετικὸς,
1525 2683 1583 2715 πῶς
1607 2683 1655 2710 οὖν
1670 2684 1743 2718 μετὰ
1758 2684 1822 2711 ταῦ-

1035 2738 1069 2756 τα
1084 2729 1230 2764 ἔγραφενό
1247 2728 1374 2763 βασιλεὺς
1403 2729 1621 2759 Κωνσταντῖνος·
1653 2738 1662 2755 ι
1684 2730 1756 2762 Δόξα
1784 2730 1822 2764 τῷ

1035 2775 1107 2810 Θεῷ,
1121 2775 1159 2808 τῷ
1172 2775 1338 2801 διασώσαντι
1353 2775 1404 2809 τὴν
1418 2775 1511 2801 πίστιν
1537 2777 1566 2802 ἐν
1653 2776 1744 2811 θρόνῳ
1772 2776 1821 2802 τοῦ

1036 2822 1139 2856 Πέτρου
1153 2821 1392 2857 ἀπαρεγχείρητον
1407 2830 1415 2854 ;
1435 2830 1444 2848 ι
1464 2822 1502 2848 Οὐ
1517 2822 1570 2856 γὰρ
1582 2821 1639 2848 ἐστι
1657 2822 1728 2856 πρὸς
1743 2822 1823 2849 τοῦτο

1036 2868 1134 2899 εἰπεῖν,
1146 2867 1185 2894 ὅτι
1199 2868 1264 2902 περὶ
1279 2867 1326 2894 τοῦ
1340 2868 1416 2898 ὄντος
1427 2867 1487 2894 τότε
1515 2868 1615 2895 πάππα
1632 2868 1750 2901 Λέοντος
1775 2869 1822 2895 τοῦ

1036 2914 1160 2949 δ;υτέρον
1176 2914 1296 2949 ἔγραφεν
1308 2914 1321 2940 ὀ
1331 2912 1466 2948 βασιλεύς·
1480 2914 1606 2948 ἐπιφέρει
1618 2914 1672 2948 γὰρ
1682 2914 1764 2947 αὐτὸς
1776 2915 1823 2942 καὶ
