1913 3067
72 141 165 192 "'sia

747 165 969 196 REFUTATIO
1001 161 1093 195 NiLl.

1671 159 1723 193 814

105 217 231 250 πολιτείᾳ
248 216 302 243 τῶν
319 212 489 252 Χριστιανῶν
504 227 511 234 ·
530 219 628 253 πρῶτα
645 220 704 253 μὲν,
722 221 771 247 ὅσα
787 221 891 255 ὲγγρέμ

948 222 1088 249 :ocietatc:
1112 222 1208 256 prima,
1225 228 1283 256 qua!
1299 221 1325 247 in
1348 220 1497 255 Scriptuiis
1525 218 1660 246 habentur
1680 224 1725 244 ca-

105 271 165 295 φως
177 262 277 296 ἔχομεν
301 263 330 289 ὲν
353 264 412 294 ταῖς
436 266 593 296 κοινωνικαῖς
618 261 720 300 βίϐλοις
735 273 742 280 ·
765 267 891 301 δεύτερα,

105 308 156 333 ὅσα
171 307 201 334 οὒ
224 307 267 334 διὰ
282 308 405 344 γραφῆς,
418 309 487 336 ἀλλὰ
510 310 554 337 διὰ
581 311 759 347 παραδόσεως
784 312 892 348 ἔχομεν,

107 353 155 379 καὶ
181 353 255 388 παρὰ
272 354 340 381 πᾶσι
358 357 435 390 κοινῇ
454 356 635 389 φυλάττονται
647 365 656 375 ⁸
677 355 733 384 οἷον
750 359 782 385 τὸ
797 359 893 394 ἑορτά-

106 398 202 430 ζεσθαι
227 400 277 435 τὴν
300 400 421 434 Χριστοῦ
447 401 609 434 ἀνάστασιν,
623 403 654 430 τὺ
678 404 777 437 πάθος,
800 404 893 432 καὶτὰ

105 443 187 478 ὅμοια
198 452 206 460 ·
221 446 298 480 τρίτα
310 446 339 472 δὲ
355 447 388 473 τὰ
403 448 474 474 κατὰ
488 448 588 480 τόπους
600 448 730 484 διάφορα,
746 447 813 482 οἷον,
838 459 892 486 φη-

108 489 163 522 σὶν,
177 491 193 523 ἡ
209 491 257 517 τοῦ
269 491 409 519 Σασόἀτου
425 493 539 527 νηστεία
551 502 558 509 ·
573 494 599 521 οῖ
612 494 663 529 μὲν
677 495 732 530 γὰρ
747 495 894 531 νηστεύου-

106 545 160 567 σιν.
171 538 195 564 ot
208 537 236 564 δὲ
251 538 281 564 οὒ
296 539 468 573 νηστεύουσι,
484 540 532 567 καὶ
544 540 578 567 τὰ
593 541 786 577 παραπλήσια.
799 540 894 568 Ταῦτα

105 583 140 610 τὰ
156 583 236 618 τρίτα
257 585 342 618 φησὶν
366 584 512 620 ἐλευθέρας
534 584 604 614 εἶναι
628 587 842 623 παραφυλακῆς,
859 584 894 615 iv‘

107 629 210 660 ικεϊνος
237 629 338 664 ἄριστα
360 630 550 666 πολιτεύηται,
569 631 599 664 ὃς
614 632 658 665 ἂν,
673 634 766 668 φησὶν,
783 635 813 661 ὲν
829 634 893 661 τοὺ-

106 683 164 707 ὀις
178 675 302 711 φυλάσσῃ
319 676 349 702 τδ
372 676 432 709 ἔθος
452 676 500 712 τῆς
516 678 694 714 Ἐκκλησίας.
711 680 740 706 ὲν
800 680 834 707 ἂν
847 681 894 715 γέ-

111 729 196 755 θηται.
215 720 281 748 Εἶτα
297 722 378 749 πάλιν
398 723 480 758 φέρει
493 724 524 750 τὸ
540 725 624 760 ῥητὸν
645 724 692 752 τοῦ
713 725 892 761 ’Δμῦροσίουρ

107 767 155 792 καὶ
167 767 289 794 τοιοῦτον
300 769 407 795 ἐκείνου
419 770 615 805 παράγγελμα·

144 813 190 843 Εἰς
203 814 236 848 ἢν
255 813 288 840 ἂν
314 814 424 848 ἀφίκοιο
443 815 620 851 Ἐκκλησίαν,
639 817 746 853 ἐκείνης
763 818 797 844 τὰ
810 818 893 853 ἔθιμα

108 858 239 891 φύλασσε,
254 859 282 885 εἴ
297 867 338 886 σοι
353 860 483 896 βουλητὶν
500 863 598 897 μηδενὶ
616 863 700 898 μηδὲν
725 865 893 899 πρόσκομμα

104 903 208 931 διδόναι
230 903 246 939 ἢ
271 905 395 940 πάσχειν.
418 906 489 939 Ἐγὼ
502 907 542 940 δὲ,
560 897 895 943 φησὶνγΛὺγουγστίνοςξτδ
911 897 931 924 Β

107 950 229 977 τοιοῦτον
257 952 444 987 παράγγελμα
471 953 587 981 πλεῖστα
616 955 678 981 κατ’
706 955 827 989 ἐμαυτὸν
853 957 896 982 λο-

109 995 268 1030 γισάμενος,
282 997 368 1029 οὕτως
381 998 447 1032 ἔχω,
461 998 498 1031 ὡς
513 999 538 1025 ει
553 999 645 1027 θεόθεν
656 1000 735 1036 ἐδόθη
752 1009 808 1035 μοι.

146 1085 200 1112 Καὶ
217 1086 245 1111 ἑν
261 1087 294 1121 τῇ
317 1084 350 1112 ιθ¹
373 1086 517 1122 ἐπιστολῇ⁷
542 1088 605 1115 Ἐάν
622 1097 674 1121 τις⁷
689 1090 782 1124 φησὶν,
800 1091 896 1117 ἀνατο-

109 1131 182 1161 me;
196 1131 265 1166 ἀνὴρ
287 1131 428 1168 ἐνδημήσῃ
450 1134 483 1168 τῇ
501 1132 608 1169 Ῥώμῃ,
623 1131 679 1168 ἄρα
695 1135 848 1171 νηστεύσας
864 1137 898 1163 τὰ

109 1176 238 1203 Σάξῖὸατα
263 1177 333 1212 πλὴν
362 1178 409 1204 τοῦ
437 1178 507 1212 ἑνὸς,
532 1179 755 1215 ἐγκληθήσεταις
785 1181 816 1208 El
844 1182 897 1218 γὰρ

109 1221 203 1257 φαίης,
219 1222 250 1248 οὐ
269 1223 349 1257 μόνον
366 1224 583 1259 ἀποδοκιμάζεις
597 1225 647 1260 τὴν
668 1225 814 1261 Ῥωμαίων
832 1227 896 1254 Ἐκ.

109 1269 234 1303 κλησίαν,
265 1268 334 1295 ἀλλὰ
358 1270 405 1296 καὶ
432 1271 555 1304 γείτονας
582 1272 691 1304 πολλὰς,
712 1273 759 1299 καλ⁴
787 1273 897 1308 μακρὰν

108 1313 202 1345 οὔσας.

147 1362 202 1388 Καὶ
224 1362 325 1397 Πέτρος
340 1363 369 1389 δὲ
392 1364 405 1390 6
428 1363 636 1400 Ἀλεξανδρείας
661 1365 825 1401 ίερομάρτυς
850 1365 898 1400 τὴν

109 1408 238 1442 νηστείαν
252 1409 300 1443 τῆς
314 1409 454 1444 Τετάρτης
476 1410 523 1437 καὶ
542 1410 723 1445 Παρασκευῆς
738 1413 768 1437 οὺ
783 1411 897 1442 κανόνος

108 1454 289 1481 ἀποστολικοῦ
317 1454 409 1489 νόμον,
425 1455 494 1482 ἀλλὰ
517 1456 694 1491 παραδόσεως
710 1457 822 1491 εὐλόγου
846 1465 897 1492 φη-

110 1499 163 1526 σίν.
182 1500 278 1526 Καίτοι
303 1501 379 1536 παρὰ
399 1501 526 1536 Γραικοῖς
546 1503 727 1533 ἀποστολικός
753 1505 812 1530 ἐστι
829 1505 895 1538 περὶ

945 267 1070 299 nonicis:
1091 266 1222 295 secunda.
1240 275 1300 302 quae
1326 275 1380 293 non
1409 266 1522 300 scripta,
1552 264 1599 292 sed
1628 263 1724 290 tradita

943 311 1125 343 Custodimus,
1139 315 1166 338 et
1184 316 1241 338 toto
1270 315 1406 338 terrarum
1436 310 1502 337 orbe
1533 308 1724 337 observantur.

943 357 1023 384 sicuti
1041 356 1132 384 Passio
1145 361 1187 384 est
1203 362 1229 384 et
1245 356 1420 384 Resurrectio
1439 355 1554 386 Christi,
1570 361 1596 382 et
1611 354 1723 385 similia,

943 409 1004 437 quae
1019 402 1178 430 solemniter
1196 403 1390 434 celebrantur;
1418 401 1492 428 tertii
1520 401 1638 436 generis,
1665 407 1725 434 qua:

944 455 992 481 per
1020 448 1078 474 loca
1094 451 1231 475 terrarum
1248 448 1429 483 regionesque
1459 446 1612 476 variantur.
1643 445 1724 472 sicuti

943 497 985 520 csl
997 493 1069 528 quod
1086 493 1133 520 alii
1157 493 1281 529 jejunent
1296 493 1427 525 Sabbato,
1441 492 1487 520 alii
1519 499 1597 522 vero,
1610 498 1675 522 non,
1700 496 1725 517 ct

943 539 996 566 alia
1011 539 1178 575 huiusmodi.
1200 539 1300 567 Totum
1316 539 1378 572 hoc,
1408 538 1507 573 inquit,
1522 540 1608 573 genus
1635 544 1725 564 rerum

944 586 1045 613 liberas
1069 585 1152 613 habet
1179 585 1395 617 observationes,
1430 592 1480 612 nec
1513 583 1658 618 disciplina
1686 587 1728 609 est

945 632 998 658 ulla
1017 631 1044 658 in
1065 631 1108 658 his
1124 631 1232 664 melior,
1248 639 1329 666 quam
1348 636 1377 658 ut
1396 639 1430 658 eo
1456 630 1537 657 modo
1551 630 1593 656 vir
1607 628 1728 664 prudens

944 682 1006 712 agat
1014 685 1068 712 quo
1086 685 1166 713 agere
1196 678 1296 706 viderit
1311 678 1469 709 Ecclesiam,
1486 677 1518 704 ad
1535 682 1727 710 quamcunque

944 723 1014 751 forte
1048 723 1198 751 devenerit.
1238 723 1343 751 Deinde
1370 729 1465 751 rursus
1496 722 1575 750 affert
1611 721 1727 749 Ambro-

945 769 977 796 sii
997 769 1100 797 dictum
1120 769 1234 804 ejusque
1266 774 1445 804 pmceptum:

981 814 1020 841 Ad
1041 821 1235 849 quamcunque
1262 815 1331 843 forte
1357 815 1505 842 Ecclesium
1533 814 1651 844 veneris,
1669 815 1728 848 ejus

947 864 1050 885 morem
1063 865 1154 890 serva,
1182 858 1204 885 si
1237 859 1362 893 cuiquam
1378 866 1431 885 non
1450 859 1491 885 vis
1513 865 1573 885 esse
1588 857 1728 888 seandalo,

946 911 996 931 nec
1011 911 1175 939 quemquam
1188 904 1250 932 tibi.
1271 904 1327 939 Ego
1351 912 1427 936 vero,
1444 904 1534 939 inquit
1548 903 1728 938 Augustinus.

946 950 980 977 de
1010 950 1062 978 hac
1091 950 1226 977 sententia
1252 950 1335 977 etiam
1369 955 1451 984 atque
1485 950 1565 977 etiam
1594 949 1728 984 cogitans.

947 996 983 1022 ita
999 996 1086 1023 habeo
1100 1000 1228 1030 tanquam
1248 1003 1308 1023 eam
1339 995 1443 1024 caelesti
1461 995 1574 1022 oraculo
1601 1001 1729 1028 suscepe-

947 1041 1008 1067 rim.

983 1087 1017 1114 Et
1031 1087 1112 1121 epist.
1145 1088 1189 1120 l9,
1206 1087 1314 1120 Utrum,
1334 1088 1434 1122 inquit,
1463 1087 1485 1114 si
1503 1087 1646 1121 quisquam
1669 1093 1730 1113 san-

947 1138 1008 1160 ctus
1021 1132 1168 1160 Orientalis
1188 1132 1300 1159 Romam
1311 1133 1428 1164 venerit,
1443 1136 1471 1159 et
1485 1131 1605 1159 Sabbato
1626 1130 1731 1166 jejuna-

948 1179 1028 1211 verit,
1041 1182 1156 1213 excepto
1172 1179 1219 1206 illo
1239 1179 1284 1206 die
1296 1178 1434 1206 Paschalis
1447 1177 1556 1213 vigiliae.
1578 1176 1730 1211 culpandus

948 1225 1004 1254 sit?
1028 1225 1056 1252 Si
1073 1224 1202 1257 alﬁrmes,
1213 1232 1267 1252 non
1297 1224 1387 1252 solum
1406 1224 1555 1252 Romanam
1568 1223 1730 1254 Ecclesium,

947 1272 995 1299 sed
1009 1272 1091 1299 etiam
1108 1271 1207 1298 multas
1221 1271 1246 1298 ei
1268 1270 1372 1298 vicinas
1387 1275 1415 1298 et
1438 1270 1601 1297 remoliores
1618 1270 1731 1296 danina-

949 1317 1000 1344 bis.

984 1365 1080 1392 Petrus
1094 1369 1203 1399 quoque
1217 1363 1418 1391 Alexandrinus
1440 1363 1587 1400 episcopus
1616 1368 1643 1390 et
1661 1371 1731 1389 mar-

950 1416 992 1446 tyr
1014 1410 1150 1446 jejunium
1166 1414 1271 1444 quarta
1290 1413 1319 1437 et
1338 1414 1420 1437 sextae
1448 1408 1534 1442 feriae,
1563 1417 1618 1436 non
1642 1409 1730 1445 legem

949 1456 1089 1491 apostolici
1102 1455 1226 1489 canonis,
1244 1456 1292 1483 sed
1311 1455 1467 1484 traditionis
1483 1463 1543 1484 esse
1569 1456 1661 1491 inquit
1689 1464 1733 1483 ra-

951 1503 1016 1530 tioni
1031 1502 1221 1537 congruentis.
1236 1502 1304 1530 Cum
1317 1505 1406 1529 tamen
1419 1502 1491 1537 apud
1507 1501 1615 1529 Graecos
1633 1502 1666 1529 de
1677 1502 1729 1530 hoc

107 1548 205 1574 τούτου
229 1547 318 1573 κανὼν
338 1547 386 1580 ξθ’,
400 1546 455 1574 οἷόν
472 1549 595 1576 ἐστικαὶ
620 1549 634 1576 6
660 1558 743 1585 φησιν
765 1550 779 1576 6
804 1551 893 1585 μέγας

948 1553 1036 1576 exstet
1062 1556 1149 1576 canon
1175 1548 1343 1583 apostolicus
1375 1546 1420 1580 69,
1440 1547 1520 1582 quale
1546 1547 1614 1575 illud
1647 1547 1728 1574 ctiam

110 1593 250 1624 Βασίλειο;
265 1593 294 1620 ἐν
309 1593 347 1624 τῷ
366 1594 434 1626 Περὶ
451 1594 505 1621 τοῦ
520 1595 607 1629 ἁγίου
624 1595 799 1629 Πνεύματος
813 1604 896 1630 κεφα-

110 1640 177 1673 λαίῳ
191 1637 243 1671 κζ’,
253 1638 319 1666 ἔνθα
335 1640 402 1674 Περὶ
416 1638 475 1666 τῶν
493 1640 636 1676 ἀγράφων
655 1640 810 1676 δογμάτων
821 1641 896 1676 αὐτῷ

108 1687 123 1713 6
139 1687 229 1720 λόγος,
245 1687 294 1718 τὰς
318 1687 393 1720 τρεῖς
415 1688 444 1714 ἐν
466 1687 505 1722 τῷ
528 1686 697 1722 βαπτίσματι
723 1687 894 1720 καταδύσεις.

109 1733 141 1759 Ol
157 1733 186 1759 δὲ
211 1733 368 1760 ἁνατολικοὶ
384 1735 449 1768 περὶ
463 1732 560 1760 τούτου
583 1733 630 1760 τὸν
646 1733 668 1761 v'
683 1733 776 1768 ἔχουσι
794 1733 896 1761 κανόνα

108 1780 164 1806 τῶν
179 1780 346 1806 ἀποστόλων.
360 1779 441 1806 ’Ὥστε
456 1779 472 1814 ἢ
488 1779 533 1806 τὸν
548 1779 650 1806 κανόνα
672 1779 766 1814 ἠγνόει
778 1780 793 1806 6
809 1779 896 1814 μέγας

110 1824 260 1857 Βασίλειος,
289 1824 358 1859 ὅπερ
383 1823 611 1851 ἀπιθανώτατον·
643 1824 660 1859 ἢ
691 1824 771 1859 δῆλον
796 1825 837 1850 ὅτι
864 1824 895 1850 οὐ

108 1869 211 1900 πάντες
231 1868 406 1896 ἀποστολικοὶ
431 1868 542 1899 κανόνες
566 1869 592 1895 οῑ
614 1869 828 1904 περιφερόμενοι
852 1869 896 1895 ἐπ’

107 1914 220 1948 ὀνόματι
233 1913 288 1940 τῶν
302 1912 469 1946 ἀποστόλων,
486 1912 556 1940 ἀλλὰ
571 1913 644 1940 νόθοι
656 1913 733 1945 ὄντες
747 1915 798 1941 οὐκ
809 1914 895 1947 ὀλίγοι

108 1959 166 1990 τοῖς
191 1959 314 1993 γνησίοις
336 1958 423 1993 λάθρα
448 1958 706 1994 συνηριθμήθησαν.
730 1959 759 1986 '0
771 1959 800 1986 δὲ
817 1959 895 1993 ἆγιος

113 2005 277 2040 Ἱερώνυμος
294 2006 322 2031 tv
337 2006 370 2040 τῇ
386 2005 453 2039 πρὸς
469 2005 612 2032 Λουκίνιον
634 2004 775 2041 ἐπιστολῇ,
788 2006 894 2040 Ζητεῖς,

108 2053 186 2086 φησὶ,
199 2051 263 2085 περὶ
285 2050 331 2077 τοῦ
350 2050 492 2078 Σαδὸάτου
510 2051 534 2076 εί
560 2051 734 2085 νηστευτέον.
749 2050 817 2085 Περὶ
832 2051 893 2076 τού-

107 2107 155 2123 του
180 2099 227 2123 κλὶ
246 2097 408 2128 Ἱππόλυτος
429 2096 567 2130 γέγραφεν
581 2104 587 2110 ·
607 2095 663 2130 ἐγὼ
687 2096 716 2123 δέ
744 2104 786 2122 σοι
812 2096 892 2130 λέγω,

106 2144 156 2174 τὰς
175 2143 404 2178 εκκλησιαστικὲις
419 2142 594 2178 παραδόσεις,
611 2143 731 2177 μάλιστα
744 2142 774 2168 δὲ
794 2141 842 2174 τὰς
856 2143 893 2176 μὴ

107 2190 310 2225 λυμαινομένας
325 2191 358 2224 τῇ
377 2189 481 2221 πίστει,
501 2188 572 2215 οὕτω
586 2188 642 2215 δεῖν
658 2187 892 2223 παρατηρεῖσθαι,

948 1599 990 1622 est
1019 1594 1090 1629 apud
1109 1594 1237 1621 Basilium
1270 1601 1397 1629 magnum
1410 1594 1436 1621 in
1463 1593 1533 1621 libro
1561 1593 1598 1620 De
1629 1593 1731 1629 Spiritu

948 1645 1051 1674 sancto,
1076 1640 1164 1675 capite
1184 1640 1223 1666 De
1250 1641 1382 1674 dogmatis
1409 1648 1462 1667 non
1487 1641 1609 1675 scriptis:
1633 1639 1727 1672 Trina',

950 1687 1073 1721 inquam,
1092 1685 1119 1714 in
1148 1685 1311 1721 baptismate
1329 1685 1480 1718 immersio,
1497 1686 1561 1714 licet
1577 1685 1731 1714 Orientales

949 1733 1000 1760 hac
1028 1732 1062 1759 de
1094 1739 1123 1759 re
1169 1731 1424 1766 quinquagesimum
1453 1731 1570 1759 habeant
1600 1740 1730 1760 canoncm

949 1778 1142 1813 apostolicum.
1159 1778 1216 1805 Aut
1232 1785 1299 1813 ergo
1312 1777 1431 1805 Basilius
1443 1778 1557 1812 Magnus
1590 1779 1730 1814 ignorabat

948 1834 1093 1860 canonem,
1121 1826 1194 1861 quod
1218 1826 1294 1854 nullo
1326 1826 1408 1854 modo
1435 1827 1567 1855 credibile
1591 1832 1655 1860 est;
1690 1829 1729 1854 \‘cl

949 1877 1065 1905 constat,
1083 1879 1136 1900 non
1153 1880 1250 1900 omnes
1268 1873 1316 1908 qui
1336 1873 1523 1908 apostolorum
1552 1873 1731 1900 nomine-cir-

948 1919 1149 1951 cumleruntur,
1169 1926 1230 1946 esse
1251 1925 1370 1946 canones
1401 1918 1575 1953 apostolicos,
1594 1919 1640 1947 sed
1661 1920 1729 1946 irrc-

948 1966 1036 1999 psisse
1070 1964 1180 1996 multos,
1201 1969 1228 1991 et
1251 1964 1388 1999 germanis
1412 1963 1506 1992 furtim
1521 1973 1581 1992 esse
1599 1973 1731 1993 annume-

948 2016 1031 2038 ratos.
1048 2010 1080 2037 Et
1093 2015 1205 2038 sanctus
1225 2009 1407 2046 Hieronymus
1425 2011 1452 2038 in
1470 2011 1585 2045 epistola
1600 2012 1633 2039 ad
1649 2013 1731 2040 Luci-

948 2057 1042 2084 nium:
1064 2056 1101 2084 De
1116 2055 1247 2087 Sabbato,
1265 2055 1365 2090 inquit,
1379 2056 1480 2090 quaeris
1501 2062 1593 2084 utrum
1605 2057 1731 2093 jejunan-

946 2103 1011 2130 dum
1028 2102 1072 2129 sit.
1089 2102 1205 2136 Scripsit
1220 2101 1330 2135 quidem
1343 2106 1370 2129 et
1386 2101 1556 2138 Hippolytus,
1583 2108 1610 2131 et
1626 2104 1728 2132 diversi

946 2149 1112 2182 scriptores;
1126 2149 1172 2175 sed
1191 2155 1240 2183 ego
1255 2147 1320 2175 illud
1346 2147 1491 2182 admoneo,
1508 2149 1669 2179 traditiones
1683 2159 1729 2179 ec-

946 2194 1123 2226 clesiasticas,
1138 2195 1289 2230 praesertim
1305 2202 1364 2229 qua:
1379 2195 1440 2223 ﬁdei
1456 2204 1510 2224 non
1526 2196 1661 2230 olliciunt,
1693 2199 1729 2226 ita

106 2237 145 2268 ὡς
169 2236 366 2271 παραδέδονται
383 2235 436 2262 ὑπὸ
453 2235 507 2262 τῶν
521 2235 710 2269 ἀρχαιοτέρων
724 2242 731 2248 ·
755 2234 823 2269 μηδὲ
846 2234 894 2267 τὴν

948 2241 1143 2273 obserVandas,
1175 2246 1235 2268 uta
1262 2241 1412 2277 majoribus
1435 2242 1542 2271 tradita
1568 2248 1650 2278 sunt;
1679 2253 1730 2272 nec

106 2285 211 2319 ἑτέρων
226 2283 371 2319 συνήθειαν
384 2283 589 2318 ἀνατρέπεσθαι
605 2283 638 2318 τῇ
657 2282 761 2316 ἑτέρων
781 2282 894 2316 ἐναντία

108 2330 247 2365 συνηθείᾳ.
265 2329 409 2365 Μαρτυρεῖ
421 2329 467 2356 καὶ
481 2329 637 2360 Κασσιανδς
654 2328 684 2355 ἑν
700 2327 739 2363 τῷ
752 2335 895 2362 συγγραμ-

108 2375 197 2411 ματίῳ
211 2376 275 2411 περὶ
286 2376 334 2410 τῆς
350 2377 495 2410 κανονικῆε
509 2375 658 2408 διατάξεως
670 2375 726 2401 τῶν
751 2373 811 2409 μεθ’
826 2374 892 2408 ἡμέ-

108 2431 158 2457 ραν
173 2422 260 2457 εὐχῶν
278 2423 326 2449 καὶ
351 2422 528 2457 ψαλμῳόιῶν,
542 2422 608 2456 περὶ
624 2420 672 2447 τοῦ
689 2420 842 2455 Σαϐϐάτου,
856 2419 894 2451 ὼς

105 2470 153 2496 διὰ
177 2469 226 2504 τὴν
248 2470 302 2496 τῶν
320 2468 479 2496 ἀποστόλων
495 2468 650 2503 ἀγρυπνίαν
665 2467 698 2502 τῇ
724 2466 828 2501 ἑσπέρᾳ
844 2466 893 2500 τῆς

107 2516 290 2551 Παρασκευῆς
312 2516 342 2542 ὲν
367 2515 406 2550 τῷ
430 2514 520 2549 καιρῴ
543 2513 590 2540 τοῦ
617 2514 752 2548 σωτηρίου
777 2511 893 2542 πάθους,

106 2563 312 2596 ἑπιφώσκοντος
333 2561 381 2588 τοῦ
403 2560 556 2591 Σαδδάτου,
581 2559 718 2594 ἐκράτησε
744 2558 821 2592 παρὰ
837 2558 894 2588 τοῖς

105 2608 276 2639 ἁνατολικοίς
290 2608 419 2643 συνήθεια
435 2606 656 2640 διανυκτερεύειν
677 2604 748 2636 τότε,
761 2605 808 2630 καὶ
825 2604 895 2638 μετὰ

105 2655 168 2685 τοὺς
183 2656 324 2689 καμάτους
336 2656 384 2689 τῆς
400 2653 562 2688 παννυχίδος
577 2652 682 2679 ἀνιέναι
700 2651 750 2687 τὴν
765 2651 893 2686 νηστείαν

106 2699 238 2734 Σαϐϐάτῳ
262 2700 309 2725 καὶ
327 2700 465 2734 κυριακῇ.
482 2699 519 2724 Οὐ
533 2699 587 2734 γὰρ
605 2698 647 2732 δη,
663 2696 740 2731 φησὶ,
763 2696 857 2722 λύεται
877 2696 893 2730 ἡ

105 2745 218 2780 νηστεία
243 2745 314 2771 κατὰ
336 2744 525 2779 Ἰουδαῖσμόν·
551 2744 610 2776 πῶς
635 2743 710 2778 γάρ;
734 2742 802 2769 ἀλλὰ
826 2741 893 2777 πρὸς

105 2791 199 2817 ἄνεσιν
219 2791 266 2816 καὶ
292 2792 446 2825 κουφισμὸν
471 2789 659 2824 πεπονηκότος
675 2782 724 2815 Io")
753 2788 892 2823 σώματος,

107 2841 187 2863 πέντε
212 2837 273 2863 καθ’
298 2838 416 2873 ἑκάστην
440 2837 575 2872 ἑϐδομάδα
602 2836 635 2863 δι’
656 2838 719 2863 ὅλου
744 2836 792 2862 τοῦ
815 2834 892 2864 ἔτους

106 2883 225 2919 ἡμέραις
247 2884 360 2920 νηστείᾳ
382 2885 632 2920 κατατρυχομὲνου,
657 2884 705 2910 καὶ
727 2881 801 2909 δυεῖν
825 2880 893 2914 ἡμέέ

946 2287 1064 2314 aliorum
1087 2287 1317 2314 consuetudinem
1343 2287 1461 2316 aliorum
1491 2289 1631 2317 contrario
1654 2297 1729 2318 more

945 2333 1078 2361 subverti.
1116 2333 1244 2361 Testatur
1270 2333 1351 2361 etiam
1364 2332 1523 2367 Cassianus,
1537 2334 1583 2370 qui
1601 2335 1634 2362 dc
1650 2336 1730 2363 insti-

946 2379 1013 2406 tutis
1027 2378 1223 2406 monachorum
1250 2378 1371 2414 scripsit,
1385 2372 1461 2407 libro
1490 2380 1569 2407 tertio
1585 2380 1619 2407 de
1644 2388 1728 2408 cano-

946 2423 1008 2450 nico
1024 2423 1185 2451 diurnarum
1216 2424 1371 2452 orationum
1392 2429 1421 2451 et
1449 2425 1615 2459 psalmorum
1636 2426 1727 2455 modo.

945 2469 1085 2503 apostolos
1110 2474 1166 2497 tota
1193 2474 1274 2497 nocte
1297 2470 1430 2497 mansisse
1460 2471 1606 2506 pervigiles
1634 2472 1729 2499 illuce-

945 2518 1041 2542 scente
1052 2514 1184 2547 Sabbato,
1194 2515 1328 2550 passionis
1343 2521 1466 2551 tempore
1479 2526 1485 2549 ;
1504 2524 1537 2544 ac
1551 2518 1666 2552 proinde
1678 2527 1729 2554 pcr

946 2565 1033 2588 totum
1052 2559 1192 2588 Orientem
1213 2561 1298 2589 fuisse
1322 2562 1350 2589 in
1377 2570 1453 2589 more
1483 2563 1614 2598 positum,
1646 2569 1675 2591 ut
1690 2565 1727 2591 i.li

946 2607 1030 2638 nocti,
1048 2606 1149 2641 inquit,
1183 2607 1364 2642 deputaretur
1387 2608 1542 2644 vigiliarum
1557 2611 1727 2642 solemnitas.

944 2656 972 2679 et
988 2655 1050 2686 post
1062 2651 1217 2686 vigiliarum
1232 2652 1353 2680 laborem
1369 2653 1506 2682 absolutio
1532 2655 1629 2691 jejunii
1651 2656 1729 2683 tierct

945 2697 1065 2726 Sabbato
1082 2701 1109 2725 et
1132 2698 1283 2726 Dominica.
1299 2699 1358 2726 Non
1375 2700 1460 2731 enim,
1490 2701 1598 2736 inquit,
1616 2702 1728 2729 absolu-

945 2742 983 2770 tio
1014 2742 1066 2770 ista
1094 2743 1190 2778 jejunii
1218 2744 1367 2777 reputanda
1382 2749 1424 2772 est
1446 2745 1481 2772 ad
1503 2747 1725 2774 communionem

944 2788 1100 2816 festivitatis
1110 2788 1238 2821 Judaicac,
1248 2789 1295 2816 sed
1311 2791 1344 2817 ad
1359 2790 1532 2818 refectionem
1550 2791 1726 2820 etlevamen-

945 2838 1002 2861 tum
1030 2835 1178 2869 corporis;
1200 2835 1272 2869 quod
1304 2843 1351 2870 per
1379 2841 1449 2865 totas
1474 2838 1537 2865 anni
1561 2838 1728 2872 septimanas

943 2878 1044 2914 iugiter
1057 2880 1148 2914 quiuis
1160 2880 1258 2908 diebus
1274 2881 1411 2917 ieiunans,
1435 2883 1487 2911 nisi
1502 2883 1608 2911 duobus
1633 2883 1728 2910 saltem
