1913 3067
218 155 272 186 835

794 148 977 179 ΜΛΤΤΙῙῙΕΙ
999 147 1172 178 CARYOPIl
1179 146 1262 177 YLLI

1794 146 1845 180 836

220 216 283 239 ante
310 209 448 238 Nicanam
475 207 620 244 synodum,
647 211 677 234 ut
700 213 831 241 expresse
855 206 959 234 fatetur
979 210 1007 233 et

1070 206 1168 236 εάππα,
1195 205 1317 232 ἀπίθανα
1350 205 1441 239 λέγεις
1474 206 1522 232 καὶ
1553 205 1693 240 ἀμήχανα.
1727 204 1789 231 Ὀτι
1814 206 1847 231 τὰ

222 258 280 292 ipsa
307 256 333 283 in
362 255 414 282 hoc
433 254 531 282 eodem
558 260 664 280 canone
691 253 807 279 recitato
830 260 845 278 a
873 251 1003 279 Romanis

221 303 330 330 actione
348 307 393 327 xu
411 303 516 334 quartze
532 297 642 333 synodi,
658 297 799 332 quomodo
815 297 934 331 primatu
951 297 1002 324 ho-

223 352 336 375 noratus
358 350 402 372 est
424 352 440 371 a
459 343 587 372 conciliis
611 341 806 377 generalibus?
832 341 892 369 Non
912 342 1005 376 itaque

221 392 376 422 contemnit
393 391 490 419 Patres
506 397 587 425 papa,
609 388 674 423 quia
692 388 798 423 legibus
820 388 929 415 illorum
950 396 1004 415 non

222 439 367 471 subditur;
387 443 450 464 nam
475 437 498 464 si
513 435 690 467 subderetur.
708 434 870 470 evangelico
886 441 941 461 non
955 434 1005 461 ob-

223 489 384 519 temperaret
413 483 499 516 dicto,
520 488 576 517 quo
588 481 682 517 jussus
699 485 741 508 est
759 481 858 508 Petrus
880 486 1006 515 pascere.

224 539 278 558 non
294 530 381 565 pasci,
402 533 431 556 et
456 532 551 556 custos
574 534 635 555 esse
658 527 756 558 vinem,
773 533 828 553 non
846 525 1008 553 custodibus

223 577 348 608 subesse,
377 579 405 602 et
419 573 543 600 medicus
557 580 617 600 esse
626 571 809 599 valetudinem
825 571 944 605 largiens
959 570 1009 596 Ec-

223 622 314 649 clesiae
331 619 474 651 membris,
488 626 542 646 non
561 618 619 653 ipse
635 617 728 645 sanari
743 616 821 652 jnxxa
840 615 1008 651 synodorum

224 666 388 695 sententias.
401 665 444 692 Tu
464 671 531 691 vero
545 663 656 699 quando
673 656 908 697 transgressorem
927 668 1010 689 vocas

226 719 334 747 papam,
350 710 415 745 quia
430 710 506 744 leges
522 716 590 744 quas
606 707 700 743 posuit
715 715 769 734 non
785 707 926 740 observat,
939 707 1010 733 acci-

226 759 268 794 pis
288 763 317 785 ut
329 757 483 784 confessum
492 754 563 789 quod
575 754 675 789 placet,
683 753 762 789 quasi
772 760 838 780 vero
847 753 1011 788 quinisextze

189 838 192 841 _
226 803 459 838 pseudocanones
484 801 584 828 ﬁrmati
613 803 708 828 essent
730 799 897 826 auctoritate
922 807 1007 834 papae.

229 849 280 878 Ubi
296 855 363 883 ergo
377 848 492 875 damnat
506 854 536 874 se
550 846 640 881 ipsum
656 853 736 880 papa,
753 844 818 872 dum
828 844 940 872 damnat
951 853 1012 880 qua:

1059 252 1160 286 ἀρχαῖα
1177 250 1226 286 ἔϐη
1243 251 1356 286 κρατεῖν
1372 251 1497 285 βούλεται
1511 251 1528 283 ὴ
1554 250 1650 286 πρώτη
1666 250 1786 281 σύνοδος,
1803 250 1847 276 καὶ

1061 297 1195 329 σώζεσθαι
1222 298 1255 324 τὰ
1283 297 1416 332 πρεσϐεῖα
1434 298 1493 328 ταῖς
1514 298 1690 332 Ἐκκλησίαις
1716 298 1787 324 κατὰ
1802 298 1848 331 τὴν

1060 343 1178 370 παλαιὰν
1193 343 1351 378 συνήθειαν.
1374 344 1405 371 Εἰ
1421 344 1449 370 δὲ
1472 344 1526 378 πρὸ
1541 344 1591 378 τῆς
1605 344 1635 370 ὲν
1651 343 1753 379 Nunt;
1775 343 1847 377 πρώ-

1059 397 1109 422 της
1125 388 1235 415 συνόδου
1262 389 1276 414 ό
1300 388 1415 419 πάππας
1438 386 1495 423 εἶχε
1522 388 1556 415 τὰ
1576 390 1711 424 πρωτεῖα,
1735 388 1795 419 πῶς
1818 388 1847 414 τὸ

1061 433 1206 467 πρεσϐεῖον
1221 434 1315 469 εἴληφε
1330 435 1407 470 παρὰ
1424 434 1540 461 συνόδων
1555 433 1775 470 οίκουμεινικῶνδ
1793 434 1848 460 Οὐκ

1061 480 1197 513 ἐξουθενεϊ
1221 481 1313 507 τοίνυν
1343 481 1406 512 τοὺς
1439 480 1565 516 Πατέρας
1590 481 1606 506 ὁ
1631 480 1760 512 πάππος,
1793 480 1848 510 τοϊς

1061 525 1176 552 ἐκείνων
1194 525 1287 561 νόμοις
1314 525 1351 561 μὴ
1380 525 1572 560 ὑπαγόμενος·
1599 525 1626 552 ει
1650 526 1703 560 γὰρ
1727 525 1849 560 ὑπήγετο

1062 572 1117 602 τοῖς
1141 571 1252 598 ἐκείνων
1272 572 1376 606 νόμοις,
1389 569 1423 607 ἦν
1442 572 1475 598 ἃν
1493 571 1655 607 παραδᾶπις
1670 573 1719 606 τῆς
1733 572 1849 605 εὐαγγε-

1062 617 1142 651 λικῆς
1169 616 1359 652 θεσμοθεσίας,
1381 615 1415 644 δι⁶
1440 614 1474 653 ἧς
1499 618 1657 652 ποιμαίνειν
1681 617 1720 652 τῷ
1754 618 1842 652 Πέτρε

1063 662 1277 697 προστέτακται,
1292 662 1323 690 οὐ
1348 663 1560 698 ποιμαίνεσθαι,
1589 663 1636 689 καὶ
1663 661 1753 697 φύλαξ
1779 660 1850 689 εἶναι

1063 708 1113 742 τῆς
1126 708 1262 743 ἀμπέλου,
1282 709 1312 735 οὗ
1328 708 1528 744 φυλάσσεσθαι,
1543 709 1590 736 καὶ
1607 709 1700 743 ἰατρὸς
1716 709 1767 744 τὴν
1793 708 1848 743 ῥῶ-

1066 763 1108 781 σιν
1133 754 1312 789 χαριζόμενος
1337 755 1394 786 τοῖς
1418 754 1512 790 μέλεσι
1537 755 1586 789 τῆς
1614 755 1851 791 Ἐκκλησία;,οὑχ

1065 801 1224 834 ὑγιάζεσθαι
1249 800 1320 826 κατὰ
1345 802 1392 832 τὰς
1425 801 1567 838 συνοδικᾶς
1590 801 1754 836 ἀποφάσεις.
1770 801 1807 827 Σὺ
1824 801 1852 827 δὲ

1065 848 1109 873 ὅτε
1124 846 1213 881 λέγεις
1229 846 1393 882 παραόάτην
1413 846 1457 872 τὸν
1472 847 1599 878 πάππαν,
1615 847 1656 873 ὅτι
1670 847 1735 877 τοὺς
1750 847 1851 881 νόμους

228 901 368 929 nunquam
384 892 532 928 probavit?
557 891 597 919 fta
616 899 667 918 nec
694 898 791 926 papam
808 890 955 918 ostendisti
974 891 1013 918 le-

1070 891 1110 923 )ῢς
1125 891 1202 918 ἔθετο
1217 892 1248 918 οὐ
1265 892 1408 926 φυλάττει,
1422 892 1573 926 λαμόοἱνεις
1587 893 1617 919 τὸ
1640 893 1682 919 σοὶ
1704 892 1801 920 δοκοῦν
1817 892 1852 922 ὡς

228 940 322 975 gitime
345 937 500 974 iudicatum
516 941 544 965 et
560 937 722 964 damnatum
738 937 766 964 in
790 943 875 964 causa
900 937 1012 971 dogma-

1070 937 1300 972 εμολογοὺμενον·
1334 938 1430 972 ὥσπερ
1462 939 1486 965 εί
1515 938 1688 973 κυρωθέντος
1715 935 1788 973 ἦσαν
1819 939 1851 972 τῇ

231 990 301 1015 tum.
320 991 371 1011 nec
380 984 410 1011 in
425 983 487 1011 aliis
497 982 609 1010 Patrum
622 981 728 1018 judicio
743 981 907 1017 subjectum.
923 981 1012 1014 Quare

1070 983 1174 1020 ἐξουσίᾳ
1188 983 1235 1011 τοῦ
1252 984 1353 1011 πάππα
1364 985 1388 1011 oi
1402 984 1599 1019 ψευδοκανόνες
1621 986 1669 1019 τῆς
1686 984 1852 1019 πενθέκτης.

229 1031 256 1058 id
282 1030 365 1058 etiam
395 1029 468 1064 quod
498 1029 594 1056 subdis
622 1033 754 1062 tanquam
781 1026 1012 1058 demonstratum,

1070 1029 1121 1056 Ποῦ
1139 1030 1228 1056 τοίνυν
1243 1029 1336 1057 ἀθετεῖ
1347 1030 1445 1057 ἑαυτὸν
1467 1032 1481 1057 6
1497 1031 1613 1061 πάππας
1629 1031 1675 1057 διὰ
1695 1030 1726 1056 τὸ
1747 1030 1854 1056 ἀθετεῖν

229 1076 334 1103 nullam
351 1076 433 1102 habet
449 1075 575 1103 veritatis
587 1074 734 1106 umbram;
751 1073 894 1106 nimirum,
907 1072 931 1100 si
944 1079 1014 1108 papa

1070 1074 1087 1102 ἃ.
1116 1076 1251 1110 μηδέποτε
1281 1076 1465 1111 ὲδοκίμασεν;
1483 1076 1553 1104 Οὔτε
1581 1076 1647 1111 γοῦν
1677 1075 1782 1108 ἔδειξας
1811 1075 1855 1102 τὸν

230 1130 284 1149 non
301 1121 431 1149 subditur
447 1122 559 1149 Patrum
573 1120 692 1156 legibus,
713 1127 762 1156 per
782 1119 835 1146 hoc
850 1119 908 1146 lieri
935 1123 964 1146 ut
979 1118 1013 1146 ab

1070 1121 1185 1148 πάππαν
1207 1122 1238 1148 ὲν
1255 1122 1312 1154 τοῖς
1335 1121 1471 1156 δόγμασιν
1498 1123 1679 1158 εὐθυνόμενον
1704 1122 1856 1152 κανονικὼς

230 1168 290 1203 ipso
305 1171 532 1195 c0ntemnantur.

231 1223 287 1248 ρων
312 1215 485 1250 κρινόμενον.

1067 1167 1114 1192 καὶ
1129 1166 1278 1202 ὲνθέσμως,
1295 1166 1359 1194 οὔτε
1382 1169 1411 1195 ὲν
1426 1170 1481 1199 τοῖς
1501 1168 1590 1200 ἄλλοις
1607 1168 1682 1203 παρὰ
1695 1168 1750 1194 τῶν
1771 1168 1856 1193 Πατέ-

528 1213 611 1240 ὊΘεν
646 1212 701 1239 οὐδ’
730 1211 744 1239 δ
768 1212 911 1246 ὲπιφέρεις
934 1212 972 1243 ὡς
1003 1212 1175 1248 ἀποδειχθὲν,
1200 1213 1257 1249 ἔχει
1283 1214 1364 1241 σκιὰν
1388 1214 1530 1249 ἡντιναοῦν
1553 1215 1697 1249 ἀληθείας·
1733 1215 1774 1241 ὅτι
1801 1215 1856 1244 τοῖς

230 1261 308 1297 παρὰ
336 1263 392 1287 τῶν
416 1260 546 1295 Πατέρων
573 1259 710 1294 κειμένοις
736 1258 827 1294 νόμοις
852 1258 890 1294 μὴ
917 1258 1090 1294 ὑπαγόμενος
1105 1261 1118 1286 ὁ
1136 1261 1252 1292 πάππας
1264 1260 1412 1296 διαγράφει
1423 1263 1565 1294 τοσούτους
1582 1262 1719 1297 Πατέρας.

470 1319 583 1362 NlLUS.
604 1320 682 1355 (Cap.
701 1317 786 1354 nx.)

268 1387 278 1403 ι
300 1377 397 1404 Dicere
413 1380 517 1407 autem.
533 1382 632 1410 papam
647 1382 703 1402 non
720 1382 781 1403 esse
797 1375 866 1402 certi
886 1374 939 1402 loci
959 1375 1017 1409 epi-

231 1430 357 1458 scopum,
383 1422 432 1450 sed
459 1422 585 1449 absolute
606 1421 779 1456 episcopum,
796 1421 936 1455 quomodo
960 1427 1016 1448 non

231 1470 268 1496 sit
290 1475 352 1496 cum
380 1467 462 1495 valde
487 1466 641 1494 manifestis
665 1466 808 1502 pugnare?
830 1466 923 1494 Primo
941 1467 1015 1494 enim

1393 1321 1531 1349 ΝΕΙΛΟΣ.

1107 1389 1116 1406 ι
1135 1380 1172 1407 Τὸ
1199 1376 1227 1407 δὲ
1247 1380 1337 1415 λέγειν
1359 1381 1397 1416 μὴ
1414 1379 1485 1408 εἶναι
1508 1381 1553 1408 τὸν
1576 1381 1690 1408 πάππαν
1707 1382 1855 1409 ἐπίσκοπον

1068 1426 1277 1462 ἀφωρισμένως,
1295 1427 1351 1452 ἀλλ’
1368 1426 1464 1458 ἁπλῶς
1483 1427 1645 1460 ἐπίσκοπον,
1666 1426 1775 1466 πῶςλοὺ
1795 1428 1856 1462 σφό-

1070 1473 1121 1509 δρα
1137 1473 1194 1504 τοῖς
1208 1474 1336 1508 φανεροῖς
1351 1473 1502 1508 ἀντιλέγειν
1516 1473 1577 1499 ἐστι
1587 1483 1595 1506 ς
1614 1473 1727 1509 Πρῶτον
1740 1474 1794 1510 μὲν
1805 1476 1856 1510 γὰρ

230 1519 374 1542 σειὺηειιιιὶ
395 1521 478 1549 supra
503 1518 557 1545 οιθῑι
577 1513 656 1540 illum
678 1517 708 1540 εἴ
730 1517 847 1541 “ﬁer”
870 1513 1018 1548 θΡίεεοροε
1031 1523 1054 1551 (ι
1070 1520 1206 1546 δέδεικται
1217 1519 1348 1555 ἀνωτέρω
1360 1520 1486 1554 ὁμοταγῆ
1500 1519 1596 1546 τοῦτον
1610 1518 1680 1547 εἶναι
1692 1522 1750 1553 τοῖς
1767 1521 1859 1552 ἄλλοις

232 1568 293 1588 osse
307 1559 432 1594 ejusdem
454 1559 584 1590 ordinis;
598 1558 699 1586 deinde
722 1558 750 1585 in
765 1558 875 1586 cunctis
894 1565 1016 1585 cacume-

236 1605 305 1633 nicis
322 1604 448 1632 conciliis
466 1604 560 1631 Romte
585 1603 731 1639 cpiscopus
752 1609 876 1631 vocatur.
903 1603 931 1632 Si
951 1611 1018 1631 vero

233 1652 299 1688 quia
314 1652 342 1680 in
356 1651 414 1679 suis
428 1651 529 1678 litteris
543 1658 599 1678 non
619 1659 649 1678 sc
666 1650 759 1678 Romae
779 1650 950 1685 episcopum,
969 1649 1018 1678 sed

234 1698 363 1726 absolute
388 1697 551 1732 episcopum
568 1695 677 1728 scribit,
692 1695 791 1724 habeat
805 1701 950 1731 propterea
967 1696 1019 1724 hoc

234 1743 307 1771 idem
321 1747 349 1770 et
363 1742 504 1777 Cyrillus;
528 1741 552 1769 is
571 1741 645 1769 enim
658 1741 762 1768 alicubi
783 1741 910 1769 absolute
922 1741 961 1769 ita
977 1741 1021 1768 in-

234 1789 377 1821 scribitur,
392 1787 492 1824 Cyrilto
511 1788 632 1823 episcopo
645 1787 695 1823 (1);
711 1792 740 1816 et
756 1787 845 1816 multo
865 1788 952 1823 magis
967 1788 1020 1816 hoc

235 1833 354 1868 Cyrillus
374 1832 485 1865 habeat,
501 1832 575 1867 quod
599 1836 628 1859 et
648 1832 683 1859 ab
703 1832 766 1860 aliis
791 1832 844 1860 hoc
869 1831 909 1860 illi
927 1833 1019 1860 datur.

236 1879 370 1907 Similiter
392 1878 415 1905 si
436 1878 499 1913 quis
521 1877 680 1913 episcopus,
702 1878 813 1913 quando
828 1879 936 1910 scribit.
964 1885 1020 1906 non

236 1924 320 1952 addat
335 1923 458 1959 episcopi
479 1923 602 1955 titulum,
627 1923 672 1951 hic
689 1931 724 1952 ne
740 1924 887 1959 episcopus
909 1924 1021 1960 quidem

235 1974 313 2002 esto;
327 1969 375 1996 sed
399 1969 423 1996 si
440 1968 529 1996 solum
544 1975 574 1996 se
591 1968 755 2003 episcopum
772 1973 863 2002 vocet,
879 1968 950 1996 certi
967 1968 1022 1996 loci

237 2015 340 2042 limites
370 2014 468 2049 fugiat,
487 2018 514 2041 et
534 2015 571 2042 sit
600 2013 767 2042 universalis
790 2014 867 2042 orbis
882 2019 1020 2042 terrarum

236 2062 400 2095 episcopus;
416 2060 439 2087 si
466 2067 533 2087 vero
555 2065 584 2087 et
607 2059 660 2087 hoc
676 2060 842 2095 supprimat,
856 2060 902 2088 hic
910 2068 951 2088 me
965 2059 1025 2095 epi-

237 2113 339 2140 seopus
365 2105 478 2140 quidem
503 2111 576 2134 esto.
599 2105 634 2134 Et
645 2105 786 2141 quomodo
811 2106 869 2135 haec
890 2114 944 2135 non
968 2108 1024 2135 sint

238 2151 375 2186 a-nigmnti
390 2151 491 2179 similia
504 2151 516 2178 ἰ
541 2160 551 2177 ι

519 2218 748 2250 CONFUTATlO.

276 2275 305 2302 Si
319 2282 381 2302 cum
398 2275 553 2303 manifestis
574 2284 695 2311 pugnare
711 2282 765 2310 est,
787 2278 890 2306 sentire
905 2281 934 2305 et
948 2277 1023 2314 loqui

240 2321 274 2348 de
297 2321 415 2356 primatu
443 2329 520 2357 papa:
545 2330 719 2358 quaecunque
745 2331 827 2358 supra
852 2323 925 2351 dicta
947 2330 1024 2357 sunt.

238 2368 312 2402 quod
329 2371 358 2394 et
378 2366 470 2394 Romae
486 2367 649 2403 cpiscopus,
665 2373 693 2396 et
708 2368 856 2404 episcopus
880 2369 1023 2397 universa-

239 2413 284 2444 lis,
297 2412 440 2448 impletum
455 2413 483 2440 in
496 2417 521 2440 te
536 2413 603 2441 illud
617 2419 660 2442 est
673 2423 680 2441 ι
700 2414 745 2442 Vw
759 2420 885 2450 ponentes
901 2416 1024 2443 tenebras

238 2457 333 2491 tut-cm,
360 2463 383 2485 et
408 2458 492 2485 lucem
518 2459 658 2493 tenebrat;
677 2460 810 2494 sapientes
828 2461 856 2487 in
875 2460 954 2488 oculis
981 2469 1022 2488 ve-

236 2505 312 2536 stris,
337 2510 361 2531 et
383 2513 475 2532 coram
499 2505 694 2541 vobismetipsis
707 2506 849 2541 prudentes
862 2506 883 2533 ¹.
899 2506 1022 2539 Namque

236 2548 312 2583 juxta
336 2553 410 2576 tuam
432 2549 588 2578 doctrinam
602 2551 661 2579 baae
683 2551 739 2579 duo
749 2556 873 2587 pugnant
893 2552 965 2579 inter
979 2559 1022 2585 se,

236 2599 299 2622 esse
316 2594 409 2622 Romae
424 2596 585 2632 episcopum
600 2602 628 2625 et
647 2597 808 2633 episcopum
825 2597 1018 2626 universalem.

237 2636 297 2667 Non
314 2641 352 2667 ita
365 2649 410 2669 res
422 2641 516 2670 habet.
532 2642 618 2670 Norat
632 2642 801 2671 Athanasius
817 2651 847 2671 se
861 2643 1021 2678 episcopum

237 2683 466 2720 Alexandrinum,
486 2693 515 2715 et
533 2686 635 2716 Iulium
655 2689 822 2721 Romanum.
837 2688 961 2717 ascendit
979 2694 1021 2717 ta-

238 2735 301 2760 men
316 2738 430 2761 vocatus
446 2734 560 2762 Romam
576 2735 609 2763 ad
626 2734 729 2763 Julium
745 2735 914 2770 episcopum,
931 2741 959 2763 et
975 2744 1019 2764 ra-

274 2795 281 2809 '
297 2793 345 2821 lsa.
360 2803 386 2825 ν.
403 2795 448 2828 20,
459 2795 505 2822 2f.

272 2873 310 2907 (ί)
330 2880 338 2899 ι
353 2877 424 2907 part.
437 2881 516 2902 conc.
532 2875 647 2910 Ephes.,
664 2885 725 2912 cap.
743 2878 787 2905 52.
811 2874 816 2878 ”

1069 1565 1123 1592 τῶν
1142 1566 1300 1592 ἐπισκόπων
1315 1573 1321 1580 '
1340 1565 1434 1592 ἔπειτα
1449 1567 1476 1592 ὲν
1491 1567 1592 1597 πάσαις
1613 1567 1673 1597 ταῖς
1695 1567 1858 1602 οῑκουμενι-

1071 1612 1133 1642 καίς
1149 1611 1204 1638 τῶν
1231 1612 1348 1639 συνόδων
1373 1612 1482 1648 Ῥώμης
1506 1613 1656 1644 ἐπίσκοπος
1679 1614 1858 1649 ὀνομάζεται.

1071 1657 1103 1684 Εί
1116 1657 1144 1684 δὲ
1159 1657 1201 1684 ὅτι
1217 1658 1246 1685 ἐν
1262 1656 1304 1689 οἷς
1324 1659 1405 1691 αὐτὸς
1430 1659 1594 1691 ἐπιστέλλει,
1611 1660 1641 1686 οὐ
1666 1660 1776 1695 Ῥώμης
1801 1662 1860 1687 ἐπί-

1072 1712 1184 1736 σκοπον,
1205 1705 1263 1731 ἀλλ’
1291 1705 1386 1736 ἁπλῶς
1408 1705 1559 1741 ἐπίσκοπον
1582 1707 1680 1734 ἑαυτὸν
1713 1707 1856 1742 ὀνομάζει,

1073 1750 1158 1784 ἐχέτω
1173 1751 1208 1777 τὰ
1234 1750 1280 1778 ίσα
1295 1751 1340 1778 διὰ
1354 1751 1439 1779 ταῦτα
1463 1752 1511 1779 καὶ
1539 1752 1692 1788 Κύριὶλος·
1715 1753 1776 1780 ἐστι
1804 1755 1857 1790 γὰρ

1072 1796 1139 1822 ὃπου
1167 1795 1261 1827 ἁπλῶς
1290 1796 1484 1832 ἐπιγράφεται,
1510 1797 1652 1832 Κυρίλλῳ
1678 1799 1857 1834 ἐπισκόπω-

1074 1843 1120 1868 καὶ
1146 1842 1235 1876 πολλῷ
1251 1842 1333 1868 πλέον
1356 1844 1473 1877 ἐκείνου,
1490 1844 1544 1879 ὅσῳ
1562 1845 1609 1871 καὶ
1629 1845 1693 1880 παρ’
1715 1846 1808 1873 ἄλλων
1826 1847 1859 1873 τὰ

1074 1887 1187 1913 τοιαῦτα
1202 1887 1308 1918 ἀκούει.
1324 1889 1361 1915 Οὺ
1380 1890 1434 1924 μὴν
1458 1889 1517 1916 ἀλλ’
1536 1891 1561 1916 εί
1579 1891 1626 1917 καί
1647 1900 1690 1922 τις
1707 1892 1860 1924 ἐπίσκοπος

1074 1933 1103 1958 ὲν
1130 1929 1171 1963 οἷς
1197 1933 1311 1968 γράφει,
1327 1933 1357 1960 οὗ
1383 1930 1547 1970 προστίθὴσι
1573 1936 1603 1962 τὸ
1625 1935 1673 1962 τοῦ
1701 1938 1859 1965 ἐπισκόπου
1896 1958 1897 1962 η

1073 1979 1170 2013 ὄνομα,
1187 1980 1253 2014 μηδὲ
1283 1981 1433 2012 ἐπίσκοπος
1457 1982 1528 2008 ἔστω
1547 1982 1640 2009 λοιπήν
1653 1991 1660 1998 ·
1673 1984 1732 2010 ἀλλ’
1760 1986 1794 2011 ἂν
1813 1986 1860 2020 μὲν

1075 2025 1169 2060 γράφῃ
1186 2026 1334 2058 ἐπίσκοπος
1354 2027 1448 2062 μόνον,
1466 2029 1592 2062 φευγέτω
1610 2029 1660 2064 τὴν
1671 2032 1859 2066 περιγραφὴν,

1077 2073 1123 2098 καὶ
1141 2072 1285 2104 καθολικδς
1300 2074 1348 2108 τῆς
1363 2074 1525 2109 οἰκουμένης
1542 2075 1691 2108 ἐπίσκοπος
1713 2077 1788 2104 ἔστω
1800 2085 1809 2093 '
1829 2078 1860 2104 ἂν

1075 2117 1105 2145 δι
1119 2120 1165 2144 καὶ
1182 2118 1260 2145 τοῦτο
1287 2119 1354 2154 ἀφῇ,
1371 2121 1418 2146 καὶ
1434 2121 1486 2147 ὑπὸ
1502 2121 1548 2147 τὸν
1569 2122 1690 2149 τοιοῦτον
1705 2122 1788 2152 ἔστω.
1807 2125 1859 2150 Καὶ

1077 2164 1135 2195 πῶς
1149 2164 1179 2190 οὺ
1195 2165 1280 2191 ταῦτα
1295 2166 1438 2201 αίνίγματι
1454 2167 1652 2203 παραπλήσια;
1673 2178 1683 2195 ι

1353 2224 1570 2253 ΑΝΤΙΡΡΗΣΙΣ.

1108 2278 1140 2304 El
1159 2275 1214 2310 τοῖς
1228 2280 1357 2314 φανεροῖς
1374 2280 1527 2315 ἀντιλέγειν
1547 2282 1606 2309 ἐστὶ
1622 2283 1652 2310 τὸ
1669 2285 1734 2319 περὶ
1749 2286 1800 2320 τῆς
1815 2286 1860 2313 τοῦ

1074 2324 1173 2350 πάππα
1186 2324 1272 2359 ἀρχῆς
1284 2326 1393 2360 φρονεῖν
1411 2326 1459 2352 καὶ
1475 2327 1575 2360 λέγειν,
1586 2328 1636 2355 ὃσα
1660 2329 1772 2366 εἴρηται
1788 2333 1855 2359 ἀνω-

1073 2369 1156 2404 τέρω,
1169 2369 1212 2396 ὅτι
1228 2370 1275 2396 καὶ
1293 2369 1404 2406 Ῥώμης
1425 2371 1588 2407 ἐπίσκοπος,
1605 2375 1653 2402 καὶ
1669 2376 1861 2412 οίκουμενικὺς

1073 2414 1232 2448 ἐπίσκοπος,
1250 2416 1431 2452 πεπλήρωται
1462 2419 1508 2445 ἐπὶ
1534 2421 1576 2446 σοὶ
1600 2421 1631 2447 τὸ
1652 2423 1736 2457 ῥητὸν
1763 2425 1860 2458 ἐκεῖνο,

1076 2460 1150 2487 οὐαί
1176 2461 1203 2487 οὶ
1228 2461 1360 2495 τιθέντες
1383 2463 1416 2490 τὸ
1439 2466 1551 2498 σκότος
1571 2466 1645 2500 φῶς,
1667 2469 1771 2497 καὶτὸ
1798 2471 1860 2506 φῶς

1075 2506 1184 2540 σκότος
1197 2514 1204 2522 ·
1223 2508 1250 2534 οι
1271 2508 1393 2535 συνετοὶ
1408 2509 1442 2535 ἐν
1461 2509 1581 2544 ἑαυτοῖς
1595 2513 1645 2540 καί
1661 2513 1793 2542 ἐνώπιον
1811 2519 1861 2544 αὐ-

1072 2553 1136 2598 τῶν-ί
1154 2553 1368 2589 ἐπιστήμονες.
1383 2557 1461 2584 Κατὰ
1484 2558 1538 2594 γὰρ
1560 2560 1610 2594 τὴν
1637 2561 1688 2595 σὴν
1701 2563 1858 2598 Erunt;sz

1071 2599 1102 2626 τὸ
1113 2597 1184 2626 εἷναι
1205 2600 1314 2637 Ῥώμης
1336 2603 1497 2636 ἐπίσκοπον,
1514 2606 1562 2632 καὶ
1582 2607 1778 2642 οἱκουμενικὸν

1073 2654 1182 2692 σκοπον,
1201 2647 1268 2682 πρὸς
1279 2648 1382 2684 ἄλληλα
1401 2650 1530 2685 μάχεται.
1553 2652 1622 2679 Ἀλλ’
1638 2650 1659 2680 ὦ
1674 2657 1796 2691 γενναῖε,
1809 2658 1857 2692 οὐχ

1071 2691 1158 2723 οὕτως
1170 2693 1236 2727 ἔχει.
1252 2694 1329 2730 ᾜδει
1345 2696 1393 2722 καὶ
1412 2695 1571 2730 Ἀθανάσιος
1583 2699 1695 2727 Ἰούλιον
1705 2691 1856 2729 ἐπίσκοπον

1069 2737 1134 2774 οντα
1151 2737 1271 2774 Ῥώμης,
1287 2740 1333 2768 καὶ
1353 2741 1449 2769 ἑαυτὸν
1472 2743 1677 2781 Ἀλεξανδρείας
1693 2747 1846 2776 ἐπίσκοπον
