1913 3067
109 90 164 122 845

766 90 979 123 ΙίΕῐὋΤᾹΤΙΟ
1002 90 1092 120 NiLl.

1683 89 1698 119 8
1705 86 1735 124 ιο

107 155 180 174 των.
195 147 252 182 Οὐχ
269 147 355 181 οὕτως
369 149 500 182 ἑξέλαὸον
515 149 565 183 τὴν
579 149 671 184 φωνὴν
687 148 711 175 οἱ
728 148 814 174 πολλὰ
837 156 887 174 κατ

953 145 1019 172 ιὶιιιιι
1036 149 1078 172 est
1096 145 1122 171 in
1136 143 1246 171 divinis.
1262 142 1321 171 Non
1339 143 1375 171 ita
1391 151 1487 172 vocem
1504 143 1574 170 hanc
1594 144 1735 173 intellexe-

107 193 221 228 ἐκείνης
234 193 401 228 ἀθλήσαντις
412 195 550 230 ἀρχιερεῖς
560 197 608 230 τῆς
619 195 741 230 Ῥώμης.
751 194 895 228 Πελάγιος,

107 239 157 266 καὶ
173 240 324 275 Γρηγόριος
339 241 352 267 ὁ
373 241 512 275 Διάλογος
532 242 587 269 οὐδ’
609 242 786 277 ἡρμήνευε-αν
808 241 896 272 οὕτως

105 285 133 311 οι
163 285 212 319 τὴν
238 286 331 321 φωνὴν
356 286 457 321 ταύτην
482 289 586 322 πρῶτοι
609 287 818 323 ἔῳαρπάσαντες
844 296 896 314 πα-

106 332 259 366 τριὰρχαι,
284 331 412 368 Ἰωάννης
436 333 450 360 ό
474 334 635 369 Νηστευτὴς
661 334 708 361 καὶ
736 333 894 368 Κυριακόςν

105 377 168 404 ἀλλ’
182 379 392 413 οἰκουμενικοὺς
408 379 564 414 ἐπέγραφον
581 379 694 410 ἑαυτοὺς
714 377 895 413 καταχρώμε-

105 429 149 449 νοι
164 423 204 458 τῷ
220 424 424 459 σημαινομένῳ·
442 425 489 451 καὶ
504 424 541 456 ὥς
559 433 642 459 φησιν
656 426 670 452 ὁ
684 425 811 458 Διάλογος
826 424 896 458 γρά-

106 477 168 503 φων
192 470 361 506 ’Δναστασίῳ
385 470 423 505 τῷ
444 471 628 506 Ἀντιοχείας·
644 471 781 506 Τοιαύτην
804 471 895 497 αἰτίαν

105 517 303 550 παρεχόμενοι,
322 516 394 543 ὥστε
414 517 439 543 εί
463 517 576 551 ταύτην,
595 517 688 552 φησὶν,
708 516 833 550 εὐμενῶς
849 516 895 550 φέ-

106 570 204 598 ρομεν,
219 562 269 597 τῆς
285 562 401 593 καθόλου
421 563 587 597 Ἐχκλησίας
605 562 654 597 τὴν
676 563 769 589 πίστιν
784 561 896 598 φθείρο-

106 616 168 642 μεν.
186 608 239 634 Καὶ
257 609 306 635 οὐκ
322 609 395 635 ἔστιν
409 609 476 635 ὅπου
501 609 566 644 περὶ
587 609 637 644 τῆς
658 609 751 644 φωνῆς
768 608 893 643 γράφων,

106 654 208 689 συχνὰς
220 654 248 680 δὲ
262 655 326 689 περὶ
339 655 441 690 ταύτης
452 655 552 682 ἔδωκεν
564 655 720 689 ἐπιστολὰς,
730 656 779 682 οὐκ
791 655 893 686 ἀθετεῖ,

103 702 155 727 καὶ
171 701 355 728 ἀποϐάλλεται
371 702 408 733 ὡς
423 702 548 737 βέὸηλον.
559 701 601 734 ὡς
616 701 695 737 ὕϐριν
707 702 757 736 τῆς
780 701 894 737 Ἐκκλη-

104 746 178 779 σίας,
197 747 234 778 ὡς
250 747 378 781 μεγάλων
393 747 525 783 ἀφορμὴν
541 747 711 779 σκανδάλων,
733 746 893 778 ἀλαζονείας

105 793 219 827 μεστὴν,
235 793 284 820 τοῦ
302 794 487 828 Ἀντιχρίστου
505 794 672 830 πρόδρομον,
689 793 829 822 ἀπώλειαν
843 793 894 827 τῆς

103 840 238 872 πίστεως,
253 840 378 874 ἀνοσίαν,
397 840 592 874 ἁντιλέγουσαν
607 840 647 874 τῷ
663 839 821 875 Εὑαγγελίῳ
845 839 892 865 καὶ

103 884 161 914 τοῖς
180 884 263 919 ἱεροῖς
282 886 404 919 κανόσιν,
429 886 609 921 ἀλλοτρίωσιν
627 885 678 921 τῆς
695 886 825 921 πίστεως,
844 886 893 913 καὶ

103 930 242 957 οἰκείωσιν
259 931 404 967 αἱρέσεως,
428 933 511 967 φησιν
535 933 566 959 ὲν
594 933 626 968 τῇ
650 932 765 968 δευτέρᾳ
792 931 891 968 πράξει

103 977 154 1012 τῆς
174 969 292 1013 ὲϐδόμηξ
310 978 420 1010 συνόδου
439 980 453 1005 ό
467 978 583 1011 πάππας
605 979 756 1015 Ἀδριανός.

429 1127 568 1154 ΝΕΙΛΟΣ.

139 1191 150 1208 ι
173 1182 201 1210 '0
219 1183 248 1210 δὲ
258 1184 394 1218 μακάριος
406 1184 601 1221 Χρυσὸστομος
613 1188 660 1214 καὶ
672 1188 726 1214 τῶν
737 1188 888 1223 ἀρχιερέων

89 1227 219 1254 -ἒκαστον
245 1228 275 1254 ἐν
303 1228 342 1263 τῷ
358 1229 406 1255 τοῦ
420 1230 541 1264 Χριστοῦ
557 1232 645 1267 θρόνῳ
665 1233 776 1259 καθίσαι
802 1232 886 1267 λέγει,

102 1273 199 1309 ὥσπερ
211 1276 273 1305 τοὺς
289 1276 420 1308 νομικοὺς
433 1277 522 1310 ἱερέας
536 1278 582 1304 ἐπὶ
593 1278 640 1305 τοῦ
650 1278 744 1313 θρόνου
753 1279 886 1310 Μωσέως.

103 1319 187 1347 Ὥστε
202 1320 233 1346 οὐ
246 1320 317 1354 μέγα
334 1321 372 1356 τῷ
391 1321 502 1358 Ῥώμης
518 1324 605 1359 θρόνῳ
616 1324 646 1351 ἰδ
660 1325 736 1361 παρὰ
749 1325 804 1351 τῶν
819 1326 887 1352 ἀπο-

103 1365 204 1393 στόλων
221 1367 374 1401 καλεῖσθαι,
390 1369 509 1396 ἑκάστου
528 1370 583 1397 τῶν
597 1371 754 1398 ἐπισκόπων
774 1372 821 1398 ἐπὶ
839 1368 886 1398 τοῦ

100 1410 198 1446 θρόνου
208 1412 258 1439 τοῦ
277 1413 398 1448 Χριστοῦ
416 1415 586 1449 καθημένου.
606 1425 615 1442 ι

384 1472 601 1501 ΑΝΤΙΡΡΗΣΙΣ.

142 1526 286 1560 ’Δνωτέρω
314 1527 363 1562 μὲν
388 1527 482 1563 ἔλεγες
508 1529 624 1556 ἕκαστον
652 1531 706 1557 τῶν
733 1531 886 1558 καθολικῶν

101 1571 204 1605 θρόνων
221 1571 402 1598 ἀποστολικὸν
415 1572 608 1607 ὀνομάζεσθαι,
626 1574 696 1601 ὥστε
709 1575 753 1601 τὸν
770 1576 885 1603 πάππαν

102 1615 185 1650 μηδὲν
208 1615 290 1641 πλέον
304 1615 378 1651 ἔχειν
397 1618 465 1643 κατά
480 1625 511 1650 γε
526 1618 603 1645 τοῦτὸ
618 1619 688 1654 ὑπὲρ
706 1620 769 1652 τοὺς
787 1621 884 1647 ἀνατο-

100 1662 192 1693 λικοὺς
208 1663 382 1696 πατριάρχας
394 1670 400 1677 ·
415 1662 463 1689 νῦν
477 1664 505 1690 δὲ
519 1663 608 1698 λέγεις
627 1665 665 1699 μὴ
680 1666 734 1693 τῶν
752 1675 884 1702 πατριαρ-

100 1707 156 1742 χῶν
173 1707 264 1741 μόνον,
282 1708 349 1734 ἀλλὰ
368 1708 414 1734 καὶ
429 1709 484 1735 τῶν
500 1709 658 1736 ἐπισκόπων
671 1711 786 1737 ἑκάστου
801 1711 884 1746 μηδὲν

99 1754 180 1780 πλέον
195 1755 268 1789 ἔχειν
288 1755 336 1781 τὸν
351 1755 479 1787 πάππαν,
495 1756 612 1791 ἐπείπερ
629 1757 700 1783 κατὰ
716 1757 770 1783 τὸν
790 1758 882 1791 μακά-

99 1809 157 1836 ριον
172 1801 367 1836 Χρυσόστομον
383 1802 499 1835 ἕκαστος
518 1802 574 1833 τῶν
590 1803 750 1830 ἐπισκόπων
764 1804 883 1839 ’κάθηται

99 1848 145 1874 ἐπὶ
161 1848 208 1874 τοῦ
224 1848 320 1883 θρόνου
335 1848 382 1874 τοῦ
406 1848 538 1884 Χριστοῦ·
558 1850 605 1875 καὶ.
624 1849 712 1876 ταῦτα
729 1850 815 1884 λέγων
837 1851 884 1877 δύο

99 1894 278 1929 ἁμαρτάνεις·
293 1893 323 1920 ἓν
343 1894 401 1929 μὲν,
417 1895 458 1920 ὅτι
481 1893 528 1922 τοῦ
543 1895 741 1929 Χρυσοστόμου
756 1896 785 1921 τὺ
801 1896 883 1931 ῥητὸν

97 1940 284 1975 διαστρέφεις’
300 1937 360 1966 εἶτα
387 1940 434 1966 καὶ
459 1939 552 1974 σαυτῷ
574 1940 764 1975 περιπίπτεις.
785 1941 828 1968 Ἐν
843 1939 882 1973 οἷς

97 1986 153 2021 γὰρ
167 1986 212 2012 τὸν
227 1987 346 2012 πάππαν
369 1985 560 2018 ὲξευτελίζεις,
588 1987 653 2021 μίαν
678 1987 883 2020 ἁπαξαπάντων

96 2032 272 2066 δογματίζεις
289 2032 411 2067 ίσότηια,
428 2033 507 2068 εἴπερ
523 2032 578 2058 τῶν
593 2033 752 2061 ἐπισκόπων
768 2033 882 2070 ἕκαστος

97 2079 145 2105 ἕνα
161 2078 210 2104 καὶ
223 2078 269 2104 τὸν
294 2078 375 2104 αὐτὸν
398 2078 453 2112 ἔχει
477 2078 525 2105 τοῦ
548 2079 669 2113 Χριστοῦ
693 2078 804 2113 θρόνον.
822 2079 883 2110 Πιῖλς

96 2126 187 2153 τοίνυν
202 2126 296 2160 ἔλεγες
312 2126 375 2157 τοὺς
390 2125 553 2156 καθολικοὺς
570 2125 625 2152 τῶν
641 2125 743 2160 θρόνων
756 2125 794 2157 ὡς
810 2126 883 2161 ἐξαί-

98 2173 176 2208 ρετόν
190 2181 216 2198 τι
235 2172 378 2199 καλεῖσθαι
400 2172 505 2205 πάντας
529 2171 747 2204 ἀποστολικούςς
766 2172 797 2198 Et
825 2172 879 2206 γὰρ
896 2183 918 2210 ι)

97 2220 192 2253 μεῖζον
216 2218 289 2254 ἔχειν
312 2219 357 2244 τὸν
371 2243 375 2247 ,
389 2217 508 2252 Χριστοῦ
536 2218 642 2254 Θρόνον,
666 2219 683 2254 ἢ
699 2219 880 2245 ἀποστολικὺν

96 2264 178 2297 εἶναι,
192 2269 239 2292 καὶ
258 2267 359 2296 πάντες
374 2266 398 2291 οἱ
418 2266 563 2291 ἐπίσκοποι
588 2265 634 2291 Iov
651 2265 770 2300 Χριστοῦ
786 2265 880 2300 ἔχουσι.

97 2309 203 2346 θρόνον,
219 2311 320 2342 πάντες
345 2311 399 2345 ἄρα
419 2311 449 2337 τὺ
473 2311 566 2345 μεῖζον
587 2311 690 2346 ἔχουσι,
715 2311 763 2337 καὶ
788 2313 828 2342 είς
852 2311 882 2338 ιδ

85 2350 170 2393 Ῐοὺόὲν
186 2357 290 2392 enatat
314 2361 384 2384 κατὰ
403 2357 432 2383 σὲ
460 2357 515 2383 τῶν
538 2358 718 2393 πατριαρχών
742 2360 758 2392 ἡ
787 2359 882 2393 προτί-

86 2391 178 2439 ⁸μησις
197 2402 241 2429 διὰ
263 2403 292 2429 τὺ
315 2402 456 2429 καλεῖσθαι
472 2403 683 2434 ἀποστολικοὺς.
700 2403 879 2437 Διαστρέφεις

94 2450 123 2476 δὲ
133 2450 179 2475 καὶ
194 2449 224 2475 τὸ
240 2449 320 2487 ῥητὸν
335 2449 383 2475 τοῦ
396 2449 603 2484 Χρυσοστόμου·
618 2449 691 2483 λέγει
704 2449 770 2484 γάρ·
786 2458 796 2474 ι
819 2449 882 2476 Ἐπὶ

94 2497 143 2530 τῆς
156 2496 294 2526 Ἀιυιῦσέως
308 2495 445 2530 καθέδρας
459 2495 591 2522 ἐκάθισαν
606 2495 630 2521 οἱ
646 2496 822 2530 γραμματεῖς
834 2496 882 2523 καὶ

95 2542 120 2568 oi
146 2541 288 2575 Φαρισαῖοι
303 2549 310 2556 ·
332 2541 380 2567 νῦν
403 2541 431 2567 δὲ
457 2541 507 2569 οὐκ
532 2541 606 2567 ἔστιν
632 2542 729 2573 εἰπεῖν,
751 2541 814 2567 Ἐπὶ
832 2542 881 2576 τῆς

95 2588 237 2618 Μωῡσέως
246 2587 381 2623 καθέδρας
394 2587 526 2614 ἐκάθισαν
542 2587 566 2613 οἱ
585 2587 679 2622 ἱερεῖς,
697 2587 755 2613 ἀλλ’
773 2588 819 2613 ἐπὶ
831 2588 882 2621 τῆς

94 2630 142 2656 τοῦ
157 2631 289 2665 Χριστοῦ·
307 2631 356 2666 τὴν
373 2632 427 2666 γὰρ
445 2631 549 2658 ἐκείνου
574 2631 727 2664 διεδέξαντο
753 2632 881 2658 διδασκα-

94 2677 165 2703 λίαν.
184 2686 194 2702 ι
221 2678 422 2712 Ἐξηγουμένου
437 2679 528 2705 τοίνυν
553 2679 601 2704 τοῦ
622 2678 819 2713 Χρυσηστύμου
835 2678 881 2705 τὸν

95 2724 191 2759 θρόνον
207 2724 246 2755 ei;
260 2724 310 2759 τὴν
325 2724 509 2759 διδασκαλίαν,
535 2725 567 2751 σὺ
591 2725 741 2760 λαμῦάνεις
768 2726 808 2756 sl;
831 2724 883 2758 τὴν

129 2816 168 2852 (1)
185 2814 244 2842 Lib.
261 2823 296 2846 γι.
312 2823 356 2850 ep.
372 2816 419 2843 Ἡ.

951 196 1025 219 runt.
1041 191 1086 224 qui
1103 196 1196 229 contra
1207 197 1268 217 eam
1281 190 1414 218 acerrime
1427 189 1528 217 invecti
1544 191 1733 218 suntRomani

952 236 1107 272 pontiﬁces.
1125 235 1251 272 Pelagius
1265 240 1293 263 et
1305 236 1454 272 Gregorius
1471 236 1598 272 Dialogus
1614 237 1653 272 (l)
1667 246 1673 269 ;
1685 244 1736 264 nec

950 282 988 309 ita
1015 286 1080 309 sunt
1099 282 1285 316 interpretati,
1302 282 1349 316 qui
1366 283 1446 317 primi
1464 282 1540 310 hunc
1554 283 1665 310 titulum
1682 283 1735 310 sibi

949 333 1114 363 arrogarunt
1135 328 1310 363 patriarchae.
1338 328 1460 358 Joannes
1474 329 1618 362 Jejunator
1632 334 1661 357 et
1682 329 1737 365 Cy-

949 375 1059 406 riacus;
1086 374 1134 406 scd
1165 374 1354 404 meumenicos
1381 382 1412 403 se
1436 374 1640 409 inscripserunt
1668 383 1735 403 vero

948 422 1096 448 abutentes
1124 421 1295 456 signiﬁcatu;
1313 425 1407 456 atque,
1424 425 1454 448 ut
1471 422 1567 449 scribit
1582 421 1735 456 Gregorius

948 466 1077 501 Dialogus
1098 466 1245 494 Anastasio
1264 466 1447 499 Antiocheno,
1475 467 1556 494 talem
1582 468 1735 502 praebentis

947 520 1071 542 causam.
1101 516 1132 539 ut
1156 513 1178 539 si
1198 512 1281 545 hanc,
1308 512 1408 546 inquit,
1425 512 1619 546 mquanlmiter
1641 517 1735 546 porta-

947 566 1019 589 mus.
1039 559 1176 586 universae
1194 558 1326 586 Ecclesia:
1344 558 1424 585 {idem
1441 565 1651 593 corrumpamus
1678 558 1734 585 Nec

945 606 1023 634 locus
1038 609 1081 632 est
1099 604 1126 631 in
1146 611 1202 638 quo
1220 604 1254 632 de
1270 604 1323 632 hac
1337 612 1404 632 voco
1429 604 1600 632 mentionem
1617 604 1731 635 faciens.

947 652 1108 687 frequentes
1130 657 1221 679 autem
1246 655 1360 686 propter
1391 651 1464 678 illam
1489 651 1567 678 dedit
1589 650 1731 686 epistolas.

944 707 1007 730 eam
1025 706 1079 726 non
1097 698 1271 729 damnaverit
1288 697 1471 732 rejeceritque
1486 702 1514 724 ut
1531 697 1685 732 profanam,
1703 701 1732 722 ut

918 739 923 743 ’
945 745 1111 772 universalis
1135 744 1265 773 Ecclesia:
1295 743 1434 780 injuriam.
1452 747 1482 770 ut
1498 751 1658 778 magnorum
1676 742 1733 768 ori~

945 789 1036 824 ginem
1052 789 1256 821 scandalorum,
1274 789 1383 824 plenam
1401 788 1550 824 superbiae,
1568 786 1730 815 Antichristi

943 843 1156 872 prtecursorem.
1171 843 1221 873 per
1236 843 1318 870 quam
1344 835 1411 863 ﬁdes
1438 834 1576 869 perditur,
1592 838 1622 860 ut
1640 833 1729 860 scele-

943 887 1011 909 stam
1026 887 1056 911 _et
1071 882 1306 910 conlradicentcnt
1320 882 1469 917 Evangelio
1488 881 1627 915 sacrisque
1645 888 1731 911 ρευσς

942 929 1044 962 nibus;
1063 937 1128 964 qua.
1145 933 1176 956 ut
1193 929 1335 957 Adrianus
1351 936 1420 964 papa
1432 928 1524 963 inquit
1541 928 1568 955 in
1583 927 1641 954 suis
1656 927 1730 955 litte-

942 975 980 1002 ris
992 975 1025 1002 ad
1039 975 1233 1010 imperatores.
1245 975 1291 1011 qui
1309 974 1395 1002 utitur
1409 980 1437 1002 et
1451 981 1594 1004 assensum
1612 973 1728 1008 praebet,
1752 987 1756 991 -

940 1020 1060 1048 alienum
1072 1027 1102 1047 se
1121 1027 1136 1050 a
1157 1019 1208 1049 ﬁde
1227 1019 1392 1052 orthodoxa,
1407 1024 1435 1046 et
1451 1019 1583 1049 rebellem
1600 1017 1728 1046 Ecclesiae

940 1065 1082 1094 catholicae
1098 1065 1264 1096 manifestat.

1179 1123 1282 1152 mnus
1303 1124 1380 1159 (Cap.
1398 1123 1481 1158 xxn.

978 1191 988 1208 ‹
1005 1181 1105 1210 Beatus
1124 1189 1189 1210 vero
1202 1181 1283 1210 Pater
1299 1181 1512 1217 Chrysostomus
1524 1182 1607 1209 etiam
1623 1187 1723 1208 unum-

939 1235 1077 1263 quemque
1102 1228 1262 1263 episcopum
1290 1229 1390 1255 asserit
1419 1228 1446 1255 in
1470 1227 1601 1255 cathedra
1620 1226 1724 1255 Christi

938 1271 1052 1304 sedere,
1069 1271 1300 1306 quemadmodum
1326 1271 1429 1308 legales
1451 1272 1608 1300 sacerdotes
1628 1272 1659 1300 in
1680 1279 1725 1299 ca-

939 1316 1036 1343 thedra
1049 1316 1142 1344 Mosis.
1154 1317 1245 1350 Quare
1259 1325 1313 1344 non
1326 1323 1367 1345 est
1380 1318 1469 1352 magni
1481 1317 1638 1345 faciendum
1649 1317 1723 1352 quod

937 1362 1032 1390 Romae
1042 1363 1122 1391 sedcs
1135 1368 1246 1391 vocetur
1257 1365 1417 1399 apostolica,
1434 1371 1496 1391 cum
1511 1363 1601 1391 omnis
1613 1363 1724 1397 cpisco-

938 1417 989 1444 pus
1007 1410 1099 1438 sedeat
1117 1411 1145 1438 in
1161 1411 1226 1438 sede
1242 1411 1354 1440 Christi.
1376 1421 1385 1439 ι

1210 1467 1438 1495 CONFUTATIO.

972 1521 1060 1556 Supra
1077 1521 1198 1553 dicebas,
1224 1523 1375 1557 quamlibet
1401 1523 1594 1562 principalium
1612 1523 1719 1552 sodium

936 1567 1026 1594 ver-ari
1044 1568 1235 1601 apostolicam,
1252 1573 1282 1596 ut
1301 1576 1381 1603 papa,
1403 1570 1476 1604 quod
1491 1570 1589 1597 attinet
1602 1570 1636 1597 ad
1657 1570 1721 1602 hoc.

936 1614 1004 1641 nihil
1024 1614 1085 1649 plus
1103 1615 1202 1642 habeat
1219 1623 1300 1650 supra
1317 1621 1431 1644 caeteros
1447 1617 1628 1651 patriarchas.
1642 1617 1721 1646 Nunc

937 1661 1006 1688 dicis
1038 1669 1135 1696 papam
1162 1670 1217 1690 non
1252 1663 1343 1690 solum
1364 1670 1447 1697 supra
1476 1663 1580 1691 nullum
1608 1664 1723 1698 patriar-

935 1709 1027 1742 cltum,
1039 1709 1086 1736 sed
1105 1717 1194 1744 neque
1218 1717 1300 1744 supra
1315 1710 1468 1746 quemlibet
1485 1712 1643 1745 episcopum
1660 1712 1720 1746 plus

934 1754 1084 1789 quidquam
1116 1755 1230 1786 habere.
1263 1756 1489 1790 quandoquidem
1510 1757 1589 1794 juxta
1610 1757 1718 1785 beatum

934 1799 1160 1835 Chrysostomum
1183 1801 1300 1836 quilibet
1317 1802 1464 1839 episcopus
1479 1803 1557 1830 sedet
1579 1803 1606 1830 in
1628 1805 1721 1831 cathe-

934 1846 982 1872 dra
998 1846 1118 1880 Christi;
1134 1851 1161 1874 et
1178 1847 1237 1880 haec
1248 1848 1343 1875 dicens
1353 1848 1408 1875 duo
1422 1856 1542 1883 peccas:
1558 1849 1647 1884 primo
1660 1851 1720 1884 qui-

934 1893 1008 1924 dem,
1030 1893 1094 1927 quia
1113 1893 1217 1920 dictum
1243 1893 1429 1928 Cbrysostomi
1452 1897 1602 1929 pervertis;
1618 1896 1717 1923 deinde

933 1944 961 1965 ct
979 1939 1036 1972 ipsc
1053 1943 1143 1966 tecum
1157 1947 1272 1975 pugnas.
1286 1940 1354 1967 Dum
1375 1940 1448 1968 enim
1461 1949 1558 1976 papam
1574 1942 1717 1976 dcprimis,

934 1993 1014 2011 unam
1043 1985 1189 2012 constituis
1212 1986 1334 2018 omnium
1362 1987 1556 2021 a-qualilatem,
1582 1989 1717 2023 siquidem

933 2031 1079 2065 episcopus
1096 2031 1213 2065 quilibet
1228 2039 1309 2058 unam
1326 2037 1354 2059 et
1366 2033 1488 2060 eamdem
1505 2033 1608 2061 Christi
1624 2035 1717 2063 cathe-

934 2076 1011 2103 dram
1037 2076 1129 2104 habet.
1153 2078 1297 2110 Quomodo
1322 2077 1404 2113 igitur
1427 2079 1520 2106 aiebas
1545 2082 1716 2116 praecipuum

933 2122 986 2150 hoc
1004 2122 1107 2150 habere
1123 2123 1289 2158 principales
1305 2125 1395 2157 sedes,
1411 2125 1484 2161 quod
1501 2133 1598 2155 omnes
1618 2135 1717 2156 vocen-
1745 2122 1753 2128 ’

932 2173 977 2195 tur
995 2169 1168 2204 apostolica?
1192 2168 1220 2196 Si
1244 2169 1317 2198 enim
1334 2171 1395 2206 plus
1414 2177 1467 2203 est,
1496 2172 1598 2201 habere
1615 2173 1716 2202 Christi

933 2213 1025 2241 sedem
1040 2222 1122 2249 quam
1139 2215 1231 2243 vocari
1243 2216 1435 2250 apostolicum,
1449 2223 1476 2245 et
1488 2226 1584 2249 omnes
1595 2220 1716 2261 episcopi

933 2259 1034 2286 habent
1062 2259 1220 2287 cathedram
1245 2259 1360 2292 Christi,
1388 2269 1463 2291 certe
1491 2272 1589 2293 omnes
1609 2259 1717 2293 habent

932 2305 1005 2339 quod
1027 2306 1087 2340 plus
1105 2310 1158 2339 est,
1173 2313 1201 2334 et
1218 2309 1357 2335 evanescit
1373 2316 1422 2343 per
1444 2314 1470 2336 te
1497 2311 1714 2345 patriarcharum

933 2351 1122 2387 praerogativa.
1149 2353 1222 2388 quod
1247 2360 1379 2381 vocentur
1398 2357 1553 2394 apostolici.
1579 2357 1716 2386 Pervertis

933 2403 1024 2424 autem
1037 2403 1066 2426 ct
1078 2399 1269 2435 Chrysostomi
1284 2401 1397 2429 dictum.
1416 2403 1460 2429 Ait
1485 2403 1557 2430 cnim
1575 2413 1581 2430 :
1601 2413 1610 2429 ι
1631 2403 1718 2439 Super

933 2443 1017 2481 Moysi
1045 2445 1205 2473 cathedram
1222 2447 1355 2474 sederunt
1383 2448 1488 2475 Scriba:
1516 2453 1544 2476 et
1573 2449 1716 2482 Pharisaei,

933 2497 1006 2517 nunc
1021 2498 1086 2518 vero
1101 2499 1154 2519 non
1171 2492 1223 2525 ita;
1246 2501 1336 2527 neque
1360 2494 1432 2520 enim
1455 2502 1539 2528 super
1556 2495 1717 2522 cathedram

934 2535 1018 2572 Moysi
1032 2537 1163 2564 sederunt
1175 2538 1343 2571 sacerdotes,
1370 2540 1417 2566 sed
1440 2546 1523 2574 super
1546 2540 1649 2568 Christi
1673 2550 1716 2570 se-

933 2584 1009 2615 dem.
1024 2583 1097 2610 illius
1111 2584 1185 2611 enim
1200 2591 1348 2619 suscepere
1362 2586 1527 2618 doctrinam.
1545 2595 1554 2612 ι
1569 2587 1637 2615 Cum
1650 2595 1717 2622 ergo

933 2629 1144 2665 Chrysostomus
1163 2630 1319 2658 cathedram
1341 2633 1368 2658 in
1383 2633 1533 2660 doctrinam
1555 2634 1719 2668 interprete-

933 2681 987 2710 tur,
1014 2678 1089 2704 tuin
1116 2682 1280 2712 potestatem
1307 2678 1419 2713 accipis.
1442 2678 1537 2714 Itaque
1564 2680 1716 2708 secundum

933 2723 1118 2763 Chrysostomi
1136 2732 1245 2753 sensum
1263 2726 1396 2754 habemus
1410 2734 1503 2754 vcrum
1518 2729 1629 2765 dogma,
1643 2728 1718 2762 quod
