1913 3067
116 108 173 138 85.3

771 105 992 136 REFUTATIO
1009 105 1104 135 Nili.
1139 121 1156 134 ς

1690 103 1745 134 854

114 162 247 197 πολιτικῇ
273 160 420 197 επιμελείᾳ
447 160 655 196 στηριζόμενος,
681 160 740 188 ἀλλ’
756 161 902 195 εὐξάμενος

957 165 987 188 ιιι
1015 161 1086 188 malo
1113 159 1290 188 adhiberetur
1304 159 1455 188 remedium
1480 167 1533 195 per
1559 159 1743 188 ministerium

112 210 211 244 τυχεϊν
222 208 370 243 θεραπείας
385 208 416 234 τὺ
427 208 512 235 κακὸν
523 208 567 235 διὰ
578 208 628 243 τῆς
643 207 726 235 αὐτοῦ
739 208 903 243 ὑπηρεσίας.

114 256 182 283 Εἴτε
195 255 261 290 γοῦν
276 255 430 291 ὑπηρεσίαν
443 256 514 286 νοεῖς
535 256 586 290 τὴν
603 255 670 290 πρὸς
692 256 738 281 τὸν
755 255 833 288 Θεὸν,
848 254 904 281 εἴτε

114 303 169 338 τὴν
197 304 267 337 πρὸς
293 302 343 338 τὴν
372 302 550 337 Ἐκκλησίαν,
575 303 658 338 εὐχῆς
686 303 735 329 καὶ
752 303 904 338 ὑπηρεσίας

113 349 199 384 ἔργον
214 350 359 384 ὁμολογεῖν
375 348 502 383 γενέσθαι
518 349 593 383 αὐτῷ
609 350 623 375 6
639 349 766 383 βασιλεὺς
790 348 840 384 τὴν
858 357 906 383 με-

113 393 259 429 τάπεμψιν
274 394 328 420 τῶν
346 394 515 424 ἐπισκῦπων,
535 394 596 428 οὐχὶ
623 393 752 426 ἐξουσίας
766 394 813 420 καὶ
825 394 906 420 δυνας

117 440 224 471 στείας.
246 440 278 467 Ei
307 439 335 466 δὲ
353 439 424 467 κατὰ
448 439 497 475 τὴν
518 440 545 472 ς’
569 440 678 466 σύνοδον
702 441 904 471 Κωνσταντῖνος

115 485 167 511 καὶ
181 483 347 518 Σίλϐεστρος
366 484 510 518 συνέλεγον
524 485 574 520 τὴν
588 485 700 519 πρώτην
717 484 838 516 σύνοδον,
858 485 905 510 καὶ

113 529 245 563 ὁμολογεί
263 530 467 561 Κωνσταντῖνος
481 531 643 565 συναγεῖραι
655 530 841 566 ὑπηρετικῶς·
852 530 906 566 ἄρα

114 575 229 602 Σίλϐεστ
234 585 281 612 ρος
290 577 435 612 συνήγειρε
449 577 647 612 ποιμαντικῶς.
657 577 718 608 Πῶς
730 577 786 612 γὰρ
798 577 903 609 ἄλλως

116 622 149 648 El
166 623 221 657 γὰρ
235 622 334 657 ἄλλως,
346 623 418 649 δια-τί
435 623 473 659 μὴ
489 625 651 658 συναγεῖραι
663 623 737 657 λέγει
753 623 767 649 ὀ
781 623 905 655 Ἀλεξαν-

113 667 222 701 δρείας,
238 667 254 702 ἢ
266 668 280 694 6
299 668 475 703 Ἀντιοχείας,
487 668 555 696 ἀλλὰ
567 669 730 704 Σίλὸεστρος
743 669 757 695 6
776 668 902 704 Ῥώμης;

117 712 150 738 Et
169 713 196 739 δὲ
211 713 298 744 εἴποις
311 713 380 746 ,Διὰ
399 714 430 739 τὺ
453 712 523 741 εἶναι
546 714 591 740 τὸν
613 714 723 749 Ῥώμης
746 714 855 749 πρῶτον
871 715 903 749 τῇ

116 758 206 791 τάξει,
224 758 419 794 ἁντιλεγούσας
436 759 509 795 ἔχεις
525 760 576 795 τὴν
600 760 622 786 δ’
645 759 754 787 σύνοδον
780 760 829 786 καὶ
854 760 904 794 τὴν

116 803 247 840 ἑϐδόμην·
264 803 314 839 τὴν
329 803 350 831 δ’
368 805 399 831 ὲν
416 802 457 837 οἷς
474 805 551 839 λέγει
577 805 647 831 κατὰ
669 804 719 840 τὴν
742 804 830 840 ἀρχὴν
849 805 904 831 τῶν

957 208 1028 242 ejus.
1044 206 1107 234 Sive
1122 213 1187 241 ergo
1213 206 1397 233 ministerium
1416 205 1552 240 intelligas
1566 213 1631 240 erga
1645 205 1743 237 Detun,

959 252 1016 279 sive
1037 251 1198 282 Ecclesiatn,
1228 250 1317 285 precis
1343 255 1370 277 et
1398 250 1543 277 ministerii
1564 257 1633 284 opus
1660 249 1744 276 fuisse

959 298 1016 326 sibi
1030 297 1254 325 convocationem
1264 297 1455 332 episcoporum
1468 296 1568 323 fatetur
1583 297 1742 331 imperator.

959 352 1013 372 non
1038 344 1182 379 potestatis
1204 349 1234 372 et
1257 344 1440 372 auttmitatis.
1456 344 1490 371 Et
1511 344 1535 371 si
1547 343 1743 371 Constantinus

958 394 986 417 et
1012 389 1153 422 Silvester,
1173 395 1204 418 ut
1218 390 1256 418 ait
1282 395 1357 417 sexta
1380 389 1511 425 synodus.
1541 388 1745 423 congregab‘nttt

958 437 1074 471 primaut
1091 437 1241 472 synodum;
1262 440 1290 464 et
1300 436 1500 464 Constantinus
1517 435 1619 463 fatetur
1634 443 1663 462 se
1680 442 1745 461 con-

958 490 1071 510 vocasse
1088 482 1205 510 ministri
1229 490 1324 518 opera,
1343 486 1426 520 restat
1442 487 1471 509 ut
1493 481 1625 508 Silvester
1644 487 1746 507 convo-

959 528 1060 555 caverit
1087 529 1205 563 pastoris
1222 529 1321 556 ollieio.
1338 528 1398 562 Quo
1418 528 1490 555 enim
1519 527 1572 554 alio
1593 526 1690 553 titulo?
1715 525 1742 552 Si

958 575 1031 602 enim
1061 575 1116 602 alio
1143 575 1234 606 titulo,
1260 583 1310 602 cur
1338 575 1430 610 potius
1450 574 1581 602 Silvester
1605 573 1743 599 Romanus

957 628 1038 656 quam
1056 621 1257 648 Alexandrinus
1272 626 1298 649 et
1316 621 1504 648 Antioclienus
1523 627 1687 647 convot-asse
1701 619 1743 644 di-

958 667 1051 694 citur?
1064 667 1092 695 Si
1108 667 1194 699 dicas,
1210 667 1278 700 Quia
1294 667 1434 694 llotnanus
1454 670 1498 694 est
1514 667 1611 693 ordine
1627 665 1740 700 primus,

958 713 1149 742 contradicunt
1163 718 1258 748 quarta
1283 718 1312 740 et
1333 713 1449 748 septima
1473 713 1594 748 synodus
1611 721 1617 739 :
1634 717 1741 747 quarta.

958 758 1004 786 ubi
1036 759 1104 786 dicit
1127 759 1258 786 Actorum
1288 759 1389 786 initio:
1407 767 1416 783 ι
1437 757 1576 793 Synodum
1603 756 1742 784 celebrare

957 812 1041 832 ausus
1054 810 1097 832 est
1113 804 1259 832 Dioscorus
1279 812 1332 832 non
1354 804 1466 831 obtenta
1489 803 1619 830 facultate
1641 810 1656 829 ο
1679 803 1742 830 sede

116 848 294 883 Πρακτικῶν·
315 859 324 876 ι
340 850 455 877 Σύνοδον
471 851 606 885 ἐτόλμησε
623 851 735 886 ποιῆσαι
750 851 902 886 ’Διόσκορος

957 850 1122 885 apostolica;
1145 851 1218 886 quod
1236 858 1375 885 nunquam
1401 849 1502 878 factum
1528 854 1580 881 est,
1610 856 1662 876 nec
1685 849 1741 875 fieri

116 895 270 931 ἐπιτροπῆς
283 896 344 932 δίχα
359 896 407 923 τοῦ
425 897 609 924 ἀποστολικοῦ
629 891 739 932 θρόνου,
752 897 821 932 ὅπερ
831 897 907 924 οὐδέ-

116 949 184 968 ποτε
199 942 322 976 γέγονεν,
339 943 399 970 οὐδὲ
413 943 473 976 ἐξὸν
489 943 628 978 γενέσθαι,
648 953 659 969 ι

153 987 209 1023 Τὴν
225 988 249 1021 ζ’
263 990 292 1015 ἐν
304 987 345 1021 οἷς
360 989 435 1023 λέγει
450 990 522 1016 κατὰ
535 990 585 1025 τὴν
599 988 627 1021 ς’
643 989 744 1024 πρᾶξιν
756 997 764 1005 ν
785 999 794 1015 ι
814 989 906 1024 Νόμος

117 1034 178 1060 ἐστὶ
187 1035 248 1065 ταῖς
263 1035 383 1066 συνόδοις
400 1034 472 1070 ἔχειν
494 1036 626 1070 συνεργὸν
639 1035 685 1062 τὸν
696 1035 745 1069 τῆς
761 1035 905 1070 Ῥωμαίων

117 1079 246 1107 πάππαν.
268 1090 278 1106 ι
297 1080 389 1107 Ταῦτα
407 1080 436 1107 δὲ
464 1082 600 1116 πρωτεῖον
623 1081 654 1108 οὐ
681 1081 762 1116 ψιλῆς
787 1081 903 1113 τάξεως,

116 1125 176 1153 ἀλλ’
189 1126 315 1157 ἐξουσίας
338 1124 519 1162 δηλοῦσιν-ἡ
549 1126 603 1161 γὰρ
629 1126 783 1161 ἐπιτροπὴ,
815 1126 862 1152 καὶ
888 1127 904 1160 ὴ

118 1173 252 1206 συνεργία
265 1172 312 1199 τοῦ
329 1173 432 1200 πάππα
453 1172 524 1199 κατὰ
538 1173 584 1199 τὸν
602 1173 685 1207 νόμον
700 1171 756 1199 τῶν
772 1172 904 1204 συνόδων,

117 1218 248 1253 ἀθέμιτον
264 1219 312 1245 καὶ
327 1219 485 1254 παράνομον
508 1219 584 1254 δηλοῖ
599 1219 767 1245 τούναντίον·
784 1218 864 1245 τοῦτο
875 1218 904 1244 δὲ

117 1265 271 1300 τεκμήριον
286 1265 426 1300 προφανὲς
441 1266 503 1300 οὐχὶ
518 1266 603 1300 μόνης
615 1265 729 1298 τάξεως,
747 1264 806 1292 ἀλλ’
825 1265 904 1296 ἔξου-

117 1312 177 1338 σία;
195 1311 242 1337 καὶ
258 1312 431 1344 ἐπιστασίας·
447 1312 557 1346 καὶγὰρ
569 1311 696 1346 ὑπῆρξαν
712 1311 904 1346 οίκουμινικαὶ

117 1354 236 1386 σύνοδοι,
259 1356 287 1382 ἐν
313 1353 356 1386 ai;
378 1356 409 1382 οὺ
430 1357 579 1391 τετήρηται
605 1357 660 1382 τῶν
680 1356 858 1392 πατριαρχῶν
887 1356 903 1390 ἡ

116 1402 203 1434 τάξις,
214 1399 270 1429 οἷον
286 1403 314 1428 ὲν
328 1403 362 1437 τῇ
377 1402 472 1439 τρζιῃ·
487 1402 517 1428 οὐ
531 1402 585 1437 γὰρ
597 1402 687 1437 παρῆν
701 1403 716 1429 ὁ
729 1402 904 1428 Κωνσταντι-

115 1446 270 1479 νουπόλεως
292 1447 340 1474 καὶ
355 1449 369 1473 6
391 1448 558 1483 Ἀντιοχείας
569 1455 576 1463 °
592 1450 621 1474 ὲν
641 1449 674 1484 τῇ
688 1447 819 1483 τετάρτῃ.
842 1448 871 1474 ἐν
885 1443 903 1484 ᾖ

114 1494 145 1520 οὐ
163 1494 255 1529 παρῆν
269 1495 283 1520 6
301 1494 503 1530 Ἀλεξανδρείας
517 1503 525 1510 ·
542 1495 570 1520 ἐν
592 1495 626 1529 τῇ
644 1494 712 1530 ἕκτῃ
738 1494 902 1529 ὲκὸέὸληται

114 1541 129 1567 6
149 1525 329 1575 Ἀντιοχείας.
345 1525 438 1576 Χωρὶς
455 1541 484 1567 δὲ
495 1525 552 1567 τοῦ
573 1525 686 1575 Ῥωμης
698 1525 838 1567 ,οὐδέποτε
850 1525 902 1574 ’γέ-
915 1525 940 1554 c

115 1595 206 1620 γονεν,
219 1587 280 1613 οὐδὲ
294 1587 355 1621 ἐξὸν
368 1587 506 1621 γενέσθαι.
522 1588 553 1614 Εί
563 1587 592 1614 δὲ
606 1588 676 1621 μόνη
692 1587 709 1621 ὴ
723 1586 799 1619 τάξις
815 1585 903 1612 ἐδίδου

116 1632 146 1658 τὸ
162 1634 298 1668 πρωτεῖον
317 1632 356 1668 τῷ
369 1634 480 1668 πάππᾳ,
494 1633 616 1667 ἐγίνοντο
631 1632 665 1659 ἂν
683 1632 712 1658 ai
735 1632 841 1658 σύνοδοι
856 1632 903 1658 καὶ

116 1678 201 1713 χωρὶς
219 1678 266 1705 τοῦ
284 1678 396 1711 πάππα,
414 1678 463 1704 καὶ
478 1678 526 1712 τῆς
541 1678 669 1710 ἐξουσίας
682 1677 778 1705 αὐτοῦ.

157 1721 322 1757 Ἐρμηνεύει
339 1722 370 1748 δε
382 1722 428 1749 τὸν
442 1722 541 1748 ἑαυτοῦ
559 1722 661 1749 σκοπὸν
678 1722 692 1747 6
719 1721 807 1756 μέγας
826 1721 904 1747 Κων-

118 1769 259 1799 σταντῖνος
285 1767 494 1803 προδηλότερον,
520 1769 549 1794 ὲν
568 1765 609 1799 οἷς
634 1768 708 1801 λέγει
730 1768 778 1794 καὶ
802 1766 903 1802 γράφει

121 1815 176 1846 ταῖς
197 1814 372 1849 Ἐκκλησίαις
385 1822 393 1831 ·
424 1824 435 1841 1
455 1815 564 1851 Πεῐραν,
589 1815 668 1850 φησι,
688 1814 780 1841 λαϐὼν
805 1815 838 1840 ἐκ
853 1814 903 1846 τῆς

115 1861 170 1887 τῶν
192 1860 291 1888 κοινῶν
317 1861 482 1896 εὐπραξίας,
507 1861 560 1896 δση
581 1861 631 1896 τῆς
655 1860 732 1892 θείας
759 1860 904 1895 δυνάμεως

118 1907 223 1940 πέφυκε
237 1907 328 1942 χάρις,
342 1907 438 1934 τοῦτον
457 1907 511 1942 πρό
525 1915 558 1941 γε
580 1908 689 1934 πάντων
711 1906 808 1942 ἔκρινα
832 1904 903 1933 εἷναί

119 1961 164 1988 μοι
180 1954 332 1988 προσήκειν
344 1954 457 1986 σκοπὸν,
473 1953 548 1985 ὅπως
563 1952 642 1988 παρὰ
654 1953 710 1984 τοῖς
727 1953 904 1988 μακαριωτά-

115 2008 172 2030 τοις
187 1999 236 2034 τῆς
252 1999 400 2033 καθολικῆς
422 1997 587 2033 Ἐκκλησίας
602 1998 718 2033 πλήθεσι
735 1997 826 2030 πίστις
841 1999 902 2034 μία,

115 2046 162 2072 καὶ
173 2045 324 2080 εἰλικρινὴς
340 2045 445 2080 ἀγάπη,
462 2045 633 2080 ὁμογνώμων
646 2053 676 2070 τε
693 2045 758 2079 περὶ
770 2045 816 2071 τὸν
831 2053 902 2079 παγ-

116 2090 206 2125 κρατῆ
228 2090 295 2117 Θεὸν
313 2090 442 2117 εὐσέϐεια
456 2091 585 2125 τηρῆται.
615 2089 686 2116 Ἀλλ’
710 2090 806 2125 ἐπειδὴ
825 2091 904 2117 τοῦτο

118 2137 166 2171 οὐχ
183 2134 239 2164 οἷόν
254 2144 284 2162 τι
305 2133 340 2171 ἦν
354 2135 450 2170 ἀκλινῆ
465 2137 511 2162 καὶ
528 2135 643 2170 βεϐαίαν
660 2135 738 2168 τάξιν
759 2136 861 2169 λαϐεῖν,
878 2137 903 2163 εί

956 896 1031 924 licet.
1052 907 1062 921 ο

955 987 960 994 ⁵
993 986 1113 1021 Septima
1130 987 1236 1013 actione
1254 994 1281 1014 vt
1293 986 1338 1013 ubi
1350 986 1427 1018 dicit,
1448 995 1456 1011 ι
1472 986 1558 1020 legem
1574 985 1742 1020 synodorum

955 1040 1028 1062 esse.
1044 1038 1074 1059 ut.
1092 1032 1245 1060 Romanum
1257 1040 1354 1067 papam
1373 1037 1567 1066 cooperantem
1585 1031 1714 1059 habeant.
1730 1041 1739 1056 ι

957 1079 1019 1105 Haec
1033 1083 1124 1114 ,autem
1150 1078 1297 1114 primatum
1322 1079 1467 1113 designant
1483 1086 1537 1105 non
1556 1078 1623 1105 nudi
1637 1078 1742 1104 ordinis

956 1125 1004 1153 sed
1018 1126 1199 1153 auctoritatis.
1212 1125 1280 1153 Nam
1295 1125 1469 1153 concedenda
1478 1125 1588 1152 licentia
1603 1129 1632 1152 et
1643 1132 1742 1159 coope—

956 1172 1026 1200 ratio
1044 1180 1120 1207 papae
1142 1172 1220 1207 juxta
1241 1172 1329 1208 legem
1350 1172 1516 1208 synodorum
1550 1171 1684 1199 nefarium
1713 1175 1742 1198 et

956 1217 1079 1251 iniquum
1093 1218 1213 1244 ostendit
1230 1218 1301 1252 quod
1322 1222 1418 1245 contra
1443 1217 1483 1248 fit,
1503 1221 1529 1244 et
1548 1217 1742 1244 manifestissi—

956 1270 1029 1291 mum
1047 1269 1085 1291 est
1101 1269 1290 1300 argumentum
1305 1271 1357 1292 non
1382 1265 1442 1299 puri
1467 1265 1585 1296 ordinis,
1602 1264 1648 1291 Sed
1667 1268 1742 1298 pote-

955 1310 1036 1337 statis
1067 1314 1095 1336 et
1123 1310 1342 1344 jurisdictionis;
1379 1309 1515 1342 siquidem
1540 1309 1616 1337 fuere
1646 1309 1741 1344 synodi

955 1356 1131 1383 mcumenicze
1150 1356 1177 1382 in
1198 1356 1300 1390 quibus
1313 1356 1380 1383 ordo
1393 1356 1612 1389 patriarcharum
1627 1364 1681 1382 non
1701 1361 1742 1382 est

955 1406 1097 1433 servatus,
1124 1405 1218 1436 utpote
1233 1402 1323 1434 tertia,
1346 1403 1372 1429 in
1393 1409 1445 1436 qua
1460 1410 1514 1429 non
1534 1401 1582 1429 fuit
1609 1402 1743 1429 Constan-

956 1444 1165 1480 tinopolitanus,
1184 1451 1212 1473 et
1230 1446 1437 1479 Antiochenus;
1452 1452 1559 1482 quarta,
1578 1447 1604 1474 in
1621 1455 1674 1482 qua
1688 1455 1740 1474 non

955 1491 1044 1518 adfuit
1058 1492 1278 1526 Alexandrinus;
1295 1499 1381 1525 sexta,
1398 1494 1425 1520 in
1441 1502 1493 1528 qua
1515 1494 1621 1528 ejectus
1631 1499 1672 1521 est
1686 1494 1741 1521 An-

957 1537 1110 1565 tiocheuus.
1119 1537 1153 1565 At
1161 1538 1219 1565 sine
1237 1546 1303 1574 papa
1316 1547 1456 1574 nunquam
1471 1539 1542 1567 facta
1551 1545 1592 1567 est
1609 1540 1739 1575 synodus,

955 1589 1006 1608 nec
1022 1582 1080 1608 fieri
1096 1587 1196 1617 potest.
1212 1583 1290 1616 Quod
1313 1585 1335 1612 si
1356 1585 1424 1612 ordo
1437 1585 1512 1613 solus
1527 1583 1675 1619 primatum
1695 1586 1742 1612 tri-

955 1626 1052 1654 bueret
1065 1635 1151 1663 papie,
1177 1634 1290 1663 possent
1302 1630 1387 1658 etiam
1404 1631 1462 1658 fieri
1480 1631 1576 1666 synodi
1595 1631 1655 1659 sine
1672 1640 1740 1667 papa

955 1679 982 1701 et
998 1675 1158 1702 auctoritate
1171 1675 1242 1711 ejus.

993 1720 1078 1748 Suum
1104 1728 1185 1756 porro
1211 1721 1357 1749 consilium
1374 1723 1496 1750 declarat
1519 1724 1642 1758 apertius
1671 1724 1743 1752 Con-

956 1766 1095 1794 stantinus
1120 1766 1234 1802 Magnus
1263 1768 1289 1795 in
1313 1776 1362 1796 sua
1378 1769 1494 1804 epistola
1519 1772 1553 1797 ad
1580 1770 1740 1798 Ecclesias:

959 1820 969 1837 ι
991 1811 1071 1844 Cum.
1099 1812 1197 1847 inquit,
1213 1820 1248 1841 ex
1273 1813 1355 1841 rebus
1383 1822 1432 1848 pro
1457 1815 1597 1849 republica
1627 1806 1742 1844 feliciter

956 1858 1040 1891 gestis
1063 1858 1251 1892 experimento
1282 1859 1436 1893 didicerim,
1465 1866 1567 1896 qurmta
1582 1862 1618 1889 sit
1642 1862 1742 1889 divina:

955 1904 1067 1931 virtutis
1082 1905 1248 1940 benignitas.
1263 1906 1316 1934 hoc
1336 1907 1403 1934 mihi
1424 1911 1487 1935 ante
1501 1907 1553 1934 alia
1571 1907 1740 1942 propasitum

956 1950 1129 1977 statuendum
1144 1952 1248 1988 putavi,
1264 1957 1294 1980 ut
1310 1953 1462 1981 beatissimi
1485 1953 1613 1982 Ecclesia
1626 1955 1742 1981 catholi-

956 2001 994 2021 ca:
1010 1996 1101 2029 populi
1120 1996 1198 2024 ﬁdem
1215 2005 1309 2030 unam,
1325 2003 1353 2026 et
1372 1999 1533 2027 charitatem
1553 2000 1699 2034 sinceram,
1714 2006 1742 2029 et

955 2040 1172 2068 consentientem
1195 2050 1259 2077 erga
1284 2043 1501 2078 omnipotentem
1521 2045 1603 2073 Deum
1632 2050 1742 2074 teneant

955 2085 1072 2113 cultum.
1084 2086 1182 2114 Verum
1193 2089 1256 2123 quia
1272 2089 1324 2117 hoc
1341 2098 1394 2117 non
1413 2095 1519 2126 poterat
1531 2091 1583 2119 fixo
1594 2091 1742 2127 stabilique

954 2131 1051 2160 ordine
1076 2133 1190 2166 firmari,
1221 2134 1275 2162 nisi
1300 2136 1345 2163 vel
1370 2137 1499 2166 omnibus
1520 2138 1668 2172 episcopis,
1698 2139 1740 2165 Vcl

122 2182 159 2217 μὴ
174 2183 215 2214 είς
238 2183 325 2209 ταυτδ
341 2181 451 2209 πάντων
476 2181 555 2216 ὁμοῦ,
579 2182 595 2218 ἢ
621 2181 676 2208 τῶν
693 2182 759 2216 γοῦν
772 2182 902 2209 πλειόνων

956 2179 1051 2214 majori
1075 2187 1170 2207 eorum
1197 2185 1273 2216 parte
1299 2182 1326 2209 iu
1351 2190 1435 2210 unum
1465 2184 1656 2217 conveniente,
1686 2193 1741 2220 quo

120 2227 278 2254 ἐπισκόπων
298 2227 493 2261 συνελθόντων,
511 2228 626 2255 ἑκάστου
639 2229 693 2255 τῶν
707 2229 900 2264 προσηκόντων

118 2275 151 2308 τῇ
167 2273 309 2309 ἁγιωτάτῃ
335 2273 470 2309 θρησκείᾳ
496 2273 633 2308 διάκρισις
659 2275 784 2308 γένοιτν
802 2274 900 2301 τούτου

119 2320 212 2346 ἕνεκεν
225 2319 361 2346 πλείστων
377 2319 449 2346 ὅσων
465 2319 726 2355 συναθροισθέντων,
752 2321 800 2347 καὶ
820 2321 900 2352 αὐτὸς

121 2365 244 2400 καθάπερ
258 2363 298 2397 εἷς
314 2365 344 2398 ἐξ
356 2365 434 2400 ὑμῶν
449 2365 594 2400 ἐτύγχανον
613 2365 777 2402 συμπαρών.
793 2367 829 2393 Οὐ
845 2367 900 2402 γὰρ

121 2412 294 2446 ἀρνησαίμην
312 2411 356 2445 ἂν,
370 2411 413 2446 ἐφ’
424 2408 446 2445 ᾧ
461 2411 579 2446 μάλιστα
602 2412 700 2448 χαίρω,
723 2412 901 2448 συνϐεράπων

122 2456 251 2491 ὑμέτερος
268 2456 430 2490 πεφυκέναι.
451 2465 460 2482 ι
728 2485 734 2491 θ

161 2503 206 2530 Ἐν
224 2502 330 2534 τούτοις
343 2503 357 2529 6
374 2503 461 2537 μέγας
476 2503 681 2534 Κωνσταντῖνος
704 2502 791 2535 οὕτως
808 2504 900 2531 ἐπιλο-

121 2549 235 2583 γίζεται·
255 2550 288 2575 Ἥ
310 2549 446 2584 εὐπραξία
463 2548 518 2575 τῶν
534 2548 631 2575 κοινῶν
647 2549 709 2583 ἐμοὶ
724 2550 900 2584 περιγέγονεν

119 2597 151 2623 ὲκ
164 2596 213 2629 τῆς
228 2594 294 2622 Θεῦῦ
308 2595 430 2630 χάριτος.
454 2593 527 2628 Ἐγὼ
541 2594 569 2620 δὲ
584 2594 709 2629 βασιλεὺς
725 2594 763 2621 ὢν
784 2595 834 2630 τὴν
856 2596 901 2621 εὑ-

119 2641 237 2677 πραξίαν
253 2642 308 2667 τῶν
323 2641 425 2668 κοινῶν
441 2641 542 2676 ὀφείλω
563 2641 654 2675 ζητεῖν
665 2649 671 2655 ·
695 2640 796 2674 ὀφείλω
811 2641 900 2668 τοίνυν

118 2685 287 2712 ἐπισπᾶσθαι
305 2685 355 2720 τὴν
370 2685 446 2711 θείαν
462 2685 552 2720 χάριν.
577 2684 731 2711 Ἑπιδίδωσι
754 2685 783 2711 δὲ
803 2686 819 2720 ἡ
842 2686 901 2711 θεία

117 2734 195 2769 χάρις
213 2732 315 2767 ἑαυτὴν
331 2732 484 2767 γινομένων
502 2730 626 2761 ἐκείνων,
642 2731 671 2756 ὲν
690 2728 730 2762 οἷς
745 2731 900 2766 εὐαρεστεῖ-

117 2787 162 2805 ται
175 2779 241 2809 Θεός
253 2787 260 2794 ·
280 2777 468 2812 εὐαρεστεῖται
483 2777 511 2803 δὲ
530 2777 646 2811 μάλιστα
668 2778 701 2812 τῇ
724 2777 789 2811 ὀρθῇ
807 2777 899 2803 πίστει

119 2823 325 2860 θρησκευομένῃ
351 2824 426 2858 παρὰ
449 2822 504 2849 τῶν
531 2823 614 2849 λαῶν.
642 2822 726 2848 Τοῦτο
745 2823 798 2857 ἄρα
836 2823 898 2857 ἐμοὶ

954 2225 1060 2263 singula
1091 2226 1124 2253 ad
1154 2228 1356 2255 sanctissimam
1383 2229 1543 2264 religionem
1575 2231 1741 2266 pertinentia

954 2272 1189 2306 examinarentur.
1211 2273 1315 2302 idcirco
1334 2276 1544 2310 quamplurimis
1558 2278 1739 2312 congregatis,

953 2316 1012 2352 ipse
1025 2326 1134 2354 quoque
1150 2323 1277 2355 tanquam
1287 2328 1357 2349 unus
1369 2329 1384 2349 e
1395 2329 1510 2349 numero
1521 2326 1640 2349 vestrum
1653 2323 1738 2349 adfui.

956 2363 1051 2399 Neque
1069 2365 1141 2392 enim
1160 2366 1314 2401 negaverim
1332 2367 1413 2399 id,ex
1427 2375 1482 2401 quo
1501 2368 1647 2394 maximam
1662 2368 1740 2402 capio

959 2410 1094 2442 laetitiam,
1119 2416 1240 2438 vestrum
1267 2419 1310 2439 me
1334 2420 1397 2440 esse
1413 2419 1577 2440 conservum
1607 2421 1617 2438 ι

977 2501 1006 2529 In
1016 2501 1060 2529 bis
1069 2501 1266 2530 Constantinus
1275 2503 1387 2538 Magnus
1397 2503 1449 2531 hac
1459 2503 1669 2533 ratiocinatione
1687 2505 1738 2532 uti.

952 2552 1014 2575 tur:
1025 2547 1152 2576 Felicitas
1164 2549 1322 2583 reipublicae
1330 2550 1444 2579 obvenit
1457 2550 1523 2577 mihi
1536 2557 1569 2577 ex
1581 2550 1627 2579 Dei
1641 2551 1737 2586 gratia.

954 2594 1010 2629 Ego
1035 2601 1108 2628 vero,
1132 2601 1196 2621 cum
1214 2594 1363 2629 imperator
1386 2596 1449 2629 sim,
1465 2596 1624 2631 reipublicae
1637 2602 1736 2624 statutn

954 2640 1060 2668 felicem
1090 2648 1187 2669 curare
1215 2641 1319 2674 debeo;
1340 2649 1405 2678 ergo
1420 2647 1449 2670 et
1460 2642 1574 2677 gratiam
1605 2643 1738 2678 aucupari

952 2686 1085 2714 divinam.
1103 2686 1152 2714 Dat
1174 2694 1240 2714 vero
1258 2695 1287 2715 se
1313 2688 1405 2715 divina
1429 2689 1526 2723 gratia,
1548 2690 1571 2716 si
1604 2690 1670 2717 [iant
1692 2689 1738 2716 illa

951 2739 1012 2766 qua:
1040 2732 1094 2759 Deo
1124 2732 1249 2766 placent;
1275 2733 1363 2767 placet
1390 2741 1456 2761 vero
1483 2734 1655 2769 potissimum
1684 2734 1739 2761 Deo

951 2782 1033 2805 rectte
1063 2777 1124 2805 fidei
1147 2778 1238 2805 cultus
1262 2778 1289 2806 in
1306 2779 1423 2814 populis.
1442 2779 1497 2806 Hoc
1510 2787 1575 2815 ergo
1600 2784 1642 2807 est
1670 2779 1736 2806 mihi

952 2824 1110 2852 curandum.
1129 2824 1182 2852 Sed
1194 2824 1257 2860 quia
1274 2833 1326 2853 non
1342 2830 1446 2861 poterat
1460 2826 1510 2854 hoc
1528 2826 1559 2853 al
1576 2833 1736 2860 prosperum
