1913 3067
115 124 170 154 853

769 121 990 153 REFUTATIO
1006 121 1102 151 ΝΙῙᾸ.
1135 138 1154 151 3

1688 120 1743 151 854

113 178 245 213 πολιτικῇ
271 176 417 213 ἐπιμελείᾳ
445 176 652 212 στηριζόμενος,
679 177 737 204 ἀλλ’
754 177 899 212 εὐξάμενος

955 181 985 204 ιιι
1013 177 1084 204 malo
1111 176 1287 204 adhiberetur
1301 175 1453 205 remedium
1480 184 1531 212 per
1557 176 1740 205 ministerium

110 226 209 259 τυχεῖν
218 224 368 259 θεραπείας
384 224 414 250 τὺ
425 224 510 252 κακὸν
520 224 564 251 διὰ
576 225 625 259 τῆς
640 223 724 251 αὑτοῦ
737 225 900 259 ὑπηρεσίας.

112 272 179 299 Εἴτε
192 271 258 306 γοῦν
273 271 428 307 ὑπηρεσίαν
441 272 512 302 νοεῖς
533 272 584 306 τὴν
600 272 668 307 πρὸς
690 272 736 298 τὸν
753 271 831 304 Θεὸν,
845 270 902 297 εἴτε

111 319 166 354 τὴν
194 320 264 353 πρὸς
290 319 341 354 τὴν
370 318 548 353 Ἐκκλησίαν,
573 318 656 354 εὐχῆς
684 319 733 345 καὶ
750 319 902 354 ὑπηρεσίας

110 365 196 400 ἔργον
211 366 356 400 ὁμολογεῖν
372 364 500 399 γενέσθαι
516 365 590 399 αὐτῷ
607 366 620 392 ὁ
637 365 764 399 βασιλεὺς
788 365 838 400 τὴν
856 374 903 399 με-

110 409 257 445 τάπεμψιν
271 410 326 436 τῶν
343 410 512 441 ἐπισκόπων,
532 410 593 444 οὐχὶ
621 409 749 442 ἐξουσίας
764 410 810 436 καὶ
823 410 904 436 δυνα-

114 456 220 487 στείας.
243 456 275 483 Et
303 455 333 482 δὲ
350 456 422 483 κατὰ
446 455 494 491 τὴν
515 456 543 488 ς’
566 456 675 483 σύνοδον
700 457 902 488 Κωνσταντῖνος

113 501 164 527 καὶ
178 500 344 535 Σίλὸσστρος
363 500 507 534 συνέλεγον
521 501 571 536 τὴν
585 501 697 536 πρώτην
714 500 835 533 σύνοδον,
855 501 902 527 καὶ

110 545 242 579 ὁμολογεῖ
259 546 465 577 Κωνσταντῖνος
478 547 640 580 συναγεῖραι
652 547 838 582 ὑπηρετικῶς·
850 546 903 582 ἄρα

111 591 277 628 Σίλσεστρος
286 593 432 628 συνήγειρε
446 593 645 628 ποιμαντικῶς.
655 593 716 624 Πῶς
728 594 783 628 γὰρ
796 593 883 625 ἄλλως
894 601 901 626 ς

113 638 146 664 Et
163 638 218 674 γὰρ
231 638 330 672 άλλως,
342 639 415 666 διατί
433 639 470 675 μὴ
487 641 648 674 συναγεῖραι
661 639 735 673 λέγει
750 639 764 665 ὀ
779 639 903 672 Ἀλεξαν-

110 683 218 717 δρείας,
234 683 250 719 ἢ
262 685 277 710 ὁ
296 683 472 719 Ἀντιοχείας,
485 684 553 712 ἀλλὰ
564 685 728 720 Σίλὸεστρος
740 685 754 711 ὁ
774 684 899 720 Ῥώμηςς

114 728 146 754 Ei
165 729 193 755 δὲ
208 729 296 760 εἴποις
308 729 377 762 ,Διὰ
396 729 427 756 τὸ
451 727 520 757 εἶναι
543 730 589 757 τδν
610 730 720 765 Ῥώμης
744 731 852 765 πρῶτον
868 731 900 765 τῇ

113 774 202 806 ¹τάξει,
221 775 416 810 ἀντιλεγοὺσας
433 775 506 811 ἔχεις
522 776 573 810 τὴν
597 776 619 802 δ’
643 776 752 803 σύνοδον
777 776 826 802 καὶ
851 776 901 810 τὴν

113 819 243 856 ἑϐδόμην·
261 819 311 855 τὴν
327 819 348 847 δ’
365 822 396 847 ὲν
413 818 454 853 οἷς
471 821 548 855 λέγει
574 821 645 848 κατά
666 820 717 856 τὴν
740 820 828 856 ἀρχὴν
846 821 901 847 τῶν

114 864 291 899 Πρακτιχῶν·
312 875 321 892 ι
337 866 452 893 Σύνοδον
468 867 604 901 ἐτόλμησε
620 868 732 902 ποιῆσαι
747 867 902 902 ’Διόσκορος

113 911 267 946 ἐπιτροπῆς
280 912 342 948 δίχα
356 912 405 939 τοῦ
423 913 606 940 ἀποστολικοῦ
627 908 736 948 θρόνου,
749 913 818 948 ὅπερ
829 913 904 941 οὐδέ-

114 965 182 984 ποτε
195 958 320 992 γέγονεν,
335 959 396 986 οὐδὲ
411 959 471 992 ἐξὸν
486 959 625 994 γενέσθαι.
646 969 656 985 ι

149 1003 206 1039 Τὴν
222 1003 246 1037 ζ’
260 1005 289 1031 ἐν
302 1003 342 1036 οἷς
357 1005 432 1039 λέγει
447 1005 519 1032 κατὰ
532 1006 582 1042 τὴν
597 1005 624 1038 ς’
640 1005 741 1040 πρᾶξιν
754 1013 761 1021 ·
782 1016 792 1031 ι
811 1005 903 1040 Νόμος

114 1050 175 1076 ἐστὶ
184 1051 245 1081 ταῖς
260 1050 380 1082 συνόδοις
397 1050 469 1086 ἔχειν
491 1052 623 1086 συνεργὸν
637 1051 682 1078 τὸν
692 1051 742 1085 τῆς
758 1051 902 1085 Ῥωμαίων

114 1095 243 1123 πάππαν.
266 1105 276 1122 ι
295 1096 386 1123 Ταῦτα
404 1097 433 1123 δὲ
460 1098 598 1132 πρωτεῖον
620 1096 651 1123 οὐ
678 1097 759 1132 ψιλῆς
784 1097 900 1129 τάξεως,

113 1141 312 1173 ἁλλ’ὲξουσίας
335 1141 481 1176 δηλοῦσιν·
501 1144 516 1177 ὴ
546 1143 601 1177 γὰρ
626 1142 780 1178 ἐπιτροπὴ,
812 1143 859 1168 καὶ
886 1143 901 1177 ὴ

115 1189 249 1222 συνεργία
263 1188 309 1215 τοῦ
326 1189 430 1216 πάππα
449 1189 521 1215 κατὰ
535 1189 582 1216 τὸν
599 1189 682 1223 νόμον
698 1187 753 1215 τῶν
769 1188 900 1220 συνόδων,

114 1234 245 1269 ἀθέμιτον
261 1235 309 1261 καὶ
324 1235 483 1270 παράνομον
505 1235 581 1270 δηλοί
597 1235 764 1261 τούναντίον·
781 1234 861 1261 τοῦτο
872 1234 901 1261 δὲ

114 1281 268 1316 τεκμήριον
283 1281 423 1315 προφανὲς
438 1281 500 1316 οὐχὶ
516 1282 600 1317 μόνης
611 1280 726 1314 τάξεως,
744 1281 803 1308 ἀλλ’
823 1280 901 1313 ἐξου-

114 1328 174 1353 σία;
192 1327 238 1353 καὶ
255 1328 429 1360 ἐπιστασίας·
444 1328 554 1362 καὶγὰρ
566 1327 693 1362 ὑπῆρξαν
709 1327 901 1362 οίκονμενικαὶ

114 1370 233 1402 σύνοδοι,
256 1372 284 1398 ἐν
310 1369 354 1402 αῖς
375 1372 406 1398 οὑ
427 1373 576 1407 τετήρηται
603 1373 657 1398 τῶν
677 1372 855 1408 πατριαρχῶν
884 1373 901 1407 ἡ

112 1417 200 1450 τάξις,
211 1415 267 1445 οἷον
283 1418 311 1444 ὲν
325 1419 359 1453 τῇ
374 1418 469 1455 τρριῃ·
483 1418 514 1444 οὐ
528 1418 582 1453 γὰρ
593 1418 684 1453 παρῆν
698 1419 713 1445 ὀ
726 1418 901 1445 Κωνσταντι-

112 1462 266 1494 νουπόλεως
289 1463 336 1489 καὶ
352 1464 366 1490 ό
388 1464 555 1498 Ἀντιοχείας
566 1471 573 1479 ⁸
589 1465 618 1490 ὲν
638 1465 671 1499 τῇ
685 1464 816 1499 τετάρτῃ.
839 1465 867 1490 ὲν
882 1459 900 1500 ᾗ

111 1509 142 1536 οὗ
160 1509 252 1545 παρῆν
266 1510 280 1536 ὁ
298 1510 500 1545 Ἀλεξανδρείας
515 1519 522 1526 ·
539 1511 568 1537 ὲν
589 1511 623 1545 τῇ
641 1510 709 1546 ἕκτῃ
735 1510 899 1545 ἑκϐέϐληται

955 224 1025 258 eius.
1042 223 1105 250 Sive
1120 230 1185 257 ergo
1211 223 1395 250 ministerium
1413 222 1549 257 intelligas
1564 229 1628 256 erga
1642 221 1740 253 Deum,

956 269 1013 296 sive
1034 267 1196 299 Ecclesiam,
1225 267 1314 302 preeis
1341 272 1368 294 et
1396 266 1540 294 ministerii
1562 274 1630 300 opus
1658 266 1742 293 fuisse

956 315 1008 342 sibi
1028 314 1252 342 convocationem
1261 314 1452 348 episcoporum
1465 313 1566 340 fatetur
1581 313 1739 348 imperator.

956 369 1011 388 non
1036 361 1180 396 potestatis
1202 366 1231 388 et
1255 361 1438 388 auctaritatis.
1453 361 1487 388 Et
1509 361 1532 388 si
1545 360 1741 387 Constantinus

956 411 984 434 ct
1009 406 1151 439 Silvester,
1170 411 1201 434 ut
1215 407 1253 434 ait
1279 411 1354 434 sexta
1377 407 1508 442 synodus,
1539 405 1743 440 congregabmt

956 453 1071 488 primam
1088 453 1238 488 synodum;
1259 457 1287 480 et
1298 453 1498 481 Constantinus
1514 452 1617 480 fatetur
1631 459 1661 479 se
1678 459 1742 478 con-

955 506 1069 527 vocassc
1086 499 1203 526 ministri
1227 507 1322 533 opera,
1340 503 1423 537 restat
1439 503 1469 526 ut
1490 498 1623 529 Silvester
1641 504 1743 524 convo-

956 545 1057 572 caverit
1085 546 1202 580 pastoris
1219 545 1319 572 ollicio.
1335 544 1395 578 Quo
1416 544 1488 572 enim
1516 543 1569 570 alio
1590 542 1687 570 titulo?
1713 542 1740 568 Si

955 591 1028 618 enitn
1059 591 1113 618 alio
1141 592 1231 623 titulo,
1257 599 1308 618 cur
1335 592 1427 626 potius
1447 591 1579 618 Silvester
1602 589 1740 616 Romanus

954 645 1036 672 quam
1053 638 1254 665 Alexandrinus
1269 643 1295 665 et
1313 638 1500 665 Autiocbeuus
1520 643 1684 663 convot-asse
1698 635 1740 660 di-

955 683 1089 712 citur?Si
1106 683 1192 716 dicas,
1207 683 1275 716 Quia
1291 683 1432 711 Romanus
1452 687 1495 711 est
1511 683 1608 710 ordine
1624 683 1737 716 primus,

955 729 1146 758 contradicunt
1160 735 1255 764 quarta
1281 735 1309 757 et
1331 730 1446 764 septima
1470 729 1592 765 synodus
1608 737 1614 756 :
1631 734 1738 763 quarta.

956 775 1001 802 ubi
1033 775 1101 802 dicit
1124 776 1256 803 Actorum
1286 775 1386 802 initio:
1404 783 1413 800 ι
1434 773 1574 809 Synodum
1600 773 1740 801 celebrare

955 828 1038 848 ausus
1052 826 1094 848 est
1110 820 1256 849 Dioscorus
1276 829 1330 848 non
1351 821 1463 848 obtenta
1487 820 1616 847 facultate
1639 828 1652 846 a
1676 819 1739 846 sede

919 861 1119 901 “apostolica;
1143 867 1215 902 quod
1233 874 1372 901 nunquam
1397 867 1500 894 factum
1526 871 1578 897 est,
1608 873 1659 893 nec
1682 866 1738 892 fieri

953 913 1028 940 licet.
1050 923 1059 938 ι

952 1003 957 1010 “
991 1002 1110 1038 Septima
1127 1003 1234 1030 actione
1251 1010 1278 1030 vt
1289 1003 1334 1030 ubi
1348 1003 1424 1035 dicit,
1445 1011 1453 1028 ι
1469 1002 1556 1037 legem
1571 1001 1738 1037 synodorum

953 1057 1026 1079 esse.
1041 1054 1071 1076 ut
1089 1048 1242 1076 Romanum
1254 1057 1352 1084 papam
1370 1053 1564 1082 cooperantem
1582 1049 1711 1076 habeant.
1727 1057 1736 1073 ι

954 1095 1017 1122 Ηιθσ
1030 1099 1120 1130 putem
1147 1095 1294 1130 primatum
1319 1095 1464 1130 designant
1480 1103 1534 1122 non
1554 1095 1619 1122 nudi
1634 1095 1739 1121 ordinis

954 1141 1001 1169 sed
1015 1143 1196 1169 auctoritatis.
1209 1142 1276 1169 Nam
1292 1141 1466 1170 concedemla
1475 1141 1585 1169 Licentia
1600 1146 1629 1169 et
1640 1148 1739 1175 coope-

953 1189 1022 1216 ralio
1042 1196 1117 1224 papae
1139 1189 1217 1224 juxta
1237 1189 1326 1224 legem
1347 1189 1513 1224 synodorum
1547 1188 1680 1215 nefarium
1709 1192 1738 1215 et

953 1233 1076 1268 iniquum
1090 1235 1210 1261 ostendit
1227 1234 1298 1268 quod
1319 1238 1414 1262 contra
1441 1234 1480 1265 fit,
1499 1238 1526 1260 et
1545 1233 1739 1260 manifestissi-

953 1287 1027 1307 mum
1044 1285 1083 1308 est
1098 1285 1286 1316 argumentum
1301 1288 1354 1308 non
1379 1281 1438 1316 puri
1464 1281 1581 1313 ordinis,
1599 1281 1645 1308 Sed
1664 1285 1739 1314 pote-

953 1326 1033 1353 statis
1064 1331 1092 1353 et
1120 1326 1339 1360 jurisdictionis;
1375 1326 1512 1359 siquidem
1537 1326 1613 1353 fuere
1643 1326 1738 1361 synodi

952 1372 1128 1399 tecumenicae
1147 1372 1174 1399 in
1195 1373 1297 1407 quibus
1310 1373 1377 1400 ordo
1391 1373 1609 1406 patriarcharum
1623 1380 1678 1400 non
1698 1377 1739 1399 est

952 1421 1094 1449 servatus,
1121 1422 1215 1452 utpote
1230 1419 1320 1450 tertia,
1342 1419 1368 1445 in
1390 1425 1442 1453 qua
1457 1426 1511 1446 non
1531 1418 1579 1446 fuit
1606 1418 1740 1446 Constan-

953 1461 1161 1496 tinopolitanus,
1181 1467 1209 1489 et
1227 1463 1433 1496 Antiochenus;
1449 1467 1556 1498 quarta,
1575 1464 1601 1491 in
1618 1471 1671 1499 qua
1685 1472 1737 1490 non

952 1507 1041 1535 adfuit
1055 1508 1274 1543 Alexandrinus;
1292 1515 1378 1542 sexta,
1395 1510 1422 1537 in
1438 1518 1489 1544 qua
1511 1511 1618 1545 eiectus
1628 1516 1669 1537 est
1683 1511 1738 1538 Au-

111 1557 126 1583 δ
146 1542 325 1591 Ἀντιοχείας.
341 1542 435 1591 Χωρὶς
452 1557 481 1583 δὲ
500 1556 549 1583 τοῦ
571 1542 683 1592 Ῥὦμης
695 1542 835 1583 ὀὐδέποτε
847 1542 899 1590 -γέ-

954 1553 1216 1582 tiocheuus.Atsine
1233 1563 1300 1590 papa
1312 1542 1453 1590 nunquam
1468 1542 1539 1584 facta
1548 1561 1589 1584 est
1606 1557 1736 1591 synodus,

111 1610 203 1636 γονεν,
216 1603 277 1629 οὐδὲ
291 1603 352 1636 ἐξὸν
364 1603 503 1637 γενέσθαι.
519 1603 549 1630 Et
560 1603 589 1629 δὲ
603 1603 673 1637 μόνη
689 1603 705 1637 ἡ
720 1602 796 1635 τάξις
812 1601 899 1628 ἐδίδου

112 1647 142 1674 τὺ
159 1649 295 1683 πρωτεῖον
313 1648 352 1684 τῷ
366 1650 477 1684 πάππα,
491 1649 613 1682 ἐγίνοντο
628 1648 662 1676 ἂν
680 1648 709 1674 αἰ
732 1648 837 1674 σύνοδοι
853 1648 900 1674 καὶ

113 1694 198 1729 χωρὶς
216 1693 263 1720 τοῦ
281 1694 393 1727 πάππα,
412 1694 460 1720 καὶ
475 1694 524 1728 τῆς
538 1693 665 1726 ἐξουσίας
679 1693 775 1720 αὐτοῦ.

154 1737 319 1773 Ἐρμηνεύει
336 1737 366 1764 δὲ
378 1738 424 1764 τὸν
439 1738 537 1764 ἑαυτοῦ
556 1737 657 1765 σκοπὸν
674 1738 688 1764 δ
715 1737 804 1773 μέγας
823 1737 901 1764 Κων-

115 1785 256 1815 σταντῖνος
282 1783 491 1819 προδηλότερον,
516 1785 546 1810 ὲν
564 1782 606 1815 οἷς
630 1783 705 1818 λέγει
727 1783 775 1810 καὶ
799 1783 899 1818 γράφει

118 1831 173 1862 ταῖς
194 1829 369 1864 Ἐκχλησίαις
381 1838 389 1847 ·
421 1840 432 1856 r
452 1831 561 1866 Πετραν,
585 1832 664 1866 φησὶ,
684 1830 776 1857 λαϐὼν
802 1831 835 1857 ὲκ
849 1830 901 1862 τῆς

111 1876 167 1903 τῶν
189 1876 287 1903 κοινῶν
314 1877 478 1912 εὐπραξίας,
505 1877 557 1912 ὂση
577 1877 628 1912 τῆς
652 1876 729 1908 θείας
756 1876 900 1911 δυνάμεως

114 1922 220 1956 πέφυκε
234 1922 325 1958 χάρις,
339 1922 434 1949 τοῦτον
453 1923 507 1958 πρό
522 1931 555 1957 γε
577 1923 686 1950 παντων
708 1922 805 1958 ἔκρινα
829 1920 900 1949 εἶναι

116 1977 161 2003 μοι
177 1970 329 2004 προσήκειν
341 1970 453 2002 σκοπὸν,
470 1969 545 2000 ὅπως
559 1968 638 2004 παρὰ
650 1969 707 2000 τοῖς
724 1968 900 2004 μακαριωτά-

112 2023 169 2046 τοις
183 2015 233 2050 τῆς
248 2014 397 2048 καθολικῆς
419 2013 583 2049 Ἐκκλησίας
599 2014 714 2049 πλήθεσι
731 2014 822 2046 πίστις
838 2015 899 2050 μία,

112 2062 159 2088 καὶ
170 2061 321 2096 εἰλικρινὴς
336 2061 442 2096 ἀγάπη,
459 2061 629 2095 ὁμογνώμων
642 2069 673 2087 τε
689 2060 755 2095 περὶ
767 2061 813 2087 τὸν
828 2069 899 2095 παγ-

113 2105 202 2141 κρατῆ
225 2106 292 2132 Θεὸν
310 2106 439 2133 εὐσέϐεια
453 2106 582 2141 τηρῆται.
612 2105 683 2132 Ἀλλ’
707 2106 802 2141 ἐπειδὴ
821 2107 900 2133 τοῦτο

114 2153 163 2188 οὐχ
179 2149 236 2179 οἷον
250 2160 281 2178 τε
302 2149 337 2188 ἧν
351 2151 446 2186 ἀκλινῆ
461 2152 508 2178 καὶ
524 2151 639 2186 βεϐαίαν
656 2151 734 2184 τάξιν
756 2152 857 2185 λαϐεῖν,
875 2153 899 2179 εί

952 1605 1003 1624 nec
1019 1598 1076 1625 fieri
1093 1604 1192 1633 potest.
1209 1599 1286 1633 Quod
1310 1601 1332 1628 si
1353 1601 1421 1629 ordo
1433 1601 1509 1628 solus
1524 1599 1671 1635 primatum
1692 1602 1739 1628 tri-

952 1642 1048 1670 bueret
1061 1651 1147 1679 papae,
1173 1651 1287 1680 possent
1300 1647 1384 1674 etiam
1401 1647 1459 1675 fieri
1476 1648 1573 1683 synodi
1592 1647 1652 1675 sine
1668 1656 1736 1684 papa

951 1695 979 1717 et
995 1691 1155 1718 auctoritate
1168 1692 1238 1727 ejus.

989 1735 1074 1764 Suum
1101 1745 1181 1772 porro
1208 1738 1354 1766 consilium
1371 1739 1492 1767 declarat
1516 1741 1638 1775 apertius
1668 1741 1739 1769 Con-

952 1782 1092 1810 stantinus
1117 1782 1231 1819 Magnus
1259 1784 1286 1811 in
1309 1793 1358 1812 sua
1374 1785 1491 1820 epistola
1516 1788 1549 1813 ad
1576 1787 1737 1814 Ecclesias:

956 1836 966 1853 ι
988 1827 1068 1860 Cum,
1096 1827 1194 1863 inquit,
1210 1836 1244 1857 ex
1269 1829 1352 1857 rebus
1380 1838 1428 1864 pro
1454 1831 1594 1866 republica
1623 1823 1739 1860 ίείὶρίιιτ

952 1874 1036 1907 gestis
1059 1875 1248 1909 experimento
1278 1875 1433 1909 didicerim,
1461 1881 1564 1912 quanta
1579 1878 1615 1904 sit
1639 1878 1739 1905 ditium

952 1920 1063 1947 virtutis
1079 1921 1245 1956 benignitas.
1260 1922 1312 1950 hoc
1333 1923 1400 1950 mihi
1420 1927 1484 1951 ante
1497 1923 1550 1950 alia
1568 1923 1736 1959 propesitum

952 1966 1126 1993 statuendum
1141 1968 1245 2004 putavi,
1261 1973 1290 1996 ut
1306 1969 1459 1997 beatissimi
1481 1969 1610 1998 Ecclesia:
1623 1971 1738 1998 catholi-

952 2017 991 2038 cae
1006 2012 1098 2045 populi
1115 2012 1195 2040 ﬁdem
1212 2021 1306 2046 unam,
1322 2019 1349 2042 et
1369 2015 1530 2043 cbaritatem
1549 2016 1696 2051 sinceram,
1711 2022 1739 2044 et

951 2056 1168 2084 consentientem
1192 2066 1255 2093 erga
1280 2059 1497 2094 omnipotentem
1517 2060 1600 2089 Deum
1629 2066 1738 2090 teneant

952 2101 1068 2129 cultum.
1080 2102 1179 2131 Verum
1190 2105 1252 2139 quia
1268 2106 1321 2133 hoc
1337 2114 1390 2133 non
1409 2111 1515 2142 poterat
1527 2107 1580 2135 fixo
1591 2108 1738 2143 stabilique

951 2147 1048 2176 ordine
1073 2149 1187 2182 firmari,
1217 2150 1271 2178 nisi
1296 2152 1341 2179 vel
1366 2153 1496 2181 omnibus
1516 2154 1664 2188 episcopis,
1694 2155 1737 2181 vel

118 2198 156 2233 μὴ
170 2199 212 2229 είς
235 2198 321 2225 ταυτὸ
337 2197 448 2224 πάντων
473 2197 552 2232 ὁμοῦ,
575 2198 591 2234 ἢ
618 2197 673 2224 τῶν
689 2198 756 2232 γοῦν
769 2199 898 2225 πλειόνων

953 2195 1048 2230 majori
1072 2203 1166 2223 eorum
1193 2201 1270 2231 parte
1295 2198 1323 2225 in
1347 2206 1432 2226 unum
1461 2200 1652 2233 conveniente,
1683 2208 1738 2236 quo

116 2243 274 2270 ἐπισκόπων
295 2243 489 2277 συνελθόντων,
507 2244 623 2270 ἑκάστου
636 2245 690 2271 τῶν
703 2245 897 2280 προσηκόντων

115 2290 147 2324 τῇ
163 2289 306 2325 ἁγιωτάτῃ
331 2289 466 2324 θρησκείᾳ
493 2289 630 2324 διάκρισις
655 2291 781 2324 γένοιτο·
799 2291 896 2317 τούτου

116 2335 208 2362 ἕνεκεν
222 2335 358 2362 πλείστων
374 2335 445 2362 ὅσων
461 2335 723 2371 συναθροισθέντων,
748 2337 796 2363 καὶ
816 2337 897 2368 αὐτὸς

117 2381 241 2416 καθάπερ
255 2379 295 2412 εἷς
310 2380 341 2413 ἐξ
353 2381 431 2416 ὑμῶν
445 2380 591 2415 ἐτύγχανον
609 2381 773 2418 συμπαρών.
789 2383 825 2409 Οὐ
841 2383 896 2418 γὰρ

117 2427 291 2462 ἀρνησαίμην
308 2427 352 2460 ἂν,
366 2427 409 2461 ἐφ’
421 2424 442 2461 ᾧ
457 2427 575 2462 μάλιστα
598 2428 697 2463 χαίρω,
719 2428 897 2464 ωνθεράπων

118 2472 248 2507 ὑμέτερος
264 2471 426 2506 πεφυκέναι.
447 2481 456 2498 ι
724 2501 730 2507 ι

157 2519 202 2545 Ἐν
221 2518 326 2550 τούτοις
339 2519 353 2545 ό
370 2518 457 2553 μέγας
472 2518 677 2550 Κωνσταντῐνος
701 2518 788 2551 οὕτως
804 2520 896 2547 ἐπιλο-

117 2565 231 2599 γιζεται·
251 2565 284 2591 Ἢ
306 2564 442 2599 εὐπραξία
460 2564 514 2590 τῶν
530 2564 628 2590 κοινῶν
643 2565 705 2599 ἐμοὶ
720 2565 896 2600 περιγέγονεν

115 2613 147 2638 ἐκ
160 2611 209 2645 τῆς
224 2610 291 2637 Θεοῦ
304 2610 426 2645 χάριτος.
450 2609 523 2644 Ἐγὼ
537 2610 565 2636 δὲ
579 2610 705 2645 βασιλεὺς
721 2609 760 2637 ὢν
781 2611 831 2646 τὴν
852 2612 897 2636 εὑ-

115 2657 233 2692 πραξίαν
250 2657 304 2683 τῶν
320 2657 421 2683 κοινῶν
437 2656 538 2691 ὀφείλω
559 2657 667 2691 ζητεῖν·
691 2656 792 2690 ὀφείλω
807 2657 897 2684 τοίνυν

114 2701 283 2728 ἐπισπᾶσθαι
301 2701 351 2736 τὴν
366 2700 442 2727 θείαν
459 2701 548 2735 χάριν.
573 2700 727 2726 Ἐπιδίδωσι
750 2700 780 2726 δὲ
800 2701 815 2735 ἡ
838 2701 897 2727 Θεία

114 2749 191 2784 χάρις
210 2747 311 2782 ἑαυτὴν
327 2748 480 2782 γινομένων
498 2746 622 2778 ἐκείνων,
638 2747 668 2772 ὲν
686 2744 726 2778 οἷς
741 2747 896 2782 εὐαρεστεῖ-

114 2803 158 2821 ται
172 2794 256 2825 Θεός·
276 2794 464 2828 εὐαρεστεῖται
479 2793 508 2819 δὲ
525 2793 642 2827 μάλιστα
664 2794 697 2828 τῇ
720 2793 785 2827 ὀρθῇ
803 2794 895 2819 πίστει

115 2838 321 2876 θρησκευομένῃ
348 2839 422 2874 παρὰ
446 2838 500 2865 τῶν
527 2838 610 2865 λαῶν.
639 2838 722 2864 Τοῦτο
741 2838 795 2873 ἄρα
832 2839 894 2873 ἐμοὶ

951 2241 1057 2276 singula
1087 2242 1120 2269 ad
1151 2244 1352 2272 sanctissimam
1379 2245 1540 2280 religionem
1572 2247 1737 2281 pertinentia

949 2288 1185 2322 examinarentur,
1207 2290 1311 2318 idcirco
1331 2292 1540 2327 quamplurimis
1555 2294 1735 2328 congregatis,

949 2333 1008 2368 ipse
1021 2342 1130 2370 quoque
1146 2339 1273 2371 tanquam
1284 2344 1353 2365 unus
1366 2345 1381 2365 e
1392 2345 1506 2366 numero
1517 2343 1638 2366 vestrum
1650 2339 1735 2366 adfui.

952 2380 1047 2415 Neque
1065 2381 1137 2408 enim
1156 2383 1310 2417 negaverim
1328 2383 1409 2416 id,ex
1424 2391 1478 2418 quo
1498 2385 1643 2410 maximam
1659 2385 1736 2418 (‘apio

956 2425 1090 2459 lmtitiam,
1115 2432 1236 2454 vestrum
1263 2435 1307 2456 me
1331 2436 1393 2456 esse
1409 2436 1573 2456 conservum
1604 2438 1613 2454 ι

973 2517 1002 2545 In
1012 2517 1056 2545 bis
1065 2517 1262 2547 Constantinus
1271 2519 1384 2554 Magnus
1394 2520 1446 2547 hac
1456 2520 1666 2549 ratiocinatione
1683 2522 1734 2548 uti-

949 2568 1010 2591 tur:
1021 2564 1148 2592 Felicitas
1160 2565 1318 2600 reipublicae
1326 2566 1440 2595 obvenit
1453 2566 1520 2593 mihi
1532 2574 1565 2594 ex
1578 2567 1623 2595 Dei
1637 2567 1734 2602 gratia.

951 2610 1006 2645 Ego
1031 2617 1104 2644 vero,
1129 2617 1192 2637 cum
1210 2610 1359 2645 imperator
1382 2612 1445 2645 sim,
1461 2612 1620 2647 reipublira:
1634 2618 1733 2641 Statum

951 2656 1057 2684 felicem
1086 2664 1183 2684 curare
1211 2657 1315 2690 debeo;
1336 2665 1401 2694 ergo
1417 2663 1445 2686 et
1457 2659 1571 2693 gratiam
1602 2660 1734 2694 aucupari

948 2701 1081 2730 divinam.
1099 2702 1148 2729 Dat
1171 2710 1236 2730 vero
1254 2711 1284 2731 se
1309 2703 1401 2731 divina
1425 2705 1523 2739 gratia,
1544 2705 1567 2733 si
1600 2706 1666 2733 fiant
1689 2705 1734 2733 illa

947 2754 1007 2782 quae
1036 2747 1090 2775 Deo
1120 2748 1245 2782 placent;
1271 2748 1359 2783 placet
1387 2757 1452 2777 vero
1479 2750 1651 2786 potissimum
1681 2750 1735 2777 Deo

947 2797 1028 2820 rectm
1059 2793 1120 2820 ﬁdei
1143 2794 1234 2821 cultus
1258 2794 1285 2821 in
1302 2795 1419 2829 pupulis.
1438 2795 1493 2822 lloc
1507 2803 1572 2831 ergo
1596 2800 1638 2823 est
1667 2796 1732 2822 mihi

948 2840 1106 2868 curandum.
1125 2839 1178 2868 Sed
1190 2840 1253 2875 quia
1270 2848 1322 2868 non
1338 2846 1442 2877 poterat
1457 2842 1507 2870 hoc
1524 2842 1555 2870 ad
1572 2850 1732 2877 prosperum
