1916 3068
88 156 138 188 917

775 156 942 188 ETIIICON
961 159 994 190 ν.

1669 155 1721 187 9L8

88 215 229 250 στήσαμεν
241 215 290 249 τὴν
305 214 425 249 ἐκείνου,
440 214 536 250 μηδεὶς
559 214 630 242 ἔστω
646 214 660 241 ὁ
675 214 811 249 ἐγκαλῶν,
828 215 876 242 καὶ

947 222 1000 248 sse,
1017 214 1110 242 nullus
1124 215 1159 242 sit
1182 214 1331 250 obiurgans
1348 219 1376 242 et
1397 213 1508 247 timens,
1534 212 1581 240 sed
1607 211 1669 239 tolle
1686 213 1722 240 le-

87 261 284 296 δεδιττόμενος,
299 261 367 289 ἀλλὰ
382 261 462 289 ἄνελε
478 262 526 289 τὸν
547 263 580 289 ὲκ
595 261 651 289 τῶν
673 262 764 297 νόμων
779 262 876 296 φόϐον,

87 307 128 342 τῷ
152 307 225 343 λόγῳ
237 308 318 341 τέως,
343 309 392 335 καὶ
411 308 474 343 ὄψει
498 308 581 336 αὐτὸν
604 308 681 344 ξίφος
700 308 877 345 ἁρπάσαντα,

89 354 137 381 καὶ
154 354 260 386 πάντας
285 354 487 390 διαχρώμενον,
516 356 564 382 καὶ
579 355 688 387 οὐδενὸς
705 355 877 390 φειδόμενον,

88 400 119 427 οὺ
132 400 223 435 φίλου,
251 401 282 427 οὗ
302 401 464 435 συγγενοῦς,
491 402 543 428 οὐκ
560 400 688 436 ἀδελφοῦ,
716 400 766 427 οὐκ
793 399 878 428 αὑτοῦ

89 446 135 472 τοῦ
160 447 376 482 γεγεννηκότοςσ
403 448 506 482 μᾶλλον
527 448 556 474 δὲ
572 447 633 474 οὐδὲ
658 447 816 478 ὑποθέσεως
834 447 879 474 ὲν-

90 492 175 519 ταῦθα
198 493 289 528 χρεία,
306 493 364 520 ἀλλ’
380 494 510 530 ἐρώμεθα
534 494 628 527 αὑτὸν,
646 494 671 520 εί
691 493 728 529 μὴ
749 493 879 525 τοιαύτας

90 538 204 565 πλάττει
230 539 294 565 καθ’
319 540 416 566 ἑαυτὸν
443 540 595 574 φαντασίας
618 540 672 572 ἀεὶ,
703 540 751 567 καὶ
775 539 880 572 πάντας

90 586 199 612 ἔπεισιν
222 586 344 621 ἀναιρῶν
359 586 398 622 τῷ
418 587 543 623 λογισμῷ
568 587 614 615 καὶ
635 587 729 621 φίλους
751 587 798 614 καὶ
813 595 880 621 συγ-

89 634 181 665 γενεῖς
206 632 254 659 καὶ¹
278 632 378 665 αὐτοὺς
403 633 467 665 τοὺς
482 634 707 668 γεγεννηκόταςο
732 634 836 668 μᾶλλον
851 634 880 660 δὲ

90 677 141 704 οὐκ
158 679 320 713 ἐρωτήσεως
344 680 422 714 χρεία
434 687 442 695 ο
461 679 509 706 καὶ
529 680 584 715 γὰρ
608 679 709 712 πάντες
728 680 829 713 ἴσασιν,
843 680 881 712 ὡς

91 724 116 750 οἱ
132 724 221 759 τούτῳ
239 725 419 760 κατεχόμενοι
436 725 474 761 τῷ
500 727 649 761 νοσήματι,
666 727 714 754 καὶ
729 728 817 762 γῆρας
835 727 882 762 βα-

92 768 221 804 ρύνονται
239 771 354 805 πατρὸς,
369 771 399 797 τό
416 780 446 797 τε
461 771 548 805 γλυκὺ
556 772 609 802 χαλ.
620 773 704 799 πᾶσιν
719 772 881 807 ἐπέραστον,

91 815 121 841 τὸ
134 815 235 847 παῖδας
249 816 333 851 ἔχειν,
351 816 420 851 βαρὺ
435 819 482 843 καὶ
498 817 618 852 ἐπαχθὲς
638 816 709 845 εἶναι
724 817 880 852 νομίζουσι.

93 862 192 888 Πολλοὶ
207 862 273 896 γοῦν
293 864 341 890 καὶ
361 863 476 890 ἀτοκίαν
501 864 545 890 διὰ
561 864 642 891 τοῦτο
666 864 818 900 ὠνήσαντο,
835 863 882 891 καὶ

93 907 142 943 τὴν
153 907 240 941 ’φύσιν
255 910 417 944 ἐπήρωσαν,
434 911 484 937 οὐκ
500 911 642 942 ἀνελόντες
657 911 801 946 τεχθέντας
820 910 884 942 τοὺς

93 956 203 985 παίοιις,
226 955 295 981 ἀλλὰ
314 956 384 990 μηδὲ
403 955 487 989 φῦναι
512 957 563 990 τὴν
582 956 670 992 ἀρχὴν
688 957 885 993 συγχωρήσαν-

94 1009 151 1032 τες.
175 1001 222 1035 Μὴ
239 1002 331 1029 τοίνυν
348 1002 528 1038 θαυμάσησθε
545 1004 569 1029 εί
590 1004 635 1030 ’τὸν
652 1003 819 1039 φιλάργυρον
841 1002 886 1029 οὖ-

95 1044 150 1079 τῖὖξ
179 1048 424 1084 ὲσχηματίσαμεν·
454 1050 573 1084 καὶγὰρ
604 1049 672 1076 πολὺ
698 1049 796 1085 χείρων
826 1049 885 1075 ἐστὶ

94 1094 150 1125 τῶν
166 1094 332 1129 εἰρημένων.

130 1143 167 1172 ς’.
194 1141 274 1167 ’Λλλᾶ
299 1143 486 1178 σκοπὴσωμεν
501 1142 561 1173 πῶς
585 1142 631 1168 τοῦ
651 1141 780 1176 δαίμονος
802 1141 885 1169 αὑτὸν

93 1187 300 1223 ἀπαλλάξομεν.
322 1189 385 1221 Πῶς
398 1187 446 1216 οὖν
465 1189 659 1223 ἀπαλλάξομεν
672 1198 679 1222 ;
694 1190 718 1215 εί
741 1189 822 1224 μάθοι
839 1198 886 1216 σα-

94 1233 164 1268 φῶς,
185 1233 228 1260 ὅτι
244 1235 259 1269 ἡ
275 1234 445 1270 φιλαργυρία
470 1235 541 1268 πρὸς
564 1235 632 1261 αὐτὸ
647 1235 736 1266 τοῦτο,
769 1234 886 1270 μάλιστα

94 1279 172 1314 αὒτῷ
197 1280 369 1307 ἐναντιοῦται
392 1281 460 1316 πρὸς
482 1281 512 1307 τὸ
536 1280 660 1315 πορίζειν
684 1281 836 1316 χρήματα·
861 1280 886 1306 οι

94 1327 152 1360 γάρ
166 1326 200 1352 τὰ
217 1326 304 1361 μικρὰ
320 1327 472 1362 κερδαίνειν
490 1327 658 1362 βουλόμενοι,
678 1328 802 1362 μεγάλας
816 1328 885 1353 ὑπο-

95 1372 209 1406 μένουσι
237 1373 342 1406 ζημίας
359 1381 366 1387 ·
385 1373 447 1399 ὅθεν
464 1374 496 1408 δὴ
527 1373 574 1400 καὶ
592 1374 728 1408 παροιμία
755 1375 794 1405 εἰς
820 1374 887 1401 αὐτὸ

93 1416 175 1442 τοῦτο
196 1417 370 1452 ἐξενήνεκται
384 1425 390 1432 ·
413 1418 509 1444 πολλοὶ
535 1418 601 1452 γοῦν
617 1418 750 1450 πολλάκις
775 1419 822 1444 ἐπὶ
839 1427 886 1452 με-

94 1462 189 1496 γάλοις
215 1463 336 1490 δανεῖσαι
365 1464 525 1498 βουλόμενοι
545 1465 648 1497 τόκοις,
675 1466 709 1499 τῇ
736 1464 886 1500 προσδοκίᾳ

93 1506 143 1534 τοῦ
169 1507 294 1541 κέρδους,
320 1508 370 1534 οὑκ
394 1508 573 1541 ἐξετάσαντες
596 1509 660 1540 τοὺς
684 1508 884 1543 λαμϐάνοντας,

97 1553 168 1588 μετὰ
184 1555 231 1580 τοῦ
248 1555 327 1580 τόκου
344 1556 390 1581 καὶ
403 1555 449 1581 τοῦ
464 1555 614 1588 κεφαλαίου
627 1555 728 1586 παντὸς
741 1555 869 1586 ἐξέπεσον
879 1564 885 1570 -
900 1572 922 1600 c

94 1599 178 1625 πάλιν
203 1600 243 1631 είς
271 1600 411 1631 κινδύνους
434 1601 635 1635 περιπεσόντες
654 1600 754 1634 ἕτεροι,
780 1603 826 1626 καὶ

96 1645 278 1680 βουληθέντες
303 1647 382 1679 ὀλίγα
407 1647 553 1681 προέσθαι,
571 1647 619 1673 καὶ
642 1646 690 1681 τὴν
705 1646 794 1682 ψυχὴν
817 1647 886 1681 μετὰ

95 1691 146 1725 τῆς
161 1691 256 1723 οὐσίας
269 1692 416 1718 ἀπώλεσαν
426 1701 432 1707 ·
446 1694 491 1719 καὶ
506 1694 593 1728 rrava
605 1694 700 1725 πάλιν,
713 1693 729 1728 ἢ
743 1693 886 1727 ἀξιώματα

96 1738 242 1772 κερδαλέα,
260 1739 276 1773 ἢ
302 1739 367 1766 ἄλλο
383 1747 410 1766 τι
425 1739 546 1766 τοιοῦτον
568 1739 739 1775 ὠνήσασθαι,
760 1741 887 1774 μικρολο-

97 1784 265 1819 γησάμενοι,
290 1785 320 1811 τὸ
349 1787 404 1812 πᾶν
429 1785 586 1812 ἀπώλεσαν.
623 1787 732 1821 Ἐπειδὴ
759 1786 814 1820 γὰρ
837 1786 887 1812 οὐκ

97 1830 173 1857 ῐσασι
187 1833 321 1866 σπείρειν,
339 1832 397 1858 ἀλλ’
412 1833 454 1859 ἀεὶ
469 1832 589 1866 θερίζειν
606 1834 823 1868 μεμελετήκασι,
840 1835 887 1858 καὶ

98 1876 148 1902 τοῦ
164 1877 272 1912 ἁμητοῦ
299 1878 419 1914 συνεχῶς
441 1879 640 1906 ἐκπίπτουσιν·
663 1880 751 1911 οὐδεὶς
765 1879 819 1914 γὰρ
843 1879 887 1905 ἀεὶ

99 1922 221 1957 θερίζειν
236 1924 359 1955 δύναται,
375 1924 470 1959 ὥσπερ
484 1924 545 1951 οὐδὲ
561 1926 604 1951 ἀεὶ
620 1925 784 1959 κερδαίνειν.
811 1925 888 1951 Ἐπεὶ

97 1968 146 1995 οὖν
163 1969 193 1995 οὐ
211 1969 354 2003 βούλονται
371 1971 504 2006 δαπανᾷν,
522 1971 582 1997 οὐδὲ
605 1971 760 2006 κερδαίνειν
780 1971 886 1998 ἴσασιν·

97 2014 168 2041 ἀλλὰ
186 2015 238 2041 κᾶν
253 2017 372 2048 γυναῖκα
387 2015 435 2050 δέῃ
451 2016 555 2047 λαὸεἰν,
575 2016 657 2042 πάλιν
676 2017 706 2043 τὸ
719 2017 786 2043 αὐτὸ
807 2017 888 2043 τοῦτο

98 2062 285 2088 ὑπομένουσιν
300 2071 305 2077 ·
321 2062 338 2096 ἣ
363 2061 417 2096 γὰρ
441 2062 675 2098 ἐξηπατήθησαν,
704 2063 807 2098 ἄῖορον
830 2064 887 2090 ἀντ’

97 2107 217 2141 εὐπόρου
247 2107 387 2138 λαϐόντες,
407 2108 422 2143 ἢ
445 2108 494 2134 καὶ
520 2109 654 2135 πλουσίαν
683 2109 888 2143 εἰσαγαγόντες,

101 2154 149 2181 καὶ
167 2154 274 2188 μυρίων
289 2155 430 2189 γέμουσαν
444 2155 657 2189 ἐλαττωμάτων,
674 2155 786 2182 πλείονα
806 2156 889 2182 πάλιν

99 2201 150 2235 τὴν
165 2200 268 2235 ζημίαν
292 2201 445 2235 ὑπέμειναν
458 2210 465 2216 ·
483 2202 512 2227 οὗ
539 2201 595 2237 γὰρ
611 2203 627 2236 ἡ
646 2202 802 2236 περιουσία,
830 2202 889 2229 ἀλλ’

928 269 990 296 gum
1008 261 1144 293 timorem.
1158 261 1241 289 verbo
1255 265 1371 293 tantum,
1382 265 1410 288 et
1426 259 1530 287 videbis
1553 266 1615 285 eum
1631 265 1723 285 ensem

928 308 1120 342 evaginantem
1137 311 1164 336 et
1187 316 1281 336 omnes
1305 308 1476 336 occidentem
1502 311 1528 333 et
1544 305 1644 333 nemini
1663 313 1725 340 par-

929 357 1047 386 centem,
1065 361 1118 381 non
1143 354 1243 386 amico,
1256 361 1310 382 non
1335 359 1464 390 cognato,
1479 362 1533 381 non
1565 353 1654 385 fratri,
1670 358 1724 380 neu

930 407 981 428 suo
1005 400 1135 434 genitori;
1162 400 1210 428 sed
1235 408 1288 428 non
1309 408 1379 435 opus
1398 404 1440 428 est
1457 407 1624 435 supponere;
1649 399 1723 425 dica-

930 453 991 473 mus
1013 453 1078 474 vero
1091 446 1114 473 si
1140 453 1192 473 non
1223 446 1289 474 tales
1313 446 1382 481 apud
1404 454 1433 474 se
1463 446 1544 481 lingat
1573 445 1725 478 imagines,

931 497 1103 527 semperhet
1138 499 1234 520 omnes
1264 493 1372 520 invadat
1399 493 1544 520 destrueus
1581 491 1726 518 ratiocinio

931 544 958 566 et
981 541 1085 567 amicos
1111 544 1138 566 et
1162 544 1292 574 cognatos
1323 543 1350 566 et
1367 540 1440 574 ipsos
1457 540 1606 573 genitores.
1635 537 1728 564 Potius

932 591 1021 614 autem
1037 594 1093 614 non
1120 587 1333 622 interrogatione
1349 593 1418 620 opus
1430 592 1471 613 est
1492 594 1499 612 :
1528 591 1623 612 omnes
1654 584 1727 611 enim

931 634 1032 666 sciunt,
1057 633 1193 668 quomodo
1214 633 1312 660 morbo
1340 633 1392 660 isto
1425 632 1497 667 capti
1515 637 1539 658 et
1556 635 1727 658 senectutem

932 684 1046 715 gravant
1059 679 1154 714 patris,
1167 684 1193 706 et
1212 679 1283 714 quod
1304 678 1410 705 caeteris
1430 683 1482 705 lant
1508 677 1589 704 dulce
1614 680 1729 702 ctama-

933 727 986 753 bile
996 731 1049 758 est,
1059 733 1140 761 grave
1155 730 1182 753 et
1198 725 1366 753 intolerabile
1379 733 1441 752 esse
1452 728 1548 759 putant
1562 730 1662 757 pueros
1681 722 1729 748 Ιιςι-

933 773 1008 800 bcre.
1026 773 1102 800 Multi
1117 773 1188 799 enirn
1201 777 1229 799 ct
1250 772 1419 799 sterilitatem
1445 775 1554 806 propter
1578 770 1630 796 boc
1658 776 1731 795 emc-

934 824 1010 852 ruul,
1024 824 1049 846 et
1067 822 1193 846 naturam
1220 818 1373 853 privarunt,
1393 825 1447 844 non
1477 817 1647 844 (leslrttentt‘s
1669 823 1731 848 par-

938 866 1118 895 tosinlantes.
1128 865 1176 893 sed
1193 872 1279 899 neque
1301 864 1451 900 producere
1484 863 1644 898 principium
1663 870 1730 888 cou-

937 911 1074 939 cedentes.
1089 910 1128 938 Ne
1147 919 1211 946 ergo
1237 910 1372 937 miremini
1395 910 1416 937 si
1443 917 1553 936 ararum
1574 909 1610 936 ita
1629 908 1733 935 descri-

938 955 1069 994 pserimus
1084 969 1090 987 :
1103 958 1186 986 multo
1204 958 1274 985 enim
1294 957 1370 992 pejor
1397 962 1440 984 est
1466 956 1555 983 dictis.

933 1150 938 1154 -
973 1132 1002 1161 6.
1017 1131 1069 1160 Sed
1086 1131 1228 1159 videamus
1237 1131 1373 1166 quomodo
1388 1137 1449 1157 eum
1467 1137 1481 1155 a
1496 1129 1618 1156 daemone
1633 1129 1732 1156 libere-

938 1187 1007 1207 mus.
1022 1179 1165 1212 Quomodo
1190 1185 1256 1213 ergo
1275 1177 1476 1204 liberabimus?
1501 1175 1528 1203 Si
1547 1176 1632 1203 discat
1647 1175 1732 1207 clare,

937 1226 1079 1254 avaritiam
1110 1229 1210 1260 prater
1242 1225 1294 1251 huc
1317 1223 1467 1258 praesertim
1492 1223 1541 1257 ipsi
1575 1224 1734 1248 adversatur

938 1273 1146 1307 adacquircnda
1166 1271 1248 1298 bona.
1263 1269 1314 1303 Qui
1344 1269 1416 1297 enim
1442 1276 1523 1303 parva
1550 1268 1624 1294 lucra
1646 1269 1735 1294 facere

938 1319 1046 1351 volunt,
1066 1325 1162 1352 magna
1175 1316 1413 1344 subeuntdamna.
1437 1315 1512 1342 Unde
1531 1315 1613 1349 igitur
1630 1314 1734 1341 initium

938 1365 970 1392 ad
993 1366 1043 1392 hoc
1058 1364 1156 1391 accidit
1177 1362 1316 1398 (eruitur).
1332 1361 1407 1388 Multi
1434 1362 1506 1388 enim
1534 1368 1614 1394 szrpe,
1629 1360 1736 1394 magnis

938 1412 1058 1439 volentes
1077 1417 1199 1438 mutuum
1228 1411 1293 1437 dare
1311 1409 1411 1442 usuris,
1432 1409 1636 1443 exspectatione
1667 1409 1735 1435 lurrl

938 1467 991 1487 non
1020 1457 1167 1494 probantis
1201 1465 1248 1485 eos
1274 1458 1319 1492 qui
1350 1461 1527 1488 nmtuantut‘,
1565 1463 1625 1482 cum
1653 1463 1735 1481 usura

938 1512 964 1534 et
991 1514 1125 1533 sunnnatu
1161 1509 1245 1531 totam
1271 1505 1412 1531 amittunt.
1432 1503 1536 1529 Rursus
1567 1503 1593 1528 in
1615 1502 1737 1536 periculo

939 1553 1068 1580 cadentes
1093 1551 1136 1578 alii
1160 1556 1187 1578 et
1211 1551 1335 1578 nolentes
1353 1557 1437 1584 pauca
1467 1554 1595 1583 appetere
1617 1549 1736 1575 animant

940 1607 1003 1627 cum
1020 1598 1097 1626 bouis
1112 1598 1260 1624 amiseruttl
1273 1606 1279 1629 ;
1292 1601 1318 1623 et
1337 1603 1432 1622 rursus
1452 1596 1529 1622 adest
1546 1600 1573 1621 ul
1588 1595 1736 1629 dignitates

940 1646 1045 1673 lucrum
1069 1645 1199 1672 ltabenles
1215 1649 1258 1670 aut
1278 1643 1349 1670 aliud
1368 1643 1505 1678 quoddam
1533 1642 1623 1669 simile
1645 1649 1738 1668 eun-re

940 1692 1183 1727 parvipeudentes,
1211 1690 1302 1717 omnia
1343 1689 1530 1724 perdiderunt.
1561 1688 1628 1715 Cum
1663 1688 1736 1714 enim

941 1741 1065 1767 nesciant
1100 1738 1247 1769 seminare,
1286 1737 1333 1763 sed
1367 1743 1474 1770 semper
1503 1740 1604 1762 metere
1631 1741 1738 1764 curent,

941 1792 1056 1813 antesse
1072 1784 1201 1811 coutinuo
1229 1783 1369 1817 privantur
1390 1790 1397 1809 :
1430 1788 1510 1807 uento
1536 1780 1608 1807 enim
1633 1788 1740 1813 5"lllpm‘

941 1836 1044 1859 metere
1072 1835 1169 1865 potest,
1185 1828 1322 1864 quommlo
1338 1834 1428 1860 neque
1444 1834 1551 1859 semper
1567 1825 1737 1852 lnrrilacere.

941 1878 1008 1904 Cum
1043 1877 1115 1904 enim
1149 1875 1236 1902 nolint
1270 1873 1434 1907 expendere.
1466 1879 1552 1906 neque
1581 1872 1741 1898 lucrifacere

942 1924 1042 1951 sciunt.
1056 1922 1108 1949 Sed
1123 1921 1230 1956 quando
1248 1926 1358 1946 uxorem
1372 1919 1474 1946 ducere
1489 1921 1625 1950 oporteat,
1646 1925 1741 1943 rursus

943 1971 1014 1998 idem
1035 1969 1160 1996 subeunt.
1171 1967 1299 1994 Veleniut
1315 1964 1420 1998 decepti
1440 1968 1512 1993 sunt,
1526 1970 1672 1997 pauperem
1691 1971 1740 1995 pro

943 2017 1026 2045 divite
1045 2015 1221 2049 accipientes,
1241 2012 1281 2039 vel
1297 2015 1323 2038 et
1341 2010 1449 2037 divitias
1467 2009 1625 2036 intlucentes
1642 2015 1671 2035 et
1694 2009 1741 2035 dc-

943 2071 1002 2092 cem
1016 2062 1134 2089 millibus
1153 2062 1266 2087 rel'ertas
1289 2059 1370 2091 vitiis,
1388 2058 1517 2091 majorem
1536 2065 1631 2085 rursus
1652 2057 1742 2091 perni‘

943 2109 1013 2136 cictu
1044 2108 1164 2135 subiere.
1193 2106 1250 2133 Non
1281 2105 1352 2132 enim
1379 2104 1554 2134 abnmlantia,
1579 2103 1625 2129 sed
1656 2103 1742 2128 virtus

944 2155 1052 2183 divitias
1063 2159 1202 2188 operatur.
1217 2151 1286 2184 Quid
1306 2151 1377 2178 enim
1390 2154 1502 2184 prosunt
1512 2149 1615 2176 divitia:
1626 2148 1739 2182 quando

945 2201 1057 2236 prodiga
1068 2204 1147 2226 estet
1166 2205 1278 2230 vesana,
1293 2202 1320 2224 et
1330 2197 1421 2224 omnia
1438 2201 1519 2222 vento
1535 2195 1655 2222 Velocius
1673 2194 1739 2221 ell'e-

99 2247 116 2277 ἠ
130 2247 215 2281 ἁρετὴ
230 2247 276 2274 τὸν
293 2247 409 2273 πλοῦτον
430 2248 590 2281 ἐργάζεται.
613 2248 646 2274 Τί
662 2248 717 2283 γὰρ
731 2247 830 2282 ὄφελος
843 2248 886 2275 τοῦ

946 2251 1010 2274 rat:
1030 2245 1093 2281 quid
1117 2252 1182 2279 ergo
1207 2245 1228 2271 si
1250 2243 1392 2271 libidinosa
1422 2247 1450 2269 et
1480 2242 1643 2268 innumeros
1668 2249 1743 2266 aum-

100 2292 231 2325 πλούτου,
255 2294 318 2319 ὅταν
333 2294 478 2329 δαπανηρά
537 2294 586 2320 καὶ
601 2294 715 2325 ἄσωτος,
740 2295 788 2320 καὶ
804 2295 893 2321 πάντα

100 2340 204 2373 ἀνέμου
221 2340 402 2375 σφοδρότερον
414 2341 519 2376 ὲκφπιρῇ
534 2349 541 2355 ·
556 2341 583 2367 τί
599 2341 638 2373 δὲ,
653 2342 686 2367 ἂν
699 2341 829 2375 ἀσελγὴς,
846 2342 895 2368 καὶ

101 2386 217 2420 μυρίους
233 2388 352 2421 ἐραστὰς
368 2387 518 2421 ἐφέλκηται
532 2396 539 2419 ;
557 2387 583 2413 τί
599 2387 637 2419 δὲ,
655 2389 688 2413 ἂν
706 2387 846 2422 μέθυσος;
862 2387 891 2414 οὑ

101 2434 213 2459 πάντων
242 2433 407 2468 πενέστερον
429 2435 533 2467 ταχέως
549 2433 594 2460 τὸν
616 2434 703 2468 ἄνδρα
725 2434 891 2469 ὲργάσεταις

102 2480 141 2506 (νὺ
158 2479 277 2514 γαμοῦσι
295 2480 322 2506 δὲ
339 2481 430 2514 μόνον,
445 2480 512 2506 ἀλλὰ
525 2481 571 2506 καὶ
585 2480 718 2506 ὠνοῦνται
733 2480 893 2514 ἐπισφαλῶς

103 2527 157 2553 ὑπὸ
175 2526 223 2559 τῆς
239 2526 389 2561 ἐπιθυμίας
403 2527 453 2560 τῆς
470 2526 584 2560 πολλῆς,
598 2527 629 2552 οὐ
644 2527 679 2552 τὰ
692 2527 826 2552 σπουδαῖα
839 2526 894 2552 τῶν

102 2573 290 2608 ἀνδραπόδων,
304 2573 372 2600 ἀλλὰ
386 2573 420 2599 τὰ
436 2573 525 2600 εὖωνα
537 2581 615 2608 περιε
622 2573 798 2608 ργαζόμενοι.
810 2571 895 2599 Ταῦτ’

102 2618 150 2645 οὖν
168 2618 277 2645 ἅπαντα
293 2619 524 2654 ἀναλογισάμενοι
537 2619 562 2645 οἱ
577 2618 755 2654 φιλάργυροι,
769 2617 824 2644 τῶν
838 2617 895 2651 γὰρ

103 2666 170 2701 περὶ
191 2665 241 2701 τῆς
257 2666 370 2700 γεέννης
390 2666 438 2692 καὶ
453 2667 504 2700 τῆς
518 2665 660 2700 βασιλείας
683 2665 772 2698 λόγων
788 2665 896 2690 οὐδέπω

104 2712 217 2738 ἀκούειν
235 2712 376 2744 δύνανται,
391 2712 438 2739 καὶ
462 2713 512 2744 τὰς
528 2711 631 2746 ζημίας
654 2711 843 2746 ὲννοήσαντες,
862 2711 896 2742 ἃς

105 2760 260 2794 ὑπέμειναν
276 2759 408 2790 πολλάκις
423 2759 477 2785 ἀπὸ
497 2758 547 2792 τῆς
564 2757 786 2793 φιλοχρηματίας
803 2758 851 2784 καὶ
865 2758 894 2783 ὲν

105 2806 269 2840 δανείσμασι
285 2805 333 2831 καὶ
347 2805 376 2830 ὲν
393 2804 484 2836 ὠνίοις
501 2804 549 2831 καὶ
563 2804 592 2830 ὲν
608 2803 710 2838 γάμοις
724 2803 770 2830 καὶ
785 2803 812 2829 ὲν
827 2811 895 2838 προ-

107 2851 234 2881 στασίαις
247 2851 294 2876 καὶ
307 2849 400 2880 ἐντοῖς
408 2849 498 2881 ἄλλοις
513 2848 624 2881 ἅπασιν,
635 2847 834 2883 ἀποττήτωταν
846 2847 893 2874 τοῦ

950 2294 1006 2320 sios
1041 2291 1184 2320 attrahat?
1209 2290 1279 2323 Quid
1311 2295 1403 2316 autem
1434 2288 1455 2315 si
1476 2287 1628 2314 vinulenta?
1653 2295 1744 2312 notum

949 2339 1070 2367 omnium
1085 2338 1271 2373 pauperiorem
1288 2335 1362 2363 brevi
1378 2336 1472 2362 reddet
1486 2334 1573 2360 virum
1587 2333 1598 2359 Ἰ
1610 2340 1662 2359 non
1676 2340 1744 2358 uxo-

950 2394 1006 2413 rem
1023 2389 1127 2412 tantunt
1150 2385 1263 2416 ducunt,
1277 2383 1322 2409 sed
1337 2385 1466 2409 etemunt
1482 2379 1632 2414 periculose
1640 2377 1743 2410 cupidi.

949 2432 1012 2458 tatis
1045 2437 1217 2463 cansa;non
1255 2436 1396 2456 servorum
1430 2427 1564 2453 studiosas
1583 2420 1663 2450 (‘uras
1696 2425 1744 2450 sed

948 2486 1008 2513 qua:
1033 2477 1106 2510 parvi
1126 2480 1253 2502 constent
1276 2474 1434 2508 exquirunt.
1461 2471 1524 2499 Haec
1553 2471 1633 2505 igitur
1654 2471 1744 2498 omnia

947 2521 1139 2550 ratiocinantes
1157 2521 1284 2549 avari.de
1298 2519 1338 2546 his
1355 2519 1426 2545 enirn
1441 2526 1500 2552 qua:
1509 2517 1541 2544 ad
1552 2517 1703 2553 gehennam
1718 2523 1745 2545 ut

948 2577 1059 2603 regnum
1086 2571 1214 2602 spectant
1239 2566 1332 2593 audire
1360 2565 1479 2592 nondum
1505 2571 1639 2600 possunt,
1661 2571 1686 2592 cl
1709 2565 1743 2591 de

948 2615 1056 2643 damnis
1078 2614 1242 2642 meditantes
1259 2620 1319 2646 qme
1341 2611 1485 2638 subierunt
1502 2619 1572 2646 saepe
1587 2611 1744 2646 cupiditatis

950 2669 1049 2692 causa,
1070 2666 1095 2688 et
1110 2660 1211 2686 mutuis
1224 2658 1304 2688 datis.
1320 2662 1345 2685 et
1365 2657 1548 2692 emptionibus
1562 2663 1588 2684 et
1603 2657 1745 2684 matrimo-

951 2710 1002 2737 niis
1029 2714 1056 2734 et
1077 2707 1232 2735 muneribus
1255 2711 1283 2732 et
1311 2706 1337 2732 in
1366 2705 1471 2731 mularis
1502 2703 1744 2735 omniluus,dis¢e-

948 2757 1015 2783 dunt
1047 2755 1079 2781 ab
1103 2761 1197 2780 amore
1224 2753 1368 2779 bonorum.
1398 2751 1442 2778 Sic
1469 2751 1541 2778 enim
1561 2756 1687 2786 pottrnut
1716 2753 1744 2777 el

950 2805 1113 2835 prwsentem
1138 2799 1221 2826 vitam
1250 2799 1276 2825 itt
1295 2805 1362 2832 pace
1384 2804 1475 2831 agere,
1489 2801 1517 2823 et
1532 2796 1605 2831 parvi
1626 2796 1744 2830 penden-

949 2855 988 2875 tts
1014 2846 1095 2874 etiam
1113 2845 1146 2873 de
1167 2845 1335 2881 philosophia
1348 2843 1442 2871 audire
1460 2842 1550 2876 verba,
1567 2847 1594 2870 et
1606 2841 1742 2876 aspicien-
