1916 3068
101 147 154 177 933

769 148 932 178 ETIlICON
954 150 974 179 Υ
981 149 1004 180 Ι.

1670 162 1726 194 934.

100 203 177 236 ζουσι
192 203 301 239 βλέπειν
317 203 363 230 καὶ
382 203 431 239 τὴν
448 204 565 238 κοπρίαν
589 203 707 239 ἐκείνην,
726 206 774 231 καὶ
789 204 867 231 τοῦτο

935 205 1060 240 pretiosis
1094 212 1230 238 ornatum,
1266 213 1291 235 et
1321 211 1412 238 nescio
1440 212 1644 246 quidzctt-nitu
1670 226 1723 245 non

99 251 130 277 ὲν
146 250 216 286 μέσῃ
238 251 272 285 τῇ
289 250 391 285 κοπρίᾳ
415 250 583 285 καθήμενον,
598 250 645 276 τὸν
664 250 811 285 ἀνδριάντα
837 251 883 278 τὸν

98 297 229 332 χρυσοῦν,
246 297 292 323 τὸν
307 296 436 326 διάλιθον,
456 297 501 323 τὸν
518 297 569 323 οὐκ
584 294 643 323 οῖδα
659 297 718 328 πῶς
733 297 803 323 εἴπω
815 305 821 311 ·
836 297 883 323 καὶ

97 344 153 379 γὰρ
164 343 214 370 οὐκ
229 343 282 378 ἔχω
301 343 395 378 τιμίαν
412 343 497 374 οὕτως
514 343 579 377 ὓλην
595 343 696 377 εὑρεῖν,
712 343 749 374 ὼς
766 343 884 378 δυνηοῆ-

97 399 143 416 ναι
166 389 336 424 παραϐαλεῖν
353 389 383 415 τὸ
407 388 567 423 ᾑμαγμένον
592 389 680 415 ἐκεῖνο
696 390 774 424 σῶμα
786 397 793 404 ο
812 389 884 415 οὕτω

97 436 189 470 πάσης
215 435 280 470 ὕλης
301 435 394 469 τιμίας
418 435 449 460 ἐκ
473 434 573 460 πολλοῦ
589 434 637 460 τοῦ
666 434 818 468 περιόντος,
835 435 883 468 τῆς

99 481 200 516 σαρκὸς
215 481 324 515 ἐκείνης
339 481 355 516 ἡ
373 480 454 514 φύσις
473 481 611 507 ἐδείκνυτο
628 480 818 515 λαμπροτέρα,
836 482 883 506 καὶ

95 528 130 554 τὰ
146 526 291 562 τραύματα
305 526 361 553 τῶν
377 527 497 561 ἡλιακῶν
511 526 630 553 ἀκτίνων
646 527 822 561 φαιδρότερα.

133 595 173 622 ιδ’.
194 596 249 622 Καὶ
278 595 350 631 μάλα
370 595 504 627 εἰκότως·
522 592 601 622 αὗται
625 596 675 630 μὲν
697 595 752 630 γὰρ
770 596 818 626 τὰς
833 595 881 621 τοῦ

95 642 222 676 σώματος
234 641 454 675 καταυγάζουσιν
467 641 552 675 ἄψεις,
568 642 662 668 ἐκεῖνα
675 641 703 668 δὲ
715 642 748 667 τά
760 642 810 676 τῆς
824 641 881 667 δια-

94 688 171 718 νοίας
185 687 266 722 ἡμῶν
282 687 448 721 φωτίζουσιν
464 687 595 721 ὅμματα’
616 687 658 713 διὸ
673 687 779 714 δίκαιον
794 686 880 713 ταῦτα

95 732 242 767 περιφέρει
254 732 327 767 ἡμᾶς
341 733 369 758 ἐν
386 732 422 766 νῷ
433 739 441 747 ο
455 733 501 758 καὶ
515 733 578 758 ὅταν
595 733 623 765 ἐξ
636 732 729 766 οὐρίας
743 732 879 766 πλέωμεν,

93 778 125 804 τὸ
140 779 269 812 ναυάγιον
287 777 485 812 φοϐουμένους·
501 778 547 804 καὶ
565 778 627 804 ὅταν
650 779 814 813 πειρασμοῖς
834 787 881 804 πε-

97 825 284 859 ριπίπτωμεν,
299 824 329 849 τὸ
342 824 373 850 ὲκ
385 823 434 858 τῆς
448 823 587 859 ὑπομονῆς
599 824 755 854 ἐννοοῦντας
768 824 862 858 κέρδος
871 832 878 839 ·

934 251 1009 277 valeo
1025 252 1131 286 dignam
1149 254 1215 281 satis
1238 255 1379 283 materiam
1395 259 1513 291 reperire
1522 268 1601 294 quam
1617 265 1723 296 corpori

933 295 978 323 isti
998 298 1146 330 sanguineo
1164 299 1286 328 conferre
1302 304 1402 336 possim
1418 312 1424 335 ς
1440 304 1475 331 ita
1497 312 1593 334 cuttcta
1606 295 1723 338 pretiosa

919 343 1048 370 'matcria
1064 352 1095 371 cx
1114 345 1202 372 multis
1219 354 1278 380 quae
1294 349 1416 376 ambiunt
1431 352 1520 379 carnis
1533 353 1610 380 istius
1622 361 1718 383 natura

934 388 1063 416 illustrior
1089 391 1245 425 apparebat,
1271 397 1297 420 et
1323 394 1434 423 vulnera
1457 397 1523 425 solis
1554 400 1636 428 radiis
1664 402 1723 429 cla-

933 442 1016 462 rtora.

970 593 1012 620 M.
1035 594 1069 621 Et
1084 595 1162 623 valde
1175 603 1237 623 vere
1256 606 1262 623 :
1281 597 1307 625 lti
1323 599 1394 626 enim
1412 601 1534 635 corporis
1554 603 1639 631 visum
1660 605 1719 632 illu-

933 639 1048 670 minant,
1066 640 1109 667 illa
1127 641 1310 676 itttclligentire
1329 649 1427 671 nostrae
1452 647 1544 674 oculos
1566 648 1718 678 illustrant:

932 683 992 710 illeo
1018 684 1092 718 juste
1118 686 1175 713 lucc
1205 694 1254 714 nos
1290 688 1486 718 circumferunt
1512 692 1537 718 in
1567 698 1656 722 mente
1673 701 1717 727 ;e|

930 731 1038 764 quando
1053 735 1133 757 vento
1146 739 1275 766 prospero
1297 736 1465 770 navigamus,
1492 738 1662 774 naufragium
1685 743 1717 769 ti-

931 781 1050 809 mentes;
1064 781 1089 803 et
1101 779 1207 811 quando
1216 781 1405 808 tetttsttionibus
1431 783 1582 817 obruimur,
1596 788 1716 820 questum

931 829 945 848 e
961 822 1089 855 patientia
1111 823 1256 852 intuentes.
1289 826 1322 854 Ut
1343 829 1413 854 enim
1441 829 1466 855 in
1491 837 1571 857 arena
1589 833 1716 860 athletam

94 871 133 902 ὡς
147 871 202 906 γὰρ
217 871 246 896 ὲν
259 870 296 904 τῷ
312 871 455 905 σκάμματι
471 870 515 896 τὸν
527 870 646 905 ἀθλητὴν
659 871 707 897 καὶ
724 870 817 905 ίδρῶτι
833 875 867 896 κα

932 873 1040 901 oportet
1055 875 1082 897 et
1098 871 1196 898 sudore
1208 877 1234 898 et
1254 872 1363 906 pulvere
1379 879 1405 901 et
1423 875 1513 902 calore
1532 877 1624 910 multo,
1640 884 1666 905 et
1682 879 1715 905 la-

92 917 167 944 κᾶνει
181 917 228 944 καὶ
243 916 332 951 Θέρμῃ
346 916 440 950 πολλῇ,
453 917 500 943 καὶ
511 917 601 948 πόνοις
618 917 663 943 καὶ
678 917 876 950 ταλαιπωρίαις

93 961 231 996 μάχεσθαι
257 962 308 992 δεῖ,
329 961 398 988 οὕτω
411 962 458 988 καὶ
485 962 531 988 τὸν
553 963 665 996 ἄριστον
679 963 727 989 τοῦ
756 963 876 998 Χριστοῦ

92 1007 264 1043 στρατιώτην
285 1008 370 1034 πολλὰ
392 1008 482 1043 χρεὼν
504 1009 651 1043 ὑπομένειν
675 1009 804 1041 ἐνταῦθα,
829 1010 876 1036 καὶ

91 1055 182 1080 πάντα
197 1054 291 1088 φέρειν
304 1055 446 1088 γενναίως,
461 1054 488 1081 εῐ
501 1063 533 1087 γε
548 1054 639 1089 μέλλοι
654 1054 798 1090 λαμπροὺς
809 1056 876 1081 ἀπο-

91 1099 226 1134 λήψεσθαι
241 1100 304 1131 τοὺς
323 1097 482 1134 στεφάνους.
496 1101 526 1126 Εί
542 1099 595 1134 γὰρ
611 1100 643 1134 δὴ
657 1101 737 1134 σῶμα
754 1101 875 1135 μακαρί-

91 1146 188 1180 ζομεν,
202 1146 232 1172 τὸ
256 1146 407 1181 δυνάμενον
420 1146 505 1180 ψύχος
527 1147 574 1172 καὶ
590 1144 685 1179 καῦμα
701 1146 796 1179 φέρειν
811 1145 875 1172 ἀλύ-

91 1201 161 1223 πως,
185 1192 233 1218 καὶ
258 1192 349 1226 λιμὸν,
373 1193 420 1218 καὶ
438 1192 554 1225 ἔνδειαν,
576 1192 623 1218 καὶ
645 1191 811 1227 ὁδοιπορίαν,
829 1191 876 1218 καὶ

88 1238 278 1274 ταλαιπωρίας
294 1238 401 1273 ἑτέρας,
422 1239 512 1272 πολλῷ
528 1239 628 1273 μᾶλλον
650 1239 691 1265 δεῖ
713 1238 875 1273 μακαρίζειν

88 1284 177 1320 ψυχὴν
192 1284 241 1320 τὴν
265 1284 419 1319 δυναμένην
436 1285 579 1319 καρτερῶς
595 1285 643 1311 καὶ
663 1285 796 1319 γενναίως
818 1284 873 1311 τῶν

88 1331 183 1357 δεινῶν
198 1332 247 1361 τὰς
265 1330 419 1365 προσϐολάς
442 1330 591 1365 ὑπομένειν
608 1330 728 1363 ἁπάσας,
754 1330 802 1356 καὶ
816 1330 874 1356 δια-

89 1379 185 1411 τηρεῖν
209 1377 359 1403 ἀδούλωτον
383 1377 468 1411 αὑτῆς
485 1378 530 1404 διὰ
556 1378 667 1404 πάντων
686 1377 716 1403 τὸ
732 1377 872 1412 φρόνημα,

90 1424 197 1459 ’Ὠσπερ
213 1423 259 1450 οὗν
273 1425 290 1459 ἡ
303 1425 401 1459 ἀργίας
419 1425 466 1450 καὶ
484 1424 575 1456 ἀδείας
598 1423 773 1451 ἀπολαύουσα
788 1423 872 1458 ψυχὴ,

89 1470 209 1500 εὐκόλως
224 1469 275 1495 ὑπὸ
292 1478 345 1501 των
362 1468 455 1495 παθῶν
480 1469 630 1497 ἀλῐσκεται.
647 1468 734 1499 οὕτως
752 1469 767 1502 ἡ
785 1469 873 1503 διηνε-

90 1515 146 1547 κῶς
161 1516 217 1547 τοῖς
234 1516 303 1550 ὑπὲρ
319 1514 368 1549 τῆς
382 1514 483 1549 ἀρετῆς
499 1516 603 1548 ἀγῶσιν
623 1515 796 1548 ὲσχολακυῖα,
811 1515 870 1540 οὐδὲ

929 915 1041 942 boribus
1057 920 1082 942 et
1111 916 1227 944 miseriis
1255 925 1385 952 pugnare,
1418 920 1454 947 ita
1490 923 1599 950 militent
1616 924 1716 952 Cltristi

926 960 1069 992 optitttuut,
1099 961 1143 995 qui
1175 962 1256 989 multa
1286 965 1363 991 debet
1392 965 1446 1000 pati
1477 967 1501 993 iu
1530 968 1580 995 ltac
1605 970 1669 1002 vita,
1687 978 1717 999 et

927 1007 1016 1032 omnia
1032 1014 1164 1040 generose
1188 1008 1269 1040 ferre,
1288 1010 1310 1036 si
1336 1018 1450 1039 coronas
1475 1015 1597 1047 accipere
1621 1017 1714 1045 debeat

929 1051 1038 1098 multas.
1059 1052 1086 1079 Si
1102 1053 1173 1079 enim
1189 1061 1288 1088 corpus
1312 1056 1418 1084 ltcaluut
1438 1059 1553 1088 dicimus
1574 1063 1645 1096 quod
1668 1071 1715 1098 ρο.

929 1101 981 1122 test
999 1096 1082 1129 frigus
1095 1104 1120 1124 et
1138 1100 1253 1126 calorem
1267 1101 1324 1128 sine
1341 1103 1448 1130 tristitia
1467 1103 1547 1138 ferre,
1563 1112 1589 1133 et
1606 1096 1715 1142 farttetn,

926 1145 953 1166 et
969 1142 1094 1175 inopiam,
1113 1147 1139 1168 ct
1162 1143 1212 1170 iter
1227 1148 1253 1170 et
1277 1145 1400 1174 miserias
1412 1148 1487 1180 alias,
1517 1151 1605 1178 multo
1631 1154 1713 1188 magis

927 1187 1004 1214 beata
1020 1189 1130 1216 dicenda
1147 1195 1188 1216 est
1204 1191 1295 1218 anima
1307 1201 1366 1227 quae
1378 1194 1448 1221 valt-t
1467 1196 1574 1224 fortiter
1591 1204 1618 1225 et
1633 1187 1713 1234 gerie-

927 1234 1208 1263 roscirtfortuniorunt
1240 1245 1383 1272 aggressus
1406 1248 1501 1269 omnes
1529 1245 1672 1277 sustinere,
1688 1251 1714 1274 ct

927 1287 975 1313 per
990 1281 1080 1307 omnia
1099 1282 1260 1309 sententiam
1281 1291 1357 1311 suam
1383 1291 1458 1313 extra
1483 1289 1639 1318 servitutem
1655 1299 1712 1318 ser-

926 1334 1002 1353 vare.
1020 1327 1054 1354 Ut
1079 1328 1151 1354 enim
1179 1329 1275 1356 inertia
1300 1335 1327 1357 et
1354 1332 1498 1360 securitate
1516 1334 1607 1362 fruens
1622 1338 1714 1364 anima

927 1373 1004 1400 facile
1019 1373 1208 1401 afﬂictionibus
1229 1382 1391 1410 occupatur,
1409 1378 1445 1404 ita
1467 1387 1526 1413 qua:
1538 1381 1637 1415 iugiter
1653 1390 1711 1410 ver-

926 1424 1002 1445 satur
1031 1419 1056 1446 itt
1086 1420 1194 1447 virtutis
1224 1422 1331 1456 pugnis,
1361 1430 1446 1458 neque
1471 1424 1568 1463 intueri
1594 1436 1711 1463 unquam

926 1465 1083 1492 certaminis
1102 1473 1194 1492 curam
1220 1472 1308 1498 vacat,
1334 1475 1394 1495 cum
1414 1477 1443 1496 se
1457 1471 1491 1497 ab
1517 1472 1559 1498 Itis
1585 1475 1711 1502 omnibus

925 1511 1098 1538 abstraxerit.
1115 1511 1173 1538 Non
1202 1513 1272 1538 cuitu
1286 1513 1354 1540 bene
1375 1522 1456 1550 agere
1485 1522 1600 1550 tantum,
1613 1520 1658 1547 sed
1684 1526 1711 1548 et

91 1562 188 1596 σχολὴν
208 1561 269 1595 ἄγει
283 1560 369 1587 ταῦτα
392 1561 515 1595 ἐννοῆσαί
537 1569 602 1586 ποτε
620 1561 669 1594 τῆς
685 1561 748 1594 περὶ
765 1561 799 1586 τὰ
818 1569 867 1586 πα-

924 1557 982 1582 ntali
998 1557 1060 1591 qttid
1083 1557 1136 1591 pati
1153 1559 1263 1585 multam
1283 1561 1432 1587 mercedem
1445 1562 1556 1592 habent.
1572 1565 1710 1598 Quamob-

89 1608 229 1641 λαίσματα
244 1609 389 1641 μερίμνης,
406 1607 516 1633 πάντων
528 1607 610 1641 αὐτὴν
629 1606 788 1640 ἁπαγούσης
800 1606 866 1632 ὲκείν

89 1662 143 1679 νων
153 1661 159 1668 ·
176 1653 206 1679 οὐ
221 1653 275 1687 γὰρ
285 1652 315 1678 τὸ
329 1652 440 1687 ποιῆσαί
455 1661 480 1678 τι
499 1652 618 1687 χρηστὸν
635 1651 727 1686 μόνον,
744 1651 812 1678 ἀλλὰ
826 1652 871 1677 καὶ

88 1699 120 1724 τὸ
133 1697 228 1725 παθεῖν
243 1706 270 1724 τι
292 1698 385 1729 κακδν,
402 1697 501 1728 πολλάς
517 1697 574 1731 ἔχει
598 1698 646 1728 τὰς
671 1692 801 1730 ἀμοιϐάς.
821 1696 871 1722 Διά

88 1744 121 1779 δὴ
148 1744 226 1771 τοῦτο
245 1743 291 1770 καὶ
319 1744 456 1777 συγχωρεῖ
485 1742 616 1773 πολλάκις
640 1743 653 1768 6
679 1741 871 1776 φιλάνθρωπος

927 1611 984 1630 rem
1001 1610 1070 1637 sa'pe
1101 1603 1242 1631 hominum
1261 1610 1365 1632 amator
1380 1606 1447 1634 Deus
1457 1608 1588 1642 gloriosos
1607 1611 1632 1637 in
1650 1612 1711 1640 vitae

926 1649 1049 1676 claritate
1071 1649 1212 1676 innumera
1240 1649 1282 1677 ltic
1311 1651 1364 1684 pati
1392 1652 1541 1680 infortunia
1564 1656 1709 1689 permittit,

925 1702 972 1720 eus
989 1694 1066 1721 valde
1084 1694 1207 1729 diligens,
1225 1699 1329 1730 utquos
1345 1704 1395 1731 per
1409 1698 1465 1726 lucc
1478 1701 1592 1729 adversa
1606 1707 1710 1730 amatos

925 1739 1054 1772 olfecerit,
1068 1740 1229 1767 illustriores
1243 1742 1338 1769 melius
1352 1749 1474 1771 coronet.

88 1792 154 1823 θεὸς
179 1792 241 1822 τοὺς
261 1791 424 1824 εὐδοκίμους
446 1791 474 1816 ὲν
499 1790 557 1824 βίου
581 1789 756 1824 λαμπρότητι
783 1788 870 1822 μυρία
890 1787 1005 1822 πάσχειν
1022 1787 1139 1814 ἐνταῦθα
1149 1787 1233 1819 δεινὰ,
1249 1789 1353 1823 σφόδρα
1367 1789 1451 1823 φιλῶν
1464 1791 1574 1826 αὐτοὺς,
1605 1792 1644 1825 ὡς
1674 1795 1707 1821 ἂν

86 1838 131 1863 διὰ
143 1837 196 1863 τῶν
211 1837 305 1864 δεινῶν
318 1837 422 1863 τούτων
436 1836 498 1868 τοὺς
514 1836 692 1871 φιλουμένους
710 1834 902 1870 ἐργασάμενος
918 1834 1138 1869 λαμπροτέρους,
1153 1834 1315 1870 στεφανώσῃ
1332 1836 1478 1869 μειζόνως.

125 1907 165 1932 ιε’.
183 1905 231 1930 Ἂν
250 1904 341 1931 τοίνυν
363 1903 484 1939 ἀπολέσῃ
512 1913 554 1935 τις
574 1905 721 1938 χρήματα,
748 1903 869 1938 μηδόλως

84 1951 285 1985 δυσχερανάτω,
313 1950 382 1977 ἀλλὰ
406 1950 537 1984 γενναίως
564 1950 683 1983 ἐνεγκὼν
702 1950 867 1984 εὐχαριστη-

85 1999 160 2025 σάτω
173 1997 212 2032 τῷ
226 1997 296 2031 Θεῷ,
309 1997 380 2023 κατὰ
390 1997 434 2023 τὸν
453 1996 515 2022 Ἰὼϐ
526 1995 622 2029 είπὼν,
642 1996 671 2022 '0
684 1996 784 2030 Κύριος
799 1995 865 2021 ἐδω-

83 2054 142 2077 κεν,
159 2046 172 2071 ἢ
193 2045 293 2079 Κύριος
315 2044 424 2078 ἀφεῖλε·
440 2043 478 2075 ὡς
498 2044 535 2078 τῷ
554 2044 647 2079 Κυρίῳ
662 2043 761 2076 ἔδοξεν,
779 2042 866 2074 οὕτως

82 2092 131 2117 καὶ
144 2091 268 2124 ἐγένετο·
284 2090 326 2126 εἴη
347 2090 377 2116 τὸ
399 2090 486 2124 ὄνομα
503 2089 605 2124 Κυρίου
620 2089 806 2124 ηὑλογημένον
825 2089 865 2119 είς

81 2138 128 2164 τὸν
142 2137 226 2163 αἰῶνα
234 2146 244 2163 ’.
259 2138 305 2163 καὶ
327 2137 422 2171 κέρδος
439 2137 489 2171 τὴν
505 2136 608 2170 ζημίαν
622 2135 666 2161 διὰ
683 2135 733 2169 τῆς
754 2134 865 2168 εὐχαρι-

81 2183 159 2214 στίας
175 2183 304 2216 ποιήσει’
322 2183 359 2217 μὴ
381 2183 486 2209 εἰπάτω
503 2183 543 2209 ὅτι
565 2182 709 2216 ἄνθρωπος
734 2181 864 2214 ἀφείλατο

81 2228 170 2254 ταῦτα
185 2228 315 2262 ἀδικήσας
326 2236 333 2242 ·
349 2229 396 2254 καὶ
423 2228 482 2259 πῶς
502 2228 652 2262 δυνήσομαι
669 2227 767 2259 εἰπεῖν,
781 2227 795 2252 6
808 2226 866 2253 Κύ-

82 2283 141 2310 ριος
158 2274 300 2309 άφείλετο;
319 2276 366 2300 καὶ
386 2276 400 2301 6
420 2273 479 2301 Ἰὼϐ
493 2275 547 2308 γὰρ
569 2274 587 2300 ἃ.
605 2274 618 2299 ὁ
635 2273 758 2305 διάϐολος
772 2272 862 2306 ἔλαϐε,

78 2319 167 2346 ’ταῦτα
181 2319 283 2354 ἔφησεν
297 2319 338 2346 ὅτι
355 2321 369 2347 6
395 2319 497 2354 Κύριος
515 2319 641 2354 ἀφείλετο
653 2328 660 2335 ·
687 2319 754 2354 μηδὲ
780 2318 863 2345 πάλιν

79 2365 186 2391 εἰπάτω
199 2373 253 2397 τις,
269 2366 310 2392 ὅτι
324 2365 374 2392 οὐκ
395 2365 496 2397 εἰδότος
511 2366 572 2391 οὐδὲ
597 2365 762 2400 βουλομένου
778 2373 830 2399 μου
849 2365 864 2391 6

79 2410 181 2446 λῃστὴς
200 2411 279 2437 ελασε
303 2413 402 2444 ταῦτα,
415 2412 462 2438 καὶ
486 2413 563 2443 ποῖος
589 2412 665 2438 ἔσται
689 2420 734 2446 μοι
753 2410 860 2445 μισθὸς,

80 2456 131 2482 οὐκ
152 2457 221 2490 ἐμῆς
243 2457 354 2492 γνώμης
369 2456 416 2483 τοῦ
442 2457 602 2493 πράγματος
627 2458 718 2489 hinc;
733 2456 794 2483 οὐδὲ
808 2457 863 2491 γὰρ

78 2502 126 2528 τοῦ
146 2502 207 2528 Ἰὼϐ
232 2502 332 2534 εἰδότος
355 2503 414 2529 οὐδὲ
436 2502 597 2538 βουλομένου
621 2503 707 2529 ταῦτα
731 2503 860 2537 ἐγένετο·

77 2547 138 2575 ἀλλ’
150 2548 224 2582 ὅμως
234 2548 284 2574 οὐκ
298 2548 409 2574 ἔλαττον
424 2549 480 2583 ἔχει
492 2549 546 2575 τῶν
560 2549 749 2583 ἐλεημοσύνην
762 2548 861 2575 δόντων

77 2593 181 2623 ἐκεῖνος
198 2594 212 2619 ὁ
230 2592 267 2627 μὴ
283 2592 344 2624 δοὺς
359 2593 419 2619 τότε
432 2601 438 2608 ·
462 2594 664 2628 Παραπλησίως
683 2591 730 2619 οὖν
744 2593 791 2619 καὶ
807 2593 861 2624 πᾶς

76 2647 119 2670 τις
137 2639 215 2670 ἄλλος
229 2639 389 2673 ἀφαιρεθεὶς
412 2639 542 2674 χρήματα,
565 2640 612 2666 καὶ
628 2638 790 2673 ὑπομείνας,
815 2647 861 2665 τοο

78 2684 172 2710 σοῦτον
199 2684 313 2719 λήψεται
338 2684 446 2720 μισθὸν,
470 2686 532 2711 ὅσον
554 2686 588 2712 ἂν
612 2686 636 2712 εἰ
665 2684 738 2712 ἑκὼν
763 2684 860 2720 ἐῤῥιψε

75 2731 176 2764 ταῦτα,
195 2732 219 2757 εἰ
234 2731 302 2766 πρὸς
320 2732 438 2765 πένητας
455 2731 625 2766 δεδαπάνηκε
639 2739 647 2747 ο
660 2732 709 2758 καὶ
724 2732 838 2762 εἰκότως
852 2738 858 2746 ·

75 2775 171 2803 τοῦτον
186 2777 302 2812 καὶγὰρ
326 2777 504 2812 θαυμάζομεν
529 2778 630 2812 μᾶλλον
656 2777 703 2804 τὸν
727 2777 860 2813 ἐπηρείας

77 2821 246 2858 εὐχαρίστως
266 2822 392 2858 φέροντα,
420 2823 437 2859 ἢ
459 2823 504 2849 τὸν
526 2824 622 2850 ἑκόντα
640 2823 746 2851 διδόντα
759 2831 766 2840 ’
784 2823 810 2849 τί
827 2823 858 2858 δή

960 1902 1002 1929 15.
1024 1902 1052 1929 Si
1068 1902 1148 1937 igitur
1160 1904 1221 1937 quis
1235 1903 1302 1934 bona
1315 1903 1435 1932 amiserit
1453 1912 1621 1940 nequaquam
1635 1915 1707 1942 aegre

920 1949 999 1980 ferat,
1017 1949 1062 1975 sed
1079 1956 1208 1984 generose
1222 1949 1311 1986 ferens
1334 1949 1387 1977 Deo
1401 1951 1502 1985 gratias
1522 1959 1593 1986 agat,
1606 1953 1643 1980 uti
1655 1954 1705 1982 Job

920 1993 1033 2025 dicens;
1051 1988 1178 2020 Dominus
1201 1992 1286 2024 dedit,
1305 1994 1433 2022 Dominus
1455 1996 1584 2030 absmlit;
1606 2003 1634 2025 ut
1654 1999 1705 2026 Do-

919 2040 993 2065 ntitto
1007 2038 1118 2073 placuit.
1138 2039 1237 2066 factum
1253 2045 1293 2067 est
1310 2049 1317 2072 ;
1335 2041 1370 2068 sit
1385 2049 1481 2069 nomen
1503 2042 1607 2071 Domini
1622 2044 1704 2072 bene-

918 2085 1019 2112 dictum
1044 2085 1069 2112 in
1098 2090 1239 2113 mternum.
1264 2087 1350 2121 Atque
1373 2087 1474 2114 luerunt
1504 2089 1630 2118 damnum
1655 2100 1705 2125 per

917 2132 1066 2165 gratiarum
1084 2132 1216 2159 actiouent
1244 2132 1350 2160 efﬁciet.
1373 2132 1412 2160 Ne
1433 2134 1504 2161 dicat
1529 2135 1581 2162 sibi
1603 2136 1702 2171 injuste

881 2169 902 2196 Ῐ)
918 2179 951 2205 ab
966 2178 1074 2205 ltoutine
1091 2178 1147 2205 haec
1164 2183 1240 2212 rapta
1264 2179 1347 2206 fuisse
1361 2188 1368 2212 ;
1387 2188 1446 2206 nam
1465 2183 1598 2216 quomodo
1611 2169 1702 2211 dicere

917 2224 1017 2259 possim
1031 2231 1038 2249 :
1054 2224 1183 2251 Dominus
1201 2225 1330 2252 abstulit?
1341 2224 1391 2253 Job
1408 2227 1480 2254 enim
1495 2235 1556 2262 qua:
1578 2229 1702 2258 diabolus

916 2271 1015 2305 rapuit,
1034 2270 1092 2297 haec
1112 2270 1180 2297 dixit
1208 2279 1222 2297 a
1246 2271 1360 2299 Domino
1386 2273 1484 2301 ablata.
1500 2273 1592 2309 Neque
1607 2284 1702 2305 rursus

915 2317 988 2344 dicat
1001 2317 1062 2352 quis
1082 2325 1089 2344 :
1109 2316 1201 2351 Neque
1224 2317 1325 2346 sciente
1342 2326 1428 2352 neque
1450 2320 1555 2347 volente
1567 2329 1609 2348 nte
1632 2322 1700 2349 latro

913 2363 972 2390 lucc
982 2364 1068 2398 cepit;
1083 2368 1109 2390 et
1125 2364 1212 2397 qualis
1227 2364 1279 2391 erit
1296 2364 1360 2392 mihi
1377 2365 1537 2399 stipendium
1553 2367 1574 2393 si
1595 2367 1645 2394 hoc
1657 2376 1700 2397 me

914 2411 999 2437 inscio
1027 2411 1092 2437 ﬁat?
1107 2410 1164 2438 Non
1194 2411 1265 2438 enim
1295 2412 1397 2438 sciente
1420 2411 1470 2438 Job
1482 2419 1567 2446 neque
1591 2413 1699 2441 volente

915 2457 971 2483 ltrcc
986 2456 1057 2483 facta
1084 2461 1163 2488 sunt;
1191 2461 1308 2483 attamen
1338 2464 1390 2483 tton
1418 2457 1529 2484 inferior
1543 2459 1637 2485 estltis
1651 2461 1696 2494 qtti

913 2502 1108 2536 eleeutosynam
1122 2501 1223 2528 faciunt
1236 2503 1292 2536 ipse
1304 2502 1370 2529 nihil
1383 2504 1461 2529 dans.
1478 2503 1608 2531 Similiter
1617 2505 1699 2540 igitur

912 2547 1001 2582 quivis
1024 2547 1094 2574 alius
1120 2547 1198 2574 bonis
1222 2548 1343 2582 privatus
1366 2555 1392 2575 et
1409 2549 1515 2582 patiens
1534 2551 1697 2579 tantumsti-

913 2593 1038 2628 pendium
1051 2593 1305 2628 accipictquautum
1320 2593 1341 2620 si
1362 2594 1418 2621 ltmc
1434 2594 1549 2622 libenter
1562 2596 1695 2629 eiecisset,

911 2641 932 2667 si
963 2639 1124 2674 pauperibus
1149 2644 1288 2673 erogassct
1311 2644 1366 2672 ;et
1396 2640 1500 2668 merito.
1528 2641 1595 2668 Eunt
1622 2642 1696 2670 ettitn

912 2685 996 2719 magis
1013 2685 1144 2711 mirantur
1159 2684 1203 2718 qui
1216 2684 1393 2718 privationem
1409 2685 1485 2712 lactus
1498 2685 1600 2718 suli‘ert,
1613 2694 1693 2721 quam

910 2738 970 2757 cum
987 2730 1031 2764 qui
1052 2730 1097 2757 dat
1107 2729 1231 2757 libenter.
1248 2729 1302 2758 Cur
1314 2729 1417 2764 igitur?
1430 2730 1496 2764 Quia
1511 2731 1556 2758 ille
1570 2731 1693 2759 laudibus

910 2777 1044 2804 cnutritur
1072 2776 1244 2803 conscientia:
1270 2781 1297 2804 et
1319 2776 1415 2804 bonam
1441 2784 1514 2810 spent
1543 2778 1622 2804 liabet
1642 2785 1649 2804 :
1666 2782 1693 2804 et

912 2825 986 2859 prius
1004 2831 1133 2859 generoso
1155 2823 1256 2855 ferens,
1279 2824 1408 2851 bonorqu
1432 2823 1608 2858 privationem
1628 2827 1694 2851 tunc
