1916 3068
206 140 257 173 959

751 136 955 168 THEODORI
975 136 1254 168 MELITENIOT/E

1784 139 1840 172 960

206 199 253 228 sed
270 198 336 234 quia
350 197 424 235 regis
440 202 506 227 sunt
528 197 679 234 imagines:
697 197 738 226 sic
753 202 782 225 et
805 198 852 225 ille
878 196 990 232 sanguis

1054 204 1098 229 νες,
1113 197 1185 223 οὕτω
1207 196 1240 230 δὴ
1262 195 1310 223 καὶ
1324 194 1354 223 τδ
1369 193 1441 231 αἷμα
1461 196 1550 225 ὲκεῐνο
1564 197 1595 224 τὺ
1609 197 1777 234 ἀναίσθητον
1792 202 1840 227 καὶ

207 245 347 273 insensilis
363 250 391 272 et
404 245 534 272 inanimis
559 244 696 272 animatos
714 244 828 273 salvavit
851 244 990 275 homines,

206 298 264 319 non
277 290 341 326 quia
359 291 470 326 sanguis
483 294 552 322 erat,
565 290 614 319 sed
625 290 688 325 quia
701 289 835 318 Dominici
849 289 991 324 sanguinis

207 337 303 372 ﬁgura.
328 337 387 366 Jam
412 337 434 364 si
453 337 527 364 illius
555 336 640 371 ﬁgura
668 341 771 364 tantam
801 336 857 363 vim
882 335 991 368 habuit,

207 384 294 411 multo
310 384 442 418 majorem
465 384 577 412 veritas.
603 383 631 410 Si
655 384 768 418 angelus
791 383 881 411 visum
898 383 993 418 figura:

207 429 370 464 sanguinem
396 430 534 457 reveritus
556 434 608 463 est,
638 430 724 457 multo
742 430 827 465 magis
855 429 992 462 diabolus,

207 476 386 507 veritatis,id
413 481 456 503 est
480 475 582 504 Christi
608 477 771 511 sanguinem
797 476 906 507 videns,
938 484 992 503 non

208 521 300 555 ianuis
327 521 493 556 inspersum.
522 523 569 549 sed
595 522 637 549 ori
663 522 798 554 ﬁdelium,
824 522 926 557 januis,
953 522 994 548 in-

208 567 432 600 quamvanimati
452 568 547 602 templi
563 567 623 600 Dei,
641 567 727 603 fugiet
740 569 875 604 longeque
890 576 919 596 se
931 568 996 596 sub-

208 613 301 640 ducet.

246 660 290 687 l2.
310 660 360 688 Hic
370 661 435 688 novi
448 661 574 689 sacriﬁcii
592 662 704 696 sanguis
714 662 820 690 effusus
835 663 995 690 universum

208 706 342 734 mundum
370 707 468 735 abluit.
491 708 608 743 Sanguis
630 708 677 736 hic
700 709 726 736 in
753 708 850 744 ﬁgura,
867 709 950 743 adyta
968 714 997 737 et

209 751 310 779 Sancta
333 755 491 779 sanctorum
517 752 700 786 puriﬁcabat:
719 754 830 788 sanguis
852 754 898 781 hic
919 754 947 781 in
966 755 998 781 ﬁ-

209 805 277 833 gura
290 798 375 826 altare
392 806 508 826 aureum
534 799 744 827 sanctiﬁcabat:
766 800 870 835 absque
888 801 943 828 hoc
967 801 995 828 in

210 843 347 878 legalibus
361 843 477 878 ﬁgurato
499 844 645 874 sacrificiis
671 853 725 872 non
741 846 861 873 audebat
875 846 996 881 pontifex

211 888 240 916 in
259 888 340 924 adyta
364 889 491 924 ingredi:
505 891 616 925 sanguis
631 891 675 918 hic
691 891 717 918 in
733 891 818 927 ﬁgura
840 893 997 921 sacerdotes

212 936 360 964 ordinabat
381 945 388 964 :
412 937 457 964 hic
473 938 501 965 in
528 937 613 972 ﬁgura
631 942 742 972 peccata
759 939 903 974 purgabat.
919 940 996 972 Quod

213 982 236 1009 si
252 982 276 1010 is
291 982 318 1009 in
333 982 419 1017 ﬁgura
437 983 518 1010 talem
536 989 695 1018 tantamque
707 985 764 1012 vim
780 985 877 1013 habuit
895 990 949 1012 tum
970 986 997 1014 in

214 1028 315 1062 templo
334 1028 525 1063 Hebrzeerum,
541 1036 598 1058 tum
621 1031 702 1058 etiam
725 1031 753 1058 in
770 1032 860 1059 media
881 1031 998 1068 Egypto

213 1074 342 1109 postibus
356 1075 510 1110 inspersus,
525 1081 612 1104 multo
635 1077 722 1113 magis
736 1085 880 1113 postquam
897 1078 998 1106 veritas

213 1120 301 1152 venit.
323 1121 420 1148 umbra
443 1122 633 1156 prmterlapsa.
654 1123 683 1150 Si
706 1123 830 1150 umbram
856 1128 999 1156 tantopere

214 1173 291 1193 mors
309 1167 465 1200 exhorruit,
490 1168 646 1201 veritatem,
670 1176 731 1200 oro,
754 1169 821 1204 quid
841 1171 868 1196 ni
885 1170 1000 1197 extime-

216 1212 294 1239 scat?
312 1213 361 1241 Hic
374 1218 416 1241 est
429 1214 582 1241 animarum
598 1220 753 1243 nostrarum
769 1215 863 1243 salus:
886 1215 938 1243 hoc
952 1216 1001 1243 de-

213 1259 334 1287 lectatur
349 1260 452 1291 anima,
465 1260 517 1287 hoc
530 1266 656 1293 ornatur,
672 1262 723 1289 hoc
738 1261 924 1289 inﬂammatur
936 1271 944 1290 :
956 1263 1000 1290 hic

164 1314 166 1316 '
213 1305 276 1338 igne
291 1305 509 1340 splendidiorem
532 1312 651 1336 mentem
669 1312 792 1334 nostram
811 1307 901 1335 reddit
917 1318 924 1335 :
955 1308 1001 1336 hic

215 1359 285 1379 auro
302 1351 476 1387 fulgitliurem
493 1357 615 1380 nostram
637 1353 755 1380 animam
773 1354 837 1382 facit
855 1363 862 1381 :
888 1355 1001 1389 sanguis

216 1396 263 1424 hic
277 1397 425 1432 imaginem
440 1398 520 1425 nobis
535 1398 659 1426 floridam
673 1403 802 1433 operatur
817 1404 844 1426 et
861 1400 979 1434 regalem
992 1409 999 1426 :

217 1444 263 1472 hic
279 1445 456 1479 pulchritudo
482 1445 682 1472 inaestimabilis
701 1451 741 1473 est
756 1454 763 1472 :
779 1445 824 1473 hic
835 1445 1001 1474 ﬁaccescere

215 1493 316 1521 animas
337 1494 507 1521 nobilitatem
526 1502 580 1520 non
602 1493 679 1526 sinit,
697 1494 813 1529 irrigans
829 1503 888 1522 eam
912 1494 1002 1522 conti-

1044 243 1147 278 ἄψυχον
1162 244 1226 275 τοὺς
1238 243 1329 279 ψυχὴν
1354 243 1468 279 ἔχοντας
1485 243 1648 279 ἀνθρώπους
1660 245 1774 276 Eamne.
1790 248 1839 273 οὐκ

1044 289 1139 324 ἐπειδὴ
1152 288 1222 324 αἷμα
1236 287 1280 325 ἦν,
1296 289 1354 316 ἀλλ’
1370 290 1466 325 ἐπειδὴ
1481 290 1529 317 τοῦ
1544 290 1661 325 αἵματος
1675 291 1722 318 τοῦ
1741 292 1839 318 δεσπο-

1043 334 1122 362 τικοῦ
1139 335 1225 367 τύπος
1247 333 1293 370 ἦν.
1323 335 1354 362 Εἰ
1384 336 1413 364 δὲ
1438 336 1453 364 6.
1481 336 1568 369 τύπος
1588 337 1672 363 αὑτοῦ
1696 338 1837 368 τοσαύτην

1045 380 1125 416 ἔσχεν
1138 382 1224 416 ἰσχὺν,
1238 382 1330 416 πολλῷ
1345 383 1447 416 μᾶλλον
1461 383 1478 417 ἡ
1488 382 1602 418 ἀλήθεια
1618 382 1656 418 (1)
1668 390 1676 398 ·
1692 383 1739 410 elo
1750 384 1838 417 ἅγγε-

1044 429 1089 460 λος
1105 428 1166 455 ἰδὼν
1180 428 1210 455 τὸ
1225 426 1296 464 αἷμα
1311 429 1360 456 τοῦ
1375 430 1461 457 τύπου
1474 430 1586 465 ᾐδέσθη,
1599 429 1691 464 πολλῷ
1710 430 1838 464 μᾶλλονέ

1045 474 1169 506 διάϐολος
1183 473 1245 500 ίδὼν
1259 474 1289 500 τὸ
1301 472 1370 508 αἷμα
1383 475 1433 508 τῆς
1448 475 1580 510 ἀληθείας
1598 475 1630 501 τδ
1644 475 1692 502 τοῦ
1706 474 1840 508 Χριστοῦ,

1045 520 1106 554 οὐχὶ
1124 520 1222 555 θύραις
1248 520 1489 555 ἐπικεχρισμὲνον,
1510 520 1577 547 ἀλλὰ
1592 520 1632 554 τῷ
1652 521 1770 556 στόματι
1784 521 1841 547 τῶν

1047 566 1167 597 πιστῶν,
1185 567 1246 597 ταῖς
1272 564 1368 600 θύραις
1385 565 1457 598 λέγω
1479 565 1528 592 τοῦ
1553 566 1678 601 ἐμψύχου
1699 566 1765 592 ναοῦ
1791 565 1840 591 τοῦ

1046 610 1127 643 Θεοῦ,
1141 610 1272 645 φεύξεται
1293 611 1341 638 καὶ
1360 611 1469 646 μακράν
1490 620 1541 638 που
1560 613 1719 648 γενήσεται.

1085 657 1130 691 ιβ’.
1146 657 1232 684 Τοῦτο
1246 657 1277 683 τὸ
1292 657 1343 691 τῆς
1356 658 1453 691 καινῆς
1471 658 1566 689 Θυσίας
1580 657 1649 692 αἷμα
1661 658 1775 692 ἐκχυθὲν
1788 657 1842 683 πᾶ·

1048 711 1098 729 σαν
1110 702 1158 738 τὴν
1169 703 1335 737 οἰκουμένην
1351 702 1482 735 ἐξέπλυνε
1494 709 1502 717 ·
1517 702 1595 729 τοῦτο
1613 703 1644 728 τὸ
1659 700 1730 735 αἷμα
1744 703 1773 727 ἐν
1785 703 1842 732 τοῖς

1047 748 1144 779 τύποις
1165 749 1199 775 τὰ
1217 749 1303 775 ἄδυτα
1320 749 1367 776 καὶ
1380 749 1414 775 τὰ.
1431 750 1516 782 Ἀγια
1526 749 1582 775 τῶν
1599 747 1684 782 ἁγίων
1699 748 1840 781 ἐκάθηρε·

1048 795 1129 822 τοῦτο
1143 795 1173 822 τὸ
1189 793 1259 831 αἷμα
1275 795 1303 822 ἐν
1318 797 1376 827 τοῖς
1395 795 1492 826 τύποις
1509 795 1540 822 τὸ
1555 795 1673 830 χρυσοῦν
1689 794 1842 828 θυσιαστὴ-

1051 849 1108 875 ριον
1122 841 1221 876 ἠγίασε
1235 849 1241 856 ·
1258 841 1356 868 τούτου
1372 841 1461 876 χωρὶς
1476 842 1504 867 ὲν
1520 842 1582 871 ταῖς
1595 841 1724 875 νομικαῖς
1735 848 1842 866 τυπου-

1051 888 1133 922 μένου
1148 887 1257 918 θυσίαις
1283 888 1333 914 οὐκ
1347 887 1448 922 ἐτόλμα
1464 888 1478 913 ὁ
1490 887 1638 922 ἀρχιερεὺς
1653 887 1693 918 είς
1707 887 1742 912 τὰ
1754 886 1844 913 ἄδυτα

1048 932 1162 958 εἰσιέναι
1175 941 1182 947 ·
1198 932 1278 958 τοῦτο
1301 933 1332 958 τὸ
1346 923 1416 966 αἷμα
1431 933 1460 958 ὲν
1475 933 1531 962 τοῖς
1550 931 1646 962 τύποις
1660 931 1753 965 ἱερέας
1769 931 1843 965 εχει-

1050 978 1171 1013 ροτόνει·
1184 978 1264 1005 τοῦτο
1283 978 1421 1013 ἐκάθηρεν
1441 977 1580 1013 ἁμαρτίας
1602 978 1631 1004 ἐν
1654 979 1710 1009 τοῖς
1732 977 1841 1007 τύποις.

1049 1024 1081 1051 Εἰ
1092 1019 1122 1050 δὲ
1137 1024 1166 1050 ἂν
1185 1024 1241 1054 τοῖς
1254 1024 1350 1055 τύποις
1365 1024 1501 1058 τοσαύτην
1516 1024 1596 1057 ἔσχεν
1619 1023 1697 1056 ίσχὺν
1712 1022 1740 1048 ἐν
1754 1031 1785 1048 τε
1802 1023 1842 1056 τῷ

1049 1070 1107 1105 ναῷ
1135 1070 1190 1096 τῶν
1209 1069 1399 1105 Ἐϐραίων,εν
1430 1079 1460 1096 τε
1483 1069 1614 1103 Αἰγύπτῳ
1641 1069 1713 1103 μέσῃ
1738 1069 1784 1095 ὅτε
1814 1070 1843 1095 σι

1050 1116 1127 1150 φλιαὶ
1146 1115 1280 1150 ἐχρίοντο,
1299 1115 1390 1151 πολλῷ
1407 1115 1509 1149 μᾶλλον
1526 1116 1570 1142 ὅτε
1582 1112 1686 1150 ἧλθενὴ
1711 1114 1839 1148 ἀλήθεια,

1049 1162 1099 1196 τῆς
1127 1162 1206 1193 σκιᾶς
1235 1161 1484 1196 παραδραμούσης.
1510 1161 1541 1187 Εἰ
1566 1160 1616 1194 τὴν
1635 1161 1714 1187 σκιὰν
1729 1159 1817 1190 οὕτως
1832 1161 1846 1186 ὁ

1051 1208 1165 1239 θάνατος
1187 1207 1293 1242 ἔφριξε.
1310 1207 1359 1242 τὴν
1377 1207 1509 1242 ἀλήθειαν
1528 1206 1624 1241 αὐτὴν,
1637 1206 1699 1233 εἰπέ
1714 1214 1770 1240 μοι,
1785 1205 1847 1235 πῶς

1050 1255 1101 1281 οὐκ
1124 1254 1157 1281 ἂν
1181 1253 1322 1288 meson;
1341 1253 1427 1280 Τοῦτο
1442 1253 1459 1289 ἡ
1476 1253 1599 1288 σωτηρία
1621 1252 1674 1279 τῶν
1699 1251 1846 1287 ἡμετέρων

1050 1298 1162 1334 ψυχῶν·
1177 1298 1265 1334 τούτῳ
1279 1299 1374 1333 ἣδεται
1386 1299 1402 1333 ὴ
1419 1298 1491 1333 ψυχή
1502 1307 1507 1314 ·
1520 1298 1608 1333 τούτῳ
1623 1297 1843 1328 καλλωπίζεται.

1050 1345 1139 1380 τούτῳ
1161 1343 1313 1380 πυροῦται·
1332 1343 1412 1371 τοῦτο
1429 1345 1516 1379 πυρδς
1540 1344 1731 1379 λαμπρότερον
1761 1343 1845 1378 ἐργά-

1052 1391 1127 1422 ζεται
1139 1391 1185 1417 τὸν
1197 1391 1258 1417 νοῦν
1273 1390 1320 1417 τὸν
1333 1390 1472 1426 ἡμέτερον
1484 1398 1492 1406 ·
1508 1391 1588 1416 τοῦτο
1608 1390 1721 1425 χρυσίου
1735 1389 1845 1424 φαιδροα

1051 1437 1134 1472 τέραν
1158 1437 1206 1472 τὴν
1231 1436 1322 1472 ψυχὴν
1350 1438 1438 1463 ποιεῖ·
1455 1436 1536 1462 τοῦτο
1551 1435 1582 1462 τὸ
1599 1433 1669 1470 αἷμα
1685 1436 1736 1470 τὴν
1751 1435 1844 1462 εἰκόνα

1052 1483 1118 1517 ἡμῖν
1133 1483 1256 1518 ἀνθηρὰν
1271 1482 1418 1517 ἐργάζεται
1438 1482 1486 1518 τὴν
1505 1482 1649 1518 βασιλικήν
1660 1490 1668 1498 ο
1683 1482 1766 1508 τοῦτο
1780 1482 1846 1509 κάλ-

215 1547 270 1566 nuo
282 1543 310 1566 et
329 1539 486 1566 enutriens.
502 1539 569 1566 Nam
589 1539 703 1573 sanguis
718 1540 762 1566 ille
775 1540 822 1574 qui
840 1548 854 1568 a
869 1540 938 1568 cibis
951 1549 1000 1568 no-

1054 1526 1098 1558 λος
1125 1527 1285 1562 ἀμήχανον·
1310 1527 1391 1553 τοῦτο
1416 1527 1650 1563 ὰπομαρανθῆναι
1677 1527 1726 1561 τῆς
1754 1526 1846 1562 ψυχῆς

215 1583 259 1610 bis
275 1589 395 1616 creatur,
413 1585 485 1611 haud
497 1585 570 1611 illico
584 1584 712 1616 ellicilur,
722 1587 770 1612 sed
783 1585 856 1612 aliud
868 1585 1000 1620 quiddam

215 1635 299 1657 antea
318 1630 357 1658 ﬁt.
376 1630 436 1657 Non
455 1630 492 1657 ila
511 1635 600 1658 tamen
627 1631 683 1662 hic,
698 1631 745 1658 sed
764 1632 883 1658 animam
909 1632 1002 1659 statim

217 1677 324 1712 irrigat,
341 1681 369 1704 et
383 1685 510 1713 magnam
527 1677 674 1712 quamdam
691 1677 746 1704 vim
761 1677 868 1705 inserit.
886 1678 1004 1713 Sanguis

217 1723 263 1752 hic
282 1724 326 1751 vix
347 1723 452 1752 elusus
476 1723 577 1752 cadum
604 1723 738 1757 gradibile
754 1724 828 1752 fecit.
849 1724 1004 1753 Tremenda

218 1777 284 1798 vere
301 1775 365 1797 sunt
384 1770 516 1799 Ecclesia:
530 1769 633 1798 Christi
657 1770 806 1806 mysteria!
831 1771 1003 1799 tremendum

216 1824 283 1845 vere
296 1817 382 1845 altare
398 1817 454 1846 esu

255 1935 300 1963 15.
312 1936 486 1964 Ascenilebat
497 1936 531 1964 de
548 1937 676 1972 paradiso
692 1939 763 1970 fons.
782 1940 935 1968 materialia
953 1940 1005 1968 ﬂu—

220 1981 296 2011 mina
321 1986 452 2010 erm-tans
469 1991 476 2010 :
494 1990 527 2010 ex
551 1981 604 2010 hac.
628 1991 705 2011 sacra
723 1992 816 2013 mensa
844 1985 906 2013 fons
931 1986 1005 2016 salit,

220 2029 353 2062 apiritalia
377 2028 490 2056 ﬁumina
515 2031 653 2058 emittens.
673 2031 752 2059 Circa
780 2031 905 2059 divinum
931 2032 1006 2059 hunc

220 2074 323 2102 fontem
339 2074 409 2101 haud
422 2074 521 2102 salices
535 2075 713 2103 infructuosa
728 2078 855 2111 plantatze
868 2082 943 2110 sunt,
957 2078 1005 2106 sed

219 2121 334 2148 arbores
349 2120 381 2147 ad
397 2128 484 2155 usque
496 2122 597 2149 ctelum
610 2130 671 2150 sese
682 2123 852 2155 attollentes,
865 2125 1007 2159 tempesti-

219 2175 285 2194 vum
301 2167 424 2194 fructum
437 2168 576 2196 habentes
590 2176 698 2204 Semper
714 2174 742 2197 et
757 2170 1005 2206 incorruptibilem.

1053 1573 1103 1606 τὴν
1113 1573 1254 1607 εὐγένειαν
1265 1573 1316 1600 οὐκ
1329 1573 1454 1607 ἀφίησιν,
1467 1573 1549 1608 ᾶρδον
1567 1573 1653 1608 αὐτὴν
1664 1573 1788 1607 συνεχῶς
1801 1575 1848 1600 καὶ

1054 1620 1171 1654 τρέφον·
1184 1620 1214 1646 τὸ
1231 1619 1280 1653 μὶν
1297 1619 1350 1654 γὰρ
1373 1619 1428 1645 ἀπὸ
1443 1619 1497 1645 τῶν
1521 1619 1615 1646 σιτίων
1633 1620 1700 1654 ἡμῖν
1717 1617 1792 1654 αἷμα
1806 1628 1848 1654 Tt-

1054 1666 1178 1701 νόμενον,
1189 1666 1240 1692 οὐκ
1264 1665 1367 1697 εὐθέως
1389 1665 1469 1692 τοῦτο
1483 1665 1602 1698 γίνεται,
1620 1665 1677 1693 ἀλλ’
1691 1666 1789 1701 ἕτερόν
1802 1675 1827 1693 τι
1839 1675 1847 1683 ο

1054 1710 1133 1739 τοῦτο
1146 1712 1174 1738 δὲ
1189 1712 1239 1747 οὐχ
1254 1711 1352 1744 οὕτως,
1371 1711 1430 1738 ἀλλ’
1449 1712 1553 1744 εὐθέως
1580 1714 1629 1747 τὴν
1651 1713 1741 1748 ψυχὴν
1757 1713 1846 1748 ἄρδει,

1055 1759 1102 1786 καὶ
1115 1758 1237 1792 μεγάλην
1253 1758 1315 1785 τινὰ
1340 1757 1457 1793 δύναμιν
1481 1759 1602 1793 ἐμποιεῖ.
1618 1758 1705 1785 Τοῦτο
1728 1759 1844 1795 ἐξεχύθη

1055 1805 1086 1832 τὸ
1103 1803 1184 1839 αἷμα,
1197 1805 1243 1831 καὶ
1257 1804 1304 1831 τὸν
1317 1805 1433 1840 οὐρανὸν
1445 1805 1559 1840 εποίησε
1576 1805 1668 1840 βατόν.
1685 1806 1795 1840 Φρικτὰ
1805 1807 1846 1833 ὃν·

1055 1859 1108 1882 τως
1124 1851 1159 1878 τὰ
1175 1851 1314 1886 μυστήρια
1332 1851 1383 1885 τῆς
1402 1846 1566 1886 Ἐκκλησίας
1582 1851 1714 1887 Χριστοῦσ
1733 1854 1847 1888 φρικτὸν

1055 1898 1140 1928 ὅντως
1156 1898 1187 1924 τὸ
1202 1897 1408 1933 θυσιαστήριον.

1094 1945 1139 1976 ιγ’.
1168 1942 1325 1969 Ἀνέὸαινεν
1350 1944 1384 1970 ἐκ
1408 1942 1455 1969 τοῦ
1479 1943 1646 1978 παραδείσου
1666 1945 1745 1980 πηγὴ
1763 1954 1846 1973 ποτα-

1059 1988 1125 2023 μοὺς
1137 1988 1286 2023 αἰσθητοὺς
1298 1988 1411 2022 ἀφιεῖσα
1423 1996 1429 2003 ·
1442 1989 1496 2015 ἀπὸ
1515 1990 1564 2024 τῆς
1577 1990 1652 2024 Ιερᾶς
1668 1990 1772 2024 ταύτης
1786 2000 1847 2025 τρα-

1057 2034 1143 2069 πέζης
1154 2034 1242 2062 ἄνεισι
1257 2034 1334 2069 πηγὴ
1351 2034 1492 2067 ποταμοὺς
1505 2035 1618 2069 ἀφιεῖσα
1631 2037 1846 2070 πνευματικοὺς·

1058 2082 1133 2116 παρὰ
1149 2081 1251 2115 ταύτην
1276 2081 1326 2115 τὴν
1343 2080 1420 2107 Θείαν
1437 2081 1529 2118 πηγὴν
1552 2083 1755 2117 πεφυτευμέναι
1779 2084 1847 2109 εἰσὶν

1057 2129 1107 2154 οὐκ
1117 2127 1189 2153 ἰτέαι
1201 2127 1331 2160 ἄκαρποι,
1344 2126 1414 2153 ἀλλὰ
1425 2127 1521 2162 δένδρα
1536 2127 1602 2163 πρὸς
1616 2128 1698 2155 αὑτὸν
1711 2129 1847 2164 φθάνοντα

1058 2172 1104 2199 τὸν
1121 2171 1246 2206 οὐρανὸν,
1260 2172 1366 2207 καρπὸν
1382 2171 1481 2207 ἔχοντα
1507 2172 1612 2207 ὦριμον
1637 2174 1683 2200 ἀεὶ
1706 2174 1756 2201 καὶ
1777 2176 1847 2210 ἁμά-

220 2214 248 2242 Si
266 2215 328 2249 quis
346 2220 454 2248 aestuat,
472 2218 505 2243 ad
522 2217 595 2244 hunc
609 2217 712 2245 fontem
726 2218 828 2251 veniat,
845 2223 873 2246 et
884 2219 1000 2246 calorem

1058 2225 1166 2253 ραντον.
1182 2216 1216 2243 Εἴ
1232 2225 1275 2248 τις
1297 2217 1458 2249 καυσοῦται,
1477 2219 1554 2251 παρὰ.
1570 2218 1672 2254 ταύτην
1689 2220 1783 2255 ἡκέτω
1798 2221 1847 2255 τὴν

220 2259 393 2295 refrigeret:
423 2261 495 2288 levat
515 2262 589 2289 enim
618 2263 805 2295 austuationes,
833 2268 861 2290 et
890 2264 1004 2291 ardores

217 2315 314 2336 omnes
333 2312 480 2342 temperat,
506 2317 560 2336 non
587 2317 634 2337 eos
658 2310 740 2344 quia
759 2309 828 2342 sole.
844 2310 891 2337 sed
915 2311 961 2344 qui
988 2319 1004 2338 a

218 2355 319 2383 diaboli
340 2355 402 2383 telis
427 2355 515 2390 igneis
536 2364 543 2383 :
572 2363 691 2389 namque
708 2355 842 2390 originem
858 2355 1003 2384 desursum

217 2403 312 2435 habet,
329 2407 358 2430 et
382 2403 445 2429 inde
464 2402 596 2434 radicem,
613 2401 685 2429 unde
709 2406 737 2429 et
753 2402 894 2437 irrigatur.
912 2402 1005 2430 Multi-

219 2458 274 2486 que
289 2455 353 2477 sunt
369 2450 452 2484 hujus
467 2448 553 2476 fontis
567 2448 660 2479 rivuli.
674 2456 743 2483 quos
760 2449 862 2476 emittit
877 2448 1004 2476 Paracle-

221 2502 285 2525 tus:
302 2502 330 2524 et
342 2496 478 2523 mediator
494 2495 580 2522 Filius
597 2500 649 2526 est,
675 2495 748 2522 haud
770 2495 889 2530 ligonem
908 2501 1005 2523 tenens

219 2543 348 2578 viamque
363 2544 502 2573 muniens,
512 2541 560 2569 sed
572 2541 700 2568 affectum
717 2547 841 2570 nostrum
856 2543 1003 2570 suscitans.

221 2590 272 2616 Hic
291 2594 333 2617 est
349 2588 580 2616 honoratissimus
600 2588 674 2619 fons.
691 2588 772 2618 lucis.
793 2589 917 2622 inquam,
932 2588 1006 2620 fons.

219 2635 345 2663 veritatis
371 2635 462 2663 radios
477 2635 626 2669 ejaculans.
647 2633 839 2662 Venerabilem
859 2635 931 2662 hunc
947 2635 1007 2661 fon-

221 2687 276 2710 tem
292 2689 423 2717 superna:
439 2689 549 2716 quoque
568 2681 685 2708 virtutes
707 2680 926 2711 circumsistunt.
943 2681 1004 2716 pul-

219 2729 405 2756 chritudinem
434 2728 600 2755 ﬂuentorum
628 2728 689 2762 ejus
715 2727 860 2754 mirantes.
887 2727 947 2754 Non
977 2732 1006 2754 et

223 2775 325 2802 clarius
368 2783 451 2810 quam
488 2782 540 2802 nos
574 2774 666 2801 vident
698 2775 760 2809 killa:
802 2774 1006 2809 propositorum

1055 2263 1159 2298 πηγὴν,
1172 2263 1218 2290 καὶ
1234 2263 1416 2299 καταψυχέτω
1435 2265 1482 2292 τὸν
1497 2267 1618 2292 καύσονα
1629 2274 1635 2280 “
1655 2267 1701 2292 καὶ
1713 2266 1767 2301 γὰρ
1779 2268 1846 2302 αὖχ-

1057 2311 1124 2345 μοὺς
1143 2310 1213 2341 λύει,
1226 2310 1274 2336 καὶ
1297 2311 1330 2337 τὰ
1345 2310 1443 2346 διακαῆ
1470 2312 1562 2340 πάντα
1578 2312 1795 2347 παραμυθεῖται,
1814 2313 1845 2339 οὗ

1055 2357 1090 2383 τὰ
1105 2358 1134 2389 ἐξ
1150 2357 1237 2392 ἡλίου,
1252 2357 1320 2384 ἀλλὰ
1337 2357 1371 2384 τὰ
1387 2357 1440 2383 ἀπὸ
1466 2358 1520 2384 τῶν
1545 2358 1591 2384 τοῦ
1617 2359 1741 2386 διαϐόλου
1760 2359 1845 2394 βελῶν

1056 2404 1110 2430 τῶν
1125 2404 1336 2438 πεπυρωμένων
1348 2411 1354 2418 ·
1367 2404 1415 2430 καὶ
1427 2404 1482 2439 γὰρ
1494 2405 1545 2438 τὴν
1558 2405 1645 2440 ἀρχὴν
1659 2406 1764 2432 ἄνωθεν
1775 2406 1843 2441 ἔχει,

1056 2451 1104 2477 καὶ
1114 2451 1163 2485 τὴν
1176 2450 1253 2485 ῥίζαν
1267 2450 1382 2482 ἐκεῖθεν,
1397 2450 1458 2477 ὅθεν
1474 2452 1520 2477 καὶ
1532 2451 1653 2485 ἄρδεται.
1675 2453 1770 2478 Πολλοὶ
1781 2453 1845 2480 ταύ-

1054 2505 1105 2531 της
1125 2498 1174 2531 τῆς
1197 2497 1291 2530 πηγῆς
1306 2497 1331 2522 οί
1349 2496 1462 2531 ρύακες,
1477 2497 1524 2528 οὒς
1538 2498 1651 2531 ἀφίησιν
1667 2499 1681 2524 ὁ
1699 2499 1845 2534 Παράκλη-

1055 2549 1117 2572 τος·
1136 2542 1183 2568 καὶ
1202 2542 1316 2578 μεσίτης
1331 2543 1345 2568 ὁ
1361 2542 1425 2574 Υἱὸς
1443 2543 1561 2576 γίνεται,
1575 2544 1605 2569 οὑ
1631 2543 1758 2570 δίκελλαν
1775 2545 1844 2579 ἒχων

1056 2588 1198 2618 ὁδοποιῶν,
1215 2587 1284 2614 ἀλλὰ
1295 2586 1344 2622 τὴν
1360 2588 1482 2614 διάθεσιν
1493 2588 1609 2622 ἀνοίγων
1623 2589 1674 2623 τὴν
1686 2589 1753 2624 παρ’
1765 2590 1841 2625 ἡμῖν.

1058 2634 1132 2668 Δῠτη
1149 2634 1165 2669 ἡ
1180 2634 1315 2667 πάντιμος
1338 2635 1414 2669 πηγὴ
1432 2634 1520 2668 φωτός
1545 2636 1603 2661 ὲστι
1625 2635 1713 2671 πηγὴ,
1725 2636 1841 2662 ἀναϐλύ-

1058 2680 1142 2712 ζουσα
1156 2680 1205 2715 τῆς
1231 2680 1359 2714 ἀληθείας
1378 2681 1502 2710 ἀκτῖνας,
1528 2680 1620 2716 Ταύτῃ
1645 2683 1679 2716 τῇ
1705 2682 1842 2717 σεὸασμία

1059 2728 1134 2762 πηγῇ
1161 2727 1208 2753 καὶ
1231 2727 1259 2752 αι
1285 2728 1340 2753 ἇνω
1360 2726 1553 2761 παρεστήκασι
1570 2727 1709 2762 δυνάμεις,
1731 2729 1799 2762 πρὸς
1814 2727 1842 2753 τὸ

1061 2773 1160 2804 κάλλος
1174 2773 1307 2808 ὲνορῶσαι
1322 2773 1376 2803 τῶν
1395 2771 1512 2808 ῥείθρων
1522 2781 1528 2787 ·
1541 2773 1635 2809 ἐπειδὴ
1651 2774 1697 2801 καὶ
1713 2776 1842 2809 πεφωτι-

260 2866 408 2900 (l)Confcr
426 2866 664 2902 Chrysostomum,
678 2868 698 2893 ι.
709 2864 872 2898 V'll.homil.
883 2864 1014 2895 LXVIII.
1038 2865 1060 2897 l,
1077 2864 1104 2895 in
1119 2864 1214 2893 Matth.
