1916 3068
57 151 110 185 961

708 151 880 183 ETHlCON
902 149 986 183 VIII.

1643 154 1696 187 962

55 219 106 246 ρον
126 212 204 246 ἡμῶν
227 212 331 240 ἐκεῖναι
356 211 411 239 τῶν
440 209 632 247 προκειμένων
647 207 783 244 θεωροῦσι
798 207 850 244 τὴν

909 214 1055 234 munerum
1082 206 1139 234 vim
1168 213 1323 243 eorumque
1346 209 1511 244 splendores
1527 209 1696 240 inaccessos.

55 258 184 293 δύναμιν,
213 259 262 286 καὶ
286 259 336 290 τὰς
364 257 555 293 μαρμαρυγὰς
581 255 632 287 τὰς
658 255 849 290 ἀπροσίτους·

55 304 79 331 ὦ
97 313 151 340 περ
170 306 224 339 γὰρ
236 304 339 340 χρυσοῦ
357 303 522 339 τηκομένου,
534 302 567 329 ἄν
584 310 615 329 τε
635 301 684 336 τὴν
707 301 789 336 χεῖρά
808 309 851 333 τις

54 351 186 386 ἐμϐάλοι,
199 350 232 378 ἂν
249 359 278 377 τε
294 349 344 386 τὴν
358 350 494 384 γλῶτταν,
510 349 619 384 χρυσῆν
637 347 740 378 εὐθέως
764 345 852 381 αὐτὴν

54 398 206 432 ἑποίησεψ
220 397 292 424 οὕτω
307 397 340 431 δὴ
365 399 412 424 καὶ
428 395 546 423 ἐνταῦθα
563 394 614 430 τὴν
630 393 720 429 ψυχὴν
737 392 852 428 ἐργάζε-

54 452 101 470 ται
115 443 149 470 τὰ
166 442 350 477 προκείμενα·
363 442 460 474 ἀναζεῖ
478 441 528 477 μὲν
553 441 607 475 γὰρ
624 440 712 476 πυρὸς
738 440 853 475 σφοδρό-

54 497 137 523 τερον
151 490 164 515 ὁ
179 489 310 522 πανάγιος
325 484 403 520 οὗτος
417 487 552 522 ποταμὸς.
568 486 628 514 ἀλλ’
639 486 670 513 οὺ
686 485 770 518 καίει,
783 485 852 512 ἀλλὰ

57 535 187 570 βαπτίζει
204 535 286 570 μόνον
307 535 376 569 ὅπερ
402 534 436 561 ἂν
451 534 532 569 λάϐῃ.
556 533 642 560 Τοῦτο
656 532 686 559 τὸ
705 531 852 568 ιερώτατον

56 579 129 616 αἷμα
140 582 245 609 ἄνωθεν
261 580 452 616 προετυποῧτο
475 581 520 608 ἀεὶ
537 581 566 607 ἐν
588 580 805 616 θυσιαστηρίοις,
824 579 853 605 ὲν

55 627 172 654 δικαίων
193 629 333 662 σφαγαῐςυ
357 627 438 653 τοῦτο
453 627 470 660 ἠ
496 626 565 662 τιμὴ
591 627 642 660 τῆς
668 625 851 660 οἰκουμένηςσ

57 673 148 709 τούτῳ
171 674 294 708 ἠγόρασε
319 672 368 708 τὴν
398 672 564 707 Ἐκκλησίαν
577 673 591 699 ὁ
608 671 726 707 Χριστός
741 679 749 687 ·
763 673 853 706 τούτῳ

58 718 274 754 κατεκόσμησεν
291 719 377 752 αὐτὴν
392 718 502 745 ἅπασαν
514 725 522 733 ·
535 717 665 752 καθάπερ
677 717 732 752 γὰρ
745 717 853 751 ἄνθρω-

58 773 111 796 πος
126 765 235 796 οἰκέτας
248 763 414 798 ὠνούμενος,
437 763 529 790 δίδωσι
546 763 671 798 χρυσίον,
689 763 736 789 καὶ
750 762 855 790 καλλω-

58 811 140 837 πίσαι
155 810 236 837 πάλιν
250 810 354 841 αὐτοὺς
371 809 546 845 βουλόμενος,
561 808 655 845 χρυσῷ
669 809 750 836 τοῦτο
764 810 852 836 ποιεῖ’

58 857 134 883 οὕτω
160 856 207 883 καὶ
237 857 251 883 ό
281 855 398 890 Χριστὸς
430 855 568 891 ἠγόρασεν
595 856 670 891 ἡμᾶς
697 855 795 890 αἶματι
814 855 854 891 τῷ

57 903 164 937 οἰκείῳ,
180 902 227 929 καὶ
243 902 397 937 ἐκόσμησεν
411 902 484 936 ἡμᾶς
499 901 587 937 τούτῳ
604 902 641 937 τῷ
654 902 762 937 αἵματι.

97 947 138 974 ιδ’.
152 948 316 983 Προσῑωμεν
331 947 422 974 τοίνυν
436 948 470 983 τῇ
486 949 606 983 μυστικῇ
626 948 713 984 ταύτῃ
726 948 855 984 τραπέζῃ

61 993 133 1029 μετὰ
148 994 249 1025 παντὸς
264 994 359 1028 φόϐου,
373 996 420 1021 καὶ
445 994 627 1029 συνειδήσεως
652 995 790 1030 καθαρᾶς,
807 996 854 1022 καὶ

58 1041 225 1068 αδιστάκτου
245 1041 377 1074 πίστεως,
405 1041 454 1068 καὶ
480 1041 572 1068 πάντα
595 1041 674 1068 ἔσται
689 1042 757 1076 ἡμῖν
783 1041 854 1068 καθὰ

60 1087 228 1123 πιστεύομεν
252 1087 291 1123 μὴ
307 1087 490 1120 διστάζοντες.
506 1088 542 1115 Τὸ
559 1088 587 1114 δὲ
604 1087 766 1123 προσελθεῖν
784 1087 855 1122 μετὰ

60 1135 182 1165 πίστεως
197 1133 227 1160 οὺ
254 1133 284 1160 τὸ
308 1133 403 1160 λαὸεϊν
430 1134 490 1161 lori.
509 1134 592 1169 μόνον
608 1135 639 1161 τὸ
659 1134 854 1169 προκείμενον,

59 1180 132 1208 ἀλλὰ
155 1181 203 1208 καὶ
227 1180 257 1207 τὸ
283 1180 354 1216 μετὰ
381 1181 507 1216 καθαρᾶς
526 1181 640 1216 καρδίας
668 1181 810 1216 ἅψασθαι·
824 1181 855 1207 τὸ

61 1227 134 1254 οὕτω
149 1226 315 1260 δοκεῖσθαι,
335 1227 372 1259 ὼς
398 1228 473 1263 αὐτῷ
497 1228 662 1263 προσιόντας
671 1228 711 1263 τῷ
722 1228 834 1264 Χριστῷ
846 1235 853 1242 ·

60 1274 87 1300 τί
101 1273 166 1308 γὰρ,
183 1273 208 1300 εἱ
224 1273 262 1309 μὴ
283 1274 376 1309 φωνῆς
394 1274 543 1309 ἀκούομεν,
560 1274 751 1309 φθεγγομένου
772 1274 854 1301 αὑτοῦ

60 1320 106 1347 διὰ
121 1320 177 1347 τῶν
192 1319 416 1354 εὐαγγελιστῶν;
434 1320 615 1355 Πιστεύωμσν
629 1318 677 1347 οὗν
690 1321 732 1347 ὅτι
744 1320 792 1347 καὶ
808 1319 855 1346 νῦν

60 1367 151 1393 ἑκεῐνο
168 1366 200 1393 τὸ
221 1366 331 1394 δεῖπνόν
347 1367 433 1400 ἐστιν,
447 1367 476 1393 ὲν
491 1364 514 1401 ᾧ
529 1367 579 1394 καὶ
601 1366 684 1398 αὐτὸς
708 1367 834 1394 ἀνέκειτο
845 1373 853 1380 ·

60 1412 140 1440 οἰδὲν
155 1413 210 1448 γὰρ
225 1409 313 1440 έκεῖνο
327 1413 422 1440 τούτου
438 1414 594 1449 διενήνοχεν
605 1422 612 1430 ·
629 1414 689 1440 οὑδὲ
707 1415 761 1449 γὰρ
775 1413 856 1440 τοῦτο

62 1460 113 1494 μὲν
128 1459 273 1494 ἄνθρωπος
286 1459 446 1494 ἐργάζεται,
463 1461 553 1486 ἐκεῖνο
562 1459 590 1486 δὲ
606 1460 688 1492 αὐτὸς
700 1461 713 1486 ό
724 1460 854 1495 Χριστὸς,

63 1505 132 1532 ἀλλὰ
149 1505 199 1532 καὶ
216 1505 297 1532 τοῦτο
321 1506 433 1532 κάκεῖνο
447 1506 461 1532 ό
478 1505 572 1537 αὑτός.
588 1506 674 1532 Ὀταν
695 1506 786 1533 τοίνυν
809 1506 855 1533 τὸν

63 1552 140 1586 ἱερέα
155 1551 308 1579 ἐπιδιδόντα
321 1553 387 1587 ἡμῖν
401 1553 514 1587 ἴδωμεν,
534 1552 571 1588 μὴ
585 1552 632 1580 τὸν
644 1552 719 1587 ίερέα
735 1551 854 1586 νομίζω-

65 1607 128 1633 μεν,
153 1599 199 1625 τὸν
224 1598 306 1625 τοῦτο
331 1599 475 1632 ποιοῦντα,
487 1599 556 1626 ἀλλὰ
573 1599 623 1634 τὴν
641 1598 760 1635 Χριστοῦ
775 1600 854 1635 χεῖρα

63 1644 113 1678 τὴν
127 1645 322 1680 ἐκτεινομένην
334 1653 341 1660 ·
356 1645 453 1681 ὥσπερ
468 1645 523 1681 γὰρ
538 1646 604 1673 ὃταν
619 1645 787 1680 βαπτίζηταί
801 1654 854 1677 τις.

63 1692 113 1726 οὐχ
127 1691 140 1717 ὁ
157 1692 247 1726 ἱερεὺς
265 1691 324 1718 ἀλλ’
341 1691 354 1717 ὁ
372 1692 440 1724 Θεός
468 1692 543 1718 ἐστιν
567 1693 582 1719 ὁ
606 1692 732 1727 κατέχων
756 1691 854 1718 τούτου

63 1738 112 1772 τὴν
127 1737 251 1772 κεφαλὴν
267 1738 378 1773 ἀοράτῳ
391 1737 518 1772 δυνάμει,
533 1738 581 1764 καὶ
592 1737 654 1765 οὔτε
665 1737 780 1772 ἄγγελος
792 1737 854 1764 οὔτε

63 1783 236 1818 ἀρχάγγελος
252 1783 316 1810 οὔτε
343 1783 423 1815 ἄλλος
446 1792 489 1816 τις
506 1783 596 1820 τολμᾷ
621 1783 785 1818 προσελθεῖν
809 1785 854 1810 καὶ

63 1828 185 1863 ἅψασθαι
200 1837 207 1844 ·
221 1829 293 1856 οὓτω
305 1830 353 1856 καὶ
369 1830 417 1856 νῦν
428 1830 544 1864 γίνεται.
560 1830 616 1857 Καὶ
623 1830 703 1865 δῆλον
716 1829 854 1856 ἐντεῦθεν

62 1874 99 1906 ὡς
115 1874 170 1910 γὰρ
187 1875 217 1901 ὲν
241 1875 280 1910 τῷ
307 1875 480 1910 βαπτίσματι
503 1876 534 1902 οὐ
551 1875 629 1910 λέγει
642 1877 656 1903 ὁ
675 1877 777 1911 ἱερεὺς,
800 1877 854 1902 Βα-

61 1920 151 1952 πτίςω
164 1920 210 1947 τὸν
221 1921 306 1955 δεῖνα,
323 1921 392 1948 ἀλλὰ
409 1921 576 1954 Βαπτίζεται
591 1922 641 1957 (1),
657 1922 766 1955 πάντως
781 1923 856 1957 παρὰ

61 1967 113 2002 τῆς
139 1967 295 2003 ἀδιαιρέτου
327 1970 376 1994 καὶ
399 1968 547 2003 όμοουσίου
563 1968 681 2000 Τριάδος
695 1976 702 1984 ⁶
715 1968 761 1995 τὸν
774 1969 856 1995 αὑτὸν

60 2014 89 2040 δὲ
103 2015 204 2050 τρόπον
220 2015 362 2042 κάνταῦθα
378 2015 410 2041 οὐ
436 2015 523 2050 λέγει,
537 2015 601 2042 Θύω
623 2015 679 2050 ἐγὼ
705 2015 751 2042 τὸν
769 2015 856 2050 ἀμνὸν

59 2059 110 2087 τοῦ
125 2059 205 2093 Θεοῦ,
226 2060 296 2088 ἀλλὰ
305 2061 409 2088 θύεται
425 2063 533 2097 όάμνὸς
552 2062 600 2089 τοῦ
617 2062 698 2095 Θεοῦ,
718 2063 799 2095 αὐτὸς
811 2063 856 2090 οὖ-

59 2115 107 2138 τος
120 2106 222 2142 δηλαδὴ
249 2107 348 2134 ἑαυτὸν
373 2109 530 2144 ίερουργῶν
544 2109 656 2145 εὐδοκίᾳ
675 2109 794 2144 Πατρδς,
807 2109 856 2135 καὶ

61 2151 197 2187 συνεργίᾳ.
222 2151 270 2178 τοῦ
289 2151 371 2186 ἁγίου
399 2153 580 2188 Πνεύματος·
607 2154 654 2180 καὶ
671 2153 756 2188 θύτης
780 2152 819 2179 ὢν
843 2154 856 2180 ὁ

60 2197 154 2230 αὐτὸς,
169 2196 216 2224 καὶ
231 2197 318 2234 θῦμα,
338 2199 385 2226 καὶ
401 2199 632 2235 προσδεχόμενος,
645 2200 692 2227 καὶ
705 2199 857 2234 διαδιδόμε-

60 2254 117 2276 νος.

99 2292 140 2320 ιε’.
153 2293 202 2319 Διὰ
217 2292 296 2319 τοῦτο
313 2291 350 2324 ὡς
367 2292 405 2328 τῷ
420 2291 532 2328 Χριστῷ
546 2292 586 2328 τῷ
611 2292 680 2328 ἱερεί
705 2292 857 2328 προσερχό-

63 2349 152 2376 μενοι,
167 2339 332 2374 τιμήσωμεν
348 2340 424 2375 πάσῃ
440 2339 610 2373 καθαρότητι
632 2338 682 2366 τοῦ
706 2339 809 2374 Κυρίου
825 2339 856 2365 τὸ

62 2387 155 2421 σῶμα,
171 2385 276 2420 ψυχικῇ
291 2394 321 2412 τε
337 2386 385 2412 καὶ
400 2386 545 2420 σωματικῇ
558 2393 565 2400 ”
577 2385 691 2412 διπλοῦν
708 2386 764 2420 γάρ
780 2386 839 2411 ἐστι
849 2392 857 2400 ·

61 2432 262 2467 προσέλθωμεν
277 2432 351 2467 αὑτῷ
369 2432 445 2468 πόοῳ
469 2432 588 2464 διακαεῖ,
604 2431 652 2458 καὶ
675 2431 858 2467 σταυροειδῶς

60 2479 110 2510 τὰς
128 2478 258 2512 παλάμας
275 2478 462 2509 τυπώσαντες,
472 2478 502 2504 τὸ
517 2478 598 2512 σῶμα
608 2477 656 2504 τοῦ
678 2476 858 2512 ἐσταυρωμέ-

61 2533 110 2552 νου
137 2524 352 2559 ὕποδεξὼμεοα·
379 2524 427 2550 καὶ
453 2523 595 2554 ἐπιθέντες
621 2522 779 2558 ὀφθαλμοὺς
808 2521 856 2548 καὶ

62 2571 142 2606 χείλη
166 2571 215 2597 καὶ
234 2571 360 2605 μέτωπα,
373 2569 420 2596 τοῦ
435 2569 510 2595 θείου
533 2558 672 2603 ἄνθρακος
697 2567 856 2603 μεταλάϐω-

65 2616 212 2651 μεν,ὅπως
236 2615 394 2649 καταφλέξῃ
407 2614 456 2646 τὰς
473 2614 612 2649 ἁμαρτιας
635 2614 726 2649 ἡμῶν,
738 2614 784 2640 καὶ
800 2622 856 2648 φω-

62 2661 128 2698 τίσῃ
144 2661 193 2692 τὰς
207 2662 322 2696 καρδίας
340 2661 431 2696 ἡμῶν,
449 2662 498 2688 καὶ
511 2662 545 2696 τῇ
571 2660 703 2695 μετουσίᾳ
718 2659 765 2686 τοῦ
783 2659 855 2686 θείου

64 2709 152 2743 πυρὸς
175 2708 349 2743 πυρωθώρεν
360 2715 366 2722 -
381 2707 407 2733 οἱ
423 2707 478 2742 γὰρ
499 2706 595 2733 τούτου
614 2706 773 2742 μετέχοντες
787 2706 856 2740 μετὰ

62 2754 188 2789 ἀγγέλων
212 2755 258 2781 καὶ
284 2754 467 2788 ἀρχαγγέλων
483 2754 530 2779 καὶ
550 2754 604 2779 τῶν
629 2753 685 2780 ἄνω
712 2752 856 2785 δυνάμεων

64 2801 225 2836 ἑστήκασιν,
250 2801 336 2836 αὐτὴν
365 2800 558 2835 περικείμενοι
586 2799 634 2826 τοῦ
661 2797 781 2833 Χριστοῦ
807 2799 856 2833 τὴν

66 2897 79 2923 b
100 2861 140 2901 (Ι)
162 2860 223 2889 Ilaec
249 2867 290 2890 cst
318 2862 449 2889 nimirum
468 2860 627 2896 baptizandi
662 2857 780 2886 formula
799 2857 871 2894 apud

83 2901 181 2923 untur).

83 2905 181 2930 apum.

869 1569 890 1599 ε

903 253 982 282 Sicut
1013 254 1088 281 enim
1116 262 1184 282 auro
1208 255 1360 290 liquefacto
1392 257 1415 284 si
1430 257 1492 291 quis
1508 265 1619 285 manum
1647 263 1695 286 aut

902 299 1023 334 linguam
1049 300 1167 335 injiciat.
1192 308 1304 329 auream
1328 302 1404 330 illico
1419 303 1504 336 facit;
1520 303 1557 330 ita
1584 311 1698 339 prorsus

904 346 948 374 hic
977 346 1061 374 etiam
1087 349 1230 382 proposita
1252 349 1383 384 mysteria
1413 349 1534 377 animant
1561 350 1695 379 eﬂiciuut.

903 393 1003 421 Fervet
1024 394 1097 420 cnim
1115 394 1178 427 igne
1194 394 1388 422 vehementius
1411 396 1621 424 sanctissimum
1642 397 1696 424 ilu—

904 447 966 466 Incu
985 439 1054 472 hoc;
1078 445 1107 467 at
1126 448 1180 467 non
1199 441 1301 472 exurit.
1326 441 1375 469 sed
1403 441 1478 469 lavat
1505 444 1697 471 tantummodo

903 486 1038 522 quidquid
1065 487 1246 522 corripuerit.
1274 487 1325 516 Hic
1347 490 1558 518 sacratissimus
1586 492 1698 526 sanguis

904 533 1060 567 antiquitus
1078 541 1189 568 semper
1211 535 1443 570 pra-.ligurabatur
1457 536 1484 563 in
1502 536 1650 568 altaribus.
1668 538 1698 564 in

903 578 1041 613 iustorum
1072 579 1206 607 caadidus.
1234 579 1284 607 llic
1311 582 1425 615 sanguis
1452 583 1573 617 pretium
1600 582 1699 610 mundi

903 631 964 658 est;
980 625 1033 654 hoc
1046 626 1198 654 Ecclesium
1211 626 1338 654 Christus
1351 630 1523 664 comparavit
1534 637 1542 663 ;
1555 629 1608 656 hoc
1623 630 1700 657 illam

904 676 988 700 totam
1015 674 1168 701 exornavit.
1186 673 1267 701 Sicut
1280 674 1354 701 enim
1383 675 1466 703 homo
1479 683 1576 705 servos
1590 684 1700 709 emens,

905 727 1003 746 aurum
1031 725 1145 754 erogat;
1175 727 1328 756 rursusque
1348 729 1398 749 805
1425 728 1564 749 exornare
1589 723 1701 755 τοίθηεγ

904 773 973 793 auro
993 766 1020 793 id
1052 771 1149 800 curat;
1179 767 1220 794 sic
1250 773 1279 795 et
1308 767 1437 796 Christus
1468 768 1535 796 emit
1561 775 1612 796 nos
1635 776 1699 796 san-

903 813 988 846 guine
1005 813 1129 848 proprio,
1145 813 1299 848 eodemque
1319 813 1373 842 hoc
1396 814 1532 851 sanguine
1546 821 1598 842 nos
1613 821 1701 842 venu-

906 858 1002 886 stavit.

944 949 990 976 14.
1011 948 1053 976 Ad
1074 949 1146 976 hanc
1166 949 1259 984 itaque
1280 949 1424 984 mysticam
1442 957 1567 977 mensam
1585 949 1700 978 acceda-

907 1004 969 1023 mus
1001 1003 1064 1023 cum
1086 996 1162 1023 omni
1190 996 1300 1027 timore.
1322 1000 1350 1023 et
1375 996 1546 1023 conscientia
1571 1001 1651 1030 pura.
1670 1000 1700 1023 et

907 1042 1022 1070 indubia
1038 1042 1101 1074 ﬁde,
1121 1048 1204 1076 atque
1220 1043 1313 1069 omnia
1332 1043 1413 1069 nobis
1434 1047 1519 1070 erunt
1543 1048 1625 1076 prom
1638 1042 1699 1070 sine

906 1087 1087 1122 ambiguitate
1113 1087 1268 1114 credimus.
1288 1086 1357 1114 Cum
1374 1092 1466 1113 autem
1483 1087 1545 1114 dico
1561 1087 1699 1114 acceden-

906 1133 972 1160 dum
987 1140 1050 1160 cum
1068 1132 1134 1165 ﬁde,
1149 1140 1205 1160 non
1231 1132 1392 1167 accipienda
1420 1132 1612 1160 tantummodo
1637 1140 1699 1160 esse

906 1186 1021 1206 munera
1037 1179 1168 1210 dico,aed
1179 1178 1278 1206 eadem
1294 1186 1362 1213 puro
1375 1186 1438 1207 cum
1452 1178 1537 1206 corde
1546 1179 1698 1214 tangenda:

906 1231 1023 1259 prorsus
1041 1223 1115 1250 haud
1131 1231 1213 1251 secus
1230 1223 1344 1251 allectos
1363 1231 1415 1252 nos
1434 1231 1495 1252 esse
1522 1224 1597 1256 volo.
1615 1231 1699 1259 quam

905 1271 929 1298 si
946 1270 980 1298 ad
995 1270 1135 1298 Christum
1154 1270 1244 1304 ipsum
1256 1271 1426 1298 veniremus.
1436 1270 1506 1303 Quid
1524 1271 1597 1298 enim
1612 1271 1700 1298 inter-

905 1321 957 1350 est,
981 1316 1055 1352 quod
1081 1323 1176 1344 vocem
1202 1317 1261 1352 ejus
1286 1316 1401 1344 minime
1425 1316 1592 1350 audiamus,
1613 1317 1700 1352 siqui—

907 1362 970 1390 dem
991 1370 1041 1398 per
1066 1363 1252 1398 cvangelistas
1279 1362 1424 1398 IOquitur?
1443 1362 1597 1390 Credamus
1615 1363 1700 1398 igitur

907 1416 983 1436 nunc
1006 1416 1117 1444 quoque
1133 1409 1202 1436 illud
1220 1408 1292 1436 idem
1310 1416 1374 1437 esse
1390 1409 1559 1443 convivium,
1574 1409 1608 1436 "ad
1626 1411 1699 1444 quod

908 1455 966 1490 ipse
991 1455 1196 1483 accumbebat:
1217 1456 1288 1483 nihil
1308 1456 1383 1484 enim
1407 1455 1574 1484 hodiernum
1600 1456 1701 1484 abillo

907 1501 999 1528 diﬂcrt
1018 1510 1026 1529 :
1044 1509 1137 1536 neque
1165 1501 1218 1528 hoc
1243 1507 1369 1529 nostrum
1386 1501 1470 1529 homo
1487 1501 1611 1536 instruit,
1631 1502 1701 1530 illud

907 1555 974 1575 vero
987 1547 1125 1580 Christus,
1146 1549 1195 1576 sed
1214 1553 1242 1576 et
1258 1548 1311 1576 hoc
1326 1553 1354 1576 el
1375 1549 1443 1576 illud
1469 1548 1543 1576 idem
1559 1549 1700 1577 Christus.

906 1594 975 1622 Cum
1001 1601 1068 1630 ergo
1090 1594 1264 1622 sacerdotem
1290 1595 1375 1623 nobis
1391 1595 1580 1631 porrigentem
1601 1596 1702 1623 videri-

907 1649 1021 1672 mus,ne
1035 1646 1197 1675 reputemus
1209 1642 1385 1669 sacerdotem
1402 1641 1429 1669 id
1441 1649 1534 1678 agere,
1548 1643 1597 1670 sed
1613 1642 1701 1678 ipsam

906 1687 1011 1716 Christi
1028 1696 1139 1716 manum
1157 1693 1315 1716 extensum.
1331 1689 1408 1717 Sicut
1421 1690 1497 1717 enim
1510 1697 1573 1717 cum
1598 1690 1703 1724 aliquis

909 1735 1075 1771 baptizatur.
1093 1744 1266 1771 nequaquam
1291 1736 1424 1763 sacerdos
1446 1735 1495 1763 sed
1522 1736 1698 1764 Deus_iilius

906 1787 991 1817 caput
1008 1786 1084 1810 tenet
1100 1782 1126 1810 vi
1143 1782 1296 1815 invisibili,
1314 1787 1342 1809 et
1367 1790 1458 1817 neque
1475 1783 1591 1817 angelus
1607 1790 1702 1817 neque

906 1829 1093 1864 srchangelus
1110 1835 1202 1863 neque
1229 1828 1303 1856 alius
1324 1828 1441 1863 quilibet
1457 1828 1590 1856 accedere
1615 1829 1700 1856 audet

907 1878 936 1902 et
949 1879 1074 1909 tangere;
1092 1874 1133 1902 sic
1150 1875 1234 1901 etiam
1253 1882 1327 1901 nunc
1341 1873 1382 1901 ﬁt.
1398 1873 1478 1906 Quod
1494 1873 1559 1901 inde
1572 1874 1702 1901 ostendi-

907 1925 963 1953 tur,
981 1921 1055 1956 quod
1079 1921 1153 1948 sicut
1175 1921 1203 1948 in
1219 1921 1360 1956 baptismo
1375 1928 1431 1947 non
1456 1920 1525 1948 dicit
1542 1921 1674 1949 sacerdos
1689 1930 1698 1949 :

907 1967 964 2002 Ego
982 1967 1064 1994 talem
1076 1966 1217 1994 hominem
1231 1966 1352 2002 haptizo.
1369 1967 1429 2001 sed,
1442 1966 1516 1994 Talis
1525 1967 1694 2001 baptizatur,

906 2021 1024 2049 prorsus
1038 2013 1071 2040 ab
1088 2013 1234 2040 individua
1252 2019 1280 2041 et
1295 2014 1526 2042 consubstantiali
1543 2014 1697 2048 Trinitate;

906 2060 1003 2087 eodem
1019 2061 1102 2088 modo
1117 2060 1162 2088 hic
1177 2061 1261 2088 etiam
1277 2068 1332 2088 non
1346 2061 1415 2088 dicit
1431 2070 1437 2088 :
1452 2061 1509 2096 Ego
1524 2062 1630 2096 Agnsm
1650 2063 1699 2090 Det

907 2107 1031 2138 immolo.
1047 2107 1095 2135 sed
1105 2107 1199 2143 Agnus
1214 2107 1260 2134 Dei
1277 2107 1448 2139 immolatur,
1463 2108 1508 2135 hic
1526 2108 1585 2142 ipse
1599 2108 1701 2136 videli-

907 2157 950 2180 cet
963 2153 1010 2188 qui
1025 2159 1111 2181 semet
1125 2154 1250 2181 immolat
1263 2153 1372 2181 volente
1386 2155 1466 2182 Patre
1480 2159 1508 2181 et
1523 2159 1619 2182 sancto
1634 2155 1699 2190 Spi-

910 2200 965 2226 ritu
980 2205 1170 2234 cooperante:
1187 2200 1260 2228 idem
1281 2200 1413 2228 sacenlos
1436 2205 1464 2228 et
1487 2201 1610 2234 victima,
1626 2202 1702 2230 idem

868 2241 896 2272 D
909 2245 1049 2280 excipiens
1063 2251 1091 2273 et
1106 2246 1238 2273 olfcrens.

945 2291 990 2318 15.
1023 2290 1198 2326 Quapropter
1223 2291 1256 2318 ad
1283 2291 1456 2320 sacerdotem
1482 2301 1534 2321 ceu
1553 2293 1696 2324 .Christnltt

907 2337 1085 2370 accedentes,
1098 2337 1268 2365 ltonoremus
1281 2346 1343 2365 cum
1352 2340 1430 2367 omni
1441 2340 1577 2367 munditis
1591 2340 1698 2366 Domini

909 2391 1019 2418 corpus,
1045 2384 1175 2418 spiritali,
1205 2384 1329 2419 inquam,
1357 2390 1386 2412 et
1414 2387 1571 2421 corporali;
1598 2386 1700 2420 duplex

908 2431 1011 2464 quippe
1030 2430 1150 2465 [Domini
1178 2431 1289 2467 natura]
1314 2436 1368 2459 est.
1385 2431 1455 2458 Cum
1481 2432 1590 2459 fervido
1604 2440 1700 2460 amore

908 2477 1084 2510 acc-eduilius,
1116 2477 1298 2512 manibusque
1319 2478 1346 2504 in
1370 2479 1462 2504 crucis
1490 2478 1606 2505 formam
1627 2487 1701 2506 cout-

911 2523 1032 2558 plicatis,
1058 2522 1124 2549 illud
1155 2523 1351 2557 suscipiamus,
1375 2529 1403 2550 ct
1430 2524 1529 2556 oculis,
1546 2531 1583 2561 ac
1606 2524 1699 2559 labiis,

911 2569 1052 2602 frontique
1069 2568 1242 2602 applicantes
1259 2568 1386 2595 divinum
1406 2570 1606 2598 carbunculum
1628 2573 1701 2599 act-i-

910 2614 1031 2648 piamus,
1048 2618 1078 2640 ut
1091 2618 1203 2647 peccata
1219 2618 1312 2640 nostra
1329 2619 1438 2646 exurat,
1451 2616 1534 2641 corda
1551 2616 1698 2647 illumiuet.

910 2666 993 2695 atque
1011 2666 1041 2687 ut
1055 2660 1141 2687 divini
1160 2659 1231 2694 ignis
1257 2660 1470 2695 participatione
1497 2662 1700 2690 iullammemur

910 2715 941 2734 ac
964 2707 1136 2733 deilicemur.
1163 2706 1231 2732 Nam
1261 2706 1307 2740 qui
1338 2706 1412 2734 hunc
1441 2708 1618 2743 participant.
1636 2716 1698 2736 cum

911 2753 1015 2787 angelis
1033 2757 1060 2779 et
1077 2752 1252 2787 archangelis
1273 2754 1457 2788 supernisque
1472 2755 1622 2782 virtutibus
1633 2763 1700 2783 con.-

912 2800 1026 2832 sistuul,
1043 2799 1141 2826 cadent
1167 2799 1271 2827 Christi
1295 2801 1380 2835 regali
1397 2802 1466 2828 stula
1485 2804 1587 2835 thsllll,
1603 2808 1631 2830 et
1644 2803 1702 2838 spi-

909 2858 1018 2887 Gru‘cos
1042 2868 1049 2885 :

1079 2859 1242 2894 Baptizatur
1270 2860 1325 2894 N.;
1353 2868 1408 2888 nou
1430 2867 1522 2889 autem
1547 2870 1554 2890 :
1588 2862 1644 2898 Ego
1674 2866 1701 2890 te
