1916 3068
240 147 292 179 967

787 150 794 155 '
805 139 1006 172 THEODORI
1026 137 1305 169 MELITENIOT/E

1820 135 1871 166 98

238 205 339 234 Nullus
361 201 434 230 adsit
457 199 553 233 ludas,
578 199 671 227 nullus
690 206 801 231 avarus,
828 198 922 226 nullus
942 197 1024 225 inhu-

1089 195 1175 230 ;ἀριν·
1197 192 1244 222 καί
1260 194 1309 230 μία
1331 194 1396 228 ἡμῖν
1408 192 1479 219 ἔστω
1501 192 1594 226 ὀδύνη,
1617 191 1647 219 τὸ
1666 193 1704 226 μὴ
1723 195 1871 228 μετασχεῖν

239 257 351 282 manus,
373 249 467 276 nullus
495 246 617 274 crudelis
640 250 668 273 et
696 245 906 276 immisericors,
934 243 1026 270 nullus

239 295 354 323 omnino
371 295 508 328 impurus.
531 292 559 320 Si
579 291 643 326 quis
665 296 708 318 est
722 290 888 325 discipulus,
905 289 1002 316 adesto
1017 296 1025 316 :

240 342 288 376 qui
312 347 366 367 non
394 344 459 366 sunt
485 337 657 373 huiusmodi,
673 344 721 364 eos
737 343 791 363 non
811 336 910 370 recipit
932 338 1027 362 mensa

241 389 310 415 lucc.
319 395 329 412 ι
340 386 409 414 Cum
420 383 574 419 discipulis,
590 383 691 418 inquit,
703 382 771 410 meis
780 381 851 409 facio
860 381 965 408 Pascha
975 380 1024 407 ηδ

241 434 305 461 ιιεεο
317 433 350 460 ad
364 439 412 459 eos
425 430 474 466 qui
495 437 574 458 sacra
586 428 785 457 communione
804 435 860 455 non
875 427 1026 459 abstinent,

241 479 314 506 dicta
333 482 410 506 sunt.

279 569 322 597 l9.
340 567 427 596 Vobis
442 570 552 602 quoque
564 566 662 593 auctor
676 570 749 597 sum,
765 571 781 591 ο
794 563 891 591 altaris
906 563 1027 591 ministri

242 619 319 649 (nam
337 622 386 642 vos
401 615 484 642 etiam
500 612 603 647 alloqui
618 619 731 639 necesse
739 610 805 645 est).
819 618 855 638 ne
867 609 1029 637 indill'eren-

243 669 286 690 ter
302 666 331 690 et
346 661 611 697 quomodocnnque,
625 657 672 685 scd
691 657 775 684 multa
791 664 853 684 cum
869 656 1027 689 sedulitate,

243 709 386 744 multaque
412 705 638 734 ‘consideratione
659 703 718 731 bzee
743 703 816 730 dona
843 701 1028 730 distribuatis.

243 756 337 790 Neque
352 754 427 781 enim
442 753 530 780 levem
545 751 641 778 feretis
659 757 780 785 ptenam,
795 751 818 776 sl
837 756 898 776 cum
911 749 1029 783 alicujus

210 831 213 835 ,
243 800 449 836 improbitatem
483 797 635 827 noveritis.
667 803 729 823 eum
761 795 927 830 participare
957 794 1029 821 hanc

207 851 213 862 ⁴
244 853 366 874 mensam
395 844 571 880 permittatis.
603 841 721 877 Sanguis
754 841 813 876 ejus
838 841 872 868 de
901 841 1029 868 manibus

243 893 343 920 vestris
359 893 528 926 requiretur.
549 888 666 916 Etiamsi
684 888 785 922 aliquis
802 887 856 913 dux
873 887 968 918 fuerit,
986 886 1028 913 vol

245 943 355 971 praetor,
375 937 417 964 vel
436 935 504 963 adeo
521 936 580 970 ipse
597 934 644 969 qui
661 933 817 961 diademate
832 931 990 963 redimitur,
1006 931 1029 958 si

244 983 355 1018 indigne
372 981 495 1012 accedat.
508 980 644 1015 prohibe;
672 987 735 1006 nam
750 979 853 1014 majore
871 982 953 1013 quam
983 977 1030 1005 ille

246 1033 383 1065 potestate
409 1026 506 1062 polles.
525 1026 566 1053 'l‘u
590 1029 666 1053 certe
692 1025 714 1053 si
739 1028 817 1058 aquae
836 1024 939 1051 inuitem
955 1024 1030 1059 gregi

245 1081 345 1110 purum
371 1071 537 1101 servandum
561 1070 731 1104 accepisses.
757 1068 780 1096 si
806 1075 885 1096 ovem
903 1075 1032 1096 cerneres

246 1121 362 1147 multum
380 1126 427 1145 ore
443 1125 492 1145 suo
507 1117 597 1144 lutum
615 1115 789 1147 aﬂ‘erentem,
814 1114 887 1142 haud
908 1115 1032 1149 profecto

247 1167 354 1194 sineres
380 1165 447 1192 illue
467 1162 647 1195 descendere,
664 1167 693 1189 et
714 1161 848 1188 ﬂuentum
875 1160 1032 1194 inquinare.

212 1209 214 1211 ’
247 1212 328 1239 Nune
351 1217 417 1237 vero
440 1216 503 1236 cum
533 1216 589 1235 non
611 1214 688 1241 aqua;
714 1206 762 1234 sed
788 1206 932 1241 sanguinis
952 1210 1034 1241 atque

246 1257 367 1293 Spiritus
394 1255 456 1283 fons
480 1255 531 1282 tibi
561 1253 760 1282 custodiendus
788 1253 823 1280 sit
855 1253 982 1284 traditus,
1009 1253 1034 1280 si

248 1306 320 1332 forte
345 1303 440 1330 videas
462 1302 541 1338 pejus
555 1298 615 1328 luto
632 1304 774 1334 peccaturo
791 1299 929 1327 habentes
948 1306 1034 1334 quos-

247 1351 322 1383 dam,
337 1349 476 1383 simulque
492 1346 666 1378 accedentes,
684 1353 740 1372 non
757 1344 922 1380 indignaris,
945 1351 1035 1379 neque

249 1395 413 1423 submotos?
430 1394 515 1427 Quam
539 1399 606 1428 ergo
635 1392 744 1419 veniam
769 1390 952 1426 impetrabis?
970 1390 1035 1418 Ideo

251 1442 331 1470 vobis
350 1442 424 1469 hunc
451 1440 524 1468 Deus
550 1438 684 1466 honorem
709 1437 837 1470 contulit,
854 1441 884 1465 ut
912 1443 970 1464 rem
987 1436 1037 1464 hu-

250 1488 371 1523 iusmodi
404 1486 575 1522 dijudicctis.
602 1485 666 1512 llaec
697 1487 740 1511 est
770 1488 860 1510 vestra
891 1483 1035 1518 dignitas,

251 1535 310 1562 haec
337 1532 509 1564 immunitas,
541 1531 599 1558 haec
626 1530 717 1557 omnis
744 1537 868 1562 corona;
903 1537 957 1557 non
986 1537 1074 1576 au-C

250 1586 305 1607 tem
334 1578 462 1606 candidis
492 1577 594 1605 tunicis
623 1575 832 1612 splendidisque
858 1575 980 1608 vestiri,
1008 1581 1038 1603 et

249 1624 408 1652 circumire.

286 1671 332 1698 20.
347 1670 383 1697 At
398 1669 482 1702 enim,
498 1668 587 1700 aiunt.
612 1667 749 1703 quomodo
776 1667 851 1695 hunc
887 1667 929 1695 vel
959 1667 1037 1695 illum

252 1716 430 1744 noverimus?
470 1716 552 1751 Atqui
578 1722 629 1750 ego
655 1722 709 1742 non
753 1713 787 1741 de
814 1714 912 1749 ignotis
941 1713 1039 1748 loquor

251 1764 299 1791 sed
324 1763 359 1791 de
389 1763 496 1797 publice
527 1761 610 1790 notis.
635 1760 727 1789 Dicam
754 1760 858 1796 aliquid
877 1760 1038 1787 terribilius.

250 1810 310 1837 Non
351 1813 394 1837 est
433 1813 573 1843 tantopere
618 1807 782 1844 ﬂagitiosum
820 1808 845 1834 si
863 1807 1038 1842 energumeni

251 1856 323 1883 intra
368 1854 499 1890 templum
528 1853 594 1886 sint,
620 1861 700 1888 quam
724 1853 771 1886 hi;
809 1852 1038 1888 quemadmodum

251 1903 290 1929 ait
335 1901 445 1933 Paulus,
498 1900 628 1934 quoniam
674 1899 813 1928 Christum
862 1899 1041 1926 conculcave-

251 1952 326 1980 runt,
357 1952 385 1974 et
411 1947 572 1981 sanguinem
600 1945 767 1974 Testameuti
797 1945 930 1980 pollutum
962 1944 1040 1980 judi-

251 1997 394 2025 caverunt.
425 1993 543 2028 Spiritus
571 1992 663 2028 gratiae
681 1992 876 2019 contumeliam
904 1991 1041 2023 fecerunt,

250 2037 317 2064 Nam
329 2037 497 2064 dmntoniaco
526 2037 603 2071 pejor
619 2041 660 2064 est
675 2041 802 2071 peccator
816 2041 844 2064 et
867 2036 949 2064 simul
963 2044 1042 2063 acce-

251 2082 339 2108 dens:
353 2085 381 2108 et
394 2080 440 2108 ille
457 2081 568 2115 quidem
582 2080 711 2115 quoniam
738 2085 781 2108 est
801 2081 960 2116 arreptitius
986 2088 1042 2108 non

252 2128 382 2162 punitur;
403 2127 448 2154 hic
464 2131 569 2159 autem,
585 2126 606 2153 si
624 2126 736 2162 indigne
753 2128 911 2160 accesserit,
939 2131 1042 2154 aeterno

251 2173 388 2207 supplicio
416 2172 545 2199 traditur.
573 2172 614 2199 Ne
630 2172 714 2207 igitur
739 2172 1041 2201 daemoniaeostantum

1077 241 1182 275 ταύτης
1194 240 1245 276 τῆς
1259 239 1372 276 τροφῆς.
1388 237 1491 274 Μηδεὶς
1507 239 1597 266 τοίνυν
1614 238 1714 270 Ἰούδας
1727 241 1868 275 παρέστω,

1079 287 1174 322 μηδεὶς
1202 287 1391 322 φυλάργυρος,
1421 286 1516 320 μηδεὶς
1546 285 1742 319 ἀπάνθρωπος,
1773 286 1870 320 μηδεὶς

1077 334 1152 369 ὠμὸς
1165 334 1212 360 καὶ
1226 333 1354 368 ἀνηλεής,
1383 333 1478 368 μηδεὶς
1501 333 1570 361 δὶως
1595 333 1762 365 ἀκάθαρτος.
1780 332 1814 358 El
1828 340 1870 363 τις

1079 379 1216 415 μαθητὴς,
1233 379 1341 414 παρίτω
1353 387 1362 394 ”
1375 378 1407 405 οὗ
1423 378 1530 412 δέχεται
1555 378 1618 409 τοὺς
1636 377 1673 412 μὴ
1698 378 1839 408 τοιούτους
1853 379 1870 412 ἡ

1077 426 1204 461 τράπεζα
1213 435 1221 442 ·
1237 435 1247 452 ι
1264 426 1341 453 Μετά
1350 426 1404 460 γὰρ
1416 425 1470 451 τῶν
1487 424 1618 459 μαθητῶν
1634 433 1698 459 μου,
1712 425 1792 459 φησὶ,
1803 425 1872 452 ποιῶ

1078 472 1110 499 τὸ
1143 473 1250 506 Πάσχα.
1270 480 1280 498 ι
1297 471 1393 499 Ταῦτα
1422 471 1491 507 πρὸς
1512 471 1577 503 τοὺς
1614 471 1874 507 μεταλαμσάνοντας

1079 518 1152 552 λέγω
1166 518 1189 554 (ι
1197 518 1217 553 ).

1115 563 1160 592 ιϐ’.
1178 563 1361 600 Συμδουλεύω
1374 563 1403 590 δὲ
1418 563 1467 590 καὶ
1482 563 1548 597 ὑμῖν
1565 563 1623 593 τοῖς
1649 563 1873 598 διακονουμένοις

1081 611 1140 647 (καὶ
1149 611 1205 646 γὰρ
1219 611 1369 646 ἀναγκαῖον
1381 611 1428 637 καὶ¹
1443 610 1512 645 πρὸς
1523 610 1596 645 ὑμᾶς
1611 610 1816 645 διαλεχθῆναι),
1833 610 1869 645 μὴ

1080 657 1176 688 ἁπλῶς
1191 655 1239 683 καὶ
1259 656 1297 686 ὡς
1313 656 1417 691 ἔτυχεν,
1433 655 1502 682 ἀλλὰ
1520 657 1589 690 μετὰ
1606 656 1707 690 eam;
1722 655 1872 691 προσοχῆς,

1082 703 1152 738 μετά
1167 700 1268 737 πολλῆς
1283 702 1453 736 διασκέψεως
1473 701 1615 736 διανέμειν
1629 703 1709 729 ταυτὶ
1728 702 1762 728 τὰ
1776 702 1851 736 δῶρα
1862 710 1870 717 ⁸

1081 748 1195 783 καὶγὰρ
1217 747 1247 774 οὐ
1270 747 1358 783 μικρὰ
1381 747 1493 778 κόλασις
1509 747 1586 782 ὑμῖν,
1606 747 1632 774 εί
1649 755 1704 774 τινι
1719 747 1874 779 συνειδότες

1080 795 1142 822 τινὰ
1152 795 1300 830 πονηρίαν,
1316 794 1513 829 συγχωρήσετε
1540 791 1690 828 μετασχεῖν
1705 793 1809 828 ταύτης
1824 793 1873 828 τῆς

1082 841 1234 877 τραπέζης.
1252 841 1288 867 To
1311 837 1381 874 αἷμα
1398 840 1482 866 αὐτοῦ
1511 840 1543 866 ὲκ
1569 839 1623 865 τῶν
1641 839 1741 874 χειρῶν
1754 839 1874 874 ἐκζητη-

1084 887 1195 922 θήσεται
1211 886 1265 912 τῶν
1287 885 1438 921 ὑμετέρων.
1456 884 1515 911 Κᾶν
1530 885 1682 919 στρατηγός
1708 892 1751 915 τις
1777 882 1806 920 ᾖ,
1824 883 1876 910 κᾶν

1084 932 1218 968 ὕπαρχος,
1229 931 1281 958 κᾶν
1292 931 1372 963 αὐτὸς
1387 932 1401 958 ὀ
1413 932 1444 958 τὸ
1459 930 1578 965 διάδημα
1592 930 1798 966 περικείμενος,
1809 931 1879 956 ἀνα-

1084 979 1147 1012 ξίως
1162 979 1190 1005 δὲ
1207 979 1319 1014 προσίῃ,
1335 977 1456 1004 κώλυσον
1470 985 1477 993 ⁸
1495 977 1606 1012 μείζονα
1619 977 1724 1003 ὲκεινοο
1735 976 1785 1011 τὴν
1800 975 1883 1007 ἐξου-

1085 1026 1146 1052 σίαν
1161 1024 1279 1059 ἁνέχεις.
1294 1024 1331 1050 Σὺ
1348 1023 1376 1050 δὲ
1392 1024 1416 1050 εί
1431 1023 1482 1058 μὲν
1507 1023 1599 1058 πηγὴν
1625 1023 1720 1054 ὓδατος
1745 1022 1885 1057 ἐνεχειρί-

1084 1070 1152 1105 σθης
1164 1070 1312 1104 φυλάττειν
1327 1069 1449 1104 ποιμνίῳ
1461 1068 1598 1103 καθαρὰν,
1613 1065 1672 1094 εἶτα
1686 1065 1756 1099 εἶδες
1772 1067 1886 1102 πρόϐα-

1085 1125 1132 1143 τον
1149 1117 1234 1143 πολὺν
1250 1116 1296 1142 ἐπὶ
1310 1116 1357 1142 τοῦ
1376 1116 1510 1150 στόματος
1526 1115 1610 1151 φέρον
1628 1115 1772 1150 βόρϐορον.
1784 1116 1836 1141 οὐκ
1848 1115 1882 1141 ἀν

1086 1163 1181 1195 εἴασας
1198 1162 1330 1197 ἐπικύψαι
1348 1161 1423 1189 κάτω
1441 1161 1488 1188 καὶ
1505 1161 1621 1188 θο).ὦσαι
1636 1161 1667 1187 τὸ
1683 1161 1803 1196 ῥεῖθρον·
1822 1163 1881 1187 νυνὶ

1086 1210 1115 1238 δὲ
1129 1210 1179 1245 οὐχ
1194 1209 1291 1240 ὓδατος
1314 1207 1373 1235 ἀλλ’
1395 1208 1513 1243 αἵματος
1539 1209 1586 1234 καὶ
1611 1208 1770 1242 πνεύματος
1788 1208 1880 1242 πηγήν

1087 1255 1337 1292 ἐγκεχειρισμένος,
1354 1254 1403 1282 καὶ
1417 1254 1488 1290 ὁρῶν
1504 1253 1554 1289 τὴν
1568 1253 1701 1289 βορϐόρου
1719 1253 1879 1289 χαλεπωτέ-

1088 1311 1137 1338 ραν
1160 1302 1299 1338 ἁμαρτίαν
1325 1301 1436 1336 ἔχοντάς
1460 1309 1537 1332 τινας
1564 1300 1612 1326 καὶ
1629 1300 1805 1334 προσιόντας,
1828 1300 1876 1326 οὐκ

1088 1349 1253 1384 ἀγανακτεῖς
1268 1347 1330 1375 οὐδὲ
1347 1347 1491 1382 ἀπείργεις
1504 1355 1512 1380 ;
1527 1346 1581 1374 Καὶ
1597 1346 1658 1373 τινα
1676 1346 1771 1381 σχοίης
1785 1346 1818 1373 ἂν
1829 1346 1874 1381 τὴν

1090 1393 1256 1430 συγγνώμην
1270 1412 1279 1426 ,
1295 1393 1343 1420 Διά
1355 1392 1434 1418 τοῦτο
1446 1392 1519 1426 ὑμᾶς
1531 1392 1545 1418 6
1557 1391 1623 1422 Θεδς
1641 1390 1758 1426 ἐτίμησε
1775 1391 1874 1424 ταύτην

1088 1442 1137 1478 τὴν
1153 1442 1247 1476 τιμὴν,
1261 1440 1306 1468 ἵνα
1333 1440 1366 1466 τὰ
1382 1439 1496 1466 τοιαῦτα
1510 1439 1678 1473 διακρίνητι.
1695 1437 1784 1464 Τοῦτο
1800 1438 1874 1472 ὑμῶν

1089 1490 1106 1525 ἡ
1127 1487 1294 1522 ἀξία,τοῠτο
1316 1487 1333 1522 ή
1350 1486 1496 1521 ἀσφάλεια,
1508 1484 1588 1511 τοῦτο
1606 1484 1681 1516 ἅπας
1698 1484 1712 1510 ό
1725 1485 1876 1518 στέφανος³

1090 1535 1121 1561 οὐ
1145 1535 1175 1561 τὸ
1201 1532 1397 1569 περιῦαλέσθαι
1429 1530 1608 1565 χιτωνίσκους
1623 1529 1738 1562 λευκοὺς
1753 1530 1804 1556 καὶ
1816 1530 1880 1556 ἀπο-

1089 1580 1259 1612 στίλϐοντας,
1274 1579 1321 1606 καὶ
1340 1578 1486 1613 περιιέναι.

1125 1671 1159 1699 κ’.
1182 1672 1237 1699 Καὶ
1259 1671 1341 1698 πόθεν
1365 1670 1489 1705 οἴδαμεν,
1506 1669 1584 1704 φασὶ,
1601 1667 1648 1694 τὸν
1670 1667 1745 1694 δεῖνα
1762 1667 1813 1695 καὶ
1837 1667 1883 1694 τὺν

1089 1720 1184 1752 δεῖνα;
1203 1718 1240 1745 Οὐ
1260 1717 1326 1752 περὶ
1341 1717 1395 1743 τῶν
1420 1715 1611 1750 ἀγνοουμένων
1627 1713 1709 1748 λέγω,
1729 1713 1800 1740 ἀλλά
1819 1715 1882 1748 περὶ

1090 1764 1145 1791 τῶν
1172 1762 1328 1797 γνωρίμων.
1351 1761 1428 1788 Εἴπω
1443 1760 1469 1787 τί
1487 1759 1724 1795 φρικωδέστερον·
1743 1759 1796 1794 οὐχ
1810 1759 1878 1786 οὕτω

1091 1809 1209 1845 χαλεπὸν
1226 1809 1290 1839 τοὺς
1304 1806 1521 1841 ὲνεργουμένους
1536 1804 1574 1840 (l)
1587 1805 1662 1832 ἔνδον
1676 1803 1759 1838 εἶναι,
1773 1805 1811 1836 ὡς
1822 1805 1882 1831 τού-

1091 1864 1166 1887 τους,
1209 1863 1293 1890 φησιν
1308 1855 1322 1880 ὁ
1340 1853 1457 1886 Παῦλος,
1481 1852 1527 1879 διὰ
1551 1851 1582 1878 τὸ
1601 1851 1647 1878 τὸν
1662 1851 1783 1886 Χριστὸν
1797 1861 1879 1879 κατα-

1093 1902 1226 1935 πατῆσαι,
1241 1900 1289 1926 xa‘t
1303 1900 1332 1926 ἰδ
1353 1896 1425 1934 αἷμα
1439 1899 1488 1932 τῆς
1504 1897 1638 1932 διαθήκης
1664 1898 1757 1925 κοινὸν
1777 1899 1883 1934 ἡγήσα-

1094 1945 1168 1978 σθαι,
1184 1945 1233 1972 καὶ
1250 1945 1300 1979 τὴν
1316 1945 1395 1979 χάριν
1413 1943 1461 1970 τοῦ
1482 1941 1639 1976 Πνεύματος
1654 1943 1885 1979 ἔνυδρίσαι·διι-

1095 1989 1230 2025 μονῶντος
1247 1990 1302 2025 γὰρ
1319 1989 1418 2024 χείρων
1438 1988 1452 2015 ὁ
1473 1988 1655 2024 ἡμαρτηκὼς,
1674 1989 1723 2015 καὶ
1738 1990 1860 2024 προσιών
1871 1997 1882 2007 ·

1093 2037 1106 2062 ὁ
1124 2036 1173 2071 μὲν
1193 2036 1247 2071 γὰρ
1261 2035 1355 2070 ἐπειδὴ
1381 2035 1509 2070 δαιμονᾷ,
1523 2035 1554 2062 οὐ
1569 2034 1714 2066 κολάζεται
1729 2043 1736 2050 ·
1751 2034 1831 2068 οὗτος
1843 2036 1882 2070 δὲ,

1093 2082 1158 2108 ὅταν
1170 2081 1289 2115 ἀναξίως
1303 2082 1414 2117 προσίῃ,
1427 2081 1555 2116 ἀθανάτῳ
1568 2081 1746 2116 παραδίδοται
1758 2081 1881 2110 κολάσει.

1093 2128 1140 2164 Μὴ
1152 2127 1243 2154 τοίνυν
1269 2127 1334 2159 τοὺς
1359 2127 1545 2162 δαιμονῶντας
1560 2127 1686 2154 ἐλαύνετε
1703 2128 1798 2162 μόνον,
1815 2129 1881 2156 ἀλλὰ

1094 2176 1198 2206 πάντας
1225 2174 1330 2206 ἁπλῶς,
1345 2173 1392 2206 οὓς
1418 2174 1452 2201 ἂν
1481 2174 1555 2208 ἴδητε
1573 2173 1736 2209 προσιόντας
1752 2175 1871 2208 ἀναξίως
1883 2166 1896 2179 ”

250 2219 390 2253 ρλροιιὶιο,
412 2218 460 2245 sed
476 2218 588 2245 omnino
605 2225 700 2246 omnes
722 2227 792 2254 quos
817 2220 929 2255 indigne
959 2228 1034 2248 acce-

1091 2222 1196 2258 Μηδεὶς
1211 2223 1377 2249 κοινωνείτω
1393 2221 1448 2247 τῶν
1467 2221 1506 2256 μὴ
1528 2221 1659 2256 μαθητῶν
1673 2229 1680 2237 ·
1701 2222 1798 2257 μηδεὶς
1813 2223 1883 2256 λαμ-

251 2268 348 2292 etentes
362 2263 500 2291 videritis.
521 2263 607 2291 Nemo
640 2264 834 2296 communicet,
849 2267 895 2299 qui
917 2273 972 2292 non
1000 2266 1037 2294 sit

251 2310 418 2345 discipulus:
433 2310 524 2336 nullus
535 2310 651 2344 accipiat
664 2310 760 2343 Judas,
789 2318 823 2337 ne
836 2310 912 2338 Judzc
927 2319 1036 2346 pmnam

250 2357 318 2385 luat.
336 2357 442 2391 Corpus
453 2356 554 2383 Christi
571 2355 629 2383 luce
639 2364 749 2391 quoque
762 2357 909 2385 multitudo
921 2364 974 2386 est.
987 2360 1038 2387 Ca-

250 2408 312 2430 vete
341 2411 417 2438 ergo,
446 2410 463 2429 o
492 2402 683 2438 mysteriorum
710 2403 841 2436 ministri,
860 2411 895 2431 ne
923 2405 1038 2434 irritetis

250 2449 408 2482 Dominum,
438 2450 461 2476 si
476 2455 574 2482 corpus
592 2448 643 2475 hoc
657 2456 710 2475 non
723 2450 887 2482 purilicctis.
899 2456 927 2478 et
942 2452 964 2479 si
981 2452 1037 2486 gla-

250 2496 326 2522 dium
350 2503 399 2530 pro
416 2496 545 2522 alimonia
579 2495 704 2522 tratlatis.
744 2495 796 2523 Sed
824 2497 931 2524 etiamsi
969 2498 1039 2526 forte

251 2542 349 2576 aliquis
362 2542 518 2577 ignoranter
526 2541 639 2569 accedat
649 2542 682 2568 ad
696 2541 807 2577 indigne
820 2543 1040 2578 percipiendum,

249 2588 352 2622 absque
368 2589 424 2615 ullo
439 2593 512 2615 metu
536 2588 700 2622 prohibete:
718 2589 801 2615 Deum
828 2590 954 2621 metuite.
985 2599 1039 2618 non

250 2633 385 2661 hormines.
404 2633 502 2669 Utique
518 2634 541 2661 si
556 2634 682 2662 homines
707 2635 870 2666 metueritis,
890 2636 924 2663 ab
941 2636 1037 2664 iisdem

289 2726 310 2741 ”
321 2725 416 2753 Matth.
432 2734 505 2759 xxvt,
528 2725 570 2753 l8.

284 2796 322 2829 (l)
343 2795 446 2830 Nempe
462 2795 585 2830 loquitur
600 2794 664 2825 illis.
683 2794 786 2828 quibus
804 2795 927 2823 Ecclesia
940 2794 1035 2823 divina

249 2832 377 2865 mysteria
395 2839 448 2858 non
468 2832 523 2858 intc
529 2831 654 2856 rdixcrtt.

284 2866 322 2900 ιτ)
341 2866 445 2894 Idcirco
469 2868 495 2894 in
509 2866 634 2901 picturis,
651 2864 741 2893 missae
765 2865 922 2895 Crtecorum
958 2875 1039 2896 cncr—

1089 2269 1194 2295 σανέτω
1214 2268 1326 2300 Ἰούδας,
1339 2268 1384 2295 ἶνα
1402 2267 1440 2303 μὴ
1457 2268 1492 2294 τά
1515 2267 1602 2294 Ἰούδα
1624 2269 1709 2304 πάθῃ.
1724 2268 1809 2304 Σῶμα
1825 2270 1884 2296 ἐστι

1090 2315 1208 2350 Χριστοῦ
1236 2316 1282 2341 καὶ
1299 2314 1378 2341 τοῦτο
1394 2314 1425 2341 τδ
1441 2315 1552 2350 πλῆθος.
1574 2315 1674 2349 Ὅριτε
1693 2315 1761 2349 γοῦν
1775 2316 1800 2342 oi
1823 2316 1884 2342 δια-

1089 2361 1248 2396 κονούμενοι
1272 2362 1328 2392 τοῖς
1342 2361 1513 2396 μυστηρίοις.
1531 2361 1570 2396 μὴ
1585 2360 1759 2396 παροξύνητε
1775 2362 1822 2388 τὴν
1835 2364 1886 2388 Δε-

1090 2408 1205 2442 σπότην,
1218 2407 1268 2434 οὐκ
1283 2406 1495 2441 ἐκκαθαίροντες
1510 2407 1540 2432 τὸ
1557 2407 1640 2442 σῶμα
1655 2411 1743 2439 cauti,
1755 2409 1794 2443 μὴ
1809 2408 1886 2442 ξίφος

1090 2453 1159 2480 δῶτε
1179 2453 1244 2479 ἀντὶ
1260 2452 1364 2487 τροφῆς
1377 2460 1385 2468 ο
1397 2451 1465 2478 ἀ).λὰ
1489 2451 1542 2478 κᾶν
1554 2453 1607 2478 ὑπὸ
1629 2452 1742 2486 ἀγνοίας
1755 2453 1829 2485 τινὲς
1841 2455 1887 2488 Ep-

1091 2507 1196 2535 χωνται
1225 2498 1385 2533 μεθέξοντες
1411 2498 1540 2531 ἀναξίως,
1556 2499 1708 2532 κωλύσατε,
1735 2500 1772 2534 μὴ
1800 2502 1887 2534 φοεησ

1090 2544 1157 2579 θῆτε
1171 2552 1178 2560 ο
1194 2543 1334 2578 φοϐήθητε
1349 2543 1396 2570 τὸν
1421 2543 1500 2576 Θεόν,
1521 2544 1559 2579 μὴ
1585 2544 1758 2580 ἀνθρώπους.
1775 2546 1825 2572 Ἂν
1837 2554 1887 2580 φο-

1091 2591 1194 2626 ϐηθῆτε
1209 2590 1384 2625 ἀνθρώπους,
1396 2590 1444 2616 καὶ
1465 2590 1512 2616 ὑπ’
1527 2590 1618 2616 αὐτῶν
1641 2592 1887 2627 καταγελασθήσια

1094 2638 1141 2664 alia
1151 2646 1158 2653 ·
1172 2637 1205 2664 ἀν
1216 2637 1244 2664 δὲ
1252 2637 1296 2664 τὸν
1311 2636 1388 2671 Θεὸν,
1399 2637 1446 2663 καὶ
1461 2636 1617 2672 ἀνθρώποις
1627 2637 1766 2673 αἰδέσιμοι
1781 2638 1888 2667 ἔσεσθε.

1094 2798 1204 2833 gumcni
1222 2799 1273 2826 sub
1291 2799 1423 2826 diemonis
1448 2799 1540 2833 specie
1557 2798 1644 2826 sacris
1659 2798 1770 2827 aedibus
1783 2798 1885 2826 divino-

1095 2841 1150 2869 que
1165 2835 1296 2870 mysterio
1306 2835 1493 2870 expelluntur.
