1916 3068
93 134 144 165 96’)

765 133 933 164 ETHICON
955 133 1038 165 Vill.

1671 129 1720 158 97d

92 193 141 220 Δια
155 192 235 219 τοῦτο
254 192 293 227 μὴ
315 192 512 227 συγχωρήσητε
545 191 630 218 ταῦτα
647 191 812 226 τολμᾶσθαι.
830 191 885 225 Τῆς

939 189 1140 218 irridebimini:
1170 189 1212 217 sin
1240 188 1330 223 potius
1357 188 1450 219 Deum,
1478 186 1635 214 hominibus
1658 187 1724 219 ip~is

91 240 183 274 ψυχῆς
214 240 328 270 ἕκαστος
356 238 434 273 ὑμῶν
461 239 609 273 ἀποστήτω
637 238 781 273 πρότερον,
800 238 816 273 ἢ
835 237 881 264 τοῦ

93 286 220 320 σώματος
240 285 378 319 μεταδότω
393 284 442 311 τοῦ
462 283 631 310 Δεσποτικοῦ
645 284 712 317 παρ’
725 283 802 317 ἀξίαν
816 291 822 298 ”
837 284 885 310 καὶ

91 332 121 358 τὸ
133 329 202 366 αἷμα
228 333 258 357 τδ
285 330 385 357 ἑαυτοῦ
403 330 523 365 προῖέτω
539 330 684 365 πρότερον,
701 329 717 364 ἢ
745 329 885 364 μεταδότω

92 378 208 412 αἵματος
230 377 302 404 οὕτω
322 377 476 412 φρικώδους
499 377 577 411 παρὰ
594 376 625 403 τὸ
647 376 796 412 προσῆκον.
811 377 841 402 Εἰ
857 376 886 402 δὲ

92 423 212 458 ἠγνόησέ
237 431 278 453 τις
304 423 349 448 τὶν
373 421 485 456 φαῦλον,
503 421 591 448 πολλὰ
617 421 884 457 περιεργασάμενο;,

92 469 169 496 οὐδὲν
186 468 314 504 ἔγκλημα
326 477 334 484 ο
350 468 435 494 ταῦτα
450 469 504 503 γάρ
529 476 575 503 μοι
592 469 656 502 περὶ
674 468 728 494 τῶν
743 468 832 502 δήλων
845 468 885 494 εἴ-

95 523 187 549 ρηται.
203 514 253 539 "Av
271 511 317 540 οὖν
334 514 397 544 τοὺς
412 514 569 548 γνωρὶμους
585 513 638 539 τῶν
653 513 765 547 φαύλων
776 512 888 547 διορθώ-

94 568 171 594 σητε,
183 559 230 585 καὶ
243 559 305 591 τοὺς
323 559 452 594 ἀγνῶτας
466 559 571 594 ταχέως
585 558 649 592 ὑμῖν
661 559 674 584 6
686 558 751 590 Θεὸς
764 559 885 592 γνωριεῖ.

93 606 143 632 Ἂν
161 606 188 632 δὲ
205 605 318 636 τούτους
342 605 454 638 ἐάσητε,
474 605 547 636 τινος
563 604 657 631 ἕνεκεν
679 605 744 639 ὑμῖν
765 604 887 634 ἐκείνους

93 652 229 686 φανεροὺς
241 653 349 684 ποιήσει
360 651 452 677 λοιπόν
464 659 470 683 ;
484 650 577 678 Ταῦτα
586 650 658 681 λέγω
671 651 719 685 οὐχ
733 650 775 677 ἵνα
787 649 886 684 ἀπείρ-

94 707 174 733 γητε,
202 699 258 725 οὐδ’
286 698 330 724 ἴνα
357 697 511 732 ὲκτέμνητε
529 697 622 732 μόνον,
638 697 695 723 ἀλλ’
710 697 754 724 ἵνα
774 695 888 731 διορθώ-

96 753 191 776 σαντες
209 744 403 779 ὲπαναγάγητε
417 752 423 759 ·
445 743 516 770 οὕτω
534 743 587 778 γὰρ
605 744 651 770 καὶ
668 743 714 770 τὸν
728 743 795 769 Θεὸν
809 743 887 769 ἵλεων

95 791 180 823 ἕξετε,
195 791 242 816 καὶ
257 789 372 820 πολλοὺς
383 790 447 821 τοὺς
458 790 517 816 κατ’
530 790 609 822 ἀξίαν
627 789 888 824 μεταλαμὸἀνοντας

94 838 238 872 εὑρήσετε,
255 837 303 863 καὶ
328 837 377 871 τῆς
395 836 502 866 οἰκείας
522 835 651 869 σπουδῆς,
677 836 725 861 καὶ
753 835 804 869 τῆς
823 836 887 869 περὶ

94 884 157 913 τοὺς
176 883 272 914 ἄλλους
290 881 451 917 ἐπιμελείας
469 881 556 907 πολὺν
573 881 748 915 ἀπολήψεσθε
766 881 811 907 τὸν
841 889 886 915 μι-

96 929 170 957 σθόν.

129 978 181 1002 καθ.
200 975 261 1001 Ἔτι
278 974 379 1005 πάντες
395 973 420 1000 οἱ
436 973 520 1009 ἱερεῖς
540 974 586 1000 καὶ
609 974 623 1000 6
647 974 713 1005 λαὸς
736 974 781 1000 διὰ
805 982 888 1000 σπου-

94 1021 144 1056 δῆς
165 1020 310 1054 ποιώμεθα
333 1019 445 1052 πολλῆς,
472 1019 543 1045 ὥστε
572 1019 642 1054 μετὰ
662 1020 712 1054 τὴν
735 1020 812 1054 ἱερὰν
840 1021 888 1047 καὶ

96 1066 213 1101 φρικτὴν
227 1065 332 1101 ταύτην
347 1064 500 1100 τράπεζαν,
517 1064 556 1099 μὴ
574 1065 642 1098 πρὸς
658 1064 745 1099 μέθην
762 1067 808 1091 xtl.
823 1074 887 1100 τρυ-

95 1113 149 1147 φὴν
162 1112 274 1142 ἑαυτοὺς
302 1111 453 1138 ἐκδιδόναι·
472 1113 496 1137 εἰ
522 1111 576 1145 γὰρ
598 1111 728 1137 οὐδέποτε
747 1112 801 1146 χρὴ
824 1120 888 1146 τρυ-

96 1158 161 1193 φᾷν,
180 1157 226 1184 καὶ
245 1156 326 1184 τοῦτο
349 1157 363 1183 6
385 1155 490 1187 Παῦλος
508 1156 643 1191 ἐδήλωσεν
658 1155 754 1186 εἰπὼν,
774 1165 783 1181 ι
808 1157 840 1182 ’11
858 1156 887 1183 δὲ

97 1203 265 1230 σπαταλῶσα
291 1203 367 1235 ζῶσα
389 1202 514 1236 τέθνηκε,
541 1211 550 1228 ι
574 1201 665 1236 πολλῷ
690 1203 791 1237 μᾶλλον
816 1203 887 1236 μετὰ

94 1249 145 1284 τὴν
170 1249 224 1276 τῶν
254 1249 414 1284 μυστηρίων
439 1249 603 1275 κοινωνίαν·
625 1249 654 1274 οὐ
679 1249 732 1284 γὰρ
749 1248 793 1275 διὰ
809 1250 887 1275 τοῦτο

94 1294 246 1329 ἐγενόμεθα
272 1295 318 1321 καὶ
343 1295 446 1329 ζῶμεν,
470 1294 514 1321 ἵνα
543 1294 677 1329 φάγωμεν
701 1295 746 1320 καὶ
766 1295 886 1329 πίωμεν,

94 1341 163 1367 ἀλλὰ
173 1341 204 1367 τὸ
216 1342 314 1374 φαγεῖν
329 1340 374 1367 δια
391 1341 420 1367 τὸ
434 1341 483 1375 ζῇν
498 1341 612 1374 γέγονεν
628 1341 657 1373 ἐξ
673 1342 771 1376 ἀρχῆς.
790 1341 887 1376 Ἡμεῖς

93 1387 122 1414 δὲ
147 1387 185 1418 ὡς
208 1387 252 1413 διὰ
275 1386 356 1413 τοῦτο
381 1387 507 1418 ἐλθόντες
530 1389 571 1419 εὶς
598 1387 643 1414 τον
665 1388 780 1422 κόσμον,
799 1387 886 1419 οὕτως

93 1435 134 1465 εἰς
159 1434 240 1460 τοῦτο
256 1433 344 1459 πάντα
365 1433 605 1468 καταναλίσκομεν
617 1453 624 1465 ,
641 1434 689 1459 καὶ
713 1434 783 1468 μετὰ
801 1434 886 1469 μέθης

93 1482 148 1508 ἀπὸ
172 1480 223 1515 τῆς
239 1481 374 1516 αἰσθητῆς
397 1481 572 1516 ἁνιστάμεθα
587 1481 740 1516 τραπέζης,
763 1481 886 1516 μηδόλως

93 1525 300 1561 ἐνθυμούμενοι,
327 1526 365 1558 ὼς
393 1527 407 1553 6
437 1527 507 1561 μετὰ
542 1527 592 1562 τὴν
622 1527 765 1562 τράπεζαν
789 1527 886 1563 καιρδς

91 1573 270 1607 εὐχαριστίας
295 1573 354 1598 ἐστὶ
383 1572 430 1599 καὶ
445 1571 539 1607 ὕμνων
555 1573 652 1607 καιρός
667 1581 673 1588 '
691 1573 737 1599 τὸν
759 1573 787 1600 δὲ
803 1574 885 1608 εὐχα-

93 1619 241 1653 ριστοῦντα
267 1619 329 1654 οὐχὶ
355 1618 466 1652 μεθύειν
488 1618 589 1653 χρεὼν,
606 1618 664 1644 ἀλλ’
683 1620 885 1654 ἐγρηγορέναι’

90 1665 106 1691 ὁ
122 1665 178 1700 γὰρ
201 1663 281 1690 τοῦτο
306 1664 510 1699 ἐνθυμούμενος
528 1664 593 1690 ὅταν
616 1664 664 1690 ἐπὶ
679 1665 820 1700 τραπέζης
836 1675 886 1692 κα-

91 1710 165 1745 θίσῃ,
187 1710 228 1736 ὅτι
255 1709 324 1745 μετὰ
345 1710 394 1745 τὴν
415 1710 556 1744 τράπεζαν
577 1709 658 1736 αὑτὸν
683 1709 811 1745 εῠχεσθαι
835 1711 885 1744 δεῖ,

93 1755 260 1790 συμμέτρως
279 1755 417 1790 ἐμπλήσει
433 1755 483 1789 τὴν
499 1755 631 1790 γαστέρα,
646 1755 691 1782 ἵνα
715 1757 751 1791 μὴ
771 1756 887 1792 βαρυνό-

93 1809 174 1835 μενος
189 1802 256 1835 γόνυ
277 1801 368 1827 κλῖναι
384 1801 554 1838 ἀδυνατήσῃ,
572 1803 619 1828 καὶ
635 1803 682 1828 τὸν
706 1802 774 1829 θεὸν
794 1812 885 1838 παρα-

91 1847 219 1879 καλέσαι,
236 1847 386 1873 κάντεῦθεν
409 1847 523 1881 γένηται
555 1849 602 1874 καὶ
625 1849 679 1874 τῶν
697 1849 803 1882 ἀλόγων
823 1849 886 1875 ἁλο-

90 1892 223 1927 γὼτιρος.
239 1894 270 1919 Εἰ
283 1894 338 1928 γὰρ
352 1895 444 1920 ἐκεῖνα
460 1895 530 1928 μετὰ
544 1894 594 1930 τὴν
608 1895 713 1930 φάτνην
726 1896 885 1930 ὁδοιπορίας

91 1939 210 1966 ἅπτεται
233 1940 280 1965 καὶ
299 1939 459 1974 ὰχθοιρορεῖ,
476 1941 525 1966 καὶ
539 1940 588 1975 τὴν
604 1940 712 1968 οἰκείαν
726 1940 885 1976 ἀποπληροῖ

91 1985 245 2016 διακονίαν,
261 1985 320 2017 πῶς
335 1987 385 2012 οὐκ
401 1986 566 2021 ἀτιμότερος
579 1986 627 2013 καὶ
642 1986 733 2013 αὐτῶν
750 1987 801 2013 τῶν
817 1987 886 2014 ὄνων

90 2031 106 2056 ὁ
125 2029 195 2064 μετὰ
209 2029 259 2065 τὴν
274 2030 415 2064 τράπεζαν
431 2031 568 2066 ἄχρηστος
582 2031 728 2067 ἄνθρωπος
745 2032 814 2067 πρὸς
829 2033 886 2060 πᾶν

91 2076 174 2111 ἔργον
191 2077 239 2102 καὶ
258 2076 458 2111 ἀνεπιτήδειος,
479 2077 524 2103 ὅτε
550 2078 669 2111 μάλιστα
693 2079 790 2114 νήφειν
813 2080 884 2115 χρή;

93 2123 148 2149 Καὶ
170 2122 224 2156 γὰρ
245 2122 285 2148 ὅτι
302 2122 372 2157 μετὰ
385 2122 434 2156 τὴν
454 2122 576 2149 ἑστίασιν
594 2123 642 2158 οὐχ
663 2123 746 2150 ὕπνον
762 2125 822 2151 οὐδὲ
840 2126 886 2151 εὑ-

90 2169 153 2204 νὴν,
183 2169 241 2195 ἀλλ’
271 2168 356 2204 εὐχὰς
383 2169 431 2194 καὶ
460 2169 542 2196 θείων
570 2169 689 2204 Γραφῶν
721 2171 884 2204 ἀνάγνωσιν,

91 2215 168 2250 ἡμᾶς
185 2214 358 2249 διαδὲχισθαι
385 2214 450 2249 χρὴ,
465 2214 546 2241 τοῦτο
563 2217 733 2250 σαφέστερον
749 2216 884 2251 ἐδήλωσεν

89 2263 105 2288 6
119 2262 238 2296 Χριστός
251 2269 258 2276 -
275 2262 310 2287 τὰ
328 2260 394 2294 γοῦν
406 2261 510 2296 ἄπειρα
527 2261 619 2296 πλήθη
633 2262 695 2288 τότε
712 2263 844 2295 ἑστιάσας
856 2265 885 2290 ὲν

89 2309 124 2344 τῇ
140 2308 247 2343 ἐρήμῳ,
260 2308 311 2334 οὐκ
327 2308 374 2334 ἐπὶ
387 2308 483 2344 κλίνην
498 2309 598 2339 αὐτοὺς
617 2308 752 2343 ἐπεμψεν,
767 2309 825 2337 ἀλλ’
839 2311 887 2338 ἐπὶ

90 2353 170 2381 θείαν
189 2354 324 2389 ἀκρόασιν
339 2353 454 2380 ἐκάλεσε
473 2353 572 2387 λογίων
584 2362 591 2368 ·
616 2354 647 2380 οὐ
669 2354 724 2390 γὰρ
743 2355 885 2392 διέρρηξεν

93 2398 184 2426 αὐτῶν
197 2399 248 2430 τὰς
259 2398 405 2434 γαστέρας,
420 2398 480 2425 οὑδὶ
497 2398 537 2429 εις
551 2397 640 2433 μέθην
661 2399 802 2434 ἐνέϐαλεν,
816 2402 885 2429 ἀλλὰ

93 2445 244 2480 πληρώσας
265 2444 357 2471 αὐτῶν
374 2444 424 2479 τὴν
448 2445 554 2480 χρείαν,
573 2445 644 2480 πρὸς
667 2446 716 2480 τὴν
732 2455 885 2482 πνευματι-

91 2493 146 2524 κὴν
173 2489 227 2526 ἦγε
254 2493 369 2525 τροφήν.
387 2489 466 2516 Οὕτω
490 2491 536 2517 καὶ
569 2491 651 2526 ἡμεῖς
679 2493 812 2528 ποιῶμεν,
837 2495 885 2521 καὶ

90 2537 220 2565 τοσοῦτον
243 2537 385 2568 ιθίσαντες
408 2537 521 2568 ἑαυτοὺς
549 2537 652 2565 ἐσθιειν
673 2539 736 2565 ὅσον
763 2542 832 2574 πρὶς
854 2541 885 2568 τὸ

91 2583 144 2618 ζῇν
166 2582 258 2617 μόνον,
279 2582 329 2618 οὐχ
351 2581 415 2608 ὅσον
434 2582 604 2609 διασπᾶσθαι
626 2584 674 2609 καὶ
695 2585 883 2619 βαρύνεσθαι·

91 2629 141 2656 καὶ
155 2629 271 2656 πάντοτε
293 2628 344 2664 μὲν
359 2628 413 2655 ἀπὸ
427 2628 477 2664 τῆς
498 2629 642 2664 τραπέζης
669 2631 706 2666 μὴ
725 2632 772 2658 ἐπὶ
787 2632 884 2668 κλένην

90 2677 150 2704 ἀλλ’
169 2677 212 2703 ἐπ’
226 2677 311 2713 εὐχὴν
322 2677 492 2712 τρεπώμεθα
508 2676 556 2712 (1).

130 2748 152 2764 ⁸³
168 2747 176 2774 l
193 2747 266 2774 Tim.
282 2755 308 2779 ν,
323 2747 351 2774 6.
391 2747 412 2762 ¹⁰
429 2746 496 2774 Luc.
516 2754 553 2779 Ix,
573 2746 614 2774 18.

132 2831 169 2865 (1)
186 2830 234 2857 Est
249 2830 379 2856 hodierna
393 2837 504 2864 quoque
517 2828 689 2865 consuetudo
707 2830 732 2856 in
745 2830 879 2864 religiosis

92 2866 240 2898 Sodalitiis,
272 2871 301 2892 ut
323 2870 385 2899 post
415 2872 538 2891 mensam
560 2864 593 2890 ad
620 2865 785 2892 adorandum
810 2867 874 2893 bre-

255 2913 391 2943 PA'l‘ilOL.
408 2913 464 2943 GR.
489 2912 616 2942 CXLIX.

939 234 1088 261 venerandi
1103 234 1190 261 eritis.
1208 234 1271 260 ideo
1287 241 1320 261 ne
1348 233 1491 268 patiamini
1508 232 1662 267 hujusmodi
1676 239 1725 257 au-

938 288 995 307 sus.
1010 281 1113 307 Anima:
1130 280 1246 314 quisque
1281 287 1337 306 suae
1354 279 1444 314 potius
1473 277 1622 309 renuntiet,
1645 286 1726 312 quam

937 327 1109 354 Dmninicum
1124 333 1224 360 corpus
1238 330 1332 353 contra
1357 325 1516 360 dignitatem
1532 325 1639 352 tradat:
1667 332 1728 351 san-

938 374 1047 408 guinem
1063 373 1179 407 quisque
1199 380 1279 399 suum
1303 376 1366 400 ante
1395 372 1530 407 prodigat,
1561 379 1642 406 qttam
1660 371 1728 398 adeo

939 418 1111 445 tremendum
1128 420 1290 454 sanguinem
1310 422 1405 447 contra
1418 418 1458 445 fas
1473 417 1571 445 tradat.
1596 417 1674 450 Quod
1705 417 1726 443 si

938 464 1039 498 aliquis
1050 464 1188 491 hominem
1206 469 1380 499 peccatorem
1403 463 1579 499 ignoraverit,
1600 463 1728 498 quamvis

939 517 1105 545 magnopere
1116 511 1307 546 vestigaverit,
1320 511 1394 538 nulla
1404 511 1490 546 ipsius
1501 511 1578 544 culpa
1590 509 1652 536 erit.
1667 509 1729 535 llaec

938 555 1010 582 enim
1028 563 1077 583 nos
1092 556 1125 583 de
1141 557 1291 584 manifestis
1309 557 1393 584 loculi
1405 563 1510 584 sumus.
1529 556 1587 583 Jatn
1605 555 1627 582 si
1650 559 1729 581 notos

939 605 1099 635 peccatores
1109 602 1331 630 ctneudaveritis.
1342 603 1433 629 statim
1446 602 1552 636 ignotos
1563 608 1671 635 quoque
1681 608 1729 626 vo—

940 646 982 674 bis
1008 647 1079 675 Deus
1096 648 1238 675 revelabit.
1254 648 1331 681 Quod
1350 649 1372 675 si
1391 649 1450 675 illos
1468 647 1598 675 accedere
1617 647 1730 682 permit-

940 692 1015 723 tatis,
1026 700 1075 719 cur
1083 693 1138 728 jam
1151 693 1273 728 reliquos
1284 694 1364 721 vobis
1375 693 1446 721 Deus
1455 694 1613 722 manifestet
1621 693 1632 719 ?
1641 695 1730 727 Atque

939 738 997 765 haec
1008 738 1062 771 aio,
1074 744 1168 766 utnon
1179 740 1297 768 arceatis
1309 740 1499 767 tantummodo
1508 740 1549 767 vel
1563 739 1728 774 prmcidatis,

939 785 986 811 sed
1009 790 1038 812 ut
1059 786 1220 814 emendatos
1243 787 1392 814 reducatis.
1419 787 1464 814 Sic
1488 786 1563 814 enim
1589 790 1618 813 et
1641 786 1728 812 Deum

940 831 1086 866 propitium
1098 832 1245 864 habebitis,
1254 837 1282 860 et
1293 833 1393 860 multos
1403 833 1483 868 digne
1492 832 1729 860 communicantes

940 878 1125 912 comperietis,
1141 883 1170 905 et
1180 883 1276 906 vestra;
1293 879 1460 911 sedulitatis,
1482 884 1566 914 atque
1582 887 1646 914 erga
1659 878 1729 905 alios

938 930 1012 949 cura:
1028 923 1141 950 multant
1166 924 1291 951 referetis
1314 925 1481 952 mercedem.

975 969 1019 996 21.
1038 968 1154 1005 Insuper
1171 971 1261 998 cuncti
1281 971 1439 998 sacerdotes
1457 978 1488 999 ac
1516 971 1635 1007 populus
1651 971 1730 998 valde

939 1015 1110 1047 Studeamus,
1139 1024 1174 1043 ne
1201 1016 1263 1051 quis
1281 1021 1343 1051 post
1371 1025 1479 1044 sacrum
1503 1017 1730 1051 tremendumque

939 1062 1105 1095 convivium,
1125 1062 1250 1090 ebrietati
1266 1068 1294 1090 et
1307 1063 1422 1090 luxuriae
1436 1071 1465 1091 se
1489 1063 1582 1091 dedat.
1607 1064 1674 1091 Nam
1694 1063 1729 1096 si,

939 1114 1078 1142 nunquam
1092 1107 1225 1135 luxuriari
1246 1113 1374 1142 oportere
1387 1109 1468 1136 docet
1490 1108 1589 1136 Paulus
1615 1108 1727 1136 dicens:

943 1162 951 1179 ι
969 1154 1035 1187 Qua:
1047 1159 1139 1181 autem
1154 1155 1180 1182 in
1194 1155 1301 1183 deliciis
1317 1161 1368 1186 est,
1380 1156 1473 1182 vivens
1483 1160 1590 1182 mortua
1602 1159 1645 1183 est
1655 1156 1676 1172 "
1690 1165 1697 1188 ;
1718 1165 1727 1181 ι

940 1201 1026 1228 multo
1042 1201 1068 1227 id
1084 1202 1173 1229 minus
1194 1207 1254 1237 post
1270 1202 1465 1237 mysteriorum
1495 1202 1729 1230 communionetn.

938 1247 997 1274 Non
1012 1247 1085 1274 enim
1096 1248 1193 1276 adhoc
1211 1248 1265 1276 nati
1284 1256 1377 1276 sumus
1391 1253 1419 1276 et
1431 1249 1558 1280 vivimus,
1576 1248 1731 1275 utmandu-

939 1300 1033 1321 ceruus
1061 1301 1092 1321 ac
1111 1294 1248 1327 bibamus,
1264 1295 1311 1322 sed
1330 1295 1391 1322 ideo
1412 1295 1582 1322 comedimus
1608 1300 1637 1322 ut
1657 1295 1731 1322 viva-

939 1347 1016 1366 mus:
1032 1341 1132 1375 quippe
1146 1341 1218 1368 haud
1233 1341 1325 1368 vivere
1338 1346 1368 1368 ut
1382 1349 1536 1375 vescamur,
1549 1341 1597 1370 sed
1610 1341 1683 1369 vesci
1700 1345 1730 1368 ut

939 1385 1074 1418 vivamus,
1107 1386 1199 1421 prisco
1223 1387 1286 1421 jure
1327 1392 1460 1416 statutum
1487 1392 1538 1416 est.
1565 1387 1622 1415 Nos
1649 1395 1728 1420 vero,

939 1432 1016 1466 quasi
1033 1432 1066 1459 ad
1081 1433 1221 1467 crapulam
1241 1434 1268 1460 in
1284 1435 1417 1461 mundtttn
1446 1435 1615 1466 venerimus,
1629 1440 1728 1461 cuncta

938 1477 968 1505 in
994 1478 1068 1506 illam
1094 1479 1276 1511 absumimus,
1297 1480 1451 1515 ebriiquea
1474 1480 1608 1507 materiali
1636 1488 1731 1507 mensa

939 1525 1096 1560 surgimus:
1112 1526 1224 1553 minime
1239 1530 1410 1561 reputantes,
1439 1527 1511 1561 quod
1531 1531 1593 1561 post
1608 1534 1729 1554 mensam

918 1583 924 1589 -
940 1574 1048 1606 tempus
1078 1571 1245 1606 agendarum
1269 1573 1419 1607 gratiarum
1433 1576 1460 1599 et
1477 1572 1642 1608 hymnorum
1659 1577 1730 1600 tem-

938 1625 990 1650 pus
1003 1618 1055 1644 sit:
1073 1625 1156 1653 porro
1166 1625 1242 1651 cum,
1258 1619 1304 1653 qui
1321 1619 1424 1654 gratias
1436 1619 1502 1653 agit,
1529 1619 1604 1647 haud
1618 1619 1728 1647 ebrium

938 1672 998 1692 esse
1018 1669 1145 1699 oportere
1161 1664 1209 1692 sed
1226 1669 1428 1698 experrectum.
1446 1664 1513 1692 Nam
1540 1666 1585 1700 qui
1604 1665 1731 1693 conside-

938 1715 991 1741 ret,
1018 1710 1197 1737 dumtuensa:
1222 1710 1372 1740 accumbit,
1396 1710 1453 1736 fore
1473 1714 1502 1736 ut
1517 1715 1578 1744 post
1605 1718 1728 1737 mensam

937 1763 1033 1791 preces
1050 1756 1132 1788 dicat,
1147 1756 1170 1782 is
1183 1756 1291 1782 modice
1319 1761 1442 1783 ventrem
1466 1756 1600 1790 implebit,
1615 1764 1650 1783 ne
1667 1757 1730 1784 cibo

938 1806 1065 1836 gravatus
1080 1809 1150 1837 genu
1168 1801 1279 1829 ﬂectere
1290 1805 1419 1836 nequeat.
1431 1807 1460 1829 et
1474 1801 1559 1829 Deum
1577 1802 1706 1829 invocare
1721 1811 1728 1832 ;

938 1855 1019 1884 atque
1045 1849 1107 1876 hinc
1135 1849 1180 1875 fiat
1208 1848 1297 1876 brutis
1325 1848 1520 1875 irrationalior.
1547 1849 1613 1875 Nam
1629 1849 1652 1875 si
1683 1849 1728 1876 illa

939 1900 999 1930 post
1012 1903 1142 1931 praesepe,
1161 1895 1213 1922 iter
1233 1894 1435 1929 ingrediuntur,
1462 1899 1489 1922 et
1508 1902 1592 1922 onera
1622 1895 1728 1927 ferunt,

938 1946 965 1969 et
978 1941 1119 1976 proprium
1135 1940 1319 1967 ministerium
1339 1939 1480 1971 exhibent.
1494 1940 1590 1975 quidni
1604 1941 1638 1968 sit
1662 1941 1730 1976 ipsis

938 1987 1024 2015 asinis
1049 1987 1284 2022 contemptibilior
1308 1987 1390 2014 homo
1414 1991 1476 2022 post
1492 1995 1613 2014 mensam
1641 1987 1730 2014 cuivis

938 2033 1014 2067 operi
1040 2032 1149 2068 ineptus
1177 2037 1206 2060 et
1239 2033 1386 2067 impotens,
1406 2039 1468 2059 cum
1497 2037 1587 2060 tamen
1612 2033 1730 2060 maxime

937 2084 1128 2115 experrectum
1141 2087 1201 2107 esse
1215 2079 1348 2114 oportet?
1367 2078 1432 2106 Nam
1452 2077 1525 2113 quod
1546 2083 1606 2113 post
1622 2079 1728 2109 cibum.

937 2125 1010 2153 haud
1024 2133 1121 2153 somno
1141 2125 1183 2151 vel
1199 2123 1294 2156 cubili,
1316 2123 1363 2151 sed
1381 2123 1510 2158 precibus
1526 2127 1554 2150 et
1569 2122 1728 2150 divinarum

938 2172 1143 2207 Scripturarum
1161 2169 1276 2198 lectioni
1294 2169 1445 2197 vacandum
1474 2169 1519 2201 sit,
1531 2169 1558 2196 id
1585 2169 1730 2204 perspicttc

938 2218 1059 2246 ostendit
1074 2217 1212 2249 Christus,
1237 2216 1284 2251 qui
1298 2224 1360 2244 cum
1382 2216 1554 2243 innumeram
1571 2215 1729 2242 multitutli-
1767 2244 1769 2246 η

939 2272 1001 2292 nem
1017 2265 1044 2291 in
1058 2263 1168 2291 deserto
1181 2263 1310 2298 pavisset,
1330 2269 1504 2298 nequaquam
1517 2262 1550 2289 ad
1564 2262 1664 2289 lectum
1680 2269 1728 2288 eos

939 2312 1024 2344 misit,
1041 2311 1089 2339 sed
1106 2310 1139 2338 ad
1155 2310 1277 2337 divinam
1294 2309 1469 2337 oraculorum
1482 2310 1609 2337 acroasin
1626 2308 1665 2334 ":
1682 2314 1729 2334 ne-

938 2365 991 2393 que
1004 2357 1115 2385 illorum
1126 2361 1237 2384 ventres
1251 2356 1314 2384 cibo
1329 2356 1444 2391 dirupit,
1470 2355 1517 2382 sed
1535 2355 1655 2388 ipsorum
1679 2361 1728 2381 ex-

937 2404 1010 2438 pleta
1028 2403 1191 2430 necessitate
1208 2402 1241 2429 ad
1260 2402 1411 2437 spiritalem
1436 2409 1526 2428 eseam
1543 2399 1659 2427 vocavit.
1682 2399 1729 2427 Sic

939 2456 1052 2484 agamus
1065 2453 1093 2476 et
1115 2456 1177 2481 nos,
1208 2454 1290 2482 atque
1317 2453 1433 2476 eatenus
1455 2450 1563 2474 uosmet
1580 2445 1728 2473 comedere

939 2494 1166 2527 assuefaciamus,
1197 2499 1333 2528 quatenus
1361 2494 1424 2520 vitae
1453 2491 1644 2519 tantummodo
1665 2499 1728 2518 sus-

940 2539 1076 2567 tentandte
1091 2547 1161 2574 opus
1172 2545 1225 2571 est,
1239 2546 1294 2565 non
1310 2537 1503 2572 dirutnpendis
1516 2537 1666 2565 stomachis
1679 2542 1728 2564 aut

938 2586 1099 2622 gravandis:
1120 2590 1202 2620 atque
1215 2584 1327 2613 omnino
1343 2593 1358 2612 ιι
1382 2591 1477 2612 mensa
1493 2591 1548 2611 non
1560 2583 1594 2612 ad
1611 2584 1725 2617 lectum.

938 2631 986 2659 sed
1003 2632 1036 2658 ad
1067 2638 1162 2666 preces
1182 2636 1364 2658 transeamus.

936 2832 1004 2858 riter
1032 2833 1058 2872 in
1089 2834 1189 2868 templo
1209 2833 1249 2860 vel
1277 2833 1376 2860 sacello
1404 2831 1603 2859 Eueharistiau:
1633 2831 1728 2860 cuncti

930 2874 1102 2894 COIIYelllillll.

1525 2915 1558 2944 3i
