1916 3068
121 81 170 114 977

119 139 225 169 οἰκέτας
237 158 245 169 ,

120 185 287 218 φαυλότατον
312 185 438 220 λήψεται,
458 186 502 213 διὰ
527 187 558 226 τὸ
583 188 686 222 κέρδος.
704 189 757 215 Καὶ
781 189 807 215 τί
837 189 908 224 λέγω

121 231 299 265 στρατηγίαν,
317 233 364 258 καὶ
380 232 570 268 δημαγωγίαν,
587 235 635 262 καὶ
658 235 835 270 οίκονομίας;
857 237 908 263 κᾶν

119 277 171 311 γὰρ
199 277 327 312 βασιλεὺς
351 277 387 315 ᾗ,
408 280 517 307 πάντων
545 281 619 308 ἐστὶν
650 282 832 318 ἀθλιώτερος,
860 282 908 309 καὶ

120 322 191 357 λύμη
205 323 254 357 τῆς
276 325 452 361 οίκουμένης,
464 327 512 353 καὶ
537 328 647 355 πάντων
665 328 849 363 πενέστερος·
869 330 907 360 ὡς

118 370 171 404 γὰρ
203 367 244 401 εἷς
270 372 324 397 τῶν
353 372 459 399 πολλῶν
476 373 658 406 διακείσεται.
675 375 736 410 οὐχὶ
750 375 784 402 τὰ
798 375 908 402 πάντων

119 415 214 443 ἑαυτοῦ
229 417 347 452 νομίζων
359 417 440 451 εἶναι,
461 419 520 446 ἁλλ’
540 420 636 447 ἑαυτὸν
648 421 697 448 ἕνα
714 420 769 448 τῶν
786 421 906 454 πάντων,

120 462 166 488 καὶ
194 463 229 489 τὰ
260 463 369 490 πάντων
394 465 538 498 ἁρπάζων,
563 466 610 492 καὶ
639 467 748 494 πάντων
770 467 906 494 ’ἐλάττονα

120 508 191 542 ἔχειν
224 509 360 543 νομίζων·
390 512 423 544 τῇ
449 512 502 546 γὰρ
530 512 587 538 τῶν
617 512 724 540 οὐδέπω
752 513 909 548 κτηθέντων

121 555 253 590 ἐπιθυμίᾳ
279 557 313 582 τὰ
345 557 466 592 παρόντα
498 558 615 593 μετρῶν,
635 559 710 586 οὐδὲν
732 559 818 586 ταῦτα
842 560 910 594 πρὸς

121 601 213 626 ἐκεῖνα
232 599 302 628 εἷναι
316 603 462 638 ἡγήσεται.
480 604 525 630 Διὸ
540 605 587 630 καί
609 614 650 636 τις
667 606 750 640 φησὶν
773 605 810 637 ὡς
834 606 910 632 οὐδὲν

120 647 293 682 ἀνομώτερον
306 650 483 685 φυλαργύρου
497 659 504 665 ·
520 652 534 676 6
547 652 599 686 γὰρ
615 651 736 682 τοιοῦτος
753 652 800 678 καὶ
814 651 910 678 ἑαυτὸν

121 693 285 727 ἀποδίδοται,
303 695 351 721 καὶ
376 696 463 727 κοινδς
485 698 664 732 περιέρχεται
679 697 729 732 τῆς
746 698 910 733 ιίκουμένης

122 739 228 774 ὲχθρδς,
264 741 356 774 ἀλγῶν
384 742 425 769 ὅτι
455 744 492 778 μὴ
524 745 636 778 χρυσίον
660 745 737 779 φέρει
761 745 824 771 ἀντὶ
854 744 910 771 τῶν

121 785 264 820 ἀσταχύων
289 787 306 822 ἠ
332 787 378 822 γῆ,
394 788 441 815 καὶ
457 789 516 815 ἀντὶ
532 789 586 815 τῶν
607 790 734 824 ναμάτων
751 791 778 816 αἱ
795 789 908 825 κρῆναι,

121 831 168 856 καὶ
182 831 241 858 ἀντὶ
257 832 311 858 τῶν
325 832 408 860 λίθων
425 835 458 860 τὰ
474 834 524 869 δρη
539 843 545 849 ·
566 834 752 870 δυσχεραίνων
772 836 840 870 προς
856 836 904 871 τὴν

121 876 277 912 εὐετηρίαν,
292 878 320 904 ὲν
336 879 394 911 τοῖς
410 881 511 912 κοινοῖς
529 880 644 914 ἀγαθοῖς
669 881 888 916 συνεσταλμένος
901 890 908 898 '

123 924 212 950 πᾶσαν
233 924 474 961 ἀποστρεφόμενος
497 928 646 962 πρόφασιν,
674 928 736 955 ὅθεν
763 929 814 955 οὐκ
837 929 910 956 ἐστιν

122 970 254 1004 ἀργύριον
277 970 370 998 λαϐεῖν
385 981 391 988 ·
417 973 506 999 πάντα
535 974 690 1007 ὑπομένων,
717 975 778 1002 ὅθεν
795 976 842 1002 καὶ
864 975 910 1002 δύο

123 1017 205 1051 μόνον
226 1017 353 1051 συλλέξαι
376 1019 488 1051 ὀϐολοὺς
504 1019 562 1046 ἔνι·
581 1020 704 1052 ἅπαντας
731 1021 830 1056 μισῶν,
848 1022 912 1053 τοὺς

123 1063 251 1098 πένητας,
272 1065 335 1096 τοὺς
362 1065 517 1099 πλουσίους,
545 1066 609 1097 τοὺς
637 1067 686 1101 μὲν
709 1067 839 1102 πένητας,
860 1067 911 1102 μή·

123 1116 188 1135 ποτε
205 1109 402 1144 προσελθόντες
425 1111 557 1146 αἰτήσωσι
571 1119 578 1126 ·
594 1112 656 1143 τοὺς
671 1112 699 1139 δὲ
716 1112 911 1144 πλουτοῦντας,

123 1154 164 1180 ὅτι
181 1155 219 1189 μὴ
235 1155 269 1182 τὰ
285 1156 398 1182 ἐκείνων
416 1155 472 1191 ἔχει
486 1164 493 1172 ·
509 1156 633 1189 ἅπαντας
661 1158 695 1184 τὰ
709 1158 791 1184 αὑτοῦ
805 1158 913 1192 νομίζει

124 1201 290 1237 κεκτῆσθαι·
307 1204 354 1228 καὶ
368 1202 404 1233 ῶς
420 1202 498 1237 παρὰ
515 1203 623 1230 πάντων
636 1203 813 1239 ἠδικημένος,
825 1203 912 1236 οὕτως

124 1249 192 1282 πρὸς
222 1248 327 1280 πάντας
355 1248 548 1284 δυσχεραίνει·
576 1250 738 1286 πλησμονὴν
766 1252 816 1278 οὒκ
846 1249 911 1285 οἵδε,

125 1295 205 1330 κόρον
234 1295 285 1321 οὐκ
311 1295 476 1322 ἐπίσταται·
501 1297 531 1322 ἐν
558 1297 646 1331 σκότῳ
671 1297 772 1332 διάγων
796 1297 835 1333 τῷ
859 1298 913 1325 τῶν

124 1341 274 1376 χρημάτων
287 1341 379 1376 ἔρωτι,
397 1342 450 1368 τῶν
465 1343 706 1377 περισπουδάστων
719 1344 748 1370 τὸ
763 1344 862 1376 κάλλος
875 1345 912 1377 ὡς

125 1387 214 1422 χρεὼν
237 1387 268 1413 οὐ
294 1387 443 1421 γινώσκει·
465 1388 589 1424 καθάπερ
610 1389 663 1415 οὐδ’
687 1391 700 1416 6
725 1391 754 1417 ἐν
771 1391 859 1427 σκότῳ
876 1391 915 1427 τῷ

125 1431 248 1467 αἰσθητῷ
262 1432 415 1468 καθήμενος
441 1433 554 1461 δύναται
572 1434 681 1470 βλέπειν
695 1435 725 1462 τὺ
740 1436 838 1468 κάλλος
860 1436 916 1464 τῶν

125 1478 199 1513 αὐτῷ
227 1479 445 1514 προσαγομένων
487 1480 571 1507 λίθων
607 1481 722 1515 τιμίων,
756 1482 772 1518 ἢ
806 1483 950 1521 χρυσῶνα

126 1524 242 1556 σκευῶν,
260 1525 276 1559 ἢ
293 1525 436 1559 ἁλουργῶν
454 1525 570 1560 ίματίων
585 1534 592 1541 ·
611 1527 707 1559 σκότος
722 1528 768 1554 καὶ
783 1529 837 1563 γάρ
854 1529 914 1556 ἐστι

125 1570 222 1605 νοητὸν
249 1572 263 1598 ό
287 1571 340 1597 τῶν
356 1573 507 1607 χρημάτων
537 1573 618 1608 ἔρως,
635 1573 711 1600 οὐδὲν
742 1574 835 1608 ἀφιεὶς
860 1575 915 1603 τῶν

125 1617 210 1644 In:th
236 1617 381 1652 φαίνεσθαι
411 1618 448 1650 ὡς
475 1618 631 1651 ἔστιν,ἀλλ’
649 1620 772 1656 ἑτέρως·
799 1623 916 1658 ἐπείπερ

126 1663 245 1698 οὐδαμοῦ
260 1664 315 1691 τῶν
335 1666 506 1700 πραγμάτων
534 1668 559 1702 ὴν
577 1667 657 1700 φύσις
674 1667 810 1702 φαίνεται,
825 1669 863 1701 ὡς
888 1670 917 1696 ἐν

126 1711 225 1746 πενίᾳ·
245 1711 362 1746 οὐδαμοῦ
378 1711 465 1743 οὕτως
491 1713 633 1748 ἐλέγχεται
662 1713 696 1740 τὰ
711 1713 845 1742 δοκοῦντα
864 1715 916 1750 μὲν

126 1754 208 1790 εἶναι,
227 1757 263 1792 μὴ
277 1758 340 1785 ὄντα
355 1758 395 1790 δὲ,
411 1758 448 1789 ὡς
465 1759 494 1785 ἐν
512 1759 668 1796 φιλοσοφίᾳ.

163 1803 194 1830 ε’.
213 1804 320 1836 Καὶνὼς
333 1807 362 1831 ὲν
385 1804 485 1840 βραχεῖ
496 1805 592 1839 φάναι,
609 1807 624 1833 ὁ
639 1806 809 1843 φιλάργυρος
824 1808 919 1835 τοσού-

127 1859 185 1881 τοις
209 1851 256 1877 καὶ
283 1851 455 1885 τηλικούτοις
486 1852 658 1887 ἐνδεδεμένος
683 1853 797 1886 κακοῖς,
809 1855 918 1882 πάντων

128 1898 205 1924 ἐστὶν
222 1896 387 1932 ἀθλιώτερος
397 1906 404 1912 ·
421 1897 515 1933 ὥσπερ
530 1898 576 1924 οὖν
589 1899 603 1925 6
622 1899 724 1927 τούτων
739 1900 919 1936 ἀπηλλαγμέ-

129 1953 174 1975 νος
192 1944 238 1969 καὶ
248 1944 402 1978 φιλοσοφῶν
416 1943 601 1979 ξηλωτότερος
615 1945 725 1972 πάντων
738 1953 746 1960 ·
760 1947 774 1972 ό
793 1946 843 1981 μὲν
866 1947 919 1981 γὰρ

131 1990 270 2024 ἐνάρετος,
285 1989 335 2015 κᾶν
351 1989 460 2024 οἰκέτης
470 1988 497 2026 ᾖ,
513 1990 564 2016 xiv
578 1990 724 2025 δεσπότης,
737 1992 846 2018 πάντων
861 1991 920 2018 hort

131 2034 358 2070 μακαριώτερος⁴
373 2034 460 2066 οὐδεὶς
485 2036 539 2070 γὰρ
562 2036 646 2063 αὑτὸν
675 2037 782 2071 ποιήσει
814 2038 919 2072 κακῶς,

131 2081 183 2107 xiv
209 2081 234 2107 oi
262 2081 295 2108 ὲκ
321 2081 371 2117 τῆς
401 2082 565 2117 οἰκουμένης
595 2083 761 2110 συνέλθωσιν
787 2083 918 2118 ἅπαντες,

131 2129 204 2156 ὅπλα
223 2129 271 2154 καὶ
301 2128 470 2164 στρατόπεδα
499 2130 636 2161 κινοῦντες
664 2132 712 2157 καὶ
737 2130 919 2165 πολεμοῦντες

805 87 880 117 ΕΪῊ
887 87 971 117 lCON
998 87 1050 118 ΙΧ,

276 138 327 165 κᾶν
353 139 443 165 ὁτιοῦν
468 140 562 175 ἕτερον
590 135 718 168 ὠνεῖσθαι
750 141 854 178 μέλλῃ,
879 143 909 169 τὸ

970 143 1110 178 ΙυῘιΙΊιιὲιηὶ
1152 142 1228 173 aliud
1261 150 1352 170 emere
1385 146 1532 177 oporteat,
1572 142 1750 170 deterrimum

1696 89 1750 121 978

961 189 1090 224 quodque
1114 189 1182 217 lucri
1209 197 1290 217 causa
1319 190 1412 224 eliget.
1446 190 1516 223 Quid
1547 189 1609 217 dico
1636 191 1752 217 militare

960 241 1008 262 aut
1037 235 1119 263 civile
1144 240 1191 262 aut
1216 235 1482 263 administratorium
1525 236 1642 264 munusl
1685 237 1751 264 Nam

960 280 1086 315 quamvis
1099 287 1146 307 rex
1165 279 1212 310 sit.
1228 280 1350 307 omnium
1367 280 1574 307 infelicissimus
1590 285 1643 310 est.
1657 280 1751 308 mundi

960 325 1069 358 sordes,
1100 330 1128 353 et
1163 327 1286 354 omnium
1302 327 1513 362 pauperrimus.
1530 327 1653 361 Namque
1667 335 1751 354 unum

960 377 990 397 se
1010 370 1044 398 de
1058 371 1153 398 multis
1170 371 1265 398 credet
1281 379 1288 398 :
1307 379 1399 406 neque
1419 371 1542 398 omnium
1565 379 1594 400 se
1611 371 1752 399 dominum

960 416 1116 450 aestimabit,
1150 417 1198 445 sed
1218 425 1247 445 se
1275 425 1360 445 unum
1377 417 1411 445 de
1427 418 1551 445 omnium
1567 425 1683 446 numero
1702 427 1709 446 :
1726 423 1752 446 et

961 470 1019 490 rem
1050 463 1174 490 omnium
1197 464 1232 490 ad
1260 471 1289 491 se
1312 464 1413 497 trahet,
1446 465 1570 492 omnium
1591 472 1621 492 se
1638 464 1754 492 minime

962 509 1065 537 habere
1095 515 1206 544 putans.
1233 511 1357 547 Namque
1377 520 1411 539 ex
1433 512 1543 540 illorum
1558 519 1620 547 quae
1633 512 1686 540 sibi
1704 512 1754 539 ad-

961 557 1016 584 lmc
1032 556 1138 584 desunt
1150 557 1318 592 cupiditate,
1337 565 1385 586 sua
1412 559 1523 594 propria
1539 558 1666 591 metiens,
1684 558 1754 586 nihil

961 602 1020 630 haec
1036 611 1092 637 prae
1105 603 1159 631 illis
1173 604 1387 640 essejudicabit.
1400 605 1491 638 Quare
1505 609 1533 632 et
1549 605 1661 640 quidam
1674 604 1754 638 dixit,

962 649 1030 676 nihil
1058 656 1142 676 avaro
1158 657 1219 677 esse
1233 650 1356 685 iniquius
1374 660 1380 678 :
1399 659 1462 678 nam
1492 652 1574 678 homo
1594 651 1752 686 huiusmodi

961 702 991 722 se
1020 695 1109 729 ipsum
1133 703 1244 730 quoque
1276 696 1370 729 tradit,
1407 701 1435 724 et
1461 697 1619 724 communis
1648 697 1754 724 incedit

963 740 1058 767 mundi
1073 741 1171 774 hostis,
1187 741 1286 768 dolens
1302 741 1375 776 quod
1406 749 1505 769 aurum
1518 749 1568 777 pro
1583 742 1667 775 spicis
1682 747 1753 769 terra

962 794 1017 813 non
1037 785 1118 817 ferat.
1134 791 1162 814 et
1177 795 1227 822 pro
1244 787 1359 814 ﬂuentis
1378 787 1479 820 fontes,
1505 793 1532 815 et
1546 795 1596 822 pro
1616 788 1755 822 lapidibus

961 838 1087 860 montes:
1107 833 1228 861 irascens
1242 833 1306 860 anni
1326 834 1457 865 ubertati,
1472 832 1500 861 et
1516 834 1543 860 in
1561 833 1756 861 communibus

960 879 1043 906 bonis
1061 879 1235 914 angustiatns
1247 888 1254 912 ;
1268 880 1420 914 quamlibet
1435 879 1606 908 oceasionem
1623 887 1756 914 respuens

963 924 1036 951 unde
1051 931 1104 951 non
1123 924 1159 951 sit
1174 929 1320 959 argentum
1354 933 1473 959 capere;
1487 925 1579 952 omnia
1602 925 1755 960 perferens,

963 970 1036 997 unde
1063 970 1106 997 vel
1137 969 1207 997 duos
1233 974 1338 997 tantum
1363 970 1461 998 obolos
1485 971 1634 998 c0rradere
1651 971 1754 1004 liceat;

963 1023 1060 1044 omnes
1075 1016 1139 1044 odio
1154 1016 1259 1044 habens
1275 1024 1412 1051 pauperes
1431 1024 1462 1044 ac
1478 1017 1594 1045 divites:
1608 1024 1756 1052 pauperes.

965 1069 1001 1088 ne
1024 1061 1095 1089 forte
1127 1061 1292 1090 accedentes
1320 1067 1432 1097 petant;
1461 1062 1576 1095 divites,
1602 1063 1667 1098 quia
1697 1071 1756 1090 rem

964 1105 1076 1134 illorun't
1106 1115 1162 1135 non
1187 1107 1272 1135 habet
1302 1117 1308 1135 :
1337 1116 1435 1136 omnes
1449 1116 1498 1136 sua
1516 1109 1605 1144 ipsius
1617 1109 1758 1144 possidere

964 1154 1105 1182 existimat
1116 1163 1124 1188 ;
1135 1159 1163 1182 et
1177 1156 1256 1190 quasi
1269 1155 1303 1182 ab
1332 1156 1461 1183 omnibus
1474 1155 1630 1187 fraudatus,
1650 1156 1687 1183 ita
1700 1164 1759 1182 om-

964 1201 1047 1228 nibus
1058 1206 1099 1228 est
1117 1201 1226 1232 iratus:
1244 1203 1428 1237 repletionem
1461 1210 1515 1230 non
1543 1203 1632 1235 novit,
1645 1203 1758 1230 satieta-

966 1251 1020 1273 tcm
1042 1246 1142 1273 nescit.
1164 1247 1192 1274 In
1211 1247 1333 1274 tenebris
1359 1255 1472 1275 versans
1487 1247 1522 1274 ob
1538 1247 1661 1281 pecunia:
1681 1255 1758 1274 amo-

966 1301 1035 1325 rem,
1066 1300 1159 1320 rernm
1189 1293 1427 1321 :estimabiliorum
1456 1294 1694 1329 pulchritudinem
1730 1299 1760 1321 ut

967 1347 1016 1375 par
1040 1343 1082 1367 est
1111 1347 1166 1366 non
1191 1340 1316 1374 agnoscit
1339 1360 1346 1372 ,
1364 1340 1593 1374 quemadmodum
1622 1348 1673 1367 nec
1703 1340 1759 1371 ille,

967 1386 1012 1421 qui
1040 1386 1068 1413 in
1096 1385 1220 1413 tenebris
1233 1386 1410 1413 seusibilibus
1430 1387 1519 1418 sedet,
1533 1394 1648 1414 cernere
1670 1391 1762 1422 potest

967 1431 1201 1467 pulchritudinem
1219 1432 1373 1460 ohlalorum
1388 1433 1414 1460 ei
1432 1433 1553 1468 lapidum
1561 1434 1760 1467 pretiosorum,

968 1483 1013 1505 aut
1030 1485 1176 1505 aureorum
1196 1486 1335 1509 vasorum.
1350 1484 1398 1507 aut
1412 1479 1530 1506 vestium
1543 1486 1760 1514 purpurearum.

969 1524 1156 1552 Tcnehrarum
1185 1532 1282 1559 reapse
1305 1525 1535 1553 intellectualium
1558 1527 1644 1552 instar
1659 1529 1761 1560 estpe-

969 1571 1056 1597 cunize
1074 1578 1162 1602 amor,
1178 1579 1234 1598 rem
1247 1570 1351 1598 nullam
1378 1572 1487 1606 patiens
1502 1571 1591 1598 videri
1610 1571 1648 1598 uti
1665 1579 1760 1599 revera

969 1621 1020 1649 est,
1036 1616 1084 1644 sed
1102 1617 1201 1644 aliter:
1220 1617 1444 1652 quandoquidem
1468 1625 1601 1653 nusquam
1615 1618 1652 1645 ita
1667 1625 1759 1646 rerum

970 1667 1068 1690 natura
1097 1667 1224 1698 apparet,
1254 1669 1284 1691 ut
1304 1664 1332 1692 in
1361 1669 1527 1700 paupertate
1549 1673 1708 1699 :nusquam
1722 1665 1762 1692 sic

970 1715 1160 1745 eoarguuntnr
1177 1718 1239 1746 qua:
1251 1711 1382 1738 videntur
1394 1719 1467 1745 esse,
1498 1718 1560 1739 cum
1581 1719 1636 1739 non
1651 1711 1715 1744 sint,
1732 1716 1762 1738 ut

971 1756 999 1783 in
1018 1756 1203 1791 philosophia.

1007 1802 1035 1830 5.
1062 1803 1152 1838 Atque
1180 1807 1210 1830 ut
1234 1802 1399 1837 compendio
1432 1802 1567 1836 dicamus,
1595 1810 1696 1831 avarus
1723 1808 1762 1830 tot

973 1849 1113 1883 tantisque
1135 1849 1303 1876 constrictus
1327 1849 1418 1881 malis,
1436 1850 1559 1876 omnium
1572 1853 1615 1877 est
1631 1849 1763 1877 infelicis-

973 1894 1059 1921 simus
1089 1902 1096 1920 :
1125 1894 1198 1921 sicut
1223 1895 1347 1921 vicissim
1377 1895 1424 1929 qui
1453 1895 1764 1928 hiscaretctphiloso-

974 1940 1084 1975 phatur,
1104 1948 1159 1975 pra:
1174 1940 1304 1968 omnibus
1323 1941 1508 1968 :emulandus.
1538 1941 1646 1968 Etenim
1659 1941 1762 1969 virtute

973 1986 1104 2022 praeditus
1118 1986 1169 2017 vir,
1182 1986 1240 2014 sive
1253 1986 1373 2014 [annulus
1400 1987 1435 2014 sit
1452 1988 1509 2014 sive
1525 1987 1619 2019 herus,
1638 1988 1762 2014 omnium

974 2037 1017 2060 est
1045 2032 1222 2060 beatissimus
1250 2041 1257 2059 :
1287 2040 1367 2060 nemo
1389 2033 1492 2068 quippe
1526 2033 1551 2060 ei
1578 2033 1648 2061 male
1670 2033 1763 2067 faciet,

975 2079 1080 2107 etiamsi
1101 2087 1132 2106 ex
1147 2079 1212 2106 orbe
1231 2080 1359 2106 universo
1381 2087 1476 2107 omnes
1492 2080 1669 2112 conveniant,
1688 2088 1766 2108 arma

975 2124 1170 2158 exercitusque
1204 2128 1357 2157 moventes,
1385 2124 1467 2158 eique
1483 2123 1587 2151 bellum
1604 2123 1764 2152 inferentes.

132 2174 207 2210 αὗτῷ
221 2182 229 2191 ο
245 2175 259 2201 6
273 2174 301 2201 δὲ
315 2175 453 2210 μοχθηρὸς
477 2175 526 2201 καὶ
550 2175 652 2210 φαῦλος
667 2177 714 2202 καὶ
728 2176 849 2209 τοιοῦτος
867 2174 915 2203 oio:

977 2171 1008 2198 At
1036 2178 1138 2206 pravus
1166 2175 1194 2197 et
1219 2178 1349 2204 nequam,
1380 2175 1407 2198 et
1435 2170 1543 2205 qualem
1556 2170 1766 2205 descripsimus,

131 2221 332 2256 διεγράψαμεν,
349 2222 401 2248 κᾶν
414 2221 544 2256 βασιλεὺς
558 2219 586 2258 ᾖ,
599 2222 650 2248 κᾶν
664 2224 750 2258 μυρία
768 2224 923 2258 περίκειται

131 2269 297 2303 διαδήματα,
326 2267 378 2295 κᾶν
404 2269 533 2303 στρατιὰν
563 2270 613 2304 ἔχῃ
648 2269 846 2305 πολυάριυμον,
875 2271 924 2297 καὶ

133 2315 209 2348 παρὰ
228 2314 274 2340 τοῦ
300 2315 428 2349 τυχόντος
457 2315 490 2341 τὰ
511 2315 613 2350 ἔσχατα
643 2315 777 2343 πείσεται.
800 2315 922 2351 Οὕτωςή

133 2360 217 2386 κακία
234 2360 363 2391 ἀσθενέςί
380 2360 465 2392 οὕτως
485 2361 595 2395 ἰσχυρὸν
611 2361 626 2395 ἠ
641 2361 726 2396 ἀρετή
743 2361 749 2387 l
777 2362 809 2387 ⁷Γί
834 2362 924 2387 τοίνυν

133 2404 286 2440 ἐπιθυμῶν,
300 2404 438 2439 ἄνθρωπε,
449 2406 611 2440 χρημάτων,
625 2404 736 2436 πενθεῖς
750 2404 787 2435 ὡς
802 2406 830 2430 ἐν
846 2404 925 2440 avi;

134 2451 188 2484 6w;
205 2451 232 2478 τί
261 2450 379 2486 θρηνεῖς.
395 2451 491 2486 ἑορτὴν
517 2451 614 2485 dyon;
639 2452 687 2478 καὶ
720 2451 773 2486 γὰρ
796 2450 897 2486 ἑορτῶν
912 2451 926 2477 ὁ

133 2499 231 2533 καιρός
246 2505 252 2512 ·
271 2497 298 2523 τί
310 2496 428 2529 κλαίεις,
445 2496 561 2522 πλούτου
587 2496 676 2532 ἐρῶν;
694 2497 742 2524 καὶ
768 2498 822 2532 γὰρ
837 2497 925 2532 πανὴ-

134 2552 213 2578 γυρις
245 2545 261 2579 ἡ
291 2543 409 2578 πτωχια,
444 2543 477 2569 ἄν
505 2545 659 2578 σωφρονῇς.
686 2543 730 2576 ΤΞ,
757 2541 779 2570 ὧ
807 2544 925 2575 παιδίον,

134 2590 238 2626 ὸδύρῃ;
266 2588 372 2615 παιδίον
392 2588 446 2624 γὰρ
469 2587 509 2613 δεῖ
533 2588 578 2614 τὸν
603 2587 726 2615 τοιοῦτον
742 2589 847 2617 καλεῖν.
870 2589 927 2615 Οὔκ

136 2637 208 2672 ἔχεις
244 2638 396 2671 χρήματα,
418 2635 503 2668 πένης
529 2634 585 2667 div;
616 2635 737 2669 μεγάλου
764 2635 788 2663 εἴ
815 2636 927 2671 φορτίου

136 2681 350 2717 ἀπηλλαγμένος
362 2689 370 2696 ·
388 2681 489 2716 μᾶλλον
505 2681 533 2708 δὲ
549 2681 708 2716 θαυμαστὸς
732 2680 758 2709 εἴ
773 2683 823 2709 καὶ
839 2683 928 2718 paxi-

138 2738 209 2766 pto;,
236 2729 285 2765 τῆς
315 2730 475 2764 φρονήσεως
504 2729 551 2756 καὶ
579 2729 728 2764 καρτερίας
757 2730 804 2756 καὶ
837 2730 928 2764 πάσης

137 2774 299 2808 φιλοσοφίας
321 2774 484 2801 διδάσκαλον
510 2774 590 2809 ἔχων,
610 2774 682 2810 φημὶ
702 2774 794 2810 δὲτὴν
818 2775 926 2806 πενίαν,

138 2818 215 2857 ﬁmi.
240 2821 253 2848 6
276 2821 402 2856 Λάζαρος
434 2820 520 2853 συζῶν
545 2821 777 2856 ὲστεφλνιῦτοηῆ
803 2821 851 2848 xz".
882 2820 928 2848 τὸν

976 2217 1102 2252 quamvis
1131 2225 1178 2244 rex
1208 2218 1246 2244 sit
1266 2221 1294 2244 et
1325 2216 1464 2244 sexcentis
1490 2222 1607 2244 ornatus
1639 2217 1767 2249 coronis,

976 2263 1104 2298 quamvis
1125 2269 1307 2289 numerosum
1320 2261 1472 2289 exercitum
1490 2263 1600 2293 habent,
1616 2268 1630 2288 a
1644 2261 1769 2296 quolibet

977 2309 1093 2336 summis
1111 2309 1189 2335 malis
1205 2308 1274 2335 allici
1299 2308 1410 2342 poterit.
1433 2307 1508 2335 Adeo
1521 2308 1641 2342 nequitia
1659 2307 1767 2333 infirma

977 2356 1034 2382 cstl
1062 2355 1131 2382 adeo
1159 2355 1247 2381 valida
1263 2354 1367 2381 virtus!
1388 2354 1444 2381 Cur
1460 2362 1536 2388 ergo,
1551 2361 1567 2380 ο
1581 2353 1663 2380 homo
1683 2360 1767 2387 pecu-

977 2402 1030 2428 nia:
1047 2401 1158 2436 cupide.
1172 2402 1248 2434 luges
1264 2405 1392 2435 tanquam
1405 2401 1433 2428 in
1445 2399 1586 2434 egestate?
1601 2407 1651 2426 cur
1666 2400 1768 2426 lamen-

979 2447 1045 2474 taris
1059 2447 1087 2474 in
1105 2447 1279 2474 solemnitate
1290 2447 1301 2473 ί)
1312 2447 1378 2473 Nam
1394 2446 1577 2473 solemnitatis
1592 2445 1643 2473 hoc
1660 2450 1768 2480 tempus

978 2499 1030 2521 est.
1059 2493 1115 2521 Cur
1139 2493 1197 2525 ﬂes,
1224 2493 1383 2520 divitiarum
1401 2492 1527 2519 amator?
1543 2492 1631 2519 instar
1655 2492 1704 2519 tibi
1721 2500 1768 2520 τοι·

979 2541 1129 2569 lemnitatis
1161 2546 1308 2576 paupertas
1337 2539 1401 2572 crit,
1427 2540 1449 2567 si
1476 2548 1542 2567 sana
1565 2545 1656 2568 mente
1670 2540 1768 2568 lueris.

980 2588 1045 2621 Cur,
1069 2595 1148 2623 puer,
1178 2587 1285 2622 eiulas?
1313 2586 1380 2613 Nam
1399 2595 1515 2621 puerum
1532 2587 1673 2622 appellare
1689 2595 1770 2622 opor-

981 2640 1019 2663 tet
1049 2635 1189 2662 hominem
1219 2633 1386 2669 hujusmodi.
1411 2633 1470 2661 Non
1503 2634 1589 2661 habes
1613 2633 1770 2668 pecuniam,

980 2683 1043 2717 quia
1071 2689 1174 2717 pauper
1196 2681 1242 2709 es?
1268 2688 1366 2713 magno
1400 2681 1523 2715 pondere
1553 2688 1583 2707 es
1612 2679 1769 2707 liberatus:

982 2729 1037 2756 imo
1063 2729 1147 2756 etiam
1174 2727 1354 2755 admirandus
1383 2734 1414 2754 es
1434 2735 1465 2754 ac
1481 2727 1591 2759 beatus,
1605 2725 1770 2761 quiaomnis

982 2775 1162 2810 philosophia:
1189 2774 1346 2810 magistram
1380 2773 1464 2801 habes
1489 2773 1657 2808 pauperiem,
1674 2772 1700 2799 in
1716 2780 1769 2807 qua

983 2822 1066 2849 vitam
1093 2821 1195 2855 degens
1224 2821 1342 2848 Lazarus
1370 2820 1566 2848 «coronabatur.
1596 2819 1657 2847 ll.cc
1682 2818 1767 2846 Jacob
