1916 3068
68 136 124 167 985

763 138 934 169 ETlllCON
960 139 1012 170 IX.

1650 142 1701 174 086

67 191 218 224 ἀπόδειξις.
236 190 339 226 Εἰ·γὰρ
360 191 512 227 χρημάτων
535 191 673 227 ὑπεριδεῖν
691 193 741 219 οὐκ
769 193 863 228 ἀνεχό-

922 199 1117 230 trgumentum.
1135 195 1200 223 Nam
1224 195 1246 223 si
1271 203 1336 231 opes
1354 200 1530 223 contemnere
1549 204 1603 224 non
1621 198 1702 224 susti—

69 238 152 273 μεθα,
176 238 248 269 τινος
278 238 359 266 ἄλλου
391 239 578 274 περιεσόμεθα
601 248 666 266 ποτε
692 240 861 274 ἐπιθυμίαςς

67 284 137 311 ἀλλὰ
151 283 323 319 δοξομανίας.
342 284 429 320 θυμοῦ
447 284 463 319 ἢ
478 285 565 320 ὀργῆς
580 294 587 318 ;
605 286 659 312 Καὶ
687 286 746 317 πῶς
761 286 794 313 ἂν
823 295 863 318 τις

69 331 216 366 mediisin;
236 331 388 365 ἐπιθυμίας
407 331 457 365 μὲν
475 332 529 367 γὰρ
546 332 628 359 ἕνεκα
654 332 705 367 τῆς
734 333 790 359 τῶν
813 341 865 359 σω-

70 376 164 410 μάτων
180 377 227 402 καὶ
239 376 325 411 θυμοῦ
340 377 386 403 καὶ
402 377 487 412 ὀργῆς
498 377 593 404 πολλοὶ
617 377 664 404 καὶ
686 379 735 412 τῆς
763 378 864 413 σαρκὸς

69 421 121 455 τὴν
137 422 313 456 κατασκευὴν
328 423 497 457 λογίζονται,
516 424 566 450 καὶ¹
580 423 630 454 τὰς
647 423 803 458 ὑπερϐολὰς
815 424 864 450 ἁν-

68 468 220 495 τιτιθέασιν
239 469 338 504 ἰατρῶν
354 470 450 501 παῖδες
466 477 473 484 '
499 469 548 496 καὶ
569 469 615 496 τὸν
629 469 678 503 μὲν
698 469 865 504 θερμότερον

71 516 122 540 καὶ
137 515 287 550 ὑγρότερον
303 514 468 550 λαγνότερον
485 513 557 542 εἶναί
581 524 659 550 φασι,
673 516 720 542 τὸν
743 515 770 542 δὲ
796 516 866 551 πρὸς

72 559 227 595 ξηροτέραν
235 561 393 594 ἐμπεσόντα
405 561 574 596 δυσκρασίαν
593 561 741 596 ἀκρόχολον
756 561 804 588 καὶ
820 562 865 588 Θυ-

71 605 161 642 μὼδη.
171 606 366 642 Φυλαργυρίας
381 607 410 633 δὲ
424 607 518 634 ἕνεκεν
533 607 622 640 οὐδεὶς
632 608 760 634 οὐδέποτε
773 607 865 634 αὐτῶν

70 651 189 686 ἤκουσεν
203 652 355 687 εἰρηκότων
370 661 397 678 τι
413 653 544 679 τοιοῦτον.
567 652 647 680 Οὕτω
663 653 799 688 ῥᾳθυμίας
816 653 865 688 μό-

70 705 122 730 νης
140 697 200 723 ἐστὶ
216 697 263 724 καὶ¹
285 697 375 733 ψυχῆς
402 698 558 733 ἀναλγήτου
586 698 665 725 τοῦτο
693 698 723 724 τὺ
747 699 864 734 νόσημα,

69 742 122 769 καὶ
132 742 245 770 δυνατὸν
255 744 335 770 τοῦτο
352 745 449 778 φυγεῖν
465 745 550 780 ἡμᾶς,
576 745 609 772 ἂν
624 745 757 780 θέλωμεν.

109 787 154 822 ιγ’.
171 788 373 823 Σπουδάσωμεν
388 789 546 824 τοιγαροῦν,
563 791 712 824 ἀγαπητοὶ,
729 791 776 817 καὶ
801 790 864 817 τοῦ-

68 843 101 862 το
113 835 327 870 διορθώσασθαι,
344 836 390 862 καὶ
409 835 444 862 τὰ
459 835 521 862 καθ’
535 836 655 871 ἑκάστην
670 836 779 871 ἡλικίαν
796 837 863 872 ἡμῖν

917 249 1021 270 nemus.
1041 250 1188 277 quamnam
1205 250 1325 277 unqriam
1339 242 1481 270 vincemus
1495 243 1576 270 aliam
1597 242 1705 276 cupidi-

917 288 1022 315 tatem?
1038 296 1102 315 num
1131 289 1245 322 gloriae?
1261 297 1324 316 num
1349 289 1433 316 animi
1450 289 1628 317 vehementia:
1656 293 1704 316 aut

916 333 977 360 ine?
995 333 1062 367 Quis
1087 334 1112 361 id
1131 334 1243 361 credat?
1266 334 1449 368 Cupiditatem
1473 334 1583 369 quidem
1607 341 1705 369 corpo-

916 387 988 412 rum,
1018 384 1044 407 et
1072 380 1156 406 animi
1175 380 1387 412 vehementiam,
1406 385 1434 407 et
1460 381 1540 411 iram,
1570 380 1649 406 multi
1676 379 1703 407 in

916 425 1006 452 carnis
1020 430 1145 453 naturam
1159 426 1315 458 conferunt,
1332 434 1414 461 quam
1434 434 1490 454 rem
1511 426 1610 453 medici
1625 434 1705 460 evag-

917 475 1028 505 gcrant:
1045 475 1072 498 et
1086 479 1149 498 eum
1162 472 1208 506 qui
1224 473 1259 499 sit
1277 472 1391 499 calidior
1416 472 1601 502 humidiorve.
1623 472 1704 499 lasci-

915 516 1021 543 viorem
1044 525 1104 544 esse
1125 518 1225 545 aiunt:
1250 523 1277 544 at
1297 518 1440 545 sicciorem
1459 518 1587 545 sortitum
1604 522 1706 553 tempe-

917 563 1062 595 rationem,
1079 563 1240 591 irritabilem
1265 563 1323 591 fore
1349 569 1377 591 et
1399 564 1574 591 iracundum.
1593 565 1705 591 Verum-

917 613 1006 636 tamen
1030 608 1064 636 de
1091 609 1203 636 avaritia
1232 609 1301 637 nihil
1333 610 1489 645 hnjusmodi
1514 610 1548 637 ab
1576 610 1619 637 his
1650 609 1704 638 dici

917 661 1036 687 unquam
1049 659 1218 688 compertum
1238 660 1290 682 est.
1308 655 1384 682 Adeo
1401 655 1487 682 solius
1515 655 1647 682 socordiae
1664 659 1705 682 est

916 699 1068 734 animaeque
1095 700 1209 735 ignaviae
1234 701 1278 728 hic
1307 701 1439 735 morbus,
1462 709 1581 736 eumque
1606 701 1704 739 vitare,

916 745 1061 780 potestatis
1073 751 1172 773 nostrae
1181 752 1235 774 est.

953 790 996 818 l5.
1012 790 1177 818 Studeamus
1197 792 1300 826 itaque,
1329 791 1493 824 charissimi,
1515 791 1569 819 hoc
1595 799 1704 826 quoque

917 837 1063 864 emendare
1078 837 1183 870 vitium,
1200 842 1227 865 et
1244 846 1290 866 eas
1304 846 1364 873 qua
1389 839 1416 865 in
1440 838 1555 873 singulis
1579 838 1705 865 a'tatibus

71 881 253 916 ἐπιγινόμενα
266 881 339 917 πάθη
353 883 421 916 πρὸς
438 882 468 909 τὸ
481 883 604 909 ἐναντίον
629 883 796 917 μεταθεῖναι.
817 883 865 910 “Av

922 882 1080 910 oboriuntur
1090 883 1170 910 nobis
1179 883 1355 918 cupiditates,
1365 884 1392 912 in
1407 884 1576 911 contrarium
1585 889 1704 911 vertere.

70 928 99 954 δὲ
113 928 174 954 καθ’
185 929 301 955 ἕκαστον
319 929 403 963 μέρος
420 929 469 964 τῆς
490 929 565 964 ζωῆς
590 929 669 964 ἡμῶν
698 929 865 964 παραπλέω-

73 983 126 1010 μεν
149 975 213 1006 τοὺς
238 976 286 1010 τῆς
310 975 410 1009 ἀρετῆς
440 977 550 1008 πόνους,
585 975 723 1010 πανταχοῦ
748 977 866 1010 ναυάγια

74 1020 269 1055 ὑπομένοντες,
287 1021 333 1047 ἐπὶ
345 1021 390 1048 τδν
405 1021 502 1056 λιμένα
517 1021 612 1048 λοιπὶν
627 1022 750 1054 ἐλθόντες
766 1022 866 1057 ἔρημοι

72 1066 193 1101 φορτίων
218 1067 436 1101 πνευματικῶν,
466 1067 501 1093 τὰ
528 1066 631 1102 ἔσχατα
661 1067 865 1102 ὐπομε·.οῦμεν.

74 1112 198 1146 Πέλαγος
224 1112 278 1148 γάρ
308 1113 383 1139 ἔστιν
400 1112 551 1146 τεταμένον
576 1114 589 1139 ὁ
608 1113 703 1147 παρὼν
729 1112 804 1147 βίος·
820 1113 866 1139 καὶ

74 1155 170 1191 ὥσπερ
182 1156 211 1182 ἐν
226 1157 259 1191 τῇ
270 1155 391 1191 θαλάττῃ
407 1155 493 1191 ταύτῃ
510 1156 637 1191 διάφοροι
660 1156 756 1183 κόλποι
773 1157 866 1190 διαφό-

77 1211 141 1238 ρους
156 1201 263 1237 ἕχοντες
275 1202 413 1237 χειμῶνας
430 1210 436 1218 ·
459 1204 507 1229 καὶ
518 1204 532 1229 ό
547 1203 597 1238 μὲν
623 1204 735 1237 Αἰγαῖος
762 1202 807 1230 διὰ
834 1203 868 1230 τὰ

75 1248 222 1283 πνεύματά
234 1249 290 1275 ἐστι
307 1249 425 1284 χαλεπός
440 1258 446 1264 ·
460 1251 474 1276 ὁ
499 1249 527 1276 δὲ
553 1249 678 1284 πορθμὸς
701 1251 715 1276 ό
729 1250 868 1286 Τυρρηνι-

76 1294 124 1325 κὸς
135 1294 179 1320 διὰ
190 1294 239 1329 τὴν
254 1295 438 1330 στενοχωρίαν
456 1303 463 1310 ·
482 1296 498 1330 ἡ
516 1294 545 1321 δὲ
562 1296 703 1332 Χάρυϐδις
717 1296 733 1332 ἠ
749 1296 818 1332 πρὸς
834 1297 867 1332 τῇ

78 1340 166 1375 Λιϐύῃ
182 1341 225 1367 διὰ
237 1341 271 1367 τὰ
285 1341 408 1376 τέλματα
423 1349 430 1357 '
448 1342 464 1377 ἡ
481 1343 661 1378 Προποντὶςή
684 1341 736 1374 ἔξω
751 1342 798 1368 τοῦ
816 1343 867 1368 Εὑ-

79 1385 168 1418 ξείνου
184 1386 285 1413 Πόντου
301 1387 345 1413 διὰ
355 1387 385 1414 τδ
399 1388 529 1422 ῥαγδαῖον
545 1387 592 1415 τοῦ
619 1388 711 1424 ροθίου
729 1397 735 1404 ·
762 1389 796 1416 τὰ
816 1389 869 1422 ἔξω

79 1432 216 1468 Γαδείρων
231 1433 274 1460 διὰ
286 1433 335 1469 τὴν
356 1434 480 1469 ἐρημίαν
504 1434 552 1460 καὶ
575 1434 605 1460 τὸ
630 1434 741 1469 ἀτριϐὲς
765 1436 811 1462 καὶ
840 1435 869 1461 τὸ

79 1479 256 1514 ἀνιστόρητον
270 1480 324 1506 τῶν
340 1481 431 1507 τόπων
442 1489 448 1496 ·
466 1481 515 1507 καὶ
531 1481 594 1508 ἄλλο
611 1481 694 1516 μέρος
709 1481 742 1507 δι’
754 1481 847 1516 ἕτερον
860 1489 867 1496 ο

79 1525 150 1552 οὓτω
164 1526 209 1551 καὶ
229 1526 275 1552 ἐπὶ
291 1526 340 1561 τῆς
354 1527 427 1561 ζωῆς
451 1526 502 1561 τῆς
527 1527 677 1562 ἡμετέρας.
705 1527 761 1553 Καὶ
794 1527 869 1562 πρῶ-

80 1581 125 1598 τον
146 1572 264 1607 πέλαγος
290 1573 364 1599 ἔστιν
391 1573 455 1599 [δεῖν
481 1572 512 1599 τὸ
532 1573 582 1607 τῆς
611 1573 739 1609 παιδικῆς
761 1573 868 1608 ἡλικίας

80 1620 164 1646 πολὺν
178 1619 239 1655 ἕχον
252 1620 299 1647 τὸν
311 1621 391 1647 σάλον
408 1620 452 1647 διὰ
464 1621 493 1647 τὸ
512 1620 637 1656 ἀνόητον,
652 1621 696 1647 διὰ
723 1621 772 1655 τὴν
791 1621 868 1647 εὐκο-

80 1666 152 1698 λίαν,
164 1666 208 1692 διὰ
225 1667 255 1693 τὸ
271 1666 308 1701 μὴ
327 1666 495 1701 πεπηγέναι.
514 1667 563 1693 Διὰ
588 1666 670 1694 τοῦτο
693 1667 742 1694 καὶ
772 1667 868 1694 παιδα-

80 1712 190 1746 γωγοὺς
205 1713 362 1746 ὲφιστῶμεν
386 1714 434 1739 καὶ
462 1713 652 1746 διδασκάλους,
669 1713 698 1739 τὺ
724 1712 817 1740 λεῖπον
836 1715 868 1748 τῇ

81 1758 162 1792 φύσει
175 1759 218 1785 διὰ
228 1759 278 1794 τῆς
290 1759 451 1794 ἐπιμελείας
469 1760 657 1795 εἰσφέροντες,
691 1759 786 1794 ὥσπερ
811 1760 871 1786 ἐκεῖ

81 1804 125 1831 διὰ
142 1805 190 1839 τῆς
200 1806 298 1840 τέχνης
314 1806 362 1840 τῆς
374 1806 585 1840 κυῆερθητικῆς.
601 1806 678 1832 Μετὰ
698 1805 800 1840 ταύτην
821 1805 870 1841 τὴν

82 1851 280 1886 ἡλικίανὴτοῦ
298 1852 442 1887 μειρακίου
469 1852 623 1886 διαδέχεται
647 1851 781 1885 θάλασσα,
806 1852 871 1878 ἔνθα

83 1895 188 1930 σφοδρὰ
198 1896 232 1922 τὰ
248 1895 404 1930 πνεύματα,
421 1896 547 1932 καθάπερ
564 1897 594 1922 ὲν
618 1896 657 1930 τῷ
677 1895 793 1930 Αἰγαίῳ,
821 1896 871 1928 τῆς

83 1941 232 1975 ἐπιθυμίας
245 1942 312 1976 ἡμῖν
323 1941 522 1977 αὐξανομένης.
552 1941 607 1968 Καὶ
624 1940 693 1975 αὕτη
721 1941 839 1976 μάλιστα
855 1941 871 1975 ἡ

82 1986 179 2022 ἡλικία
191 1986 364 2021 διορθώσεως
381 1986 498 2023 ἕρημος,
514 1986 544 2012 οὐ
558 1985 641 2013 διὰτὸ
655 1986 690 2012 τὰ
704 1985 872 2020 ἁμαρτήμα-

82 2040 119 2058 τα
129 2033 167 2066 μὴ
191 2032 378 2067 ἐλέγχεσθαι·
410 2033 458 2058 καὶ
480 2033 535 2066 γὰρ
560 2031 608 2058 καὶ
635 2030 794 2061 διδάσκαλος
823 2031 872 2057 καὶ

83 2078 260 2112 παιδαγωγὸς
287 2078 382 2105 λοιπὸν
405 2078 555 2111 ἐξίσταται.
583 2077 668 2103 Ὅταν
696 2075 743 2103 οὖν
769 2075 802 2102 τὰ
823 2076 872 2110 μὲν

84 2125 232 2160 πνεύματα
259 2124 439 2160 σφοδρότερον
459 2124 586 2159 διαπνέῃ,
615 2123 629 2150 ὸ
651 2123 679 2150 δὲ
702 2122 874 2158 κυϐερνήτης

83 2169 293 2206 ἀσθενέστερος,
310 2172 356 2196 καὶ
379 2171 392 2196 ό
410 2169 522 2209 ἀμύνων
532 2168 618 2200 οὐδεὶς
631 2166 660 2205 ᾖ,
675 2167 801 2201 ἐννόησον
826 2167 873 2193 τοῦ

917 930 995 964 Quod
1015 931 1037 958 si
1059 939 1106 966 per
1122 932 1245 966 singulos
1264 931 1324 958 vitae
1346 936 1445 959 nostra
1459 932 1560 966 gradus
1581 932 1706 966 neglexe-

918 977 1006 1004 rimus
1019 977 1128 1004 virtutis
1148 977 1268 1009 labores.
1284 977 1386 1012 ubique
1400 978 1542 1011 naufragia
1556 978 1705 1012 patientes,

918 1030 980 1050 cum
993 1023 1019 1050 in
1037 1028 1145 1058 portum
1163 1023 1282 1057 denique
1295 1024 1438 1050 veniemus
1463 1024 1632 1058 spiritalibus
1647 1031 1706 1050 sar-

919 1069 988 1096 cinis
1012 1069 1102 1100 vacui,
1124 1077 1280 1104 supremam
1307 1076 1415 1103 poenam
1444 1070 1564 1096 luemus.
1589 1068 1705 1104 Pelagus

919 1114 992 1141 enim
1006 1118 1111 1141 vastum
1125 1119 1166 1141 est
1178 1115 1233 1141 vita
1243 1121 1375 1149 praesens.
1386 1114 1419 1142 Et
1431 1114 1661 1149 quemadmodum
1679 1115 1705 1141 in

920 1159 972 1187 hoc
996 1160 1063 1187 mari
1092 1160 1193 1187 diversl
1221 1161 1298 1188 sinus
1323 1165 1403 1191 sunt,
1429 1160 1553 1188 diversas
1575 1160 1707 1187 habentes

920 1207 1116 1237 tempestates;
1129 1211 1191 1231 nam
1206 1204 1327 1239 [ligatum
1341 1212 1415 1232 mare
1436 1205 1472 1232 ob
1488 1210 1583 1232 ventos
1597 1204 1706 1231 dillicile

919 1253 977 1276 est:
991 1248 1090 1276 fretum
1103 1249 1304 1285 Tyrrhenicum
1317 1255 1427 1285 propter
1443 1251 1582 1285 angustias
1597 1259 1604 1284 ;
1620 1251 1708 1286 Syrtis

919 1294 990 1329 apud
1006 1293 1120 1330 Libyam
1133 1295 1168 1323 ob
1185 1299 1288 1323 tractus
1302 1296 1455 1330 palustres;
1473 1296 1617 1331 Propontis
1630 1301 1707 1324 extra

920 1343 1033 1374 pontum
1050 1339 1184 1368 Euxinum
1195 1345 1304 1376 propter
1314 1340 1448 1369 undarum
1460 1341 1590 1376 impetum
1604 1350 1610 1371 ;
1624 1341 1707 1367 maria

921 1386 990 1413 ultra
1004 1386 1093 1414 Gades
1108 1393 1221 1422 propter
1233 1388 1413 1416 solitudinem
1432 1393 1459 1415 et
1471 1388 1523 1415 iter
1535 1388 1707 1418 inusitatum,

920 1435 947 1458 et
971 1432 1094 1459 locorum
1111 1433 1303 1466 ignorantiam,
1322 1438 1351 1461 ct
1374 1434 1433 1460 aliae
1449 1434 1529 1460 aliam
1549 1433 1583 1461 ob
1597 1441 1707 1460 causam

920 1483 1028 1512 partes;
1057 1479 1093 1506 ita
1121 1481 1250 1507 usuven-it
1273 1481 1335 1508 vitae
1357 1485 1466 1507 nostrie.
1489 1480 1610 1507 Primum
1633 1487 1708 1506 mare

922 1524 1015 1552 videre
1035 1531 1077 1552 est
1092 1526 1205 1561 puerilis
1227 1527 1330 1560 :etatis,
1341 1527 1452 1554 multam
1476 1526 1578 1553 habens
1589 1532 1709 1553 commo-

922 1571 1023 1599 tionem
1039 1573 1074 1599 ob
1090 1573 1225 1600 inscitiam
1240 1579 1267 1600 et
1281 1573 1484 1608 simplicitatem
1505 1580 1536 1600 ac
1558 1572 1707 1599 levitatem.

923 1618 1072 1653 Propterea
1083 1623 1111 1646 et
1119 1620 1280 1655 paedagogos
1289 1619 1453 1654 opponimus
1462 1623 1543 1654 atque
1554 1618 1712 1652 magistros,

923 1671 1027 1692 natnrze
1047 1666 1183 1693 defectum
1210 1673 1276 1693 cura
1291 1666 1461 1701 supplcntcs,
1486 1666 1556 1693 sicut
1582 1665 1610 1691 in
1639 1664 1709 1691 mari

921 1709 1098 1744 providemus
1108 1711 1281 1744 gubernandi
1295 1717 1362 1738 arte.
1385 1711 1460 1738 Hanc
1484 1715 1590 1738 (etatem
1606 1709 1710 1744 excipit

922 1756 1114 1783 adulescentiae
1128 1764 1214 1790 mare,
1239 1756 1285 1783 ubi
1304 1757 1480 1784 vehementes
1494 1756 1578 1786 venti.
1595 1755 1667 1782 sicut
1682 1755 1708 1781 in

921 1801 1026 1836 ᾸΕετεο,
1046 1806 1124 1829 aucta
1147 1802 1174 1828 in
1195 1802 1274 1829 nobis
1296 1801 1527 1836 concupiscentia.
1545 1802 1634 1834 Atque
1653 1799 1710 1826 hate

923 1849 1094 1883 potissimum
1106 1853 1171 1876 retas
1183 1848 1361 1876 emendatore
1374 1851 1450 1874 caret
1461 1867 1468 1878 ,
1480 1854 1534 1873 non
1547 1846 1634 1873 solum
1647 1845 1708 1880 quia

924 1894 1113 1922 vehementius
1133 1893 1252 1926 fastidit,
1265 1894 1312 1921 sed
1334 1893 1397 1928 quia
1419 1896 1528 1927 peccata
1541 1900 1595 1919 non
1617 1899 1712 1926 reprc-

923 1939 1100 1972 henduntur;
1115 1947 1175 1966 nam
1192 1939 1321 1974 magister
1331 1944 1359 1966 et
1377 1938 1555 1973 paedagogus
1571 1938 1626 1973 iam
1646 1937 1711 1964 sub-

923 1985 989 2012 moli
1016 1984 1103 2012 fuere.
1121 1984 1189 2012 Cum
1202 1992 1267 2020 ergo
1292 1984 1366 2011 venti
1389 1983 1500 2019 quidem
1522 1981 1711 2010 vehementius

923 2030 1001 2063 ﬂant,
1024 2030 1192 2066 gubernator
1206 2037 1272 2057 vero
1293 2029 1429 2057 inﬁrmior
1454 2033 1504 2060 est,
1521 2033 1549 2055 et
1572 2032 1712 2063 protector

924 2077 1016 2104 nullus
1025 2082 1077 2109 est,
1090 2076 1233 2104 considera
1244 2080 1343 2111 quanta
1359 2075 1395 2103 sit
1411 2079 1568 2109 tempestas.
1580 2073 1712 2101 Posthinc

925 2122 1015 2150 adhuc
1034 2122 1086 2149 alia
1100 2121 1187 2149 aetatis
1204 2129 1277 2157 pars,
1294 2129 1393 2156 nempe
1414 2120 1502 2148 virilis
1516 2119 1602 2151 subit,
1615 2119 1642 2146 in
1658 2126 1712 2153 qua

925 2169 963 2196 rei
976 2168 1119 2195 familiaris
1134 2176 1210 2200 cura,
1224 2168 1251 2194 in
1267 2175 1319 2202 qua
1334 2175 1413 2199 uxor,
1430 2166 1544 2201 nuptiae,
1561 2165 1711 2192 liberorum

84 2216 220 2252 χειμῶνος
239 2217 270 2243 τδ
281 2216 407 2251 μέγεθος.
420 2216 498 2242 Μετὰ
512 2215 592 2241 τοῦτο
605 2214 688 2241 πάλιν
701 2213 796 2248 ’ἕτερον
825 2213 869 2248 μέ-

926 2214 1091 2249 procreatio.
1107 2214 1204 2241 domus
1222 2213 1391 2249 regimcn,et
1405 2213 1483 2240 multi
1496 2211 1712 2240 sollicitudinum

85 2270 131 2298 ρος
141 2264 189 2298 τῆς
204 2263 325 2298 ἡλικίας,
344 2263 373 2289 τὸ
383 2263 438 2289 τῶν
454 2262 558 2297 ἀνδρῶν
572 2261 688 2292 ἔπεισιν,
705 2261 733 2286 ἐν
744 2257 766 2294 ᾧ
778 2261 811 2286 τὰ
822 2262 872 2295 τῆς

84 2311 243 2344 οἰκονομίας
256 2310 394 2336 ἐπίκειται
412 2317 420 2324 '
437 2310 481 2336 ὅτε
505 2308 533 2335 δὲ
549 2308 617 2342 γυνὴ
634 2308 682 2334 καὶ
711 2307 799 2340 γάμος
824 2309 872 2333 καὶ

927 2259 1033 2287 nimbi:
1049 2265 1170 2295 tuncque
1191 2259 1329 2295 praecipue
1346 2259 1460 2286 avaritia
1474 2258 1620 2286 cillorescit
1632 2262 1714 2292 atque

926 2306 1040 2334 invidia.

84 2359 243 2386 παιδοποιία
259 2359 306 2386 καὶ
317 2358 406 2390 οἰκίας
429 2356 595 2393 προστασία,
625 2356 672 2382 καὶ
697 2355 793 2382 πολλαὶ
822 2355 876 2381 τῶν
915 2356 1066 2390 φροντίδων
1090 2355 1213 2390 νιφάδες,
1236 2355 1297 2382 τότε
1323 2353 1441 2389 μάλιστα
1460 2354 1508 2380 καὶ
1547 2351 1715 2386 φιλαργυρία

58 2406 161 2434 ’ἀνθεῖ
191 2406 238 2434 καὶ
267 2406 410 2441 βασκανία.

123 2453 163 2480 ιδ’.
181 2453 265 2479 Ὅταν
279 2449 326 2479 οὖν
337 2451 452 2477 ἕκαστον
469 2451 551 2485 μέρος
571 2450 622 2484 τῆς
637 2448 748 2483 ἡλικίας
768 2456 874 2483 παρερ-

85 2499 200 2536 χὼμεοα
219 2499 289 2534 μετὰ
303 2498 452 2532 ναυαγίων,
467 2496 526 2528 πῶς
551 2496 706 2531 ἁρκέσομεν
721 2496 754 2530 τῇ
772 2494 875 2529 παρού-

87 2555 122 2582 σῃ
139 2546 195 2581 ζωῇ
210 2554 216 2578 ;
232 2545 291 2576 πῶς
303 2543 354 2579 τὴν
370 2542 520 2578 μέλλουσαν
533 2541 732 2576 διαφευξὸμεοα
741 2541 852 2567 κόλασιν
866 2548 873 2572 ;

85 2594 151 2620 ὅταν
165 2592 220 2626 γὰρ
237 2592 266 2617 ὲν
287 2589 337 2624 μὲν
356 2590 389 2624 τῇ
406 2588 503 2624 πρώτῃ
520 2587 614 2623 ἡλικία
631 2587 714 2622 μηδὲν
733 2586 874 2621 μανθάνω-

88 2647 140 2672 μεν
160 2637 249 2671 ὑγιὶς,
265 2637 295 2662 ἐν
313 2635 342 2661 δὲ
353 2636 386 2670 τῇ
401 2634 508 2669 νεότητι
526 2633 564 2668 μὴ
579 2633 813 2668 σωφρονήσωμεν,
827 2632 874 2658 καὶ

87 2684 185 2718 ἄνδρες
211 2683 356 2716 γενόμενοι
382 2679 564 2715 φιλαργυρίας
594 2679 632 2714 μὴ
654 2678 875 2714 περιγενώμεθα,

85 2731 146 2757 τότε
163 2729 257 2762 ὥσπερ
275 2727 315 2758 εἴς
327 2736 385 2754 τινα
400 2726 510 2753 ἀντλίαν
524 2726 554 2753 τὸ
570 2728 656 2762 γῆρας
675 2726 807 2758 ἐλθόντεῖ,
828 2726 876 2752 καὶ

88 2776 190 2806 πάσαις
206 2776 266 2806 ταῖς
279 2773 381 2807 πάγαις
403 2774 515 2804 ταύταις
530 2772 560 2799 τὸ
585 2773 688 2806 σκάφος
715 2772 764 2806 τῆς
785 2771 875 2806 ψυχῆς

88 2821 286 2856 ἀσθενέστερον
300 2819 574 2852 κατασκευάσαντες,
595 2817 650 2844 τῶν
677 2817 792 2844 σανίδων
818 2817 876 2843 δια-

87 2867 254 2901 λελνμένων,
272 2865 463 2900 ἀπαντήτομεν
493 2865 532 2896 εἰς
559 2865 663 2891 ἐκεῖνον
687 2863 731 2890 τὸν
764 2863 875 2898 λιμένα,

964 2446 1008 2474 Η.
1025 2446 1051 2474 Si
1066 2453 1131 2481 ergo
1148 2446 1269 2481 singulas
1278 2444 1366 2472 relatis
1379 2448 1471 2478 partes
1485 2443 1558 2470 inter
1571 2441 1713 2477 naufragia

927 2492 1122 2527 transigemus,
1140 2492 1206 2526 quid
1228 2496 1329 2518 nostra:
1347 2489 1473 2526 pra'senti
1492 2489 1554 2516 vitae
1572 2487 1715 2522 ﬁet?qno-

928 2537 1009 2564 modo
1024 2538 1145 2564 futuram
1166 2537 1312 2563 vitabimus
1325 2534 1451 2570 ptrnam?
1463 2534 1529 2561 Nam
1539 2533 1570 2569 psi
1586 2533 1612 2560 in
1627 2533 1714 2568 prima

926 2589 1006 2612 aetate
1035 2583 1102 2611 nihil
1129 2591 1225 2610 sanum
1248 2583 1446 2614 didicerimus,
1473 2582 1500 2608 in
1528 2581 1712 2608 adolescentia

927 2635 1111 2665 temperantes
1134 2637 1188 2656 non
1207 2629 1352 2660 fuerimus,
1379 2628 1406 2655 in
1425 2627 1554 2654 virilitate
1569 2626 1712 2653 avaritiam

927 2684 982 2704 non
998 2675 1239 2710 superaverimus;
1257 2678 1323 2700 tunc
1340 2673 1373 2700 ad
1396 2676 1568 2700 senectutem
1582 2670 1664 2698 veluti
1679 2669 1713 2696 ad

926 2723 1073 2758 quamdam
1089 2722 1223 2749 sentinam
1238 2719 1371 2756 provecti,
1386 2724 1529 2754 postquam
1548 2718 1591 2745 his
1606 2716 1714 2744 cunctis

926 2768 1132 2805 impedimentis
1156 2769 1284 2803 scapham
1304 2765 1400 2794 animae
1420 2765 1598 2792 inlirmiorem
1616 2763 1717 2790 enece-

928 2817 1023 2848 rimus,
1040 2814 1141 2842 tabulis
1161 2813 1372 2844 dissilientibns,
1391 2813 1420 2840 in
1448 2811 1523 2839 illum
1542 2814 1652 2845 portum
1667 2816 1714 2835 vc-

928 2862 1045 2895 nientus,
1072 2860 1165 2888 multis
1195 2859 1301 2889 onerati
1331 2857 1486 2893 quisquiliis
1516 2864 1566 2891 pro
1596 2853 1716 2890 spiritali
