1916 3068
79 171 144 202 1069

511 169 663 200 NICEPll.
681 169 874 198 GREGOR/E
892 169 1106 200 ALLOCUTlO
1124 170 1173 199 AD
1193 171 1269 200 IMP.

1629 173 1709 205 1070'

79 227 125 253 νῦν
149 226 319 261 εὐφροσύνης
337 227 459 262 μακροὺς
476 226 650 260 ἀναπέμπειν
671 225 733 256 τοὺς
756 225 859 259 ὕμνους
877 226 896 254 Λ
913 226 936 252 o’.
954 226 980 252 δὲ
995 227 1025 253 τὺ
1039 227 1088 261 τῆς
1099 227 1218 258 διανοῑας
1236 227 1282 259 ὀξὺ
1293 227 1338 254 καὶ
1353 227 1553 263 τελεσιουργὸν,
1565 229 1611 255 καὶ
1623 230 1697 261 ὅπως

79 273 242 306 ἐπείγονται,
255 273 303 300 καὶ
318 273 418 308 σκιρτᾷ
433 272 482 299 καὶ
507 272 599 307 χαίρει
622 272 668 298 τὸν
687 271 787 306 ὡραίον
810 271 860 306 τῆς

79 320 210 355 εὐθυμίας
236 319 338 354 χιτῶνα
362 320 393 346 τὸ
419 318 473 345 τῶν
499 318 605 344 πόλεων
641 317 860 352 ἀμφιεννύμενον

81 366 234 401 πρόσωπον.
249 366 285 392 Σὺ
299 365 353 400 γὰρ
364 363 390 391 εἴ
407 365 456 391 καὶ
467 364 602 398 ζωογόνος
617 364 670 390 τῶν
689 363 861 398 πραγμάτων

80 412 177 447 καρδία
197 413 245 438 καὶ
269 413 361 445 τεῖχος
379 411 428 438 καὶ
446 410 571 445 θεμέλιος
598 411 645 436 καὶ
669 409 784 440 πλοῦτος
807 409 861 435 τῶν

81 457 194 489 πόλεων,
208 457 257 483 καὶ
280 457 349 492 πρὸς
374 456 404 482 σὲ
422 455 577 490 βλέπουσιν,
603 455 670 481 ὃπου
687 462 739 488 περ
768 454 800 480 ἂν
816 451 861 489 ᾖς,

79 500 173 535 ὥσπερ
186 500 220 526 τὰ
232 500 282 534 τῆς
298 501 349 534 γῆς
370 500 550 534 βλαστήματα
567 499 636 534 πρὸς
650 499 737 534 ἥλιον.
753 498 825 524 Ἀλλ’
836 499 861 524 οἱ

81 545 130 580 μὲν
143 545 220 579 σοφοί
235 553 262 570 τε
287 545 335 571 καὶ
348 545 457 580 έλληνες
472 545 547 579 λόγοι
559 544 595 571 τά
609 553 639 570 τε
656 543 725 571 ἄλλα
745 545 792 570 καὶ
814 544 862 570 'H-

82 590 182 625 ρακλέα
193 591 239 618 τὸν
255 591 328 618 πάνυ
345 590 515 625 παμπόλλων
532 590 686 625 ἀνθρώπων
699 590 748 616 καὶ
758 587 862 615 πόλεων

81 636 229 672 εὐεργέτην
256 637 432 664 καταστάντα
455 636 522 670 φασὶ
545 635 669 670 μεγάλης
689 636 738 670 τῆς
762 633 861 661 ἑαυτοῦ

80 684 158 719 δόξης
181 683 321 718 ιμπλῆσαι
345 683 395 717 τήν
425 691 456 708 τε
487 682 603 709 Ἐλλάδα
634 683 680 709 καὶ
705 682 781 712 ὅσαις
815 681 864 716 τῆς

87 730 210 761 Ἑλλάδος
226 729 354 755 ἐπέκεινα
372 728 466 754 πόλεσι
493 729 540 754 καὶ
556 727 658 763 χώραις
682 727 737 754 ἔδει
753 727 803 762 τῆς
816 727 865 753 αὒ-

81 774 126 801 τοῦ
140 774 266 810 βοηθείας
277 782 283 789 ·
301 772 485 800 ἐπελαύνοντα
499 773 555 807 γὰρ
567 773 711 807 καθαίρειν
723 772 740 799 ἃ
754 773 802 807 τῆς
813 772 864 806 γῆς

83 820 189 855 ἐκείνης
217 819 315 854 ἐφύετο
342 819 485 853 νοσήματα
513 819 560 845 καὶ
590 818 748 853 ὑϐρίσματα
779 818 865 845 ὁπόσα

83 866 254 901 γεωργοῦσιν
271 866 364 899 ἄγριοι
379 864 463 899 θῆρες
478 865 527 891 καὶ
546 864 626 895 πόδες
656 864 771 899 λῃστῶν.
793 863 865 890 Ἀλλ’

917 272 1063 299 ἀκόλουθον
1079 273 1111 299 τὺ
1124 273 1178 299 τῶν
1194 273 1308 306 ἀγώνων
1323 273 1410 308 πέρας
1424 275 1511 305 ποιεῖς
1523 275 1583 305 ταῖς
1606 275 1698 301 ἐττιῦο-

914 317 973 349 λαῖς
988 317 1043 344 τῶν
1055 318 1147 352 ἀρχῶν
1160 326 1166 333 ο
1184 318 1294 351 φθάνεις
1309 318 1363 353 γὰρ
1380 318 1418 352 τῷ
1437 319 1513 353 τάχει
1528 319 1575 345 τοῦ
1598 319 1699 354 δρόμου

915 363 963 398 τὴν
979 363 1029 398 σὴν
1048 364 1189 397 ἀγγγλίαν,
1202 364 1251 390 καὶ
1273 364 1338 399 πρὶν
1361 364 1526 399 ἀκουσθῆναι
1541 365 1624 400 φαίνῃ
1647 374 1700 391 πα-

918 409 975 444 ρὼν
992 409 1038 435 καὶ
1053 410 1085 444 τῇ
1109 409 1231 443 αίφνιδίᾳ
1253 417 1300 435 σου
1323 409 1462 445 παρουσίᾳ
1487 410 1522 435 τὰ
1547 409 1602 435 τῶν
1619 411 1700 435 πολε-

918 452 988 487 μίων
1005 453 1117 486 θραύεις
1132 454 1290 487 σχέμματα.
1303 453 1381 480 Οὕτω
1403 455 1466 485 τοὺς
1479 454 1638 489 Τριϐαλλῶν
1656 455 1702 480 καὶ

918 499 1021 525 Μυσῶν
1043 499 1196 534 ἐξέπληξας
1221 501 1370 534 ἡγεμόνας,
1393 500 1572 527 καθεύδουσιν
1587 501 1703 532 ἐπιστὰς

917 543 1045 575 πολλάκις
1072 545 1275 580 ἀπροσδόκητος
1286 545 1380 581 ὤσπερ
1403 555 1444 578 τις
1469 547 1590 582 αἰθέριος
1605 555 1703 581 κεραυ-

917 591 978 621 νός·
1004 590 1075 617 οὕτω
1102 590 1167 617 Χίον
1190 589 1272 624 εἷλες,
1296 591 1367 618 οὕτω
1392 592 1522 619 Φώκαιαν
1550 593 1703 625 ἑδουλὼσω,

917 635 1004 668 οὕτως
1028 636 1173 672 Ἰλλυριοὺς
1197 637 1380 672 κατέδραμες.
1401 638 1471 663 οὓτω
1497 638 1545 664 νῦν
1569 638 1704 669 Λίτωλοὺς

918 682 965 709 καὶ
982 682 1153 717 ’Δκαρνᾶνας
1168 684 1195 714 ἐς
1225 683 1255 709 τὸ
1271 684 1384 718 ἀρχαῖον
1406 684 1582 718 ὲπανήγαγες
1611 685 1704 719 σχῆμα

919 730 967 763 τῆς
987 728 1134 762 Ῥωμαίων
1157 729 1307 762 ἡγεμονίας
1322 730 1371 763 (Ι).
1411 749 1419 757 .
1459 748 1466 756 .
1508 749 1515 756 .
1556 751 1562 757 .
1602 750 1608 757 .
1650 752 1656 757 .
1697 753 1704 759 .

1547 777 1595 803 καὶ
1622 777 1705 811 ἄμφω

919 819 953 846 τὰ
971 822 1091 854 στοιχεῖα
1107 820 1253 854 ἐμπλήσας
1276 819 1324 846 τοῦ
1339 821 1489 854 θαύματος.
1506 823 1585 855 Λέγω
1609 822 1641 857 δὴ
1656 823 1721 856 τὴν.

919 866 1051 892 διαϐᾶσαν
1070 866 1099 898 ἐξ
1115 865 1207 897 Ἀσίας
1225 866 1285 892 καθ’
1297 867 1375 900 ἡμῶν
1391 867 1528 901 Περσικὴν
1540 869 1647 902 ἐκείνην
1659 869 1706 894 καὶ

920 793 928 800 ι
967 793 975 800 σ
1015 793 1022 801 ι
1061 793 1068 801 ι
1109 794 1116 801 ι
1156 794 1163 801 ι
1204 793 1210 800 α
1250 795 1258 801 σ
1299 795 1305 803 ι
1345 795 1351 801 .
1394 795 1400 802 .
1448 795 1455 803 ι
1495 795 1502 802 ι

83 914 174 940 ἐκεῖνα
195 913 270 944 λόγοι
286 913 340 946 ἄρα
363 909 433 946 ἦσαν
453 911 546 946 μύθων
562 910 726 945 αὐτονομίαν
742 918 866 943 συναγω-
883 901 903 928 Β
918 911 1057 945 δύσμαχον
1071 911 1185 945 δύναμίν
1205 920 1234 938 τε
1255 912 1303 938 καὶ
1325 912 1442 945 ὅπλισιν,
1461 913 1494 947 ἣν
1513 913 1605 948 ἡμέρᾳ
1622 901 1706 948 κατη-

83 959 226 993 νιξομένην
246 957 424 988 πλουτοῦντες
439 958 477 988 ὡς
487 957 521 982 τὰ
538 956 624 982 πολλὰ
647 956 694 982 καὶ
714 956 800 990 ῥᾷστα
815 954 865 988 τὴν

84 1004 166 1038 ἀκοὴν
182 1003 398 1034 ὐποκλέπτοντες
411 1010 419 1018 ”
440 1002 488 1028 νῦν
512 1002 535 1028 δ’
551 1000 621 1028 εἶδεν
640 1000 719 1027 ἄλλον
733 1001 750 1034 ἠ
769 999 866 1030 Ἑλλὰς

89 1050 226 1085 Ἡρακλέα
260 1051 300 1082 σὲ,
323 1050 443 1084 πολυετῆ
471 1049 642 1082 καθαίροντα
677 1047 727 1081 γῆς
756 1046 865 1079 ἐκείνης

87 1097 225 1132 δοσήματα
234 1096 281 1122 καὶ
291 1095 461 1130 ὑϐρίσματα,
473 1095 503 1120 οὐ
518 1094 598 1127 Θέρος
610 1093 657 1119 καὶ
666 1093 716 1126 ἔαρ
728 1093 767 1123 εἰς
776 1091 866 1118 ὃπλων

84 1142 266 1178 περιμένοντα
292 1140 398 1175 χρείαν,
424 1139 492 1166 ἀλλὰ
518 1139 615 1172 φύσεις
631 1137 710 1172 ὡρῶν
734 1138 781 1163 καὶ
796 1145 867 1163 στοι-

84 1190 164 1224 χείων
185 1186 413 1221 καινοτομοῦντα,
431 1186 478 1211 καὶ
507 1184 586 1219 θέρος
603 1183 653 1217 μὲν
668 1183 820 1217 ἡγούμενον
837 1182 867 1208 τὸ

83 1235 137 1261 τῶν
165 1234 308 1269 χειμώνων
322 1232 419 1267 ψῦχος,
433 1231 541 1266 τρυφὴν
564 1230 592 1256 δὲ
608 1230 658 1263 τὴν
684 1230 805 1261 ἀσιτίαν,
821 1229 867 1256 καὶ

85 1281 168 1306 ὕπνον
184 1279 234 1314 μὲν
248 1279 298 1313 τὴν
314 1277 480 1312 ἀγρυπνίαν,
494 1276 664 1307 ἀναπαύσεις
680 1275 707 1301 δὲ
723 1274 866 1310 βασιλικὰς

85 1326 132 1352 καὶ
147 1325 286 1360 ῥᾳθυμίας
300 1323 331 1350 τδ
348 1322 567 1354 διανυκτερεύειν
594 1321 700 1356 αἴθριον
715 1321 762 1347 καὶ
777 1321 868 1350 πόνοις

87 1371 161 1402 ἰδίοις
187 1370 226 1405 τῷ
255 1369 337 1404 κοινῷ
360 1369 410 1403 τὴν
427 1368 562 1402 ὠφέλειαν
579 1366 749 1402 παρέχεσθαι
775 1366 822 1393 καὶ
837 1366 869 1392 τὸ

88 1416 221 1451 μηδαμῶς
247 1416 309 1446 τοὺς
326 1414 471 1444 πλείστους
492 1413 677 1449 περιδρόμους
696 1411 794 1446 τρέψαι
810 1410 869 1445 βού-

86 1460 178 1486 λεσθαι
194 1459 261 1494 πρὸς
278 1459 395 1493 ἠρεμίαν
413 1458 466 1484 οὐδ’
483 1458 533 1492 ὀψὲ
547 1458 595 1484 τοῦ
613 1457 720 1492 χρόνον,
734 1456 802 1482 ἀλλὰ
822 1457 869 1481 πό-

86 1514 140 1536 νοις
156 1505 253 1536 πόνους
271 1504 414 1539 ἐπιφέρειν
425 1503 472 1530 καὶ
483 1503 621 1538 διαδόχους
632 1503 745 1535 ἁγώιων
761 1501 869 1534 ἀγῶνας

86 1551 217 1577 δεικνύειν
234 1550 303 1576 κατὰ
316 1550 346 1576 τὸ
362 1549 482 1584 συνεχὲς,
496 1547 688 1583 ἠπειρωτικῶν
702 1547 752 1582 μὲν
769 1547 869 1573 θαλασ-

87 1596 170 1629 σίους,
181 1595 333 1622 θαλασσίων
347 1594 370 1621 δ’
383 1594 417 1622 αὖ
427 1593 637 1629 ὴπειρωτικοὺς.
652 1594 707 1620 Καὶ
718 1593 774 1619 τῶν
783 1593 871 1619 τοιού-

86 1649 139 1667 των
156 1640 270 1675 ἀγώνων
285 1642 308 1666 οἱ
320 1640 369 1674 μὲν
381 1639 410 1666 τὸ
423 1639 524 1673 πλῆθος
538 1638 734 1672 θαυμάζουσιν,
746 1638 770 1664 οἱ
781 1637 809 1663 δὲ
822 1638 872 1672 τὴν

89 1686 242 1721 συνέχειαν,
266 1685 313 1711 καὶ
327 1685 352 1711 oi
365 1685 413 1719 μὲν
428 1685 459 1711 τὸ
482 1684 536 1710 τῶν
554 1684 662 1718 δρόμων
679 1684 873 1718 ἀγχίστροφον,

89 1777 245 1804 civitatibus
273 1783 398 1804 securum
432 1775 635 1804 fundamentum
658 1780 686 1802 et
703 1783 768 1810 opes
784 1776 877 1802 lirmas

88 1826 219 1857 prmstas;
252 1821 277 1848 in
309 1826 334 1847 te
366 1822 465 1856 igitur,
492 1821 645 1855 ubicunque
677 1820 738 1852 sis,
768 1827 874 1853 omnes,

89 1866 262 1900 sicutplantu:
284 1867 367 1893 solem
385 1873 489 1898 versus,
503 1865 659 1898 respiciunt.
673 1865 705 1892 Et
720 1865 874 1893 Grzeeornm

89 1912 198 1947 quidem
219 1912 305 1938 doctae
318 1912 466 1938 relationes
479 1910 619 1938 Herculem
636 1910 812 1943 plurimarum
827 1917 876 1936 na-

90 1959 196 1986 tionum
222 1958 415 1991 civitatumque
441 1956 640 1984 benefactorem
665 1955 749 1983 fuisse
765 1963 797 1982 ac
827 1963 875 1982 no-

91 2003 171 2030 minis
199 2003 239 2030 Sui
271 2002 341 2029 fama
368 2001 500 2029 Gricciam
528 2001 674 2035 repletisse
713 2005 742 2028 et
777 2001 876 2028 vicinis

90 2049 216 2084 gentibus
241 2048 342 2075 auxilio
373 2048 460 2075 fuisse
489 2047 569 2075 fidem
591 2047 694 2074 faciunt
710 2067 717 2079 ,
742 2046 875 2082 siquidem

93 2101 200 2126 terras,
233 2101 300 2128 quas
330 2093 425 2125 adiit,‘
445 2094 547 2121 morbis
584 2101 616 2121 ac
643 2094 762 2120 ferarum
794 2094 875 2121 latro-

92 2149 210 2176 nuntque
224 2141 328 2176 injuriis
346 2141 474 2168 liberarit.
493 2140 546 2168 Sed
564 2141 621 2167 ista:
643 2141 740 2168 fnlnilte
767 2141 817 2168 fide
837 2141 876 2169 lc-

91 2188 186 2222 gitiina
202 2192 326 2214 carentes
337 2194 416 2214 aures
439 2187 628 2214 tantummodo
651 2187 771 2215 tilillant.
799 2187 826 2214 lu
851 2193 877 2214 te

920 956 1028 988 γωνίσω
1057 956 1117 990 μιᾷ,
1133 955 1279 987 πλείστους
1309 956 1359 990 μὲν
1389 957 1502 989 ἀνελὼν,
1538 958 1646 989 πλείους
1678 959 1706 984 δὲ

920 1000 1023 1031 ζῶντας
1038 1001 1117 1029 ἑλών.
1142 1001 1195 1027 Καὶ
1220 1001 1238 1027 ἂ
1259 1002 1343 1028 πάλαι
1367 1001 1553 1036 Θεμιστοκλέα
1566 1004 1706 1037 ἀκούομεν

920 1047 950 1078 ἐξ
972 1046 1099 1080 ’Λττικῆς
1125 1047 1173 1072 καὶ
1199 1047 1357 1073 Παυσανίαν
1383 1047 1415 1074 ὲκ
1445 1048 1651 1083 Λακεδαίμονος
1678 1050 1707 1075 ἐν

922 1091 1008 1126 ἱκανῷ
1024 1091 1190 1126 διαστήματι
1203 1092 1300 1126 χρόνου
1325 1092 1373 1118 δύο
1387 1093 1588 1127 μερισαμένους
1604 1094 1707 1128 στήσα-

922 1138 982 1162 σθαι
994 1137 1112 1171 τρόπαια
1130 1137 1199 1163 κατὰ
1211 1137 1266 1163 τῶν
1287 1137 1358 1172 μετὰ
1380 1137 1482 1172 Ξέρξου
1504 1139 1630 1173 Περσῶν,
1645 1154 1678 1158 -
1693 1141 1707 1165 ὁ

923 1184 972 1217 μὲν
986 1183 1041 1217 γὰρ
1055 1183 1083 1209 ὲν
1093 1184 1148 1214 τοῖς
1164 1184 1230 1218 περὶ
1241 1183 1382 1218 Σαλαμῖνα
1396 1185 1499 1215 στενοῖς
1512 1185 1560 1220 τὴν
1575 1185 1707 1220 ναυτικὴν

922 1229 1034 1255 ἐκείνων
1052 1229 1235 1255 κατεϐἀπτισε
1263 1229 1388 1264 δύναμιν,
1405 1231 1419 1256 ὀ
1434 1231 1461 1256 δὲ
1488 1232 1552 1265 περὶ
1579 1231 1708 1258 Βοιωτίαν

922 1276 956 1301 τα
972 1275 1181 1310 περιλειφθέντα
1196 1275 1245 1301 σὺν
1265 1275 1411 1310 Μαρδονίῳ
1437 1277 1608 1311 στρατόπεδα
1626 1285 1708 1303 κατε-

922 1320 1081 1356 τροπώσατο
1094 1336 1128 1342 -
1140 1321 1226 1348 ταῦτα
1239 1322 1271 1348 σὺ
1288 1320 1393 1355 βέλτιον
1409 1322 1438 1347 ἑν
1453 1322 1546 1357 ἡμέρᾳ
1569 1323 1707 1358 διεπράξω

925 1367 974 1400 μιᾷ
986 1366 1056 1392 κατά
1080 1365 1133 1391 τῶν
1148 1365 1366 1392 ὲπεισπεσόντων
1391 1366 1458 1400 ἡμῖν
1476 1366 1619 1400 αἰφνιδίως
1639 1367 1709 1401 Περ-

927 1411 991 1436 σῶν.
1006 1410 1076 1441 Τοὺς
1091 1410 1141 1444 μὲν
1157 1411 1211 1444 γὰρ
1238 1409 1345 1445 κύμασι
1375 1411 1421 1438 καὶ
1449 1411 1550 1446 ῥοθίοις
1573 1412 1709 1447 θαλάττης

924 1457 1027 1488 ἒδιηκας
1046 1456 1240 1491 βαπτίζεσθαι,
1258 1458 1320 1488 τοὺς
1336 1457 1364 1483 δὲ
1379 1457 1506 1492 κιθάπερ
1525 1458 1665 1493 ἀστάχυας
1680 1459 1709 1484 ὲν

925 1503 980 1532 τοῖς
1007 1502 1150 1537 παραλίοις
1175 1502 1224 1538 τῆς
1248 1502 1359 1538 Θρᾴκης
1375 1503 1580 1538 κατέστρωσας,
1597 1504 1660 1536 τοὺς
1680 1504 1709 1530 δὲ

926 1546 1034 1579 πλείους
1048 1547 1318 1582 ζῶνταςὲχειρώσω,
1344 1548 1437 1584 ὥσπερ
1458 1550 1486 1576 ὲν
1501 1549 1611 1584 ἐξουσίᾳ
1633 1550 1710 1584 βασι-

925 1591 990 1626 λικῇ
1004 1593 1086 1627 τριχῇ
1114 1593 1145 1619 τὸ
1157 1594 1205 1627 τῆς
1224 1593 1302 1628 νίκης
1330 1593 1523 1629 διαιρούμενος
1549 1596 1708 1630 κράτιστον.

925 1636 1013 1664 Πάλαι
1030 1637 1080 1671 μὲν
1095 1637 1142 1664 οὖν
1157 1637 1298 1674 ἐθαύμαζε
1318 1639 1403 1674 δῆμος
1420 1640 1555 1675 Ἑλλήνων
1573 1640 1711 1668 ’Δλκιΰιά-

925 1681 974 1716 δην
991 1682 1096 1710 ἐκεῖνον
1124 1683 1170 1710 τὸν
1193 1685 1379 1718 Σωκρατικὸν,
1398 1685 1444 1711 τὶν
1469 1685 1605 1718 Κλεινίου,
1620 1686 1666 1713 τὸν
1681 1687 1710 1713 ὲν

926 1771 972 1798 alii
993 1771 1163 1800 velocitatem
1179 1777 1207 1800 et
1229 1781 1342 1801 acumen
1370 1774 1469 1809 ingenii
1490 1776 1528 1803 tui
1548 1777 1709 1811 suspiciunt.

927 1816 994 1844 Nam
1021 1819 1107 1845 nuntii
1127 1818 1164 1846 tui
1181 1826 1261 1847 cursu
1285 1824 1491 1854 praevertuntur,
1513 1826 1541 1848 et
1559 1822 1648 1850 subita
1665 1828 1711 1850 tua

927 1865 1072 1900 prazsentia
1088 1866 1204 1892 hostium
1225 1866 1442 1894 machinamenta
1463 1867 1539 1894 irrita
1557 1868 1635 1896 facis.
1667 1868 1712 1896 Sic

928 1909 1108 1937 Triballonim
1125 1910 1313 1946 Mysorumque
1335 1913 1418 1940 duces
1440 1915 1606 1942 conturbasti
1623 1935 1630 1946 .
1662 1923 1713 1943 nee

927 1954 1053 1988 opinatos
1074 1963 1120 1982 eos
1136 1955 1257 1985 fulminis
1279 1957 1366 1984 instar
1381 1959 1540 1987 adoriendo.
1557 1961 1603 1988 Sic
1623 1961 1711 1989 Chion

927 2000 1034 2033 cepiSii,
1050 2000 1089 2027 sic
1104 2000 1244 2028 Phocasam
1265 2002 1412 2037 subegisti;
1429 2003 1468 2031 sic
1483 2003 1618 2040 Illyricum
1635 2007 1713 2034 inva-

927 2045 1003 2078 sisti;
1024 2046 1063 2073 sic
1079 2054 1164 2081 nuper
1171 2046 1269 2075 Ailolis
1278 2052 1360 2082 atque
1371 2048 1561 2079 Aearnauibus
1573 2052 1712 2087 antiquam

929 2090 1113 2118 Romanorum
1130 2092 1243 2120 formam
1260 2094 1398 2128 refecisti;
1414 2096 1453 2123 sic
1469 2101 1568 2124 terram
1584 2105 1712 2133 mareque

927 2136 1105 2171 stirpi-fecisti.
1122 2137 1186 2171 Dico
1201 2139 1328 2173 equideut
1344 2141 1494 2168 exercitum
1519 2142 1599 2169 istum
1621 2143 1712 2171 Persi-

929 2190 1004 2213 cum,
1019 2183 1064 2217 qui
1085 2189 1181 2211 contra
1203 2192 1252 2212 nos
1267 2185 1368 2218 movit,
1387 2190 1412 2214 te
1428 2195 1481 2215 uno
1493 2188 1536 2215 die
1550 2189 1713 2224 .prolligasse

92 2239 181 2260 autem
201 2233 306 2260 Graecia
330 2240 428 2260 novum
457 2233 578 2266 possidet
600 2232 742 2260 Herculem
760 2235 804 2267 qui
833 2242 876 2260 re-

929 2234 956 2255 et
983 2229 1082 2257 inultos
1096 2234 1144 2256 aut
1163 2230 1314 2264 cecidisse,
1337 2236 1385 2259 aut
1407 2234 1482 2261 vivos
1504 2235 1617 2269 cepisse.
1635 2236 1712 2269 Quod

91 2280 198 2313 gionem
229 2279 307 2306 istaut
326 2286 378 2306 non
408 2278 510 2306 morbis
533 2286 566 2306 ac
581 2279 686 2313 injuriis
702 2279 811 2312 liberat,
830 2281 876 2315 qui

91 2333 174 2351 VlrllU
192 2331 273 2359 atque
289 2325 384 2351 aestivo
401 2329 522 2359 tempore
543 2333 597 2352 non
612 2326 645 2353 ad
660 2333 734 2353 artua
750 2327 876 2360 recurrit,

91 2370 139 2397 sed
152 2370 298 2397 stationum
312 2376 340 2397 et
353 2372 548 2397 elementorum
563 2375 686 2398 naturam
704 2372 874 2403 reformaVit;

91 2414 138 2448 qui
163 2414 247 2447 frigus
268 2414 412 2441 hibernum
429 2422 477 2448 pro
491 2419 597 2445 aestate,
611 2414 709 2442 famem
725 2422 773 2449 pro
788 2416 876 2442 abun-

91 2460 199 2490 dantia,
217 2458 351 2484 insomnia
368 2465 416 2490 pro
429 2459 519 2492 quiete
539 2459 633 2486 babes.
661 2457 700 2485 Tu
725 2459 748 2487 si
765 2461 814 2488 sub
831 2460 877 2487 diu

92 2508 249 2538 periioctas,
261 2504 332 2537 regia
353 2508 378 2529 te
394 2502 531 2536 voluptate
547 2503 597 2530 frui
613 2508 709 2538 putas;
724 2509 751 2531 tu
769 2506 877 2539 propria

93 2549 236 2576 commoda
250 2548 387 2575 communi
409 2547 516 2574 utilitati
537 2550 694 2583 postponis;
713 2555 739 2577 tu
754 2551 878 2578 cursibus

95 2594 245 2621 laboriosis
253 2601 321 2620 nova
332 2593 483 2620 certamina
496 2598 523 2620 et
537 2593 643 2621 labores
650 2595 736 2628 addis,
751 2603 800 2623 nec
813 2601 880 2622 tein-

94 2640 156 2674 [ιρι-ί
172 2646 222 2666 nec
236 2639 315 2666 rebus
331 2638 476 2672 parcendo,
495 2643 522 2665 et
541 2646 642 2672 pugnas
658 2643 713 2667 tum
728 2641 878 2668 maritimas

94 2693 156 2712 cum
175 2690 317 2712 terrestres
334 2683 439 2710 ciendo.
468 2683 500 2710 Et
523 2684 617 2710 lioruni
631 2685 739 2719 quidem
752 2687 878 2713 certami-

98 2738 162 2756 num
177 2729 222 2756 alii
239 2729 450 2759 multitudinem,
469 2728 514 2755 alii
527 2728 706 2763 frequentiam
722 2732 873 2765 mirantur;

130 2797 168 2830 (Ι)
184 2796 251 2829 Quae
268 2802 328 2830 pust
343 2805 370 2834 ν,
388 2797 537 2831 ἡγεμονίας
554 2797 681 2830 leguntur
699 2807 785 2834 usque
801 2801 834 2826 ad
853 2810 876 2828 ν.

94 2840 240 2870 mutus-uia
264 2832 406 2870 (Ιιιιιηὸί),
435 2833 604 2870 iii_tiiargitie
629 2832 878 2870 JCIIIIIIII_dppUbllU

95 2874 174 2902 manu
191 2867 296 2893 addiuit
311 2867 450 2894 librarius.
468 2868 534 2894 Dedi
554 2875 612 2901 qum
631 2870 681 2903 legi
697 2867 876 2903 ιιιίιιιιὶιίιυίυ-

930 2274 1001 2301 enim
1011 2275 1074 2301 olim
1088 2275 1287 2303 Themistocles
1301 2285 1334 2303 ex
1347 2278 1446 2312 Attica,
1460 2285 1487 2307 et
1499 2279 1648 2309 Pausanias
1661 2282 1713 2308 Ba-

928 2323 1082 2348 ceilmiitone
1097 2322 1199 2356 egressi
1224 2322 1357 2357 fecerunt,
1374 2325 1426 2352 duo
1453 2326 1487 2354 de.
1515 2326 1602 2354 Xerxe
1628 2328 1710 2355 Persa

930 2371 1032 2401 tropaea
1046 2368 1186 2402 erigendo,
1199 2382 1236 2389 -
1251 2378 1366 2405 quorum
1382 2379 1451 2399 unus
1472 2372 1580 2406 quidem
1598 2373 1711 2400 classem

931 2412 1047 2439 hostium
1077 2414 1103 2440 in
1132 2413 1202 2442 freto
1216 2415 1335 2444 Bmotico
1354 2417 1462 2449 delevit,
1486 2418 1554 2445 alter
1579 2424 1670 2446 castra
1697 2428 1711 2446 ιι

932 2457 1073 2486 Ilardonio
1093 2459 1186 2487 relicta
1206 2462 1288 2496 cepit,
1305 2476 1339 2482 —
1353 2462 1381 2489 id
1406 2467 1433 2490 tu
1464 2463 1558 2491 melius
1588 2472 1640 2492 una
1671 2466 1714 2493 die

931 2502 1031 2535 fecisti,
1048 2504 1157 2538 Persas,
1177 2506 1223 2539 qui
1241 2512 1347 2534 uosmet
1361 2509 1481 2543 aggressi
1497 2508 1618 2541 fuerant,
1637 2510 1712 2537 subi-

931 2549 1028 2583 gendo.
1047 2549 1120 2577 Alios
1141 2551 1212 2576 eniui
1236 2552 1315 2579 undis
1342 2560 1373 2579 ac
1405 2554 1530 2580 fluctibus
1557 2556 1640 2582 maris
1666 2556 1714 2582 ἰιιι‹

932 2594 1061 2628 mersisti,
1077 2595 1146 2623 alios
1161 2601 1190 2622 ut
1205 2597 1325 2625 calamos
1345 2600 1376 2625 ad
1394 2598 1518 2627 Thracia:
1541 2601 1629 2628 littora
1644 2607 1714 2629 stra-

932 2641 1004 2673 visti,
1031 2641 1099 2668 alios
1112 2649 1226 2669 numero
1243 2643 1334 2677 plures
1363 2646 1439 2672 vivos
1463 2646 1570 2680 cepisti,
1602 2648 1643 2675 sic
1666 2655 1714 2682 pro

932 2686 1003 2721 regia
1031 2690 1076 2714 tua
1102 2693 1235 2722 potestate
1256 2689 1354 2724 triplici
1373 2691 1484 2719 victoria
1509 2693 1630 2720 functus.
1645 2694 1714 2720 Olim

932 2733 1038 2766 quidem
1054 2733 1139 2761 Graeci
1157 2735 1323 2763 Alcibiadem
1338 2737 1412 2764 illuni
1429 2737 1715 2772 Socraticunnﬁlinim

933 2808 993 2828 rant
1007 2813 1014 2835 ;
1041 2803 1169 2831 nonnulla
1185 2805 1258 2833 enim
1271 2806 1304 2832 ab
1323 2806 1507 2844 illiilorrccisll
1523 2809 1706 2844 bibliopegns.

1405 2843 1505 2869 lim-inn
1522 2843 1677 2871 Lirsiissm.
