4098 6196
254 291 318 352 13
622 330 628 337 ι
1364 289 2072 355 OBSERVATIONES
2117 291 2496 358 PRIEVIIE
3611 301 3690 362 l4

250 473 340 541 dit,
363 470 736 526 Baldericum
760 473 1129 544 episcopum,
1152 488 1327 544 quem
1346 474 1477 543 ipsa
1502 472 1772 528 Ecclesia
1790 474 1908 528 No-
1941 479 1992 540 Α
2025 490 2261 545 munus,
2282 477 2569 531 transitus
2592 476 2665 530 ad
2686 476 2971 547 Morinos,
2998 477 3322 533 chronicon
3342 479 3687 538 Morinense

252 561 570 615 viomensis
601 566 773 615 vocet
788 567 1090 632 pastorem
1114 578 1227 617 non
1249 562 1489 616 aliunde
1512 562 1759 631 illatum,
1795 579 1907 617 non

252 649 441 719 alium,
464 649 575 703 sed
595 666 782 719 suum,
807 666 913 704 suo
929 651 1233 721 profusum
1267 657 1454 721 utero,
1483 667 1648 722 quem
1677 652 1908 723 gremio

251 743 575 808 susceptum
614 739 742 809 ipsa
765 739 888 792 sibi
916 738 1182 809 lactavit,
1209 756 1375 811 quem
1410 741 1533 793 sibi
1553 739 1906 793 ablactatum

249 827 491 898 ipsamet
520 827 798 881 educavit
831 833 889 882 et
920 828 994 881 ab
1028 829 1178 898 ipsis
1200 845 1478 883 cunarum
1503 828 1773 882 exordiis
1795 844 1908 900 per

244 922 475 969 zetatum
496 922 556 969 et
579 916 854 970 ordinum
882 917 1108 988 gradus
1137 917 1260 973 sibi
1277 917 1520 988 penitus
1558 918 1788 971 vindica
1803 918 1902 987 vit,

249 1004 543 1059 uthabere
557 1005 815 1076 gaudeat
838 1021 915 1059 ex
929 1004 1053 1060 lilio
1074 1012 1331 1078 patrem,
1354 1023 1433 1061 ex
1456 1005 1686 1060 alumno
1709 1012 1907 1060 recto-

243 1109 379 1162 rem,
405 1094 775 1148 excanonico
791 1110 897 1148 suo
914 1101 972 1149 et
989 1094 1410 1149 arebidiacono
1426 1093 1708 1149 Baldrico
1719 1094 1911 1165 ponti-

250 1180 544 1251 509172624)
566 1198 684 1236 non
707 1199 890 1252 posse
906 1183 1177 1237 eumdem
1197 1199 1335 1238 esse
1355 1199 1486 1237 cum
1505 1187 1709 1237 nostro
1732 1198 1908 1253 quem

250 1270 370 1324 inde
403 1287 436 1324 a
462 1270 774 1341 juventute
807 1288 997 1343 usque
1026 1272 1095 1326 ad
1128 1288 1180 1325 a.
1218 1272 1427 1326 saltem
1451 1272 1585 1326 1044
1605 1271 1908 1326 Cameraci

251 1359 471 1413 vixisse
494 1376 569 1413 ex
592 1360 785 1430 ipsius
808 1361 1011 1415 verbis
1035 1364 1285 1429 constet,
1311 1377 1602 1433 quemque
1626 1377 1777 1415 anno
1801 1362 1906 1415 de-

248 1464 393 1501 mum
416 1448 560 1502 1082
578 1449 648 1502 ad
672 1449 936 1504 Morinos
960 1450 1295 1517 transiisse,
1321 1449 1518 1521 ibique
1541 1466 1692 1504 anno
1715 1451 1907 1505 adhuc

252 1535 373 1590 1091
396 1537 629 1592 vixisse
648 1538 915 1608 epistolae
939 1539 1069 1592 istae
1089 1538 1340 1593 tradant.
1366 1539 1704 1594 Statuamus
1728 1540 1908 1609 igitur

249 1629 468 1695 oportet
489 1630 587 1680 aut
610 1642 851 1680 errasse
873 1626 1216 1695 Gerardum,
1242 1628 1321 1682 ita
1342 1632 1404 1682 ut
1424 1626 1757 1682 Chronicon
1793 1628 1907 1681 Ca-

249 1729 395 1768 mera
408 1730 594 1769 cense
615 1731 647 1769 a
667 1715 976 1770 Balderico
998 1718 1285 1787 scriptum
1302 1717 1524 1786 sciens,
1546 1722 1601 1772 at
1615 1735 1645 1771 a
1659 1733 1912 1788 quonam

248 1802 551 1859 Balderico
570 1805 874 1876 nesciens,
892 1821 1027 1859 eum
1040 1822 1213 1877 quem
1234 1807 1450 1875 optime
1468 1810 1640 1860 norat
1660 1805 1914 1860 Balderi-

247 1908 389 1961 cum,
424 1894 793 1963 episcopum,
831 1896 1137 1965 cogitaret.
1162 1925 1231 1933 —
1261 1899 1359 1949 aut
1388 1897 1567 1950 totam
1597 1895 1910 1965 epistolam

248 1982 608 2051 suppositam
630 1998 791 2052 esse,
817 1983 870 2035 id
906 1983 1063 2054 quod
1087 1984 1158 2037 de
1188 1983 1435 2054 reliquis
1469 1986 1643 2040 etiam
1673 1984 1907 2038 duabus

250 2070 521 2124 Boschus
538 2088 652 2125 non
677 2087 788 2125 uno
805 2088 884 2126 ex
903 2072 1095 2142 capite
1117 2073 1478 2142 suspicatur.
1497 2074 1685 2144 Atque
1704 2088 1911 2126 revera

247 2158 458 2213 habent
474 2160 801 2230 apocryphi
818 2160 1097 2231 quiddam
1116 2166 1192 2230 et,
1216 2164 1277 2215 ut
1295 2161 1371 2214 ita
1386 2162 1599 2232 dicam,
1622 2162 1792 2232 vagi;
1817 2178 1912 2215 co-

249 2248 334 2301 lor
348 2252 442 2302 est
454 2250 750 2303 recentior
763 2265 879 2303 non
893 2249 1085 2319 qualis
1102 2249 1198 2304 illo
1211 2253 1474 2320 tempore
1489 2266 1627 2304 esse
1643 2251 1873 2304 solebat
1897 2267 1911 2320 ;

247 2336 300 2389 in
328 2339 515 2407 prima
550 2337 876 2391 chronicon
910 2337 1246 2392 Morinense
1280 2340 1567 2409 scriptum
1597 2340 1906 2409 indicatur,

244 2430 552 2497 antequam
567 2430 771 2480 auctor
784 2426 1047 2481 Morinos
1067 2428 1356 2497 venisset;
1380 2429 1441 2482 in
1463 2428 1728 2482 secundo
1743 2428 1910 2482 chro-

246 2514 411 2568 nicon
436 2514 891 2584 Cameracense,
912 2516 1067 2586 quod
1099 2519 1231 2570 ante
1263 2532 1481 2571 annum
1506 2517 1641 2571 1044
1673 2532 1910 2586 compo-

240 2604 413 2657 situm
463 2603 652 2658 fuisse
692 2605 939 2674 scimus,
988 2620 1141 2659 anno
1185 2604 1321 2659 1094
1379 2606 1573 2660 adhuc
1628 2605 1909 2659 ineditum

243 2695 719 2763 reprzesentatur,
746 2709 877 2747 cum
912 2696 1087 2747 tatem
1119 2693 1307 2762 prima
1337 2694 1583 2763 epistola
1614 2692 1910 2748 anni1082

245 2781 372 2851 ejus
404 2783 761 2837 mentionem
792 2783 965 2836 faciat
987 2787 1261 2853 tanquam
1286 2784 1434 2837 satis
1457 2783 1578 2837 noti
1603 2801 1616 2849 ;
1651 2784 1710 2836 in
1740 2782 1910 2837 tertia

245 2885 445 2937 senex,
479 2871 535 2923 si
567 2874 774 2925 noster
792 2875 975 2938 esset,
1009 2871 1079 2925 ad
1104 2872 1412 2943 minimum
1431 2871 1500 2925 88
1522 2888 1808 2927 annorum
1838 2871 1909 2925 ad

244 2957 547 3013 historiam
567 2960 944 3013 scribendam
958 2960 1256 3014 invitatur.
1273 2961 1457 3014 Porro
1473 2960 1643 3032 origo
1663 2961 1908 3014 duarum

241 3063 488 3116 prorsus
526 3052 619 3102 est
649 3049 983 3119 incognita;
1026 3053 1082 3103 et
1127 3064 1465 3119 quanquam
1498 3048 1907 3119 Colvenerius,

244 3137 330 3190 vir
346 3153 596 3191 summa
618 3137 678 3190 in
700 3137 915 3191 litteris
936 3138 1109 3192 etiam
1132 3137 1467 3208 religionis,
1494 3137 1758 3207 profecto
1791 3154 1908 3192 non

238 3226 290 3279 is
314 3225 419 3279 fuit
443 3227 545 3297 qui
570 3226 773 3280 sciens
797 3225 945 3280 falsa
968 3243 1072 3296 pro
1095 3204 1473 3281 veris'daret':
1495 3204 1695 3296 ipsum
1718 3230 1909 3281 tamen
1937 3204 1992 3271 ο

240 3312 362 3368 falli
392 3316 667 3385 potuisse
699 3315 922 3369 chartis
940 3314 1288 3386 jamdudum
1312 3316 1658 3385 suppositis,
1691 3331 1800 3369 nec
1822 3316 1909 3369 in-

239 3404 523 3458 credibile
556 3407 666 3470 est,
700 3420 812 3458 nec
842 3405 896 3457 ei
927 3420 1102 3475 quam
1146 3405 1449 3458 memoria:
1489 3404 1650 3457 illius
1700 3406 1907 3459 merito

237 3492 531 3547 habemus
578 3496 874 3564 repugnat
923 3493 1310 3547 venerationi.
1351 3492 1742 3557 Quamobrem
1788 3497 1909 3547 tum

238 3582 404 3651 ipsae,
443 3585 567 3635 tum
600 3597 734 3652 qum
764 3582 840 3634 iis
874 3581 1021 3635 solis
1052 3582 1376 3636 innituntur
1404 3612 1473 3620 —
1495 3566 1784 3636 Balde'rici
1807 3599 1909 3635 no-

238 3686 391 3742 men,
424 3671 740 3725 secretarii
770 3670 924 3739 apud
947 3671 1285 3724 Liebertum
1309 3674 1485 3741 atque
1514 3669 1838 3725 Gerardum
1862 3671 1905 3725 Ι.

233 3793 457 3849 Cousin
492 3795 649 3848 Hist.
683 3794 756 3847 de
788 3794 1060 3865 Tournay
1093 3794 1136 3863 Ι,
1184 3793 1319 3865 152,
1367 3794 1777 3849 Sanmarthani
1811 3795 1904 3863 Ill,

234 3865 372 3930 819;
409 3866 672 3920 Vossius
695 3865 778 3918 De
799 3866 938 3919 hist.
967 3864 1089 3919 Lat.
1114 3882 1171 3934 p.
1191 3864 1294 3920 3'37
1323 3882 1336 3933 ;
1360 3866 1543 3919 Gallia
1574 3866 1908 3920 Christiana

234 3936 335 4004 IX,
364 3937 496 4001 999;
523 3936 760 3990 Ccillier
780 3936 931 3990 Hist.
950 3939 1084 4007 gen.
1102 3938 1208 3990 des
1230 3941 1470 3991 auteurs
1490 3938 1635 3991 eccl.
1656 3938 1907 4007 XXI,’76;

234 4007 558 4062 Fabricius
590 4024 641 4061 s.
676 4024 756 4072 v.;
790 4007 1057 4078 Bouquct
1090 4008 1237 4073 VIII,
1260 4007 1453 4076 preti;
1487 4009 1558 4073 X,
1586 4009 1723 4077 196;
1753 4010 1909 4063 Baur

232 4079 287 4131 in
339 4079 509 4133 Erch
562 4081 617 4149 et
661 4078 895 4133 Gruber
940 4078 1206 4148 Encycl.;
1241 4078 1508 4149 Thierry,
1544 4079 1773 4133 Lettrcs
1806 4096 1911 4133 sur

231 4150 416 4204 l’hist.
457 4151 532 4203 de
565 4148 811 4217 France,
859 4166 915 4202 n.
953 4150 1037 4218 ~17,
1080 4152 1140 4202 in
1181 4148 1473 4203 omnibus
1498 4149 1910 4204 Colvenerium

230 4225 615 4302 ξεειξιιιξιεψῖς
660 4252 732 4301 .-
772 4220 1131 4302 ιῖίιίιξιοῌΗε
1176 4218 1300 4302 9???-
1343 4220 1434 4302 εει·
1471 4219 1605 4302 τοι-ς.
1633 4222 1910 4302 ,ιόἑνιῖεξη

229 4291 387 4346 Hist.
430 4292 742 4346 Liltéraire
772 4292 844 4345 dc
870 4291 964 4345 Fr.
1002 4291 1150 4359 VIII,
1174 4291 1319 4356 400;
1345 4292 1729 4361 BouquetXI,
1767 4290 1908 4360 1‘22;

229 4363 466 4433 Leglay
486 4363 545 4415 in
566 4362 924 4432 Biographie
944 4362 1105 4416 univ.
1132 4361 1302 4429 LVII,
1327 4361 1450 4416 310.
1477 4366 1533 4416 et
1566 4363 1622 4415 in
1655 4364 1909 4417 editione
1934 4420 1941 4425 ,

229 4450 361 4501 sua,
401 4450 546 4487 cum
576 4434 833 4487 Boschio
865 4437 1133 4486 nostrum
1157 4449 1189 4486 a
1212 4433 1598 4487 Noviomensi
1630 4435 1910 4504 episcopo

224 4505 549 4559 diversum
580 4521 717 4560 esse
749 4507 1031 4572 statuunt,
1066 4504 1291 4574 reliqua
1322 4508 1515 4559 autem
1538 4520 1670 4574 quae
1702 4506 1910 4560 Colve-

1939 1851 1993 1914 B

2025 562 2136 632 (‘25)
2170 595 2240 603 —
2272 565 2323 619 si
2361 581 2476 619 non
2502 581 2753 635 prorsus
2789 566 3080 637 neganda,
3110 567 3255 622 adeo
3282 570 3475 623 tamen
3507 570 3685 625 dubia‘

2025 657 2278 721 manent,
2312 657 2375 706 ut
2405 654 2523 707 sint
2553 654 2725 724 quasi
2756 670 2874 708 non
2906 654 3043 708 sint.
3082 655 3261 710 Multo
3300 658 3682 730 probabilior,

2024 742 2140 794 imo
2155 758 2260 812 per
2276 742 2467 812 ipsius
2485 744 2745 797 auctoris
2761 743 3159 797 testimonium
3173 742 3283 812 (⁵26)
3299 748 3457 798 certa
3471 746 3595 802 fere
3609 748 3692 802 vi-

2028 829 2198 884 detur
2228 830 2465 884 Boschii
2487 831 2826 902 conjectura
2852 832 2983 901 (2'1),
3006 848 3076 886 ex
3098 848 3213 903 qua
3242 837 3447 887 noster
3474 837 3691 904 praeter

2027 918 2226 987 Gesta,
2261 921 2317 973 et
2347 920 2582 990 quidem
2616 921 2782 990 prius
2815 937 2989 991 quam
3020 937 3108 991 ea,
3144 921 3335 976 Vitam
3366 938 3601 994 quoque
3622 921 3685 980 S.

2026 1005 2341 1078 Gaugerici
2373 1024 2403 1061 e
2436 1008 2666 1062 duabus
2711 1009 3137 1064 vetustioribus
3168 1011 3543 1082 conscripsit.

2449 1096 2480 1168 ἕ
2510 1097 2600 1151 ΙΙΙ.
2622 1128 2692 1136 —
2728 1096 2907 1152 Gesta
2940 1098 3259 1153 Lietberti.

2096 1184 2412 1239 Auctorem
2435 1185 2494 1238 in
2517 1186 2782 1240 Gerardo
2804 1186 2825 1239 Ι
2848 1188 3134 1241 calamum
3157 1189 3374 1244 sistere
3394 1189 3684 1261 voluisse,

2028 1289 2210 1343 supra
2244 1289 2317 1327 ex
2342 1273 2534 1343 ipsius
2563 1275 2767 1328 verbis
2799 1274 3076 1331 vidimus.
3112 1277 3187 1330 At
3216 1276 3690 1333 Colvenerius—

2027 1362 2256 1416 ethunc
2278 1362 2491 1432 reliqui
2515 1364 2705 1417 secuti
2727 1368 2865 1417 sunt
2888 1379 3095 1418 omnes
3117 1395 3186 1403 —
3205 1365 3385 1420 Gesta
3406 1366 3691 1423 Lietberti

2026 1466 2259 1521 quoque
2307 1450 2498 1505 eidem
2542 1451 2763 1519 tribuit,
2817 1452 2927 1506 hac
2967 1468 3082 1506 una
3122 1454 3345 1507 ratione
3385 1454 3685 1528 inductus,

2024 1539 2181 1609 quod
2215 1540 2271 1591 in
2305 1539 2510 1593 codice
2539 1537 2571 1592 ‘2
2602 1540 2773 1593 tertio
2805 1539 2957 1594 libro
2980 1540 3394 1612 subjiciantur.
3418 1542 3537 1598 Sed
3556 1545 3689 1615 ipse

2026 1627 2166 1681 dicit
2189 1643 2255 1681 ea
2278 1627 2357 1681 ibi
2381 1628 2498 1682 scri
2507 1631 2598 1696 pta
2623 1643 2761 1682 esse
2783 1628 2898 1682 alia
2913 1644 3085 1683 manu
3102 1645 3284 1701 eaque
3295 1630 3468 1701 paulo
3487 1647 3694 1687 recen-

2027 1716 2189 1787 tiori,
2220 1716 2373 1770 unde
2405 1720 2629 1769 certum
2653 1716 2777 1770 fere
2807 1716 3059 1786 videtur,
3085 1718 3143 1770 in
3176 1718 3380 1774 codice
3407 1719 3689 1790 primario

2024 1803 2208 1874 hujus
2240 1804 2272 1858 2
2305 1804 2480 1872 fonte,
2515 1820 2582 1859 ea
2613 1821 2730 1859 non
2763 1805 2954 1858 fuisse
3004 1806 3138 1874 (28).
3172 1806 3523 1875 Sigebertus
3552 1809 3689 1879 qui-

2025 1894 2155 1948 dcm
2204 1891 2339 1963 (‘29),
2388 1893 2681 1947 Rodult‘us
2722 1894 3090 1964 biographus
3134 1895 3438 1966 Lietberti,
3481 1902 3690 1953 auctor

2026 1982 2324 2036 chronicae
2356 1981 2415 2036 S.
2450 1981 2704 2036 Andreae
2735 1982 2929 2036 Cestri
2959 1982 3378 2056 Cameracesii,
3403 1988 3460 2040 et
3490 1986 3691 2043 scriba

2024 2070 2249 2125 codicis
2291 2070 2636 2124 Hafniensis
2666 2068 2780 2141 (30)
2812 2087 2878 2125 ea
2904 2070 3029 2142 jam
3073 2073 3133 2126 in
3181 2073 3341 2131 libro
3384 2080 3689 2146 gestorum

2020 2160 2356 2230 pontiﬁcum
2391 2158 2905 2213 Cameracensium
2936 2161 3250 2231 legebant;
3283 2162 3390 2217 sed
3420 2162 3557 2218 inde
3587 2179 3688 2219 ne-

2022 2263 2314 2319 quaquam
2329 2248 2617 2319 sequitur,
2633 2252 2935 2303 auctorem
2949 2264 3087 2304 esse
3101 2251 3390 2305 eumdem.
3408 2252 3519 2306 Hic
3532 2254 3690 2307 enim

2019 2338 2249 2406 patroni
2274 2338 2368 2391 sui
2396 2337 2640 2391 Gerardi
2672 2337 2910 2392 ultimos
2942 2341 3169 2407 septem
3199 2353 3387 2393 annos
3416 2339 3684 2409 profecto

2019 2442 2138 2481 non
2168 2429 2284 2480 tam
2315 2426 2429 2479 alto
2461 2428 2635 2495 atque
2667 2426 2915 2495 abrupto
2946 2426 3182 2481 silentio
3215 2427 3544 2498 transiiset,
3576 2443 3685 2484 ne-

2021 2531 2155 2586 que,
2191 2515 2388 2585 credo,
2422 2514 2660 2582 librum,
2695 2531 2746 2583 τι,
2782 2513 2920 2569 1044
2951 2515 3308 2580 absolutum,
3330 2531 3523 2587 usque
3551 2519 3688 2586 post

2019 2620 2071 2659 a.
2128 2602 2266 2659 1076
2315 2604 2661 2673 reliquisset
2704 2604 2985 2657 intactum
3013 2634 3083 2642 —
3111 2620 3247 2661 nam
3278 2608 3417 2659 tunc
3449 2604 3687 2660 demum

2021 2697 2190 2766 gesta
2209 2692 2486 2747 Lietberti
2509 2692 2845 2762 conscripta
2867 2695 3005 2746 sunt
3025 2692 3159 2762 (31).
3184 2723 3253 2732 —
3283 2693 3492 2748 Sermo
3514 2694 3689 2749 etiam

2022 2782 2292 2852 quamvis
2315 2780 2512 2834 colore
2530 2796 2646 2835 non
2672 2780 2918 2834 multum
2937 2780 3183 2851 ditierat,
3210 2782 3471 2837 studium
3492 2786 3688 2839 tamen

2023 2871 2449 2925 sententiarum
2468 2870 2739 2941 singulas
2761 2874 2961 2940 partes
2975 2871 3187 2942 aequali
3206 2887 3355 2926 sono
3376 2873 3689 2928 terminan-

2022 2960 2078 3013 di
2102 2960 2282 3013 multo
2305 2959 2495 3030 magis
2518 2961 2759 3028 apparet
2780 2975 2953 3030 quam
2977 2959 3036 3012 in
3066 2960 3445 3029 praecedenti.
3471 2961 3691 3016 Rodul-

2024 3049 2119 3102 fus
2149 3063 2326 3118 porro
2359 3048 2509 3101 hanc
2539 3048 2849 3101 Gestorum
2882 3050 3107 3117 partem
3161 3047 3344 3101 Vitam
3384 3049 3689 3104 Lietberti

2022 3140 2195 3192 vocat
2240 3136 2373 3206 (3:2),
2407 3152 2522 3206 quo
2554 3137 2789 3190 nomine
2838 3151 3052 3190 vocare
3086 3135 3183 3189 vix
3221 3138 3469 3206 poterat,
3502 3137 3620 3191 nisi
3651 3153 3686 3191 a

2022 3226 2321 3296 prioribus
2344 3227 2697 3294 separatam;
2722 3228 2779 3278 ct
2800 3224 3249 3278 Cameracensis
3271 3224 3443 3278 etiam
3464 3224 3684 3279 abbre-

2021 3316 2210 3369 viator
2226 3315 2636 3384 interpresque
2654 3312 2935 3382 Gallicus,
2952 3328 3020 3367 eo
3034 3313 3190 3383 quod
3203 3329 3236 3367 a
3259 3313 3554 3368 Lietberto
3577 3313 3687 3368 ini-

2023 3405 2165 3459 tium
2195 3407 2598 3473 sumpserunt,
2632 3403 2714 3456 ibi
2736 3402 3047 3478 quamdam
3072 3405 3132 3455 ut
3161 3402 3239 3455 ita
3270 3401 3461 3456 dicam
3492 3418 3685 3458 caesu-

2023 3509 2147 3547 ram
2178 3493 2236 3545 in
2265 3491 2464 3545 Gestis
2488 3491 2677 3546 fuisse
2701 3491 3039 3545 ostendunt.
3063 3490 3482 3561 Separavimus
3503 3491 3686 3563 igitur

2022 3582 2199 3637 Gesta
2215 3581 2494 3635 Lietberti
2511 3596 2544 3634 a
2562 3581 2733 3634 tertio
2748 3580 2920 3649 libro,
2942 3580 3222 3652 tringinta
3243 3581 3495 3651 amplius
3513 3581 3685 3636 annis

2020 3671 2189 3741 prius
2204 3670 2531 3740 composito
2554 3672 2727 3739 atque
2749 3668 2924 3722 unius
2943 3667 3187 3722 Gerardi
3206 3670 3384 3724 rebus
3403 3669 3475 3724 ab
3493 3674 3690 3726 aucto-

2020 3811 2203 3866 posse
2249 3810 2302 3848 a.
2356 3792 2749 3866 1094.71‘uisse
2797 3797 3097 3866 cautorem
3154 3794 3573 3866 Morinensem,
3627 3795 3687 3851 id

2023 3865 2177 3939 quod
2211 3866 2394 3939 altera
2430 3865 2695 3919 Rainaldi
2728 3865 2975 3939 epistola
3007 3866 3322 3939 contendit.

2095 3939 2206 4005 (ἓῦ)
2228 3936 2423 4010 Hujus
2448 3952 2738 4010 nusquam
2762 3936 2979 4010 mentio
3002 3936 3063 4010 fit
3087 3937 3201 3989 nisi
3218 3937 3492 4010 inprima
3514 3939 3688 4010 atque

2024 4009 2190 4063 tertia
2215 4008 2489 4077 epistola;
2517 4007 2735 4077 quibus
2755 4006 3142 4061 Golvenerius
3165 4008 3322 4062 addit
3346 4024 3359 4063 :
3380 4006 3686 4064 servatum

2023 4081 2135 4133 fuit
2164 4080 2226 4132 in
2250 4078 2519 4151 arebivis
2541 4078 2799 4151 ejusdem
2823 4077 3092 4151 ecclesiae
3116 4094 3294 4151 usque
3317 4080 3393 4134 ad
3423 4087 3686 4151 tempora

2021 4152 2143 4205 Pbi
2148 4150 2289 4220 lippi
2305 4149 2379 4203 de
2398 4149 2810 4220 Luxemburgo
2832 4148 3478 4220 episcOpierrinensis
3495 4148 3554 4204 et
3579 4153 3688 4206 Ce-

2021 4218 2399 4276 nomanensis
2422 4261 2462 4290 ,ί
2490 4220 2586 4290 qui
2649 4218 3025 4290 Cenomanis
3048 4219 3197 4290 obiit
3243 4236 3326 4290 a.7
3357 4219 3514 4290 1519.
3572 4221 3689 4276 Hic

2024 4292 2360 4373 transferri
2416 4288 2566 4373 iilud
2597 4290 2786 4373 jussit
2835 4304 2913 4373 ex
2957 4288 3219 4343 Morinis
3253 4289 3686 4373 adﬁce/legium

2024 4364 2218 4418 sancti
2248 4362 2566 4433 Benedicti
2590 4364 2657 4433 in
2682 4360 2828 4414 urbe
2854 4360 3301 4433 Cenomanepsi.
3327 4360 3443 4433 Sed
3463 4360 3687 4433 ibijam

2023 4436 2168 4489 Dom
2205 4433 2377 4486 llivet
2406 4432 2547 4486 illud
2578 4432 2800 4485 frustra
2834 4431 3130 4503 (Linesivit.
3167 4431 3455 4502 Ejusdem
3485 4431 3686 4503 operis

2023 4507 2289 4560 codicem
2337 4504 2396 4557 in
2444 4503 2801 4558 bibliotheca
2852 4501 3250 4557 Fouchetiana
3300 4501 3574 4558 recenset
3602 4504 3687 4560 Le

224 4578 444 4649 uerius
478 4592 557 4629 ex
585 4576 855 4649 epistolis
876 4575 995 4649 illis
1018 4563 1343 4649 concludit,
1367 4563 1673 4629 admittunt
1693 4578 1905 4649 omnia,
1932 4563 1989 4623 ι)
2024 4578 2212 4649 Long,
2238 4576 2384 4628 Bibl.
2411 4575 2646 4649 hist._de
2672 4573 2898 4649 France
2922 4590 2979 4627 n.
3001 4573 3163 4649 8310.
3188 4575 3305 4649 Sed
3331 4574 3453 4646 jam
3475 4574 3688 4649 doctus

226 4647 473 4701 scilicet
496 4653 795 4701 auctorem
819 4646 1188 4700 Baldericum
1212 4650 1502 4714 vocatum,
1525 4648 1909 4701 secretarium

225 4720 430 4772 fuisse
469 4718 755 4773 Lietberti
785 4722 958 4787 atque
976 4717 1220 4773 Gerardi
1246 4718 1313 4786 II,
1347 4717 1566 4771 librum
1584 4734 1755 4772 suum
1788 4722 1909 4772 ter—

222 4790 373 4843 tium
409 4789 744 4843 deduxisse
776 4804 967 4856 usque
999 4789 1072 4842 ad
1106 4792 1353 4842 mortem
1386 4788 1687 4856 Lietberti,
1722 4792 1912 4843 trans-

223 4861 380 4915 iisse
414 4876 476 4913 a.
516 4859 654 4913 1082
673 4861 742 4914 ad
770 4859 1096 4913 Hubertum
1122 4861 1463 4929 episcopum
1488 4860 1906 4930 Morinensem,

221 4933 437 5003 ibique
473 4933 801 5001 composito
818 4932 1126 5003 Ghronico
1159 4931 1502 5000 Morinensi,
1528 4931 1750 4986 obiisse
1774 4948 1910 4986 cau-

222 5001 419 5057 torem
460 5002 621 5056 circa
652 5019 704 5056 a.
738 5001 896 5056 1097.

293 5073 420 5143 (24)
468 5073 665 5128 Verba
694 5077 832 5128 sunt
862 5072 1130 5142 epistolae
1151 5089 1204 5126 ει.
1232 5073 1301 5127 ll.
1337 5073 1559 5127 decano
1590 5078 1763 5144 atque
1793 5076 1908 5128 tota

224 5148 709 5217 congregatione
724 5144 1147 5199 Noviomensis
1161 5144 1434 5217 ecclesiae
1448 5144 1516 5197 ad
1537 5144 1909 5217 Lambertum

222 5214 698 5271 Atrébatensem
733 5217 1078 5285 episcopum
1115 5214 1351 5284 scriptae
1378 5231 1553 5285 quam
1585 5216 1764 5269 edidit
1794 5216 1909 5269 Ba-

223 5289 357 5343 que
392 5286 656 5341 Miscell.
690 5287 756 5340 V'.
788 5284 914 5354 309,
946 5302 1019 5339 ex
1075 5286 1280 5340 codice
1328 5284 1724 5353 At’rebatensi,
1776 5288 1912 5341 tidei

223 5359 611 5413 indubitatae.
646 5358 821 5428 Atqui
843 5357 1297 5428 chartaﬁabodi
1322 5357 1739 5411 Noviomensis
1763 5359 1913 5427 cpis-

223 5432 385 5501 cepi,
423 5430 564 5483 data
603 5428 637 5481 '7
679 5426 892 5501 Decbr.
944 5426 1100 5501 1093,
1147 5443 1323 5501 quam
1367 5428 1604 5501 exhibet
1651 5426 1910 5501 Simonis

223 5498 681 5555 Chertularium
714 5499 774 5553 S.
810 5500 1032 5553 Bertini
1059 5515 1196 5570 pag.
1230 5498 1354 5566 206,
1388 5503 1445 5553 et
1474 5499 1782 5569 Guérard.,
1818 5500 1911 5553 in-

224 5577 317 5627 ter
368 5575 573 5628 testes
623 5571 835 5626 habet:
879 5570 1125 5642 Signum
1162 5570 1437 5626 Baldrici
1466 5572 1909 5635 archidiaconi,-

225 5645 387 5701 nnde
437 5645 707 5716 apparet,
753 5641 1124 5716 Baldericum
1171 5645 1403 5716 postea;
1436 5642 1804 5715 episcopum,
1855 5648 1911 5699 et

220 5716 354 5791 jam
420 5711 699 5774 a."1098'
734 5711 1213 5774 archidiaconum
1253 5711 1734 5792 Noviomense’m,
1791 5711 1912 5776 non

2025 4644 2475 4703 Gambraccnsis
2522 4645 2711 4699 abbas
2758 4644 2936 4699 Mutte
2985 4644 3349 4714 dubitabat,‘
3383 4660 3525 4699 num
3570 4646 3687 4702 tale

2024 4718 2368 4804 Chro‘ni'c'on'
2391 4718 2627 4773 omnino
2659 4716 3007 4771 exstitisset.

2240 4789 2394 4914 {ibi}:
2422 4859 2526 4914 ss.
2563 4859 2714 4931 Aug.
2748 4858 2816 4927 ιι,
2849 4857 2972 4912 668.
3006 4859 3063 4912 et
3091 4858 3235 4911 Acta
3264 4856 3368 4913 ss.
3392 4857 3583 4932 Belgii
3613 4860 3686 4933 II,

2023 4931 2210 5073 2R328)
2245 5003 2491 5057 Attende
2524 5002 2697 5057 etiam
2731 5000 2801 5054 ad
2832 5015 3101 5073 rasuram
3135 4998 3360 5073 codicis
3404 5002 3439 5056 2
3468 5001 3530 5056 in
3572 5002 3690 5059 ﬁne

2026 5070 2121 5142 Ill,
2155 5070 2242 5141 60,
2275 5076 2482 5144 procul
2513 5074 2689 5128 dubio
2723 5089 2755 5125 a
2788 5087 2960 5144 manu
3007 5070 3109 5144 illa
3132 5072 3347 5144 altera
3372 5073 3690 5144 recentiori

2025 5141 2387 5215 prefectam;
2423 5162 2555 5216 qua)
2580 5159 2787 5216 rasura
2807 5141 3096 5216 docet,_ab
3127 5142 3294 5216 initio
3314 5143 3393 5198 ibi
3419 5145 3689 5215 quaedam

2026 5213 2237 5283 fuisse,
2271 5233 2403 5287 quae
2433 5213 2582 5290 opus
2614 5215 2695 5269 ibi
2724 5215 2897 5268 ﬁnem
2930 5213 3148 5268 habere
3179 5213 3522 5271 indicarent.

2097 5288 2210 5342 (29)
2243 5286 2504 5342 A1054.

2097 5289 2210 5357 (ea)
2243 5289 2504 5342 14.1054.

2097 5360 2207 5429 (30)
2241 5359 2481 5413 Archiv.
2518 5358 2662 5425 vnl,
2696 5356 2819 5423 440.

2095 5431 2207 5500 (31)
2242 5431 2368 5484 Hoc
2398 5429 2532 5483 inde
2562 5433 2822 5499 apparet,
2856 5428 3012 5499 quod
3045 5428 3384 5484 Lietbertus
3406 5443 3541 5483 raro
3565 5432 3689 5486 tan-

2025 5504 2143 5555 tum
2180 5502 2425 5557 domnus
2457 5506 2719 5567 vocatur,
2756 5515 2932 5571 quam
2973 5516 3182 5555 vocem
3226 5503 3433 5556 auctor
3480 5514 3550 5557 eo
3596 5502 3692 5560 vi-

2025 5576 2199 5628 vente
2231 5572 2506 5626 scribens
2539 5572 2812 5642 omittere
2846 5586 2959 5626 non
2983 5574 3229 5642 poterat.

2095 5644 2208 5719 (se)
2241 5645 2370 5699 Vita
2403 5641 2598 5699 Lietb.
2631 5643 2685 5702 2.
