4106 6184
347 384 421 447 15
1228 381 1501 443 GESTA
1545 378 1798 442 PONTI
1808 379 2069 444 FICUM
2119 377 2878 446 CAMERACENSIUM.
3698 380 3774 445 16

345 583 409 622 re
459 566 794 635 destinato;
833 567 1162 636 damusque
1209 579 1240 617 e
1290 562 1597 618 codicibus
1643 562 1695 632 2,
1741 559 1817 632 ΞΓ,
1860 561 1914 632 7,
1948 562 2006 616 in
2025 570 2082 634 Α
2113 560 2612 617 Gallica'collatus
2645 577 2894 618 summae
2921 562 3187 619 utilitatis
3215 565 3309 620 est
3346 563 3421 619 ad
3467 563 3645 621 Gesta
3674 568 3771 624 illa

341 654 558 726 quibus
589 655 736 709 solis
757 655 1054 725 leguntur.

349 743 352 752 '
727 743 758 815 ἕ
789 744 884 796 IV.
917 774 986 782 —-
1023 743 1202 796 Gesta
1239 741 1502 796 Gerardi
1533 741 1607 795 II.

411 834 589 888 Gesta
628 832 873 888 Gerardi
916 833 963 885 ΙΙ
1013 830 1381 886 restituimus
1427 845 1503 883 ex
1548 830 1601 898 ’7,
1653 829 1728 897 7",
1772 827 1873 882 ubi
1904 827 2003 881 alii

340 923 505 994 operi
524 939 574 976 a.
605 922 736 975 1180
758 921 1083 991 composito
1114 923 1230 973 tam
1261 922 1418 972 arcte
1448 919 1671 972 inserta
1701 917 1997 988 leguntur,

337 1017 399 1066 ut
420 1028 601 1066 unum
620 1012 798 1065 unius
821 1011 1084 1064 auctoris
1107 1025 1255 1078 opus
1288 1007 1476 1061 videri
1495 1006 1708 1077 possit.
1733 1004 1849 1059 Sed
1867 1004 2001 1058 dili-

337 1103 576 1174 gentius
608 1099 946 1170 inspieienti
977 1099 1173 1152 statim
1202 1096 1507 1166 apparebit
1536 1110 1605 1150 ea
1633 1109 1767 1165 quaa
1799 1093 1870 1148 de
1892 1091 2003 1147 Ge-

337 1192 511 1244 rardo
534 1191 614 1243 ibi
634 1190 944 1256 habentur,
963 1187 1180 1255 scripta
1205 1202 1342 1239 esse
1356 1185 1526 1254 paulo
1546 1188 1679 1252 post
1702 1182 1834 1253 ejus
1852 1198 2004 1236 mor-

336 1282 455 1334 tem
485 1296 536 1333 a.
574 1277 709 1332 1092
728 1277 860 1348 (33),
897 1280 953 1330 et
973 1276 1210 1346 quidem
1230 1279 1470 1328 auctore
1493 1271 1606 1326 alio
1625 1288 1798 1342 quam
1821 1269 1999 1325 Gesta

338 1368 622 1423 Lietberti
669 1367 801 1435 (34;,
852 1365 1080 1433 reliqua
1133 1378 1286 1417 anno
1335 1363 1570 1416 demum
1620 1359 1758 1415 1180
1805 1359 1999 1413 addita

338 1472 498 1528 esse,
534 1472 608 1510 ex
639 1455 837 1509 Gestis
856 1452 1229 1523 sequentium
1254 1451 1670 1522 episcoporum
1702 1450 1996 1517 excerpta.

336 1544 663 1610 Quominus
695 1546 888 1596 autem
919 1541 1166 1596 Gerardi
1206 1539 1257 1592 II
1303 1554 1538 1610 quoque
1587 1542 1756 1609 gesta
1789 1551 1997 1590 excer-

336 1639 436 1703 pta
464 1636 687 1687 tantum
719 1632 815 1684 hic
859 1630 978 1700 legi
1019 1629 1353 1696 credamus,
1388 1627 1587 1682 versio
1637 1626 1858 1680 Gallica
1891 1639 1999 1678 ve-

333 1726 416 1776 tat
463 1723 658 1775 statim
707 1718 1038 1788 indicanda,
1091 1733 1224 1788 quae
1273 1733 1388 1770 non
1437 1732 1510 1769 ex
1547 1715 1749 1769 codice
1792 1713 1845 1781 7,
1892 1712 1999 1766 sed

335 1826 410 1866 ex
438 1811 638 1864 Gestis
661 1809 811 1879 ipsis
836 1808 1006 1874 facta,
1040 1806 1098 1858 in
1127 1805 1389 1860 Gerardo
1413 1804 1461 1857 II
1489 1804 1562 1858 ad
1594 1803 1846 1857 verbum
1876 1801 2000 1855 fere

337 1915 470 1954 cum
501 1902 704 1953 nostro
737 1895 1025 1963 convenit,
1053 1896 1111 1948 in
1133 1894 1522 1965 sequentibus
1552 1894 1732 1946 multo
1754 1890 2003 1961 amplior

336 1993 447 2044 est.
489 1989 561 2042 Et
610 1987 705 2042 hic
752 1987 951 2058 igitur,
1001 1987 1068 2039 ut
1113 1985 1172 2038 in
1203 1984 1522 2052 Lietberto,
1559 1981 1992 2051 separavimus,

335 2095 468 2150 quae
513 2078 572 2131 in
619 2077 671 2145 7,
705 2076 780 2145 7‘,
816 2079 871 2128 et
903 2075 964 2127 in
1012 2074 1266 2128 editione
1315 2073 1461 2126 Dom
1493 2070 1646 2124 Brial
1682 2069 1836 2140 XIII,
1871 2067 1993 2137 476,

332 2169 509 2221 unica
540 2166 871 2234 hucusque,
906 2178 1090 2216 unum
1122 2178 1272 2230 opus
1305 2160 1586 2214 efﬁciunt.

331 2255 364 2327 ἓ
391 2257 462 2310 V.
481 2285 550 2294 —-
568 2254 746 2309 Gesta
769 2253 1073 2306 Manassis
1098 2257 1154 2304 et
1178 2250 1568 2320 sequentium.
1592 2278 1664 2288 ——-
1693 2248 1998 2318 Fxcerpta

405 2345 471 2399 S.
509 2342 849 2414 Gaugerici.
888 2371 957 2380 —-
993 2339 1373 2394 Abbreviato
1415 2337 1887 2392 Cameracencis.
1931 2365 1999 2374 -

414 2432 625 2487 Versio
659 2431 902 2486 Gallica.

401 2521 582 2576 Gesta
614 2520 990 2590 sequentium
1021 2517 1439 2587 episcoporum
1469 2530 1588 2569 non
1607 2514 1735 2586 jam
1765 2514 1998 2585 integra

332 2612 643 2678 habemus,
678 2610 784 2662 sed
819 2624 925 2677 ope
976 2605 1372 2661 tantummodo
1404 2605 1652 2659 duorum
1699 2605 2001 2671 cxcerpto-

332 2717 463 2756 rum
495 2703 668 2769 atque
699 2697 997 2751 versionis
1019 2695 1278 2761 Gallicae,
1311 2693 1506 2764 qualia
1536 2693 1753 2746 fuerint
1783 2707 1996 2761 possu-

332 2806 466 2844 mus
499 2787 816 2858 conjicere.
852 2785 1019 2838 Anno
1051 2783 1346 2854 siquidem
1386 2780 1524 2836 1180
1555 2781 1903 2846 monachus,
1938 2782 2000 2833 ut

333 2880 586 2943 videtur,
641 2875 840 2930 Sancti
882 2873 1194 2943 Gaugerici
1246 2869 1379 2940 (35),
1429 2886 1561 2924 cum
1611 2870 1790 2924 Gesta
1835 2869 1996 2922 Liet-

333 2969 516 3036 berti,
579 2966 770 3018 Vitam
825 2961 1097 3033 ejusdem
1155 2963 1212 3014 et
1267 2959 1446 3014 Gesta
1510 2959 1756 3014 Gerardi
1823 2958 1870 3011 ΙΙ
1939 2959 1998 3012 in

332 3073 514 3111 unum
551 3055 825 3108 volumen
873 3051 984 3122 (36)
1029 3049 1514 3119 conscripsisset,
1577 3047 1995 3102 successiones

325 3145 664 3217 pontiﬁcum
684 3141 876 3197 abillo
900 3147 1161 3211 tempore
1194 3155 1372 3210 usque
1399 3138 1474 3192 ad
1488 3153 1746 3208 presens
1771 3143 1999 3207 tempus

325 3252 440 3306 per
461 3250 644 3288 annos
665 3232 856 3286 ferme
875 3235 1121 3293 centum,
1145 3229 1252 3282 hoc
1275 3233 1366 3281 cst
1384 3226 1458 3280 ab
1481 3242 1630 3279 anno
1646 3225 2002 3280 incarnatio-

2114 651 2500 706 rcstituenda.
2534 652 2756 706 Postea
2781 653 3156 719 continuatus
3186 653 3295 708 fuit
3337 654 3409 709 ab
3458 655 3572 710 alio
3621 673 3769 728 quo-

2112 740 2269 810 piam
2294 757 2309 809 ;
2339 741 2447 795 sed
2469 741 2597 795 haec
2618 740 2981 796 interierunt.
3007 741 3168 813 Opus
3184 743 3359 798 unico
3380 745 3583 800 codice
3599 745 3771 816 9jam

2114 829 2416 898 deperdito
2447 830 2664 883 editum
2694 831 2801 884 fuit
2830 831 2890 884 in
2934 830 3085 884 libro
3112 847 3122 885 :
3160 831 3639 902 Supplementum
3669 851 3775 891 seu

2114 920 2476 973 continuatio
2502 919 2772 973 cbronici
2805 918 3259 974 Cameracencis
3279 921 3605 978 Balderico
3641 926 3774 980 ads-

2115 1007 2314 1076 cripti,
2363 1007 2437 1061 ab
2469 1023 2518 1061 a.
2555 1007 2691 1062 1054
2737 1010 2813 1064 ad
2853 1024 2904 1062 a.
2951 1007 3106 1063 1196.
3163 1009 3474 1065 Cameraci
3520 1014 3671 1083 apud
3705 1015 3767 1069 S.

2111 1094 2443 1150 Bertboud.
2465 1094 2621 1151 1786.
2644 1097 2751 1165 8'0,
2777 1098 2987 1152 deinde
3009 1098 3157 1152 Dom
3177 1099 3332 1152 Brial
3363 1117 3487 1169 xm,
3520 1101 3644 1173 584,
3666 1103 3771 1157 ini-

2109 1183 2188 1238 tio
2220 1185 2378 1255 quod
2410 1201 2485 1240 ex
2511 1185 2710 1240 Gestis
2743 1187 3026 1241 Lietberti
3065 1187 3230 1240 ﬂuxit
3262 1188 3508 1244 omisso.
3545 1190 3671 1244 Nos
3703 1209 3777 1247 ex

2110 1275 2356 1344 utraque
2371 1274 2624 1329 editione
2637 1274 2867 1345 damus,
2883 1275 3136 1344 capitum
3151 1277 3539 1332 destinctione
3553 1279 3623 1333 de
3638 1296 3773 1336 nos‘

2110 1363 2201 1415 tro
2233 1361 2518 1417 instituta.
2556 1393 2627 1403 —
2666 1363 2896 1418 Saeculo
2928 1364 3182 1434 denique
3210 1365 3340 1418 XIII
3381 1371 3631 1423 exeunte
3657 1370 3772 1439 (40)

2108 1448 2288 1505 Gesta
2317 1451 2600 1507 Lietberti
2621 1455 2678 1506 et
2706 1453 3083 1522 sequentium
3104 1455 3380 1526 genuina,
3415 1472 3532 1511 non
3561 1457 3772 1513 abbre-

2108 1539 2283 1610 viata,
2305 1541 2510 1596 nescio
2530 1543 2666 1613 quis
2696 1542 2758 1596 in
2779 1541 3062 1596 Gallicam
3082 1542 3346 1614 linguam
3363 1545 3556 1614 vertit,
3575 1547 3772 1615 prouti

2105 1632 2247 1683 tunc
2276 1634 2510 1684 vertere
2545 1630 2814 1686 solebant
2833 1631 3153 1686 verbosius
3175 1632 3350 1702 paulo
3371 1649 3547 1704 quam
3577 1637 3772 1691 textus

2107 1717 2375 1788 Latinus,
2398 1720 2634 1774 omnino
2651 1722 2845 1774 tamen
2863 1720 3010 1774 satis
3044 1725 3336 1776 accurate.
3362 1721 3426 1776 In
3456 1723 3770 1779 Lamberto

2108 1808 2165 1859 et
2193 1805 2455 1862 Gerardo
2489 1808 2557 1878 II,
2592 1824 2784 1880 neque
2815 1809 3016 1863 omisit
3043 1810 3358 1880 quicquam
3386 1826 3579 1881 neque
3609 1813 3769 1867 addi-

2108 1894 2225 1964 dit;
2256 1895 2316 1949 in
2347 1898 2756 1967 sequentibus,
2791 1898 2893 1952 ubi
2921 1897 3120 1953 Gestis
3152 1899 3302 1969 ipsis
3325 1899 3665 1971 deperditis,
3697 1918 3773 1957 ex

2110 1986 2407 2054 excerptis
2430 1987 2602 2041 modo
2624 1987 2896 2058 judicare
2928 1987 3084 2054 licet,
3110 1988 3393 2043 omisisse
3416 1991 3771 2059 perpaucula

2109 2076 2330 2128 tantum
2348 2074 2599 2145 videtur,
2620 2075 2919 2147 adjecissa
2941 2076 3022 2130 nil
3044 2077 3160 2131 nisi
3181 2077 3348 2133 locos
3373 2080 3635 2150 quinque
3658 2079 3768 2150 (41)

2108 2177 2182 2217 ex
2214 2163 2510 2218 Lamberti
2530 2165 2818 2218 Waterloi
2839 2164 3133 2220 Chronico
3155 2165 3227 2220 ad
3258 2167 3508 2221 verbum
3539 2167 3774 2222 desum-

2107 2255 2262 2321 ptos.
2296 2252 2438 2316 Quae
2469 2253 2522 2308 si
2553 2252 2907 2324 detraxeris,
2940 2253 3119 2309 Gesta
3139 2254 3442 2325 deperdita
3473 2256 3769 2310 Manassis

2107 2343 2163 2394 et
2193 2343 2566 2412 sequentium
2586 2341 2716 2396 hac
2744 2343 2944 2396 versio
2975 2346 3066 2396 sat
3093 2342 3247 2397 bene
3279 2345 3512 2414 supplet
3538 2364 3552 2412 ;
3586 2361 3768 2416 quare

2108 2429 2444 2500 dolendum,
2475 2431 2630 2501 quod
2645 2429 2772 2501 jam
2793 2431 2854 2484 in
2870 2447 3024 2486 anno
3056 2431 3195 2486 1135
3215 2432 3452 2500 desinit,
3477 2432 3592 2487 fine
3611 2435 3767 2488 unici

2109 2519 2333 2573 codicis
2383 2519 2452 2572 10
2497 2519 2823 2589 deperdito.
2875 2519 2961 2574 Ex
3013 2519 3125 2575 hoc
3155 2521 3382 2590 primus
3413 2521 3594 2576 edidit
3624 2523 3770 2577 Dom

2107 2607 2264 2661 Brial
2287 2607 2441 2677 XIII,
2464 2607 2570 2662 476
2590 2623 2604 2677 ;
2629 2609 2907 2678 excerpto
2927 2609 3194 2679 quaedam
3218 2609 3376 2663 dedit
3396 2609 3618 2681 Leglay
3635 2610 3768 2681 (42).

2107 2697 2234 2752 Nos
2265 2698 2457 2768 gestis
2490 2697 2774 2752 Lietberti
2808 2700 2865 2752 et
2893 2697 3139 2752 Gerardi
3169 2697 3239 2767 ΙΙ,
3271 2699 3489 2769 quibus
3519 2699 3600 2752 nil
3631 2700 3769 2754 novi

2106 2785 2280 2855 inest,
2331 2786 2501 2856 plane
2553 2786 2818 2854 omissis,
2869 2786 3095 2856 reliqua
3133 2786 3271 2841 inde
3319 2787 3392 2841 ab
3423 2803 3576 2842 anno
3609 2787 3764 2843 1092.

2107 2876 2300 2929 omnia
2331 2890 2403 2929 ex
2432 2875 2564 2944 ipso
2595 2875 2799 2928 codice
2831 2874 2898 2929 10
2926 2875 3139 2929 iterum
3169 2876 3579 2947 proponimus,
3613 2877 3767 2948 capi-

2104 2967 2228 3019 tum
2261 2964 2636 3018 distinctione
2667 2964 2738 3018 de
2769 2965 2974 3018 nostro
3005 2963 3220 3034 addita,
3255 2964 3521 3035 locisque
3552 2967 3770 3036 quibus

2108 3057 2425 3124 excerptor
2469 3053 2941 3124 Gaugericianus
2985 3056 3042 3107 et
3071 3052 3448 3107 abbreviator
3501 3053 3776 3110 Camera-

2107 3139 2309 3198 censis
2339 3142 2543 3196 eadem
2573 3145 2832 3210 narrant,
2865 3141 2923 3195 in
2954 3143 3222 3214 margine
3253 3142 3452 3197 ubivis
3471 3143 3765 3199 indicatis.

2105 3231 2722 3303 ng.-—Continuatio
2745 3230 3088 3286 S.Andre:e
3121 3230 3322 3285 Cestri
3352 3231 3773 3288 Cameracesii.

336 3303 430 3377 nis
477 3322 660 3376 Verbi
699 3319 838 3374 1090
881 3334 1060 3390 usque
1113 3318 1188 3371 ad
1222 3332 1431 3370 annum
1481 3314 1620 3368 1180
1667 3315 1997 3368 summatim
2029 3303 2079 3367 C
2179 3322 2322 3375 Haec
2352 3324 2490 3374 sunt
2519 3337 2653 3390 quae
2685 3320 2756 3374 de
2785 3319 2986 3374 Gestis
3015 3320 3356 3390 pontificum
3388 3320 3770 3377 Cameracen-

337 3413 659 3480 designare
682 3408 1004 3462 intendens
1024 3406 1201 3461 Gesta
1231 3405 1478 3459 Gerardi
1508 3405 1902 3458 narrationem
1926 3403 1998 3458 de

337 3500 728 3570 sequentibus
780 3495 1079 3565 episcopis
1128 3510 1203 3548 ex
1248 3495 1514 3563 ipsorum
1545 3494 1743 3548 Gestis
1783 3507 1996 3546 excer-

335 3593 493 3658 ptam
537 3586 648 3658 (37)
697 3590 815 3640 tam
860 3588 1020 3638 arcte
1065 3582 1351 3652 subjecit,
1399 3584 1570 3652 quasi
1619 3598 1800 3635 unum
1849 3596 1998 3651 opus

337 3683 528 3744 esset;
565 3678 634 3730 de
667 3691 775 3729 suo
808 3675 887 3726 nil
917 3673 1141 3727 addens
1174 3672 1287 3726 nisi
1321 3688 1448 3741 cap.
1472 3671 1504 3726 4
1536 3672 1588 3741 6,
1613 3670 1665 3740 9,
1690 3671 1762 3724 de
1794 3673 1997 3724 sancto

335 3767 686 3840 Gaugerico,
721 3764 829 3819 sed
859 3763 1126 3834 quaedam
1159 3762 1454 3830 omittens,
1478 3777 1610 3831 quae
1633 3777 1705 3814 ex
1721 3760 1997 3814 versione

336 3859 556 3914 Gallica
605 3853 930 3924 supplenda
971 3867 1110 3905 esse
1151 3866 1261 3904 suo
1309 3851 1439 3904 loco
1480 3849 1892 3903 indicavimus.
1929 3850 2000 3902 At

337 3947 521 4018 hujus
555 3943 814 4012 excerpti
848 3941 1137 3995 habemus
1175 3943 1397 3994 tantum
1444 3938 1673 3990 initium
1705 3953 1895 4007 usque
1925 3937 1999 3990 ad

337 4054 390 4090 a.
428 4036 566 4088 1095
589 4050 604 4103 °,
635 4033 863 4101 reliqua
891 4029 1332 4096 interciderunt,
1351 4027 1572 4080 mutilis
1591 4026 1899 4079 codicibus
1921 4025 1994 4092 7‘,

335 4126 492 4181 unde
524 4125 668 4177 Dom
701 4120 856 4174 Brial
890 4119 1041 4189 X111,
1074 4116 1198 4183 476,
1235 4120 1290 4171 et
1318 4115 1348 4168 7
1405 4114 1792 4186 autographo,
1844 4114 1998 4168 unde

334 4231 446 4270 nos
476 4214 614 4267 illud
649 4211 941 4266 dedimus.
973 4239 1042 4248 ——
1079 4209 1248 4261 Anno
1297 4220 1472 4274 porro
1503 4202 1635 4257 1191
1673 4204 1996 4258 canonicus

336 4303 786 4358 Cameracensis
835 4299 948 4368 (38)
997 4298 1174 4352 Gesta
1207 4294 1488 4349 Lietberti
1518 4297 1575 4348 et
1622 4294 1997 4364 sequentium

337 4397 429 4448 sat
458 4393 721 4445 breviter
751 4387 1060 4454 contraxit,
1093 4388 1150 4439 et
1180 4385 1313 4438 inde
1353 4400 1386 4437 a
1433 4385 1620 4436 morte
1652 4383 1900 4451 Nicolai,
1936 4385 1999 4436 ut

334 4482 566 4536 videtur
613 4476 745 4546 (39),
781 4477 853 4529 de
897 4491 1007 4529 suo
1056 4475 1416 4528 continuavit
1460 4473 1531 4526 ad
1561 4487 1775 4524 annum
1807 4485 1999 4540 usque

336 4571 493 4625 1191.
527 4567 636 4632 Qui
665 4565 936 4636 quamvis
968 4567 1023 4616 et
1068 4563 1254 4616 verba
1284 4562 1597 4616 Gestorum
1631 4559 1995 4629 quampluri-

2105 3410 2261 3464 sium
2311 3409 2382 3463 ad
2430 3424 2540 3463 nos
2580 3424 2771 3478 usque
2817 3409 3199 3462 devenerunt.
3261 3407 3770 3465 Continuationem

2106 3515 2240 3570 quae
2259 3514 2376 3553 non
2396 3514 2466 3552 ex
2497 3498 2582 3551 eis
2607 3498 2791 3565 ﬂuxit,
2813 3497 3100 3551 habemus
3125 3513 3318 3564 unam,
3344 3497 3764 3552 brevissimam

2108 3604 2395 3643 annorum
2427 3585 2763 3654 1051-1179,
2797 3590 3039 3640 auctore
3069 3585 3356 3638 monacho
3401 3585 3461 3640 S.
3511 3587 3765 3641 Andreae

2105 3678 2296 3732 Castri
2327 3675 2720 3730 Cameracesii
2745 3674 2858 3742 (43)
2879 3692 2893 3739 ;
2916 3690 3090 3743 quam
3111 3677 3247 3744 post
3268 3674 3411 3728 Dom
3436 3674 3595 3728 Brial
3616 3675 3766 3744 XIII,

2103 3765 2232 3836 533,
2265 3768 2321 3821 et
2350 3765 2591 3836 Leglay,
2624 3780 2680 3833 p.
2714 3761 2838 3830 308,
2874 3762 3299 3834 subjungimus
3318 3778 3393 3817 ex
3423 3764 3631 3818 eodem
3652 3779 3768 3836 quo

2104 3856 2187 3909 illi
2211 3854 2414 3909 codice
2443 3853 2477 3906 8
2507 3853 2701 3906 unico.
2721 3883 2790 3891 —
2818 3851 3088 3906 Historia
3120 3853 3490 3924 episcopatus
3517 3853 3774 3909 Atreba-

2107 3945 2298 3998 tensis
2329 3943 2461 4012 (44),
2498 3941 2672 4013 cujus
2704 3941 2880 3995 finem
2910 3940 3067 3994 Brial
3099 3944 3156 3995 et
3187 3941 3412 4012 Leglay
3439 3941 3765 4012 ediderunt,

2105 4048 2295 4104 neque
2319 4032 2390 4086 ad
2421 4031 2598 4086 Gesta
2628 4030 2898 4102 pertinet,
2933 4030 3148 4100 quippe
3178 4045 3210 4082 a
3242 4030 3460 4084 clerico
3520 4031 3768 4086 Atreba-

2104 4123 2262 4178 tensi
2293 4122 2619 4191 composita
2653 4120 2808 4174 circa
2837 4135 2890 4173 a.
2925 4118 3084 4186 M72,
3118 4133 3226 4172 nec
3257 4134 3354 4173 res
3386 4119 3765 4174 Germanicas

2107 4213 2227 4267 ullo
2257 4210 2431 4266 modo
2460 4209 2666 4280 tangit.
2699 4209 2907 4278 Neque
2937 4208 3130 4278 magis
3152 4206 3327 4261 nobis
3350 4208 3576 4262 edenda
3605 4211 3770 4263 erant

2113 4302 2294 4357 Gesta
2327 4299 2537 4371 quibus
2556 4297 3048 4351 Atrebatensium
3071 4297 3289 4350 civitas
3304 4297 3415 4351 sub
3453 4297 3693 4353 Urbano
3709 4299 3769 4352 in

2106 4391 2403 4461 antiquam
2449 4385 2816 4441 reformatur
2855 4385 3227 4455 dignitatem,
3279 4401 3313 4439 a
3355 4386 3588 4441 Baluzio
3617 4387 3772 4441 edita

2103 4478 2238 4549 (45),
2271 4493 2404 4548 quae
2437 4491 2554 4529 non
2588 4477 2717 4528 sine
2749 4473 2993 4528 utilitate
3035 4489 3169 4528 cum
3219 4475 3418 4530 Gestis
3461 4475 3770 4531 conferen-

2105 4571 2220 4631 tur,
2257 4567 2363 4622 sed
2395 4567 2696 4619 auctorem
2727 4563 2945 4618 habent
2974 4563 3150 4635 longe
3197 4563 3396 4632 alium,
3431 4563 3772 4620 Atrebaten-

337 4676 496 4713 mum
526 4655 858 4720 mutaverit,
895 4651 1251 4721 etjudicium
1281 4650 1352 4703 de
1374 4649 1714 4702 hominibus
1737 4663 2069 4726 nonnun-D
2105 4674 2251 4726 sem,
2305 4656 2462 4709 circa
2491 4669 2543 4707 θ,
2577 4652 2716 4707 1102
2755 4651 3086 4722 viventem;
3137 4666 3330 4723 neque
3366 4652 3645 4723 quiquam
3696 4652 3769 4706 ad

338 4765 511 4819 quam
543 4745 697 4800 aliud
728 4744 939 4798 habeat
969 4755 1141 4811 quam
1173 4739 1288 4807 illa,
1329 4741 1523 4792 tamen
1555 4753 1688 4791 cum
1717 4736 1997 4791 versione

409 4904 520 4974 (33)
560 4904 648 4958 Cf.
684 4921 734 4958 c.
767 4901 819 4956 9.
856 4901 915 4955 in
944 4900 1080 4953 ﬁne.

407 4968 518 5047 (34)
563 4975 754 5029 Verba
785 4974 940 5047 enim
971 4970 1184 5047 aequali
1216 4969 1725 5047 sonodesinentia
1771 4969 1831 5022 in
1883 4968 1998 5047 fine

339 5040 760 5104 sententiarum
817 5044 963 5096 adeo
997 5045 1276 5109 sectatur,
1329 5044 1392 5095 ut
1449 5041 1644 5095 colore
1702 5040 2000 5094 sermonis

338 5122 474 5175 inde
508 5115 868 5188 longealius
900 5115 977 5168 sit
1004 5130 1037 5167 a
1066 5113 1264 5188 Gestis
1296 5112 1599 5188 Lietberti.

409 5189 521 5261 (35)
561 5181 942 5261 Gonjieimus
959 5200 1031 5239 ex
1059 5184 1248 5261 ampla
1299 5185 1370 5238 de
1411 5181 1996 5261 saneto_Gaugerico

336 5253 753 5318 narratione'c.
783 5257 889 5311 4-6
916 5257 969 5325 9,
1005 5253 1179 5327 quam
1209 5256 1282 5310 de
1325 5271 1434 5310 suo
1483 5253 1721 5322 addidit,
1758 5253 1891 5308 cum
1931 5269 2000 5307 ea

336 5336 399 5388 in
426 5332 626 5388 Gestis
660 5347 777 5384 non
809 5333 991 5382 esset.

407 5405 519 5474 (36)
562 5403 677 5474 Est
699 5403 827 5471 ipse
859 5399 1044 5454 codex
1076 5401 1279 5474 noster
1305 5399 1357 5452 7.

407 5469 519 5543 (37)
551 5475 621 5528 .C.
659 5473 682 5525 1
722 5469 904 5543 Gesta
927 5470 1268 5542 pontificum
1297 5469 1586 5541 requirat.

409 5541 522 5615 (38)
563 5543 652 5598 Cf.
687 5560 738 5597 e.
773 5541 862 5598 ‘26.

412 5607 522 5688 (39)
563 5615 830 5686 Conjicio
862 5613 1014 5688 inde,
1050 5612 1292 5688 quod‘c.
1326 5609 1390 5688 19
1421 5611 1623 5666 ultimo
1675 5608 1866 5688 hujus.
1901 5607 1999 5662 de-

341 5681 550 5744 cennio
572 5681 828 5757 prorsus
852 5681 1086 5739 omisso
1101 5684 1297 5757 statim
1319 5683 1391 5757 ad
1415 5696 1832 5757 successorem
1852 5681 2003 5757 tran-

339 5763 437 5832 sit,
472 5751 719 5832 abrupte
750 5757 896 5832 satis
928 5755 1188 5832 etquasi
1217 5754 1481 5832 fontibus
1522 5753 1718 5832 subito
1751 5751 2003 5807 destitu-

337 5823 457 5908 tus,
490 5823 669 5891 Gesta
699 5823 1188 5899 Burchardi’ipse
1219 5825 1437 5900 allegat
1466 5839 1517 5882 ο.
1554 5823 1644 5883 13.

2103 4749 2365 4810 nostram
2398 4744 2704 4798 historiam
2725 4740 3055 4796 conferunt.

2177 4891 2289 4960 (40‘)
2335 4912 2356 4937 ‹‹
2385 4889 2474 4943 Du
2504 4890 2699 4958 temps
2731 4885 3138 4960 d’Enguerran
3170 4883 3505 4960 deCrequi,
3541 4900 3766 4960 comma

2106 4957 2407 5019 on‘le'voit
2434 4975 2539 5028 par
2571 4957 2962 5028 le’catalogue
3003 4957 3110 5012 des
3161 4957 3423 5027 évéques
3466 4958 3569 5027 qui
3612 4960 3705 5014 est
3736 4958 3768 5011 ὰ

2104 5035 2159 5089 la
2189 5037 2303 5087 tete
2335 5033 2412 5085 du
2443 5047 2555 5084 ms.
2596 5051 2616 5078 ι»
2651 5029 2856 5082 ΒιιιΑι.

2179 5105 2290 5173 (41)
2331 5103 2393 5156 c.
2427 5102 2514 5173 28.
2548 5099 2636 5165 31.
2669 5099 2871 5173 δεηθῇ,
2902 5098 2991 5173 θεὶς

2179 5166 2292 5246 (4‘2)
2335 5175 2406 5246 ι),
2449 5166 2574 5246 544,
2606 5166 2890 5246 551,553,
2923 5166 3346 5246 555557—564,
3377 5168 3503 5240 571,
3535 5170 3661 5226 572.

2179 5241 2293 5316 (43)
2331 5244 2418 5298 Cf.
2456 5244 2579 5296 init.
2612 5244 2675 5296 in
2707 5243 2825 5316 ista
2849 5241 3123 5296 ecclesia.

2178 5311 2292 5385 (44)
2348 5316 2646 5368 Auctores
2713 5311 3168 5385 Cameracensis
3224 5311 3769 5385 etAtrebatensjs

2111 5383 2280 5443 urbis
2324 5387 2679 5457 ignorantur
2721 5414 2790 5424 —
2837 5383 3134 5457 manibus
3159 5383 3670 5457 estinterfectus.
3702 5383 3767 5438 In

2108 5460 2279 5517 codd.
2311 5452 2434 5511 7'et
2462 5456 2535 5525 7‘,
2568 5471 2869 5526 quousus
2900 5454 3011 5509 fuit
3038 5454 3195 5508 Brial
3226 5455 3376 5522 XIII,
3408 5452 3532 5524 533,
3582 5459 3638 5508 et
3693 5469 3770 5508 ex

2106 5548 2176 5587 eo
2209 5529 2450 5600 Leglay,
2483 5524 2814 5600 pag—1351.;

2176 5595 2589 5670 (45)'Mi’scell.'
2614 5598 2682 5670 γ,
2720 5597 2912 5670 23Ἷ,θ
2956 5596 3158 5670 codice
3217 5595 3770 5670 Atrebatensi,_jam

2105 5667 2447 5728 Bo‘loniensi
2479 5669 2743 5739 (Archiv.
2778 5669 2925 5741 VIII,
2955 5667 3102 5741 406),
3137 5667 3313 5741 cujus
3360 5667 3767 5741 apographum

2104 5744 2311 5802 saeculi
2343 5759 2440 5814 xv,
2473 5741 2595 5797 vidi
2624 5741 2685 5798 in
2705 5740 3063 5799 bibliotheca
3089 5739 3487 5799 Atrebatensi.
