4106 6184
294 320 369 384 ιτ
1419 313 2022 380 OBSERVATION
2026 316 2124 379 ES
2166 317 2563 381 PREVL/E.

3655 321 3731 385 18

355 520 533 577 Gesta
552 532 662 589 per
689 515 943 573 mediam
972 521 1205 573 mtatem
1236 531 1428 589 neque
1457 517 1716 573 lectitata
1748 517 1950 573 multis
1980 500 2038 568 Λ
2064 531 2218 571 mus.
2240 515 2388 571 'Alia
2422 517 2674 588 denique
2712 532 2923 572 manus
2959 528 3017 573 s.‘
3050 537 3132 573 xu
3178 524 3429 579 exeunte
3461 540 3570 600 seu
3600 544 3722 600 xm,

289 610 551 667 inerunt:
570 622 682 662 nec
695 622 858 677 smpe
869 606 1190 677 descripta.
1215 606 1323 661 Usi
1342 608 1569 662 suntiis
1592 607 1948 663 Lambertus

292 701 603 771 episcOpus
636 696 1051 752 Atrebatensis
1085 712 1139 750 a.
1170 693 1307 751 1097
1339 695 1474 766 (46),
1506 695 1860 768 Sigebertus
1893 714 1945 750 a.

289 787 443 856 1105,
487 784 781 855 Rodulfus
828 786 890 840 in
931 785 1061 839 Vita
1108 785 1397 840 Lietberti
1438 789 1573 840 ante
1621 784 1762 842 1130
1810 785 1945 856 (4’7),

284 876 636 934 Chronicon.
657 874 720 930 S.
753 874 1014 930 Andraaa
1048 872 1239 929 Castri
1273 873 1671 929 Cameracesii
1696 891 1749 930 a.
1783 874 1942 945 1133,

284 966 550 1020 Andreas
571 963 1043 1019 Marchianensis
1059 979 1113 1018 a.
1134 962 1291 1032 1194,
1311 961 1645 1018 Chronicon
1662 963 1947 1017 Marchia-

280 1061 460 1101 nense
479 1043 849 1114 a.1200(48),
892 1044 1154 1100 Jacobus
1194 1044 1268 1099 de
1301 1043 1507 1099 Guisia
1549 1058 1601 1098 c.
1639 1041 1776 1099 1380
1804 1043 1939 1115 (49).

281 1164 346 1175 -
373 1133 624 1190 Codices
656 1148 799 1189 vero
828 1132 890 1188 hi
918 1136 1091 1188 sunt:

804 1220 837 1293 ἕ
875 1221 1000 1276 VII.
1032 1251 1102 1261 —
1133 1220 1405 1277 Codices.

342 1312 417 1381 (1)
434 1310 501 1366 Ο.
523 1311 718 1366 sancti
736 1310 986 1379 Gisleni,
1003 1310 1149 1383 jam.
1172 1309 1323 1365 Bibl.
1358 1325 1488 1382 reg.
1510 1309 1849 1382 Haagensis
1877 1326 1935 1365 n.

277 1400 392 1469 303,
428 1415 503 1454 ex
534 1400 710 1454 libris
737 1415 772 1453 a
802 1400 1028 1470 Leloup
1057 1398 1324 1454 collectis
1357 1404 1614 1471 emptus,
1662 1399 1935 1469 membr.,

280 1488 372 1544 fol.
404 1488 872 1560 min.,foliorum
901 1488 990 1556 88,
1034 1488 1325 1542 linearum
1370 1488 1429 1541 in
1460 1488 1674 1559 quavis
1721 1488 1939 1559 pagina

278 1576 376 1648 28;
408 1579 677 1648 scriptus
707 1594 825 1633 una
852 1593 1031 1631 manu
1074 1577 1350 1631 continua
1400 1576 1628 1645 smculi,
1663 1593 1745 1646 xi,
1778 1579 1937 1630 atra-

279 1670 460 1721 mento
480 1669 607 1720 tam
625 1664 820 1735 fusco,
845 1669 909 1720 ut
941 1666 1189 1738 integrae
1224 1665 1322 1719 hic
1353 1664 1476 1720 illic
1510 1680 1693 1720 voces
1729 1664 1936 1720 oculos

270 1753 385 1825 jam
402 1754 639 1826 fugiant
661 1773 677 1820 ;
709 1769 959 1826 quarum
979 1754 1202 1825 aliquot
1219 1755 1332 1809 sub
1350 1754 1581 1809 initium
1601 1754 1801 1824 operis
1823 1754 1937 1808 alia

277 1858 476 1898 manus
494 1843 705 1898 saeculi
723 1860 806 1897 xu
824 1845 1031 1897 conata
1048 1846 1140 1897 est
1154 1844 1491 1898 restituere.
1509 1842 1755 1898 Numeri
1779 1843 1934 1913 capi-
1970 1875 2021 1937 Β

277 1932 425 1986 tibus
443 1932 680 2002 prmﬂxi
703 1936 835 1987 octo
867 1935 1091 1987 tantum
1126 1932 1335 2003 primis
1361 1947 1376 2002 ;
1409 1932 1546 1987 inde
1576 1948 1609 1986 a
1638 1947 1795 1987 nono
1826 1932 1933 1986 de-

278 2021 485 2075 sinunt.
521 2021 719 2076 Prima
752 2020 1049 2092 cujusque
1080 2021 1291 2091 capitis
1333 2021 1527 2076 littera
1576 2024 1671 2076 est
1715 2021 1931 2092 rubra;

277 2113 484 2165 ornatas
545 2126 664 2165 non
709 2110 1005 2165 habentur
1058 2110 1176 2165 nisi
1233 2111 1502 2181 paucula
1547 2110 1661 2165 sub
1702 2111 1933 2166 initium

276 2200 480 2269 operis.
509 2199 684 2253 Tituli
706 2199 887 2255 minio
906 2199 1134 2271 scripti,
1161 2200 1268 2255 sed
1285 2200 1715 2255 rubricatorem
1752 2200 1929 2255 alium

276 2287 453 2343 fuisse
465 2304 539 2342 ac
554 2288 835 2359 scribam,
852 2292 908 2344 et
920 2288 1319 2363 ortographim
1333 2289 1654 2344 diversitas
1686 2289 1924 2358 indicat,

273 2377 497 2447 etquod
518 2377 745 2447 saepius
767 2378 968 2433 scriba
996 2394 1115 2433 non
1143 2378 1292 2433 satis
1324 2378 1499 2449 spatii
1528 2378 1720 2449 liquit,
1754 2378 1832 2432 ita
1869 2381 1931 2433 ut

271 2465 597 2521 rubricator
627 2467 957 2539 marginem
984 2483 1221 2539 quoque
1250 2467 1534 2523 adbibere
1586 2469 1923 2539 cogeretur.

273 2553 376 2608 Per
402 2556 594 2609 totum
633 2571 775 2610 vero
818 2557 1083 2612 codicem
1105 2557 1217 2627 (50)
1264 2571 1475 2612 manus
1514 2556 1648 2626 alia,
1691 2555 1932 2610 nitidior

270 2643 453 2714 paulo,
487 2645 601 2700 sed
629 2645 801 2715 plane
831 2661 1053 2716 comva,
1089 2648 1415 2700 atramento
1456 2646 1803 2717 plerumque
1833 2644 1927 2698 ni-

270 2732 460 2804 griore
490 2733 888 2789 additamenta
930 2734 1229 2804 ascripsit,
1280 2737 1403 2789 tum
1431 2734 1492 2789 in
1520 2750 1754 2804 rasura,
1803 2738 1925 2788 tum

270 2819 413 2875 inter
438 2822 632 2877 lineas
660 2826 836 2894 atque
885 2824 947 2877 in
975 2824 1266 2896 margine,
1298 2825 1423 2877 tum
1466 2837 1609 2877 vero
1656 2823 1715 2875 in
1745 2822 1925 2877 sche-

273 2909 414 2964 dulis
446 2912 703 2979 assutis,
734 2927 893 2966 nunc
940 2912 1236 2980 breviora,
1268 2928 1425 2966 nunc
1455 2910 1772 2980 ampliora;
1805 2912 1923 2966 imo

272 2997 485 3071 integra
548 3000 738 3071 capita
774 3000 854 3055 ita
910 3000 1230 3070 supplevit.
1282 2999 1567 3072 Singulos
1610 3003 1807 3055 autem
1862 3001 1925 3056 in

272 3087 452 3142 scriba
479 3088 765 3159 primario
787 3092 963 3160 atque
984 3090 1043 3143 in
1074 3090 1441 3144 rubricatore
1472 3104 1681 3158 pennm
1716 3088 1924 3159 lapsus

271 3176 585 3248 corrigere,
606 3176 1089 3250 orthographiam
1102 3193 1221 3233 non
1236 3193 1372 3231 raro
1385 3177 1683 3231 diversam
1697 3180 1922 3232 mutare

2063 606 2300 660 ineunte
2322 607 2606 677 quasdam
2629 608 3034 662 correctiones
3068 609 3203 663 fecit
3235 611 3292 665 in
3325 612 3374 666 1.
3409 598 3497 681 20,
3530 613 3624 671 68.
3654 598 3724 658 4

2060 694 2260 748 Codex
2287 694 2411 765 jam
2432 696 2685 764 primum
2705 698 2925 750 tantum
2955 700 3128 767 atque
3152 700 3477 754 secundum
3507 702 3725 760 librum

2061 783 2355 848 continet;
2406 783 2622 838 desinit
2670 784 2730 837 in
2775 786 2966 838 media
3012 787 3226 857 pagina
3266 792 3724 858 antepenultima

2060 873 2465 943 quaternionis
2486 872 2644 926 foliis
2663 872 2856 927 adhuc
2889 874 3125 945 integri.
3151 873 3255 929 Cui
3279 878 3468 945 spatio
3490 881 3722 949 paginae

2059 964 2117 1014 et
2147 960 2403 1014 dimidiae
2435 977 2467 1014 a
2499 963 2699 1017 scriba
2727 977 2914 1016 vacuo
2946 963 3171 1033 relicto,
3206 980 3417 1019 manus
3451 967 3581 1037 alia,
3615 970 3724 1025 sed

2061 1064 2281 1117 comva,
2298 1050 2629 1119 inscripsit:
2653 1050 2755 1104 Ex
2772 1051 3039 1105 decretis
3056 1050 3219 1105 beati
3244 1051 3533 1123 Gregorii
3546 1073 3719 1129 pape,

2061 1138 2211 1209 quod
2221 1138 2510 1203 monachi,
2532 1142 2666 1206 etc.,
2682 1154 2815 1210 quae
2828 1139 2900 1193 ab
2916 1155 3093 1208 opere
3107 1143 3312 1194 nostro
3335 1142 3507 1210 plane
3531 1145 3723 1201 aliena

2058 1230 2216 1281 sunt.
2231 1228 2306 1281 At
2316 1229 2579 1295 tempore
2596 1226 2949 1297 Colvenerii,
2965 1228 3148 1299 quieo
3164 1230 3316 1298 apud
3339 1230 3397 1285 S.
3415 1231 3721 1289 Gislenum

2058 1330 2207 1369 usus
2237 1320 2348 1382 est,
2365 1316 2575 1369 tertius
2604 1315 2777 1369 etiam
2799 1316 2949 1370 liber
2967 1316 3167 1371 aderat
3188 1334 3377 1389 usque
3404 1321 3478 1375 ad
3512 1338 3721 1378 vocem

2059 1403 2266 1472 capitis
2287 1402 2358 1458 49
2374 1404 2550 1458 medii
2577 1420 2589 1457 ε
2625 1403 2916 1471 adhibuit,
2940 1404 2998 1457 in
3021 1421 3137 1476 qua
3158 1422 3305 1461 voce
3329 1408 3638 1466 desinebat
3658 1413 3720 1468 in

2054 1490 2170 1546 tlne
2184 1492 2613 1562 quaternionis,
2636 1494 3027 1563 sequentibus
3046 1494 3203 1548 foliis
3228 1512 3361 1549 cum
3380 1498 3493 1552 fine
3517 1502 3718 1569 cperis

2051 1580 2393 1649 deperditis.
2442 1580 2585 1645 Qum
2633 1580 2771 1636 folia
2818 1582 2932 1636 sub
2963 1582 3140 1637 finem
3172 1585 3378 1638 seaculi
3411 1602 3492 1639 xu
3523 1589 3715 1644 adhuc

2051 1668 2488 1723 exstiterunt—
2508 1672 2647 1723 tunc
2684 1671 2839 1724 enim
2879 1671 3077 1726 scriba
3114 1672 3337 1727 codicis
3360 1674 3393 1727 2
3423 1690 3491 1728 ea
3522 1675 3715 1733 adhuc

2052 1758 2366 1828 excepit—
2386 1757 2493 1812 sed
2515 1773 2657 1812 saec.
2683 1775 2781 1811 xiv
2798 1758 2924 1830 jam
2946 1760 3251 1829 deperdita
3288 1766 3453 1816 erant
3467 1782 3481 1828 ;
3516 1780 3650 1818 nam
3680 1764 3713 1820 3

2050 1850 2189 1902 tunc
2207 1847 2494 1917 temporis
2530 1847 2792 1917 scriptus
2816 1863 2884 1901 ea
2919 1864 3036 1901 non
3071 1847 3199 1918 jam
3234 1850 3456 1904 habuit.
3483 1851 3571 1904 Ex
3600 1853 3714 1907 hoc

2052 1936 2255 1990 codice
2278 1937 2555 2005 primario
2578 1936 2791 2007 reliqui
2814 1937 3111 1991 ﬂuxerunt
3143 1953 3349 1992 omnes
3380 1937 3513 2009 (52).
3548 1941 3713 1996 Usus

2051 2039 2121 2079 eo
2140 2025 2330 2079 fuerat
2369 2024 2760 2079 Colvenerius
2787 2043 2801 2091 ;
2836 2025 2989 2079 eruit
3018 2041 3152 2080 eum
3203 2026 3415 2081 iterum
3446 2028 3712 2084 Pertzius

2048 2128 2202 2169 anno
2226 2113 2403 2182 1835;
2435 2129 2547 2168 nos
2571 2114 2801 2185 Haggae
2824 2114 3101 2168 comitum
3136 2129 3289 2169 anno
3322 2116 3475 2170 1839.
3518 2117 3587 2171 V.
3620 2117 3705 2173 Cl.

2050 2202 2296 2273 Holtrop
2327 2202 2705 2258 bibliothecae
2738 2203 2921 2274 regiae
2952 2202 3233 2272 praefecto
3276 2204 3711 2275 benignissime

2047 2290 2302 2360 favente,
2337 2291 2531 2345 denuo
2563 2292 3013 2345 accuratissime
3047 2292 3422 2346 contulimus.

2114 2378 2196 2449 (2)
2228 2379 2291 2434 C.
2325 2379 2387 2433 S.
2411 2380 2613 2434 Maria:
2634 2379 3203 2449 Atrebatensis,jam
3223 2381 3584 2451 deperditus,
3601 2385 3710 2437 sed

2045 2468 2392 2523 Colvenerio
2422 2468 2616 2521 adhuc
2662 2468 2986 2535 adhibitus,
3036 2468 3139 2538 qui
3188 2484 3321 2521 eum
3370 2468 3709 2525 Gislenensi

2046 2556 2441 2610 recentiorem
2473 2556 2633 2616 dicit,
2668 2556 2785 2610 Sed
2811 2555 2934 2626 jam
2985 2559 3117 2609 ante
3166 2556 3342 2610 tinem
3390 2559 3598 2611 saeculi
3628 2577 3707 2613 xu

2044 2645 2410 2715 descriptum
2439 2645 2629 2699 fuisse
2660 2660 2736 2699 ex
2757 2645 2783 2698 1
2805 2644 2941 2698 inde
2964 2648 3222 2714 apparet,
3250 2646 3404 2715 quod
3429 2645 3478 2714 1,
3503 2644 3592 2717 20,
3617 2645 3705 2718 68,

2042 2749 2112 2788 ea
2140 2735 2335 2803 habet,
2367 2750 2501 2805 qua)
2532 2734 2593 2786 in
2624 2733 2649 2787 1
2696 2733 3048 2805 legebantur
3074 2734 3373 2803 primaria,
3408 2750 3527 2788 non
3571 2722 3705 2805 quae

2041 2841 2251 2880 manus
2282 2839 2424 2879 saec.
2456 2840 2540 2877 xu
2571 2838 2648 2877 ex
2678 2823 2796 2878 illis
2829 2823 3021 2877 erasis
3052 2823 3501 2893 superscripsit.
3528 2824 3704 2880 Tituli

2040 2914 2222 2968 minio
2245 2913 2489 2982 exarati,
2513 2912 2709 2983 prouti
2726 2914 2787 2966 in
2809 2910 2861 2982 1,
2895 2928 3070 2983 quem
3092 2911 3157 2964 in
3190 2912 3536 2966 universum
3558 2914 3705 2967 satis

2038 3005 2313 3058 accurate
2357 3001 2621 3072 excepit;
2672 3001 3030 3056 additionem
3078 3016 3256 3055 unam
3289 3002 3510 3055 tantum
3540 3000 3703 3056 inse-

2038 3089 2248 3159 ruit,1.
2280 3091 2332 3145 3.
2366 3091 2512 3145 Post
2541 3091 2717 3145 ﬁnem
2765 3089 2903 3143 libri
2942 3089 3098 3143 tertii
3147 3089 3498 3161 legebantur
3524 3089 3705 3144 Gesta

2039 3179 2343 3248 Lietberti,
2376 3178 2485 3233 sed
2520 3201 2541 3225 α
2580 3194 2755 3232 manu
2785 3178 2917 3245 alia,
2952 3194 3137 3248 eaque
3166 3178 3341 3247 paulo
3372 3179 3701 3233 recentiore

268 3279 562 3337 vocesque
590 3266 665 3320 ab
715 3266 811 3321 his
842 3269 965 3321 tum
1007 3282 1152 3321 casu
1182 3269 1305 3321 tum
1353 3266 1629 3320 consultu
1662 3266 1921 3321 omissas
1954 3235 2008 3298 ο
2040 3269 2279 3340 scripta,
2333 3292 2353 3315 ιι
2389 3270 2540 3322 teste
2577 3266 2948 3321 Colvenerio.
2996 3266 3226 3321 Folium
3274 3267 3540 3319 ultimum
3587 3282 3702 3321 una

268 3355 536 3424 supplere
555 3355 794 3409 omnino
814 3355 1129 3427 dedignata
1151 3357 1263 3409 est.
1285 3354 1451 3409 Hanc
1473 3370 1710 3410 manum
1730 3356 1922 3424 ipsius

268 3442 430 3497 credo
458 3444 731 3498 auctoris
760 3443 1209 3516 autographam,
1244 3444 1410 3499 curis
1456 3444 1739 3499 secundis
1772 3460 1923 3514 opus

266 3545 426 3585 suum
442 3532 806 3600 revisentis;
838 3548 1058 3586 —nam
1088 3532 1160 3588 de
1191 3548 1259 3587 se
1287 3534 1420 3603 ipso
1442 3532 1501 3587 in
1522 3532 1691 3587 hisce
1728 3533 1924 3604 loqui-

267 3622 350 3673 tur
384 3619 496 3689 (51)
524 3636 544 3692 ;
587 3621 806 3693 reliqui
836 3621 1075 3676 codices
1106 3636 1313 3677 omnes
1353 3637 1422 3676 ea
1452 3625 1673 3677 tantum
1709 3622 1926 3677 habent

265 3722 386 3778 quae
410 3709 510 3764 hic
538 3714 863 3779 corrector,
883 3727 1002 3765 non
1022 3727 1155 3783 quae
1177 3711 1367 3781 primo
1406 3711 1608 3766 scriba
1640 3726 1922 3765 exarave-

264 3800 374 3863 rat;
406 3802 691 3871 totusque
722 3798 933 3855 harum
962 3800 1397 3856 correctionum
1442 3799 1922 3871 additionumque

266 3884 486 3943 habitus
501 3888 669 3943 idem
686 3892 798 3959 est,
822 3904 999 3963 quem
1021 3892 1077 3944 et
1092 3888 1154 3944 in
1174 3889 1513 3957 Thietmari,
1532 3889 1915 3960 Liudprandi,

264 3970 574 4047 Sigeberti,
605 3978 976 4051 aliorumque
1005 3978 1315 4034 codicibus
1346 3978 1733 4050 autographis
1765 3980 1923 4035 vide-

334 4120 443 4191 (46)
471 4121 548 4174 In
578 4120 896 4191 diplomate
929 4120 1083 4190 apud
1130 4120 1433 4175 Baluzium
1481 4120 1653 4175 Misc.
1687 4121 1757 4191 V,
1790 4120 1915 4177 380.

323 4192 431 4261 (4Ἷ)
464 4192 642 4264 Hunc
670 4192 853 4264 aliqui
897 4194 1250 4264 putaverunt
1279 4192 1573 4246 celebrem
1603 4192 1782 4247 istum
1811 4194 1918 4247 ab-

262 4264 441 4319 batem
458 4263 524 4318 S.
553 4262 847 4318 Trudonis
872 4262 977 4328 {at
1006 4263 1203 4318 minus
1232 4267 1413 4331 recte,
1446 4268 1511 4317 ut
1538 4264 1797 4319 ostendit
1825 4280 1922 4319 ne-

262 4336 586 4408 urologium
633 4334 711 4408 S._
726 4334 1039 4408 Sepulchri
1059 4333 1511 4408 Cameracensis
1534 4335 1763 4408 in_bibl.
1799 4336 1913 4391 civ.

260 4405 565 4477 Camerac.
592 4422 651 4477 ιι.
681 4405 940 4477 ’731⁷11βὶ
972 4422 1150 4477 manu
1200 4421 1252 4460 s.
1300 4422 1379 4459 xu
1430 4406 1558 4459 haec
1597 4406 1910 4477 leguntur:

262 4475 309 4531 2.
332 4477 483 4532 Non.
523 4476 671 4531 Julii
688 4476 839 4531 obiit
860 4476 1152 4532 Rodulfus
1184 4482 1393 4531 noster
1408 4475 1730 4531 monachus
1750 4482 1807 4531 et
1828 4494 1919 4531 sa-

261 4548 483 4617 cerdos,
506 4550 610 4620 qui
626 4548 824 4620 domui
851 4554 912 4603 et
929 4548 1172 4620 patroni
1192 4547 1389 4620 nostri
1406 4547 1708 4620 Lietberti
1722 4548 1921 4603 Came-

259 4618 533 4674 racenssz
551 4618 820 4691 ecclosiae
834 4618 1141 4691 pontiﬁcis
1159 4619 1353 4691 vitam,
1377 4619 1630 4674 sudores
1647 4635 1789 4691 quos
1810 4635 1920 4691 pro

262 4691 455 4746 eadem
471 4689 624 4746 suda
636 4692 724 4761 vit
736 4688 1046 4761 aecélesiae,
1067 4688 1316 4745 etlinem
1346 4691 1480 4745 vitae
1492 4688 1835 4761 praesentis,
1857 4691 1919 4744 in

263 4778 365 4817 uno
386 4762 681 4816 volumine
700 4759 995 4833 luculeuto
1013 4777 1305 4833 sermone,
1329 4759 1672 4833 descripsit.
1697 4762 1920 4816 Auctor

262 4849 387 4887 cum
407 4833 712 4888 Lietberto
743 4848 798 4902 a.
835 4830 974 4887 1064
1023 4832 1132 4886 fuit
1174 4833 1233 4885 in
1278 4830 1539 4900 Graecia,
1561 4836 1735 4902 atque
1766 4834 1918 4886 scri-

261 4904 369 4973 psit
403 4909 538 4959 ante
577 4921 632 4959 a.
670 4899 845 4969 1133;
880 4906 1001 4957 tum
1035 4904 1189 4957 enim
1213 4902 1337 4973 jam
1377 4899 1667 4957 Chronica
1698 4903 1759 4957 S.
1793 4905 1917 4958 An-

261 4974 409 5031 drom
428 4975 629 5030 Cestri
645 4974 1041 5030 Cameracesii
1061 4989 1198 5029 eum
1220 4975 1558 5044 exscripsit.
1583 4974 1745 5044 Opus
1759 4974 1914 5044 ejus,

260 5043 347 5100 bis
371 5046 498 5116 jam
527 5047 800 5172 e$§tum,_
812 5046 970 5128 apud
1016 5044 1287 5127 pachery
1335 5043 1536 5116 Spicil.
1586 5043 1657 5101 ΙΙ.
1710 5043 1813 5127 138
1860 5050 1918 5101 et

266 5118 399 5171 Acta
428 5115 538 5172 SS.
667 5118 850 5172 Junu.
883 5133 1000 5172 non
1029 5120 1243 5171 lterum
1271 5117 1559 5172 recudere
1590 5116 1911 5172 noluimus.

311 5120 399 5171 cta
428 5120 538 5172 SS.

263 5189 467 5259 quippe
499 5188 660 5259 quod
688 5188 1003 5243 maximam

263 5258 589 5323 conflatum,
624 5261 777 5314 inter
808 5259 1005 5313 fontes
1034 5258 1302 5313 historiae
1329 5260 1431 5313 vix
1464 5258 1669 5313 haberi
1698 5262 1911 5328 potest.

259 5329 449 5401 Capita
469 5331 629 5385 enim
656 5329 804 5399 1-15,
832 5328 922 5399 28,
935 5329 1221 5401 44,Α53-5’7,
1236 5331 1470 5401 integra
1483 5334 1759 5399 excerpta
1777 5335 1915 5387 sunt

263 5399 913 5472 (sx—Gestispontiﬂcum
946 5401 989 5470 Ι,
1017 5399 1138 5456 114.
1180 5400 1276 5471 ΙΙΙ,
1303 5399 1556 5456 1.“(ἰ881.
1583 5401 1771 5455 Lietb.
1798 5402 1909 5457 1-7.

264 5470 415 5545 14,8,
453 5470 633 5545 1612—4,
664 5490 799 5545 quae
828 5472 1147 5528 verborum
1187 5470 1604 5545 tantummodo
1628 5472 1915 5545 ampullis

264 5545 315 5595 et
339 5542 888 5616 flosculis'poeticis
935 5548 1109 5616 atque
1143 5542 1714 5616 biblicisRudulfus
1743 5548 1910 5598 exte-

265 5615 472 5686 nuayit.
504 5613 655 5686 Qum—
677 5616 916 5686 propria
954 5613 1208 5671 inseruit
1234 5614 1616 5686 paucissima,
1665 5615 1724 5668 in
1754 5617 1912 5686 notis

264 5684 330 5739 ad
348 5684 527 5763 Gesta
540 5684 1043 5763 μθιὸβγίέοωιιέδ
1062 5684 1496 5763 excerpsimus
1532 5685 1715 5763 Caput
1745 5685 1819 5763 46
1837 5687 1912 5763 ad

266 5756 506 5812 verbum
526 5756 843 5832 descripsit
871 5775 948 5818 ex
976 5756 1291 5832 diplomate
1320 5757 1606 5815 Lietberti
1625 5757 1782 5831 apud
1801 5757 1907 5813 Mi-

667 5117 850 5199 Junii,
883 5133 1000 5172 non
1029 5116 1243 5199 iterum
1264 5116 1559 5199 'recu‘dere
1590 5116 1911 5199 noluimus,

1076 5190 1259 5241 artem
1297 5193 1354 5243 et
1383 5187 1583 5242 Gestis
1633 5187 1913 5243 Lietberti

2039 3375 2171 3413 cum
2202 3359 2314 3412 alio
2350 3357 2510 3428 quod
2540 3355 2875 3410 continebat
2906 3354 3005 3424 III,
3057 3355 3144 3424 48,
3191 3357 3247 3409 et
3290 3353 3597 3408 dimidium
3646 3371 3698 3410 c.

2034 3445 2123 3517 49,
2150 3445 2275 3518 jam
2303 3449 2427 3500 tum
2458 3445 2679 3513 deerat,
2713 3460 2846 3499 cum
2892 3441 2947 3497 2‘
2978 3460 3054 3497 ex
3083 3450 3289 3498 nostro
3320 3443 3700 3499 describere-

2035 3539 2148 3591 tur.
2184 3535 2473 3589 Novimns
2504 3537 2677 3605 atque
2708 3533 3098 3587 indicavimus
3127 3550 3218 3603 _ex
3245 3548 3362 3588 uno
3407 3531 3701 3588 Colvene-

2034 3625 2124 3680 rio
2155 3625 2395 3678 auctore
2428 3622 2542 3677 ﬁde
2572 3621 2948 3695 dignissimo,
2985 3622 3086 3693 qui
3116 3637 3250 3677 eum
3295 3622 3353 3675 in
3384 3621 3539 3676 notis
3569 3621 3699 3677 suis

2036 3715 2516 3872 δ’(ξξοέῗὲωωιι
2538 3767 2802 3870 Vedasti,
2824 3798 2948 3871 jam
2980 3799 3237 3853 civitatis
3260 3800 3695 3869 Atrebatensis,

2033 3907 2091 3946 n.
2116 3888 2240 3961 666,
2268 3891 2480 3959 chart.,
2506 3889 2631 3959 fol.,
2665 3904 2818 3943 anno
2851 3886 2989 3945 1482
3037 3905 3069 3942 a
3117 3888 3389 3959 pluribus
3430 3904 3505 3943 ex
3533 3888 3568 3943 2
3597 3889 3696 3944 de-

2034 3980 2318 4050 scriptus,
2352 3979 2461 4034 sed
2490 3980 2637 4033 satis
2667 3978 3062 4051 negligenter.
3078 3977 3221 4043 Quae
3239 3977 3441 4050 legere
3464 3993 3582 4033 non
3601 3994 3701 4048 po-

2033 4138 2219 4178 raaum
2254 4122 2399 4192 Opp.
2437 4121 2578 4191 dipl.
2617 4121 2661 4189 Ι,
2711 4120 2832 4174 155.
2886 4119 3087 4189 Capita
3128 4120 3195 4174 16
3241 4120 3329 4191 2Ἷ,
3372 4120 3567 4189 29-43,
3603 4118 3693 4190 45,

2028 4193 2217 4262 47-52,
2261 4192 2447 4261 58-66,
2481 4192 2740 4246 auctoris
2779 4192 3016 4261 prOpria
3053 4194 3210 4259 sunt,
3246 4193 3513 4261 exceptis
3558 4192 3696 4246 Vir-

2031 4265 2158 4337 gilii
2188 4265 2466 4337 versibus
2488 4262 2988 4337 _quamplur_imis,_
3004 4262 3238 4337 quibus
3269 4263 3379 4315 iter
3406 4263 3696 4337 Lietberti

2030 4331 2368 4402 éxornavit;
2400 4335 2507 4389 sed
2526 4331 2660 4403 quae
2685 4331 2757 4386 ex
2778 4333 2866 4403 eis
2904 4333 3057 4403 scitu
3086 4331 3445 4403 dignasrunt,
3479 4332 3695 4403 horum

2070 4407 2279 4461 lurima
2302 4399 2431 4476 jam
2469 4399 2757 4476 Chironica
2795 4402 3140 4476 S._Andr_eaa
3156 4399 3229 4476 :1,
3260 4402 3326 4455 15
3347 4417 3374 4476 ;_
3397 4400 3467 4470 II,
3501 4399 3688 4476 22-29,

2070 4422 2279 4461 lurtma
2302 4422 2431 4476 Jam
2469 4422 2757 4458 unromca
2795 4422 2854 4457 δ.
2888 4422 3140 4455 Andreae
3178 4422 3229 4470 1,
3260 4422 3361 4470 10;
3397 4422 3467 4470 11,
3501 4422 3688 4472 zz-zv,

2029 4422 2117 4545 g1,
2143 4476 2462 4546 excerpsit,
2487 4475 2711 4546 reliqua
2731 4489 2841 4528 nos
2863 4473 2921 4526 in
2938 4473 3095 4527 notis
3117 4473 3192 4527 ad
3211 4473 3475 4546 eamdem
3498 4472 3693 4528 Chro-

2029 4550 2221 4604 nicam
2251 4545 2543 4613 dedimus,
2577 4548 2655 4600 ita
2684 4549 2747 4600 ut
2774 4545 3028 4615 amplius
3058 4560 3174 4600 non
3216 4561 3365 4615 opus
3398 4545 3476 4599 sit
3505 4560 3692 4616 grana

2030 4620 2384 4688 conquirere
2415 4634 2489 4673 ex
2520 4618 2635 4672 ista
2665 4617 2851 4688 palea.

2105 4636 2143 4674 n
2189 4636 2384 4676 uirere
2415 4636 2489 4673 ex
2520 4636 2635 4672 ista
2665 4636 2851 4688 paiea.

2101 4636 2213 4760 (4(8)
2233 4691 2530 4760 Scriptum
2568 4692 2801 4759 petente
2830 4687 3070 4743 Simone
3114 4686 3687 4760 abbate,‘_quiprae-

2032 4757 2140 4817 fuit
2167 4757 2219 4816 a.
2255 4757 2608 4829 1101-1201;
2643 4761 2719 4813 cf.
2754 4761 3012 4814 Annales
3044 4763 3282 4814 nostros
3315 4758 3464 4826 VIII,
3491 4757 3613 4811 427.

2098 4830 2211 4905 (49)
2244 4833 2354 4905 Hic
2383 4848 2516 4886 raro
2555 4835 2779 4905 tantum
2828 4846 2937 4885 nec
2987 4830 3349 4905 tam__Gestis
3399 4845 3550 4885 usus
3597 4833 3692 4885 est

2068 4901 2202 4958 nam
2234 4904 2487 4974 epitome
2519 4902 2770 4973 quadam
2801 4916 3005 4956 earum
3035 4901 3276 4974 Gallica,
3310 4916 3486 4971 quam
3518 4905 3691 4974 vocat

2086 4972 2356 5031 istoriam
2399 4972 2928 5037 Cameracensem;
2974 4972 3183 5027 eodem
3229 4974 3425 5027 tamen
3453 4973 3690 5028 nomine

2029 5045 2545 5171 pppeli‘atlliodulti
2576 5045 2754 5099 vitam
2785 5043 3105 5113 Lietberti;
3140 5042 3215 5097 cf.
3251 5044 3511 5100 Annales
3542 5060 3688 5099 nos-

2053 5134 2158 5171 ros
2240 5159 2253 5171 .
2320 5152 2336 5171 1
2378 5160 2389 5171 .
3164 5168 3173 5169 ,

2028 5121 2158 5173 tros
2188 5121 2253 5172 T.
2288 5121 2389 5172 IX.
3164 5168 3173 5169 ,

2101 5186 2215 5258 (50)
2246 5189 2357 5243 His
2407 5188 2635 5243 scilicet
2676 5187 2864 5258 locis:
2895 5184 2968 5258 H1,
3003 5186 3074 5258 75,
3108 5186 3161 5255 '7,
3211 5188 3298 5255 10,
3333 5185 3420 5255 12,
3476 5186 3562 5253 17,
3596 5186 3685 5258 21,

2022 5256 2474 5386 33,187,130“,
2507 5258 2596 5327 52,
2628 5257 2715 5327 58,
2749 5257 2838 5326 81,
2871 5257 2960 5327 71,
2993 5257 3080 5327 98,
3133 5258 3255 5326 101,
3291 5258 3415 5328 114,
3453 5258 3575 5326 116,
3612 5257 3684 5328 II,

2061 5374 2075 5401 ’
2369 5420 2381 5456 ;
2420 5407 2478 5457 ιιι
2512 5416 2691 5472 supra
2718 5400 3058 5473 tetigimus;
3091 5401 3158 5455 10
3188 5401 3417 5456 nostris
3446 5400 3683 5473 diebus;

2020 5471 2112 5529 ‘23.
2142 5471 2279 5556 huic
2308 5473 2476 5545 operi
2502 5471 2911 5574 necessarium
2943 5472 3088 5528 duxi
3096 5473 3388 5528 inserere
3413 5491 3426 5539 ;
3457 5471 3546 5527 2⁸7.
3579 5488 3681 5527 re-

2091 5617 2205 5689 (52)
2238 5615 2451 5689 Id_pr_8e
2473 5615 3005 5689 Acasteris‘prgba‘nt
3034 5616 3149 5671 loci
3180 5617 3222 5686 Ι,
3256 5616 3290 5672 3
3316 5634 3329 5684 ;
3360 5613 3449 5689 20,
3479 5613 3568 5686 40,
3589 5615 3678 5674 64.

2020 5685 2111 5760 68,
2142 5687 2232 5759 89,
2264 5685 2354 5757 98,
2388 5686 2512 5756 104,
2547 5685 2688 5755 108;
2724 5685 2800 5759 u,
2832 5685 2885 5742 7.
2915 5686 3004 5742 18.

2015 5546 2211 5616 perim
2220 5561 2303 5616 usi.
