4098 6196
276 328 367 394 ~19
850 423 873 428 υ
1181 328 1457 392 essm
1500 327 2033 427 PONTIlj‘ICUM
2079 327 2833 394 CAMERACENSIUM.
3235 343 3239 348 ~
3633 329 3712 392 2o

295 533 488 589 terant
509 530 746 601 scribae,
774 532 847 586 iis
881 533 1133 601 spatium
1164 531 1550 603 reliquerunt,
1592 530 1651 584 in
1685 511 2026 600 margineA
2064 528 2251 599 cripta
2293 528 2423 583 sine
2465 530 2629 584 titulo
2680 532 2939 584 continet
2988 530 3178 584 nostri
3229 529 3419 599 capita
3449 530 3492 600 Ι,
3538 527 3725 600 94-98,

294 622 519 694 saepius
549 638 699 678 voce
731 623 944 677 desunt
974 621 1322 675 indicantes.
1355 619 1673 684 Quaternio
1723 619 1955 690 integer

293 726 426 766 cum
459 712 502 781 Ι,
535 712 746 767 46-106
767 710 895 781 jam
926 710 1239 764 intercidit.
1264 709 1397 778 Ipse
1430 708 1668 763 contuli.

363 800 519 869 ('3)C.
555 800 762 872 regius
803 799 1187 867 Parisiensis,
1240 815 1296 852 n.
1331 798 1516 866 5533a,
1552 797 1689 852 olim
1733 796 1956 849 Baluzii

291 888 543 943 membr.
594 889 655 942 in
688 892 894 959 quarto
936 903 1079 942 smc.
1129 904 1249 955 xxv,
1285 887 1642 943 nitidissima
1675 888 1952 939 exaratus

294 981 469 1047 atque
492 977 960 1031 accuratissime.
986 976 1250 1046 Cupitum
1281 975 1430 1029 tituli
1462 975 1625 1029 rubri
1652 991 1665 1041 ;
1700 975 1757 1028 in
1788 973 1957 1027 tertio

293 1064 448 1120 libro
483 1065 649 1122 nulli.
690 1066 800 1119 Hic
830 1066 951 1119 illic
993 1066 1246 1135 spatium
1295 1064 1586 1131 relictum,
1620 1063 1721 1117 ubi
1753 1077 1960 1116 vocem

295 1152 358 1207 in
379 1152 405 1206 1
440 1153 643 1226 legere
674 1171 789 1209 non
817 1154 939 1224 jam
971 1157 1195 1224 poterat
1221 1173 1234 1219 ;
1270 1153 1377 1207 sed
1407 1153 1518 1206 hoc
1549 1167 1684 1205 raro
1717 1152 1956 1205 factum.

295 1241 528 1297 Desinit
557 1246 615 1298 in
645 1244 835 1298 medio
870 1243 966 1312 III,
989 1240 1075 1310 19,
1111 1242 1329 1313 quibus
1348 1242 1552 1295 eodem
1578 1241 1801 1295 calamo
1825 1239 1964 1293 sub-

287 1329 491 1404 jungit
520 1333 1018 1387 continuationem
1048 1329 1468 1384 brevissimam
1500 1330 1646 1384 Post
1677 1331 1855 1384 istum
1891 1358 1957 1366 —

293 1420 541 1494 Savine,
577 1438 751 1494 quam
778 1423 913 1491 post
942 1418 1119 1474 Gesta
1154 1418 1347 1473 daturi
1380 1435 1610 1474 sumus.
1646 1419 1780 1488 Ipse
1813 1436 1958 1473 con-

297 1515 428 1570 tuli.

369 1602 448 1673 (4)
468 1600 532 1655 C.
559 1598 1026 1671 Afﬂigemensis,
1048 1598 1183 1652 dein
1206 1597 1508 1652 societatis
1531 1597 1563 1651 J
1569 1612 1676 1651 esu
1693 1599 1962 1652 Antwer-

298 1688 685 1767 piensis,jam
706 1689 852 1744 bibl.
882 1685 1705 1757 BurgundiczeBruxellensis
1728 1703 1786 1741 n.
1802 1686 1961 1754 7675,

302 1783 515 1849 chart.,
549 1780 675 1848 fol.,
711 1795 761 1831 s.
795 1795 916 1845 xw,
953 1777 1211 1831 continet
1240 1779 1438 1845 Gesta,
1472 1774 1810 1830 Chronicon
1841 1774 1963 1846 Eg-

2066 617 2186 671 101.
2222 617 2534 672 Lectiones
2568 617 2702 688 ejus
2734 619 2931 672 notavi
2962 633 3189 673 omnes.

2135 705 2210 777 [9]
2234 706 2674 760 Cliartularium
2691 723 2826 760 saec.
2850 707 2972 761 XII
2987 708 3286 780 signatum
3330 708 3405 762 A.
3433 725 3511 762 ex
3538 708 3736 762 archi-

2081 797 2171 848 vis
2200 795 2470 849 ecclesiae
2515 796 2882 850 cathedralis
2923 791 3378 859 Cameracensis
3404 800 3555 851 teste
3588 798 3733 852 Dom

2078 883 2232 937 Brial
2248 885 2401 953 XIII,
2422 884 2545 951 531,
2568 885 2920 939 subinitium
2934 886 3453 955 continebatquam
3471 886 3565 939 ille
3598 886 3733 940 inde

2067 973 2249 1027 edidit
2280 974 2781 1029 abbreviationem
2817 974 3131 1028 Gestorum
3166 992 3197 1028 a
3238 975 3734 1029 canonicoCame-

2069 1065 2306 1117 racensi
2355 1064 2704 1131 confectam,
2753 1080 2883 1117 cum
2932 1064 3367 1117 continuatione
3400 1064 3515 1117 alia
3563 1080 3737 1117 manu

2068 1152 2292 1222 scripta
2326 1152 2435 1206 sed
2456 1152 2602 1206 adeo
2623 1152 2845 1217 mutila,
2876 1158 2934 1205 ut
2957 1152 3096 1206 inde
3117 1153 3274 1206 certi
3296 1153 3598 1224 quicquam
3636 1153 3738 1206 vix

2072 1239 2293 1295 elicere
2326 1240 2421 1295 fas
2441 1246 2541 1295 sit.
2574 1240 2774 1296 Codex
2804 1257 2920 1313 quo
2953 1242 3274 1309 devenerit,
3302 1243 3626 1297 nescimus.

2144 1327 2259 1397 (10)
2271 1330 2334 1384 Ο.
2356 1330 2629 1385 ecclesiae
2643 1331 3095 1386 Cameracensis
3110 1330 3570 1401 catenatus,jam
3589 1330 3735 1385 bibl.

2071 1418 2233 1488 publ.
2254 1418 2415 1473 Cam.
2440 1420 2561 1489 88-1,
2587 1423 2722 1489 post
2745 1421 3076 1492 catalogum
3100 1421 3515 1490 episcoporum
3546 1435 3737 1491 usque

2074 1509 2143 1562 ad
2169 1508 2664 1580 Enguerrandum
2687 1511 2758 1565 de
2780 1509 2995 1581 Crequi
3019 1510 3600 1564 continetGestorum
3614 1524 3741 1562 ver-

2074 1597 2300 1651 sionem
2322 1598 2623 1669 Gallicam,
2644 1616 2819 1671 quam
2838 1601 2984 1653 Dom
3008 1598 3163 1652 Brial
3185 1597 3341 1663 XIII,
3365 1596 3488 1666 476,
3513 1612 3587 1651 ex
3604 1598 3735 1667 ipso

2073 1686 2273 1739 edidit.
2309 1685 2473 1749 Finis
2505 1688 2735 1742 codicis
2765 1688 3082 1743 intercidit.

2149 1775 2454 1830 Editiones
2487 1777 2578 1830 hae
2604 1780 2741 1830 sunt
2765 1793 2776 1829 :

301 1870 659 1925 mondanum
682 1872 855 1937 atque
884 1866 1180 1920 Andream
1210 1865 1741 1919 Marchianensem.
1790 1864 1963 1934 Capi-
1997 1886 2046 1947 Β
2145 1865 2348 1934 Conv.)
2388 1865 2722 1920 Chronieon
2760 1866 3194 1920 Cameracense
3219 1870 3277 1920 et
3309 1865 3738 1933 Atrebatense,

301 1963 427 2015 tum
476 1955 912 2012 distinctionem
958 1954 1029 2008 de
1073 1970 1183 2009 suo
1232 1969 1654 2026 nonnunquam
1695 1954 1960 2022 mutavit,

301 2050 475 2120 plura
494 2047 554 2100 in
571 2060 752 2100 unum
770 2043 1169 2116 conjungens.
1194 2045 1340 2104 Post
1364 2044 1538 2097 tinem
1558 2044 1692 2097 libri
1716 2042 1966 2097 secundi

305 2136 515 2193 eodem
546 2135 769 2189 calamo
799 2133 1120 2203 descripsit
1151 2149 1284 2204 quae
1336 2133 1394 2185 in
1430 2132 1452 2184 1
1490 2132 1569 2185 ibi
1614 2132 1726 2186 alia
1757 2147 1966 2184 manus

306 2225 598 2291 inseruit;
632 2226 756 2278 tum
786 2222 983 2276 statim
1016 2223 1230 2276 librum
1260 2222 1497 2276 tertium
1528 2220 1804 2291 subjecit,
1840 2220 1969 2274 sine

304 2314 495 2384 titulo,
522 2313 618 2368 cui
640 2313 698 2366 in
721 2312 988 2382 margine
1008 2312 1121 2365 alia
1147 2326 1357 2365 manus
1378 2310 1631 2365 addidit:
1668 2309 1771 2364 Sic
1794 2308 1972 2363 habet

310 2420 423 2459 ms.
449 2400 755 2473 exemplar
774 2401 999 2457 domini
1018 2400 1454 2454 Preudhommc
1477 2399 1747 2453 canonici
1771 2398 1972 2453 Came-

305 2509 431 2548 rac.
466 2491 695 2547 Desinit
724 2491 782 2544 in
814 2490 912 2556 III,
940 2487 1031 2560 49,
1055 2488 1246 2544 medio
1272 2507 1286 2555 ;
1323 2488 1405 2541 nil
1427 2488 1811 2558 deperditum.
1840 2487 1973 2557 Ipse

308 2581 549 2637 contuli.

380 2669 458 2739 (5)
478 2668 543 2723 C.
567 2669 791 2723 Rubem
815 2667 1022 2735 Vallis,
1039 2666 1164 2738 jam
1185 2666 1550 2736 deperditus,
1569 2665 1675 2720 sed
1698 2664 1978 2720 Colvene-

309 2760 402 2814 rio
422 2757 617 2813 adhuc
633 2758 805 2810 visus
826 2760 881 2813 et
896 2774 931 2810 r
949 2758 1207 2822 notatus,
1227 2756 1331 2825 qui
1352 2771 1486 2810 eum
1508 2754 1647 2809 dicit
1670 2756 1730 2809 in
1768 2755 1975 2808 charta

311 2847 696 2919 descriptum,
714 2845 889 2917 idque
901 2846 1052 2899 satis
1064 2844 1433 2916 imperfecte,
1454 2844 1528 2899 ab
1541 2845 1716 2898 annis
1728 2844 1879 2898 circi
1886 2850 1978 2898 ter

309 2934 380 2992 60
401 2940 499 2991 aut
519 2933 607 2990 70.
625 2934 690 2988 In
706 2949 773 2989 eo
784 2933 962 2988 multa
979 2950 1092 3006 pro
1104 2933 1362 2988 arbitrio
1373 2928 1591 2987 inutata
1606 2939 1761 3001 sunt,
1785 2940 1843 2987 et
1866 2950 1980 3005 pro

317 3024 628 3082 veteribus
658 3040 805 3079 nova
847 3024 1078 3078 nomina
1123 3022 1467 3077 substitute.
1509 3022 1844 3077 Summaria
1877 3039 1976 3077 ca-

303 3115 495 3188 pitum
517 3113 697 3168 habet
721 3117 943 3166 tantum
966 3112 1028 3164 in
1059 3112 1318 3166 secundo
1341 3111 1521 3180 libro,
1577 3127 1686 3166 nec
1716 3112 1974 3183 integre.

311 3203 523 3258 Scriba
570 3203 744 3257 modo
785 3216 961 3273 quam
1010 3200 1262 3255 maxime
1307 3201 1616 3255 arbitrario
1667 3201 1825 3272 egit;
1877 3200 1975 3270 III,

312 3290 492 3362 18—49,
518 3293 577 3347 in
595 3293 772 3346 unius
804 3292 974 3345 lineae
994 3289 1247 3361 spatium
1267 3289 1598 3344 deem-tavit
1623 3305 1636 3358 ;
1670 3289 1979 3345 desinebat

310 3380 373 3436 in
403 3381 503 3450 III,
536 3379 624 3449 49,
657 3382 717 3433 in
739 3380 929 3435 media
958 3380 1194 3451 pagina.

386 3470 465 3539 (6)
494 3469 560 3523 Ο.
593 3468 655 3521 S.
691 3468 847 3521 Petri
893 3467 1249 3536 Altimontis,
1296 3468 1420 3538 jam
1462 3468 1574 3521 civ.
1622 3467 1974 3539 Duacensis,

310 3575 373 3613 n.
396 3556 522 3627 800,
545 3556 619 3611 ab
638 3556 893 3611 Antonio
911 3556 1199 3611 monacho
1225 3559 1283 3610 in
1318 3558 1449 3609 Allo
1472 3556 1666 3611 Monte
1702 3561 1979 3612 exaratus

314 3663 460 3703 suae.
482 3664 589 3717 xu,
613 3661 730 3714 ex.,
756 3645 1028 3714 membr.,
1061 3643 1138 3715 8°,
1174 3645 1245 3700 de
1278 3660 1394 3715 quo
1426 3646 1523 3715 egi
1550 3646 1611 3700 in
1651 3646 1979 3701 Annalibus

314 3736 544 3793 nostris
574 3735 724 3805 VIII,
758 3734 896 3800 428;
948 3735 1104 3789 inter
1133 3734 1244 3787 alia
1274 3735 1533 3788 continet
1561 3733 1875 3789 Gestorum
1903 3735 1980 3789 1i-

311 3827 487 3881 brum
547 3825 876 3881 secundum
932 3823 1316 3892 inscriptione
1360 3838 1611 3893 prorsus
1658 3828 1975 3879 carentem.

312 3913 523 3970 Scriba
545 3914 692 3968 satis
711 3915 984 3967 accurate
1019 3913 1161 3984 egit,
1206 3915 1449 3981 excepto
1473 3912 1631 3983 quod
1661 3929 1767 3981 pro
1811 3914 1977 3967 libitu

312 4003 484 4074 plura
525 4002 743 4058 omisit.
791 4001 1058 4072 Cupitum
1106 4000 1255 4055 tituli
1302 4001 1490 4070 rubri,
1539 4002 1767 4056 numeri
1810 4003 1974 4056 nulli.

313 4092 449 4164 Ipse
478 4092 717 4148 contuli.

383 4183 463 4253 (Ἴ)
485 4182 548 4237 C.
574 4181 920 4238 Hafniensis
951 4181 1100 4236 Tott.
1125 4198 1183 4236 n.
1221 4179 1345 4252 5‘20,
1378 4184 1553 4249 mbr.,
1578 4184 1792 4252 quart.,
1818 4197 1868 4235 s.
1896 4197 1977 4234 xu

311 4287 428 4341 ex.,
453 4272 590 4327 olim
608 4270 721 4326 SS.
742 4271 1082 4342 Martyrum
1122 4269 1363 4325 Floren.
1389 4270 1511 4324 Hi1.
1557 4271 1639 4325 Μ.
1667 4276 1725 4324 et
1749 4269 1842 4338 P.,
1868 4269 1977 4325 sed

312 4362 595 4433 scriptus,
620 4363 682 4415 ut
701 4360 954 4427 videtur,
974 4360 1278 4415 Cameraci
1297 4360 1451 4430 apud
1479 4359 1538 4415 S.
1555 4359 1971 4431 Gaugericum.

311 4450 583 4506 Continet
597 4448 775 4503 Gesta
789 4449 1073 4504 Lietberti
1087 4452 1144 4504 et
1156 4450 1346 4503 Vitam
1361 4449 1651 4520 ejusdem,
1671 4450 1766 4502 cui
1779 4449 1978 4503 scriba

2076 1955 2208 2009 sive
2219 1954 2474 2008 historia
2493 1955 2613 2008 utri
2618 1970 2796 2027 usque
2810 1954 3097 2019 ecclesiae,
3119 1954 3241 2008 trib
3248 1970 3314 2008 us
3326 1953 3506 2008 libris
3518 1953 3591 2008 ab
3605 1953 3743 2006 hinc

2074 2042 2180 2096 600
2190 2042 2325 2097 fere
2339 2045 2512 2098 annis
2528 2045 2863 2115 conscripta
2881 2060 2913 2098 a
2946 2043 3266 2099 Balderico
3282 2043 3375 2097 N0
3386 2042 3672 2097 viomensi
3684 2046 3741 2095 et

2085 2133 2116 2186 Ί
2131 2134 2449 2187 ornacensi
2470 2134 2757 2205 episcopo.
2793 2134 2966 2189 Nunc
2980 2133 3237 2205 primum
3256 2132 3318 2186 in
3358 2131 3546 2186 lucem
3583 2130 3742 2184 edita

2077 2228 2136 2276 et
2155 2222 2313 2277 notis
2325 2221 2626 2276 illustrata
2642 2239 2756 2295 per
2772 2223 3088 2295 Georgium
3105 2222 3213 2277 Col
3220 2222 3426 2277 veneri
3432 2238 3540 2275 um.
3558 2220 3745 2274 Duaci

2079 2327 2157 2365 ex
2177 2309 2272 2365 oll'.
2318 2311 2349 2364 Ι
2376 2311 2640 2381 Bogardi
2677 2311 2836 2382 1615,
2887 2313 2947 2366 in
2995 2313 3071 2380 8°,
3105 2316 3198 2366 est
3227 2310 3405 2365 editio
3437 2309 3738 2380 princeps.

2078 2400 2464 2455 Colvcnerius
2494 2405 2617 2456 tres
2650 2401 2889 2456 codices
2922 2407 3166 2455 nostros
3192 2400 3245 2469 1,
3277 2400 3330 2468 2,
3364 2400 3417 2469 5,
3452 2397 3672 2465 habuit,
3708 2412 3739 2451 e

2080 2490 2297 2559 quibus
2328 2490 2663 2545 nitidiorem
2702 2491 3142 2561 auctioremque
3164 2489 3197 2542 ἓ
3216 2505 3322 2559 pro
3364 2487 3742 2542 fundamento

2079 2578 2297 2648 posuit,
2316 2579 2419 2633 sed
2436 2595 2507 2632 ex
2531 2578 2555 2631 1
2584 2581 2861 2645 correxit,
2880 2579 2981 2633 ubi
2999 2578 3411 2633 necessarium
3434 2576 3549 2631 sibi
3579 2574 3746 2628 vide-

2081 2672 2282 2733 retur;
2317 2668 2579 2737 reliquas
2613 2668 2838 2722 codicis
2872 2669 2896 2721 1
2932 2668 3218 2722 lectiones
3248 2665 3505 2737 alicujus
3537 2664 3743 2719 saltem

2081 2756 2361 2811 momenti
2393 2756 2674 2810 indicavit
2697 2758 2756 2810 in
2792 2757 2948 2812 notis
2977 2773 2990 2826 ;
3024 2756 3146 2811 ex5
3174 2758 3373 2825 utpote
3405 2754 3626 2809 recenti
3655 2754 3745 2806 at-

2082 2859 2196 2915 que
2224 2846 2575 2914 interpolato
2598 2861 2787 2914 pauca
2806 2848 3030 2899 tantum
3069 2846 3277 2899 attulit.
3312 2846 3375 2897 In
3392 2842 3741 2923 praefatione

2082 2933 2278 2987 fusius
2312 2935 2383 2988 de
2415 2937 2654 2988 auctore
2685 2934 2826 3006 egit,
2861 2934 2970 2988 sed
3014 2935 3095 2988 ibi
3126 2935 3319 2988 tribus
3348 2932 3483 2986 istis
3531 2931 3744 2985 litteris

2083 3037 2233 3092 quas
2252 3024 2480 3093 primus
2513 3025 2775 3094 protulit,
2808 3024 2868 3076 in
2898 3038 3165 3085 errorem
3197 3038 3264 3078 se
3296 3022 3495 3078 induci
3525 3035 3748 3091 passus

2084 3116 2197 3180 est,
2239 3114 2396 3185 quod
2428 3116 2622 3168 tamen
2653 3128 3021 3184 nequaquam
3065 3113 3180 3182 ipsi
3210 3114 3353 3166 vitio
3383 3112 3748 3178 vertendum,

2040 3238 2059 3271 κ
2085 3218 2217 3256 cum
2235 3203 2480 3271 epistola
2501 3202 2595 3256 illa
2617 3202 3039 3257 Noviomensis
3054 3201 3311 3256 nondum
3329 3199 3746 3270 perBaluzium

2084 3296 2248 3346 esset
2270 3292 2441 3347 edita.
2468 3291 2937 3346 Commentarius
2970 3292 3246 3363 denique,
3279 3289 3552 3362 quamvis
3573 3290 3745 3359 paulo

2085 3382 2393 3452 prolixior,
2417 3382 2598 3436 multa
2616 3385 2809 3435 tamen
2831 3382 3088 3436 continet
3110 3396 3264 3435 nunc
3283 3395 3520 3450 quoque
3561 3377 3744 3446 utilia,

2085 3470 2302 3541 quibus
2325 3486 2441 3525 non
2459 3470 2590 3524 sine
2610 3469 2806 3525 fructu
2827 3471 2921 3524 usi
2940 3486 3186 3536 sumus;
3221 3469 3459 3524 codices
3491 3483 3668 3537 porro
3690 3466 3744 3534 2,

2085 3561 2138 3627 5,
2182 3562 2238 3613 et
2278 3560 2515 3614 tertium
2564 3560 2780 3614 librum
2833 3560 3058 3614 codicis
3091 3560 3116 3612 1
3163 3558 3289 3629 jam
3319 3557 3604 3628 perditos,
3640 3571 3748 3626 per

2087 3648 2279 3718 ipsum
2312 3649 2483 3703 modo
2514 3649 2819 3714 novimus;
2845 3664 3097 3720 cumque
3126 3646 3513 3702 Colvenerius
3550 3644 3742 3698 solida

2087 3738 2415 3792 eruditione
2448 3741 2620 3808 atque
2652 3741 2928 3792 accurata
2977 3737 3282 3809 diligentia
3326 3735 3479 3789 inter
3516 3734 3745 3804 primos

2086 3826 2425 3897 excelleret,
2442 3827 2592 3881 liber
2602 3825 2654 3897 ej
2665 3842 2736 3881 us
2749 3825 3263 3896 praestantissimis
3276 3826 3582 3878 auctorum
3595 3836 3747 3893 quos

2084 3916 2273 3970 media
2305 3918 2449 3970 aetas
2482 3915 2609 3970 tulit
2639 3915 2997 3970 editionibus
3029 3918 3120 3971 est
3148 3913 3652 3969 annumerandus.

2156 4005 2338 4075 Bono)
2374 4005 2518 4060 Dom
2558 4005 2825 4075 Bouquet
2864 4004 3117 4076 ejusque
3163 4004 3602 4058 continuatores
3632 4000 3748 4053 Ge-

2087 4096 2312 4148 storum
2343 4097 2621 4164 excerpta
2651 4094 2921 4166 quaedam
2951 4110 3023 4148 ex
3054 4092 3308 4148 editione
3326 4088 3749 4146 Colveneriana

2087 4183 2466 4238 inseruerunt
2498 4184 2672 4238 tomis
2702 4184 2849 4251 VIII,
2882 4180 3006 4238 278.
3042 4183 3117 4251 X,
3152 4180 3275 4236 196.
3309 4181 3410 4248 XI,
3445 4177 3567 4233 122.
3602 4178 3748 4232 Dom

2086 4272 2242 4326 Brial
2274 4288 2414 4327 vero
2448 4272 2601 4341 XIII,
2633 4271 2758 4326 476.
2808 4270 2912 4325 533
2979 4269 3103 4326 534.
3156 4287 3187 4325 e
3236 4270 3543 4324 codicibus
3601 4281 3748 4321 nos-

2083 4361 2193 4414 tris
2216 4360 2269 4414 3.
2304 4359 2390 4415 10.
2427 4365 2481 4414 et
2513 4376 2588 4414 ex
2617 4359 2692 4413 7'.
2724 4360 2778 4414 9.
2802 4360 2927 4431 jam
2960 4359 3284 4430 deperditis
3314 4358 3497 4413 edidit
3527 4372 3596 4411 ea
3614 4371 3748 4427 quae

2085 4450 2263 4504 Gesta
2309 4449 2573 4517 Gerardi,
2627 4448 2940 4504 Gestorum
2974 4451 3319 4518 excerptum
3368 4445 3748 4517 Gaugerieia—

312 4538 443 4595 sine
472 4537 592 4593 ullo
631 4537 797 4591 titulo
825 4537 926 4591 fol.
955 4535 1024 4591 40
1045 4537 1301 4607 subjecit
1335 4537 1514 4591 Gesta
1534 4537 1779 4591 Gerardi
1800 4539 1974 4607 atque
2014 4604 2047 4607 _
2086 4531 2259 4607 num,
2292 4537 2793 4593 abbreviationem
2841 4538 3352 4604 Cameracensem,
3412 4535 3751 4590 versionem

311 4626 806 4684 continuationem
839 4641 912 4679 ex
932 4624 1131 4679 Gestis
1154 4626 1525 4695 sequentium
1560 4625 1974 4694 episcoporum
2009 4604 2064 4667 D
2087 4627 2367 4681 Gallicam
2396 4642 2535 4682 esse
2569 4643 2748 4697 supra
2779 4628 3199 4697 exposuimus;
3244 4628 3302 4681 et
3334 4625 3605 4696 quamvis
3639 4622 3749 4676 ho-

311 4719 667 4788 exccrptam.
694 4714 923 4770 Desinit
958 4713 1056 4768 fol.
1100 4710 1169 4768 40
1191 4712 1249 4766 in
1272 4715 1385 4767 tlne
1409 4715 1835 4784 quaternionis,
1873 4729 1973 4768 se-

312 4807 631 4879 quentibus
645 4803 987 4875 deperditis.
1012 4802 1287 4856 Codicem
1311 4802 1492 4874 hujus
1515 4804 1972 4858 continuationis

311 4910 452 4951 esse
473 4896 904 4966 autographum
924 4896 1123 4948 monet
1145 4891 1437 4946 Waitzius
1455 4895 1679 4962 noster,
1714 4894 1815 4963 qui
1839 4909 1974 4948 eum

312 4983 559 5040 contulit
587 4986 760 5054 atque
792 4982 1114 5053 descripsit
1140 4982 1197 5035 in
1227 4980 1559 5035 Annalibus
1592 4984 1813 5037 nostris
1842 4984 1969 5055 VII,

379 5159 479 5236 [Τ]
495 5161 559 5216 C.
575 5158 636 5214 S.
652 5159 960 5229 Sepulchri
978 5160 1449 5227 Cameracensis,
1466 5160 1591 5231 jam
1605 5161 1967 5232 deperditus,

308 5253 418 5310 sed
444 5266 479 5305 a
509 5251 657 5306 Dom
693 5248 849 5303 Brial
880 5250 1070 5319 visus,
1103 5251 1205 5322 qui
1236 5251 1373 5306 inde
1403 5250 1579 5306 Gesta
1610 5249 1855 5306 Gerardi
1885 5256 1969 5306 at-

306 5359 423 5416 que
481 5338 980 5398 continuationem
1027 5338 1516 5411 Gaugericianam
1582 5340 1765 5395 edidit
1812 5341 1964 5410 XIII,

303 5430 431 5504 476,
466 5428 804 5498 descriptus
837 5426 1027 5480 fuisse
1046 5428 1279 5483 videtur
1300 5447 1373 5485 ex
1401 5429 1454 5483 7.
1488 5428 1970 5500 Desincbatjam-

296 5522 426 5595 jam
456 5535 590 5576 cum
622 5515 1078 5572 continuationis
1110 5534 1162 5571 c.
1196 5519 1395 5587 8,-ﬁne
1426 5519 1752 5589 deperdito.

376 5610 455 5683 (8)
476 5609 540 5666 C.
571 5605 1042 5664 Gemblacensis.
1078 5604 1203 5677 jam
1249 5607 1658 5662 Bruxellensis
1699 5625 1756 5662 n.
1805 5592 1965 5675 5468,

300 5701 476 5773 mbr.,
506 5698 634 5770 fol.,
662 5711 716 5752 s.
747 5710 840 5767 xi;
873 5694 930 5749 in
961 5694 1075 5751 ﬁne
1104 5695 1179 5749 ab
1208 5695 1323 5749 alia
1355 5713 1528 5750 manu
1651 5714 1709 5751 xi
1741 5713 1835 5752 ex.
1872 5713 1964 5751 as-

2088 4733 2218 4769 rum
2250 4716 2558 4789 originem,
2594 4716 2787 4771 fontes
2822 4718 2993 4787 atque
3024 4715 3427 4770 auctoritatem
3451 4729 3567 4766 non
3602 4712 3747 4765 satis

2081 4810 2453 4875 perspectam
2490 4804 2755 4875 haberet,
2788 4822 2858 4859 eo
2897 4808 3093 4860 tamen
3130 4805 3282 4859 bene
3325 4802 3555 4871 meruit,
3593 4802 3747 4871 quod

2082 4895 2308 4964 primus
2339 4910 2408 4948 ea
2436 4895 2495 4948 in
2526 4896 2720 4949 lucem
2750 4894 3009 4964 protulit.

2155 4984 2362 5054 Lees.)
2407 4983 2742 5056 Chronique
2790 4983 3048 5037 d'Arras
3096 4988 3154 5037 et
3195 4982 3269 5036 de
3302 4980 3601 5050 Cambrai,
3636 4995 3751 5051 par

2082 5072 2366 5128 Balderic
2405 5073 2653 5127 chantrc
2668 5073 2742 5127 de
2763 5072 3083 5141 Térouane,
3100 5087 3287 5125 revue
3301 5070 3480 5126 surdi
3491 5085 3628 5125 vers
3639 5083 3753 5123 ma-

2090 5164 2353 5216 nuscrits
2369 5167 2428 5217 et
2442 5161 2713 5216 enricbie
2724 5161 2799 5216 de
2821 5161 2981 5215 deux
2994 5159 3414 5231 suppléments,
3436 5175 3581 5214 avet:
3602 5175 3751 5214 com-

2083 5251 2428 5320 mentaires,
2450 5249 2747 5322 glossaire
2770 5255 2827 5303 et
2846 5248 3149 5320 plusieurs
3169 5248 3373 5318 index,
3389 5265 3503 5319 par
3523 5247 3579 5303 le
3610 5248 3749 5303 doc-

2080 5344 2215 5394 teur
2228 5339 2311 5393 Le
2323 5339 2498 5409 GLAY,
2517 5337 2870 5407 Pari81834,
2888 5337 3055 5393 iii-8°.
3073 5337 3276 5393 Editor
3292 5338 3405 5393 hoc
3418 5338 3591 5407 libro,
3608 5337 3750 5391 illud

2079 5429 2329 5483 maxime
2352 5428 2592 5484 efficere
2616 5428 2819 5497 voluit,
2840 5430 2901 5483 ut
2915 5428 3126 5484 mediae
3144 5428 3336 5483 astatis
3351 5427 3751 5499 cognitionem

2075 5523 2250 5588 atque
2276 5518 2470 5572 studia
2506 5518 2812 5588 historica,
2844 5533 3094 5588 quorum
3120 5534 3283 5572 amor
3302 5518 3499 5585 ipsum
3519 5532 3596 5571 ex
3621 5531 3749 5570 me-

2075 5606 2208 5661 dico
2238 5607 2376 5662 fecit
2422 5608 2844 5677 arehivarium,
2890 5607 3281 5679 popularibus
3329 5621 3565 5678 quoque
3616 5605 3747 5659 suis

2076 5699 2270 5749 notam
2322 5697 2534 5751 iterum
2583 5698 2859 5753 redderet
2907 5697 3349 5768 acceptamque,
3397 5700 3622 5768 eosque
3675 5693 3749 5748 ad
