4098 6196
319 346 397 411 21
1492 375 1498 378 -
1590 404 1599 415 κ
1751 341 1988 406 LIBER

2103 341 2376 408 RIMUS

3720 350 3801 415 22

319 548 500 619 ipsos
551 561 584 600 e
629 544 850 615 quibus
891 542 1201 598 historiam
1230 542 1465 598 discere
1497 543 1783 598 deberent
1812 543 2004 597 fontes
2035 524 2092 586 Α
2118 546 2323 599 serint.
2345 543 2551 600 Finem
2570 546 2712 600 libri
2728 562 2802 600 ex
2829 544 2884 615 2,
2915 547 2975 601 id
2997 551 3089 602 est
3119 548 3490 620 Colvenerio,
3526 553 3581 605 et
3612 549 3666 606 2‘
3685 552 3789 605 de-

322 637 646 692 reduceret
690 632 987 687 oblivione
1029 631 1278 703 jamjam
1318 632 1565 686 obrutos
1608 632 1739 701 (53).
1777 631 1915 686 Ideo
1946 632 2006 686 in

321 725 535 779 verbis
567 722 829 777 auctoris
878 720 1127 776 edendis
1167 720 1581 774 Colvenerium
1615 726 1859 774 secutus
1891 723 2001 790 est,

318 813 612 868 adhibitis
661 811 754 865 hic
806 810 926 863 illic
957 808 1265 864 codicibus
1404 810 1479 876 6;
1514 809 1829 879 plurimum
1858 825 2002 863 vero

319 903 513 959 studii
544 900 856 955 collocavit
899 899 959 952 in
1009 897 1453 967 commentario,
1501 898 1695 952 latiori
1742 900 1999 968 quidem,

317 991 437 1046 sed
470 992 565 1045 vel
599 990 690 1043 sic
720 989 974 1042 libenter
1002 986 1263 1057 legimus
1292 989 1614 1054 auctorem,
1646 988 1743 1059 qui
1766 988 1902 1041 talia
1924 988 2004 1042 ita

310 1084 581 1135 tractare
625 1078 788 1132 novit
820 1081 883 1130 ut
912 1092 1030 1130 non
1073 1075 1309 1130 doctum
1342 1091 1492 1145 opus
1522 1076 1744 1147 legere,
1779 1077 1886 1130 sed
1918 1077 2003 1130 vi—

315 1185 459 1224 rum
488 1168 802 1234 urbanum,
835 1166 1027 1236 qualis
1080 1168 1192 1233 est,
1241 1166 1407 1236 grata
1440 1165 1691 1235 quadam
1723 1181 1855 1218 cum
1887 1164 2002 1220 ele-

319 1258 529 1330 gantia
574 1259 909 1310 narrantem
955 1254 1159 1307 audire
1218 1253 1394 1307 nobis
1440 1243 1763 1308 videamur.
1825 1255 2004 1308 Auxit

316 1350 619 1417 praeterea
650 1344 784 1398 libri
815 1344 1119 1396 utilitatem
1151 1358 1220 1396 eo
1253 1341 1410 1411 quod
1440 1343 1670 1411 primus
1708 1342 1790 1396 ibi
1821 1343 2004 1396 edidit

312 1436 558 1491 tertiam
588 1437 815 1503 partem
844 1432 1145 1487 chronica
1175 1430 1234 1485 S.
1260 1430 1458 1484 Andre
1506 1430 1698 1485 Castri
1730 1431 2000 1486 Camera-

316 1526 494 1594 cesii,
546 1540 618 1578 eo
669 1536 861 1593 usque
891 1520 1255 1592 incognitas;
1288 1535 1483 1590 quam,
1518 1522 1675 1590 quod
1707 1521 2000 1591 integram

313 1614 477 1669 infra
508 1627 847 1683 prOponere
875 1624 1222 1681 possumus,
1254 1609 1447 1679 ipsius
1463 1609 1578 1663 viri
1597 1609 1867 1663 amabilis
1901 1610 2000 1663 de-

314 1704 539 1759 bemus
569 1701 942 1773 benignitati.

2119 633 2332 687 dimus.
2368 633 2545 687 Gesta
2577 633 2858 687 Lietberti
2891 651 3002 690 nos
3034 637 3203 706 primi
3239 655 3271 691 a
3308 639 3787 709 praecedentibus

2118 724 2547 792 separavimus,
2583 726 2980 792 proponentes
3013 741 3079 779 ea
3112 742 3186 779 ex
3216 727 3248 779 2
3280 742 3387 780 seu
3410 728 3781 796 Colvenerio,

2116 811 2171 865 2'
2203 815 2258 865 et
2288 813 2340 880 '7,
2376 814 2475 883 qui
2509 829 2661 867 unus
2712 814 2887 866 ﬁnem
2933 830 3139 868 eorum
3172 816 3589 886 suppeditavit,
3632 818 3781 872 huc-

2116 917 2307 971 usque
2356 902 2659 956 ineditum.
2710 901 2889 956 Gesta
2934 902 3182 956 Gerardi
3229 904 3597 959 restituimus
3650 906 3782 959 ex'l

2117 989 2367 1060 ejusque
2399 990 2742 1061 apographo
2760 991 2834 1060 Τ,
2861 1007 2892 1045 a
2918 992 3063 1046 Dom
3089 993 3242 1046 Brial
3266 1009 3579 1063 expresso.
3603 992 3779 1047 Gesta

2116 1081 2489 1148 sequentium
2520 1081 2935 1149 episcoporum
2966 1081 3193 1152 integra
3211 1098 3343 1135 cum
3375 1098 3491 1136 non
3512 1081 3641 1152 jam
3671 1082 3780 1136 ha-

2113 1166 2382 1237 beantur,
2434 1169 2541 1221 tria
2592 1169 2877 1237 opuscula
2924 1169 3304 1227 exhibuimus
3349 1186 3423 1224 ex
3467 1171 3685 1242 quibus
3715 1187 3784 1225 ca

2116 1256 2374 1325 suppleri
2409 1258 2642 1326 possint
2676 1273 2688 1311 :
2733 1261 3077 1326 excerptum
3126 1259 3355 1313 scilicet
3396 1259 3782 1331 Gaugericia-

2113 1360 2271 1412 num,
2306 1346 2536 1399 auctius
2557 1347 2684 1416 jam
2715 1362 2889 1416 quam
2923 1348 3076 1416 apud
3110 1348 3255 1402 Dom
3288 1350 3463 1418 Brial,
3499 1364 3530 1404 e
3576 1348 3781 1403 codice

2112 1435 2477 1505 autographo
2508 1435 2574 1503 '7;
2607 1435 3124 1490 Abbreviationem
3149 1438 3661 1509 Cameracensem,
3688 1454 3785 1493 cu-

2101 1521 2210 1592 jus
2244 1524 2430 1577 codex
2460 1523 2670 1578 unicus
2700 1523 2734 1577 9
2768 1540 2885 1579 non
2906 1524 3034 1595 jam
3064 1528 3275 1596 exstat,
3302 1542 3375 1580 ex
3397 1526 3627 1581 duabus
3659 1527 3780 1580 edi-

2112 1610 2372 1665 tionibus
2431 1629 2462 1665 a
2512 1613 2811 1667 Berthoud
2856 1617 2914 1666 et
2961 1631 2991 1667 a
3041 1615 3195 1668 Brial
3242 1616 3499 1685 curatis,
3551 1617 3777 1670 omisso

2110 1702 2303 1753 tamen
2335 1700 2498 1754 initio
2531 1715 2561 1753 e
2593 1701 2792 1755 Gestis
2824 1702 3107 1756 Lietberti
3137 1704 3209 1756 ad
3240 1705 3488 1758 verbum
3517 1704 3780 1776 descrip-

390 1792 635 1846 Nostra
668 1789 946 1844 editionis
978 1788 1129 1842 ratio
1161 1803 1228 1842 ea
1246 1788 1373 1857 fuit,
1398 1790 1480 1856 ut,
1506 1803 1638 1841 cum
1657 1787 1920 1842 codicem
1942 1787 1993 1857 1,
2031 1773 2082 1834 Β
2110 1792 2203 1858 to;
2236 1789 2586 1844 Versionem
2619 1790 2898 1845 Gallicam
2920 1806 2952 1844 e
2975 1792 3178 1845 codice
3202 1791 3288 1861 10,
3323 1794 3381 1847 et
3399 1793 3581 1864 hujus
3611 1773 3776 1848 initio

312 1881 393 1937 ab
427 1884 679 1935 auctore
730 1879 865 1948 ipso
910 1881 1245 1932 correctum
1275 1891 1413 1931 esse
1446 1875 1992 1946 perspexissemus,

313 1971 647 2026 Gestorum
675 1968 931 2038 primum
949 1970 1123 2037 atque
1145 1966 1472 2020 secundum
1490 1964 1705 2018 librum
1735 1965 1904 2035 plane
1924 1980 1996 2018 ex

313 2060 437 2115 hoc
469 2059 772 2124 daremus,
807 2056 1211 2111 correctiones
1229 2054 1383 2125 ejus,
1408 2053 1760 2123 additiones,
1784 2069 1993 2123 pennae

313 2150 535 2219 lapsus
573 2146 1034 2218 religiosissime
1071 2144 1272 2198 ubivis
1301 2143 1651 2211 indicantes,
1684 2158 1715 2197 e
1748 2143 1992 2213 reliquis

314 2253 469 2291 vero
499 2235 809 2291 codicibus
839 2249 908 2288 ea
936 2234 1161 2287 tantum
1192 2235 1485 2299 notantes,
1510 2232 1730 2301 quibus
1752 2231 1846 2285 vel
1876 2232 1992 2301 ipsi

316 2340 652 2396 eorumque
682 2327 890 2378 natura
922 2321 1230 2393 cognosci,
1254 2320 1350 2374 vel
1380 2321 1786 2375 correctiones
1818 2323 1991 2390 atque

313 2417 554 2470 lacunae
586 2414 647 2467 in
677 2414 729 2481 1,
763 2415 1093 2481 temporum
1122 2409 1340 2481 injuria
1371 2409 1541 2464 factm
1563 2409 1826 2478 suppleri
1854 2424 1993 2478 pos-

316 2507 477 2560 sent.
514 2504 778 2557 Tertium
806 2516 1043 2572 quoque
1080 2500 1296 2554 librum
1325 2514 1517 2569 usque
1548 2499 1621 2552 ad
1655 2515 1705 2552 c.
1738 2496 1806 2552 49
1836 2499 1990 2553 med.

314 2610 395 2648 ex
427 2592 643 2647 eodem
672 2592 697 2644 1
731 2590 1025 2657 dedimus,
1067 2590 1200 2658 ipso
1240 2588 1477 2659 quidem
1510 2587 1636 2658 jam
1665 2587 1988 2657 deperdito,

313 2683 431 2738 sed
465 2679 799 2736 Colvenerii
828 2679 1072 2750 egregia
1093 2676 1468 2731 accuratione
1500 2675 1635 2747 ejus
1664 2676 1992 2730 absentiam

198 2757 215 2773 ⁸
310 2771 475 2826 adeo
508 2769 834 2839 supplente,
854 2770 916 2823 ut
930 2766 1293 2838 paucissima
1311 2768 1535 2821 tantum
1556 2764 1733 2819 dubia
1755 2779 1992 2820 reman-

2110 1878 2356 1947 omisso,
2393 1878 2569 1950 'cujus
2611 1878 2748 1934 fons
2785 1880 2978 1933 adhuc
3020 1884 3231 1934 exstat.
3265 1880 3777 1936 Continuationem

2109 1966 2361 2037 denique
2410 1966 2470 2021 S.
2504 1968 2758 2022 Andreae
2789 1968 2999 2023 iterum
3031 1984 3103 2022 ex
3135 1969 3338 2024 codice
3368 1970 3401 2023 3
3432 1971 3607 2025 unico
3639 1986 3775 2040 pro-

2107 2055 2404 2124 ponimus.
2438 2055 2500 2108 In
2530 2056 3006 2110 adnotationibus
3038 2073 3105 2111 ea
3139 2074 3270 2127 qum
3295 2057 3422 2129 jam
3452 2059 3606 2127 apud
3636 2059 3774 2114 Col-

2107 2144 2413 2197 venerium
2444 2148 2617 2214 atque
2650 2144 2872 2217 Leglay
2904 2149 3060 2200 recte
3105 2146 3257 2200 dicta
3305 2148 3770 2218 reperiebamus,

2107 2232 2510 2304 geographica
2538 2235 2812 2303 maxime,
2863 2235 2935 2289 ab
2980 2235 3097 2288 illis
3129 2237 3373 2289 mutuati
3404 2253 3634 2305 sumus,
3670 2253 3773 2292 no-

2107 2322 2262 2374 mina
2294 2335 2499 2376 eorum
2521 2322 2805 2394 religiose
2826 2323 3024 2377 ubivis
3047 2328 3409 2394 apponentes
3436 2341 3450 2394 ;
3482 2330 3772 2395 praeterea

2107 2412 2222 2465 duo
2253 2412 2629 2480 potissimum
2660 2414 2909 2482 exsequi
2934 2415 3126 2467 conati
3147 2430 3390 2468 sumus:
3426 2418 3488 2468 ut
3515 2417 3572 2468 et
3602 2414 3773 2468 chro—

2106 2500 2403 2570 nologiam
2426 2516 2601 2570 quam
2619 2501 3066 2555 accuratissime
3087 2503 3544 2572 explicaremus,
3562 2505 3618 2557 et
3635 2519 3769 2573 quae

2107 2603 2179 2642 ex
2208 2588 2341 2641 aliis
2373 2589 2767 2657 scriptoribus
2799 2593 3044 2660 excepta
3083 2594 3243 2659 sunt,
3286 2591 3497 2645 litteris
3526 2590 3769 2646 minori-

2104 2676 2220 2731 bus
2251 2676 2719 2747 exprimeremus
2749 2677 2969 2749 ubique
3000 2678 3087 2750 (').

3116 2767 3182 2822 L.
3213 2767 3277 2823 Ο.
3314 2768 3656 2825 Burnmann.

1402 2935 1858 2999 PREFATIO
1900 2935 2370 3010 SEQUENTIS
2412 2935 2718 2999 OPERIS

383 3138 763 3209 Precipiente
784 3138 1022 3193 domino
1044 3140 1251 3193 nostro
1273 3138 1827 3209 episcOpoGerardo
1851 3136 1986 3208 (54),
2019 3116 2070 3178 C
2097 3140 2244 3194 satis
2275 3142 2469 3213 tamen
2499 3146 2781 3212 apparent
2809 3144 3048 3216 liquida.
3084 3145 3207 3200 Nec
3235 3123 3432 3199 tamen
3470 3160 3540 3199 eo
3580 3144 3767 3199 lector

304 3226 371 3281 in
400 3230 691 3298 quantum
720 3242 865 3281 vere
894 3227 1163 3299 indagari
1194 3227 1510 3298 potuimus,
1548 3228 1619 3282 de
1652 3228 1991 3299 antiquitate

306 3320 657 3371 nostrarum
687 3316 945 3385 urbium,
979 3316 1283 3371 Cameraci
1314 3317 1589 3371 videlicet
1619 3321 1793 3388 atque
1823 3317 1990 3371 Atre-

303 3405 454 3475 bati,
490 3406 599 3459 sed
632 3411 688 3459 et
718 3405 790 3459 de
823 3421 1025 3460 earum
1056 3421 1290 3477 quoque
1319 3406 1660 3475 pastoribus
1692 3406 1990 3461 memoriae

308 3494 868 3550 commendavimus
895 3511 909 3564 ;
934 3510 1048 3549 non
1067 3495 1302 3565 quidem
1322 3495 1561 3565 ingenio
1585 3494 1715 3549 freti
1739 3496 1845 3549 sed
1869 3511 1987 3549 mo-

304 3584 532 3638 nitoris
554 3584 839 3655 dignitate
862 3584 1175 3654 compulsi,
1199 3585 1299 3653 qui
1322 3589 1587 3638 nostram
1610 3585 1990 3655 pusillitatem

305 3674 467 3743 apud
496 3673 901 3744 peritissimas
954 3688 1133 3727 aures
1180 3673 1504 3743 periclitari
1542 3674 1765 3742 maluit,
1812 3690 1987 3744 quam

304 3762 536 3816 diutius
562 3764 649 3817 tot
671 3765 1001 3832 temporum
1023 3762 1308 3830 ordinem,
1335 3765 1417 3816 tot
1437 3765 1746 3834 gestorum
1770 3763 1986 3817 seriem

301 3851 618 3907 conticeri.
648 3849 792 3918 Quae
841 3850 1162 3922 quamlibet
1203 3851 1429 3905 rustico
1480 3866 1757 3906 sermone
1808 3851 1982 3921 edita,

2095 3231 2316 3283 temere
2347 3234 2670 3300 moveatur,
2707 3233 2864 3302 quod
2894 3236 3010 3287 tam
3037 3234 3275 3304 antiqua
3297 3232 3598 3287 modernis
3631 3231 3764 3285 red-

2098 3317 2390 3389 didimus;
2424 3320 2560 3389 quia
2591 3320 2736 3373 nihil
2777 3321 3039 3391 dubium,
3081 3321 3224 3375 nihil
3266 3322 3464 3375 ﬁctum
3503 3320 3764 3391 positum

2096 3411 2208 3476 est,
2243 3408 2386 3461 nihil
2417 3409 2591 3463 etiam
2612 3424 2819 3463 revera
2841 3413 3039 3479 preter
3061 3412 3214 3481 quod
3246 3414 3343 3465 aut
3365 3411 3424 3465 in
3447 3410 3761 3466 annalibus

2096 3499 2269 3568 atque
2298 3497 2565 3551 historiis
2596 3499 2855 3569 Patrum,
2892 3514 3000 3553 seu
3023 3503 3079 3554 et
3098 3500 3159 3554 in
3180 3501 3371 3572 gestis
3396 3515 3627 3572 regum,
3653 3500 3762 3556 sed

2096 3587 2151 3638 et
2180 3586 2240 3639 in
2271 3586 2457 3640 kartis
2490 3602 2746 3658 quoque,
2781 3604 2913 3658 quae
2946 3589 3136 3643 adhuc
3179 3590 3239 3643 in
3282 3589 3524 3643 archivo
3568 3589 3761 3659 ipsius

2096 3675 2388 3729 mcclesiae
2436 3678 2592 3744 sunt,
2646 3677 3037 3747 repperimus,
3078 3681 3176 3731 aut
3207 3693 3240 3731 a
3270 3679 3452 3733 certis
3484 3678 3759 3733 relatori-

2094 3763 2208 3817 bus
2240 3768 2295 3817 et
2327 3765 2457 3819 visa
2497 3766 2551 3819 et
2581 3764 2776 3819 audita
2807 3766 3170 3837 accepimus.
3221 3767 3502 3839 Alioquin
3545 3766 3758 3823 melius

2093 3855 2187 3907 est
2214 3855 2429 3923 tacere,
2465 3869 2639 3925 quam
2671 3853 2820 3908 falsa
2851 3854 3118 3925 proferre
3149 3853 3284 3928 (55).

1529 4037 1946 4152 LIBER
2031 4038 2548 4156 PRIMUS

372 4257 425 4311 1.
458 4255 652 4311 Causa
674 4256 1047 4311 conditarum
1069 4258 1301 4314 urbium
1313 4262 1691 4330 prenotatur.
1714 4256 1982 4313 Urbibus

296 4346 611 4418 quondam
641 4345 1008 4400 mdiﬁcandis
1041 4362 1110 4401 ea
1140 4348 1393 4417 primum
1424 4363 1605 4401 causa
1635 4346 1708 4400 ab
1738 4346 1984 4400 auctori-

295 4436 421 4491 bus
456 4434 576 4505 (56)
607 4435 881 4489 extitisse
912 4435 1149 4506 dicitur,
1193 4439 1255 4490 ut
1293 4436 1565 4492 homines
1611 4437 1837 4505 passim
1868 4435 1984 4489 ritu

291 4525 578 4579 ferarum
610 4523 978 4594 oberrantes,
1012 4525 1231 4596 quibus
1253 4541 1444 4597 neque
1465 4542 1616 4595 mos,
1640 4540 1830 4595 neque
1854 4524 1981 4578 cul-

294 4619 398 4668 tus
431 4613 667 4667 ratione
699 4615 984 4685 magistra
1013 4616 1351 4685 regebatur,
1386 4615 1688 4686 nichilque
1719 4615 1981 4669 divinum

295 4708 403 4758 aut
437 4703 762 4755 humanum
782 4703 1111 4774 sepiebant,
1133 4704 1242 4759 sed
1262 4708 1505 4776 propter
1525 4720 1789 4759 errorem
1807 4707 1979 4774 atque

368 4845 494 4919 (53)
525 4844 705 4919 Praef.
740 4845 807 4899 10
834 4861 861 4919 7:
911 4845 993 4919 AL
1017 4862 1143 4919 une,
1169 4848 1386 4919 époque
1419 4849 1489 4901 ait
1519 4847 1576 4919 1e
1600 4847 1980 4918 patriotisme

292 4915 651 4990 provincial
675 4931 743 4969 se
772 4917 1047 4990 réveille,
1097 4918 1145 4971 il
1190 4915 1562 4990 est—naturel
1600 4915 1709 4990 que
1758 4919 1979 4990 chaque

293 4988 930 5060 contrée_s’enquiere
956 5005 1049 5060 pun
1092 5005 1207 5060 peu
1240 4988 1676 5060 ,d‘elle-me‘m'e,
1712 4995 1770 5043 et
1801 4988 1979 5043 sae/ie

296 5076 369 5113 ce
393 5057 614 5132 qu’elle
642 5057 868 5123 faiSait,
903 5058 1065 5132 alors
1092 5057 1303 5132 ilu'elle
1333 5063 1495 5115 avait
1529 5077 1641 5132 une
1666 5057 1979 5132 existence

298 5076 614 5184 σεῗπριιθ
642 5076 868 5123 taisau,
903 5076 1065 5113 alors
1092 5076 1303 5132 qu'eue
1333 5076 1495 5115 avait
1529 5077 1641 5116 une
1671 5076 1978 5115 eXIStence

298 5132 389 5184 im
414 5129 755 5202 épeadante
777 5136 835 5202 et
850 5146 928 5202 ,ηε
950 5129 1190 5202 [prmait
1199 5148 1309 5202 pas
1333 5149 1442 5186 une
1463 5131 1739 5187 banlieue
1761 5131 1835 5185 de
1856 5130 1978 5186 Pa-

298 5148 450 5184 mae
493 5148 755 5183 enaame
777 5148 835 5184 σι
856 5148 928 5184 ne
950 5148 1190 5185 torman
1199 5148 1309 5202 pas
1333 5149 1442 5186 une
1463 5148 1739 5187 Danueue
1761 5148 1835 5185 ac
1856 5148 1978 5186 [ἐι-

297 5202 415 5273 ris.
446 5148 601 5273 fbid.
634 5216 771 5272 pag.
802 5198 873 5254 29
902 5217 914 5256 :
949 5201 1252 5273 Puisqu'il
1281 5211 1372 5257 est
1403 5204 1714 5258 démontré
1749 5202 1979 5273 θιάσων-

293 5272 469 5353 d_'lmi
484 5270 655 5353 qu’on
678 5270 752 5325 ne
768 5278 908 5353 peut
926 5270 1314 5353 approl'ondir
1333 5274 1371 5328 1’
1377 5273 1778 5353 bistoire_g_u'a
1797 5270 1980 5353 _I'aid_e

296 5344 416 5398 des
452 5344 1562 5417 Διίοοιιωθηιεμοι’ἱρίηιεηυιτ,ηροιινίιιιοί
1627 5344 1845 5417 l’étude
1907 5345 1980 5398 de

294 5430 405 5469 ees
426 5414 779 5488 docgiments
800 5414 1310 5488 n'eptrerait-elle
1327 5414 1607 5488 pas'dans
1627 5415 1979 5486 l’enseigne-

294 5491 464 5569 {nent
488 5484 787 5566 classique
806 5485 835 5538 ?
867 5484 1104 5569 Chaque
1122 5484 1349 5569 college
1379 5487 1556 5569 royal
1573 5504 1655 5569 ne
1680 5484 1979 5569 pourrait-

298 5556 349 5610 il
364 5573 475 5627 pas
495 5557 673 5629 avoir
695 5573 768 5609 un
791 5572 967 5629 cours
987 5556 1061 5612 de
1076 5556 1503 5629 paléojraphie
1527 5564 1585 5612 et
1606 5556 1978 5629 cie—diploma-

299 5628 830 5702 tiquegappliquees
847 5628 879 5682 ἀ
898 5636 1067 5684 notre
1080 5628 1347 5685 ’liistoire
1366 5628 1664 5702 nationale
1682 5630 1710 5684 .9
1731 5628 1983 5702 Lcsjeu-

300 5698 412 5754 nés
436 5698 828 5771 Allemands,
881 5715 954 5754 cn
995 5706 1230 5756 sortant
1262 5702 1336 5756 de
1364 5702 1531 5757 Ieurs
1560 5700 1806 5771 classes,
1840 5698 1975 5757 con-

302 5771 580 5827 naissent
606 5770 700 5826 les
726 5769 1079 5842 Scriptores
1115 5787 1319 5829 rerum
1345 5769 1832 5830 Germanicarum
1853 5792 1872 5841 ,-
1902 5773 1982 5829 ils

2092 4257 2466 4312 inscientiam
2511 4272 2671 4311 caeca
2713 4273 2782 4311 ac
2826 4258 3136 4312 temeraria
3182 4259 3536 4313 dominatrix
3577 4262 3756 4314 animi

2095 4347 2384 4418 cupiditas
2405 4346 2476 4400 ad
2496 4362 2562 4399 se
2579 4346 2928 4415 explendam
2946 4346 3173 4401 viribus
3196 4347 3467 4417 corporis
3485 4346 3760 4402 abuteba-

2091 4438 2187 4491 tur
2215 4435 2559 4506 pernitiosis
2592 4436 2980 4502 satellitibus;
3012 4435 3184 4490 —illi
3214 4437 3454 4509 inquam
3483 4436 3757 4493 homines

2092 4524 2399 4581 instructis
2429 4523 2664 4578 urbium
2702 4524 2995 4579 moenibus
3045 4525 3105 4579 in
3137 4542 3318 4582 unum
3350 4528 3753 4596 convenirent,

2092 4614 2267 4670 ﬁdem
2298 4614 2494 4669 colere
2515 4613 2875 4685 etjustitiam
2902 4615 3160 4671 retinere
3184 4609 3509 4685 discerent,
3535 4617 3592 4668 et
3622 4614 3756 4670 aliis

2091 4720 2298 4774 parere
2328 4720 2437 4759 sua
2466 4705 2761 4759 volontate
2793 4709 3258 4761 consuescerent
3276 4723 3291 4771 ;
3326 4721 3395 4758 ac
3432 4719 3551 4759 non
3580 4702 3755 4759 modo

2092 4854 2192 4903 ont
2220 4847 2279 4901 lu
2312 4847 2605 4918 Grégoire
2635 4847 2709 4902 de
2736 4847 2921 4903 Tours
2961 4853 3020 4901 et
3056 4847 3393 4919 Eginhard,
3419 4846 3579 4901 deux
3602 4846 3757 4919 écrij-

2096 4921 2267 4975 vains
2303 4919 2572 4985 l'rangrais
2623 4919 2762 4973 dant
2804 4935 2911 4973 nos
2950 4918 3252 4973 étudiants
3293 4924 3691 4985 soupconnent
3724 4918 3755 4972 ὰ

2084 4992 2262 5062 peine
2284 4990 2654 5062 I'existence.
2692 4990 2762 5044 Si
2792 4990 2905 5044 l’on
2944 4996 3075 5043 vent
3108 4988 3358 5062 qu’enlin
3389 4988 3756 5062 lajeunesse

2092 5059 2312 5141 aitndes
2343 5062 2513 5141 ide'es
2531 5061 2735 5133 justes
2765 5078 2871 5141 sur
2924 5077 2997 5114 un
3019 5061 3201 5141 passe’
3230 5059 3395 5141 quia!)
3426 5059 3513 5114 lui
3540 5077 3572 5114 a
3601 5076 3758 5141 nion-

2094 5078 2175 5115 ait
2205 5078 2312 5117 aes
2343 5078 2513 5115 iaces
2531 5078 2735 5133 Jusws
2765 5078 2871 5115 sur
2924 5078 3200 5184 unlpasse
3230 5078 3395 5141 quon
3426 5078 3508 5114 ιω
3540 5078 3572 5114 a
3601 5078 3757 5141 inan-

2094 5134 2188 5187 tré
2222 5132 2505 5204 jusqu’ici
2553 5149 2692 5187 sous
2740 5131 2849 5186 des
2899 5146 3171 5204 coupeurs
3201 5146 3262 5204 si
3282 5131 3552 5204 ffausses,
3586 5131 3638 5185 ι]
3664 5138 3757 5187 est

2094 5149 2186 5187 tre
2222 5149 2328 5204 JllS
2372 5149 2501 5185 um
2553 5149 2692 5187 sous
2740 5149 2849 5186 aes
2899 5149 3171 5185 comeurs
3201 5149 3253 5185 s1
3295 5149 3552 5202 messes,
3586 5149 3634 5185 ιι
3664 5149 3757 5187 εει

2094 5210 2280 5274 temps
2326 5149 2399 5258 3e
2443 5203 2499 5257 la
2540 5210 2758 5258 mettre
2808 5218 2879 5257 en
2927 5202 3184 5256 relation
3225 5202 3459 5258 directe
3505 5218 3649 5257 aveo
3688 5217 3757 5274 ce

2083 5273 2264 5347 passé
2315 5275 2642 5330 lui-meme.
2684 5275 2803 5347 Les
2832 5274 3097 5347 ite’moins
3144 5274 3439 5347 oculaires
3487 5279 3621 5328 sont
3674 5273 3751 5342 1a,

2084 5344 2372 5418 pourquoi
2400 5362 2473 5400 ne
2496 5362 2605 5417 pas
2634 5355 2725 5418 les
2754 5344 2911 5418 faire
2942 5345 3235 5418 entendre
3254 5345 3285 5418 7?

2161 5414 2273 5487 (54)
2307 5414 2525 5486 Primo,
2560 5417 2657 5487 qui
2692 5416 2845 5470 sedit
2875 5434 2927 5470 a.
2964 5414 3290 5471 1012-1051.

2161 5485 2278 5559 (55)
2308 5485 2834 5543 Ιωὶιαιιιένὶᾶθῐωι
2861 5488 3174 5558 Sulpitium
3215 5487 3538 5559 Severum,_
3578 5485 3756 5558 cujus

2092 5557 2219 5615 haec
2250 5557 2388 5614 Sunt
2418 5559 2620 5613 ultima
2643 5560 2823 5614 verba
2847 5557 3083 5631 prologi
3104 5560 3162 5612 in
3185 5559 3375 5631 Vitam
3398 5558 3456 5611 S.
3483 5557 3753 5631 Martini:

2089 5632 2368 5703 Alioquin
2385 5638 2604 5703 tacere,
2628 5647 2793 5702 quam
2807 5627 2959 5686 falsa
2975 5627 3177 5686 dicere
3193 5630 3554 5685 maluissem.
3574 5627 3754 5687 Conv.

2164 5701 2278 5773 (56)
2308 5703 2394 5757 Cf.
2428 5701 2552 5757 Cic.
2587 5701 2766 5758 Tusc.
2803 5720 2858 5771 v,
2894 5704 2943 5757 2.
2980 5702 3157 5773 Conv.

2162 5775 2225 5845 (')
2254 5775 2381 5830 Nos
2401 5774 2574 5831 uncis
2592 5775 3021 5834 concludimus.
3043 5772 3207 5829 Enrr.
3233 5772 3645 5832 PA-raonoens.
