4098 6196
312 337 394 428 23
1221 336 1495 399 GESTA
1538 335 2068 402 PONTIFICUM
2114 296 2858 398 CAMERACENSIUM

3679 333 3758 397 24

313 539 553 594 labores
575 538 959 609 excipiendos
981 538 1312 592 communis
1335 539 1625 593 commodi
1647 554 1847 608 causa,
1871 539 1978 593 sed
2025 591 2045 609 λ
2087 552 2202 608 que
2233 537 2513 608 regiones
2547 552 2658 592 suo
2688 537 2935 605 imperio
2968 536 3297 608 adjungere
3347 537 3755 591 meditabatur.

316 591 1109 682 otia—mivitammmittendam
1131 591 1490 681 estimarent.
1523 591 1671 693 Quae
2008 591 2066 652 Α
2100 591 2264 681 Dnde
2297 591 2590 695 superatis
2623 591 2893 695 Alpibus.
2919 591 3220 696 Gallisque
3241 625 3268 669 3
3297 626 3369 679 ad
3399 625 3752 680 deditionem

315 731 516 785 causa,
549 718 684 772 licet
714 733 831 771 non
861 717 1310 787 improperanda
1342 717 1610 770 videatur
1638 719 1981 772 extitisse—

313 822 430 861 non
460 807 615 860 enim
647 807 760 860 vile
792 810 890 860 aut
918 806 1242 860 absurdum
1268 807 1474 876 fuerat,
1510 806 1782 861 homines
1814 807 1978 878 agris

315 897 374 949 et
399 895 572 948 tectis
604 894 985 950 silvestribus
1009 895 1242 949 abditos
1275 911 1347 950 ex
1377 896 1522 950 foris
1555 900 1611 950 et
1640 896 1978 948 inmanibus

316 983 488 1037 mites
519 983 681 1038 reddi
716 999 784 1037 ac
815 989 1246 1038 mansuetos—
1266 985 1325 1038 in
1356 985 1606 1040 consilio
1633 991 1826 1039 tamen
1845 1000 1980 1054 pro-

316 1073 592 1127 videntiae
615 1069 980 1127 ordinantisi
1015 1074 1189 1145 longe
1220 1075 1391 1128 altior
1412 1090 1608 1128 rerum
1639 1089 1815 1128 causa
1840 1089 1977 1143 por-

314 1161 699 1226 tendebatur;
733 1177 841 1232 per
869 1178 1043 1232 quam
1077 1163 1329 1216 humana
1345 1163 1672 1232 prudentia,
1695 1163 1831 1216 dum
1850 1163 1978 1216 suis

318 1251 634 1306 consulere
665 1251 874 1304 usibus
897 1252 1154 1319 putabat,
1181 1255 1628 1321 superventurae
1652 1252 1978 1320 posteritati

317 1339 539 1394 utiliter
566 1341 968 1408 ministraret;
1014 1340 1288 1394 videlicet
1333 1343 1396 1394 ut
1433 1341 1584 1410 ipsis
1617 1342 1746 1396 suis
1778 1341 1980 1396 maeni-

315 1428 432 1483 bus
463 1428 608 1482 nihil
638 1429 792 1482 aliud
811 1428 1158 1497 pretendere
1183 1428 1544 1499 viderentur,
1567 1429 1684 1484 nisi
1713 1431 1981 1501 quaadam

316 1519 381 1571 ut
407 1516 487 1570 ita
517 1517 710 1570 dicam
752 1517 918 1588 regia
965 1517 1215 1572 aediﬁcia
1261 1523 1630 1588 construere,
1677 1519 1735 1572 in
1765 1520 1982 1590 quibus

315 1620 452 1660 mox
483 1603 680 1659 futura
710 1609 915 1660 sancta
943 1611 1128 1661 mater
1150 1606 1424 1661 aacclesia
1441 1607 1827 1677 principalem
1857 1625 1982 1662 suae

317 1693 624 1766 dignitatis
670 1709 866 1748 arcem
913 1699 969 1748 et
1013 1695 1395 1764 apostolicam
1434 1697 1638 1751 sedem
1670 1698 1978 1753 obtineret.

319 1783 513 1838 Habet
539 1798 794 1853 namque
814 1783 1286 1852 penthathencus
1309 1785 1518 1854 Moysi,
1541 1787 1698 1856 quia,
1727 1785 1986 1840 Hebreo—
2012 1809 2021 1817 -

2095 717 2314 771 coactis
2337 719 2432 769 aut
2451 716 2645 786 gladio
2676 715 3007 783 trucidatis,
3043 715 3192 769 forte
3226 715 3590 781 Atrebatum,
3625 730 3754 785 quae

2091 809 2396 874 supererat
2429 806 2486 858 in
2517 805 2797 858 extremis
2827 804 3032 859 Galliae
3057 804 3294 871 finibus,
3318 808 3523 874 septus
3544 804 3752 858 milita-

2089 895 2255 948 ribus
2289 894 2477 963 copiis
2511 894 2764 948 devenit.
2797 892 2904 948 Cui
2945 910 3078 947 cum
3112 895 3298 963 cives,
3331 892 3546 948 Comeo
3580 893 3751 961 duce,

2088 984 2214 1038 viro
2238 983 2460 1037 militiae
2482 983 2701 1037 veteris
2726 983 3037 1052 stipendiis
3061 984 3309 1054 egregio
3333 986 3390 1037 et
3412 983 3605 1054 gentis
3629 999 3754 1036 sua:

2088 1075 2143 1125 et
2160 1073 2368 1141 patria:
2389 1072 2577 1126 salute
2599 1071 3062 1140 ferventissimo,
3087 1073 3470 1126 resisterent:
3494 1071 3757 1142 indigna-

2086 1165 2181 1216 tus
2203 1162 2360 1232 quod
2383 1163 2662 1216 Romanae
2685 1162 2959 1231 potentiae
2996 1162 3282 1215 resistere
3313 1161 3615 1228 auderent,
3659 1162 3755 1214 cui

2089 1254 2348 1305 extrema
2380 1251 2558 1304 Indiae
2591 1253 2872 1320 paterent,
2907 1251 3196 1320 Assyrius
3227 1253 3400 1320 atque
3433 1249 3754 1320 {Egyptius

2089 1341 2381 1408 parerent,
2415 1340 2756 1393 Macedonia
2789 1342 2846 1393 et
2874 1339 3067 1394 omnis
3096 1339 3395 1393 Palestina
3440 1340 3604 1409 regio
3637 1353 3758 1392 ser-

2090 1428 2258 1494 viret,
2276 1426 2492 1496 Scotia,
2509 1444 2643 1498 quae
2663 1428 2809 1482 nihil
2827 1429 3004 1482 terris
3018 1427 3290 1497 debebat,
3305 1431 3478 1499 atque
3500 1428 3754 1482 Saxonia

2091 1517 2402 1571 inaccessa
2432 1517 2748 1586 paludibus
2780 1520 2836 1571 et
2863 1517 3042 1571 inviis
3060 1520 3227 1588 septa
3243 1517 3613 1589 regionibus,
3634 1516 3756 1588 jam

2092 1607 2400 1674 tremebat,
2433 1609 2733 1676 postremo
2775 1607 2970 1662 omnia
2999 1606 3270 1678 subjecta
3301 1611 3443 1676 erat,
3475 1606 3591 1660 nisi
3625 1622 3756 1676 quae

2093 1695 2272 1748 nimio
2303 1699 2452 1749 aestu
2484 1701 2584 1749 aut
2614 1696 2752 1767 gelu
2782 1695 2942 1749 invia
2983 1699 3140 1764 sunt,
3184 1699 3239 1750 et
3271 1695 3402 1750 ideo
3433 1699 3599 1750 extra
3634 1696 3755 1750 Ro-

2095 1799 2332 1838 manum
2379 1785 2726 1854 imperium,
2778 1785 2916 1854 quia
2965 1784 3170 1838 eadem
3219 1788 3384 1838 extra
3440 1784 3758 1839 humanum

316 1887 449 1927 rum
469 1871 684 1941 populo
703 1871 774 1926 ab
793 1872 1074 1944 {Egyptia
1090 1874 1481 1930 dominatione
1499 1880 1796 1944 revocato,
1822 1876 1982 1930 Deus
2019 1859 2067 1920 Β
2096 1888 2368 1939 usum,—
2380 1889 2562 1944 super
2577 1873 2672 1927 his
2695 1873 3058 1944 indignatus,
3076 1873 3487 1928 vehementius
3507 1873 3760 1928 obsidio-

321 1961 590 2015 civitates
635 1962 899 2032 gentium
947 1962 1344 2032 possidendas
1389 1965 1641 2019 misticis
1673 1965 1982 2021 beneficiis

317 2050 684 2120 promitteret
704 2053 761 2104 et
782 2050 1046 2121 donaret,
1067 2051 1236 2122 juxta
1258 2053 1398 2107 illud
1423 2053 1754 2110 Psalmistae
1780 2070 1792 2109 :
1821 2077 1843 2103 ιι
1872 2056 1982 2110 De-

318 2138 404 2194 dit
423 2139 542 2193 illis
558 2139 841 2210 regiones
859 2141 1142 2211 gentium,
1163 2145 1220 2196 et
1231 2142 1465 2196 labores
1484 2144 1832 2213 pOpulorum
1852 2161 1985 2215 pos-

321 2227 605 2282 sederunt
645 2227 832 2295 (Psal.
875 2244 989 2297 σιν,
1025 2229 1133 2298 44).
1169 2230 1338 2286 Unde
1370 2233 1426 2286 et
1457 2233 1720 2288 occiduas
1749 2249 1982 2304 quoque

320 2317 587 2388 regionis
617 2317 821 2384 urbes,
847 2332 996 2387 quas
1018 2319 1319 2388 gentilitas
1341 2321 1670 2376 muralibus
1692 2323 1983 2378 machinis

319 2407 378 2459 et
417 2405 588 2474 miris
633 2405 1044 2461 nobilitaverat
1086 2407 1364 2479 ofﬁcinis,
1409 2411 1604 2466 infusa
1642 2427 1749 2482 per
1779 2413 1984 2467 orbem

321 2495 599 2550 aecclesia
625 2497 788 2550 velut
815 2496 1000 2568 regiae
1030 2497 1363 2570 majestatis
1394 2515 1568 2556 arces
1598 2505 1864 2572 occupat.

390 2674 444 2728 2.
482 2673 840 2729 Couditores
877 2676 1109 2731 urbium
1145 2677 1453 2735 Cameraci
1484 2687 1542 2736 et
1576 2682 1862 2738 Atrebati
1894 2701 1988 2739 ne-

322 2763 631 2828 sciuntur;
671 2763 863 2818 Julius
889 2781 1030 2820 vero
1063 2765 1269 2837 Cesar,
1295 2771 1596 2840 superatis
1633 2771 1888 2843 Alpibus
1929 2779 1986 2828 et

327 2850 517 2906 Gallis
535 2851 892 2907 Atrebatum
917 2870 1096 2927 usque
1117 2856 1192 2910 de
1202 2858 1465 2926 veniens,
1491 2859 1760 2914 Comeum
1783 2861 1987 2916 ducem

323 2941 682 3013 subiugavit.
725 2942 842 2996 Sed
883 2944 1012 2999 hac
1049 2945 1122 3000 de
1154 2961 1334 3001 causa
1365 2947 1846 3005 aedificandarum
1880 2968 1985 3005 ur-

322 3030 487 3086 bium
515 3029 834 3086 sufﬁciant.
867 3032 951 3088 De
981 3035 1322 3090 auctoribus
1353 3052 1496 3092 vero
1531 3054 1730 3092 earum
1761 3040 1988 3094 dissen-

324 3120 417 3176 sio
448 3121 793 3193 plerumque
826 3123 1141 3193 invenitur,
1175 3125 1322 3180 adeo
1345 3129 1406 3180 ut
1427 3143 1536 3181 nec
1558 3128 1726 3182 urbis
1750 3131 1987 3200 quidem

326 3211 531 3266 Roma:
545 3211 716 3284 origo
731 3212 1046 3284 diligenter
1059 3214 1250 3282 possit
1267 3217 1535 3287 agnosci.
1558 3217 1705 3271 Nam
1719 3218 1988 3289 plerique

323 3315 357 3354 a
377 3299 652 3373 Trojanis
673 3305 848 3372 atque
871 3301 1321 3374 Aboriginibus,
1345 3305 1440 3359 alii
1463 3305 1536 3359 ab
1575 3305 1869 3378 Evandro,
1895 3308 1991 3361 alii

324 3407 358 3444 a
384 3390 637 3444 Romulo
667 3406 797 3445 eam
825 3391 1118 3446 conditam
1149 3393 1340 3448 fuisse
1373 3397 1668 3450 asserunt.
1690 3396 1857 3451 Unde
1881 3412 1992 3451 nos

325 3492 435 3532 nec
466 3478 788 3534 historicos
839 3495 948 3534 nec
996 3485 1491 3537 commentatores
1531 3483 1696 3538 varia
1726 3485 1992 3540 dicentes

325 3567 595 3639 imperite
643 3568 1077 3638 condempnare
1126 3571 1434 3639 debemus,
1487 3575 1624 3644 quia
1673 3574 1992 3645 antiquitas

325 3656 457 3728 ipsa
488 3657 713 3713 creavit
742 3673 1025 3713 errorem.
1071 3659 1188 3714 Sed
1231 3661 1286 3714 si
1331 3664 1507 3715 tantae
1549 3663 1802 3717 civitatis
1835 3667 1994 3718 certa

325 3747 474 3804 ratio
493 3762 612 3802 non
628 3750 892 3819 apparet,
910 3764 1028 3803 non
1049 3749 1263 3804 mirum
1289 3750 1341 3804 si
1364 3747 1423 3804 in
1451 3750 1695 3806 aliarum
1719 3752 1993 3821 Opinione

327 3836 648 3893 dubitatur.
691 3836 982 3894 Facturus
1022 3839 1206 3910 igitur
1244 3839 1602 3894 mentionem
1651 3844 1995 3896 sanctorum

325 3928 578 3997 patrum,
603 3941 756 3998 quos
777 3927 1020 3996 provida
1034 3927 1138 3982 Dei
1156 3928 1470 3999 dispositio
1492 3929 1872 3984 Atrebatensi
1887 3947 1995 3986 seu

325 4013 744 4070 Camaracensi
786 4015 1078 4071 aecclesiaa
1117 4032 1367 4086 preesse
1414 4019 1738 4086 constituit,
1789 4019 1996 4074 harum

327 4105 580 4160 duarum
610 4104 948 4160 conditores
970 4106 1205 4161 urbium
1227 4106 1451 4176 scripto
1474 4113 1752 4162 annotare
1774 4107 1997 4162 debue-

326 4210 474 4248 ram.
488 4193 606 4249 Sed
618 4194 754 4265 quia
768 4195 1002 4249 nomina
1015 4197 1112 4250 aut
1124 4195 1465 4250 memoriam
1479 4212 1682 4252 eorum
1697 4213 1804 4252 nec
1819 4197 1998 4252 histo-

325 4284 432 4338 riae
448 4287 547 4338 aut
567 4283 811 4339 annales
833 4287 933 4338 aut
954 4285 1127 4340 etiam
1149 4285 1302 4340 fama
1324 4289 1632 4356 superstes
1660 4286 1688 4328 ἳ
1709 4303 1995 4342 servave-

323 4389 411 4443 re,
459 4374 532 4428 de
574 4374 671 4428 his
721 4374 1054 4429 consultius
1101 4375 1355 4429 reticere
1403 4376 1768 4444 censuimus,
1816 4393 1990 4446 quam

2097 1961 2155 2015 ni
2185 1962 2469 2016 incubuit.
2503 1961 2853 2016 Conﬂictum
2899 1963 3342 2033 promptissime
3389 1963 3462 2016 ab
3512 1965 3756 2034 utraque

2093 2054 2278 2121 parte,
2295 2051 2484 2106 donec
2499 2055 2857 2106 memoratus
2870 2049 3124 2106 Comeus
3137 2053 3182 2121 4,
3201 2052 3448 2106 Romani
3470 2051 3758 2122 principis

2094 2140 2496 2195 fortitudinem
2521 2133 2822 2196 sustinere
2855 2156 2973 2195 non
3001 2140 3230 2208 valens,
3265 2155 3397 2195 cum
3427 2139 3658 2195 civibus
3687 2141 3758 2194 ad

2095 2229 2450 2284 deditionem
2475 2233 2808 2302 cogeretur.
2835 2229 2948 2284 Alii
2967 2229 3310 2284 rebellionis
3323 2244 3554 2296 ausum,
3571 2231 3628 2283 et
3640 2243 3757 2282 mo-

2093 2334 2194 2372 ras
2217 2318 2553 2372 obsidionis
2575 2320 2633 2372 in
2657 2319 2849 2373 virum
2873 2319 3045 2386 capili
3069 2317 3448 2373 ulciscendas
3469 2317 3759 2371 acclama-

2095 2407 2252 2461 bant.
2270 2407 2358 2460 Fit
2371 2423 2724 2476 concursus,
2742 2408 2813 2462 ad
2828 2409 2962 2479 ejus
2976 2408 3342 2462 advenientis
3357 2406 3758 2477 spectaculum

2099 2497 2381 2551 Romanis
2405 2497 2860 2551 conﬂuentibus.
2877 2495 3513 2566 Aliivideredejectum
3536 2495 3764 2550 deside-

2099 2584 2328 2653 rabant,
2352 2601 2528 2656 quem
2545 2587 2718 2654 paulo
2739 2588 2873 2639 ante
2891 2587 2950 2640 in
2972 2585 3338 2655 amplissimo
3355 2585 3578 2640 honore
3599 2586 3759 2654 posi-

2098 2677 2219 2726 tum
2247 2690 2496 2728 summae
2521 2675 2607 2729 rei
2633 2690 2885 2746 preesse
2911 2674 3317 2739 intuebantur;
3342 2674 3438 2728 alii
3461 2674 3760 2728 certabant

2099 2761 2345 2817 illudere
2394 2767 2603 2832 capto;
2644 2764 2742 2817 alii
2780 2764 2947 2818 vices
2986 2779 3188 2818 rerum
3227 2764 3616 2818 humanarum
3642 2767 3760 2817 tam

2100 2852 2296 2904 varias
2312 2855 2485 2922 atque
2505 2853 2794 2907 ﬂexibiles
2816 2853 3197 2906 mirabantur.
3222 2852 3500 2923 Plerique
3524 2852 3758 2907 consul-

2098 2939 2216 2994 tius
2240 2941 2727 3012 ingemiscebant,
2743 2941 2840 3012 qui
2857 2943 2916 2995 in
2929 2941 3137 2996 alienis
3157 2942 3398 2996 casibus
3422 2942 3538 2996 sibi
3557 2942 3759 2996 eadem

2099 3044 2281 3098 posse
2302 3029 2572 3083 accidere
2595 3031 2962 3084 estimabant.
2989 3031 3172 3084 Cesar
3193 3046 3297 3101 pre
3320 3031 3532 3085 ceteris
3555 3046 3761 3084 move-

2021 3120 2071 3180 C
2099 3119 2272 3172 batur
2303 3119 2563 3190 ingenita
2605 3119 2780 3172 animi
2821 3119 3294 3185 mansuetudine,
3335 3119 3501 3174 illum
3541 3119 3760 3174 dudum

2099 3207 2442 3262 bellatorem
2489 3209 2848 3278 superbum,
2899 3208 3094 3262 subito
3141 3208 3419 3278 potestati
3467 3208 3760 3263 addictum

2099 3295 2377 3364 hostium,
2409 3297 2582 3351 alieni
2615 3301 2794 3351 nutus
2827 3301 3046 3351 sortem
3079 3297 3316 3366 operiri,
3349 3299 3486 3352 vitae
3517 3297 3762 3352 naufra-

2099 3401 2240 3459 gum
2265 3387 2497 3440 exulem
2527 3386 2676 3456 spei,
2711 3387 3006 3441 incestum
3039 3385 3268 3440 salutis.
3295 3386 3543 3440 Tantum
3565 3386 3762 3441 valere

2097 3479 2390 3529 momenta
2422 3476 2476 3528 in
2510 3475 2737 3545 preliis,
2772 3479 2833 3528 ut
2860 3475 3024 3529 brevi
3051 3490 3196 3529 casu
3217 3475 3493 3546 dispares
3519 3477 3613 3530 sui
3633 3475 3762 3530 red-

2097 3565 2254 3633 dant,
2289 3581 2422 3619 cum
2452 3568 2551 3619 aut
2578 3567 2848 3634 potentes
2879 3564 3259 3635 dejiciuntur,
3294 3569 3392 3618 aut
3421 3565 3624 3618 afflicti
3671 3565 3759 3618 le-

2099 3656 2330 3708 vantur.
2365 3653 2565 3724 Itaque
2593 3668 2732 3722 pars
2765 3653 2992 3720 melior,
3025 3669 3232 3708 eorum
3263 3653 3489 3708 scilicet
3518 3654 3617 3722 qui
3650 3653 3762 3707 ho-

2098 3758 2244 3797 nore
2292 3742 2687 3812 potiebantur,
2733 3743 2792 3796 in
2834 3758 2986 3813 quos
3016 3744 3212 3813 potius
3241 3742 3480 3797 Cesaris
3510 3741 3761 3796 consilia

2099 3831 2481 3900 reclinabant,
2507 3831 2738 3886 mitiora
2766 3831 3015 3887 consilia
3033 3831 3268 3886 dabant.
3294 3831 3543 3885 Maxima
3568 3834 3762 3885 tamen

2099 3920 2254 3989 apud
2271 3920 2551 3974 Cesarem
2571 3921 2762 3990 portio
2787 3921 2997 3975 salutis
3017 3921 3146 3975 viro
3171 3921 3277 3975 fuit
3295 3921 3543 3974 devotus
3561 3921 3762 3990 patria:

2099 4010 2332 4063 animus
2347 4013 2401 4064 et
2417 4013 2678 4080 Spectata
2692 4010 2746 4063 in
2762 4009 2944 4064 rebus
2959 4009 3191 4064 bellicis
3204 4009 3416 4064 virtus.
3435 4009 3761 4064 Advertens

2101 4114 2352 4169 namque
2385 4098 2443 4152 in
2474 4115 2605 4153 eum
2638 4099 2772 4152 ﬁdei
2801 4102 2857 4152 et
2886 4099 3115 4170 egregii
3147 4098 3325 4152 animi
3351 4099 3758 4165 constantiam,

2100 4187 2252 4241 inter
2282 4188 2504 4258 primos
2540 4187 2806 4241 militaris
2838 4188 3058 4259 negotii
3081 4190 3242 4240 viros
3266 4190 3322 4241 et
3343 4187 3546 4258 regios
3571 4185 3761 4240 consi-

2100 4276 2304 4330 liarios
2335 4276 2644 4345 promovit,
2680 4291 2786 4346 per
2815 4291 2990 4346 quem
3018 4275 3393 4346 postmodum
3416 4275 3595 4329 multa
3617 4279 3765 4330 stre-

2101 4381 2234 4419 nuae
2266 4366 2503 4419 virtutis
2535 4365 2791 4436 insignia
2821 4365 3069 4436 peregit.
3105 4365 3254 4418 Nam
3273 4365 3430 4420 bello
3461 4369 3761 4433 strenuus,

325 4461 666 4518 fabulosum
695 4464 835 4534 quid
867 4463 1180 4518 conﬁcere.
1225 4464 1308 4518 De
1349 4465 1713 4534 temporibus
1755 4481 1988 4536 quoque
2016 4457 2070 4517 D
2104 4454 2578 4520 consiliobonus,
2600 4470 2773 4525 quam
2789 4453 3488 4526 frequénterinnumeras
3507 4454 3764 4508 hostium

326 4551 697 4607 conditarum
718 4550 924 4605 eadem
946 4555 1174 4606 constat
1186 4553 1353 4622 ratio,
1370 4556 1694 4623 utquorum
1716 4557 1989 4608 auctores

325 4642 695 4709 nesciuntur,
729 4643 784 4695 et
814 4643 1078 4711 tempora
1110 4634 1421 4709 sileantur,
1440 4645 1640 4710 preter
1661 4642 1817 4711 quod
1840 4642 1994 4695 inter

325 4731 690 4804 antiquiores
729 4735 785 4786 et
825 4729 1150 4785 nobiliores
1192 4728 1374 4784 urbes
1407 4729 1747 4784 Atrebatum
1778 4745 1992 4784 nomen

328 4821 615 4891 obtinere,
658 4820 710 4876 si
742 4820 877 4892 quis
907 4818 1191 4873 historias
1213 4818 1350 4872 Julii
1373 4817 1612 4873 Cesaris
1644 4819 1989 4887 retexuerit,

326 4924 446 4964 non
475 4910 789 4980 ignorabit.
827 4909 938 4963 Hic
968 4923 1220 4979 namque
1259 4910 1571 4978 postquam
1611 4907 1790 4962 totius
1820 4923 1993 4977 poene

328 4997 574 5054 orientis
596 5000 799 5053 orbem
818 5000 1084 5054 Romano
1099 4997 1232 5068 subj
1242 5001 1487 5069 ugasset
1503 4997 1769 5066 imperio,
1787 5012 1995 5069 reges-
2033 4999 2041 5005 '

328 5103 442 5159 que
483 5088 747 5160 gentium
786 5089 1129 5144 tributarios
1169 5088 1438 5154 fecisset,
1482 5087 1692 5142 videns
1733 5087 1892 5157 quod
1941 5085 1994 5140 ei

327 5179 552 5234 incerta
569 5175 859 5233 bellorum
877 5177 1420 5249 prosperavissent,
1443 5175 1840 5231 occidentales
1859 5190 1998 5246 quo-

2103 4543 2305 4612 copias
2337 4559 2519 4613 parva
2550 4560 2725 4597 manu
2757 4544 2990 4612 fuderit,
3026 4560 3142 4598 non
3173 4547 3264 4598 est
3297 4544 3596 4614 presentis
3626 4559 3766 4612 per—

2101 4633 2271 4703 sequi
2318 4633 2559 4704 negotii.
2602 4634 2816 4687 Parent
2846 4632 2957 4702 (5'7)
2991 4637 3183 4688 autem
3213 4648 3403 4703 usque
3435 4632 3493 4685 in
3527 4631 3764 4686 hodier-

2100 4738 2239 4776 num
2271 4722 2588 4776 constratis
2620 4722 2946 4794 aggeribus
2975 4722 3104 4775 loca
3128 4722 3280 4790 apud
3300 4721 3607 4774 Mariolum
3627 4719 3762 4790 (58),

2100 4813 2199 4866 ubi
2235 4813 2514 4866 Romanae
2545 4811 2705 4866 acies
2737 4815 2931 4865 castra
2963 4813 3344 4864 metaverant.

2170 4902 2222 4955 3.
2262 4899 2424 4965 Quod
2465 4900 2668 4954 Clodio
2711 4915 2828 4954 rex
2862 4899 3069 4953 missis
3108 4897 3592 4969 exploratoribus
3639 4913 3764 4952 cum

2099 4990 2320 5063 grandi
2349 4989 2620 5044 exercitu
2645 4987 3024 5042 Cameracum
3053 4989 3386 5058 ingressus,
3413 4986 3767 5040 christianis

2101 5078 2449 5133 interfectis
2463 5076 2666 5131 urbem
2679 5077 2953 5132 obtinuit.
2973 5075 3235 5147 Denique
3249 5076 3583 5130 Cameracae
3599 5075 3764 5129 urbis

2103 5169 2243 5224 libet
2254 5173 2460 5223 auctor
2471 5169 2526 5222 et
2539 5171 2683 5220 aetas
2699 5167 2856 5220 certa
2871 5179 2988 5219 non
3001 5167 3212 5235 pateat,
3231 5165 3384 5220 inter
3399 5163 3764 5235 antiquiores

1645 5361 1937 5424 VARIIE
1982 5357 2451 5422 LECTIONES

397 5506 420 5549 1
451 5495 658 5570 Omnia
677 5494 785 5552 Dei
814 5496 1000 5553 addit.
1032 5494 1086 5552 5.
1117 5507 1145 5552 2
1174 5502 1452 5570 supestes
1504 5497 1554 5553 1.
1588 5495 1616 5540 3
1644 5497 1854 5553 videns
1883 5527 1956 5538 —
1983 5494 2286 5566 Gallisque
2316 5493 2377 5546 in
2408 5505 2643 5557 rasura,
2677 5488 2787 5546 sed
2818 5487 2892 5543 ab
2922 5487 3052 5561 ipso
3077 5486 3280 5542 scriba
3313 5490 3580 5541 exarata.
3611 5482 3637 5524 4
3667 5499 3768 5540 co—

326 5585 456 5628 mes
487 5570 539 5630 1.
571 5569 626 5627 8.

1922 5664 2179 5728 NOTAE

399 5855 514 5930 (5'1)
543 5855 590 5914 Ι.
623 5870 678 5913 c.
709 5853 1008 5928 apparent.

2189 5843 2304 5915 (58)
2336 5841 2660 5898 Maroilles.
