4098 6196
347 310 430 376 25
1773 304 2030 368 LIBER
2066 307 2394 372 PRIMUS

3735 321 3816 384 26

351 516 552 567 tamen
574 526 787 566 nomen
811 512 868 563 et
897 511 1109 564 famam
1141 507 1406 562 obtinere
1423 521 1573 575 eam,
1598 521 1697 561 res
1716 507 1846 576 ipsa
1876 506 2029 561 indi-
2061 488 2118 549 Α
2149 510 2221 564 ab
2262 509 2501 578 ei36,cui
2523 512 2820 566 exercitus
2854 512 3060 568 fortior
3090 517 3496 573 comitabatur.
3541 519 3674 575 Tibi
3716 522 3810 576 in-

355 607 472 668 cat,
505 602 661 672 quod
680 601 736 654 in
760 601 950 671 gestis
975 599 1348 667 antiquorum
1381 598 1603 665 scripta
1632 613 1794 666 saepe
1820 611 2032 652 memo-

355 686 568 745 ratur‘3.
602 691 815 743 Narrat
836 690 973 742 item
999 689 1355 742 Francorum
1389 687 1656 755 historia,
1691 687 1846 756 quod
1869 691 2028 755 post-

353 795 533 850 quam
566 780 877 832 dominicaa
909 777 1235 831 sanctionis
1259 777 1552 830 sententia
1583 776 1787 846 gentili
1829 776 2026 846 gladio

350 869 620 922 ferienda
634 869 817 923 Gallia
831 868 1179 921 traderetur.
1196 866 1224 920 ι]
1234 865 1428 920 ustino
1441 866 1792 934 imperatore
1805 864 2027 936 [(Gesta

349 974 405 1010 ι’.
435 956 568 1024 Fr.)
594 956 796 1011 Clodio
829 972 934 1010 rex
964 955 1262 1009 habitabat
1292 956 1352 1008 in
1403 954 1698 1025 Disbargo
1756 955 2022 1024 castello,

343 1046 408 1099 in
456 1046 677 1100 finibus
700 1046 1112 1116 Toringorum,
1156 1045 1402 1116 regione
1440 1043 1790 1098 Germaniae.
1824 1044 1888 1098 In
1930 1045 2024 1098 his

346 1138 547 1189 autem
576 1135 866 1204 partibus,
897 1136 955 1188 id
987 1139 1077 1189 est
1107 1134 1179 1187 ad
1213 1134 1594 1188 meridianam
1615 1133 1848 1204 plagam
1879 1134 2024 1188 citra

350 1224 664 1289 Rhenum,
712 1224 1052 1279 habitabant
1104 1223 1350 1278 Romani
1394 1238 1584 1293 usque
1617 1223 1890 1293 Ligerem
1913 1224 2024 1276 ﬂu-

344 1314 533 1366 vium.
572 1313 740 1368 Ultra
785 1314 1066 1384 Ligerum
1082 1314 1325 1368 ﬂuvium
1358 1310 2019 1366 Gothidominabantur.

349 1403 814 1474 Burgundiones
827 1418 1063 1474 quoque
1077 1404 1691 1456 Arrianorumsectam
1701 1403 2021 1472 sequentes

349 1492 700 1546 habitabant
726 1496 894 1546 trans
927 1492 1256 1561 Rodanum,
1299 1491 1458 1562 quod
1515 1491 1746 1562 adjacet
1803 1491 2020 1545 civitati

348 1581 764 1652 Lugdunensi.
789 1581 992 1635 Clodio
1006 1583 1219 1650 autem,
1235 1580 1442 1635 missis
1464 1580 1936 1650 exploratoribus
1951 1582 2021 1635 ad

344 1671 561 1724 urbem
583 1671 986 1740 Cameracum,
1020 1672 1080 1724 in
1111 1687 1225 1741 qua
1260 1670 1507 1725 Romani
1528 1671 1860 1725 habitantes
1877 1669 2022 1741 jam-

347 1759 700 1814 christianae
741 1733 1053 1831 religionis
1109 1733 1395 1815 culturam
1454 1761 1830 1828 exhibebant,
1879 1733 2019 1831 ipse
2055 1733 2106 1794 Β

340 1852 558 1919 postea
598 1865 732 1903 cum
770 1850 980 1920 grandi
1029 1850 1292 1903 exercitu
1343 1849 1613 1904 Rhenum
1676 1849 1928 1918 transiit,
1965 1853 2020 1904 et

341 1936 746 1992 Carbonarias
777 1939 1115 2009 ingressus,
1151 1938 1594 1993 Tornacensem
1623 1939 1832 1994 urbem
1872 1940 2019 1994 obti-

341 2027 494 2082 nuit.
540 2027 764 2082 Exinde
792 2043 984 2098 usque
1012 2027 1085 2080 ad
1117 2027 1605 2081 Camerasensem
1654 2028 1862 2083 urbem
1911 2043 2016 2083 ve-

339 2116 523 2170 niens
579 2131 768 2185 pauco
799 2116 1082 2186 temporis
1113 2118 1303 2185 spatio
1334 2116 1574 2185 resedit,
1599 2117 2017 2188 Romanosque

340 2220 503 2274 quos
535 2205 616 2258 ibi
648 2205 888 2273 invenit,
925 2205 1238 2273 interfecit,
1265 2204 1492 2260 Exinde
1525 2221 1715 2276 usque
1743 2205 2018 2260 Somnam

339 2295 597 2348 ﬂuvium
626 2293 976 2365 occupavit.]

415 2381 472 2437 4.
513 2383 675 2448 Quod
733 2383 1077 2452 Clodoveus,
1105 2401 1221 2439 rex
1248 2390 1493 2456 quartus
1520 2400 1552 2438 a
1592 2384 1890 2454 Clodione,
1914 2386 2020 2440 Ra-

338 2474 743 2546 gnaebarium
766 2473 1182 2528 consobrinum
1204 2490 1390 2538 suum,
1409 2491 1521 2546 pro
1550 2490 1617 2529 eo
1638 2475 1789 2546 quod
1810 2492 1938 2530 eum
1957 2476 2018 2529 in

343 2563 505 2618 urbe
535 2579 645 2618 non
684 2564 962 2634 suscepit,
987 2565 1410 2635 congressione
1439 2565 1644 2619 habita
1684 2564 2016 2620 interfecit.

342 2652 470 2706 Sed
499 2655 552 2705 et
573 2653 840 2722 ejusdem
861 2653 1127 2707 historiae
1150 2657 1345 2708 textus
1367 2654 1605 2723 indicat,
1630 2655 1788 2724 quod
1811 2653 2018 2710 Clodo-

341 2757 508 2795 veus
527 2757 626 2795 rex
639 2747 884 2812 quartus
907 2744 1040 2812 post
1059 2742 1423 2812 Clodionem,
1440 2745 1500 2798 in
1528 2744 1676 2798 urbe
1697 2743 2017 2799 Cameraco

340 2830 764 2901 Ragnachario
822 2831 1180 2886 consobrino
1236 2838 1335 2887 aut
1386 2839 1598 2903 nepote
1630 2850 1740 2889 suo
1771 2834 2018 2888 custode

338 2919 570 2987 relicto,
606 2921 668 2972 in
697 2920 878 2974 terris
910 2924 965 2974 et
978 2920 1338 2992 civitatibus,
1361 2935 1509 2993 quas
1541 2939 1731 2994 usque
1753 2922 2021 2977 Aurelia-

2148 599 2372 669 quiunt,
2410 606 2620 671 tuoque
2649 600 2896 656 Faroni.
2921 603 3177 659 Nescius
3208 606 3336 674 ipse
3355 607 3561 664 dolose
3585 610 3804 681 fictum,

2147 691 2385 758 propter
2405 689 2692 743 Faronem
2709 692 3113 746 consiliarium
3128 710 3478 766 suumquem
3501 698 3598 752 ille
3614 700 3807 754 solum

2144 777 2499 846 posthabitis
2531 779 2918 846 palatinorum
2949 782 3309 850 primoribus
3344 801 3524 855 super
3571 789 3807 859 negotia

2144 867 2316 936 regni
2347 868 2827 936 constituerat,—
2846 870 2918 923 de
2949 887 3083 940 quo,
3119 887 3249 924 cum
3284 874 3549 928 muneris
3570 879 3668 928 aut
3690 877 3806 931 cibi

2143 953 2364 1024 aliquid
2392 955 2627 1012 allatum
2661 958 2829 1026 foret,
2866 959 3060 1014 dicere
3077 965 3463 1016 consueverat
3493 979 3504 1016 :
3533 961 3670 1016 Sint
3691 965 3806 1018 ista

2142 1044 2289 1096 mihi
2298 1060 2538 1116 meoque
2553 1046 2778 1102 Γαΐου-ἰ
2787 1078 2858 1086 -—
2869 1048 3116 1120 regibus
3131 1050 3312 1120 igitur
3325 1050 3698 1122 congressis,
3725 1051 3809 1106 hii

2141 1133 2437 1188 dominum
2472 1150 2646 1189 suum
2678 1136 2738 1190 in
2777 1137 2907 1206 ipso
2940 1139 3214 1192 conflictu
3236 1140 3427 1209 proelii
3453 1139 3628 1210 juxta
3661 1157 3806 1196 con-

2140 1228 2379 1276 ventum
2410 1223 2712 1293 deserunt,
2737 1225 2850 1295 ipsi
2866 1241 2970 1294 per
2985 1243 3168 1296 prona
3192 1227 3511 1299 fugientes,
3532 1229 3806 1284 simulato

2139 1314 2384 1379 terrore,
2449 1313 2722 1367 hostibus
2783 1319 2948 1386 terga
3016 1319 3266 1371 vertunt.
3321 1318 3804 1387 Comprehensus

2143 1401 2598 1471 Ragnacharius
2627 1403 2935 1458 occiditur.
2971 1405 3382 1460 Proditoribus
3398 1409 3610 1474 autem,
3630 1422 3805 1476 prop-

2141 1493 2230 1544 ter
2247 1491 2506 1545 vitiatum
2525 1508 2750 1558 aurum,
2771 1493 3089 1547 adversum
3108 1510 3310 1566 regem
3324 1495 3800 1564 susurrantibus,

2138 1579 2236 1632 ille
2259 1581 2645 1650 respondisse
2679 1581 2882 1651 fertur,
2909 1583 3005 1635 tali
3034 1597 3138 1636 eos
3170 1585 3391 1652 praecio
3419 1583 3682 1652 meritos,
3703 1585 3804 1654 qui

2139 1669 2437 1724 dominum
2470 1685 2644 1724 suum
2684 1674 2892 1739 sponte
2915 1671 2986 1724 ad
3005 1677 3251 1726 mortem
3269 1672 3522 1736 ducunt;
3549 1672 3660 1726 hoc
3682 1671 3802 1726 illis

2137 1758 2293 1828 quod
2324 1759 2594 1813 viverent
2616 1759 2833 1814 debere
2866 1760 3166 1829 sufﬁcere,
3200 1777 3272 1816 ne
3296 1761 3658 1815 detestandae
3676 1776 3806 1831 pro-

2135 1847 2374 1902 ditionis
2434 1864 2640 1918 poenas
2698 1848 2928 1903 luerent
2984 1850 3044 1902 in
3110 1845 3464 1904 tormentis".
3517 1850 3803 1921 Legimus

2135 1939 2327 1990 autem
2358 1936 2418 1990 in
2447 1937 2636 2009 gestis
2664 1939 2981 1994 Remorum
3009 1940 3352 2010 pontificum
3382 1939 3583 2008 (FLOD,
3608 1938 3660 2008 1,
3691 1937 3801 2008 13),

2135 2025 2292 2096 quod
2323 2041 2466 2097 rege
2497 2026 2747 2094 praefato
2777 2028 3093 2096 Clodoveo,
3129 2033 3190 2084 ut
3210 2028 3510 2099 posterius
3540 2028 3745 2098 liquet,
3770 2042 3802 2080 a

2137 2119 2342 2170 sancto
2376 2116 2645 2187 Remigio
2677 2133 2744 2171 ac
2777 2122 2984 2172 sancto
3018 2119 3276 2172 Vedasto
3329 2117 3617 2188 baptizata
3667 2131 3800 2169 cum

2137 2206 2448 2260 sororibus
2480 2205 2734 2260 simulet
2765 2222 2898 2261 cum
2916 2222 3130 2278 magno
3153 2206 3515 2261 Francorum
3538 2205 3802 2260 exercitu

2135 2310 2274 2364 pars
2313 2295 2550 2365 quidem
2592 2311 2806 2367 magna
2845 2296 3227 2362 Francorum,
3270 2296 3463 2349 adhuc
3493 2294 3800 2348 incredula

2137 2384 2388 2438 necdum
2405 2400 2715 2454 conversa,
2737 2400 2870 2438 cum
2894 2387 3008 2439 isto
3029 2385 3422 2456 Ragnacharo
3451 2383 3716 2453 principe
3739 2383 3801 2435 in

2137 2472 2286 2528 locis
2343 2476 2510 2527 trans
2543 2474 2817 2528 Somnam
2852 2475 3113 2542 ﬂuvium,
3149 2474 3302 2527 idest
3330 2473 3390 2526 in
3420 2472 3567 2526 urbe
3598 2471 3799 2526 Came-

2137 2578 2295 2631 raco,
2330 2563 2389 2617 in
2418 2563 2757 2618 infidelitate
2803 2563 3143 2634 aliquandiu
3192 2563 3549 2630 morabatur,
3611 2561 3798 2614 donec

2136 2665 2393 2721 superna
2423 2653 2614 2724 gratia
2655 2653 3023 2722 disponente,
3075 2653 3182 2706 sed
3229 2651 3526 2706 Clodoveo
3592 2649 3800 2702 trium-

2135 2741 2370 2810 phante,
2402 2741 2557 2796 idem
2576 2741 3044 2813 Regnacharius,
3071 2741 3429 2812 ﬂagitiorum
3446 2741 3714 2793 sectator
3733 2753 3801 2791 ac

2135 2831 2584 2900 turpitudinum,
2618 2831 2852 2884 vinctus
2883 2846 2915 2884 a
2939 2830 3186 2884 Francis
3210 2832 3267 2884 et
3286 2846 3320 2883 a
3349 2829 3500 2898 suis,
3533 2831 3596 2882 ut
3627 2827 3801 2881 modo

2137 2920 2416 2988 diximus,
2474 2919 2726 2974 traditus
2784 2922 2877 2974 est
2935 2923 2991 2973 et
3047 2919 3455 2989 interemptus,
3491 2917 3802 2986 omnisque

343 3024 485 3062 num
499 2985 830 3078 occupavit,
847 3010 1206 3064 morabatur.
1244 2985 1412 3065 Unde
1444 3027 1577 3066 cum
1606 2985 1861 3083 quodam
1876 3016 2020 3066 tem-
2057 2985 2107 3046 Ο
2137 2985 2499 3062 Francorum
2517 3008 2773 3078 populus
2795 3008 2867 3062 ad
2884 3008 3104 3062 Christi
3122 2985 3671 3077 ﬁdem—perbeatum
3691 2985 3802 3058 Fe-

340 3113 492 3166 pore
505 3101 923 3167 reverteretur,
939 3098 1068 3168 ipse
1085 3100 1534 3170 Ragnacharius
1551 3101 1847 3155 mundano
1863 3100 2018 3155 fastu

347 3185 672 3256 superbus,
705 3191 924 3240 mutata
949 3188 1062 3242 ﬁde
1079 3189 1135 3242 ei
1177 3188 1348 3243 urbis
1388 3189 1734 3259 ingressum
1757 3189 2015 3260 negavit.

345 3275 460 3328 Hic
491 3280 731 3344 propter
787 3276 1211 3331 obscenitatem
1261 3293 1492 3331 morum
1542 3281 1598 3331 et
1643 3278 2019 3332 insolentiam

343 3363 610 3419 Francos
635 3364 750 3418 sibi
773 3365 1062 3420 adversos
1094 3366 1345 3432 fecerat,
1369 3367 1621 3422 maxime
1641 3383 1747 3438 pro
1770 3383 1838 3422 eo
1861 3367 2019 3438 quod

339 3451 581 3527 [(GREG.
641 3454 790 3508 TUR.
852 3472 914 3523 ιι,
973 3453 1062 3523 42)
1108 3454 1348 3510 effrenis
1382 3457 1442 3510 in
1472 3457 1725 3526 luxuria,
1761 3456 2016 3511 Venerio

343 3543 493 3597 adeo
518 3543 784 3597 fervebat
805 3543 1096 3614 incendio,
1123 3548 1305 3598 utnec
1329 3562 1360 3598 a
1381 3545 1600 3599 civium
1637 3561 1746 3600 nec
1784 3546 2018 3616 propin-

343 3648 600 3703 quorum
632 3632 995 3704 conjugibus
1027 3649 1170 3687 suas
1200 3634 1616 3704 comprimeret
1645 3635 2014 3705 cupiditates.

338 3721 485 3785 Quae
515 3721 755 3791 quidem
789 3722 842 3776 ei
885 3723 1096 3777 lmtalis
1155 3723 1316 3777 exitii
1369 3740 1549 3778 causa
1598 3724 1806 3778 extitit.
1868 3723 2016 3777 Nam

345 3810 696 3880 hujusmodi
729 3812 958 3866 famoso
989 3812 1242 3867 ludibrio
1274 3813 1485 3866 Franci
1522 3811 1766 3882 efferati,
1802 3829 2016 3867 causas

340 3899 568 3969 quibus
585 3900 714 3970 regi
733 3899 976 3954 exitium
991 3904 1312 3956 maturatur
1330 3905 2017 3971 nectunt,commentum-

339 4004 460 4059 que
489 3989 843 4059 proditionis
873 3987 1168 4045 Clodoveo
1202 3992 1328 4063 regi
1355 3991 1714 4062 signiﬁcant.
1745 3991 1855 4056 Qui
1876 4007 2015 4061 pro-

341 4077 556 4131 missis
587 4078 924 4146 proditores
947 4095 1358 4149 corrumpens,
1377 4081 1673 4135 subaerato
1688 4080 2012 4135 fefellitau-

341 4181 433 4219 ro.
468 4166 674 4220 Pactio
705 4167 832 4221 haec
864 4167 990 4235 fuit,
1022 4172 1083 4222 ut
1109 4185 1311 4240 regem
1328 4169 1603 4224 hostibus
1626 4171 2013 4240 congressuri

2133 3098 2381 3169 migium
2403 3098 2765 3152 convertitur
2795 3101 2851 3152 et
2881 3095 3248 3167 baptizatur,]
3281 3096 3436 3150 sicut
3456 3095 3599 3148 inibi
3645 3093 3799 3165 legi-

2135 3203 2287 3242 mus.
2315 3187 2429 3241 Sed
2460 3187 2656 3256 potius
2685 3201 2794 3256 per
2840 3186 3076 3240 beatum
3111 3184 3432 3238 Vedast'um
3479 3182 3798 3247 credimus;

2137 3292 2434 3348 nunquam
2463 3277 2619 3330 enim
2642 3279 2912 3330 sanctum
2947 3275 3280 3345 Remigium
3304 3274 3364 3326 in
3384 3271 3610 3326 nostris
3633 3270 3805 3340 parti-

2134 3367 2250 3421 bus
2282 3367 2528 3420 verbum
2559 3365 2663 3420 Dei
2697 3364 2911 3436 populo
2943 3364 3290 3434 predicasse
3312 3361 3669 3428 audivimus,
3695 3357 3802 3412 sed

2135 3457 2208 3510 ab
2238 3456 2337 3510 illo
2369 3460 2426 3510 et
2463 3472 2496 3509 a
2527 3471 2669 3527 rege
2700 3454 2931 3508 noviter
2951 3453 3242 3522 baptizato
3265 3451 3402 3505 huic
3419 3453 3646 3505 nostrae
3667 3447 3802 3502 urbi

2135 3545 2206 3599 ad
2238 3545 2696 3599 convertendam
2737 3546 2971 3614 gentem
3012 3542 3302 3596 directum
3331 3539 3568 3595 beatum
3615 3535 3803 3591 Veda-

2136 3639 2292 3689 stum
2322 3634 2747 3704 cognovimus;
2783 3646 2965 3703 quare
2994 3631 3160 3684 illum
3189 3629 3372 3702 hujus
3403 3629 3623 3702 negotii
3651 3645 3805 3685 auc-

2133 3724 2320 3777 torem
2361 3723 2677 3776 credimus.

2205 3814 2256 3866 5.
2293 3811 2526 3866 Sevitia
2554 3826 2914 3882 paganorum
2947 3815 3006 3864 et
3023 3809 3225 3863 clades
3245 3810 3667 3864 cristianorum
3699 3826 3799 3865 ex-

2126 3902 2432 3972 primitur.
2469 3901 2654 3973 Igitur
2672 3898 2963 3970 propositi
2985 3899 3182 3967 operis
3204 3899 3354 3952 ratio
3377 3898 3578 3970 exigit,
3603 3901 3802 3969 patres

2132 3993 2444 4062 utriusque
2494 3990 2658 4044 sedis
2703 3989 2840 4043 stilo
2880 3988 3184 4058 prosequi,
3216 3988 3311 4042 vel
3342 3987 3559 4058 quibus
3590 3989 3691 4059 qui
3729 3989 3799 4042 ad

2132 4081 2464 4150 pontificale
2486 4080 2701 4133 solium
2717 4091 3092 4132 successere.
3109 4077 3295 4131 Porro
3311 4077 3418 4131 has
3438 4078 3586 4132 duas
3611 4077 3800 4133 fuisse

2131 4174 2349 4225 matres
2402 4169 2693 4224 aecclesiae
2727 4166 2925 4234 sedes,
2977 4168 3135 4219 certa
3192 4182 3291 4220 res
3333 4170 3444 4234 est,
3480 4183 3614 4238 quae
3646 4182 3802 4221 nunc

340 4255 714 4308 desererent.
735 4255 972 4326 Sumpta
989 4236 1274 4328 itaque'de
1290 4259 1418 4312 suis
1439 4275 1612 4313 manu
1632 4236 1845 4327 valida,
1877 4258 2013 4313 Clo-
2046 4236 2096 4295 D
2130 4262 2306 4314 unius
2330 4259 2588 4329 pastoris
2614 4255 3014 4310 moderamine
3036 4258 3342 4325 reguntur;
3367 4236 3524 4325 quod
3543 4256 3715 4310 facile
3729 4271 3802 4310 ex

341 4345 579 4398 doveus
619 4344 936 4399 adversum
962 4347 1438 4418 Ragnacharium
1468 4349 1650 4403 movit
1668 4349 2013 4417 exercitum;

339 4433 450 4503 qui
479 4437 537 4486 et
560 4435 688 4501 ipse
718 4434 937 4488 directa
959 4437 1083 4489 acie
1108 4437 1238 4508 regi
1260 4451 1576 4492 occurrere
1609 4442 1792 4508 parat.
1811 4438 2015 4492 Missis

340 4523 545 4592 itaque
559 4523 1032 4591 exploratoribus
1045 4526 1117 4578 ad
1146 4527 1658 4596 contemplandum
1691 4528 2016 4582 exercitum

337 4611 787 4679 Clodovei,non
801 4614 1050 4667 advertit
1080 4615 1277 4670 dolum
1308 4616 1664 4685 nuntiorum,
1699 4616 1797 4686 qui
1823 4615 2019 4670 factio-

339 4715 416 4753 se
460 4700 591 4770 regi
619 4701 923 4756 audaciam
955 4720 1024 4757 ex
1055 4704 1383 4774 majoribus
1416 4706 1604 4775 copiis
1652 4705 2020 4760 suscitabant

339 4788 711 4860 Hujusmodi
741 4795 906 4845 erant
937 4794 1115 4846 verba
1143 4795 1500 4862 nuntiorum,
1544 4810 1676 4848 cum
1725 4798 2019 4865 quaereret

2129 4347 2630 4418 descriptionibus
2649 4344 2916 4415 Dyonisii
2949 4359 3114 4412 papaa
3135 4343 3536 4412 perpenditur,
3564 4344 3663 4413 qui
3680 4344 3803 4397 uni-

2126 4438 2326 4493 versis
2364 4433 2689 4506 provinciis
2722 4433 2996 4504 singulas
3035 4432 3213 4486 sedes
3245 4431 3504 4502 propriis
3526 4432 3798 4488 terminis

2126 4526 2408 4581 discrevit
2432 4543 2444 4589 ;
2479 4523 2829 4577 sicutetiam
2861 4521 3220 4576 Hincmarus
3239 4521 3560 4591 episcopus
3589 4522 3650 4574 in
3668 4521 3798 4575 suis

2126 4616 2296 4670 libris
2327 4614 2540 4669 difﬂnit
2569 4612 2702 4682 (59).
2727 4611 2900 4684 [Nota
2921 4611 3078 4682 quod
3101 4611 3241 4666 olim
3262 4609 3717 4665 Cameracensis
3739 4613 3798 4663 et

2127 4704 2535 4758 Atrebatcnsis
2558 4703 2689 4756 duae
2720 4702 2952 4756 fuerant
2974 4717 3106 4771 quae
3130 4700 3300 4754 modo
3334 4699 3634 4752 uniuntur.
3656 4696 3798 4752 Haec

2131 4799 2334 4848 auctor
2362 4794 2491 4863 ipse
2512 4792 2596 4846 ita
2615 4792 2675 4845 in
2696 4791 2970 4862 margine
2995 4790 3245 4845 addidit.
3283 4788 3408 4842 Has
3437 4788 3585 4842 duas
3618 4786 3797 4843 sedes

1694 4984 1958 5046 VAR/E
2001 4983 2463 5046 LECTlONES

411 5164 454 5238 5_
476 5160 756 5238 Postume
785 5162 820 5214 2
847 5162 923 5216 σε’.
959 5163 1180 5238 addunt
1206 5185 1221 5217 .-
1236 5166 1414 5220 Liber
1446 5181 1716 5238 namque,
1745 5166 1846 5238 qui
1866 5167 2114 5238 jubente
2146 5165 2301 5222 Julio
2324 5165 2543 5221 Cesare
2574 5182 2648 5221 ex
2681 5164 3214 5238 senatusconsulto
3246 5178 3279 5217 a
3307 5163 3794 5238 prudentissimis

337 5232 495 5309 viris
529 5232 601 5309 de
631 5232 1098 5309 Cosmographia
1131 5237 1496 5309 inscribitur,
1522 5232 1622 5292 ubi
1639 5232 2072 5309 quidem'totius
2096 5238 2261 5292 orbis
2296 5238 2542 5293 Romani
2563 5237 2820 5309 nominis
2846 5237 3124 5309 universa
3161 5232 3550 5309 loca—famosa
3579 5236 3794 5290 distin-

387 5305 912 5381 ui_t,_(,‘a_meraeum
945 5307 1121 5381 etiam
1150 5305 1498 5381 intromittit,
1534 5312 1588 5381 et
1617 5305 1833 5380 quanto
1862 5327 1893 5363 a
1927 5311 2146 5381 Bagato
2181 5313 2376 5364 castro
2407 5311 2602 5376 distet,
2629 5308 2687 5381 id
2719 5311 2810 5381 est
2841 5309 2906 5362 18
2939 5307 3210 5381 milibus,
3245 5307 3550 5381 evidenter
3593 5309 3792 5381 osten-

381 5373 476 5452 it6_
490 5374 918 5452 factiose—eis
949 5379 1148 5432 omisit
1197 5380 1249 5433 3.
1276 5380 1468 5450 spatio
1485 5373 1730 5452 relic-to;
1756 5381 1917 5436 nec4
1939 5373 2235 5452 ea7egere
2267 5382 2430 5437 novit
2455 5373 2724 5452 exceptis
2753 5380 2938 5452 fac....
2973 5379 3162 5451 c0piis
3199 5373 3607 5452 suscitabatur
3627 5377 3794 5452 ejus-

335 5445 513 5524 modi
536 5450 752 5524 erat..._.
789 5448 940 5524 unde
970 5457 1232 5524 apparet,
1266 5445 1324 5504 et
1356 5452 1420 5524 3.
1436 5457 1498 5524 et
1519 5451 1578 5524 4.
1607 5467 1682 5507 ex
1719 5453 1847 5524 ipso
1882 5453 1936 5522 1,
1973 5445 2370 5524 descriptos.7
2401 5445 2725 5524 Sequentia
2757 5451 2931 5522 huius
2978 5445 3192 5524 capitis
3214 5450 3404 5505 omnia
3447 5451 3510 5504 in
3545 5445 3787 5505 scedula

335 5521 548 5571 assuta
568 5517 888 5592 supplevit,
918 5526 977 5573 ut
1002 5517 1272 5590 Videtur,
1293 5521 1498 5577 scriba
1527 5523 1675 5594 ipse.

1949 5621 2207 5683 NOTJE

414 5719 532 5791 (59)
563 5721 671 5779 En.
702 5722 797 5795 44,
828 5722 920 5779 ed.
955 5722 1251 5781 Sirmondi
1272 5724 1344 5796 II,
1377 5722 1501 5782 719.
1535 5685 1538 5688 1
