  <div class='ocr_page' id='page_1' title='image "/cluster/home/n/w/nwhite01/storage/ocr_20150623/149/hvd.32044054760079/019.png"; bbox 0 0 4098 6196; ppageno 0'>
   <div class='ocr_carea' id='block_1_1' title="bbox 295 308 3723 378">
    <p class='ocr_par' dir='ltr' id='par_1_1' title="bbox 295 308 3723 378">
     <span class='ocr_line' id='line_1_1' title="bbox 295 308 3723 378; baseline 0.001 -4"><span class='ocrx_word' id='word_1_1' title='bbox 295 308 377 374; x_wconf 79' lang='lat'>2&#39;7</span> <span class='ocrx_word' id='word_1_2' title='bbox 1199 308 1474 371; x_wconf 89' lang='lat' dir='ltr'>GESTA</span> <span class='ocrx_word' id='word_1_3' title='bbox 1513 308 2045 372; x_wconf 89' lang='lat' dir='ltr'>PONTIFICUM</span> <span class='ocrx_word' id='word_1_4' title='bbox 2087 308 2826 375; x_wconf 83' lang='lat' dir='ltr'>CAMERACENSIUM</span> <span class='ocrx_word' id='word_1_5' title='bbox 3643 312 3723 378; x_wconf 76' lang='lat'>28</span> 
     </span>
    </p>
   </div>
   <div class='ocr_carea' id='block_1_2' title="bbox 299 494 3740 589">
    <p class='ocr_par' dir='ltr' id='par_1_2' title="bbox 299 494 3740 589">
     <span class='ocr_line' id='line_1_2' title="bbox 299 494 3740 589; baseline -0.001 -14"><span class='ocrx_word' id='word_1_6' title='bbox 299 520 510 576; x_wconf 88' lang='lat' dir='ltr'>beatus</span> <span class='ocrx_word' id='word_1_7' title='bbox 542 518 858 586; x_wconf 78' lang='lat' dir='ltr'>Vedastus,</span> <span class='ocrx_word' id='word_1_8' title='bbox 892 517 1028 589; x_wconf 99' lang='lat' dir='ltr'>quia</span> <span class='ocrx_word' id='word_1_9' title='bbox 1057 519 1193 586; x_wconf 88' lang='lat' dir='ltr'>post</span> <span class='ocrx_word' id='word_1_10' title='bbox 1223 518 1306 569; x_wconf 87' lang='lat' dir='ltr'>tot</span> <span class='ocrx_word' id='word_1_11' title='bbox 1335 514 1765 583; x_wconf 89' lang='lat' dir='ltr'>infestationes,</span> <span class='ocrx_word' id='word_1_12' title='bbox 1808 530 1958 585; x_wconf 89' lang='lat' dir='ltr'>quas</span> <span class='ocrx_word' id='word_1_13' title='bbox 1985 494 2045 555; x_wconf 92' lang='grc' dir='ltr'><strong>Α</strong></span> <span class='ocrx_word' id='word_1_14' title='bbox 2073 514 2213 583; x_wconf 90' lang='lat' dir='ltr'>quid</span> <span class='ocrx_word' id='word_1_15' title='bbox 2242 512 2396 568; x_wconf 89' lang='lat' dir='ltr'>inter</span> <span class='ocrx_word' id='word_1_16' title='bbox 2441 515 2624 585; x_wconf 87' lang='lat' dir='ltr'>Alpes</span> <span class='ocrx_word' id='word_1_17' title='bbox 2665 518 2721 569; x_wconf 89' lang='lat' dir='ltr'>et</span> <span class='ocrx_word' id='word_1_18' title='bbox 2784 516 3099 584; x_wconf 87' lang='lat' dir='ltr'>Pirineum,</span> <span class='ocrx_word' id='word_1_19' title='bbox 3162 515 3320 586; x_wconf 90' lang='lat' dir='ltr'>quod</span> <span class='ocrx_word' id='word_1_20' title='bbox 3358 514 3626 570; x_wconf 90' lang='lat' dir='ltr'>Occeano</span> <span class='ocrx_word' id='word_1_21' title='bbox 3684 519 3740 572; x_wconf 91' lang='lat' dir='ltr'>et</span> 
     </span>
    </p>
   </div>
   <div class='ocr_carea' id='block_1_3' title="bbox 299 605 1958 674">
    <p class='ocr_par' dir='ltr' id='par_1_3' title="bbox 299 605 1958 674">
     <span class='ocr_line' id='line_1_3' title="bbox 299 605 1958 674; baseline -0.004 -11"><span class='ocrx_word' id='word_1_22' title='bbox 299 610 557 663; x_wconf 85' lang='lat' dir='ltr'>diximus</span> <span class='ocrx_word' id='word_1_23' title='bbox 588 610 645 661; x_wconf 89' lang='lat' dir='ltr'>et</span> <span class='ocrx_word' id='word_1_24' title='bbox 672 607 882 661; x_wconf 88' lang='lat' dir='ltr'>dicturi</span> <span class='ocrx_word' id='word_1_25' title='bbox 915 621 1144 674; x_wconf 89' lang='lat' dir='ltr'>sumus,</span> <span class='ocrx_word' id='word_1_26' title='bbox 1178 605 1495 674; x_wconf 89' lang='lat' dir='ltr'>plurimum</span> <span class='ocrx_word' id='word_1_27' title='bbox 1527 606 1789 658; x_wconf 89' lang='lat' dir='ltr'>vastatas</span> <span class='ocrx_word' id='word_1_28' title='bbox 1821 619 1958 673; x_wconf 90' lang='lat' dir='ltr'>rep-</span> 
     </span>
    </p>
   </div>
   <div class='ocr_carea' id='block_1_4' title="bbox 298 692 1960 766">
    <p class='ocr_par' dir='ltr' id='par_1_4' title="bbox 298 692 1960 766">
     <span class='ocr_line' id='line_1_4' title="bbox 298 692 1960 766; baseline -0.003 -15"><span class='ocrx_word' id='word_1_29' title='bbox 298 698 468 766; x_wconf 83' lang='lat' dir='ltr'>perit,</span> <span class='ocrx_word' id='word_1_30' title='bbox 504 697 617 750; x_wconf 89' lang='lat' dir='ltr'>sub</span> <span class='ocrx_word' id='word_1_31' title='bbox 648 711 761 749; x_wconf 90' lang='lat' dir='ltr'>uno</span> <span class='ocrx_word' id='word_1_32' title='bbox 796 694 1083 766; x_wconf 90' lang='lat' dir='ltr'>regimine</span> <span class='ocrx_word' id='word_1_33' title='bbox 1115 693 1397 747; x_wconf 82' lang='lat' dir='ltr'>cohibuit.</span> <span class='ocrx_word' id='word_1_34' title='bbox 1446 694 1520 746; x_wconf 90' lang='lat' dir='ltr'>At</span> <span class='ocrx_word' id='word_1_35' title='bbox 1550 709 1690 747; x_wconf 84' lang='lat' dir='ltr'>vero</span> <span class='ocrx_word' id='word_1_36' title='bbox 1735 692 1960 762; x_wconf 86' lang='lat' dir='ltr'>primos</span> 
     </span>
    </p>
   </div>
   <div class='ocr_carea' id='block_1_5' title="bbox 297 782 1962 854">
    <p class='ocr_par' dir='ltr' id='par_1_5' title="bbox 297 782 1962 854">
     <span class='ocr_line' id='line_1_5' title="bbox 297 782 1962 854; baseline -0.003 -15"><span class='ocrx_word' id='word_1_37' title='bbox 297 801 496 840; x_wconf 88' lang='lat' dir='ltr'>earum</span> <span class='ocrx_word' id='word_1_38' title='bbox 516 787 715 854; x_wconf 88' lang='lat' dir='ltr'>patres</span> <span class='ocrx_word' id='word_1_39' title='bbox 734 784 1004 854; x_wconf 71' lang='lat' dir='ltr'>quaedam</span> <span class='ocrx_word' id='word_1_40' title='bbox 1026 782 1337 836; x_wconf 86' lang='lat' dir='ltr'>vetustatis</span> <span class='ocrx_word' id='word_1_41' title='bbox 1351 782 1688 835; x_wconf 80' lang='lat' dir='ltr'>obscuritas</span> <span class='ocrx_word' id='word_1_42' title='bbox 1705 798 1733 835; x_wconf 91' lang='lat' dir='ltr'>a</span> <span class='ocrx_word' id='word_1_43' title='bbox 1756 785 1962 835; x_wconf 89' lang='lat' dir='ltr'>nostra</span> 
     </span>
    </p>
   </div>
   <div class='ocr_carea' id='block_1_6' title="bbox 298 870 1960 942">
    <p class='ocr_par' dir='ltr' id='par_1_6' title="bbox 298 870 1960 942">
     <span class='ocr_line' id='line_1_6' title="bbox 298 870 1960 942; baseline -0.004 -13"><span class='ocrx_word' id='word_1_44' title='bbox 298 875 547 931; x_wconf 71' lang='lat' dir='ltr'>seclusit</span> <span class='ocrx_word' id='word_1_45' title='bbox 568 874 867 941; x_wconf 80' lang='lat' dir='ltr'>memoria,</span> <span class='ocrx_word' id='word_1_46' title='bbox 888 873 1063 925; x_wconf 88' lang='lat' dir='ltr'>immo</span> <span class='ocrx_word' id='word_1_47' title='bbox 1079 887 1144 925; x_wconf 86' lang='lat' dir='ltr'>ea</span> <span class='ocrx_word' id='word_1_48' title='bbox 1165 888 1296 941; x_wconf 86' lang='lat' dir='ltr'>quae</span> <span class='ocrx_word' id='word_1_49' title='bbox 1311 872 1569 940; x_wconf 79' lang='lat' dir='ltr'>peccatis</span> <span class='ocrx_word' id='word_1_50' title='bbox 1582 870 1960 942; x_wconf 83' lang='lat' dir='ltr'>exigentibus</span> 
     </span>
    </p>
   </div>
   <div class='ocr_carea' id='block_1_7' title="bbox 297 959 1963 1031">
    <p class='ocr_par' dir='ltr' id='par_1_7' title="bbox 297 959 1963 1031">
     <span class='ocr_line' id='line_1_7' title="bbox 297 959 1963 1031; baseline -0.003 -15"><span class='ocrx_word' id='word_1_51' title='bbox 297 962 616 1017; x_wconf 84' lang='lat' dir='ltr'>Galliarum</span> <span class='ocrx_word' id='word_1_52' title='bbox 647 962 957 1016; x_wconf 74' lang='lat' dir='ltr'>aacelesias</span> <span class='ocrx_word' id='word_1_53' title='bbox 980 976 1345 1031; x_wconf 79' lang='lat' dir='ltr'>paganorum</span> <span class='ocrx_word' id='word_1_54' title='bbox 1367 959 1702 1029; x_wconf 86' lang='lat' dir='ltr'>persecutio</span> <span class='ocrx_word' id='word_1_55' title='bbox 1718 960 1963 1012; x_wconf 86' lang='lat' dir='ltr'>subver-</span> 
     </span>
    </p>
   </div>
   <div class='ocr_carea' id='block_1_8' title="bbox 292 1045 1960 1122">
    <p class='ocr_par' dir='ltr' id='par_1_8' title="bbox 292 1045 1960 1122">
     <span class='ocr_line' id='line_1_8' title="bbox 292 1045 1960 1122; baseline -0.002 -17"><span class='ocrx_word' id='word_1_56' title='bbox 292 1051 379 1116; x_wconf 90' lang='lat' dir='ltr'>tit;</span> <span class='ocrx_word' id='word_1_57' title='bbox 416 1067 549 1122; x_wconf 66' lang='lat' dir='ltr'>quae</span> <span class='ocrx_word' id='word_1_58' title='bbox 581 1050 727 1105; x_wconf 88' lang='lat' dir='ltr'>adeo</span> <span class='ocrx_word' id='word_1_59' title='bbox 760 1052 820 1104; x_wconf 91' lang='lat' dir='ltr'>in</span> <span class='ocrx_word' id='word_1_60' title='bbox 853 1050 1269 1104; x_wconf 91' lang='lat' dir='ltr'>cristianorum</span> <span class='ocrx_word' id='word_1_61' title='bbox 1298 1050 1575 1118; x_wconf 86' lang='lat' dir='ltr'>populum</span> <span class='ocrx_word' id='word_1_62' title='bbox 1605 1045 1960 1101; x_wconf 86' lang='lat' dir='ltr'>efferbuisse</span> 
     </span>
    </p>
   </div>
   <div class='ocr_carea' id='block_1_9' title="bbox 298 1133 1963 1211">
    <p class='ocr_par' dir='ltr' id='par_1_9' title="bbox 298 1133 1963 1211">
     <span class='ocr_line' id='line_1_9' title="bbox 298 1133 1963 1211; baseline -0.002 -17"><span class='ocrx_word' id='word_1_63' title='bbox 298 1133 533 1211; x_wconf 83' lang='lat' dir='ltr'>legitur,</span> <span class='ocrx_word' id='word_1_64' title='bbox 568 1142 631 1193; x_wconf 90' lang='lat' dir='ltr'>ut</span> <span class='ocrx_word' id='word_1_65' title='bbox 661 1139 944 1205; x_wconf 89' lang='lat' dir='ltr'>cristiani,</span> <span class='ocrx_word' id='word_1_66' title='bbox 980 1139 1081 1208; x_wconf 91' lang='lat' dir='ltr'>qui</span> <span class='ocrx_word' id='word_1_67' title='bbox 1103 1154 1171 1192; x_wconf 90' lang='lat' dir='ltr'>ea</span> <span class='ocrx_word' id='word_1_68' title='bbox 1203 1140 1548 1207; x_wconf 85' lang='lat' dir='ltr'>tempestate</span> <span class='ocrx_word' id='word_1_69' title='bbox 1571 1137 1824 1201; x_wconf 83' lang='lat' dir='ltr'>fuerant,</span> <span class='ocrx_word' id='word_1_70' title='bbox 1858 1152 1963 1205; x_wconf 91' lang='lat' dir='ltr'>per</span> 
     </span>
    </p>
   </div>
   <div class='ocr_carea' id='block_1_10' title="bbox 298 1225 1963 1295">
    <p class='ocr_par' dir='ltr' id='par_1_10' title="bbox 298 1225 1963 1295">
     <span class='ocr_line' id='line_1_10' title="bbox 298 1225 1963 1295; baseline -0.003 -13"><span class='ocrx_word' id='word_1_71' title='bbox 298 1228 542 1282; x_wconf 87' lang='lat' dir='ltr'>latibula</span> <span class='ocrx_word' id='word_1_72' title='bbox 572 1228 769 1282; x_wconf 91' lang='lat' dir='ltr'>divina</span> <span class='ocrx_word' id='word_1_73' title='bbox 801 1228 1172 1281; x_wconf 84' lang='lat' dir='ltr'>celebrarent</span> <span class='ocrx_word' id='word_1_74' title='bbox 1190 1227 1472 1279; x_wconf 88' lang='lat' dir='ltr'>misteria.</span> <span class='ocrx_word' id='word_1_75' title='bbox 1509 1226 1570 1279; x_wconf 92' lang='lat' dir='ltr'>Si</span> <span class='ocrx_word' id='word_1_76' title='bbox 1602 1225 1699 1295; x_wconf 90' lang='lat' dir='ltr'>qui</span> <span class='ocrx_word' id='word_1_77' title='bbox 1721 1228 1963 1279; x_wconf 89' lang='lat' dir='ltr'>autema</span> 
     </span>
    </p>
   </div>
   <div class='ocr_carea' id='block_1_11' title="bbox 296 1313 1964 1388">
    <p class='ocr_par' dir='ltr' id='par_1_11' title="bbox 296 1313 1964 1388">
     <span class='ocr_line' id='line_1_11' title="bbox 296 1313 1964 1388; baseline -0.002 -17"><span class='ocrx_word' id='word_1_78' title='bbox 296 1317 547 1388; x_wconf 77' lang='lat' dir='ltr'>paganis</span> <span class='ocrx_word' id='word_1_79' title='bbox 577 1316 1042 1386; x_wconf 90' lang='lat' dir='ltr'>reperiebantur,</span> <span class='ocrx_word' id='word_1_80' title='bbox 1064 1319 1161 1369; x_wconf 89' lang='lat' dir='ltr'>aut</span> <span class='ocrx_word' id='word_1_81' title='bbox 1179 1315 1532 1369; x_wconf 87' lang='lat' dir='ltr'>verberibus</span> <span class='ocrx_word' id='word_1_82' title='bbox 1556 1313 1964 1368; x_wconf 77' lang='lat' dir='ltr'>efﬁciebantur</span> 
     </span>
    </p>
   </div>
   <div class='ocr_carea' id='block_1_12' title="bbox 297 1403 1962 1477">
    <p class='ocr_par' dir='ltr' id='par_1_12' title="bbox 297 1403 1962 1477">
     <span class='ocr_line' id='line_1_12' title="bbox 297 1403 1962 1477; baseline -0.002 -18"><span class='ocrx_word' id='word_1_83' title='bbox 297 1410 396 1460; x_wconf 91' lang='lat' dir='ltr'>aut</span> <span class='ocrx_word' id='word_1_84' title='bbox 429 1406 625 1477; x_wconf 88' lang='lat' dir='ltr'>gladio</span> <span class='ocrx_word' id='word_1_85' title='bbox 657 1405 1124 1475; x_wconf 87' lang='lat' dir='ltr'>trucidabantur;</span> <span class='ocrx_word' id='word_1_86' title='bbox 1159 1404 1323 1458; x_wconf 91' lang='lat' dir='ltr'>multi</span> <span class='ocrx_word' id='word_1_87' title='bbox 1343 1405 1400 1457; x_wconf 91' lang='lat' dir='ltr'>in</span> <span class='ocrx_word' id='word_1_88' title='bbox 1420 1403 1640 1473; x_wconf 86' lang='lat' dir='ltr'>speleis</span> <span class='ocrx_word' id='word_1_89' title='bbox 1659 1407 1757 1457; x_wconf 89' lang='lat' dir='ltr'>aut</span> <span class='ocrx_word' id='word_1_90' title='bbox 1778 1403 1962 1456; x_wconf 91' lang='lat' dir='ltr'>fossis</span> 
     </span>
    </p>
   </div>
   <div class='ocr_carea' id='block_1_13' title="bbox 299 1492 1965 1563">
    <p class='ocr_par' dir='ltr' id='par_1_13' title="bbox 299 1492 1965 1563">
     <span class='ocr_line' id='line_1_13' title="bbox 299 1492 1965 1563; baseline -0.002 -15"><span class='ocrx_word' id='word_1_91' title='bbox 299 1494 707 1549; x_wconf 87' lang='lat' dir='ltr'>subterraneis</span> <span class='ocrx_word' id='word_1_92' title='bbox 726 1493 837 1563; x_wconf 89' lang='lat'>(60)</span> <span class='ocrx_word' id='word_1_93' title='bbox 857 1493 1139 1547; x_wconf 89' lang='lat' dir='ltr'>absconsi</span> <span class='ocrx_word' id='word_1_94' title='bbox 1153 1492 1615 1548; x_wconf 88' lang='lat' dir='ltr'>suffocabantur.</span> <span class='ocrx_word' id='word_1_95' title='bbox 1636 1492 1733 1546; x_wconf 88' lang='lat' dir='ltr'>Sic</span> <span class='ocrx_word' id='word_1_96' title='bbox 1749 1493 1965 1545; x_wconf 88' lang='lat' dir='ltr'>obeun-</span> 
     </span>
    </p>
   </div>
   <div class='ocr_carea' id='block_1_14' title="bbox 294 1580 1959 1651">
    <p class='ocr_par' dir='ltr' id='par_1_14' title="bbox 294 1580 1959 1651">
     <span class='ocr_line' id='line_1_14' title="bbox 294 1580 1959 1651; baseline -0.003 -14"><span class='ocrx_word' id='word_1_97' title='bbox 294 1582 455 1637; x_wconf 92' lang='lat' dir='ltr'>tibus</span> <span class='ocrx_word' id='word_1_98' title='bbox 488 1583 921 1651; x_wconf 86' lang='lat' dir='ltr'>sacerdotibus,</span> <span class='ocrx_word' id='word_1_99' title='bbox 968 1583 1307 1636; x_wconf 89' lang='lat' dir='ltr'>intermissa</span> <span class='ocrx_word' id='word_1_100' title='bbox 1367 1596 1673 1635; x_wconf 87' lang='lat' dir='ltr'>sacrorum</span> <span class='ocrx_word' id='word_1_101' title='bbox 1730 1580 1959 1648; x_wconf 87' lang='lat' dir='ltr'>ofﬁcia;</span> 
     </span>
    </p>
   </div>
   <div class='ocr_carea' id='block_1_15' title="bbox 295 1669 1956 1743">
    <p class='ocr_par' dir='ltr' id='par_1_15' title="bbox 295 1669 1956 1743">
     <span class='ocr_line' id='line_1_15' title="bbox 295 1669 1956 1743; baseline -0.002 -19"><span class='ocrx_word' id='word_1_102' title='bbox 295 1671 578 1743; x_wconf 91' lang='lat' dir='ltr'>quiequid</span> <span class='ocrx_word' id='word_1_103' title='bbox 608 1672 679 1726; x_wconf 90' lang='lat' dir='ltr'>ad</span> <span class='ocrx_word' id='word_1_104' title='bbox 711 1672 868 1725; x_wconf 89' lang='lat' dir='ltr'>sacri</span> <span class='ocrx_word' id='word_1_105' title='bbox 900 1671 1094 1725; x_wconf 89' lang='lat' dir='ltr'>cultus</span> <span class='ocrx_word' id='word_1_106' title='bbox 1152 1671 1586 1725; x_wconf 84' lang='lat' dir='ltr'>observantiam</span> <span class='ocrx_word' id='word_1_107' title='bbox 1635 1669 1956 1740; x_wconf 82' lang='lat' dir='ltr'>spectabat,</span> 
     </span>
    </p>
   </div>
   <div class='ocr_carea' id='block_1_16' title="bbox 2074 602 3727 673">
    <p class='ocr_par' dir='ltr' id='par_1_16' title="bbox 2074 602 3727 673">
     <span class='ocr_line' id='line_1_16' title="bbox 2074 602 3727 673; baseline 0.002 -18"><span class='ocrx_word' id='word_1_108' title='bbox 2074 602 2281 656; x_wconf 83' lang='lat' dir='ltr'>Rheno</span> <span class='ocrx_word' id='word_1_109' title='bbox 2339 603 2676 671; x_wconf 89' lang='lat' dir='ltr'>includitur,</span> <span class='ocrx_word' id='word_1_110' title='bbox 2728 604 2988 671; x_wconf 85' lang='lat' dir='ltr'>Quadus,</span> <span class='ocrx_word' id='word_1_111' title='bbox 3038 604 3390 671; x_wconf 88' lang='lat' dir='ltr'>Wandalus,</span> <span class='ocrx_word' id='word_1_112' title='bbox 3442 603 3727 673; x_wconf 85' lang='lat' dir='ltr'>Sarmata,</span> 
     </span>
    </p>
   </div>
   <div class='ocr_carea' id='block_1_17' title="bbox 2071 691 3732 764">
    <p class='ocr_par' dir='ltr' id='par_1_17' title="bbox 2071 691 3732 764">
     <span class='ocr_line' id='line_1_17' title="bbox 2071 691 3732 764; baseline 0.002 -20"><span class='ocrx_word' id='word_1_113' title='bbox 2071 692 2261 758; x_wconf 86' lang='lat' dir='ltr'>Alani,</span> <span class='ocrx_word' id='word_1_114' title='bbox 2295 691 2570 762; x_wconf 90' lang='lat' dir='ltr'>Gipedes,</span> <span class='ocrx_word' id='word_1_115' title='bbox 2609 693 2913 762; x_wconf 80' lang='lat' dir='ltr'>Herueli8,</span> <span class='ocrx_word' id='word_1_116' title='bbox 2935 694 3224 761; x_wconf 81' lang='lat' dir='ltr'>Saxones,</span> <span class='ocrx_word' id='word_1_117' title='bbox 3251 693 3732 764; x_wconf 79' lang='lat' dir='ltr'>Burgundiones,</span> 
     </span>
    </p>
   </div>
   <div class='ocr_carea' id='block_1_18' title="bbox 2071 780 3738 853">
    <p class='ocr_par' dir='ltr' id='par_1_18' title="bbox 2071 780 3738 853">
     <span class='ocr_line' id='line_1_18' title="bbox 2071 780 3738 853; baseline 0.002 -21"><span class='ocrx_word' id='word_1_118' title='bbox 2071 780 2398 849; x_wconf 87' lang='lat' dir='ltr'>Alamanni,</span> <span class='ocrx_word' id='word_1_119' title='bbox 2426 782 2801 853; x_wconf 89' lang='lat' dir='ltr'>ctolugenda</span> <span class='ocrx_word' id='word_1_120' title='bbox 2832 780 3203 852; x_wconf 86' lang='lat' dir='ltr'>respublica!</span> <span class='ocrx_word' id='word_1_121' title='bbox 3226 781 3432 836; x_wconf 90' lang='lat' dir='ltr'>hostes</span> <span class='ocrx_word' id='word_1_122' title='bbox 3450 780 3738 837; x_wconf 88' lang='lat' dir='ltr'>Pannonii</span> 
     </span>
    </p>
   </div>
   <div class='ocr_carea' id='block_1_19' title="bbox 2070 869 3737 942">
    <p class='ocr_par' dir='ltr' id='par_1_19' title="bbox 2070 869 3737 942">
     <span class='ocr_line' id='line_1_19' title="bbox 2070 869 3737 942; baseline 0.003 -21"><span class='ocrx_word' id='word_1_123' title='bbox 2070 873 2473 923; x_wconf 85' lang='lat' dir='ltr'>vastaverunt.</span> <span class='ocrx_word' id='word_1_124' title='bbox 2510 869 2739 924; x_wconf 89' lang='lat' dir='ltr'>Etenim</span> <span class='ocrx_word' id='word_1_125' title='bbox 2771 873 2967 925; x_wconf 83' lang='lat' dir='ltr'>Assur</span> <span class='ocrx_word' id='word_1_126' title='bbox 2994 870 3154 925; x_wconf 92' lang='lat' dir='ltr'>venit</span> <span class='ocrx_word' id='word_1_127' title='bbox 3174 886 3308 924; x_wconf 92' lang='lat' dir='ltr'>cum</span> <span class='ocrx_word' id='word_1_128' title='bbox 3330 871 3470 924; x_wconf 89' lang='lat' dir='ltr'>illis.</span> <span class='ocrx_word' id='word_1_129' title='bbox 3494 871 3737 942; x_wconf 86' lang='lat' dir='ltr'>Magun-</span> 
     </span>
    </p>
   </div>
   <div class='ocr_carea' id='block_1_20' title="bbox 2069 958 3730 1030">
    <p class='ocr_par' dir='ltr' id='par_1_20' title="bbox 2069 958 3730 1030">
     <span class='ocr_line' id='line_1_20' title="bbox 2069 958 3730 1030; baseline 0.002 -20"><span class='ocrx_word' id='word_1_130' title='bbox 2069 958 2258 1012; x_wconf 89' lang='lat' dir='ltr'>tiaeus</span> <span class='ocrx_word' id='word_1_131' title='bbox 2271 959 2488 1012; x_wconf 92' lang='lat' dir='ltr'>nobilis</span> <span class='ocrx_word' id='word_1_132' title='bbox 2510 960 2804 1029; x_wconf 87' lang='lat' dir='ltr'>quondam</span> <span class='ocrx_word' id='word_1_133' title='bbox 2821 960 3030 1014; x_wconf 87' lang='lat' dir='ltr'>civitas</span> <span class='ocrx_word' id='word_1_134' title='bbox 3047 964 3212 1029; x_wconf 89' lang='lat' dir='ltr'>capta</span> <span class='ocrx_word' id='word_1_135' title='bbox 3227 963 3398 1030; x_wconf 88' lang='lat' dir='ltr'>atque</span> <span class='ocrx_word' id='word_1_136' title='bbox 3415 961 3730 1029; x_wconf 89' lang='lat' dir='ltr'>subversa,</span> 
     </span>
    </p>
   </div>
   <div class='ocr_carea' id='block_1_21' title="bbox 2069 1048 3734 1104">
    <p class='ocr_par' dir='ltr' id='par_1_21' title="bbox 2069 1048 3734 1104">
     <span class='ocr_line' id='line_1_21' title="bbox 2069 1048 3734 1104; baseline 0.002 -4"><span class='ocrx_word' id='word_1_137' title='bbox 2069 1051 2126 1101; x_wconf 92' lang='lat' dir='ltr'>et</span> <span class='ocrx_word' id='word_1_138' title='bbox 2167 1048 2226 1100; x_wconf 90' lang='lat' dir='ltr'>in</span> <span class='ocrx_word' id='word_1_139' title='bbox 2284 1048 2559 1103; x_wconf 65' lang='lat' dir='ltr'>aecclesia</span> <span class='ocrx_word' id='word_1_140' title='bbox 2617 1051 2797 1103; x_wconf 88' lang='lat' dir='ltr'>multa</span> <span class='ocrx_word' id='word_1_141' title='bbox 2855 1050 3155 1104; x_wconf 87' lang='lat' dir='ltr'>hominum</span> <span class='ocrx_word' id='word_1_142' title='bbox 3212 1049 3372 1102; x_wconf 89' lang='lat' dir='ltr'>milia</span> <span class='ocrx_word' id='word_1_143' title='bbox 3424 1049 3734 1104; x_wconf 88' lang='lat' dir='ltr'>trucidata.</span> 
     </span>
    </p>
   </div>
   <div class='ocr_carea' id='block_1_22' title="bbox 2070 1136 3737 1209">
    <p class='ocr_par' dir='ltr' id='par_1_22' title="bbox 2070 1136 3737 1209">
     <span class='ocr_line' id='line_1_22' title="bbox 2070 1136 3737 1209; baseline 0.002 -21"><span class='ocrx_word' id='word_1_144' title='bbox 2070 1136 2445 1207; x_wconf 80' lang='lat' dir='ltr'>VVangiones</span> <span class='ocrx_word' id='word_1_145' title='bbox 2476 1138 2656 1209; x_wconf 87' lang='lat' dir='ltr'>longa</span> <span class='ocrx_word' id='word_1_146' title='bbox 2684 1139 2995 1193; x_wconf 89' lang='lat' dir='ltr'>obsidione</span> <span class='ocrx_word' id='word_1_147' title='bbox 3025 1137 3219 1205; x_wconf 87' lang='lat' dir='ltr'>deleti,</span> <span class='ocrx_word' id='word_1_148' title='bbox 3256 1138 3572 1192; x_wconf 78' lang='lat' dir='ltr'>Remorum</span> <span class='ocrx_word' id='word_1_149' title='bbox 3590 1139 3737 1192; x_wconf 89' lang='lat' dir='ltr'>urbs</span> 
     </span>
    </p>
   </div>
   <div class='ocr_carea' id='block_1_23' title="bbox 2067 1224 3740 1298">
    <p class='ocr_par' dir='ltr' id='par_1_23' title="bbox 2067 1224 3740 1298">
     <span class='ocr_line' id='line_1_23' title="bbox 2067 1224 3740 1298; baseline 0.002 -20"><span class='ocrx_word' id='word_1_150' title='bbox 2067 1229 2408 1294; x_wconf 89' lang='lat' dir='ltr'>prepotens,</span> <span class='ocrx_word' id='word_1_151' title='bbox 2444 1227 2772 1296; x_wconf 88' lang='lat' dir='ltr'>Ambianis,</span> <span class='ocrx_word' id='word_1_152' title='bbox 2806 1228 3104 1281; x_wconf 86' lang='lat' dir='ltr'>atrabatus</span> <span class='ocrx_word' id='word_1_153' title='bbox 3135 1224 3309 1298; x_wconf 87' lang='lat' dir='ltr'>[Nota</span> <span class='ocrx_word' id='word_1_154' title='bbox 3340 1226 3498 1296; x_wconf 89' lang='lat' dir='ltr'>quod</span> <span class='ocrx_word' id='word_1_155' title='bbox 3527 1226 3740 1280; x_wconf 89' lang='lat' dir='ltr'>Hiero-</span> 
     </span>
    </p>
   </div>
   <div class='ocr_carea' id='block_1_24' title="bbox 2068 1313 3735 1385">
    <p class='ocr_par' dir='ltr' id='par_1_24' title="bbox 2068 1313 3735 1385">
     <span class='ocr_line' id='line_1_24' title="bbox 2068 1313 3735 1385; baseline 0.002 -19"><span class='ocrx_word' id='word_1_156' title='bbox 2068 1313 2264 1368; x_wconf 92' lang='lat' dir='ltr'>nimus</span> <span class='ocrx_word' id='word_1_157' title='bbox 2295 1330 2427 1368; x_wconf 89' lang='lat' dir='ltr'>cum</span> <span class='ocrx_word' id='word_1_158' title='bbox 2473 1315 2605 1370; x_wconf 90' lang='lat' dir='ltr'>aliis</span> <span class='ocrx_word' id='word_1_159' title='bbox 2665 1315 2918 1370; x_wconf 88' lang='lat' dir='ltr'>urbibus</span> <span class='ocrx_word' id='word_1_160' title='bbox 2976 1314 3441 1385; x_wconf 84' lang='lat' dir='ltr'>destructionem</span> <span class='ocrx_word' id='word_1_161' title='bbox 3498 1329 3735 1385; x_wconf 87' lang='lat' dir='ltr'>quoque</span> 
     </span>
    </p>
   </div>
   <div class='ocr_carea' id='block_1_25' title="bbox 2069 1402 3754 1475">
    <p class='ocr_par' dir='ltr' id='par_1_25' title="bbox 2069 1402 3754 1475">
     <span class='ocr_line' id='line_1_25' title="bbox 2069 1402 3754 1475; baseline 0.002 -21"><span class='ocrx_word' id='word_1_162' title='bbox 2069 1402 2368 1457; x_wconf 87' lang='lat' dir='ltr'>Atrebatis</span> <span class='ocrx_word' id='word_1_163' title='bbox 2400 1404 2641 1475; x_wconf 81' lang='lat' dir='ltr'>plangit.</span> <span class='ocrx_word' id='word_1_164' title='bbox 2666 1405 2807 1459; x_wconf 69' lang='lat' dir='ltr'>Haec</span> <span class='ocrx_word' id='word_1_165' title='bbox 2835 1410 3042 1459; x_wconf 80' lang='lat' dir='ltr'>auctor</span> <span class='ocrx_word' id='word_1_166' title='bbox 3069 1406 3131 1457; x_wconf 85' lang='lat' dir='ltr'>in</span> <span class='ocrx_word' id='word_1_167' title='bbox 3179 1402 3493 1474; x_wconf 85' lang='lat' dir='ltr'>margine],</span> <span class='ocrx_word' id='word_1_168' title='bbox 3545 1403 3754 1457; x_wconf 75' lang='lat' dir='ltr'>extre-&#39;</span> 
     </span>
    </p>
   </div>
   <div class='ocr_carea' id='block_1_26' title="bbox 2070 1491 3739 1563">
    <p class='ocr_par' dir='ltr' id='par_1_26' title="bbox 2070 1491 3739 1563">
     <span class='ocr_line' id='line_1_26' title="bbox 2070 1491 3739 1563; baseline 0.001 -20"><span class='ocrx_word' id='word_1_169' title='bbox 2070 1491 2266 1561; x_wconf 90' lang='lat' dir='ltr'>mique</span> <span class='ocrx_word' id='word_1_170' title='bbox 2299 1493 2599 1547; x_wconf 89' lang='lat' dir='ltr'>hominum</span> <span class='ocrx_word' id='word_1_171' title='bbox 2630 1494 2864 1563; x_wconf 89' lang='lat' dir='ltr'>Morini,</span> <span class='ocrx_word' id='word_1_172' title='bbox 2899 1494 3227 1562; x_wconf 88' lang='lat' dir='ltr'>Tornacus,</span> <span class='ocrx_word' id='word_1_173' title='bbox 3255 1493 3739 1546; x_wconf 89' lang='lat' dir='ltr'>Nemetestrans-</span> 
     </span>
    </p>
   </div>
   <div class='ocr_carea' id='block_1_27' title="bbox 2071 1578 3738 1653">
    <p class='ocr_par' dir='ltr' id='par_1_27' title="bbox 2071 1578 3738 1653">
     <span class='ocr_line' id='line_1_27' title="bbox 2071 1578 3738 1653; baseline 0.001 -22"><span class='ocrx_word' id='word_1_174' title='bbox 2071 1578 2202 1633; x_wconf 82' lang='lat' dir='ltr'>latae</span> <span class='ocrx_word' id='word_1_175' title='bbox 2232 1580 2290 1633; x_wconf 91' lang='lat' dir='ltr'>in</span> <span class='ocrx_word' id='word_1_176' title='bbox 2321 1580 2710 1636; x_wconf 86' lang='lat' dir='ltr'>Germaniam.</span> <span class='ocrx_word' id='word_1_177' title='bbox 2746 1582 3076 1653; x_wconf 84' lang='lat' dir='ltr'>Aquitaniae</span> <span class='ocrx_word' id='word_1_178' title='bbox 3107 1596 3437 1652; x_wconf 88' lang='lat' dir='ltr'>novemque</span> <span class='ocrx_word' id='word_1_179' title='bbox 3486 1580 3738 1651; x_wconf 89' lang='lat' dir='ltr'>populo-</span> 
     </span>
    </p>
   </div>
   <div class='ocr_carea' id='block_1_28' title="bbox 2070 1670 3739 1742">
    <p class='ocr_par' dir='ltr' id='par_1_28' title="bbox 2070 1670 3739 1742">
     <span class='ocr_line' id='line_1_28' title="bbox 2070 1670 3739 1742; baseline 0.001 -21"><span class='ocrx_word' id='word_1_180' title='bbox 2070 1685 2201 1723; x_wconf 89' lang='lat' dir='ltr'>rum</span> <span class='ocrx_word' id='word_1_181' title='bbox 2231 1670 2653 1742; x_wconf 87' lang='lat' dir='ltr'>Lugdunensis</span> <span class='ocrx_word' id='word_1_182' title='bbox 2685 1671 3165 1727; x_wconf 89' lang='lat' dir='ltr'>etNarbonensis</span> <span class='ocrx_word' id='word_1_183' title='bbox 3191 1670 3513 1740; x_wconf 81' lang='lat' dir='ltr'>provinciae</span> <span class='ocrx_word' id='word_1_184' title='bbox 3536 1673 3739 1739; x_wconf 90' lang='lat' dir='ltr'>preter</span> 
     </span>
    </p>
   </div>
   <div class='ocr_carea' id='block_1_29' title="bbox 297 1731 3737 1831">
    <p class='ocr_par' dir='ltr' id='par_1_29' title="bbox 297 1731 3737 1831">
     <span class='ocr_line' id='line_1_29' title="bbox 297 1731 3737 1831; baseline 0 -18"><span class='ocrx_word' id='word_1_185' title='bbox 297 1761 638 1814; x_wconf 90' lang='lat' dir='ltr'>remissum.</span> <span class='ocrx_word' id='word_1_186' title='bbox 675 1760 1157 1814; x_wconf 89' lang='lat' dir='ltr'>lncumbentibus</span> <span class='ocrx_word' id='word_1_187' title='bbox 1187 1760 1398 1828; x_wconf 90' lang='lat' dir='ltr'>ruinis,</span> <span class='ocrx_word' id='word_1_188' title='bbox 1432 1760 1527 1813; x_wconf 85' lang='lat' dir='ltr'>alii</span> <span class='ocrx_word' id='word_1_189' title='bbox 1548 1777 1615 1814; x_wconf 92' lang='lat' dir='ltr'>se</span> <span class='ocrx_word' id='word_1_190' title='bbox 1644 1760 1961 1830; x_wconf 86' lang='lat' dir='ltr'>precipita-</span> <span class='ocrx_word' id='word_1_191' title='bbox 1991 1731 2046 1793; x_wconf 84' lang='grc' dir='ltr'>Β</span> <span class='ocrx_word' id='word_1_192' title='bbox 2070 1775 2291 1829; x_wconf 91' lang='lat' dir='ltr'>paucas</span> <span class='ocrx_word' id='word_1_193' title='bbox 2324 1762 2507 1815; x_wconf 90' lang='lat' dir='ltr'>urbes</span> <span class='ocrx_word' id='word_1_194' title='bbox 2543 1764 2751 1815; x_wconf 88' lang='lat' dir='ltr'>cuncta</span> <span class='ocrx_word' id='word_1_195' title='bbox 2783 1761 3053 1831; x_wconf 89' lang='lat' dir='ltr'>populata</span> <span class='ocrx_word' id='word_1_196' title='bbox 3087 1762 3242 1830; x_wconf 89' lang='lat' dir='ltr'>sunt,</span> <span class='ocrx_word' id='word_1_197' title='bbox 3278 1774 3427 1830; x_wconf 90' lang='lat' dir='ltr'>quas</span> <span class='ocrx_word' id='word_1_198' title='bbox 3468 1760 3525 1813; x_wconf 90' lang='lat' dir='ltr'>et</span> <span class='ocrx_word' id='word_1_199' title='bbox 3571 1758 3737 1828; x_wconf 88' lang='lat' dir='ltr'>ipsas</span> 
     </span>
    </p>
   </div>
   <div class='ocr_carea' id='block_1_30' title="bbox 296 1849 1961 1918">
    <p class='ocr_par' dir='ltr' id='par_1_30' title="bbox 296 1849 1961 1918">
     <span class='ocr_line' id='line_1_30' title="bbox 296 1849 1961 1918; baseline 0 -16"><span class='ocrx_word' id='word_1_200' title='bbox 296 1849 455 1918; x_wconf 87' lang='lat' dir='ltr'>bant,</span> <span class='ocrx_word' id='word_1_201' title='bbox 518 1849 614 1901; x_wconf 89' lang='lat' dir='ltr'>alii</span> <span class='ocrx_word' id='word_1_202' title='bbox 669 1849 873 1918; x_wconf 63' lang='lat' dir='ltr'>patriae</span> <span class='ocrx_word' id='word_1_203' title='bbox 931 1849 1219 1903; x_wconf 88' lang='lat' dir='ltr'>incendiis</span> <span class='ocrx_word' id='word_1_204' title='bbox 1279 1849 1712 1917; x_wconf 82' lang='lat' dir='ltr'>exurebantur;</span> <span class='ocrx_word' id='word_1_205' title='bbox 1753 1850 1961 1918; x_wconf 88' lang='lat' dir='ltr'>paucis</span> 
     </span>
    </p>
   </div>
   <div class='ocr_carea' id='block_1_31' title="bbox 299 1938 1962 2008">
    <p class='ocr_par' dir='ltr' id='par_1_31' title="bbox 299 1938 1962 2008">
     <span class='ocr_line' id='line_1_31' title="bbox 299 1938 1962 2008; baseline 0.001 -18"><span class='ocrx_word' id='word_1_206' title='bbox 299 1941 492 1991; x_wconf 90' lang='lat' dir='ltr'>tamen</span> <span class='ocrx_word' id='word_1_207' title='bbox 513 1952 703 2008; x_wconf 90' lang='lat' dir='ltr'>usque</span> <span class='ocrx_word' id='word_1_208' title='bbox 736 1938 807 1991; x_wconf 89' lang='lat' dir='ltr'>ad</span> <span class='ocrx_word' id='word_1_209' title='bbox 837 1938 1103 1991; x_wconf 87' lang='lat' dir='ltr'>ultimum</span> <span class='ocrx_word' id='word_1_210' title='bbox 1134 1939 1193 1992; x_wconf 92' lang='lat' dir='ltr'>in</span> <span class='ocrx_word' id='word_1_211' title='bbox 1224 1954 1332 1992; x_wconf 92' lang='lat' dir='ltr'>suo</span> <span class='ocrx_word' id='word_1_212' title='bbox 1392 1954 1635 1992; x_wconf 89' lang='lat' dir='ltr'>munere</span> <span class='ocrx_word' id='word_1_213' title='bbox 1683 1953 1962 2007; x_wconf 89' lang='lat' dir='ltr'>perseve-</span> 
     </span>
    </p>
   </div>
   <div class='ocr_carea' id='block_1_32' title="bbox 295 2027 1964 2097">
    <p class='ocr_par' dir='ltr' id='par_1_32' title="bbox 295 2027 1964 2097">
     <span class='ocr_line' id='line_1_32' title="bbox 295 2027 1964 2097; baseline 0.002 -19"><span class='ocrx_word' id='word_1_214' title='bbox 295 2027 587 2095; x_wconf 90' lang='lat' dir='ltr'>rantibus,</span> <span class='ocrx_word' id='word_1_215' title='bbox 619 2030 792 2097; x_wconf 86' lang='lat' dir='ltr'>atque</span> <span class='ocrx_word' id='word_1_216' title='bbox 825 2027 1078 2081; x_wconf 88' lang='lat' dir='ltr'>invicem</span> <span class='ocrx_word' id='word_1_217' title='bbox 1110 2042 1177 2081; x_wconf 90' lang='lat' dir='ltr'>se</span> <span class='ocrx_word' id='word_1_218' title='bbox 1210 2027 1602 2094; x_wconf 84' lang='lat' dir='ltr'>hortantibus,</span> <span class='ocrx_word' id='word_1_219' title='bbox 1649 2044 1723 2082; x_wconf 89' lang='lat' dir='ltr'>ne</span> <span class='ocrx_word' id='word_1_220' title='bbox 1765 2029 1825 2081; x_wconf 90' lang='lat' dir='ltr'>in</span> <span class='ocrx_word' id='word_1_221' title='bbox 1856 2044 1964 2097; x_wconf 84' lang='lat' dir='ltr'>po-</span> 
     </span>
    </p>
   </div>
   <div class='ocr_carea' id='block_1_33' title="bbox 300 2116 1966 2188">
    <p class='ocr_par' dir='ltr' id='par_1_33' title="bbox 300 2116 1966 2188">
     <span class='ocr_line' id='line_1_33' title="bbox 300 2116 1966 2188; baseline 0.001 -20"><span class='ocrx_word' id='word_1_222' title='bbox 300 2116 655 2171; x_wconf 88' lang='lat' dir='ltr'>sterioribus</span> <span class='ocrx_word' id='word_1_223' title='bbox 669 2119 953 2186; x_wconf 86' lang='lat' dir='ltr'>ponerent</span> <span class='ocrx_word' id='word_1_224' title='bbox 966 2132 1154 2170; x_wconf 85' lang='lat' dir='ltr'>sacrae</span> <span class='ocrx_word' id='word_1_225' title='bbox 1170 2117 1478 2188; x_wconf 87' lang='lat' dir='ltr'>religionis</span> <span class='ocrx_word' id='word_1_226' title='bbox 1493 2117 1772 2184; x_wconf 89' lang='lat' dir='ltr'>ofﬁcium,</span> <span class='ocrx_word' id='word_1_227' title='bbox 1791 2133 1966 2188; x_wconf 89' lang='lat' dir='ltr'>quam</span> 
     </span>
    </p>
   </div>
   <div class='ocr_carea' id='block_1_34' title="bbox 299 2203 1969 2285">
    <p class='ocr_par' dir='ltr' id='par_1_34' title="bbox 299 2203 1969 2285">
     <span class='ocr_line' id='line_1_34' title="bbox 299 2203 1969 2285; baseline 0.001 -28"><span class='ocrx_word' id='word_1_228' title='bbox 299 2203 509 2259; x_wconf 88' lang='lat' dir='ltr'>salutis</span> <span class='ocrx_word' id='word_1_229' title='bbox 523 2204 887 2273; x_wconf 71' lang='lat' dir='ltr'>praasidium.</span> <span class='ocrx_word' id='word_1_230' title='bbox 906 2206 1086 2259; x_wconf 75' lang='lat' dir='ltr'>Ilecte</span> <span class='ocrx_word' id='word_1_231' title='bbox 1101 2221 1325 2273; x_wconf 90' lang='lat' dir='ltr'>secum,</span> <span class='ocrx_word' id='word_1_232' title='bbox 1343 2206 1439 2277; x_wconf 85' lang='lat' dir='ltr'>agi</span> <span class='ocrx_word' id='word_1_233' title='bbox 1458 2205 1969 2285; x_wconf 43' lang='lat' dir='ltr'>pietati&#39;impende-</span> 
     </span>
    </p>
   </div>
   <div class='ocr_carea' id='block_1_35' title="bbox 297 2293 1964 2365">
    <p class='ocr_par' dir='ltr' id='par_1_35' title="bbox 297 2293 1964 2365">
     <span class='ocr_line' id='line_1_35' title="bbox 297 2293 1964 2365; baseline 0.001 -19"><span class='ocrx_word' id='word_1_234' title='bbox 297 2294 609 2363; x_wconf 89' lang='lat' dir='ltr'>rent,quod</span> <span class='ocrx_word' id='word_1_235' title='bbox 627 2293 943 2347; x_wconf 90' lang='lat' dir='ltr'>deberetur</span> <span class='ocrx_word' id='word_1_236' title='bbox 957 2294 1320 2362; x_wconf 81' lang='lat' dir='ltr'>necessitati;</span> <span class='ocrx_word' id='word_1_237' title='bbox 1340 2294 1823 2365; x_wconf 86' lang='lat' dir='ltr'>pulcherrimum,</span> <span class='ocrx_word' id='word_1_238' title='bbox 1842 2294 1894 2348; x_wconf 91' lang='lat' dir='ltr'>si</span> <span class='ocrx_word' id='word_1_239' title='bbox 1908 2294 1964 2347; x_wconf 90' lang='lat' dir='ltr'>in</span> 
     </span>
    </p>
   </div>
   <div class='ocr_carea' id='block_1_36' title="bbox 296 2382 1967 2455">
    <p class='ocr_par' dir='ltr' id='par_1_36' title="bbox 296 2382 1967 2455">
     <span class='ocr_line' id='line_1_36' title="bbox 296 2382 1967 2455; baseline 0.002 -20"><span class='ocrx_word' id='word_1_240' title='bbox 296 2382 502 2451; x_wconf 80' lang='lat' dir='ltr'>patriae</span> <span class='ocrx_word' id='word_1_241' title='bbox 520 2383 655 2436; x_wconf 90' lang='lat' dir='ltr'>sinu</span> <span class='ocrx_word' id='word_1_242' title='bbox 672 2382 911 2452; x_wconf 89' lang='lat' dir='ltr'>sepeliri</span> <span class='ocrx_word' id='word_1_243' title='bbox 938 2383 1162 2437; x_wconf 88' lang='lat' dir='ltr'>liceret.</span> <span class='ocrx_word' id='word_1_244' title='bbox 1182 2383 1332 2447; x_wconf 91' lang='lat' dir='ltr'>Quid</span> <span class='ocrx_word' id='word_1_245' title='bbox 1346 2383 1746 2455; x_wconf 82' lang='lat' dir='ltr'>enimjuvaret</span> <span class='ocrx_word' id='word_1_246' title='bbox 1760 2385 1967 2438; x_wconf 87' lang='lat' dir='ltr'>evade-</span> 
     </span>
    </p>
   </div>
   <div class='ocr_carea' id='block_1_37' title="bbox 297 2472 1964 2544">
    <p class='ocr_par' dir='ltr' id='par_1_37' title="bbox 297 2472 1964 2544">
     <span class='ocr_line' id='line_1_37' title="bbox 297 2472 1964 2544; baseline 0.001 -20"><span class='ocrx_word' id='word_1_247' title='bbox 297 2487 380 2540; x_wconf 89' lang='lat' dir='ltr'>re,</span> <span class='ocrx_word' id='word_1_248' title='bbox 398 2473 455 2526; x_wconf 91' lang='lat' dir='ltr'>et</span> <span class='ocrx_word' id='word_1_249' title='bbox 468 2472 847 2541; x_wconf 89' lang='lat' dir='ltr'>superstitem</span> <span class='ocrx_word' id='word_1_250' title='bbox 863 2472 1062 2526; x_wconf 91' lang='lat' dir='ltr'>vivere</span> <span class='ocrx_word' id='word_1_251' title='bbox 1080 2472 1738 2544; x_wconf 80' lang='lat' dir='ltr'>religioni?Preclarum</span> <span class='ocrx_word' id='word_1_252' title='bbox 1765 2473 1964 2543; x_wconf 88' lang='lat' dir='ltr'>potius</span> 
     </span>
    </p>
   </div>
   <div class='ocr_carea' id='block_1_38' title="bbox 297 2560 1965 2632">
    <p class='ocr_par' dir='ltr' id='par_1_38' title="bbox 297 2560 1965 2632">
     <span class='ocr_line' id='line_1_38' title="bbox 297 2560 1965 2632; baseline 0.002 -20"><span class='ocrx_word' id='word_1_253' title='bbox 297 2561 579 2613; x_wconf 88' lang='lat' dir='ltr'>commori</span> <span class='ocrx_word' id='word_1_254' title='bbox 595 2560 693 2629; x_wconf 90' lang='lat' dir='ltr'>pio</span> <span class='ocrx_word' id='word_1_255' title='bbox 717 2561 965 2614; x_wconf 86' lang='lat' dir='ltr'>muneri.</span> <span class='ocrx_word' id='word_1_256' title='bbox 991 2560 1382 2632; x_wconf 88' lang='lat' dir='ltr'>Quodsiquis,</span> <span class='ocrx_word' id='word_1_257' title='bbox 1405 2561 1656 2632; x_wconf 89' lang='lat' dir='ltr'>periculi</span> <span class='ocrx_word' id='word_1_258' title='bbox 1674 2564 1850 2628; x_wconf 89' lang='lat' dir='ltr'>metu,</span> <span class='ocrx_word' id='word_1_259' title='bbox 1872 2562 1965 2616; x_wconf 86' lang='lat' dir='ltr'>de-</span> 
     </span>
    </p>
   </div>
   <div class='ocr_carea' id='block_1_39' title="bbox 296 2648 1961 2720">
    <p class='ocr_par' dir='ltr' id='par_1_39' title="bbox 296 2648 1961 2720">
     <span class='ocr_line' id='line_1_39' title="bbox 296 2648 1961 2720; baseline 0.002 -20"><span class='ocrx_word' id='word_1_260' title='bbox 296 2651 474 2717; x_wconf 86' lang='lat' dir='ltr'>serat,</span> <span class='ocrx_word' id='word_1_261' title='bbox 501 2648 885 2719; x_wconf 88' lang='lat' dir='ltr'>saerilegium</span> <span class='ocrx_word' id='word_1_262' title='bbox 906 2652 1015 2712; x_wconf 89' lang='lat' dir='ltr'>est,</span> <span class='ocrx_word' id='word_1_263' title='bbox 1051 2650 1105 2703; x_wconf 90' lang='lat' dir='ltr'>si</span> <span class='ocrx_word' id='word_1_264' title='bbox 1134 2650 1269 2719; x_wconf 91' lang='lat' dir='ltr'>quis</span> <span class='ocrx_word' id='word_1_265' title='bbox 1313 2650 1566 2720; x_wconf 90' lang='lat' dir='ltr'>impleat,</span> <span class='ocrx_word' id='word_1_266' title='bbox 1601 2651 1961 2704; x_wconf 88' lang='lat' dir='ltr'>sacriﬁcium</span> 
     </span>
    </p>
   </div>
   <div class='ocr_carea' id='block_1_40' title="bbox 295 2737 1959 2810">
    <p class='ocr_par' dir='ltr' id='par_1_40' title="bbox 295 2737 1959 2810">
     <span class='ocr_line' id='line_1_40' title="bbox 295 2737 1959 2810; baseline 0.002 -21"><span class='ocrx_word' id='word_1_267' title='bbox 295 2740 387 2789; x_wconf 89' lang='lat' dir='ltr'>est</span> <span class='ocrx_word' id='word_1_268' title='bbox 408 2737 521 2806; x_wconf 82' lang='lat' dir='ltr'>piae</span> <span class='ocrx_word' id='word_1_269' title='bbox 534 2737 833 2805; x_wconf 89' lang='lat' dir='ltr'>passionis</span> <span class='ocrx_word' id='word_1_270' title='bbox 854 2738 1121 2792; x_wconf 74' lang='lat' dir='ltr'>victoria&#39;</span> <span class='ocrx_word' id='word_1_271' title='bbox 1149 2739 1380 2794; x_wconf 89' lang='lat' dir='ltr'>Infulati</span> <span class='ocrx_word' id='word_1_272' title='bbox 1398 2741 1595 2810; x_wconf 87' lang='lat' dir='ltr'>itaque</span> <span class='ocrx_word' id='word_1_273' title='bbox 1614 2740 1959 2794; x_wconf 85' lang='lat' dir='ltr'>sacerdotes</span> 
     </span>
    </p>
   </div>
   <div class='ocr_carea' id='block_1_41' title="bbox 292 2824 1956 2898">
    <p class='ocr_par' dir='ltr' id='par_1_41' title="bbox 292 2824 1956 2898">
     <span class='ocr_line' id='line_1_41' title="bbox 292 2824 1956 2898; baseline 0.003 -21"><span class='ocrx_word' id='word_1_274' title='bbox 292 2824 446 2878; x_wconf 87' lang='lat' dir='ltr'>inter</span> <span class='ocrx_word' id='word_1_275' title='bbox 474 2841 618 2880; x_wconf 89' lang='lat' dir='ltr'>suas</span> <span class='ocrx_word' id='word_1_276' title='bbox 651 2826 877 2881; x_wconf 89' lang='lat' dir='ltr'>hostias</span> <span class='ocrx_word' id='word_1_277' title='bbox 910 2826 1386 2898; x_wconf 87' lang='lat' dir='ltr'>immolabantur,</span> <span class='ocrx_word' id='word_1_278' title='bbox 1411 2831 1466 2883; x_wconf 92' lang='lat' dir='ltr'>et</span> <span class='ocrx_word' id='word_1_279' title='bbox 1497 2828 1694 2882; x_wconf 83' lang='lat' dir='ltr'>amicti</span> <span class='ocrx_word' id='word_1_280' title='bbox 1752 2844 1956 2882; x_wconf 83' lang='lat' dir='ltr'>sacer—</span> 
     </span>
    </p>
   </div>
   <div class='ocr_carea' id='block_1_42' title="bbox 294 2913 1958 2988">
    <p class='ocr_par' dir='ltr' id='par_1_42' title="bbox 294 2913 1958 2988">
     <span class='ocr_line' id='line_1_42' title="bbox 294 2913 1958 2988; baseline 0.003 -22"><span class='ocrx_word' id='word_1_281' title='bbox 294 2913 591 2969; x_wconf 85' lang='lat' dir='ltr'>dotalibus</span> <span class='ocrx_word' id='word_1_282' title='bbox 610 2915 781 2970; x_wconf 90' lang='lat' dir='ltr'>stolis</span> <span class='ocrx_word' id='word_1_283' title='bbox 803 2917 956 2971; x_wconf 91' lang='lat' dir='ltr'>inter</span> <span class='ocrx_word' id='word_1_284' title='bbox 983 2932 1237 2987; x_wconf 92' lang='lat' dir='ltr'>corpora</span> <span class='ocrx_word' id='word_1_285' title='bbox 1268 2917 1603 2972; x_wconf 90' lang='lat' dir='ltr'>occisorum</span> <span class='ocrx_word' id='word_1_286' title='bbox 1624 2916 1958 2988; x_wconf 89' lang='lat' dir='ltr'>humijace-</span> 
     </span>
    </p>
   </div>
   <div class='ocr_carea' id='block_1_43' title="bbox 292 3001 1958 3061">
    <p class='ocr_par' dir='ltr' id='par_1_43' title="bbox 292 3001 1958 3061">
     <span class='ocr_line' id='line_1_43' title="bbox 292 3001 1958 3061; baseline 0.002 -5"><span class='ocrx_word' id='word_1_287' title='bbox 292 3001 453 3058; x_wconf 89' lang='lat' dir='ltr'>bant.</span> <span class='ocrx_word' id='word_1_288' title='bbox 473 3003 591 3058; x_wconf 91' lang='lat' dir='ltr'>Sed</span> <span class='ocrx_word' id='word_1_289' title='bbox 620 3020 731 3059; x_wconf 90' lang='lat' dir='ltr'>nec</span> <span class='ocrx_word' id='word_1_290' title='bbox 763 3006 958 3060; x_wconf 89' lang='lat' dir='ltr'>solum</span> <span class='ocrx_word' id='word_1_291' title='bbox 986 3006 1047 3059; x_wconf 92' lang='lat' dir='ltr'>in</span> <span class='ocrx_word' id='word_1_292' title='bbox 1077 3006 1270 3060; x_wconf 89' lang='lat' dir='ltr'>sacris</span> <span class='ocrx_word' id='word_1_293' title='bbox 1300 3007 1589 3061; x_wconf 90' lang='lat' dir='ltr'>ministris</span> <span class='ocrx_word' id='word_1_294' title='bbox 1617 3009 1778 3061; x_wconf 88' lang='lat' dir='ltr'>tanta</span> <span class='ocrx_word' id='word_1_295' title='bbox 1809 3009 1958 3061; x_wconf 89' lang='lat' dir='ltr'>stra-</span> 
     </span>
    </p>
   </div>
   <div class='ocr_carea' id='block_1_44' title="bbox 292 3093 1958 3166">
    <p class='ocr_par' dir='ltr' id='par_1_44' title="bbox 292 3093 1958 3166">
     <span class='ocr_line' id='line_1_44' title="bbox 292 3093 1958 3166; baseline 0.002 -20"><span class='ocrx_word' id='word_1_296' title='bbox 292 3107 404 3163; x_wconf 86' lang='lat' dir='ltr'>ges</span> <span class='ocrx_word' id='word_1_297' title='bbox 426 3093 777 3160; x_wconf 89' lang='lat' dir='ltr'>desevierat,</span> <span class='ocrx_word' id='word_1_298' title='bbox 811 3095 918 3148; x_wconf 90' lang='lat' dir='ltr'>sed</span> <span class='ocrx_word' id='word_1_299' title='bbox 949 3097 1005 3149; x_wconf 90' lang='lat' dir='ltr'>et</span> <span class='ocrx_word' id='word_1_300' title='bbox 1034 3095 1328 3166; x_wconf 88' lang='lat' dir='ltr'>reliquum</span> <span class='ocrx_word' id='word_1_301' title='bbox 1362 3096 1580 3166; x_wconf 87' lang='lat' dir='ltr'>vulgus</span> <span class='ocrx_word' id='word_1_302' title='bbox 1625 3096 1958 3150; x_wconf 88' lang='lat' dir='ltr'>miserrima</span> 
     </span>
    </p>
   </div>
   <div class='ocr_carea' id='block_1_45' title="bbox 293 3181 1958 3255">
    <p class='ocr_par' dir='ltr' id='par_1_45' title="bbox 293 3181 1958 3255">
     <span class='ocr_line' id='line_1_45' title="bbox 293 3181 1958 3255; baseline 0.002 -21"><span class='ocrx_word' id='word_1_303' title='bbox 293 3181 437 3236; x_wconf 88' lang='lat' dir='ltr'>cede</span> <span class='ocrx_word' id='word_1_304' title='bbox 468 3182 786 3237; x_wconf 78' lang='lat' dir='ltr'>cruciabat.</span> <span class='ocrx_word' id='word_1_305' title='bbox 808 3184 1282 3255; x_wconf 86' lang='lat' dir='ltr'>Humanaitaque</span> <span class='ocrx_word' id='word_1_306' title='bbox 1304 3184 1526 3254; x_wconf 89' lang='lat' dir='ltr'>pariter</span> <span class='ocrx_word' id='word_1_307' title='bbox 1553 3187 1729 3255; x_wconf 87' lang='lat' dir='ltr'>atque</span> <span class='ocrx_word' id='word_1_308' title='bbox 1760 3184 1958 3237; x_wconf 91' lang='lat' dir='ltr'>divina</span> 
     </span>
    </p>
   </div>
   <div class='ocr_carea' id='block_1_46' title="bbox 291 3271 1950 3328">
    <p class='ocr_par' dir='ltr' id='par_1_46' title="bbox 291 3271 1950 3328">
     <span class='ocr_line' id='line_1_46' title="bbox 291 3271 1950 3328; baseline 0.002 -5"><span class='ocrx_word' id='word_1_309' title='bbox 291 3271 757 3326; x_wconf 87' lang='lat' dir='ltr'>maculabantur.</span> <span class='ocrx_word' id='word_1_310' title='bbox 818 3272 1029 3327; x_wconf 88' lang='lat' dir='ltr'>Nonne</span> <span class='ocrx_word' id='word_1_311' title='bbox 1078 3275 1135 3327; x_wconf 92' lang='lat' dir='ltr'>et</span> <span class='ocrx_word' id='word_1_312' title='bbox 1193 3274 1264 3327; x_wconf 91' lang='lat' dir='ltr'>de</span> <span class='ocrx_word' id='word_1_313' title='bbox 1316 3273 1411 3328; x_wconf 88' lang='lat' dir='ltr'>his</span> <span class='ocrx_word' id='word_1_314' title='bbox 1465 3274 1693 3327; x_wconf 81' lang='lat' dir='ltr'>dixerat</span> <span class='ocrx_word' id='word_1_315' title='bbox 1733 3274 1950 3327; x_wconf 89' lang='lat' dir='ltr'>David:</span> 
     </span>
    </p>
   </div>
   <div class='ocr_carea' id='block_1_47' title="bbox 302 3358 1958 3433">
    <p class='ocr_par' dir='ltr' id='par_1_47' title="bbox 302 3358 1958 3433">
     <span class='ocr_line' id='line_1_47' title="bbox 302 3358 1958 3433; baseline 0.002 -21"><span class='ocrx_word' id='word_1_316' title='bbox 302 3358 600 3414; x_wconf 81' lang='lat' dir='ltr'>Venerunt</span> <span class='ocrx_word' id='word_1_317' title='bbox 629 3366 843 3431; x_wconf 78' lang='lat' dir='ltr'>gentes</span> <span class='ocrx_word' id='word_1_318' title='bbox 875 3363 938 3415; x_wconf 82' lang='lat' dir='ltr'>in</span> <span class='ocrx_word' id='word_1_319' title='bbox 969 3361 1369 3417; x_wconf 83' lang='lat' dir='ltr'>hereditatem</span> <span class='ocrx_word' id='word_1_320' title='bbox 1404 3370 1587 3430; x_wconf 88' lang='lat' dir='ltr'>tuam,</span> <span class='ocrx_word' id='word_1_321' title='bbox 1618 3362 1958 3433; x_wconf 80' lang='lat' dir='ltr'>polluerent</span> 
     </span>
    </p>
   </div>
   <div class='ocr_carea' id='block_1_48' title="bbox 294 3448 1956 3521">
    <p class='ocr_par' dir='ltr' id='par_1_48' title="bbox 294 3448 1956 3521">
     <span class='ocr_line' id='line_1_48' title="bbox 294 3448 1956 3521; baseline 0.003 -20"><span class='ocrx_word' id='word_1_322' title='bbox 294 3448 566 3519; x_wconf 82' lang='lat' dir='ltr'>templum</span> <span class='ocrx_word' id='word_1_323' title='bbox 598 3455 864 3503; x_wconf 85' lang='lat' dir='ltr'>sam-tum</span> <span class='ocrx_word' id='word_1_324' title='bbox 899 3456 1072 3516; x_wconf 89' lang='lat' dir='ltr'>tuum,</span> <span class='ocrx_word' id='word_1_325' title='bbox 1104 3458 1431 3521; x_wconf 86' lang='lat' dir='ltr'>posuerunt</span> <span class='ocrx_word' id='word_1_326' title='bbox 1450 3451 1721 3506; x_wconf 84' lang='lat' dir='ltr'>mortalia</span> <span class='ocrx_word' id='word_1_327' title='bbox 1742 3467 1956 3506; x_wconf 87' lang='lat' dir='ltr'>servo-</span> 
     </span>
    </p>
   </div>
   <div class='ocr_carea' id='block_1_49' title="bbox 289 3538 1959 3602">
    <p class='ocr_par' dir='ltr' id='par_1_49' title="bbox 289 3538 1959 3602">
     <span class='ocr_line' id='line_1_49' title="bbox 289 3538 1959 3602; baseline 0.002 -12"><span class='ocrx_word' id='word_1_328' title='bbox 289 3552 419 3590; x_wconf 86' lang='lat' dir='ltr'>rum</span> <span class='ocrx_word' id='word_1_329' title='bbox 453 3542 680 3591; x_wconf 88' lang='lat' dir='ltr'>tuorum</span> <span class='ocrx_word' id='word_1_330' title='bbox 711 3552 882 3591; x_wconf 86' lang='lat' dir='ltr'>escas</span> <span class='ocrx_word' id='word_1_331' title='bbox 918 3538 1258 3593; x_wconf 76' lang='lat' dir='ltr'>volatilibus</span> <span class='ocrx_word' id='word_1_332' title='bbox 1287 3539 1418 3593; x_wconf 58' lang='lat'>021?”</span> <span class='ocrx_word' id='word_1_333' title='bbox 1438 3558 1455 3602; x_wconf 84' lang='lat'><strong><em>;</em></strong></span> <span class='ocrx_word' id='word_1_334' title='bbox 1475 3538 1959 3595; x_wconf 76' lang='lat' dir='ltr'>eti‘uderuntsan-</span> 
     </span>
    </p>
   </div>
   <div class='ocr_carea' id='block_1_50' title="bbox 287 3625 1953 3699">
    <p class='ocr_par' dir='ltr' id='par_1_50' title="bbox 287 3625 1953 3699">
     <span class='ocr_line' id='line_1_50' title="bbox 287 3625 1953 3699; baseline 0.003 -21"><span class='ocrx_word' id='word_1_335' title='bbox 287 3625 527 3696; x_wconf 85' lang='lat' dir='ltr'>guinem</span> <span class='ocrx_word' id='word_1_336' title='bbox 560 3641 759 3680; x_wconf 87' lang='lat' dir='ltr'>eorum</span> <span class='ocrx_word' id='word_1_337' title='bbox 790 3625 946 3681; x_wconf 86' lang='lat' dir='ltr'>velut</span> <span class='ocrx_word' id='word_1_338' title='bbox 967 3644 1171 3699; x_wconf 86' lang='lat' dir='ltr'>aquam</span> <span class='ocrx_word' id='word_1_339' title='bbox 1191 3630 1254 3681; x_wconf 87' lang='lat' dir='ltr'>iu</span> <span class='ocrx_word' id='word_1_340' title='bbox 1278 3628 1532 3683; x_wconf 83' lang='lat' dir='ltr'>circuitu</span> <span class='ocrx_word' id='word_1_341' title='bbox 1555 3629 1953 3696; x_wconf 84' lang='lat' dir='ltr'>Hierusalem,</span> 
     </span>
    </p>
   </div>
   <div class='ocr_carea' id='block_1_51' title="bbox 291 3715 1957 3787">
    <p class='ocr_par' dir='ltr' id='par_1_51' title="bbox 291 3715 1957 3787">
     <span class='ocr_line' id='line_1_51' title="bbox 291 3715 1957 3787; baseline 0.003 -20"><span class='ocrx_word' id='word_1_342' title='bbox 291 3720 351 3767; x_wconf 89' lang='lat' dir='ltr'>et</span> <span class='ocrx_word' id='word_1_343' title='bbox 381 3731 493 3768; x_wconf 89' lang='lat' dir='ltr'>non</span> <span class='ocrx_word' id='word_1_344' title='bbox 525 3720 657 3768; x_wconf 87' lang='lat' dir='ltr'>erat</span> <span class='ocrx_word' id='word_1_345' title='bbox 687 3715 787 3787; x_wconf 87' lang='lat' dir='ltr'>qui</span> <span class='ocrx_word' id='word_1_346' title='bbox 814 3716 1102 3787; x_wconf 86' lang='lat' dir='ltr'>sepeliret</span> <span class='ocrx_word' id='word_1_347' title='bbox 1125 3715 1300 3784; x_wconf 86' lang='lat' dir='ltr'>(Psal</span> <span class='ocrx_word' id='word_1_348' title='bbox 1323 3735 1569 3785; x_wconf 81' lang='lat' dir='ltr'>Lxxvm,</span> <span class='ocrx_word' id='word_1_349' title='bbox 1594 3717 1735 3786; x_wconf 82' lang='grc'>1-3).</span> <span class='ocrx_word' id='word_1_350' title='bbox 1772 3718 1957 3772; x_wconf 90' lang='lat' dir='ltr'>Simul</span> 
     </span>
    </p>
   </div>
   <div class='ocr_carea' id='block_1_52' title="bbox 288 3803 1953 3876">
    <p class='ocr_par' dir='ltr' id='par_1_52' title="bbox 288 3803 1953 3876">
     <span class='ocr_line' id='line_1_52' title="bbox 288 3803 1953 3876; baseline 0.001 -18"><span class='ocrx_word' id='word_1_351' title='bbox 288 3803 445 3858; x_wconf 90' lang='lat' dir='ltr'>enim</span> <span class='ocrx_word' id='word_1_352' title='bbox 477 3807 614 3858; x_wconf 90' lang='lat' dir='ltr'>tunc</span> <span class='ocrx_word' id='word_1_353' title='bbox 644 3808 701 3859; x_wconf 92' lang='lat' dir='ltr'>et</span> <span class='ocrx_word' id='word_1_354' title='bbox 730 3809 942 3876; x_wconf 86' lang='lat' dir='ltr'>gentes</span> <span class='ocrx_word' id='word_1_355' title='bbox 974 3809 1262 3859; x_wconf 85' lang='lat' dir='ltr'>venerunt</span> <span class='ocrx_word' id='word_1_356' title='bbox 1292 3807 1351 3859; x_wconf 90' lang='lat' dir='ltr'>in</span> <span class='ocrx_word' id='word_1_357' title='bbox 1395 3806 1782 3861; x_wconf 88' lang='lat' dir='ltr'>hereditatem</span> <span class='ocrx_word' id='word_1_358' title='bbox 1828 3807 1953 3876; x_wconf 90' lang='lat' dir='ltr'>Dei,</span> 
     </span>
    </p>
   </div>
   <div class='ocr_carea' id='block_1_53' title="bbox 289 3893 1959 3966">
    <p class='ocr_par' dir='ltr' id='par_1_53' title="bbox 289 3893 1959 3966">
     <span class='ocr_line' id='line_1_53' title="bbox 289 3893 1959 3966; baseline 0.002 -20"><span class='ocrx_word' id='word_1_359' title='bbox 289 3909 423 3963; x_wconf 70' lang='lat' dir='ltr'>quae</span> <span class='ocrx_word' id='word_1_360' title='bbox 456 3893 759 3947; x_wconf 88' lang='lat' dir='ltr'>auferrent</span> <span class='ocrx_word' id='word_1_361' title='bbox 790 3893 1004 3957; x_wconf 88' lang='lat' dir='ltr'>omnia,</span> <span class='ocrx_word' id='word_1_362' title='bbox 1058 3896 1114 3949; x_wconf 90' lang='lat' dir='ltr'>et</span> <span class='ocrx_word' id='word_1_363' title='bbox 1157 3895 1373 3965; x_wconf 88' lang='lat' dir='ltr'>templa</span> <span class='ocrx_word' id='word_1_364' title='bbox 1411 3895 1518 3950; x_wconf 91' lang='lat' dir='ltr'>Dei</span> <span class='ocrx_word' id='word_1_365' title='bbox 1565 3896 1787 3966; x_wconf 86' lang='lat' dir='ltr'>polluta</span> <span class='ocrx_word' id='word_1_366' title='bbox 1819 3901 1959 3951; x_wconf 90' lang='lat' dir='ltr'>sunt</span> 
     </span>
    </p>
   </div>
   <div class='ocr_carea' id='block_1_54' title="bbox 291 3981 1959 4055">
    <p class='ocr_par' dir='ltr' id='par_1_54' title="bbox 291 3981 1959 4055">
     <span class='ocr_line' id='line_1_54' title="bbox 291 3981 1959 4055; baseline 0.002 -20"><span class='ocrx_word' id='word_1_367' title='bbox 291 3981 566 4036; x_wconf 89' lang='lat' dir='ltr'>manibus</span> <span class='ocrx_word' id='word_1_368' title='bbox 596 3982 909 4052; x_wconf 86' lang='lat' dir='ltr'>impiorum</span> <span class='ocrx_word' id='word_1_369' title='bbox 939 3985 995 4037; x_wconf 93' lang='lat' dir='ltr'>et</span> <span class='ocrx_word' id='word_1_370' title='bbox 1018 3982 1308 4054; x_wconf 86' lang='lat' dir='ltr'>insepulta</span> <span class='ocrx_word' id='word_1_371' title='bbox 1333 3985 1651 4055; x_wconf 88' lang='lat' dir='ltr'>jacuerunt</span> <span class='ocrx_word' id='word_1_372' title='bbox 1673 3986 1959 4040; x_wconf 88' lang='lat' dir='ltr'>cadavera</span> 
     </span>
    </p>
   </div>
   <div class='ocr_carea' id='block_1_55' title="bbox 296 4069 1953 4141">
    <p class='ocr_par' dir='ltr' id='par_1_55' title="bbox 296 4069 1953 4141">
     <span class='ocr_line' id='line_1_55' title="bbox 296 4069 1953 4141; baseline 0.002 -18"><span class='ocrx_word' id='word_1_373' title='bbox 296 4069 763 4141; x_wconf 87' lang='lat' dir='ltr'>interfectorum,</span> <span class='ocrx_word' id='word_1_374' title='bbox 799 4072 867 4126; x_wconf 89' lang='lat' dir='ltr'>ad</span> <span class='ocrx_word' id='word_1_375' title='bbox 902 4087 1104 4126; x_wconf 88' lang='lat' dir='ltr'>escam</span> <span class='ocrx_word' id='word_1_376' title='bbox 1135 4072 1331 4128; x_wconf 88' lang='lat' dir='ltr'>avium</span> <span class='ocrx_word' id='word_1_377' title='bbox 1364 4077 1419 4127; x_wconf 91' lang='lat' dir='ltr'>et</span> <span class='ocrx_word' id='word_1_378' title='bbox 1450 4075 1953 4128; x_wconf 89' lang='lat' dir='ltr'>bestiarumvora-</span> 
     </span>
    </p>
   </div>
   <div class='ocr_carea' id='block_1_56' title="bbox 2070 1846 3588 1920">
    <p class='ocr_par' dir='ltr' id='par_1_56' title="bbox 2070 1846 3588 1920">
     <span class='ocr_line' id='line_1_56' title="bbox 2070 1846 3588 1920; baseline -0.001 -18"><span class='ocrx_word' id='word_1_379' title='bbox 2070 1849 2220 1903; x_wconf 87' lang='lat' dir='ltr'>foris</span> <span class='ocrx_word' id='word_1_380' title='bbox 2252 1849 2507 1920; x_wconf 85' lang='lat' dir='ltr'>gladius,</span> <span class='ocrx_word' id='word_1_381' title='bbox 2543 1850 2702 1904; x_wconf 89' lang='lat' dir='ltr'>intus</span> <span class='ocrx_word' id='word_1_382' title='bbox 2732 1853 2925 1904; x_wconf 89' lang='lat' dir='ltr'>vastat</span> <span class='ocrx_word' id='word_1_383' title='bbox 2955 1849 3163 1917; x_wconf 89' lang='lat' dir='ltr'>fames,</span> <span class='ocrx_word' id='word_1_384' title='bbox 3202 1873 3224 1896; x_wconf 70' lang='grc' dir='ltr'><strong><em>ι»</em></strong></span> <span class='ocrx_word' id='word_1_385' title='bbox 3260 1851 3318 1903; x_wconf 90' lang='lat' dir='ltr'>et</span> <span class='ocrx_word' id='word_1_386' title='bbox 3347 1846 3588 1919; x_wconf 89' lang='lat' dir='ltr'>cetera.]</span> 
     </span>
    </p>
   </div>
   <div class='ocr_carea' id='block_1_57' title="bbox 2140 1937 3737 2009">
    <p class='ocr_par' dir='ltr' id='par_1_57' title="bbox 2140 1937 3737 2009">
     <span class='ocr_line' id='line_1_57' title="bbox 2140 1937 3737 2009; baseline -0.002 -17"><span class='ocrx_word' id='word_1_387' title='bbox 2140 1938 2192 1992; x_wconf 89' lang='lat'>6.</span> <span class='ocrx_word' id='word_1_388' title='bbox 2231 1938 2487 1993; x_wconf 86' lang='lat' dir='ltr'>Sanctus</span> <span class='ocrx_word' id='word_1_389' title='bbox 2528 1938 2832 2003; x_wconf 84' lang='lat' dir='ltr'>Vedastus,</span> <span class='ocrx_word' id='word_1_390' title='bbox 2872 1939 3077 1993; x_wconf 84' lang='lat' dir='ltr'>divina</span> <span class='ocrx_word' id='word_1_391' title='bbox 3124 1938 3430 2009; x_wconf 83' lang='lat' dir='ltr'>dirigente</span> <span class='ocrx_word' id='word_1_392' title='bbox 3457 1937 3656 2008; x_wconf 86' lang='lat' dir='ltr'>gratia</span> <span class='ocrx_word' id='word_1_393' title='bbox 3676 1937 3737 1990; x_wconf 89' lang='lat' dir='ltr'>in</span> 
     </span>
    </p>
   </div>
   <div class='ocr_carea' id='block_1_58' title="bbox 2071 2024 3734 2099">
    <p class='ocr_par' dir='ltr' id='par_1_58' title="bbox 2071 2024 3734 2099">
     <span class='ocr_line' id='line_1_58' title="bbox 2071 2024 3734 2099; baseline -0.001 -19"><span class='ocrx_word' id='word_1_394' title='bbox 2071 2028 2221 2082; x_wconf 73' lang='lat' dir='ltr'>lianc</span> <span class='ocrx_word' id='word_1_395' title='bbox 2245 2029 2618 2099; x_wconf 85' lang='lat' dir='ltr'>provinciam</span> <span class='ocrx_word' id='word_1_396' title='bbox 2649 2029 2997 2092; x_wconf 86' lang='lat' dir='ltr'>deveniens,</span> <span class='ocrx_word' id='word_1_397' title='bbox 3036 2026 3393 2081; x_wconf 88' lang='lat' dir='ltr'>Clodoveum</span> <span class='ocrx_word' id='word_1_398' title='bbox 3411 2041 3636 2096; x_wconf 85' lang='lat' dir='ltr'>regem,</span> <span class='ocrx_word' id='word_1_399' title='bbox 3661 2024 3734 2080; x_wconf 91' lang='lat' dir='ltr'>ob</span> 
     </span>
    </p>
   </div>
   <div class='ocr_carea' id='block_1_59' title="bbox 2071 2114 3736 2188">
    <p class='ocr_par' dir='ltr' id='par_1_59' title="bbox 2071 2114 3736 2188">
     <span class='ocr_line' id='line_1_59' title="bbox 2071 2114 3736 2188; baseline -0.001 -18"><span class='ocrx_word' id='word_1_400' title='bbox 2071 2122 2346 2171; x_wconf 84' lang='lat' dir='ltr'>eventum</span> <span class='ocrx_word' id='word_1_401' title='bbox 2376 2116 2523 2171; x_wconf 84' lang='lat' dir='ltr'>belli</span> <span class='ocrx_word' id='word_1_402' title='bbox 2551 2118 2747 2171; x_wconf 84' lang='lat' dir='ltr'>minus</span> <span class='ocrx_word' id='word_1_403' title='bbox 2753 2117 3035 2188; x_wconf 86' lang='lat' dir='ltr'>prosperi</span> <span class='ocrx_word' id='word_1_404' title='bbox 3051 2116 3126 2170; x_wconf 84' lang='lat' dir='ltr'>ad</span> <span class='ocrx_word' id='word_1_405' title='bbox 3147 2115 3362 2170; x_wconf 86' lang='lat' dir='ltr'>cultum</span> <span class='ocrx_word' id='word_1_406' title='bbox 3386 2114 3736 2169; x_wconf 73' lang='lat' dir='ltr'>christianee</span> 
     </span>
    </p>
   </div>
   <div class='ocr_carea' id='block_1_60' title="bbox 2069 2204 3738 2277">
    <p class='ocr_par' dir='ltr' id='par_1_60' title="bbox 2069 2204 3738 2277">
     <span class='ocr_line' id='line_1_60' title="bbox 2069 2204 3738 2277; baseline -0.003 -18"><span class='ocrx_word' id='word_1_407' title='bbox 2069 2204 2215 2261; x_wconf 81' lang='lat' dir='ltr'>ﬁdei</span> <span class='ocrx_word' id='word_1_408' title='bbox 2231 2211 2510 2274; x_wconf 82' lang='lat' dir='ltr'>eoactum,</span> <span class='ocrx_word' id='word_1_409' title='bbox 2531 2207 2607 2261; x_wconf 86' lang='lat' dir='ltr'>ad</span> <span class='ocrx_word' id='word_1_410' title='bbox 2624 2213 2888 2260; x_wconf 87' lang='lat' dir='ltr'>sanctum</span> <span class='ocrx_word' id='word_1_411' title='bbox 2908 2206 3238 2277; x_wconf 80' lang='lat' dir='ltr'>Remigium</span> <span class='ocrx_word' id='word_1_412' title='bbox 3252 2204 3413 2259; x_wconf 84' lang='lat' dir='ltr'>ducit</span> <span class='ocrx_word' id='word_1_413' title='bbox 3429 2204 3738 2275; x_wconf 82' lang='lat' dir='ltr'>baptizan-</span> 
     </span>
    </p>
   </div>
   <div class='ocr_carea' id='block_1_61' title="bbox 2070 2291 3739 2366">
    <p class='ocr_par' dir='ltr' id='par_1_61' title="bbox 2070 2291 3739 2366">
     <span class='ocr_line' id='line_1_61' title="bbox 2070 2291 3739 2366; baseline -0.003 -17"><span class='ocrx_word' id='word_1_414' title='bbox 2070 2294 2226 2349; x_wconf 89' lang='lat' dir='ltr'>dum.</span> <span class='ocrx_word' id='word_1_415' title='bbox 2261 2295 2462 2366; x_wconf 87' lang='lat' dir='ltr'>Itaque</span> <span class='ocrx_word' id='word_1_416' title='bbox 2492 2296 2631 2350; x_wconf 88' lang='lat' dir='ltr'>dum</span> <span class='ocrx_word' id='word_1_417' title='bbox 2662 2295 2790 2350; x_wconf 66' lang='lat' dir='ltr'>haec</span> <span class='ocrx_word' id='word_1_418' title='bbox 2830 2296 3119 2349; x_wconf 87' lang='lat' dir='ltr'>tirannica</span> <span class='ocrx_word' id='word_1_419' title='bbox 3167 2294 3370 2348; x_wconf 88' lang='lat' dir='ltr'>rabies</span> <span class='ocrx_word' id='word_1_420' title='bbox 3417 2293 3476 2345; x_wconf 90' lang='lat' dir='ltr'>in</span> <span class='ocrx_word' id='word_1_421' title='bbox 3518 2291 3739 2347; x_wconf 88' lang='lat' dir='ltr'>Christi</span> 
     </span>
    </p>
   </div>
   <div class='ocr_carea' id='block_1_62' title="bbox 2070 2382 3735 2453">
    <p class='ocr_par' dir='ltr' id='par_1_62' title="bbox 2070 2382 3735 2453">
     <span class='ocr_line' id='line_1_62' title="bbox 2070 2382 3735 2453; baseline -0.003 -15"><span class='ocrx_word' id='word_1_422' title='bbox 2070 2383 2405 2438; x_wconf 77' lang='lat' dir='ltr'>aecclesiam</span> <span class='ocrx_word' id='word_1_423' title='bbox 2452 2384 2769 2453; x_wconf 87' lang='lat' dir='ltr'>deseviret,</span> <span class='ocrx_word' id='word_1_424' title='bbox 2805 2384 2913 2438; x_wconf 90' lang='lat' dir='ltr'>fuit</span> <span class='ocrx_word' id='word_1_425' title='bbox 2962 2384 3174 2437; x_wconf 91' lang='lat' dir='ltr'>civitas</span> <span class='ocrx_word' id='word_1_426' title='bbox 3233 2382 3546 2436; x_wconf 79' lang='lat' dir='ltr'>Atrebates</span> <span class='ocrx_word' id='word_1_427' title='bbox 3603 2395 3735 2434; x_wconf 86' lang='lat' dir='ltr'>sme</span> 
     </span>
    </p>
   </div>
   <div class='ocr_carea' id='block_1_63' title="bbox 2067 2469 3726 2544">
    <p class='ocr_par' dir='ltr' id='par_1_63' title="bbox 2067 2469 3726 2544">
     <span class='ocr_line' id='line_1_63' title="bbox 2067 2469 3726 2544; baseline -0.002 -18"><span class='ocrx_word' id='word_1_428' title='bbox 2067 2473 2337 2543; x_wconf 89' lang='lat' dir='ltr'>principe</span> <span class='ocrx_word' id='word_1_429' title='bbox 2357 2473 2677 2527; x_wconf 88' lang='lat' dir='ltr'>sacerdotii</span> <span class='ocrx_word' id='word_1_430' title='bbox 2691 2489 2882 2544; x_wconf 87' lang='lat' dir='ltr'>usque</span> <span class='ocrx_word' id='word_1_431' title='bbox 2896 2473 2967 2526; x_wconf 89' lang='lat' dir='ltr'>ad</span> <span class='ocrx_word' id='word_1_432' title='bbox 2997 2475 3232 2541; x_wconf 89' lang='lat' dir='ltr'>tempus</span> <span class='ocrx_word' id='word_1_433' title='bbox 3255 2472 3444 2525; x_wconf 91' lang='lat' dir='ltr'>sancti</span> <span class='ocrx_word' id='word_1_434' title='bbox 3468 2469 3726 2523; x_wconf 90' lang='lat' dir='ltr'>Vedasti.</span> 
     </span>
    </p>
   </div>
   <div class='ocr_carea' id='block_1_64' title="bbox 2070 2558 3728 2630">
    <p class='ocr_par' dir='ltr' id='par_1_64' title="bbox 2070 2558 3728 2630">
     <span class='ocr_line' id='line_1_64' title="bbox 2070 2558 3728 2630; baseline -0.002 -15"><span class='ocrx_word' id='word_1_435' title='bbox 2070 2562 2373 2616; x_wconf 63' lang='lat' dir='ltr'>Ecclesia</span> <span class='ocrx_word' id='word_1_436' title='bbox 2404 2563 2728 2630; x_wconf 90' lang='lat' dir='ltr'>destructa,</span> <span class='ocrx_word' id='word_1_437' title='bbox 2759 2562 3004 2615; x_wconf 90' lang='lat' dir='ltr'>locusin</span> <span class='ocrx_word' id='word_1_438' title='bbox 3028 2560 3407 2615; x_wconf 87' lang='lat' dir='ltr'>solitudinem</span> <span class='ocrx_word' id='word_1_439' title='bbox 3435 2558 3728 2626; x_wconf 89' lang='lat' dir='ltr'>redactus,</span> 
     </span>
    </p>
   </div>
   <div class='ocr_carea' id='block_1_65' title="bbox 2071 2647 3730 2721">
    <p class='ocr_par' dir='ltr' id='par_1_65' title="bbox 2071 2647 3730 2721">
     <span class='ocr_line' id='line_1_65' title="bbox 2071 2647 3730 2721; baseline -0.002 -17"><span class='ocrx_word' id='word_1_440' title='bbox 2071 2651 2329 2705; x_wconf 89' lang='lat' dir='ltr'>ferarum</span> <span class='ocrx_word' id='word_1_441' title='bbox 2360 2650 2640 2705; x_wconf 90' lang='lat' dir='ltr'>habitatio</span> <span class='ocrx_word' id='word_1_442' title='bbox 2661 2652 2853 2705; x_wconf 87' lang='lat' dir='ltr'>factus</span> <span class='ocrx_word' id='word_1_443' title='bbox 2875 2654 2988 2718; x_wconf 89' lang='lat' dir='ltr'>est,</span> <span class='ocrx_word' id='word_1_444' title='bbox 3004 2649 3044 2721; x_wconf 91' lang='lat'>[(</span> <span class='ocrx_word' id='word_1_445' title='bbox 3064 2649 3191 2702; x_wconf 87' lang='lat' dir='ltr'>Vita</span> <span class='ocrx_word' id='word_1_446' title='bbox 3214 2648 3281 2702; x_wconf 90' lang='lat' dir='ltr'>S.</span> <span class='ocrx_word' id='word_1_447' title='bbox 3318 2647 3605 2717; x_wconf 84' lang='lat' dir='ltr'>Vedasti.)</span> <span class='ocrx_word' id='word_1_448' title='bbox 3624 2647 3730 2701; x_wconf 84' lang='lat' dir='ltr'>Hic</span> 
     </span>
    </p>
   </div>
   <div class='ocr_carea' id='block_1_66' title="bbox 2070 2736 3736 2811">
    <p class='ocr_par' dir='ltr' id='par_1_66' title="bbox 2070 2736 3736 2811">
     <span class='ocr_line' id='line_1_66' title="bbox 2070 2736 3736 2811; baseline -0.002 -18"><span class='ocrx_word' id='word_1_449' title='bbox 2070 2742 2314 2793; x_wconf 89' lang='lat' dir='ltr'>sanctus</span> <span class='ocrx_word' id='word_1_450' title='bbox 2348 2739 2453 2793; x_wconf 91' lang='lat' dir='ltr'>Dei</span> <span class='ocrx_word' id='word_1_451' title='bbox 2484 2740 2800 2794; x_wconf 88' lang='lat' dir='ltr'>confessor</span> <span class='ocrx_word' id='word_1_452' title='bbox 2818 2742 2875 2793; x_wconf 92' lang='lat' dir='ltr'>et</span> <span class='ocrx_word' id='word_1_453' title='bbox 2905 2738 3193 2811; x_wconf 86' lang='lat' dir='ltr'>egregius</span> <span class='ocrx_word' id='word_1_454' title='bbox 3223 2736 3736 2807; x_wconf 87' lang='lat' dir='ltr'>predicator,tem-</span> 
     </span>
    </p>
   </div>
   <div class='ocr_carea' id='block_1_67' title="bbox 2068 2826 3733 2899">
    <p class='ocr_par' dir='ltr' id='par_1_67' title="bbox 2068 2826 3733 2899">
     <span class='ocr_line' id='line_1_67' title="bbox 2068 2826 3733 2899; baseline -0.002 -17"><span class='ocrx_word' id='word_1_455' title='bbox 2068 2828 2317 2897; x_wconf 89' lang='lat' dir='ltr'>poribus</span> <span class='ocrx_word' id='word_1_456' title='bbox 2343 2828 2659 2882; x_wconf 86' lang='lat' dir='ltr'>fortissimi</span> <span class='ocrx_word' id='word_1_457' title='bbox 2692 2828 2858 2899; x_wconf 88' lang='lat' dir='ltr'>regis</span> <span class='ocrx_word' id='word_1_458' title='bbox 2888 2831 3025 2882; x_wconf 90' lang='lat' dir='ltr'>tunc</span> <span class='ocrx_word' id='word_1_459' title='bbox 3056 2827 3338 2896; x_wconf 89' lang='lat' dir='ltr'>temporis</span> <span class='ocrx_word' id='word_1_460' title='bbox 3368 2826 3733 2880; x_wconf 89' lang='lat' dir='ltr'>Francorum</span> 
     </span>
    </p>
   </div>
   <div class='ocr_carea' id='block_1_68' title="bbox 2069 2913 3737 2988">
    <p class='ocr_par' dir='ltr' id='par_1_68' title="bbox 2069 2913 3737 2988">
     <span class='ocr_line' id='line_1_68' title="bbox 2069 2913 3737 2988; baseline -0.002 -19"><span class='ocrx_word' id='word_1_461' title='bbox 2069 2914 2371 2984; x_wconf 89' lang='lat' dir='ltr'>Clodovei,</span> <span class='ocrx_word' id='word_1_462' title='bbox 2392 2917 2452 2969; x_wconf 91' lang='lat' dir='ltr'>in</span> <span class='ocrx_word' id='word_1_463' title='bbox 2471 2917 2579 2970; x_wconf 90' lang='lat' dir='ltr'>has</span> <span class='ocrx_word' id='word_1_464' title='bbox 2601 2916 2798 2970; x_wconf 90' lang='lat' dir='ltr'>divina</span> <span class='ocrx_word' id='word_1_465' title='bbox 2811 2916 3102 2988; x_wconf 86' lang='lat' dir='ltr'>dirigente</span> <span class='ocrx_word' id='word_1_466' title='bbox 3126 2915 3313 2988; x_wconf 87' lang='lat' dir='ltr'>gratia</span> <span class='ocrx_word' id='word_1_467' title='bbox 3324 2915 3398 2968; x_wconf 93' lang='lat' dir='ltr'>ob</span> <span class='ocrx_word' id='word_1_468' title='bbox 3417 2913 3737 2968; x_wconf 88' lang='lat' dir='ltr'>multorum</span> 
     </span>
    </p>
   </div>
   <div class='ocr_carea' id='block_1_69' title="bbox 2070 3002 3739 3077">
    <p class='ocr_par' dir='ltr' id='par_1_69' title="bbox 2070 3002 3739 3077">
     <span class='ocr_line' id='line_1_69' title="bbox 2070 3002 3739 3077; baseline -0.002 -19"><span class='ocrx_word' id='word_1_469' title='bbox 2070 3006 2320 3059; x_wconf 85' lang='lat' dir='ltr'>salutem</span> <span class='ocrx_word' id='word_1_470' title='bbox 2349 3005 2619 3075; x_wconf 86' lang='lat' dir='ltr'>pervenit</span> <span class='ocrx_word' id='word_1_471' title='bbox 2651 3004 2976 3077; x_wconf 88' lang='lat' dir='ltr'>regiones.]</span> <span class='ocrx_word' id='word_1_472' title='bbox 3006 3004 3194 3076; x_wconf 82' lang='lat' dir='ltr'>Cujus</span> <span class='ocrx_word' id='word_1_473' title='bbox 3225 3004 3310 3058; x_wconf 92' lang='lat' dir='ltr'>rei</span> <span class='ocrx_word' id='word_1_474' title='bbox 3356 3002 3621 3058; x_wconf 90' lang='lat' dir='ltr'>ordinem</span> <span class='ocrx_word' id='word_1_475' title='bbox 3681 3005 3739 3056; x_wconf 94' lang='lat' dir='ltr'>et</span> 
     </span>
    </p>
   </div>
   <div class='ocr_carea' id='block_1_70' title="bbox 2069 3092 3734 3164">
    <p class='ocr_par' dir='ltr' id='par_1_70' title="bbox 2069 3092 3734 3164">
     <span class='ocr_line' id='line_1_70' title="bbox 2069 3092 3734 3164; baseline -0.002 -17"><span class='ocrx_word' id='word_1_476' title='bbox 2069 3110 2331 3163; x_wconf 90' lang='lat' dir='ltr'>causam,</span> <span class='ocrx_word' id='word_1_477' title='bbox 2365 3098 2645 3164; x_wconf 86' lang='lat' dir='ltr'>quantum</span> <span class='ocrx_word' id='word_1_478' title='bbox 2675 3094 2941 3148; x_wconf 86' lang='lat' dir='ltr'>brevitas</span> <span class='ocrx_word' id='word_1_479' title='bbox 2970 3095 3206 3163; x_wconf 89' lang='lat' dir='ltr'>patitur,</span> <span class='ocrx_word' id='word_1_480' title='bbox 3240 3092 3375 3147; x_wconf 78' lang='lat' dir='ltr'>stilo</span> <span class='ocrx_word' id='word_1_481' title='bbox 3407 3106 3734 3162; x_wconf 87' lang='lat' dir='ltr'>prosequa-</span> 
     </span>
    </p>
   </div>
   <div class='ocr_carea' id='block_1_71' title="bbox 2066 3180 3730 3253">
    <p class='ocr_par' dir='ltr' id='par_1_71' title="bbox 2066 3180 3730 3253">
     <span class='ocr_line' id='line_1_71' title="bbox 2066 3180 3730 3253; baseline -0.002 -16"><span class='ocrx_word' id='word_1_482' title='bbox 2066 3198 2218 3237; x_wconf 91' lang='lat' dir='ltr'>mur.</span> <span class='ocrx_word' id='word_1_483' title='bbox 2252 3184 2437 3237; x_wconf 89' lang='lat' dir='ltr'>Porro</span> <span class='ocrx_word' id='word_1_484' title='bbox 2485 3186 2846 3238; x_wconf 90' lang='lat' dir='ltr'>memoratus</span> <span class='ocrx_word' id='word_1_485' title='bbox 2889 3183 3174 3253; x_wconf 90' lang='lat' dir='ltr'>princeps</span> <span class='ocrx_word' id='word_1_486' title='bbox 3215 3180 3487 3235; x_wconf 88' lang='lat' dir='ltr'>fanaticis</span> <span class='ocrx_word' id='word_1_487' title='bbox 3536 3180 3730 3235; x_wconf 88' lang='lat' dir='ltr'>adhuc</span> 
     </span>
    </p>
   </div>
   <div class='ocr_carea' id='block_1_72' title="bbox 2062 3269 3730 3342">
    <p class='ocr_par' dir='ltr' id='par_1_72' title="bbox 2062 3269 3730 3342">
     <span class='ocr_line' id='line_1_72' title="bbox 2062 3269 3730 3342; baseline -0.003 -16"><span class='ocrx_word' id='word_1_488' title='bbox 2062 3273 2374 3327; x_wconf 87' lang='lat' dir='ltr'>tenebatur</span> <span class='ocrx_word' id='word_1_489' title='bbox 2403 3272 2711 3326; x_wconf 89' lang='lat' dir='ltr'>erroribus</span> <span class='ocrx_word' id='word_1_490' title='bbox 2732 3271 3058 3338; x_wconf 89' lang='lat' dir='ltr'>involutus,</span> <span class='ocrx_word' id='word_1_491' title='bbox 3105 3270 3235 3342; x_wconf 90' lang='lat' dir='ltr'>[sed</span> <span class='ocrx_word' id='word_1_492' title='bbox 3287 3272 3414 3324; x_wconf 88' lang='lat' dir='ltr'>erat</span> <span class='ocrx_word' id='word_1_493' title='bbox 3469 3269 3522 3323; x_wconf 92' lang='lat' dir='ltr'>ei</span> <span class='ocrx_word' id='word_1_494' title='bbox 3579 3283 3730 3323; x_wconf 86' lang='lat' dir='ltr'>uxor</span> 
     </span>
    </p>
   </div>
   <div class='ocr_carea' id='block_1_73' title="bbox 2062 3357 3731 3432">
    <p class='ocr_par' dir='ltr' id='par_1_73' title="bbox 2062 3357 3731 3432">
     <span class='ocr_line' id='line_1_73' title="bbox 2062 3357 3731 3432; baseline -0.003 -17"><span class='ocrx_word' id='word_1_495' title='bbox 2062 3361 2347 3432; x_wconf 86' lang='lat' dir='ltr'>religiosa</span> <span class='ocrx_word' id='word_1_496' title='bbox 2385 3361 2780 3431; x_wconf 87' lang='lat' dir='ltr'>baptismique</span> <span class='ocrx_word' id='word_1_497' title='bbox 2825 3360 3216 3414; x_wconf 88' lang='lat' dir='ltr'>sacramentis</span> <span class='ocrx_word' id='word_1_498' title='bbox 3267 3359 3507 3427; x_wconf 87' lang='lat' dir='ltr'>initiata,</span> <span class='ocrx_word' id='word_1_499' title='bbox 3540 3357 3731 3411; x_wconf 86' lang='lat' dir='ltr'>Chro-</span> 
     </span>
    </p>
   </div>
   <div class='ocr_carea' id='block_1_74' title="bbox 2061 3447 3731 3520">
    <p class='ocr_par' dir='ltr' id='par_1_74' title="bbox 2061 3447 3731 3520">
     <span class='ocr_line' id='line_1_74' title="bbox 2061 3447 3731 3520; baseline -0.003 -16"><span class='ocrx_word' id='word_1_500' title='bbox 2061 3450 2266 3504; x_wconf 89' lang='lat' dir='ltr'>thildis</span> <span class='ocrx_word' id='word_1_501' title='bbox 2324 3450 2558 3504; x_wconf 90' lang='lat' dir='ltr'>nomine</span> <span class='ocrx_word' id='word_1_502' title='bbox 2608 3449 2707 3518; x_wconf 92' lang='lat' dir='ltr'>(V.</span> <span class='ocrx_word' id='word_1_503' title='bbox 2753 3447 2964 3520; x_wconf 85' lang='lat' dir='ltr'>Ved.),]</span> <span class='ocrx_word' id='word_1_504' title='bbox 3019 3448 3136 3501; x_wconf 90' lang='lat' dir='ltr'>ﬁlia</span> <span class='ocrx_word' id='word_1_505' title='bbox 3191 3447 3510 3517; x_wconf 85' lang='lat' dir='ltr'>Chilperici</span> <span class='ocrx_word' id='word_1_506' title='bbox 3565 3447 3731 3518; x_wconf 86' lang='lat' dir='ltr'>regis</span> 
     </span>
    </p>
   </div>
   <div class='ocr_carea' id='block_1_75' title="bbox 2061 3535 3724 3609">
    <p class='ocr_par' dir='ltr' id='par_1_75' title="bbox 2061 3535 3724 3609">
     <span class='ocr_line' id='line_1_75' title="bbox 2061 3535 3724 3609; baseline -0.002 -16"><span class='ocrx_word' id='word_1_507' title='bbox 2061 3554 2236 3609; x_wconf 90' lang='lat' dir='ltr'>quem</span> <span class='ocrx_word' id='word_1_508' title='bbox 2248 3537 2670 3594; x_wconf 89' lang='lat' dir='ltr'>Gundebaldus</span> <span class='ocrx_word' id='word_1_509' title='bbox 2684 3553 2789 3592; x_wconf 85' lang='lat' dir='ltr'>rex</span> <span class='ocrx_word' id='word_1_510' title='bbox 2805 3537 2986 3592; x_wconf 85' lang='lat' dir='ltr'>frater</span> <span class='ocrx_word' id='word_1_511' title='bbox 3001 3537 3135 3608; x_wconf 88' lang='lat' dir='ltr'>ejus</span> <span class='ocrx_word' id='word_1_512' title='bbox 3154 3537 3302 3591; x_wconf 90' lang='lat' dir='ltr'>ortis</span> <span class='ocrx_word' id='word_1_513' title='bbox 3325 3535 3724 3589; x_wconf 87' lang='lat' dir='ltr'>simultatibus</span> 
     </span>
    </p>
   </div>
   <div class='ocr_carea' id='block_1_76' title="bbox 2060 3626 3729 3698">
    <p class='ocr_par' dir='ltr' id='par_1_76' title="bbox 2060 3626 3729 3698">
     <span class='ocr_line' id='line_1_76' title="bbox 2060 3626 3729 3698; baseline -0.001 -18"><span class='ocrx_word' id='word_1_514' title='bbox 2060 3628 2456 3683; x_wconf 89' lang='lat' dir='ltr'>interfecerat.</span> <span class='ocrx_word' id='word_1_515' title='bbox 2485 3628 2628 3682; x_wconf 84' lang='lat' dir='ltr'>Haec</span> <span class='ocrx_word' id='word_1_516' title='bbox 2646 3627 3146 3682; x_wconf 90' lang='lat' dir='ltr'>christianissima</span> <span class='ocrx_word' id='word_1_517' title='bbox 3166 3626 3373 3698; x_wconf 87' lang='lat' dir='ltr'>regina</span> <span class='ocrx_word' id='word_1_518' title='bbox 3385 3640 3591 3697; x_wconf 89' lang='lat' dir='ltr'>regem</span> <span class='ocrx_word' id='word_1_519' title='bbox 3636 3639 3729 3678; x_wconf 83' lang='lat' dir='ltr'>co-</span> 
     </span>
    </p>
   </div>
   <div class='ocr_carea' id='block_1_77' title="bbox 2061 3713 3731 3786">
    <p class='ocr_par' dir='ltr' id='par_1_77' title="bbox 2061 3713 3731 3786">
     <span class='ocr_line' id='line_1_77' title="bbox 2061 3713 3731 3786; baseline -0.002 -16"><span class='ocrx_word' id='word_1_520' title='bbox 2061 3717 2200 3771; x_wconf 88' lang='lat' dir='ltr'>tidie</span> <span class='ocrx_word' id='word_1_521' title='bbox 2229 3717 2658 3786; x_wconf 88' lang='lat' dir='ltr'>blandiebatur,</span> <span class='ocrx_word' id='word_1_522' title='bbox 2694 3716 2956 3770; x_wconf 88' lang='lat' dir='ltr'>suadens</span> <span class='ocrx_word' id='word_1_523' title='bbox 2989 3716 3062 3771; x_wconf 89' lang='lat' dir='ltr'>ab</span> <span class='ocrx_word' id='word_1_524' title='bbox 3095 3715 3383 3769; x_wconf 68' lang='lat' dir='ltr'>idolatriae</span> <span class='ocrx_word' id='word_1_525' title='bbox 3414 3713 3643 3768; x_wconf 89' lang='lat' dir='ltr'>cultura</span> <span class='ocrx_word' id='word_1_526' title='bbox 3657 3714 3731 3766; x_wconf 90' lang='lat' dir='ltr'>ad</span> 
     </span>
    </p>
   </div>
   <div class='ocr_carea' id='block_1_78' title="bbox 2061 3802 3731 3874">
    <p class='ocr_par' dir='ltr' id='par_1_78' title="bbox 2061 3802 3731 3874">
     <span class='ocr_line' id='line_1_78' title="bbox 2061 3802 3731 3874; baseline -0.002 -15"><span class='ocrx_word' id='word_1_527' title='bbox 2061 3806 2239 3860; x_wconf 91' lang='lat' dir='ltr'>unius</span> <span class='ocrx_word' id='word_1_528' title='bbox 2298 3805 2424 3860; x_wconf 91' lang='lat' dir='ltr'>veri</span> <span class='ocrx_word' id='word_1_529' title='bbox 2474 3805 2580 3859; x_wconf 92' lang='lat' dir='ltr'>Dei</span> <span class='ocrx_word' id='word_1_530' title='bbox 2612 3806 2830 3859; x_wconf 90' lang='lat' dir='ltr'>cultum</span> <span class='ocrx_word' id='word_1_531' title='bbox 2861 3805 3148 3874; x_wconf 90' lang='lat' dir='ltr'>converti,</span> <span class='ocrx_word' id='word_1_532' title='bbox 3186 3808 3249 3858; x_wconf 91' lang='lat' dir='ltr'>ut</span> <span class='ocrx_word' id='word_1_533' title='bbox 3287 3819 3392 3873; x_wconf 90' lang='lat' dir='ltr'>per</span> <span class='ocrx_word' id='word_1_534' title='bbox 3423 3802 3731 3857; x_wconf 90' lang='lat' dir='ltr'>mulierem</span> 
     </span>
    </p>
   </div>
   <div class='ocr_carea' id='block_1_79' title="bbox 2063 3890 3733 3960">
    <p class='ocr_par' dir='ltr' id='par_1_79' title="bbox 2063 3890 3733 3960">
     <span class='ocr_line' id='line_1_79' title="bbox 2063 3890 3733 3960; baseline -0.002 -11"><span class='ocrx_word' id='word_1_535' title='bbox 2063 3895 2297 3949; x_wconf 86' lang='lat' dir='ltr'>ﬁdelem</span> <span class='ocrx_word' id='word_1_536' title='bbox 2320 3894 2656 3949; x_wconf 87' lang='lat' dir='ltr'>salvaretur</span> <span class='ocrx_word' id='word_1_537' title='bbox 2684 3895 2778 3948; x_wconf 90' lang='lat' dir='ltr'>vir</span> <span class='ocrx_word' id='word_1_538' title='bbox 2805 3894 3062 3949; x_wconf 84' lang='lat' dir='ltr'>inﬁdelis</span> <span class='ocrx_word' id='word_1_539' title='bbox 3093 3894 3150 3960; x_wconf 86' lang='grc'>(1</span> <span class='ocrx_word' id='word_1_540' title='bbox 3192 3893 3329 3948; x_wconf 85' lang='lat' dir='ltr'>Cor.</span> <span class='ocrx_word' id='word_1_541' title='bbox 3356 3909 3456 3960; x_wconf 82' lang='lat' dir='ltr'>vn,</span> <span class='ocrx_word' id='word_1_542' title='bbox 3481 3890 3591 3960; x_wconf 82' lang='grc'>14).</span> <span class='ocrx_word' id='word_1_543' title='bbox 3616 3891 3733 3946; x_wconf 90' lang='lat' dir='ltr'>Sed</span> 
     </span>
    </p>
   </div>
   <div class='ocr_carea' id='block_1_80' title="bbox 2063 3981 3734 4055">
    <p class='ocr_par' dir='ltr' id='par_1_80' title="bbox 2063 3981 3734 4055">
     <span class='ocr_line' id='line_1_80' title="bbox 2063 3981 3734 4055; baseline -0.003 -17"><span class='ocrx_word' id='word_1_544' title='bbox 2063 4000 2172 4039; x_wconf 87' lang='lat' dir='ltr'>rex</span> <span class='ocrx_word' id='word_1_545' title='bbox 2198 3984 2425 4055; x_wconf 81' lang='lat' dir='ltr'>reginae</span> <span class='ocrx_word' id='word_1_546' title='bbox 2456 3983 2772 4038; x_wconf 89' lang='lat' dir='ltr'>consilium</span> <span class='ocrx_word' id='word_1_547' title='bbox 2794 3982 3290 4051; x_wconf 89' lang='lat' dir='ltr'>minusaudiebat,</span> <span class='ocrx_word' id='word_1_548' title='bbox 3312 3981 3450 4051; x_wconf 88' lang='lat' dir='ltr'>quia</span> <span class='ocrx_word' id='word_1_549' title='bbox 3488 3981 3734 4035; x_wconf 88' lang='lat' dir='ltr'>deorum</span> 
     </span>
    </p>
   </div>
   <div class='ocr_carea' id='block_1_81' title="bbox 2069 4066 3725 4139">
    <p class='ocr_par' dir='ltr' id='par_1_81' title="bbox 2069 4066 3725 4139">
     <span class='ocr_line' id='line_1_81' title="bbox 2069 4066 3725 4139; baseline -0.002 -12"><span class='ocrx_word' id='word_1_550' title='bbox 2069 4088 2314 4127; x_wconf 88' lang='lat' dir='ltr'>suorum</span> <span class='ocrx_word' id='word_1_551' title='bbox 2344 4072 2562 4127; x_wconf 88' lang='lat' dir='ltr'>auxilio</span> <span class='ocrx_word' id='word_1_552' title='bbox 2592 4072 2723 4126; x_wconf 86' lang='lat' dir='ltr'>ﬁeri</span> <span class='ocrx_word' id='word_1_553' title='bbox 2753 4072 3065 4127; x_wconf 89' lang='lat' dir='ltr'>estimabat</span> <span class='ocrx_word' id='word_1_554' title='bbox 3096 4071 3156 4125; x_wconf 89' lang='lat' dir='ltr'>in</span> <span class='ocrx_word' id='word_1_555' title='bbox 3196 4066 3503 4125; x_wconf 89' lang='lat' dir='ltr'>omnibus9</span> <span class='ocrx_word' id='word_1_556' title='bbox 3531 4111 3546 4139; x_wconf 93' lang='lat'>,</span> <span class='ocrx_word' id='word_1_557' title='bbox 3593 4085 3725 4139; x_wconf 64' lang='lat' dir='ltr'>quae</span> 
     </span>
    </p>
   </div>
   <div class='ocr_carea' id='block_1_82' title="bbox 290 4158 3731 4235">
    <p class='ocr_par' dir='ltr' id='par_1_82' title="bbox 290 4158 3731 4235">
     <span class='ocr_line' id='line_1_82' title="bbox 290 4158 3731 4235; baseline -0 -22"><span class='ocrx_word' id='word_1_558' title='bbox 290 4160 543 4213; x_wconf 77' lang='lat' dir='ltr'>citatam.</span> <span class='ocrx_word' id='word_1_559' title='bbox 570 4159 813 4216; x_wconf 75' lang='lat' dir='ltr'>Effusas</span> <span class='ocrx_word' id='word_1_560' title='bbox 846 4162 1117 4233; x_wconf 88' lang='lat' dir='ltr'>sanguis,</span> <span class='ocrx_word' id='word_1_561' title='bbox 1153 4164 1214 4215; x_wconf 91' lang='lat' dir='ltr'>ut</span> <span class='ocrx_word' id='word_1_562' title='bbox 1236 4165 1542 4235; x_wconf 88' lang='lat' dir='ltr'>stagnaret</span> <span class='ocrx_word' id='word_1_563' title='bbox 1572 4164 1629 4217; x_wconf 90' lang='lat' dir='ltr'>in</span> <span class='ocrx_word' id='word_1_564' title='bbox 1647 4164 1950 4235; x_wconf 91' lang='lat' dir='ltr'>templum,</span> <span class='ocrx_word' id='word_1_565' title='bbox 1976 4163 2032 4226; x_wconf 91' lang='lat' dir='ltr'>D</span> <span class='ocrx_word' id='word_1_566' title='bbox 2067 4161 2185 4215; x_wconf 89' lang='lat' dir='ltr'>sibi</span> <span class='ocrx_word' id='word_1_567' title='bbox 2216 4176 2502 4231; x_wconf 90' lang='lat' dir='ltr'>prospere</span> <span class='ocrx_word' id='word_1_568' title='bbox 2534 4160 2831 4216; x_wconf 91' lang='lat' dir='ltr'>accidisse</span> <span class='ocrx_word' id='word_1_569' title='bbox 2864 4160 3235 4214; x_wconf 88' lang='lat' dir='ltr'>videbantur.</span> <span class='ocrx_word' id='word_1_570' title='bbox 3260 4158 3449 4213; x_wconf 85' lang='lat' dir='ltr'>Anxia</span> <span class='ocrx_word' id='word_1_571' title='bbox 3474 4158 3545 4212; x_wconf 87' lang='lat' dir='ltr'>de</span> <span class='ocrx_word' id='word_1_572' title='bbox 3564 4158 3731 4229; x_wconf 88' lang='lat' dir='ltr'>regis</span> 
     </span>
    </p>
   </div>
   <div class='ocr_carea' id='block_1_83' title="bbox 288 4247 1953 4323">
    <p class='ocr_par' dir='ltr' id='par_1_83' title="bbox 288 4247 1953 4323">
     <span class='ocr_line' id='line_1_83' title="bbox 288 4247 1953 4323; baseline 0.004 -21"><span class='ocrx_word' id='word_1_573' title='bbox 288 4247 529 4303; x_wconf 89' lang='lat' dir='ltr'>deesset</span> <span class='ocrx_word' id='word_1_574' title='bbox 556 4249 654 4319; x_wconf 93' lang='lat' dir='ltr'>qui</span> <span class='ocrx_word' id='word_1_575' title='bbox 688 4251 988 4320; x_wconf 87' lang='lat' dir='ltr'>sepeliret;</span> <span class='ocrx_word' id='word_1_576' title='bbox 1024 4252 1156 4323; x_wconf 88' lang='lat' dir='ltr'>quia</span> <span class='ocrx_word' id='word_1_577' title='bbox 1190 4269 1223 4306; x_wconf 90' lang='lat' dir='ltr'>a</span> <span class='ocrx_word' id='word_1_578' title='bbox 1253 4253 1665 4307; x_wconf 88' lang='lat' dir='ltr'>viventibusin</span> <span class='ocrx_word' id='word_1_579' title='bbox 1691 4257 1953 4308; x_wconf 87' lang='lat' dir='ltr'>mortuos</span> 
     </span>
    </p>
   </div>
   <div class='ocr_carea' id='block_1_84' title="bbox 287 4338 1956 4411">
    <p class='ocr_par' dir='ltr' id='par_1_84' title="bbox 287 4338 1956 4411">
     <span class='ocr_line' id='line_1_84' title="bbox 287 4338 1956 4411; baseline 0.005 -21"><span class='ocrx_word' id='word_1_580' title='bbox 287 4353 319 4390; x_wconf 90' lang='lat' dir='ltr'>a</span> <span class='ocrx_word' id='word_1_581' title='bbox 350 4338 597 4392; x_wconf 89' lang='lat' dir='ltr'>mortuis</span> <span class='ocrx_word' id='word_1_582' title='bbox 647 4340 705 4392; x_wconf 93' lang='lat' dir='ltr'>in</span> <span class='ocrx_word' id='word_1_583' title='bbox 745 4354 850 4393; x_wconf 90' lang='lat' dir='ltr'>eos</span> <span class='ocrx_word' id='word_1_584' title='bbox 874 4341 973 4411; x_wconf 89' lang='lat' dir='ltr'>qui</span> <span class='ocrx_word' id='word_1_585' title='bbox 996 4340 1188 4395; x_wconf 85' lang='lat' dir='ltr'>adhuc</span> <span class='ocrx_word' id='word_1_586' title='bbox 1215 4342 1499 4410; x_wconf 89' lang='lat' dir='ltr'>viverent,</span> <span class='ocrx_word' id='word_1_587' title='bbox 1522 4341 1688 4398; x_wconf 90' lang='lat' dir='ltr'>furor</span> <span class='ocrx_word' id='word_1_588' title='bbox 1708 4344 1956 4398; x_wconf 85' lang='lat' dir='ltr'>transfe-</span> 
     </span>
    </p>
   </div>
   <div class='ocr_carea' id='block_1_85' title="bbox 285 4426 1952 4502">
    <p class='ocr_par' dir='ltr' id='par_1_85' title="bbox 285 4426 1952 4502">
     <span class='ocr_line' id='line_1_85' title="bbox 285 4426 1952 4502; baseline 0.005 -23"><span class='ocrx_word' id='word_1_589' title='bbox 285 4426 545 4481; x_wconf 87' lang='lat' dir='ltr'>rebatur.</span> <span class='ocrx_word' id='word_1_590' title='bbox 562 4426 851 4481; x_wconf 87' lang='lat' dir='ltr'>Solvebas</span> <span class='ocrx_word' id='word_1_591' title='bbox 865 4429 1048 4483; x_wconf 90' lang='lat' dir='ltr'>Gallia</span> <span class='ocrx_word' id='word_1_592' title='bbox 1062 4432 1318 4502; x_wconf 86' lang='lat' dir='ltr'>antiquae</span> <span class='ocrx_word' id='word_1_593' title='bbox 1336 4432 1440 4487; x_wconf 90' lang='lat' dir='ltr'>feri</span> <span class='ocrx_word' id='word_1_594' title='bbox 1451 4434 1585 4487; x_wconf 90' lang='lat' dir='ltr'>tatis</span> <span class='ocrx_word' id='word_1_595' title='bbox 1599 4433 1952 4488; x_wconf 90' lang='lat' dir='ltr'>mercedem.</span> 
     </span>
    </p>
   </div>
   <div class='ocr_carea' id='block_1_86' title="bbox 286 4514 1957 4589">
    <p class='ocr_par' dir='ltr' id='par_1_86' title="bbox 286 4514 1957 4589">
     <span class='ocr_line' id='line_1_86' title="bbox 286 4514 1957 4589; baseline 0.005 -21"><span class='ocrx_word' id='word_1_596' title='bbox 286 4514 350 4568; x_wconf 88' lang='lat' dir='ltr'>Si</span> <span class='ocrx_word' id='word_1_597' title='bbox 379 4515 514 4585; x_wconf 89' lang='lat' dir='ltr'>quis</span> <span class='ocrx_word' id='word_1_598' title='bbox 544 4530 841 4569; x_wconf 66' lang='lat' dir='ltr'>caesorum</span> <span class='ocrx_word' id='word_1_599' title='bbox 873 4520 1134 4588; x_wconf 87' lang='lat' dir='ltr'>stragem</span> <span class='ocrx_word' id='word_1_600' title='bbox 1154 4526 1494 4589; x_wconf 88' lang='lat' dir='ltr'>recenseat,</span> <span class='ocrx_word' id='word_1_601' title='bbox 1525 4522 1867 4576; x_wconf 89' lang='lat' dir='ltr'>Babilonios</span> <span class='ocrx_word' id='word_1_602' title='bbox 1898 4524 1957 4576; x_wconf 91' lang='lat' dir='ltr'>in</span> 
     </span>
    </p>
   </div>
   <div class='ocr_carea' id='block_1_87' title="bbox 289 4603 1954 4680">
    <p class='ocr_par' dir='ltr' id='par_1_87' title="bbox 289 4603 1954 4680">
     <span class='ocr_line' id='line_1_87' title="bbox 289 4603 1954 4680; baseline 0.005 -23"><span class='ocrx_word' id='word_1_603' title='bbox 289 4603 666 4658; x_wconf 86' lang='lat' dir='ltr'>Hierusalem</span> <span class='ocrx_word' id='word_1_604' title='bbox 688 4606 1014 4659; x_wconf 88' lang='lat' dir='ltr'>revertisse</span> <span class='ocrx_word' id='word_1_605' title='bbox 1032 4606 1371 4661; x_wconf 88' lang='lat' dir='ltr'>arbitretur.</span> <span class='ocrx_word' id='word_1_606' title='bbox 1390 4608 1409 4680; x_wconf 90' lang='lat'>[</span> <span class='ocrx_word' id='word_1_607' title='bbox 1430 4608 1633 4679; x_wconf 81' lang='lat' dir='ltr'>(FLOD.</span> <span class='ocrx_word' id='word_1_608' title='bbox 1656 4610 1708 4676; x_wconf 83' lang='grc'>1,</span> <span class='ocrx_word' id='word_1_609' title='bbox 1732 4610 1810 4679; x_wconf 89' lang='grc'>6.)</span> <span class='ocrx_word' id='word_1_610' title='bbox 1836 4611 1954 4665; x_wconf 83' lang='lat' dir='ltr'>Hu-</span> 
     </span>
    </p>
   </div>
   <div class='ocr_carea' id='block_1_88' title="bbox 277 4690 1955 4763">
    <p class='ocr_par' dir='ltr' id='par_1_88' title="bbox 277 4690 1955 4763">
     <span class='ocr_line' id='line_1_88' title="bbox 277 4690 1955 4763; baseline 0.005 -17"><span class='ocrx_word' id='word_1_611' title='bbox 277 4690 385 4761; x_wconf 86' lang='lat' dir='ltr'>jus</span> <span class='ocrx_word' id='word_1_612' title='bbox 414 4693 852 4763; x_wconf 88' lang='lat' dir='ltr'>persecutionis</span> <span class='ocrx_word' id='word_1_613' title='bbox 892 4694 1156 4747; x_wconf 89' lang='lat' dir='ltr'>meminit</span> <span class='ocrx_word' id='word_1_614' title='bbox 1189 4695 1398 4750; x_wconf 87' lang='lat' dir='ltr'>beatus</span> <span class='ocrx_word' id='word_1_615' title='bbox 1458 4697 1838 4753; x_wconf 83' lang='lat' dir='ltr'>Hieronimus</span> <span class='ocrx_word' id='word_1_616' title='bbox 1895 4700 1955 4754; x_wconf 91' lang='lat' dir='ltr'>in</span> 
     </span>
    </p>
   </div>
   <div class='ocr_carea' id='block_1_89' title="bbox 287 4781 1955 4855">
    <p class='ocr_par' dir='ltr' id='par_1_89' title="bbox 287 4781 1955 4855">
     <span class='ocr_line' id='line_1_89' title="bbox 287 4781 1955 4855; baseline 0.005 -21"><span class='ocrx_word' id='word_1_617' title='bbox 287 4781 537 4848; x_wconf 86' lang='lat' dir='ltr'>epistola</span> <span class='ocrx_word' id='word_1_618' title='bbox 567 4782 639 4836; x_wconf 90' lang='lat' dir='ltr'>de</span> <span class='ocrx_word' id='word_1_619' title='bbox 652 4782 1046 4854; x_wconf 88' lang='lat' dir='ltr'>monogamia,</span> <span class='ocrx_word' id='word_1_620' title='bbox 1063 4782 1200 4836; x_wconf 91' lang='lat' dir='ltr'>dum</span> <span class='ocrx_word' id='word_1_621' title='bbox 1212 4783 1505 4840; x_wconf 83' lang='lat' dir='ltr'>barbariae</span> <span class='ocrx_word' id='word_1_622' title='bbox 1520 4789 1955 4855; x_wconf 83' lang='lat' dir='ltr'>persecutionis</span> 
     </span>
    </p>
   </div>
   <div class='ocr_carea' id='block_1_90' title="bbox 286 4868 1951 4948">
    <p class='ocr_par' dir='ltr' id='par_1_90' title="bbox 286 4868 1951 4948">
     <span class='ocr_line' id='line_1_90' title="bbox 286 4868 1951 4948; baseline 0.007 -28"><span class='ocrx_word' id='word_1_623' title='bbox 286 4868 583 4937; x_wconf 89' lang='lat' dir='ltr'>planctum</span> <span class='ocrx_word' id='word_1_624' title='bbox 614 4871 833 4926; x_wconf 88' lang='lat' dir='ltr'>faceret</span> <span class='ocrx_word' id='word_1_625' title='bbox 855 4871 927 4924; x_wconf 88' lang='lat' dir='ltr'>ad</span> <span class='ocrx_word' id='word_1_626' title='bbox 958 4872 1402 4943; x_wconf 86' lang='lat' dir='ltr'>Aggerundiam</span> <span class='ocrx_word' id='word_1_627' title='bbox 1420 4875 1677 4930; x_wconf 89' lang='lat' dir='ltr'>nobilem</span> <span class='ocrx_word' id='word_1_628' title='bbox 1695 4877 1951 4948; x_wconf 89' lang='lat' dir='ltr'>viduam,</span> 
     </span>
    </p>
   </div>
   <div class='ocr_carea' id='block_1_91' title="bbox 286 4956 1952 5034">
    <p class='ocr_par' dir='ltr' id='par_1_91' title="bbox 286 4956 1952 5034">
     <span class='ocr_line' id='line_1_91' title="bbox 286 4956 1952 5034; baseline 0.007 -24"><span class='ocrx_word' id='word_1_629' title='bbox 286 4956 608 5013; x_wconf 87' lang='lat' dir='ltr'>exhortans</span> <span class='ocrx_word' id='word_1_630' title='bbox 640 4976 770 5014; x_wconf 91' lang='lat' dir='ltr'>eam</span> <span class='ocrx_word' id='word_1_631' title='bbox 799 4961 870 5014; x_wconf 93' lang='lat' dir='ltr'>de</span> <span class='ocrx_word' id='word_1_632' title='bbox 894 4962 1336 5030; x_wconf 89' lang='lat' dir='ltr'>perseverantia</span> <span class='ocrx_word' id='word_1_633' title='bbox 1366 4962 1689 5034; x_wconf 79' lang='lat' dir='ltr'>viduitatis,</span> <span class='ocrx_word' id='word_1_634' title='bbox 1724 4967 1800 5020; x_wconf 91' lang='lat' dir='ltr'>ita</span> <span class='ocrx_word' id='word_1_635' title='bbox 1833 4983 1952 5021; x_wconf 89' lang='lat' dir='ltr'>me-</span> 
     </span>
    </p>
   </div>
   <div class='ocr_carea' id='block_1_92' title="bbox 286 5047 1953 5110">
    <p class='ocr_par' dir='ltr' id='par_1_92' title="bbox 286 5047 1953 5110">
     <span class='ocr_line' id='line_1_92' title="bbox 286 5047 1953 5110; baseline 0.006 -10"><span class='ocrx_word' id='word_1_636' title='bbox 286 5047 570 5101; x_wconf 89' lang='lat' dir='ltr'>morando</span> <span class='ocrx_word' id='word_1_637' title='bbox 602 5047 754 5102; x_wconf 88' lang='lat' dir='ltr'>inter</span> <span class='ocrx_word' id='word_1_638' title='bbox 784 5052 976 5104; x_wconf 88' lang='lat' dir='ltr'>cetera</span> <span class='ocrx_word' id='word_1_639' title='bbox 1003 5066 1014 5104; x_wconf 92' lang='lat'>:</span> <span class='ocrx_word' id='word_1_640' title='bbox 1054 5073 1075 5099; x_wconf 76' lang='grc' dir='ltr'><strong><em>α</em></strong></span> <span class='ocrx_word' id='word_1_641' title='bbox 1107 5050 1574 5108; x_wconf 88' lang='lat' dir='ltr'>Innumerabiles</span> <span class='ocrx_word' id='word_1_642' title='bbox 1607 5056 1664 5108; x_wconf 91' lang='lat' dir='ltr'>et</span> <span class='ocrx_word' id='word_1_643' title='bbox 1704 5055 1953 5110; x_wconf 91' lang='lat' dir='ltr'>ferocis-</span> 
     </span>
    </p>
   </div>
   <div class='ocr_carea' id='block_1_93' title="bbox 288 5136 1955 5213">
    <p class='ocr_par' dir='ltr' id='par_1_93' title="bbox 288 5136 1955 5213">
     <span class='ocr_line' id='line_1_93' title="bbox 288 5136 1955 5213; baseline 0.006 -24"><span class='ocrx_word' id='word_1_644' title='bbox 288 5136 457 5191; x_wconf 84' lang='lat' dir='ltr'>simae</span> <span class='ocrx_word' id='word_1_645' title='bbox 485 5136 757 5193; x_wconf 88' lang='lat' dir='ltr'>nationes</span> <span class='ocrx_word' id='word_1_646' title='bbox 788 5138 1106 5195; x_wconf 89' lang='lat' dir='ltr'>universas</span> <span class='ocrx_word' id='word_1_647' title='bbox 1139 5138 1358 5196; x_wconf 88' lang='lat' dir='ltr'>Gallias</span> <span class='ocrx_word' id='word_1_648' title='bbox 1380 5147 1762 5213; x_wconf 89' lang='lat' dir='ltr'>occuparunt.</span> <span class='ocrx_word' id='word_1_649' title='bbox 1788 5144 1955 5211; x_wconf 87' lang='lat' dir='ltr'>Quic-</span> 
     </span>
    </p>
   </div>
   <div class='ocr_carea' id='block_1_94' title="bbox 2064 4248 3730 4321">
    <p class='ocr_par' dir='ltr' id='par_1_94' title="bbox 2064 4248 3730 4321">
     <span class='ocr_line' id='line_1_94' title="bbox 2064 4248 3730 4321; baseline -0.002 -17"><span class='ocrx_word' id='word_1_650' title='bbox 2064 4251 2263 4320; x_wconf 89' lang='lat' dir='ltr'>potius</span> <span class='ocrx_word' id='word_1_651' title='bbox 2295 4250 2484 4305; x_wconf 90' lang='lat' dir='ltr'>salute</span> <span class='ocrx_word' id='word_1_652' title='bbox 2514 4266 2694 4321; x_wconf 89' lang='lat' dir='ltr'>quam</span> <span class='ocrx_word' id='word_1_653' title='bbox 2724 4250 2795 4304; x_wconf 89' lang='lat' dir='ltr'>de</span> <span class='ocrx_word' id='word_1_654' title='bbox 2828 4250 3020 4321; x_wconf 78' lang='lat' dir='ltr'>Regni</span> <span class='ocrx_word' id='word_1_655' title='bbox 3050 4249 3307 4319; x_wconf 88' lang='lat' dir='ltr'>potentia</span> <span class='ocrx_word' id='word_1_656' title='bbox 3338 4248 3566 4319; x_wconf 88' lang='lat' dir='ltr'>regina,</span> <span class='ocrx_word' id='word_1_657' title='bbox 3630 4248 3730 4301; x_wconf 87' lang='lat' dir='ltr'>ubi</span> 
     </span>
    </p>
   </div>
   <div class='ocr_carea' id='block_1_95' title="bbox 2065 4335 3728 4409">
    <p class='ocr_par' dir='ltr' id='par_1_95' title="bbox 2065 4335 3728 4409">
     <span class='ocr_line' id='line_1_95' title="bbox 2065 4335 3728 4409; baseline -0.003 -16"><span class='ocrx_word' id='word_1_658' title='bbox 2065 4339 2278 4394; x_wconf 88' lang='lat' dir='ltr'>salutis</span> <span class='ocrx_word' id='word_1_659' title='bbox 2298 4340 2613 4393; x_wconf 89' lang='lat' dir='ltr'>consilium</span> <span class='ocrx_word' id='word_1_660' title='bbox 2648 4353 2853 4409; x_wconf 88' lang='lat' dir='ltr'>regem</span> <span class='ocrx_word' id='word_1_661' title='bbox 2876 4339 3310 4408; x_wconf 89' lang='lat' dir='ltr'>contempsisse</span> <span class='ocrx_word' id='word_1_662' title='bbox 3332 4335 3728 4403; x_wconf 89' lang='lat' dir='ltr'>videt,dariab</span> 
     </span>
    </p>
   </div>
   <div class='ocr_carea' id='block_1_96' title="bbox 2063 4424 3731 4497">
    <p class='ocr_par' dir='ltr' id='par_1_96' title="bbox 2063 4424 3731 4497">
     <span class='ocr_line' id='line_1_96' title="bbox 2063 4424 3731 4497; baseline -0.002 -15"><span class='ocrx_word' id='word_1_663' title='bbox 2063 4427 2318 4482; x_wconf 91' lang='lat' dir='ltr'>Excelso</span> <span class='ocrx_word' id='word_1_664' title='bbox 2350 4427 2608 4497; x_wconf 89' lang='lat' dir='ltr'>postulat</span> <span class='ocrx_word' id='word_1_665' title='bbox 2650 4428 3060 4495; x_wconf 85' lang='lat' dir='ltr'>oportunitatis</span> <span class='ocrx_word' id='word_1_666' title='bbox 3118 4430 3418 4494; x_wconf 87' lang='lat' dir='ltr'>eventum,</span> <span class='ocrx_word' id='word_1_667' title='bbox 3471 4440 3587 4495; x_wconf 91' lang='lat' dir='ltr'>quo</span> <span class='ocrx_word' id='word_1_668' title='bbox 3636 4424 3731 4478; x_wconf 89' lang='lat' dir='ltr'>vel</span> 
     </span>
    </p>
   </div>
   <div class='ocr_carea' id='block_1_97' title="bbox 2062 4513 3717 4585">
    <p class='ocr_par' dir='ltr' id='par_1_97' title="bbox 2062 4513 3717 4585">
     <span class='ocr_line' id='line_1_97' title="bbox 2062 4513 3717 4585; baseline -0.004 -13"><span class='ocrx_word' id='word_1_669' title='bbox 2062 4519 2151 4572; x_wconf 92' lang='lat' dir='ltr'>sic</span> <span class='ocrx_word' id='word_1_670' title='bbox 2169 4532 2274 4571; x_wconf 86' lang='lat' dir='ltr'>rex</span> <span class='ocrx_word' id='word_1_671' title='bbox 2297 4516 2643 4585; x_wconf 90' lang='lat' dir='ltr'>compulsus</span> <span class='ocrx_word' id='word_1_672' title='bbox 2663 4515 2873 4570; x_wconf 89' lang='lat' dir='ltr'>salutis</span> <span class='ocrx_word' id='word_1_673' title='bbox 2895 4530 3023 4570; x_wconf 62' lang='lat' dir='ltr'>sua)</span> <span class='ocrx_word' id='word_1_674' title='bbox 3045 4513 3717 4570; x_wconf 87' lang='lat' dir='ltr'>sumeretoccasionem.</span> 
     </span>
    </p>
   </div>
   <div class='ocr_carea' id='block_1_98' title="bbox 2059 4601 3732 4679">
    <p class='ocr_par' dir='ltr' id='par_1_98' title="bbox 2059 4601 3732 4679">
     <span class='ocr_line' id='line_1_98' title="bbox 2059 4601 3732 4679; baseline 0.001 -25"><span class='ocrx_word' id='word_1_675' title='bbox 2059 4606 2174 4679; x_wconf 86' lang='lat' dir='ltr'>[(V.</span> <span class='ocrx_word' id='word_1_676' title='bbox 2222 4605 2621 4673; x_wconf 84' lang='lat' dir='ltr'>Ved.)Bellum</span> <span class='ocrx_word' id='word_1_677' title='bbox 2642 4605 2839 4676; x_wconf 88' lang='lat' dir='ltr'>itaque</span> <span class='ocrx_word' id='word_1_678' title='bbox 2868 4619 2975 4658; x_wconf 86' lang='lat' dir='ltr'>rex</span> <span class='ocrx_word' id='word_1_679' title='bbox 3005 4603 3349 4658; x_wconf 87' lang='lat' dir='ltr'>Alemannis</span> <span class='ocrx_word' id='word_1_680' title='bbox 3372 4602 3595 4671; x_wconf 88' lang='lat' dir='ltr'>indicit,</span> <span class='ocrx_word' id='word_1_681' title='bbox 3622 4601 3732 4655; x_wconf 90' lang='lat' dir='ltr'>sed</span> 
     </span>
    </p>
   </div>
   <div class='ocr_carea' id='block_1_99' title="bbox 2059 4690 3726 4766">
    <p class='ocr_par' dir='ltr' id='par_1_99' title="bbox 2059 4690 3726 4766">
     <span class='ocr_line' id='line_1_99' title="bbox 2059 4690 3726 4766; baseline -0.004 -16"><span class='ocrx_word' id='word_1_682' title='bbox 2059 4696 2403 4766; x_wconf 87' lang='lat' dir='ltr'>imparatos,</span> <span class='ocrx_word' id='word_1_683' title='bbox 2437 4697 2499 4748; x_wconf 91' lang='lat' dir='ltr'>ut</span> <span class='ocrx_word' id='word_1_684' title='bbox 2517 4694 2722 4763; x_wconf 92' lang='lat' dir='ltr'>voluit,</span> <span class='ocrx_word' id='word_1_685' title='bbox 2758 4709 2876 4748; x_wconf 90' lang='lat' dir='ltr'>non</span> <span class='ocrx_word' id='word_1_686' title='bbox 2907 4692 3166 4747; x_wconf 77' lang='lat' dir='ltr'>offendit.</span> <span class='ocrx_word' id='word_1_687' title='bbox 3200 4692 3350 4746; x_wconf 88' lang='lat' dir='ltr'>Nam</span> <span class='ocrx_word' id='word_1_688' title='bbox 3379 4691 3462 4744; x_wconf 91' lang='lat' dir='ltr'>hii</span> <span class='ocrx_word' id='word_1_689' title='bbox 3482 4690 3726 4745; x_wconf 90' lang='lat' dir='ltr'>collecta</span> 
     </span>
    </p>
   </div>
   <div class='ocr_carea' id='block_1_100' title="bbox 2060 4781 3725 4852">
    <p class='ocr_par' dir='ltr' id='par_1_100' title="bbox 2060 4781 3725 4852">
     <span class='ocr_line' id='line_1_100' title="bbox 2060 4781 3725 4852; baseline -0.004 -14"><span class='ocrx_word' id='word_1_690' title='bbox 2060 4800 2235 4838; x_wconf 91' lang='lat' dir='ltr'>manu</span> <span class='ocrx_word' id='word_1_691' title='bbox 2256 4783 2471 4851; x_wconf 87' lang='lat' dir='ltr'>valida,</span> <span class='ocrx_word' id='word_1_692' title='bbox 2493 4782 2652 4837; x_wconf 89' lang='lat' dir='ltr'>circa</span> <span class='ocrx_word' id='word_1_693' title='bbox 2683 4783 2843 4852; x_wconf 90' lang='lat' dir='ltr'>ripas</span> <span class='ocrx_word' id='word_1_694' title='bbox 2863 4782 3056 4836; x_wconf 75' lang='lat' dir='ltr'>Rheni</span> <span class='ocrx_word' id='word_1_695' title='bbox 3084 4782 3343 4835; x_wconf 87' lang='lat' dir='ltr'>ﬂuminis</span> <span class='ocrx_word' id='word_1_696' title='bbox 3366 4781 3497 4851; x_wconf 90' lang='lat' dir='ltr'>regi</span> <span class='ocrx_word' id='word_1_697' title='bbox 3517 4794 3725 4834; x_wconf 87' lang='lat' dir='ltr'>occur-</span> 
     </span>
    </p>
   </div>
   <div class='ocr_carea' id='block_1_101' title="bbox 2058 4868 3723 4943">
    <p class='ocr_par' dir='ltr' id='par_1_101' title="bbox 2058 4868 3723 4943">
     <span class='ocr_line' id='line_1_101' title="bbox 2058 4868 3723 4943; baseline -0.004 -16"><span class='ocrx_word' id='word_1_698' title='bbox 2058 4888 2209 4939; x_wconf 92' lang='lat' dir='ltr'>rere,</span> <span class='ocrx_word' id='word_1_699' title='bbox 2242 4873 2610 4943; x_wconf 89' lang='lat' dir='ltr'>patriamque</span> <span class='ocrx_word' id='word_1_700' title='bbox 2645 4887 2817 4925; x_wconf 89' lang='lat' dir='ltr'>suam</span> <span class='ocrx_word' id='word_1_701' title='bbox 2862 4872 3074 4926; x_wconf 90' lang='lat' dir='ltr'>bellica</span> <span class='ocrx_word' id='word_1_702' title='bbox 3129 4871 3346 4924; x_wconf 89' lang='lat' dir='ltr'>virtute</span> <span class='ocrx_word' id='word_1_703' title='bbox 3402 4868 3723 4923; x_wconf 87' lang='lat' dir='ltr'>defendere</span> 
     </span>
    </p>
   </div>
   <div class='ocr_carea' id='block_1_102' title="bbox 2054 4958 3720 5031">
    <p class='ocr_par' dir='ltr' id='par_1_102' title="bbox 2054 4958 3720 5031">
     <span class='ocr_line' id='line_1_102' title="bbox 2054 4958 3720 5031; baseline -0.004 -15"><span class='ocrx_word' id='word_1_704' title='bbox 2054 4959 2382 5031; x_wconf 89' lang='lat' dir='ltr'>temptant.]</span> <span class='ocrx_word' id='word_1_705' title='bbox 2414 4961 2710 5015; x_wconf 88' lang='lat' dir='ltr'>lnvocatis</span> <span class='ocrx_word' id='word_1_706' title='bbox 2742 4962 2814 5014; x_wconf 91' lang='lat' dir='ltr'>ad</span> <span class='ocrx_word' id='word_1_707' title='bbox 2845 4960 3129 5013; x_wconf 90' lang='lat' dir='ltr'>auxilium</span> <span class='ocrx_word' id='word_1_708' title='bbox 3172 4960 3339 5030; x_wconf 88' lang='lat' dir='ltr'>regis</span> <span class='ocrx_word' id='word_1_709' title='bbox 3394 4959 3509 5013; x_wconf 89' lang='lat' dir='ltr'>diis</span> <span class='ocrx_word' id='word_1_710' title='bbox 3568 4958 3720 5025; x_wconf 90' lang='lat' dir='ltr'>suis,</span> 
     </span>
    </p>
   </div>
   <div class='ocr_carea' id='block_1_103' title="bbox 2055 5050 3717 5121">
    <p class='ocr_par' dir='ltr' id='par_1_103' title="bbox 2055 5050 3717 5121">
     <span class='ocr_line' id='line_1_103' title="bbox 2055 5050 3717 5121; baseline -0.002 -17"><span class='ocrx_word' id='word_1_711' title='bbox 2055 5050 2267 5105; x_wconf 88' lang='lat' dir='ltr'>Franci</span> <span class='ocrx_word' id='word_1_712' title='bbox 2299 5050 2358 5103; x_wconf 92' lang='lat' dir='ltr'>in</span> <span class='ocrx_word' id='word_1_713' title='bbox 2383 5050 2515 5119; x_wconf 88' lang='lat' dir='ltr'>ipso</span> <span class='ocrx_word' id='word_1_714' title='bbox 2565 5050 3019 5121; x_wconf 89' lang='lat' dir='ltr'>congressionis</span> <span class='ocrx_word' id='word_1_715' title='bbox 3077 5050 3361 5118; x_wconf 88' lang='lat' dir='ltr'>apparatu</span> <span class='ocrx_word' id='word_1_716' title='bbox 3410 5051 3717 5117; x_wconf 77' lang='lat' dir='ltr'>coeperunt</span> 
     </span>
    </p>
   </div>
   <div class='ocr_carea' id='block_1_104' title="bbox 2052 5136 3709 5210">
    <p class='ocr_par' dir='ltr' id='par_1_104' title="bbox 2052 5136 3709 5210">
     <span class='ocr_line' id='line_1_104' title="bbox 2052 5136 3709 5210; baseline -0.004 -14"><span class='ocrx_word' id='word_1_717' title='bbox 2052 5146 2247 5197; x_wconf 89' lang='lat' dir='ltr'>mente</span> <span class='ocrx_word' id='word_1_718' title='bbox 2276 5138 2553 5209; x_wconf 83' lang='lat' dir='ltr'>deficere,</span> <span class='ocrx_word' id='word_1_719' title='bbox 2586 5140 2644 5192; x_wconf 92' lang='lat' dir='ltr'>et</span> <span class='ocrx_word' id='word_1_720' title='bbox 2687 5138 3112 5210; x_wconf 88' lang='lat' dir='ltr'>languentibus</span> <span class='ocrx_word' id='word_1_721' title='bbox 3167 5136 3418 5205; x_wconf 84' lang='lat' dir='ltr'>dextris,</span> <span class='ocrx_word' id='word_1_722' title='bbox 3477 5140 3709 5192; x_wconf 90' lang='lat' dir='ltr'>terrore</span> 
     </span>
    </p>
   </div>
   <div class='ocr_carea' id='block_1_105' title="bbox 1586 5309 2413 5377">
    <p class='ocr_par' dir='ltr' id='par_1_105' title="bbox 1586 5309 2413 5377">
     <span class='ocr_line' id='line_1_105' title="bbox 1586 5309 2413 5377; baseline -0.007 -4"><span class='ocrx_word' id='word_1_723' title='bbox 1586 5312 1879 5375; x_wconf 68' lang='lat' dir='ltr'>VARIIE</span> <span class='ocrx_word' id='word_1_724' title='bbox 1922 5309 2413 5377; x_wconf 90' lang='lat' dir='ltr'>LECTIONES.</span> 
     </span>
    </p>
   </div>
   <div class='ocr_carea' id='block_1_106' title="bbox 353 5487 1483 5546">
    <p class='ocr_par' dir='ltr' id='par_1_106' title="bbox 353 5487 1483 5546">
     <span class='ocr_line' id='line_1_106' title="bbox 353 5487 1483 5546; baseline 0.003 -4"><span class='ocrx_word' id='word_1_725' title='bbox 353 5488 488 5544; x_wconf 78' lang='lat' dir='ltr'>8Ita</span> <span class='ocrx_word' id='word_1_726' title='bbox 519 5489 570 5543; x_wconf 83' lang='grc'>1.</span> <span class='ocrx_word' id='word_1_727' title='bbox 595 5488 648 5542; x_wconf 69' lang='lat'>2.</span> <span class='ocrx_word' id='word_1_728' title='bbox 682 5488 736 5543; x_wconf 87' lang='lat'>3.</span> <span class='ocrx_word' id='word_1_729' title='bbox 770 5487 997 5544; x_wconf 89' lang='lat' dir='ltr'>herulei</span> <span class='ocrx_word' id='word_1_730' title='bbox 1036 5487 1089 5543; x_wconf 82' lang='grc'>5.</span> <span class='ocrx_word' id='word_1_731' title='bbox 1122 5488 1150 5531; x_wconf 88' lang='grc'>9</span> <span class='ocrx_word' id='word_1_732' title='bbox 1177 5491 1410 5545; x_wconf 86' lang='lat' dir='ltr'>omibus</span> <span class='ocrx_word' id='word_1_733' title='bbox 1432 5490 1483 5546; x_wconf 86' lang='lat'>1.</span> 
     </span>
    </p>
   </div>
   <div class='ocr_carea' id='block_1_107' title="bbox 1868 5563 2146 5627">
    <p class='ocr_par' dir='ltr' id='par_1_107' title="bbox 1868 5563 2146 5627">
     <span class='ocr_line' id='line_1_107' title="bbox 1868 5563 2146 5627; baseline 0 -2"><span class='ocrx_word' id='word_1_734' title='bbox 1868 5563 2146 5627; x_wconf 70' lang='lat' dir='ltr'>NOT/E.</span> 
     </span>
    </p>
   </div>
   <div class='ocr_carea' id='block_1_108' title="bbox 355 5639 3718 5713">
    <p class='ocr_par' dir='ltr' id='par_1_108' title="bbox 355 5639 3718 5713">
     <span class='ocr_line' id='line_1_108' title="bbox 355 5639 3718 5713; baseline -0.001 -17"><span class='ocrx_word' id='word_1_735' title='bbox 355 5640 471 5713; x_wconf 89' lang='grc'>(60)</span> <span class='ocrx_word' id='word_1_736' title='bbox 504 5640 677 5713; x_wconf 88' lang='lat' dir='ltr'>Tales</span> <span class='ocrx_word' id='word_1_737' title='bbox 708 5658 861 5696; x_wconf 90' lang='lat' dir='ltr'>nunc</span> <span class='ocrx_word' id='word_1_738' title='bbox 893 5642 1202 5713; x_wconf 70' lang='lat' dir='ltr'>etiamper</span> <span class='ocrx_word' id='word_1_739' title='bbox 1227 5643 1587 5700; x_wconf 88' lang='lat' dir='ltr'>territorium</span> <span class='ocrx_word' id='word_1_740' title='bbox 1614 5644 2042 5701; x_wconf 84' lang='lat' dir='ltr'>Cameracense</span> <span class='ocrx_word' id='word_1_741' title='bbox 2072 5646 2131 5701; x_wconf 87' lang='lat' dir='ltr'>in</span> <span class='ocrx_word' id='word_1_742' title='bbox 2163 5644 2380 5700; x_wconf 89' lang='lat' dir='ltr'>Villers</span> <span class='ocrx_word' id='word_1_743' title='bbox 2409 5642 2678 5713; x_wconf 90' lang='lat' dir='ltr'>Plouich,</span> <span class='ocrx_word' id='word_1_744' title='bbox 2714 5642 2774 5698; x_wconf 92' lang='lat' dir='ltr'>in</span> <span class='ocrx_word' id='word_1_745' title='bbox 2824 5641 3383 5712; x_wconf 79' lang='lat' dir='ltr'>Inchy-Beaumont,</span> <span class='ocrx_word' id='word_1_746' title='bbox 3435 5640 3496 5695; x_wconf 93' lang='lat' dir='ltr'>in</span> <span class='ocrx_word' id='word_1_747' title='bbox 3531 5639 3718 5693; x_wconf 89' lang='lat' dir='ltr'>Beau-</span> 
     </span>
    </p>
   </div>
   <div class='ocr_carea' id='block_1_109' title="bbox 283 5712 1802 5784">
    <p class='ocr_par' dir='ltr' id='par_1_109' title="bbox 283 5712 1802 5784">
     <span class='ocr_line' id='line_1_109' title="bbox 283 5712 1802 5784; baseline -0.002 -16"><span class='ocrx_word' id='word_1_748' title='bbox 283 5717 435 5770; x_wconf 88' lang='lat' dir='ltr'>metz</span> <span class='ocrx_word' id='word_1_749' title='bbox 462 5712 721 5770; x_wconf 85' lang='lat' dir='ltr'>existere</span> <span class='ocrx_word' id='word_1_750' title='bbox 752 5713 923 5770; x_wconf 91' lang='lat' dir='ltr'>docet</span> <span class='ocrx_word' id='word_1_751' title='bbox 949 5713 1032 5768; x_wconf 90' lang='lat' dir='ltr'>Le</span> <span class='ocrx_word' id='word_1_752' title='bbox 1063 5712 1225 5784; x_wconf 77' lang='lat' dir='ltr'>Glay.</span> <span class='ocrx_word' id='word_1_753' title='bbox 1796 5731 1802 5740; x_wconf 87' lang='lat'><strong><em>-</em></strong></span> 
     </span>
    </p>
   </div>
  </div>
