4098 6196
256 298 332 367 29
1145 397 1148 400 .
1192 400 1197 406 ἱ
1665 299 1923 364 LIBER
1963 249 2291 365 PRlMUS
3231 300 3243 314 ‘
3621 303 3701 368 ao

258 502 435 557 simul
471 505 528 556 et
558 500 869 555 formidine
902 499 1197 570 dissoluti,
1231 499 1368 554 vitae
1409 500 1605 570 potius
1643 501 1928 572 despera-
1962 483 2018 544 Α
2050 504 2294 556 sanctus
2325 517 2466 556 vero
2491 501 2787 557 Vedastus
2815 519 2947 557 cum
2969 505 3140 560 beato
3172 507 3443 579 Remigio
3464 524 3573 578 per
3601 509 3710 564 ali-

258 593 422 646 tione
450 606 626 662 quam
658 590 924 644 victoriae
955 589 1265 660 dispendio
1307 589 1539 660 agitari.
1573 590 1795 644 Videas
1826 606 1932 645 rex

259 681 556 752 palantem
585 680 934 747 exercitum,
988 694 1167 748 supra
1212 679 1333 730 vim
1373 678 1625 732 terroris
1655 679 1931 733 virtutem

257 770 439 822 animi
472 784 715 839 gerens,
750 767 1021 836 prohibet
1044 767 1338 837 trepidare
1360 767 1596 835 milites,
1619 767 1931 838 magisque

258 859 316 911 in
348 857 603 926 prelium
632 857 918 926 accendit,
953 872 1024 911 ne
1059 857 1197 910 tanti
1229 857 1574 910 estimarent
1594 857 1802 910 mortis
1833 872 1933 925 pe-

258 946 516 1001 riculum
539 962 710 1016 quam
736 946 942 1017 gloriae
961 944 1343 1014 triumphum.
1372 945 1507 1014 Ipse
1530 946 1723 1015 itaque
1747 945 1931 1014 signi-

259 1036 352 1090 fer
382 1051 677 1089 revocans
709 1035 890 1099 acies,
923 1036 1153 1104 primus
1183 1049 1401 1104 equum
1433 1034 1491 1087 in
1524 1034 1757 1088 hostem
1789 1033 1928 1105 egit,

257 1128 313 1179 et
335 1125 599 1178 clamore
623 1140 838 1194 magno
862 1122 1097 1194 sequuti
1122 1123 1304 1177 ceteri
1326 1122 1928 1177 acriterdimicabant.

257 1213 572 1267 Alemanni
592 1228 623 1267 e
645 1218 847 1266 contra
870 1213 1100 1265 viribus
1125 1215 1179 1266 et
1201 1227 1448 1266 numero
1479 1212 1929 1282 prestantiores,

257 1302 479 1373 quibus
510 1318 617 1371 pro
648 1304 765 1355 vita
798 1304 852 1355 et
880 1301 1088 1371 patria)
1120 1300 1391 1355 libertate
1426 1316 1526 1354 res
1557 1304 1701 1367 erat,
1738 1316 1932 1370 coepe-

258 1396 397 1445 runt
426 1390 660 1445 fortiter
690 1389 956 1444 Francos
977 1405 1224 1461 urgere;
1256 1389 1351 1444 alii
1372 1390 1627 1460 sagittis,
1654 1389 1751 1442 alii
1775 1388 1927 1458 telis,

258 1480 354 1534 alii
377 1481 617 1535 balistis
637 1480 916 1535 cedentes
936 1480 1273 1534 confodere.
1301 1480 1433 1534 Rex
1450 1483 1644 1533 autem
1664 1479 1764 1532 ubi
1785 1479 1932 1533 mul-

257 1572 451 1624 torum
484 1569 809 1624 amissione
840 1568 1000 1622 videt
1016 1568 1372 1623 dilabentem
1390 1584 1506 1622 non
1527 1582 1710 1637 posse
1732 1567 1930 1622 subsi-

260 1662 416 1713 stere
444 1658 794 1728 exercitum,
820 1673 929 1712 nec
953 1663 1195 1712 vocatos
1224 1658 1382 1712 Deos
1404 1657 1644 1711 instanti
1668 1656 1930 1726 periculo

2047 592 2202 662 quod
2233 592 2520 661 temporis
2551 592 2880 657 detinetur;
2916 593 2987 647 ad
3017 610 3194 664 quem
3225 596 3510 651 nobilium
3542 602 3596 652 et
3626 614 3712 653 re-

2045 681 2397 751 ligiosorum
2436 680 2657 734 multus
2698 680 2750 721 10
2792 681 2867 735 ob
2911 682 3206 736 celebrem
3238 687 3709 741 conversationis

2046 768 2257 823 famam
2290 769 2352 823 ﬁt
2384 784 2733 823 concursus.
2762 769 2921 823 Inter
2941 786 3092 841 quos
3117 787 3251 825 cum
3275 788 3407 826 eum
3429 773 3710 831 doctrinae
3808 780 3820 793 ‘

2046 859 2286 912 celestis
2317 873 2515 912 amore
2548 858 2914 913 familiariter
2935 876 3092 914 unus
3110 875 3214 930 pre
3233 861 3448 915 ceteris
3469 862 3709 917 visitare

2045 950 2488 1015 consuesceret,
2512 949 2566 1001 ct
2589 948 2839 1017 quadam
2853 950 2946 1002 die
2963 949 3605 1018 vespereincumbente
3620 952 3712 1005 sol

2044 1036 2113 1088 ad
2148 1051 2425 1089 occasum
2456 1040 2688 1104 rueret,
2743 1037 2928 1090 noluit
2967 1038 3159 1092 virum
3189 1039 3419 1109 absque
3452 1039 3711 1093 caritatis

2041 1125 2255 1178 viatico
2280 1124 2587 1178 dimittere.
2612 1126 2878 1197 Rogatus
2898 1126 3078 1197 igitur
3095 1128 3455 1197 puervinum
3474 1127 3706 1182 deferre

2045 1228 2177 1266 cum
2209 1213 2560 1267 exhaustum
2590 1229 2759 1269 omne
2792 1217 3193 1270 renuntiasset
3230 1220 3473 1287 propter
3501 1216 3708 1286 hospi-

2043 1306 2164 1356 tum
2195 1301 2604 1372 frequentiam,
2640 1304 2711 1356 de
2736 1304 2869 1357 fidei
2903 1304 3122 1358 divitiis
3155 1305 3309 1358 haud
3345 1306 3582 1374 dubius,
3617 1307 3709 1358 vi-

2043 1408 2181 1445 num
2214 1392 2284 1445 de
2318 1392 2479 1444 sicco
2513 1408 2655 1445 vase
2686 1408 3227 1461 supercxcrescere
3276 1394 3435 1448 dedit
3479 1394 3710 1464 precio-

2044 1496 2196 1535 sum.
2232 1481 2562 1534 Advertens
2594 1480 2804 1534 beatus
2830 1481 3140 1552 Remigius
3162 1483 3220 1534 in
3243 1483 3435 1536 virum
3467 1498 3711 1537 conver-

2046 1569 2291 1624 sationis
2311 1573 2365 1622 et
2385 1569 2772 1637 spiritualium
2797 1569 3084 1623 donorum
3103 1571 3380 1642 insignia,
3402 1571 3705 1642 indignum

2046 1658 2210 1711 duxit
2232 1657 2481 1711 sidereae
2506 1657 2790 1726 lampadis
2823 1658 3020 1712 lumen
3053 1659 3239 1713 clausi
3270 1660 3383 1713 sub
3416 1661 3703 1726 tenebris,

258 1746 975 1816 sibisubvenisse,rebus
989 1747 1322 1817 desperatis
1342 1745 1732 1801 fortissimum
1747 1746 1930 1799 Deum
1961 1737 2013 1798 Β
2046 1763 2177 1818 quae
2226 1746 2297 1799 ad
2344 1747 2592 1800 salutem
2637 1750 2693 1800 et
2730 1747 3213 1802 illuminationem
3242 1748 3454 1803 melius
3484 1749 3707 1802 luceret

257 1836 748 1905 christianorum,
783 1851 957 1905 quem
988 1836 1196 1906 regina
1226 1834 1539 1889 colendum
1561 1835 1613 1888 ei
1636 1837 1927 1902 suaserat,

254 1926 577 1993 invocavit,
612 1928 748 1979 voto
780 1940 847 1979 se
879 1924 1176 1995 obligans,
1229 1940 1296 1978 se
1340 1940 1473 1978 cum
1519 1938 1628 1977 suo
1671 1922 1933 1977 exercitu

257 2030 434 2069 sacro
469 2014 633 2069 fonte
654 2013 1017 2082 diluendum,
1039 2015 1092 2067 si
1115 2013 1427 2067 conversis
1444 2013 1628 2067 rebus
1646 2013 1837 2066 victor
1859 2011 1931 2064 ab

256 2103 540 2157 hostibus
573 2105 919 2157 remeasset.
956 2103 1080 2156 Nec
1111 2117 1278 2155 mora
1310 2102 1596 2156 recreatis
1627 2101 1857 2154 viribus
1876 2104 1958 2160 et.

257 2192 553 2262 reparatis
582 2191 942 2263 agminibus,
979 2207 1111 2246 cum
1142 2190 1361 2245 auxilio
1392 2189 1694 2244 Trinitatis
1727 2189 1933 2244 hostes

254 2281 565 2350 invadunt,
602 2284 657 2335 et
688 2296 860 2350 poene
893 2281 965 2333 ad
995 2281 1461 2335 internecionem
1492 2294 1698 2333 omnes
1728 2279 1933 2333 devin-

258 2375 419 2437 cunt,
475 2370 595 2423 nisi
641 2370 860 2440 quibus
910 2370 1049 2441 fuga
1097 2372 1196 2423 aut
1243 2369 1461 2423 deditio
1492 2367 1600 2422 fuit
1631 2367 1701 2421 ad
1734 2367 1929 2421 vitam.

257 2459 611 2530 lntelligens
649 2475 754 2513 rex
784 2475 903 2513 non
933 2461 1049 2512 tam
1080 2474 1189 2513 sua
1219 2457 1434 2512 virtute
1465 2473 1641 2528 quam
1670 2456 1778 2511 Dei
1808 2472 1932 2510 mu-

254 2563 397 2602 nere
430 2548 643 2602 hostes
673 2550 1008 2617 superatos,
1044 2547 1138 2601 cui
1161 2563 1228 2602 se
1246 2547 1383 2601 ﬂdei
1405 2550 1541 2600 voto
1563 2546 1935 2601 constrinxe-

254 2639 363 2704 rat,
389 2636 439 2707 ι(
454 2635 518 2689 V.
537 2636 704 2705 νεά.)
721 2636 955 2690 Tullum
976 2652 1114 2690 mox
1136 2637 1414 2706 oppidum
1434 2635 1593 2703 adiit,
1614 2634 1833 2703 audito,
1853 2634 1933 2688 ibi

253 2726 503 2780 beatum
529 2724 846 2780 Vedastum
878 2725 1155 2779 laudabili
1186 2725 1476 2797 religione
1508 2725 1630 2778 Deo
1661 2722 1930 2795 servire].

257 2812 363 2869 Cui
399 2830 538 2867 cum
568 2813 857 2868 adventus
876 2814 971 2867 sui
995 2829 1234 2868 causam
1258 2815 1597 2884 exponeret,
1632 2815 1689 2867 et
1715 2827 1934 2883 pugna:

258 2906 559 2971 eventum,
594 2904 693 2972 qui
726 2917 802 2957 ex
829 2902 1072 2958 deorum
1104 2902 1473 2957 invocatione
1516 2902 1577 2954 in
1617 2901 1936 2955 adversum

2043 1836 2380 1890 multorum.
2422 1833 2677 1889 Favente
2717 1836 2897 1907 igitur
2935 1852 3079 1907 rege
3118 1837 3433 1905 Clodoveo,
3468 1851 3574 1906 per
3602 1837 3707 1891 Dei

2042 1925 2467 1995 providentiam
2510 1924 2840 1978 ordinatum
2887 1926 3232 1994 episcopum
3278 1926 3351 1979 ad
3401 1925 3705 1997 evangeli-

2041 2014 2291 2068 zandum
2310 2013 2626 2067 Cameraco
2652 2016 2707 2067 et
2731 2014 3009 2068 Atrebate
3052 2014 3257 2086 dirigit
3288 2013 3582 2085 urbibus.]
3607 2014 3709 2067 Li-

2042 2105 2182 2174 quet
2209 2101 2259 2143 ¹¹
2292 2119 2458 2175 ergo,
2498 2102 2651 2172 quod
2684 2119 2793 2156 rex
2825 2103 2956 2168 iste,
2990 2106 3208 2174 quanto
3239 2103 3570 2173 impensius
3606 2119 3715 2173 pa-

2041 2194 2242 2246 ternas
2276 2193 2454 2246 sedes
2486 2195 2804 2259 amaverat,
2840 2196 2999 2247 tanto
3032 2192 3393 2262 probatioris
3422 2193 3561 2246 vitae
3582 2206 3711 2261 pas-

2041 2283 2228 2335 torem
2265 2297 2333 2335 eo
2374 2282 2488 2335 loci
2527 2281 2923 2352 delegaverat.
2962 2282 3047 2334 lbi
3079 2283 3234 2335 enim
3256 2284 3458 2351 preter
3478 2284 3708 2335 ceteras

2044 2370 2242 2437 sedes,
2268 2372 2330 2423 ut
2350 2369 2523 2439 paulo
2546 2370 2827 2440 superius
2846 2370 3062 2423 dictum
3087 2372 3179 2423 est
3199 2371 3272 2437 (ο.
3293 2371 3367 2439 4),
3389 2369 3710 2438 specialius

2043 2458 2432 2528 versabatur;
2463 2458 2713 2528 ideoque
2748 2458 2959 2528 majori
2990 2459 3179 2529 gratia
3209 2458 3321 2527 (61)
3353 2458 3586 2527 ductus,
3610 2473 3714 2527 pa-

2042 2547 2246 2601 storali
2276 2547 2564 2617 regimine
2586 2548 2925 2616 parochiam
2949 2547 3134 2601 ditare
3157 2547 3512 2616 conabatur;
3544 2547 3712 2618 quip-

2040 2651 2111 2705 pe
2139 2636 2361 2690 nullum
2382 2636 2684 2690 meliorem
2704 2651 2878 2706 quam
2896 2635 3131 2689 beatum
3148 2635 3466 2689 Vedastum
3480 2638 3536 2689 et
3547 2634 3618 2689 ad
3636 2634 3714 2688 fe-

2040 2741 2239 2780 rocem
2288 2724 2565 2793 populum
2607 2724 2997 2778 edomandam
3047 2727 3103 2778 et
3153 2724 3226 2777 ad
3282 2724 3533 2794 gratiam
3577 2723 3715 2777 ﬁdei

2042 2814 2406 2868 excitandam
2439 2813 2781 2883 arbitratus,
2806 2829 2913 2884 per
2935 2829 3110 2884 quem
3140 2813 3270 2883 ipse
3303 2812 3481 2867 ﬁdem
3510 2813 3710 2867 catho-

2041 2903 2214 2957 licam
2244 2902 2435 2957 fuerat
2463 2903 2732 2973 adeptus.
2768 2903 3102 2957 Notandum
3132 2918 3294 2971 vero,
3331 2902 3488 2973 quod
3518 2905 3581 2956 ut
3611 2918 3711 2956 su-

258 2995 554 3059 cesserat,
576 2991 650 3045 ad
664 2990 1114 3046 Christinomen
1134 2991 1398 3047 secundo
1416 3004 1710 3045 successu
1730 3004 1936 3059 prove-
1965 3008 2016 3069 ο
2042 3008 2148 3062 pra
2178 2991 2480 3063 tetigimus
2528 2992 2601 3059 (c.
2652 2992 2729 3058 5),
2785 2991 2877 3045 bss
2908 2992 3040 3046 dum
3067 2990 3369 3061 parochite
3399 2992 3570 3045 antea
3600 3006 3710 3061 ge-

257 3083 426 3137 nisse
445 3081 811 3135 notiﬂcaret:
835 3080 928 3134 vir
944 3080 1193 3150 Domini,
1222 3081 1448 3152 gratias
1470 3095 1658 3152 agens
1682 3078 1935 3147 Deo,qui

254 3171 545 3243 gentibus
576 3185 829 3241 regnum
861 3185 1035 3224 suum
1064 3170 1337 3240 apperire
1366 3171 1646 3241 dignatus
1678 3166 1953 3252 θειξςφᾴξς

253 3262 335 3331 pit
366 3259 686 3315 catholicae
717 3259 856 3314 ﬁdei
887 3259 1278 3313 ministerium
1308 3259 1440 3329 regi
1479 3257 1845 3325 adnuntiare,
1872 3259 1937 3311 et
1986 3267 2000 3309 ς

254 3349 652 3419 exvangelicis
683 3348 1118 3403 assertionibus
1148 3350 1500 3402 instructum
1531 3348 1694 3402 duxit
1724 3347 1797 3401 ad
1827 3360 1933 3399 ve-

252 3437 591 3493 nerabilem
622 3437 814 3491 virum
846 3437 953 3491 Dei
987 3436 1341 3508 Remigium,
1383 3437 1487 3507 qui
1522 3429 1683 3505 tun°c'
1705 3432 1932 3516 ξίξᾶξρρξ
1970 3444 1979 3513 ς

252 3528 336 3581 ris
372 3525 703 3581 Remensis
734 3525 1009 3580 ecclesiae
1053 3541 1250 3581 arcem
1298 3526 1570 3593 tenebat;
1611 3524 1860 3596 ument;
1892 3525 1932 3591 ις
1970 3534 1980 3543 ·’

256 3616 365 3684 15.)
391 3616 507 3669 Vir
528 3630 602 3668 ex
623 3614 913 3685 sapientia
934 3615 1371 3686 virtutibusque
1392 3614 1605 3682 factus,
1622 3611 1800 3683 cujus
1824 3611 1938 3682 spi-

253 3704 562 3758 ritualium
578 3704 857 3758 virtutum
881 3704 1140 3775 insignia
1160 3706 1413 3758 testatur
1428 3718 1580 3774 gens
1593 3701 1810 3755 Gallica
1832 3714 1938 3770 per

252 3810 385 3848 eum
422 3793 500 3846 ad
533 3790 834 3846 Christum
868 3808 1198 3862 conversa;
1249 3792 1345 3861 (V.
1397 3790 1564 3859 Ved.)
1616 3791 1709 3844 cui
1760 3790 1934 3843 etiam

2044 3081 2200 3134 mina
2242 3079 2568 3150 episcopali
2606 3080 3113 3134 administratione
3146 3079 3519 3151 gaudebant;
3551 3094 3709 3133 nunc

2040 3168 2506 3251 autem,‘quih:ab
2529 3168 3167 3251 hocusanctc'pontiﬁce
3190 3170 3435 3222 vastatas
3459 3170 3710 3237 repertae

2025 3247 2350 3326 suamne;
2366 3241 2654 3328 νεξῃωίηέ
2677 3246 3036 3328 colliguntur
3064 3253 3136 3310 ιε.
3171 3254 3211 3327 [(
3228 3255 3288 3310 V.
3322 3255 3488 3324 Ved.)
3509 3254 3616 3319 Qui
3650 3256 3711 3308 in

2044 3348 2338 3402 Atrebatas
2382 3346 2553 3400 urbis
2594 3345 2836 3399 introitu
2875 3344 3148 3400 claudum
3186 3359 3370 3399 unum
3395 3386 3408 3413 ,
3459 3344 3708 3398 alterum

2040 3435 2725 3519 cwcumf'clanlaat’espd
2748 3440 2833 3505 se;
2857 3435 3018 3519 hiqu
3034 3434 3188 3488 lucis
3210 3434 3520 3503 ademptae,
3542 3433 3708 3486 illum

2010 3510 2376 3580 ’Jambulandi
2407 3510 2712 3583 Jﬁchltaie‘
2744 3512 3017 3584 donavi?
3034 3523 3479 3595 ,Introgressus,
3515 3523 3712 3591 stupet

2041 3615 2234 3669 flenda
2266 3612 2434 3667 urbis
2457 3613 2808 3684 dejectione.
2836 3612 2984 3666 Nam
3009 3611 3265 3683 antiquis
3284 3610 3470 3665 ferme
3491 3615 3711 3679 tempo-

2041 3704 2209 3758 ribus
2240 3718 2428 3757 sacrae
2452 3718 2521 3757 eo
2544 3703 2654 3756 loci
2689 3702 2826 3756 ﬁdei
2848 3702 3126 3755 floruisse
3150 3699 3500 3772 religionem
3519 3714 3710 3770 agno-

2040 3793 2124 3845 vit
2148 3811 2162 3858 ;
2196 3792 2304 3846 sed
2334 3794 2574 3862 propter
2607 3790 2890 3845 offensam
2922 3788 3320 3857 incolentium,
3349 3788 3579 3843 occulto
3602 3787 3712 3842 sed

252 3882 539 3937 Ormisda
557 3897 703 3951 papa
716 3882 886 3935 vices
907 3896 1049 3936 suas
1068 3880 1436 3952 quondamin
1449 3879 1655 3934 Galliis
1668 3879 1934 3951 agendas
2036 3881 2204 3950 justo
2237 3881 2340 3935 Dei
2364 3880 2593 3952 judicio
2621 3880 2834 3934 tradita
2864 3882 2954 3933 est
2979 3895 3114 3933 eum
3137 3878 3354 3933 ceteris
3383 3876 3586 3932 Gallia
3613 3874 3710 3931 vel

254 3971 972 4027 commiserat.Vedastus
986 3971 1166 4042 igitur
1180 3970 1553 4024 festinantem
1570 3969 1638 4022 ad
1655 3968 1791 4021 vitae
1807 3967 1932 4022 fon-

250 4066 367 4115 tem
389 4060 731 4116 deducebat
751 4058 1107 4131 regem.Quo
1127 4059 1186 4113 in
1205 4060 1413 4113 itinere
1433 4058 1664 4112 cuidam
1682 4072 1842 4111 caeco
1861 4056 1933 4110 ad

253 4166 317 4205 se
351 4149 642 4204 clamanti
670 4149 765 4201 vir
803 4148 910 4202 Dei
940 4149 1135 4202 lumen
1168 4147 1422 4202 reddidit
1451 4147 1777 4215 oculorum,
1811 4160 1929 4199 non

2042 3970 2373 4025 Germaniae
2407 3969 2743 4023 civitatibus
2780 3983 3013 4039 pagano
3053 3970 3110 4022 et
3146 3966 3370 4037 perﬁdo
3404 3966 3712 4020 Hunorum

2044 4060 2172 4131 regi
2194 4059 2388 4113 Attilae
2408 4060 2552 4113 urbs
2574 4071 2808 4129 quoque
2827 4057 2925 4110 illa
2947 4055 3714 4126 depredanda.Quipropter

2046 4148 2221 4202 animi
2247 4147 2533 4202 saevitiam
2556 4162 2665 4201 nec
2684 4146 3097 4200 sacerdotibus
3118 4146 3243 4213 Dei,
3263 4149 3327 4199 ut
3342 4160 3522 4213 supra
3541 4143 3713 4198 deﬂe-

251 4241 382 4295 sine
444 4239 838 4292 admiratione
895 4239 1283 4307 palatinorum
1341 4251 1690 4307 procerum,
1752 4235 1927 4288 immo
1962 4262 2016 4322 D
2046 4238 2385 4304 vimus,nec
2406 4236 2682 4289 ccclesiis
2703 4236 2806 4287 Dei
2824 4234 3218 4287 reverentiam
3235 4232 3713 4300 noveratimpen-
3782 4280 3793 4285 -

251 4330 428 4383 etiam
482 4327 693 4399 regis,
744 4342 920 4397 quem
977 4326 1272 4396 presentis
1331 4324 1613 4380 exhibitio
1661 4324 1931 4377 miraculi

252 4418 609 4470 christiana:
658 4416 790 4469 fidei
837 4415 1071 4470 fervore
1116 4414 1400 4469 accendit.
1434 4412 1709 4468 Cernitur
1742 4427 1930 4483 usque

254 4506 310 4559 in
339 4505 707 4560 hodiernum
739 4504 992 4559 ecclesia
1024 4504 1083 4558 in
1115 4504 1515 4558 testimonium
1543 4502 1779 4556 virtutis
1818 4502 1931 4555 hu-

244 4595 349 4665 jus
401 4597 771 4658 constructa,
826 4594 885 4647 in
936 4610 1050 4664 qua
1098 4593 1404 4648 orantibus
1454 4596 1511 4647 et
1553 4591 1933 4646 credentibus

246 4683 547 4737 beneﬁcia
583 4685 924 4751 prestantur
954 4682 1175 4736 divina.

318 4772 375 4826 ’7.
409 4772 646 4826 Beatus
688 4770 977 4825 Ver/astus
1008 4772 1201 4825 vinum
1221 4770 1296 4825 de
1316 4771 1475 4826 sicco
1503 4787 1642 4825 raso
1659 4769 1930 4842 protulit,

253 4868 311 4913 et
340 4877 375 4914 a
397 4866 617 4915 sancto
640 4860 909 4930 Remigio
928 4860 1238 4915 ordinatus
1261 4862 1584 4931 episcopus,
1609 4859 1816 4915 claudo
1839 4874 1932 4913 ve-

251 4951 506 5021 stigium
526 4955 584 5003 et
607 4964 760 5003 caeco
781 4949 983 5003 reddit
1013 4951 1217 5004 visum.
1250 4949 1585 5020 Baptizatus
1608 4949 1803 5019 itaque
1828 4965 1936 5003 rex

252 5055 387 5093 cum
418 5037 811 5108 Optimatibus
844 5038 972 5092 suis
1003 5038 1074 5093 ad
1105 5043 1341 5109 sceptra
1365 5038 1537 5111 regni
1557 5038 1929 5110 regreditur;

2048 4327 2206 4393 dere,
2233 4326 2336 4379 sed
2363 4326 2556 4378 omnia
2574 4324 2746 4394 quasi
2760 4324 3085 4392 tempestas
3106 4320 3535 4375 immanissima
3551 4319 3710 4373 ferro

2043 4415 2300 4469 vastavit
2330 4417 2385 4468 et
2414 4412 2558 4483 igni.
2590 4411 3020 4478 Perscrutanti,
3064 4410 3117 4465 si
3156 4409 3314 4481 quod
3345 4409 3586 4480 signum
3615 4422 3711 4462 ec-

2044 4502 2247 4558 clesiaa
2275 4502 2604 4573 patuisset,
2638 4499 2864 4554 nullum
2913 4500 3132 4554 veteris
3179 4499 3383 4569 templi
3428 4497 3710 4551 indicium

2040 4594 2303 4664 parebat,
2335 4591 2473 4662 quia
2504 4590 2620 4644 loci
2651 4590 2804 4644 situs
2833 4589 3119 4659 vepribus
3149 4592 3205 4643 et
3247 4588 3437 4657 spinis
3459 4586 3587 4656 jam
3616 4601 3709 4639 1n-

2044 4683 2353 4736 horruerat
2379 4722 2392 4751 ,
2439 4685 2494 4734 et
2522 4680 2624 4734 ubi
2655 4678 2949 4750 quondam
2979 4677 3358 4748 psallentium
3389 4674 3554 4729 chori
3577 4715 3591 4743 ,
3628 4674 3711 4728 ibi

2043 4773 2225 4824 lustra
2249 4770 2507 4824 ferarum
2536 4769 2907 4823 videbantur.
2929 4768 3188 4822 Tandem
3211 4766 3367 4819 inter
3387 4764 3711 4819 fracmenta

2042 4875 2344 4913 murorum
2375 4859 2720 4931 diligentius
2751 4857 3211 4927 contemplatus,
3244 4851 3501 4925 invenit]
3545 4868 3707 4907 aram

2044 4949 2265 5002 sanctae
2299 4948 2403 5002 Dei
2438 4947 2743 5019 genitricis
2770 4945 2988 5012 Mariae,
3009 4958 3204 5014 quam,
3233 4942 3369 4997 licet
3390 4943 3546 4997 inter
3565 4945 3739 5015 stra-g

2043 5054 2177 5110 gem
2213 5053 2536 5105 murorum,
2558 5040 2755 5092 tamen
2785 5034 3037 5088 inlesam
3065 5032 3261 5087 adhuc
3292 5031 3524 5088 servari
3553 5032 3708 5086 divi-

1579 5229 1874 5291 VARIIE
1927 5228 2395 5292 LECTIONES

322 5413 376 5455 10
408 5410 817 5484 Regiosorum
848 5408 1064 5484 multos
1089 5410 1138 5484 1.
1164 5410 1213 5452 11
1232 5411 1463 5483 Liquet.
1496 5408 1552 5484 μ
1581 5410 1952 5484 Colliguntur
1982 5412 2045 5465 in
2075 5411 2315 5484 scedula
2346 5415 2546 5465 assuta
2574 5407 2873 5484 supplevit
2905 5413 3112 5463 auctor
3142 5408 3292 5484 ipse.
3324 5405 3488 5484 [dem
3514 5404 3707 5484 verba

252 5476 557 5538 Clodovevo
588 5499 647 5552 p.
686 5482 750 5554 D.
785 5481 1211 5552 providentiam
1256 5476 1434 5554 supra
1486 5481 1700 5537 lineam
1734 5476 2062 5554 'supplevit,
2116 5489 2174 5538 et
2221 5483 2496 5553 Favente,
2545 5476 2711 5551 rege,
2757 5480 3073 5535 Cameraro
3104 5476 3466 5533 et'Atrebato
3500 5476 3613 5531 diri
3645 5477 3708 5531 in

1864 5624 2119 5687 NOT/E

253 5570 477 5609 rasura
507 5553 777 5625 scripsit.

326 5704 446 5774 (61)
476 5705 518 5763 l.
550 5722 604 5763 θ.
639 5704 860 5778 studio,
892 5721 1094 5765 amore
1121 5710 1187 5763 ut
1214 5705 1284 5779 II,
1317 5704 1371 5762 5.
