4098 6196
332 302 409 366 31
1230 298 1506 362 GESTA
1546 296 1886 362 PONTIF!
1895 296 2078 362 CUM
2125 295 2868 362 GAMERACENSIUM
3120 283 3130 292 ’
3698 295 3779 362 32

333 501 493 557 nitus
523 516 641 557 non
669 499 934 572 ambigit.
970 499 1092 565 Qua
1122 499 1183 554 in
1211 514 1277 554 re
1307 499 1594 555 intellexit
1623 499 1718 553 vir
1747 504 1992 554 sanctus
2020 481 2079 541 Α
2110 499 2274 554 urbis
2304 498 2435 554 loco
2467 498 2781 568 eminebat,
2815 499 3016 553 divino
3062 499 3198 571 igne
3245 513 3606 554 succensum
3656 503 3768 554 est.

327 621 398 631 —-
425 591 600 645 nobis
632 606 866 661 quoque
886 589 1216 661 intelligere
1247 589 1419 643 datur
1439 621 1506 629 —
1529 590 1607 643 ibi
1639 589 1993 660 pontificalis

330 680 626 735 cathedrae
659 694 854 733 arcem
886 678 1184 744 extitisse,
1219 679 1535 747 presertim
1568 693 1701 732 cum
1741 683 1796 732 et
1844 680 1995 748 Dyo-

220 791 232 802 -
331 769 524 824 nisius
551 784 720 838 papa,
753 783 928 838 quem
954 767 1123 838 juxta
1156 767 1572 822 clironicorum
1614 768 1786 822 fidem
1818 769 1991 821 annis

330 855 435 912 263
465 860 596 911 ante
633 856 1010 910 Hormisdam
1039 871 1270 927 papam,
1297 857 1396 926 qui
1417 861 1678 926 tempore
1702 857 1809 910 fuit
1839 856 1994 910 beati

331 945 594 1014 Vedasti,
629 948 858 999 constat
893 945 1170 1000 Romanae
1190 947 1460 1000 ecclesiae
1482 945 1685 999 sedem
1703 946 1990 1014 tenuisse,

331 1033 485 1088 inter
513 1036 742 1088 ceteras
772 1034 881 1088 has
912 1050 1147 1105 quoque
1179 1034 1383 1101 urbes,
1408 1034 1790 1088 Cameracum
1821 1038 1994 1104 atque

331 1123 693 1190 Atrebatum,
727 1123 1018 1192 ascriptus
1076 1127 1132 1177 et
1180 1139 1310 1178 cum
1351 1124 1482 1177 suis
1513 1123 1814 1192 parochiis
1845 1139 1994 1194 eque

331 1212 642 1267 distinctas
675 1211 980 1283 reliquerit
1009 1210 1078 1279 13,
1115 1228 1248 1266 cum
1277 1212 1550 1284 singulas
1580 1213 1854 1267 dioceses
1886 1213 1995 1266 cir-

332 1301 710 1370 cumscriptis
739 1301 958 1355 finibus
989 1301 1298 1370 ordinavit,
1326 1304 1382 1355 et
1414 1301 1695 1356 editiores
1725 1317 1994 1372 quasque

332 1391 830 1460 metrOpolitanas,
866 1389 1180 1444 inferiores
1228 1405 1368 1444 vero
1414 1389 1824 1462 suffraganeas
1857 1407 1995 1446 esse

331 1478 600 1532 instituit.
635 1477 808 1550 [Nota
837 1478 996 1548 quod
1027 1478 1344 1549 Dyonisius
1375 1494 1522 1548 papa
1562 1479 1715 1533 inter
1747 1483 1995 1534 caeteras

331 1567 509 1621 sedes
542 1566 910 1636 pontificales
939 1567 1321 1622 Cameracum
1365 1570 1421 1622 et
1469 1567 1813 1622 Atrebatum
1852 1566 1994 1622 des-

331 1655 629 1724 cripserit.
663 1655 892 1711 Auctor
919 1656 981 1709 in
1011 1655 1223 1728 marg.]

2109 589 2273 642 Hanc
2323 589 2537 644 divinae
2583 588 3006 660 indignationis
3063 588 3639 642 animadversionem
3697 602 3772 642 ex

2105 678 2328 733 offensa
2375 678 2674 732 hominum
2715 679 3010 732 accidisse
3053 678 3429 732 advertentes
3478 677 3767 747 episcopi,

2105 768 2398 822 communi
2449 768 2698 821 consilio
2743 767 3136 821 decreverunt
3183 767 3413 820 servari
3445 765 3764 836 jejunium,

2105 857 2260 928 quod
2289 856 2483 910 triduo
2514 861 2647 910 ante
2678 857 3093 910 ascensionem
3128 856 3354 909 Domini
3388 871 3580 933 usque
3611 870 3769 909 nunc

2090 948 2209 1017 "per
2239 961 2445 1000 omnes
2476 945 2795 1000 Galliarum
2825 945 3117 999 ecclesias
3140 945 3371 1016 agitur;
3407 944 3615 1016 sicque
3639 944 3770 1015 ipsa

2103 1035 2400 1090 tribulatio
2434 1037 2605 1104 atque
2638 1034 2958 1089 subversio
2990 1034 3234 1103 quievit.

2175 1123 2227 1179 9.
2261 1125 2486 1178 Beatus
2515 1122 2803 1177 Vedastus
2833 1122 2907 1176 de
2926 1122 3036 1176 boc
3057 1121 3256 1176 seculo
3275 1123 3581 1194 migravit,
3608 1121 3771 1194 cuius

2107 1215 2328 1269 exitum
2365 1213 2627 1268 columna
2659 1211 2811 1266 lucis
2843 1210 3194 1266 illustravit.
3238 1213 3262 1279 (
3277 1210 3336 1266 V.
3391 1210 3559 1280 Ved.)
3594 1211 3768 1266 Rexit

2103 1303 2288 1375 igitur
2303 1302 2590 1374 egregius
2615 1301 2722 1355 Dei
2739 1301 3024 1355 sacerdos
3048 1299 3346 1354 Vedastus
3366 1299 3647 1370 predictae
3666 1315 3768 1354 ur-

2103 1393 2199 1447 bis
2235 1392 2570 1446 aecclesiam
2601 1391 2773 1445 annis
2803 1389 3042 1443 circiter
3069 1389 3158 1442 40.
3191 1389 3379 1460 Cujus
3415 1388 3771 1443 mentionem

2104 1481 2314 1536 beatus
2346 1480 2655 1552 Remigius
2689 1479 2947 1550 benigne
2975 1477 3182 1534 recolit
3200 1478 3262 1532 in
3281 1481 3632 1532 testamento
3659 1492 3769 1532 suo

2107 1571 2184 1624 ita
2216 1569 2490 1624 scribens
2525 1569 2730 1636 (FLoo.
2775 1585 2814 1636 ι,
2854 1567 2942 1637 18)
2971 1583 2984 1622 :
3023 1567 3317 1622 Ecclesiae
3350 1566 3766 1630 Atrebatensi,

2108 1662 2198 1714 cui
2236 1658 2356 1713 Deo
2388 1663 2628 1712 auctore
2662 1656 2975 1713 Vedastum
3006 1655 3260 1710 fratrem
3289 1671 3480 1710 meum
3517 1655 3771 1709 carissi-

401 1742 455 1799 8.
510 1743 673 1810 Quod
715 1746 777 1799 in
827 1745 974 1800 urbe
1018 1745 1237 1799 Vienna
1287 1745 1490 1799 habita
1522 1745 1731 1801 sinodo
1760 1761 1792 1800 a
1818 1745 1994 1801 beato
2025 1735 2077 1796 Β
2107 1765 2258 1803 mum
2282 1747 2612 1819 episcOpum
2638 1745 3008 1814 consecravi,
3036 1760 3114 1799 ex
3133 1743 3416 1816 donojam
3438 1743 3586 1798 dicti
3600 1744 3772 1814 prin-

330 1833 644 1903 Mamerto,
677 1839 916 1889 vocatus
931 1839 1172 1888 sanctus
1194 1834 1500 1906 Remigius
1510 1850 1622 1906 pro
1642 1851 1708 1889 se
1728 1841 1994 1890 sanctum

342 1921 656 1977 Vedastum
679 1923 944 1989 direxit;
971 1923 1071 1977 ubi
1097 1925 1428 1994 coepiSCOpi
1451 1925 1617 1978 inter
1637 1931 1838 1979 cetera
1872 1941 1996 1997 quae

335 2017 767 2077 tractaverunt,
796 2012 1092 2084 jejunium
1125 2013 1276 2085 quod
1307 2013 1503 2068 triduo
1530 2019 1667 2068 ante
1697 2029 1996 2068 ascenszo-

333 2116 465 2154 nem
498 2099 734 2155 Domini
770 2102 988 2173 agitur,
1037 2102 1357 2157 observari
1403 2102 1825 2157 decreverunt.
1875 2101 1992 2174 [(V.

345 2187 511 2257 Ved.)
542 2190 854 2259 Reparatis
885 2191 1086 2260 templi
1115 2191 1414 2259 aedificiis,
1461 2191 1670 2246 beatus
1699 2192 1995 2246 Vedastus

334 2277 816 2349 circumdacentis
837 2280 1147 2349 provintiae
1171 2281 1423 2350 populos
1444 2282 1517 2336 ab
1535 2281 1804 2335 idolatria
1822 2281 1994 2336 culti-

332 2367 447 2422 bus
469 2367 687 2422 divinis
706 2369 1078 2439 mancipavit,
1096 2369 1230 2424 fana
1248 2370 1494 2425 deorum
1515 2370 1778 2440 diruens,
1795 2369 1998 2425 wccleé

331 2455 456 2510 sias
469 2457 540 2511 ad
552 2457 768 2511 summi
781 2457 1017 2512 decoris
1031 2458 1259 2514 culmen
1276 2459 1766 2531 erigens.Claruit
1779 2459 1995 2531 ubique

334 2544 548 2600 divina)
567 2546 826 2618 cognitio
845 2547 1027 2618 legis;
1047 2547 1262 2602 Christi
1288 2565 1502 2604 nomen
1525 2553 1872 2604 cunctorum
1895 2565 1996 2603 au-

334 2633 607 2688 diebatur
637 2635 694 2688 in
726 2651 848 2690 ore.
886 2637 1068 2709 Signa
1106 2640 1300 2692 autem
1340 2640 1397 2692 et
1424 2638 1695 2706 virtutes,
1730 2654 1863 2709 quaa
1895 2653 1998 2708 per

335 2737 470 2778 eum
500 2723 697 2778 divina
726 2725 992 2780 exhibuit
1021 2727 1299 2796 potentia,
1329 2727 1468 2797 quia
1488 2727 1798 2782 brevitatis
1822 2728 1996 2782 stilus

334 2826 450 2868 non
470 2813 642 2883 capit,
664 2814 924 2869 curiosis
943 2815 1266 2870 lectoribus
1285 2815 1435 2870 liber
1449 2817 1586 2870 vitae
1609 2816 1742 2885 ejus
1763 2816 1998 2886 plenius

335 2901 570 2957 indicat.
607 2902 806 2974 Hujus
845 2904 1211 2974 temporibus
1252 2905 1450 2960 habita
1488 2906 1738 2960 sinodus
1772 2906 1997 2960 Vienna

2107 1836 2303 1908 cipis,’
2316 1837 2380 1890 id
2397 1841 2488 1889 est
2509 1835 2702 1889 Hludo
2714 1834 2864 1900 wici,
2889 1849 3054 1906 quem
3076 1833 3150 1888 de
3166 1849 3338 1888 sacro
3356 1832 3520 1888 fonte
3535 1834 3772 1903 suscepi

2112 1926 2285 1981 villas
2306 1927 2452 1980 duas
2473 1926 2534 1978 in
2557 1923 2878 1995 stipendiis
2895 1922 3246 1977 clericorum
3265 1921 3561 1993 delegavi,
3586 1920 3771 1977 Orcos

2111 2014 2387 2070 videlicet
2419 2018 2478 2067 et
2509 2012 2888 2067 Sabucetum.
2923 2013 2949 2079 (
2963 2009 3023 2065 V.
3062 2009 3229 2079 Ved.)
3251 2009 3401 2082 Ejus
3424 2012 3647 2065 exitum
3669 2026 3766 2066 co-

2103 2103 2300 2158 lumna
2327 2103 2478 2158 lucis
2514 2103 2642 2157 visa
2659 2118 2691 2156 a
2710 2101 2921 2156 cellula
2942 2099 3076 2170 ejus
3098 2100 3172 2154 ad
3190 2099 3400 2154 caelum
3421 2114 3612 2170 usque
3636 2115 3770 2154 con-

2104 2194 2328 2264 spicuae
2341 2192 2492 2246 lucis
2506 2195 2693 2246 tractu
2706 2190 3044 2261 pertingere
3063 2189 3420 2260 designavit,
3436 2204 3613 2260 quam
3630 2204 3767 2243 mox

2103 2281 2529 2352 subsequentis
2553 2280 2749 2335 obitus
2771 2294 2943 2333 sacra
2963 2277 3364 2332 illustraverat
3383 2276 3535 2332 dies.
3555 2277 3768 2332 Mirum

2103 2371 2264 2440 illud,
2289 2370 2447 2442 quod
2467 2368 3063 2424 interlacrimantium
3083 2366 3340 2438 gemitus
3358 2367 3418 2421 in
3434 2370 3595 2420 terra
3612 2366 3770 2435 psal-

2101 2461 2343 2516 lentium
2358 2475 2542 2514 voces
2562 2457 2950 2512 audiebantur
2971 2458 3029 2510 in
3050 2456 3218 2510 caalo.
3243 2454 3522 2526 Sepultus
3545 2458 3636 2510 est
3659 2471 3766 2509 au-

2099 2553 2215 2606 tem
2237 2551 2297 2604 in
2320 2548 2593 2604 aacclesia
2614 2548 2802 2602 beatae
2833 2545 3086 2617 virginis
3119 2545 3339 2612 Mariae,
3375 2543 3530 2598 haud
3557 2544 3764 2614 procul

2103 2639 2174 2694 ab
2193 2641 2323 2709 ipso
2353 2639 2541 2705 altari,
2569 2637 2642 2690 ad
2664 2635 2986 2691 australem
3007 2634 3261 2706 plagam.
3287 2633 3351 2685 In
3373 2649 3490 2704 quo
3511 2633 3637 2686 loco
3655 2647 3764 2703 per

2101 2729 2323 2800 aliquot
2335 2727 2619 2797 temporis
2633 2725 3192 2797 quievit,quousque
3207 2722 3505 2777 revelante
3518 2721 3763 2776 Domino

2104 2835 2136 2872 a
2161 2818 2308 2872 viris
2329 2815 2555 2871 sanctis
2578 2815 2860 2869 Autberto
2892 2817 3066 2883 atque
3089 2811 3424 2866 Audomaro
3445 2811 3520 2864 ad
3548 2810 3762 2878 locum,

2102 2907 2382 2962 ubinunc
2403 2903 2537 2975 ejus
2560 2903 2842 2958 memoria
2866 2901 3074 2973 fulget,
3107 2895 3357 2955 feliciter
3387 2903 3478 2954 est
3508 2899 3765 2954 transla-

333 2991 480 3046 urbe
501 2991 878 3062 describitur,
903 2993 974 3047 ad
992 3009 1168 3064 quam
1189 2993 1507 3049 Galliarum
1529 2995 1793 3072 episcopi
1812 3012 1843 3049 a
1865 2995 1998 3050 bea-
2025 2997 2077 3058 C
2103 2999 2220 3065 tus,
2254 2996 2411 3050 sicut
2437 2995 2497 3048 in
2527 2993 2678 3048 libro
2709 2993 2847 3046 vitae
2880 2990 3036 3062 ejus,
3089 2992 3146 3044 et
3191 2989 3425 3061 plenius
3469 2988 3529 3041 in
3574 2987 3765 3058 gestis

329 3081 403 3135 to-
421 3080 702 3136 Mamerto
741 3083 1048 3138 convocati
1086 3099 1263 3154 poene
1303 3099 1511 3139 omnes
1553 3087 1991 3154 convenerunt;

2101 3084 2255 3140 beati
2287 3083 2556 3138 Autberti
2586 3083 2823 3154 legitur.
2872 3079 2937 3134 In
2987 3095 3102 3151 qua
3143 3077 3523 3132 translatione
3555 3076 3766 3130 beatus

329 3169 557 3239 (FLOD.,
706 3170 778 3226 Η.
814 3189 852 3241 i,
889 3171 977 3243 16)
1008 3173 1194 3265 ιιὺίοᾳ
2078 3175 2475 3265 ξᾼὲιέρωθωε
2506 3174 2806 3242 receptum
2828 3168 3322 3265 corruptile-l-ucis
3345 3181 3558 3220 munus
3580 3164 3766 3265 fertur

328 3261 527 3330 utpote
574 3259 792 3315 divinis
835 3247 2051 3334 θιοίιιιίίερἠιᾷξιῖὲὲῖξηυξηξΞθὶέξέςῖωιξΞ

328 3348 496 3404 tioris
518 3349 726 3419 gratiae
755 3351 1069 3422 privilegio
1100 3351 1616 3420 facundissimum,
1649 3355 1856 3408 venire
1885 3371 1992 3424 pe-

328 3437 565 3491 tierunt.
600 3438 673 3492 At
702 3439 796 3493 vir
824 3441 1688 3523 sanctuqsenroOgravlsJ-cum
1719 3445 1993 3523 col-prmia

328 3524 727 3580 imbecillitate
778 3515 1163 3599 detinerbt'tui,
1186 3515 1630 3599 δῴὲὦῖἑηλιῦίο
1670 3517 2066 3594 νὲιὶθάιιὶῐξεξ

328 3613 568 3668 vicaria
600 3615 1019 3671 sollicitudinis
1050 3619 1457 3687 cooperarium
1497 3619 1713 3674 direxit
1751 3621 1882 3689 (62).
1927 3623 1991 3676 In

328 3716 398 3757 ea
425 3718 678 3774 namque
708 3704 858 3760 urbe
882 3745 896 3772 ,
931 3709 992 3760 ut
1021 3706 1232 3761 beatus
1259 3705 1588 3778 Gregorius
1619 3709 1990 3765 Turonensis

328 3791 496 3846 urbis
528 3792 849 3863 episcopus
879 3794 1088 3849 scribit
1118 3796 1176 3848 in
1208 3796 1399 3867 gestis
1432 3797 1822 3867 Francorum,
1853 3803 1992 3855 tunc

327 3881 612 3950 temporis
643 3881 901 3937 inaudita
931 3883 1096 3938 cives
1114 3884 1388 3956 prodigia
1406 3889 1759 3943 terruerunt.
1781 3888 1989 3956 (Gesta

328 3985 380 4024 r.
415 3969 546 4040 Fr.)
580 3971 730 4025 Hinc
762 3972 918 4026 enim
950 3976 1110 4028 motu
1138 3977 1317 4029 terrm
1356 3975 1632 4043 maximo,
1674 3977 1988 4033 multarum

327 4058 716 4114 ecclesiarum
727 4061 925 4116 subita
939 4064 1251 4118 eversione
1265 4067 1323 4118 et
1334 4065 1627 4120 ruentium
1640 4066 1991 4134 palatiorum

328 4150 746 4215 concussione,
767 4152 971 4222 gravis
992 4152 1206 4207 animis
1225 4152 1478 4224 dejectio
1501 4154 1868 4225 incubuerat,
1896 4156 1990 4210 in-

2077 3247 2473 3333 irein'ﬁietrata
2517 3260 2801 3328 caecitate,
2852 3259 3100 3312 vitasse.
3150 3254 3348 3327 Hujus
3379 3257 3517 3325 post
3546 3253 3768 3307 obitum

2098 3353 2380 3406 miracula
2409 3351 2556 3405 alias
2587 3350 2847 3421 diligens
2877 3347 3068 3402 lector
3097 3342 3398 3416 inveniet.]

2098 3455 2116 3522 ξ
2137 3442 2256 3500 πα
2349 3441 2440 3522 ﬂe
2461 3441 2696 3494 homine
2706 3453 2822 3510 per
2839 3437 2916 3492 ad
2925 3437 3206 3492 vocatiam
3224 3434 3420 3490 sancti
3443 3431 3685 3487 Vedasti
3702 3431 3762 3484 in

2097 3507 2360 3603 Euripum
2375 3507 2726 3587 sustentata:
2746 3528 2942 3582 Pauca
2963 3541 3129 3594 vero,
3145 3540 3280 3596 quin
3303 3521 3529 3578 nostris
3549 3521 3763 3575 diebus

2097 3620 2324 3674 meritis
2354 3617 2539 3690 hujus
2580 3614 2733 3670 beati
2769 3613 3144 3670 confessoris
3176 3628 3210 3666 a
3237 3609 3581 3674 videntibus
3611 3609 3764 3663 facta

2096 3709 2436 3779 accepimus
2457 3748 2470 3774 ,
2504 3719 2877 3776 nequaquam
2905 3701 3300 3774 pretereunda
3329 3699 3760 3754 estimavimus.

2096 3801 2159 3853 In
2188 3795 2500 3853 Derniensi
2532 3794 2644 3863 (63)
2668 3807 2922 3864 namque
2944 3790 3240 3845 territorio
3262 3788 3557 3860 quendam
3577 3803 3654 3841 ex
3673 3785 3762 3840 fa-

2097 3887 2254 3942 milia
2302 3883 2493 3939 sancti
2541 3882 2782 3937 Vedasti
2834 3881 3133 3936 hominem
3176 3879 3314 3933 mali
3359 3877 3762 3947 rapinatores,

2096 3977 2306 4031 aliene
2327 3971 2738 4029 substantiola
2761 3970 3078 4038 inhiantes,
3099 3969 3300 4038 pravis
3318 3963 3764 4020 insimulationi-

2097 4067 2213 4121 bus
2241 4063 2432 4119 adorti
2464 4064 2621 4131 sunt,
2655 4065 2712 4116 et
2740 4061 2814 4115 ob
2847 4059 2959 4114 hoc
2992 4073 3169 4112 suum
3198 4055 3547 4110 advocatum
3577 4053 3635 4106 in
3653 4051 3762 4124 jus

2099 4157 2436 4226 quaerentes
2461 4193 2475 4220 ,
2524 4153 2721 4222 ipsum
2761 4149 2998 4220 quidem
3028 4145 3326 4201 hominem
3355 4144 3427 4197 ad
3459 4141 3764 4214 singulare

327 4238 622 4294 stantibus
650 4241 962 4312 prodigiis,
997 4242 1200 4296 mundi
1229 4243 1543 4298 terminum
1574 4247 1630 4298 et
1660 4247 1987 4300 extremum
2020 4265 2072 4326 D
2102 4247 2400 4301 certamen
2430 4241 2587 4312 quod
2615 4239 2838 4293 rustice
2869 4237 3122 4292 dicimus
3155 4250 3446 4304 campum,
3470 4246 3761 4302 provoca-

321 4325 532 4397 judicii
552 4328 708 4383 diem
727 4336 1228 4399 superventurum
1251 4334 1675 4402 spectantibus.
1697 4335 1884 4389 Porro
1906 4335 1986 4390 ibi

324 4416 534 4472 bestiae
551 4418 748 4472 multis
769 4419 1144 4490 aberrantes,
1164 4421 1288 4490 lupi
1309 4422 1434 4475 ursi
1456 4437 1525 4476 ac
1543 4423 1708 4476 cervi
1726 4424 1984 4493 ingressi

325 4521 432 4576 per
462 4509 687 4575 portam
712 4507 985 4574 civitatis,
1014 4508 1283 4564 homines
1306 4511 1592 4580 plurimos
1609 4511 1982 4582 devorantes,

325 4596 439 4652 hoc
469 4612 576 4668 per
589 4598 774 4651 totum
793 4612 1011 4650 annum
1034 4596 1348 4653 faciebant.
1373 4599 1837 4669 Superveniente
1860 4601 1986 4655 sol-

325 4686 542 4756 lempni
568 4685 662 4740 die
692 4685 954 4756 pascha),
976 4690 1222 4740 sanctus
1244 4687 1565 4742 Mamertus
1587 4687 1859 4758 ejusdem
1881 4705 1986 4743 ur-

323 4775 418 4829 bis
441 4775 761 4846 episcopus
783 4791 915 4830 cum
938 4775 998 4830 in
1018 4777 1148 4846 ipsa
1170 4777 1373 4848 vigilia
1395 4792 1631 4833 sacrum
1654 4778 1986 4832 misterium

325 4863 673 4929 celebraret,
705 4864 983 4937 palatium
1021 4881 1257 4938 quoque
1296 4866 1517 4939 regale,
1551 4867 1708 4939 quod
1738 4867 1986 4923 editiore

2102 4338 2256 4390 runt.
2277 4332 2386 4397 Qui
2409 4331 2759 4384 advocatum
2781 4342 2957 4382 suum
2977 4325 3319 4387 adfuturum
3349 4322 3647 4393 pollicitus
3669 4320 3763 4373 in-

2100 4428 2188 4478 tra
2216 4422 2399 4492 hujus
2431 4418 2585 4490 legis
2617 4415 2978 4470 difﬁniendaa
3008 4414 3342 4481 terminum,
3369 4415 3601 4480 sumpta
3623 4425 3763 4479 pera

2099 4527 2232 4565 cum
2260 4507 2492 4575 baculo,
2530 4507 2602 4561 ad
2632 4505 2948 4560 cenobium
2976 4503 3090 4557 viri
3112 4501 3216 4556 Dei
3238 4515 3491 4572 pergere
3515 4498 3764 4553 festina-

2096 4600 2199 4669 vit,
2223 4611 2582 4667 causamque
2605 4593 3000 4664 proclamans,
3022 4590 3253 4646 abbatis
3271 4587 3639 4644 advocatiam
3657 4586 3763 4639 im-

2094 4686 2365 4758 ploravit.
2391 4685 2594 4740 Abbas
2615 4687 2810 4738 autem
2835 4697 2944 4753 pro
2970 4679 3313 4735 difficultate
3339 4678 3504 4750 longi
3530 4673 3759 4730 itineris

2096 4777 2441 4833 detrectavit
2467 4775 2623 4830 ferre
2647 4771 3016 4844 suffragium,
3043 4770 3220 4824 immo
3249 4768 3514 4822 divinum
3537 4763 3761 4820 monuit

2098 4867 2411 4937 expectare
2440 4861 2492 4906 15
2523 4862 2823 4918 auxilium.
2847 4859 3095 4915 Omnino
3124 4859 3320 4929 itaque
3351 4855 3656 4912 desolatus
3686 4851 3758 4906 ad

1636 5038 1930 5100 VARI/E
1976 5035 2339 5100 LEGTION
2347 5037 2444 5098 ES

394 5213 626 5291 1§_hanc
657 5231 714 5288 q.
746 5216 955 5273 urbem
984 5221 1302 5290 ascriptam
1327 5217 1632 5291 reliquerit
1654 5220 1850 5290 primo
1878 5218 2137 5276 habebat
2172 5219 2202 5273 1
2230 5237 2255 5291 ί
2281 5201 2625 5291 εθᾶξψοιθι·
2653 5217 2782 5291 ipse
2804 5215 2888 5291 ita
2919 5213 3208 5282 correxit,
3245 5218 3304 5269 ut
3335 5225 3486 5268 nunc
3515 5208 3760 5281 legitur.

322 5283 376 5330 14
403 5286 526 5343 Hoc
558 5294 616 5343 et
647 5283 902 5360 sequens
932 5296 1101 5362 caput
1129 5283 1193 5347 in
1223 5283 1692 5347 sceduIa-ussuta
1723 5291 1968 5362 scripsit
2001 5295 2205 5346 auctdr
2235 5290 2382 5363 ipse.
2418 5288 2471 5330 15
2491 5283 2826 5358 expectaret
2858 5285 2906 5340 1.

1917 5458 2174 5524 NOT/E

393 5644 506 5717 (62)
528 5643 677 5718 Quae
709 5645 805 5701 bis
832 5645 1034 5718 insunt
1080 5645 1218 5718 plus
1260 5662 1436 5718 quam
1481 5647 1678 5718 dubia,
1711 5645 1985 5718 exposuit

323 5716 742 5775 Henschenius
774 5718 921 5774 Acta
948 5716 1054 5774 SS.
1087 5716 1264 5775 Febr.
1280 5716 1342 5773 Ἰ.

392 5787 506 5867 (63)
553 5789 836 5850 Fortasse
880 5789 1106 5866 Ergny,
1154 5790 1487 5848 arrondiss.
1519 5789 1857 5862 Montreuil,
1889 5790 1985 5845 vel

2095 5641 2703 5714 Erny—Saint-Julien,
2737 5641 2977 5714 arrond.
3008 5637 3423 5714 saiQt-Qmer.
3457 5637 3543 5692 La
3570 5635 3757 5714 βων.

2095 5708 2378 5788 Fortasse
2404 5708 2729 5788 legendum
2756 5712 3080 5788 Dervensi.
3111 5708 3261 5788 Pagi
3287 5708 3621 5788 Dervensis
3648 5722 3760 5763 vo-

2095 5787 2370 5844 cabulum
2398 5785 2458 5842 in
2473 5779 2755 5843 Mentiar
2782 5784 3006 5842 en-Der
3031 5779 3324 5838 servatur.
3355 5779 3424 5836 P.
