4098 6196
237 392 314 454 33
1641 379 1897 444 LIBER
1935 355 2284 444 PRIMUS.
3604 382 3683 447 34

241 606 350 645 sua
377 588 716 657 revertitur,
752 586 999 657 solaque
1031 585 1092 639 in
1133 583 1365 638 Domini
1397 582 1548 636 fisus
1579 580 1907 650 clementia,
1933 565 1988 628 Α
2091 578 2202 652 [13.
2235 578 2330 650 (V.
2369 577 2550 651 Gaug.
2583 580 2695 650 (65)
2727 597 2808 636 ιιι.
2830 581 2906 653 1.)
2936 582 3025 637 De
3045 584 3368 643 Bertoaldo
3392 543 3680 662 episcopo.

241 682 583 749 susceptam
622 677 818 748 legem
861 673 1131 730 refellere
1179 688 1549 744 nequaquam
1594 669 1908 725 estimavit.

243 768 404 840 Ergo
433 767 762 838 prescripta
795 764 1130 834 diejudicio
1152 779 1219 817 se
1240 764 1700 832 repraesentans,
1733 759 1913 812 advo-

240 858 454 911 catiam
474 856 577 909 Dei
591 860 645 910 et
663 854 855 908 sancti
875 852 1116 906 Vedasti
1135 851 1627 921 sibiprofuturam
1646 863 1914 918 assump-

242 946 338 1015 sit,
354 945 701 1014 nullumque
720 943 900 996 alliud
918 944 1151 996 scutum
1176 956 1349 1011 quam
1371 955 1572 1009 peram
1597 938 1711 992 sibi
1735 951 1912 1006 oppo-

239 1034 494 1088 nendam
508 1032 941 1086 ﬁducialiterad
958 1029 1342 1085 dirimendam
1357 1044 1615 1099 pugnam
1630 1025 1915 1080 exclama-

243 1123 342 1177 vit.
375 1121 739 1193 Factumque
762 1125 854 1175 est
881 1120 1076 1174 divina
1101 1121 1381 1189 cperante
1403 1116 1730 1184 clementia,
1757 1114 1913 1186 quod

241 1213 341 1267 ubi
371 1213 706 1266 obluctator
737 1211 886 1265 alter
913 1209 1226 1280 diligenter
1263 1210 1544 1269 armatus.
1581 1219 1916 1276 congressu

246 1302 445 1355 habito
471 1301 630 1355 illius
652 1300 898 1354 inermis
919 1313 1120 1369 peram
1141 1297 1367 1369 ingenti
1388 1297 1505 1350 ictu
1526 1292 1912 1366 percusserit,

246 1395 406 1445 tanta
436 1395 493 1444 et
513 1394 630 1444 tam
653 1390 839 1443 densa
857 1386 1072 1443 nebula
1091 1387 1242 1442 inter
1262 1401 1366 1440 eos
1389 1385 1461 1439 de
1492 1385 1621 1454 ipsa
1641 1399 1782 1454 pera
1800 1385 1916 1436 sta-

248 1481 352 1532 tim
405 1479 693 1548 exoritur,
739 1481 805 1531 ut
851 1480 1058 1531 neuter
1087 1475 1333 1530 alterum
1371 1473 1574 1528 videre
1604 1472 1915 1544 potuisset.

315 1620 405 1677 11.
453 1621 544 1677 De
585 1620 824 1676 homine
874 1633 1095 1691 quoque
1125 1633 1242 1689 per
1283 1621 1550 1671 sanctum
1607 1613 1922 1670 Vedastum

250 1711 533 1766 liberato.
569 1709 634 1763 In
663 1725 779 1764 una
809 1723 1046 1779 quoque
1064 1705 1358 1774 acclesia,
1383 1721 1516 1776 qua
1536 1705 1596 1758 in
1617 1702 1920 1774 episcopio

253 1798 626 1854 Leodecensi
657 1798 791 1865 sita,
820 1799 882 1851 in
914 1797 1143 1851 honore
1175 1796 1367 1849 sancti
1397 1793 1639 1848 Vedasti
1689 1792 1921 1861 colitur,

252 1893 458 1959 raptor
481 1887 716 1958 quidam
729 1885 1032 1956 pessimus
1047 1883 1392 1954 compositis
1405 1883 1814 1937 fraudulenter
1831 1897 1926 1936 ca-

251 1978 499 2032 lumniis
517 1976 814 2030 hominem
837 1975 1010 2043 cepit,
1035 1973 1324 2042 nexisque
1343 1974 1482 2042 post
1495 1974 1727 2042 tergum
1750 1970 1928 2023 mani-

252 2068 363 2122 bus
398 2069 461 2121 et
491 2065 629 2119 fune
663 2063 902 2118 ascellis
933 2062 1264 2132 supposito,
1297 2061 1686 2132 torquendum
1716 2059 1926 2114 durius

252 2155 611 2210 abducebat.
643 2152 828 2218 Quem
859 2167 997 2206 mox
1026 2151 1255 2205 calitus
1273 2150 1702 2219 emancipatum
1731 2147 1928 2218 respi-

254 2247 447 2313 ciens,
483 2259 635 2315 cquo
667 2240 906 2310 desiliit,
939 2238 1225 2310 illumque
1252 2255 1358 2309 per
1387 2255 1454 2293 se
1485 2239 1611 2294 fore
1671 2237 1930 2292 solutum

253 2348 498 2406 quoquo
530 2331 704 2386 modo
735 2330 1105 2398 existimans,
1132 2329 1282 2383 male
1305 2329 1684 2383 verberatum
1716 2327 1930 2381 iterum

254 2426 448 2478 artius
473 2422 813 2475 vinculavit.
835 2419 1121 2490 Equoque
1143 2433 1418 2486 ascenso,
1444 2419 1683 2487 repente
1695 2431 1930 2487 quoque

256 2515 522 2567 laxatum
556 2509 824 2576 intuitus,
847 2523 980 2561 cum
1011 2507 1212 2562 furore
1243 2507 1415 2561 etiam
1436 2523 1544 2577 per
1561 2522 1766 2560 coman
1784 2505 1931 2559 arri-

254 2604 413 2672 puit,
451 2599 923 2668 verberibusque
961 2595 1264 2661 affectum,
1307 2597 1478 2650 tertio
1521 2610 1624 2664 per
1657 2593 1931 2666 genitalia

258 2689 572 2761 obligavit.
606 2688 730 2742 Nec
762 2687 1004 2757 longum
1035 2701 1198 2753 vero,
1234 2684 1589 2739 dissolutum
1646 2683 1929 2752 respexit,

258 2781 478 2848 sicque
508 2777 739 2831 tandem
772 2774 1074 2843 devictus,
1109 2773 1323 2828 divina
1369 2772 1648 2844 potentia
1696 2772 1932 2826 caden-

259 2868 406 2922 dum
441 2865 753 2920 estimavit.
790 2864 914 2918 Hoc
945 2865 1139 2917 autem
1168 2862 1395 2917 meritis
1426 2861 1615 2916 sancti
1639 2860 1880 2914 Vedasti
1901 2875 1934 2913 a

260 2957 385 3012 Deo
421 2969 780 3010 concessum
811 2967 982 3007 nemo
1013 2952 1114 3023 Qui
1137 2951 1379 3006 dubitet.

333 3081 427 3137 12.
462 3080 612 3136 Post
655 3077 968 3132 Vedastum
999 3077 1290 3131 successit
1335 3075 1698 3144 Dominicus,
1725 3080 1934 3146 postea

274 3169 586 3234 Vedulfus,
607 3167 826 3222 deinde
849 3166 1057 3220 beatus
1073 3165 1458 3236 Gaugericus.
1480 3165 1658 3218 Beato
1679 3163 1935 3218 Vedasto

261 3261 334 3315 ad
361 3257 706 3331 pontificale
736 3256 953 3309 solium
981 3255 1326 3309 Dominicus
1349 3254 1665 3318 successit,
1701 3253 1796 3307 cui
1817 3252 1937 3307 Ve-

264 3348 498 3404 dulfus.
517 3347 609 3400 Ab
631 3347 747 3398 isto
770 3345 1104 3414 ceterisque
1126 3342 1646 3398 successisoribus
1677 3341 1810 3412 ejus
1832 3340 1938 3395 Ca-

262 3436 642 3492 maracensis
674 3434 946 3488 acclesia
979 3433 1298 3502 specialem
1345 3432 1710 3502 principatus
1746 3424 1940 3486 aulam

263 3526 524 3596 accepit,
559 3540 693 3594 qua
724 3522 1073 3577 sacerdotali
1107 3521 1396 3592 regimine
1427 3520 1608 3574 multo
1632 3523 1764 3574 ante
1796 3523 1940 3574 tem-

262 3632 440 3687 pore,
474 3615 633 3668 sicut
654 3611 1067 3678 etAtrabatus,
1088 3615 1346 3679 vacaret,
1367 3626 1442 3664 ex
1472 3625 1587 3680 quo
1624 3609 1943 3664 Galliarum

264 3718 514 3777 quoque
547 3702 857 3756 acclesias
886 3699 1213 3754 barbaricae
1261 3698 1695 3769 persecutionis
1747 3698 1943 3752 cades

265 3795 633 3848 vastaverat.
667 3789 783 3845 Sed
817 3805 933 3843 non
964 3789 1184 3842 idcirco
1211 3787 1346 3859 jure
1377 3788 1513 3857 quis
1543 3787 1849 3856 dubitabit,
1869 3803 1944 3841 an

264 3884 413 3937 huic
438 3879 735 3936 acclesia
754 3878 934 3948 aliqui
951 3881 1082 3932 ante
1104 3877 1239 3946 pref
1241 3879 1468 3931 uissent
1485 3880 1750 3931 rectores
1767 3878 1794 3930 ‘2
1813 3891 1945 3930 cum

266 3975 383 4026 hoc
417 3987 494 4026 ex
530 3967 1033 4038 descriptionibus
1063 3966 1332 4037 Dyonisii
1362 3982 1527 4036 papa
1575 3965 1745 4020 facile
1776 3965 1948 4019 datur

266 4059 560 4131 intelligi,
611 4060 674 4110 ut
722 4056 1003 4126 superius
1033 4056 1088 4124 (ο
1118 4055 1171 4124 5,
1203 4053 1258 4124 7)
1300 4069 1592 4125 expresse
1641 4057 1950 4108 ostensum

268 4148 474 4215 estis;
533 4147 629 4201 vel
661 4145 816 4216 quod
873 4144 1075 4199 Clodio
1124 4159 1231 4198 rex
1288 4145 1609 4213 Romanos,
1661 4159 1813 4214 quos
1871 4142 1952 4197 ibi

270 4236 651 4293 christianos
681 4236 1009 4301 invenerat,
1041 4231 1428 4287 interfecerit.
1480 4231 1677 4304 Hujus
1724 4230 1954 4285 Vedulﬂ

269 4327 553 4399 episcopi
569 4325 706 4378 licet
719 4324 912 4394 aliqua
932 4323 1079 4376 forte
1095 4321 1469 4376 memoranda
1484 4326 1654 4392 gesta
1675 4319 1953 4388 fuissent,

269 4419 580 4472 incertum
611 4417 825 4482 tamen,
860 4427 933 4465 an
967 4411 1193 4465 desidia
1217 4427 1290 4464 an
1311 4410 1545 4464 raritate
1577 4409 1956 4478 scriptorum,

269 4507 502 4577 quibus
519 4518 680 4572 sape
708 4503 886 4555 multa
917 4500 1152 4555 silentio
1183 4501 1640 4568 consenescunt,
1667 4499 1740 4552 ad
1758 4501 1962 4552 nostra

269 4610 474 4666 usque
501 4597 768 4661 tempora
799 4589 1119 4659 superstite
1150 4588 1303 4642 fama
1334 4603 1452 4642 non
1473 4588 1793 4656 durarunt;
1827 4601 1962 4656 pre-

270 4690 366 4738 ter
397 4681 566 4754 quod
599 4681 656 4733 in
686 4679 877 4752 gestis
907 4678 1060 4732 beati
1093 4676 1410 4748 Gaugerici
1440 4676 1574 4746 (64),
1609 4676 1708 4747 qui
1742 4677 1793 4730 ei
1827 4691 1961 4729 suc-

277 4773 476 4827 cessit
510 4770 582 4824 ad
615 4769 1036 4839 pontificatum,
1060 4767 1340 4838 legimus,
1366 4765 1530 4819 illum
1548 4767 1730 4820 rebus
1760 4764 1964 4819 huma-

274 4863 376 4916 nis
412 4861 760 4928 exemptum
779 4856 853 4910 ad
871 4856 1112 4911 meliora
1137 4855 1450 4910 transisse.
1485 4855 1600 4908 Per
1618 4853 1777 4924 quod
1793 4853 1966 4907 datur

274 4949 566 5020 intelligi,
587 4962 706 5001 non
737 4961 870 5000 eum
889 4945 1233 5015 hujusmodi
1254 4944 1444 4998 meriti
1465 4944 1676 5013 fuisse,
1704 4943 1798 4996 cui
1821 4958 1968 5012 sup-

273 5039 463 5109 plicia
495 5051 606 5107 pro
640 5033 832 5106 culpa,
856 5049 1062 5088 verum
1090 5033 1311 5104 premia
1332 5033 1652 5088 reddantur
1669 5047 1774 5101 pro
1807 5031 1972 5086 inno-

280 5127 508 5197 centia,
539 5123 702 5197 quod
730 5125 824 5178 est
852 5122 927 5177 ad
956 5122 1201 5178 meliora
1223 5121 1535 5176 transisse.

2021 670 2167 723 Post
2199 683 2516 723 excessum
2546 670 2702 724 beati
2731 670 3044 742 Gaugerici
3093 678 3391 730 successit
3435 678 3496 732 in
3541 679 3684 734 sede

2022 757 2342 828 pontificali
2391 757 2763 829 Bertoaldus,
2812 776 2885 814 ex
2929 760 3312 833 Francorum,
3364 767 3685 822 nobilitatis

2024 846 2320 916 prosapia,
2340 847 2433 900 vir
2448 848 2811 917 apostolicus
2828 865 2896 903 ac
2914 849 3046 904 dote
3059 851 3339 906 virtutum
3358 856 3684 924 preclarus.

2029 934 2137 988 Hic
2169 951 2366 989 amore
2396 951 2463 989 ac
2495 937 2873 992 veneratione
2903 939 3058 993 beati
3088 939 3403 1012 Gaugerici
3453 944 3686 1014 ductus,

2026 1040 2140 1094 qua
2171 1039 2408 1094 semper
2437 1028 2499 1078 ut
2530 1025 2687 1079 filius
2718 1026 3030 1098 ﬂagrabat,
3056 1029 3114 1083 in
3137 1029 3478 1085 cubiculum
3503 1032 3692 1086 sancti

2037 1113 2169 1182 viri,
2201 1113 2355 1167 unde
2385 1114 2636 1168 animam
2666 1115 2737 1168 ad
2766 1116 2948 1170 calos
2997 1118 3212 1188 emisit,
3253 1119 3469 1174 lectum
3519 1137 3693 1176 suum

2029 1204 2393 1256 constratum
2412 1202 2644 1272 locavit,
2660 1219 2775 1258 non
2797 1209 3237 1280 presumptione
3258 1208 3473 1263 lubrici
3493 1211 3693 1282 animi,

2026 1290 2134 1343 sed
2167 1294 2387 1359 certus,
2422 1292 2523 1362 qui
2573 1292 2726 1347 hunc
2757 1294 2952 1348 locum
2983 1295 3160 1350 nulla
3202 1297 3474 1353 adversae
3503 1301 3694 1369 partis

2027 1378 2354 1433 fantastica
2384 1380 2616 1434 insidia
2670 1387 2971 1454 vexarent,
3013 1400 3189 1454 quem
3235 1386 3326 1440 vir
3371 1389 3570 1443 tantus
3601 1389 3698 1444 sui

2029 1467 2225 1522 obitus
2256 1484 2400 1522 casu
2432 1469 2668 1524 dicavit.
2690 1470 2754 1523 In
2787 1487 2902 1541 quo
2927 1487 3058 1526 cum
3079 1473 3272 1544 aliqua
3296 1478 3466 1530 nocte
3482 1493 3697 1545 pausa-

2027 1559 2134 1626 ret,
2187 1556 2458 1626 apparuit
2514 1558 2595 1610 illi
2625 1573 2731 1628 per
2787 1560 2985 1614 visum
3038 1561 3250 1617 beatus
3304 1563 3694 1636 Gaugericus,

2028 1645 2241 1698 blande
2271 1645 2509 1716 quidem
2541 1662 2607 1700 ac
2655 1647 2865 1702 leniter
2909 1649 3239 1720 alloquens,
3273 1654 3336 1706 ut
3366 1654 3698 1723 promptius

2031 1737 2222 1788 emoto
2272 1733 2486 1789 lectulo
2534 1737 2999 1808 presumptionis
3052 1739 3286 1810 culpam
3329 1741 3700 1796 meminisset

2030 1822 2212 1892 piare,
2248 1822 2302 1876 si
2329 1824 2659 1893 propicium
2691 1825 2806 1879 sibi
2837 1842 2970 1881 eum
2987 1811 3207 1882 habere
3225 1829 3535 1884 voluisset.
3562 1830 3702 1885 Mox

1958 1941 2008 2002 Β
2032 1911 2133 2002 ille,
2159 1916 2452 2002 summoto
2484 1913 2718 1981 lectulo,
2744 1915 2899 1984 quod
2926 1915 3169 1987 jussum
3198 1917 3393 1972 fuerat
3422 1919 3698 1988 explevit,

2035 2005 2091 2054 et
2120 2000 2180 2054 in
2211 2001 2417 2056 eodem
2450 2002 2725 2058 cubiculo
2755 2004 2937 2058 altare
2970 2004 3220 2060 Domino
3248 2006 3308 2060 in
3337 2006 3622 2061 memoria
3652 2006 3701 2048 1⁷

2033 2090 2190 2144 beati
2212 2089 2527 2162 Gaugerici
2547 2091 2857 2162 dedicavit,
2876 2093 3347 2166 pigneribusque
3363 2098 3704 2151 sanctorum

2034 2179 2402 2249 compositis,
2435 2179 2654 2233 divinis
2687 2181 2945 2237 cultibus
2978 2183 3235 2252 aptavit;
3286 2184 3386 2238 ubi
3416 2200 3608 2256 usque
3643 2185 3704 2239 in

2035 2267 2383 2322 hodiernum
2433 2267 2751 2323 celebratio
2799 2274 3003 2325 sancta
3050 2272 3377 2344 peragitur,
3432 2273 3608 2327 immo
3649 2277 3705 2327 et

2036 2357 2159 2410 Deo
2181 2359 2314 2410 vota
2347 2357 2680 2412 solvuntur.

2108 2480 2196 2536 14.
2239 2481 2526 2536 Interfuit
2564 2482 2773 2536 sinodo
2819 2481 3182 2538 Bertoaldus
3228 2485 3535 2556 episcOpus
3579 2501 3705 2540 cum

2038 2575 2243 2626 saneto
2259 2569 2516 2624 Arnulfo
2534 2577 2591 2624 et
2609 2570 2813 2625 multis
2834 2570 2972 2625 aliis
2991 2591 3010 2636 ;
3037 2571 3136 2626 ubi
3155 2573 3498 2627 necessaria
3521 2573 3708 2629 eccle-

2041 2661 2147 2714 siae
2167 2665 2420 2714 tractata
2437 2666 2572 2714 sunt
2587 2660 2702 2729 (an.
2721 2658 2869 2730 6‘25).
2887 2661 3239 2730 Reperimus
3253 2661 3424 2715 etiam
3443 2662 3502 2716 in
3520 2663 3710 2734 gestis

2045 2749 2362 2802 Remorum
2377 2749 2792 2818 episcoporum
2811 2748 3003 2818 (Flod.
3026 2766 3085 2819 ιι,
3100 2751 3176 2820 5),
3199 2750 3348 2822 quod
3363 2751 3492 2821 ipse
3503 2751 3715 2806 Berto-

2045 2837 2216 2892 aldus
2244 2836 2565 2907 episcopus
2595 2837 2856 2892 interfuit
2897 2838 3127 2907 sinodo,
3162 2855 3338 2909 quam
3386 2838 3705 2894 Sonnatius

2048 2927 2365 2981 Remorum
2379 2926 2698 2995 episcopus
2713 2926 3052 2994 celebravit,
3071 2942 3204 2981 cum
3217 2927 3545 2982 Teoderico
3559 2928 3716 3001 Lug-

2047 3015 2320 3083 dunensi,
2337 3015 2600 3069 Sindutlo
2614 3015 2957 3086 Viennensi,
2971 3015 3218 3085 Sulpitio
3230 3015 3587 3072 Bituricensi
3601 3017 3714 3071 Me-

2048 3104 2318 3175 degisclo
2355 3103 2712 3170 Turonensi,
2746 3102 2987 3175 |Senoco
3030 3103 3418 3172 Elosanensi,
3467 3105 3714 3162 Leontio

2049 3191 2427 3259 Santonensi,
2444 3191 2752 3245 Modoaldo
2767 3192 3141 3260 Treverensi,
3156 3191 3531 3247 Chuneberto
3544 3193 3713 3248 Colo-

1973 3295 2024 3357 C
2050 3281 2265 3348 niensi,
2288 3280 2568 3334 Richerio
2592 3279 2944 3349 Senonensi,
2981 3280 3208 3337 Donato
3231 3279 3714 3335 Vesontionensi-

2052 3387 2186 3425 cum
2199 3369 2399 3424 multis
2417 3370 2588 3423 etiam
2607 3368 2738 3422 aliis
2753 3368 3333 3440 episcopis,quorum
3346 3370 3721 3427 nominabre-

2052 3462 2204 3514 vitas
2219 3457 2498 3530 neglexit.
2510 3457 2820 3527 lteperitur
2831 3472 3066 3528 quoque
3079 3461 3323 3512 sanctus
3335 3459 3622 3514 Arnulfus
3635 3459 3718 3529 in,

2053 3549 2340 3605 terfuisse
2360 3547 2734 3601 Mettensium
2747 3547 2970 3617 presul.
2997 3546 3062 3600 In
3084 3563 3197 3618 qua
3220 3547 3429 3602 sinodo
3448 3549 3626 3603 multa
3639 3548 3723 3603 le-

2058 3644 2280 3712 guntur
2318 3637 2480 3691 utilia
2513 3635 2781 3705 constita,
2833 3636 2905 3690 de
2951 3635 3134 3690 rebus
3171 3637 3385 3690 scilicit
3429 3636 3723 3692 acclesia

2059 3728 2310 3800 qualiter
2328 3726 2647 3780 tractanda
2670 3725 2808 3778 sint.
2841 3725 2923 3778 De
2955 3724 3190 3779 clericis
3223 3725 3513 3794 videlicet,
3549 3726 3602 3780 si
3623 3725 3724 3797 qui

2060 3815 2404 3872 rebellionis
2417 3829 2630 3869 ausum
2643 3813 3034 3868 sacrementis
3048 3829 3116 3869 se
3133 3817 3232 3869 aut
3251 3815 3565 3885 scriptura
3585 3829 3724 3869 con-

2057 3906 2354 3980 juratione
2371 3903 2849 3972 constrinxerint,
2869 3906 3042 3974 atque
3055 3903 3304 3958 insidias
3317 3904 3598 3974 episcopo
3616 3918 3727 3958 suo

2067 3995 2277 4051 callida
2291 3992 2643 4065 allegatiqne
2662 3992 3025 4047 confecerint
3048 4008 3063 4062 ;
3083 3995 3145 4046 ut
3165 3993 3218 4047 si
3233 3992 3514 4047 admoniti
3531 4007 3734 4047 emen-

2066 4086 2210 4140 dare
2242 4082 2724 4152 contempserint,
2758 4081 2946 4153 gradu
2978 4082 3214 4151 proprio
3246 4083 3483 4136 omnino
3501 4082 3732 4152 priven-

2068 4179 2183 4229 tur.
2218 4174 2359 4228 Item
2389 4173 2443 4226 si
2473 4172 2608 4242 quis
2627 4171 2819 4241 judex
2849 4171 3176 4241 cujuslibet
3206 4171 3433 4234 ordinis
3452 4171 3734 4226 clericum

2068 4261 2324 4334 publicis
2375 4260 2784 4314 sanctionibus
2825 4259 3112 4313 inclinare
3151 4260 3603 4328 presumpserit,
3639 4263 3737 4314 aut

2069 4367 2178 4422 pro
2191 4349 2557 4422 quibuslibet
2570 4348 2770 4402 causis
2788 4347 3014 4416 absque
3029 4347 3389 4401 conscientia
3408 4351 3462 4401 et
3479 4347 3736 4416 permis-

2073 4458 2148 4496 su
2169 4439 2432 4510 episcopi
2451 4437 2827 4508 distringere,
2862 4439 2961 4489 aut
2991 4435 3362 4491 contumeliis
3385 4437 3477 4490 vel
3500 4434 3738 4506 injuriis

2076 4530 2316 4583 afficere
2330 4526 2780 4598 presumpserit,
2799 4526 3208 4580 communione
3223 4526 3506 4595 privetur.
3523 4525 3663 4579 Item
3686 4523 3742 4576 si

1992 4650 2048 4713 ι)
2076 4620 2212 4691 quis
2227 4615 2606 4672 homicidium
2621 4618 2831 4685 sponte
2848 4615 3228 4683 commiserit,
3249 4619 3432 4668 etnon
3446 4612 3741 4667 violentia

2077 4708 2129 4750 18
2147 4709 2459 4776 resistens,
2477 4705 2584 4760 sed
2597 4704 2714 4758 vim
2730 4705 2955 4758 faciens
2985 4705 3204 4774 impetu
3223 4703 3334 4757 hoc
3359 4702 3583 4770 fecerit,
3611 4715 3745 4754 cum

2080 4798 2196 4852 isto
2225 4797 2460 4868 penitus
2492 4810 2610 4850 non
2640 4793 3188 4849 communicandum
3213 4809 3227 4857 ;
3253 4791 3341 4846 sic
3369 4794 3584 4859 tamen,
3609 4789 3748 4843 utsi

2089 4886 2489 4958 paenitentiam
2521 4884 2727 4955 egerit,
2753 4883 2810 4937 in
2833 4884 2992 4937 exitu
3009 4880 3440 4936 communi-onis
3470 4878 3750 4933 viaticum

2091 4993 2208 5030 non
2230 4977 2497 5047 negetur.
2517 4973 2659 5027 Item
2673 4972 2724 5026 si
2739 4972 2996 5026 clericus
3008 4969 3401 5040 proﬁciscens
3419 4967 3491 5022 de
3514 4967 3749 5022 civitate

2088 5065 2162 5119 ad
2191 5065 2338 5118 alias
2369 5063 2639 5117 civitates
2687 5059 2939 5115 voluerit
2966 5061 3065 5113 aut
3103 5058 3444 5128 provincias
3475 5071 3745 5128 pergere,

2090 5153 2385 5226 pontificis
2416 5152 2511 5208 sui
2541 5149 2810 5222 epistolis
2841 5146 3318 5218 commendetur;
3349 5145 3508 5218 quod
3539 5146 3591 5201 si
3622 5145 3752 5200 sine

1606 5309 1901 5375 VARIJE
1949 5309 2442 5374 LECTIONES.

349 5447 409 5492 16
442 5450 508 5504 ut
534 5465 587 5504 s.
622 5463 674 5503 e.
711 5461 766 5503 ο.
801 5461 854 5502 e.
889 5451 1094 5502 auctor
1122 5445 1285 5500 intra
1316 5443 1510 5501 lineas
1539 5443 1854 5517 supplevit.
1932 5443 1986 5486 17
2017 5444 2244 5500 honore
2274 5437 2328 5496 5.
2404 5437 2458 5482 18
2487 5436 2744 5494 violente
2767 5434 2820 5493 1.
2854 5442 2915 5494 et
2946 5434 3115 5494 FIod.

1893 5565 2171 5629 NOT/E.

365 5703 492 5832 364)
529 5703 1010 5834 Antgiioribu's,
1058 5702 1213 5759 inter
1258 5702 1406 5760 Acta
1434 5699 1540 5760 SS.
1589 5699 1848 5776 Augusti
1902 5699 1975 5773 II,

289 5774 364 5836 67
410 5818 427 5834 .
471 5777 616 5834 Acta
743 5818 758 5834 .
786 5775 981 5836 Belau
1008 5774 1079 5836 II.
1110 5773 1235 5833 273.

471 5773 616 5834 Acta
649 5773 758 5834 SS.
786 5773 1079 5852 Belgii'll,
1110 5773 1235 5833 273.

2163 5694 2278 5766 (65)
2306 5695 2358 5751 A
2381 5695 2601 5766 nostro
2625 5693 2954 5766 composita
2999 5694 3133 5766 ante
3161 5691 3395 5766 Gesta;
3406 5685 3570 5766 pont‘.
3619 5683 3768 5745 Acta

2097 5759 2204 5828 SS.
2236 5759 2393 5842 Aug.
2427 5766 2498 5840 Il,
2535 5765 2662 5824 6'70.
2693 5759 2840 5824 Acta
2870 5763 2976 5822 SS.
3006 5763 3201 5838 Belgii
3228 5761 3300 5836 II,
3330 5759 3457 5826 808.
