4098 6196
325 338 404 402 35
1216 328 1490 393 GESTA
1527 324 2057 393 PONTIFICUM
2099 292 2862 391 CAMERACENSIUM.
3688 324 3771 391 36

309 535 579 606 epistolis
609 533 915 603 profectus
947 531 1124 586 fuerit
1145 529 1498 597 manifestis,
1519 530 1681 585 nullo
1701 529 1873 584 modo
1890 545 1979 584 re-
2004 511 2062 571 Α
2092 528 2395 595 vitaaliber
2413 529 2606 585 editus
2626 529 2908 597 insinuat,
2925 531 3281 584 coruscavit.
3297 528 3595 594 Quietiam
3611 529 3766 585 liber

309 625 576 695 cipiatur.
610 623 754 677 Item
786 622 838 676 si
871 622 1005 692 quis
1037 622 1095 674 in
1126 620 1389 691 quolibet
1409 620 1597 692 gradu
1622 621 1711 674 vel
1738 619 1977 691 cingulo

225 759 229 763 .
309 714 641 768 constitnns
673 714 771 765 aut
800 714 1088 780 potestate
1119 707 1418 776 suffultus,
1452 709 1813 763 decendente
1853 708 1979 778 epi—

305 818 489 873 scopo
508 817 605 856 res
630 799 950 870 cujuslibet
971 799 1323 853 conditionis
1345 799 1404 852 in
1427 798 1638 852 domus
1661 798 1759 851 vel
1798 813 1979 868 agros

306 890 599 945 aecclesiae
629 890 858 959 positas
891 891 1023 942 ante
1052 888 1480 942 reserationem
1529 886 1864 941 testamenti
1886 886 1976 939 vel

304 979 659 1033 audientiam
689 993 875 1033 ausus
906 976 1084 1031 fuerit
1114 993 1425 1047 occupare,
1449 977 1546 1030 vel
1570 975 1863 1029 aacclesiae
1888 990 1979 1028 re-

302 1068 520 1140 pagula
539 1067 852 1139 effringere
876 1070 932 1120 et
971 1065 1401 1136 supellectilem
1433 1063 1587 1118 infra
1609 1064 1848 1117 domum
1871 1079 1979 1117 cec-

304 1156 507 1211 clesiae
519 1157 770 1227 positam
788 1155 1131 1227 contingere
1144 1154 1236 1207 vel
1253 1153 1506 1208 scrutari
1521 1154 1975 1223 presumpserit,

304 1262 336 1298 a
394 1245 805 1299 communione
856 1244 1323 1298 Christianorum
1379 1242 1619 1312 penitus
1645 1242 1974 1295 abdicetur.

303 1334 448 1387 Item
467 1338 527 1388 ut
558 1333 763 1387 clerici
785 1331 960 1402 cujus
986 1332 1128 1385 libet
1150 1330 1570 1401 ordinisncque
1590 1346 1693 1399 pro
1716 1330 1975 1400 propriis

301 1437 495 1492 neque
516 1437 626 1491 pro
651 1420 1101 1475 wcclesiasticis
1124 1420 1326 1474 causis
1350 1419 1520 1475 aliter
1540 1419 1700 1472 adire
1725 1419 1979 1473 debeant

300 1509 514 1578 forum,
550 1524 660 1563 nec
691 1525 907 1563 causas
938 1508 1135 1563 dicere
1168 1509 1438 1575 audeant,
1492 1507 1610 1562 nisi
1658 1522 1809 1578 quas
1842 1523 1974 1561 cum

298 1599 599 1667 permissu
617 1600 672 1651 et
692 1597 943 1652 concilio
962 1597 1232 1667 episcopi
1249 1611 1430 1668 agere
1445 1596 1533 1649 eis
1548 1595 1972 1650 fueritomnino

297 1687 680 1755 permissum.
705 1684 849 1741 Item
869 1685 1101 1756 viduas,
1129 1702 1262 1757 quae
1285 1701 1350 1739 se
1370 1685 1617 1739 Domino
1633 1686 1975 1739 consecrari

297 1775 611 1844 petierunt,
647 1775 737 1829 vel
771 1774 1002 1844 puellas
1035 1772 1282 1827 Domino
1332 1775 1734 1840 consecratas,
1769 1772 1970 1827 nullus

2091 618 2474 673 Ablebertum
2507 619 2845 689 pontificem
2902 621 2958 672 et
2988 619 3134 672 mira
3174 618 3483 672 sanctitate
3537 619 3761 673 clarum

2087 711 2466 777 protestetur,
2487 713 2542 762 et
2557 724 2781 763 morum
2796 708 3153 779 ingenuitate
3177 707 3584 777 conspicuum;
3606 708 3765 778 quod

2090 810 2201 851 nec
2218 796 2623 865 dubitandum,
2637 797 2950 866 presertim
2966 812 3099 850 cum
3117 800 3173 850 et
3190 798 3307 849 tam
3322 797 3545 851 sanctis
3567 801 3622 851 et
3646 800 3763 851 tam

2089 884 2426 956 magnificis
2466 886 2760 940 natalibus
2793 888 2987 939 ortum
3008 885 3141 954 (67).
3176 885 3286 938 Hic
3317 885 3593 939 nimirum
3625 902 3766 955 pre-

2086 973 2283 1028 libatae
2317 974 2568 1044 sororis,
2604 974 2663 1027 id
2687 976 2779 1027 est
2807 973 3235 1044 Guodilae,jam
3268 974 3460 1028 triduo
3491 974 3758 1044 sepultae,

2085 1063 2374 1117 tumulum
2397 1079 2430 1116 a
2451 1062 2679 1116 latrone
2697 1061 2980 1131 pestifero
2998 1062 3277 1116 violatum
3300 1062 3568 1129 audiens,
3596 1063 3759 1135 inge-

2087 1152 2250 1219 muit,
2284 1151 2691 1221 latronemque
2722 1151 3109 1204 anathematis
3140 1152 3377 1205 vinculo
3414 1151 3714 1206 innodavit
3742 1167 3756 1221 ;

2086 1240 2264 1294 immo
2280 1240 2453 1294 etiam
2472 1243 2669 1293 exerta
2690 1240 3132 1309 imprecatione,
3148 1243 3210 1294 ut
3227 1240 3420 1311 signis
3435 1239 3757 1296 fatentibus

2087 1329 2297 1382 saltem
2317 1332 2599 1398 posteros
2615 1344 2731 1383 non
2745 1329 2969 1395 lateret,
2986 1329 3255 1397 obtinuit;
3272 1328 3384 1382 hoc
3401 1329 3569 1382 modo
3589 1345 3756 1399 sane,

2085 1420 2149 1471 ut
2181 1417 2235 1471 si
2260 1418 2353 1471 vir
2382 1423 2566 1486 esset,
2601 1419 2848 1473 claudus
2879 1418 2970 1472 vel
3004 1417 3267 1488 quolibet
3316 1418 3489 1472 modo
3544 1418 3757 1472 debilis

2088 1506 2273 1575 ﬁeret,
2301 1506 2350 1560 si
2376 1504 2612 1575 femina,
2636 1507 2777 1560 vitio
2797 1507 2952 1577 quod
2975 1507 3155 1577 vulgo
3174 1506 3425 1560 dicimus
3444 1508 3758 1578 gutteriam

2083 1593 2219 1664 (68),
2253 1610 2491 1665 semper
2522 1610 2641 1650 non
2672 1598 2918 1650 careret.
2966 1595 3038 1648 Et
3081 1595 3194 1649 hoc
3242 1595 3510 1649 mirabile
3560 1596 3752 1660 dictu;

2085 1698 2337 1753 namque
2370 1699 2603 1738 omnem
2632 1684 2823 1753 ipsam
2868 1685 3214 1755 progeniem
3265 1683 3394 1737 haec
3441 1683 3518 1737 ita
3547 1687 3756 1754 postea

2085 1771 2324 1842 habere,
2359 1772 2511 1827 liber
2540 1772 2668 1841 ipse
2698 1772 2934 1826 fatetur.
2970 1772 3138 1827 Unde
3169 1772 3339 1827 datur
3358 1772 3626 1845 intelligi,
3660 1774 3752 1826 vi-

297 1878 489 1933 neque
522 1879 629 1933 per
658 1863 1065 1917 auctoritatem
1097 1864 1324 1933 regiam
1356 1879 1547 1934 neque
1576 1862 1969 1933 qualicunque
2002 1863 2052 1924 Β
2082 1877 2213 1914 rum
2244 1861 2470 1916 altioris
2504 1862 2695 1915 meriti
2720 1860 3034 1933 extitisse]

298 1953 584 2021 potestate
622 1950 900 2006 suffultus
951 1955 1049 2005 aut
1092 1951 1334 2022 prOpria
1382 1952 1726 2019 temeritate,
1761 1966 1968 2020 rapere

297 2040 392 2093 vel
423 2040 658 2094 trahere
688 2040 916 2094 audeat.
966 2039 1194 2104 Quodsi
1242 2040 1476 2111 utrique
1528 2040 1965 2107 consenserint,

299 2128 710 2183 communione
740 2128 1069 2198 priventnr.
1099 2128 1307 2183 Prcter
1324 2128 1434 2182 hec
1465 2129 1639 2182 etiam
1662 2128 1771 2182 alia
1791 2129 1972 2183 multa

294 2219 539 2271 tractata
568 2222 726 2285 sunt,
761 2234 894 2288 quae
926 2218 1062 2271 licet
1093 2218 1242 2271 satis
1273 2217 1457 2284 utilia,
1493 2222 1684 2272 tamen
1714 2216 1969 2272 brevilo-

295 2306 433 2376 quio
466 2307 815 2377 gaudentes,
852 2307 1245 2375 pretereunda
1274 2306 1704 2360 estimavimus.

365 2391 452 2448 15.
497 2395 594 2463 (V.
632 2394 813 2467 Gaug.
848 2411 931 2461 ιη,
964 2396 1043 2464 3.)
1075 2395 1196 2449 Isto
1222 2394 1465 2466 presulc
1497 2393 1597 2449 fur
1625 2396 1688 2449 in
1718 2394 1969 2449 basilica

295 2483 493 2537 sancti
516 2482 858 2554 Gaugarici,
885 2490 1090 2539 sancto
1114 2484 1447 2555 Gaugarico
1468 2483 1799 2553 intimante,
1822 2499 1971 2538 com-

291 2572 716 2642 prehenditur.
736 2572 858 2627 Sub
879 2572 1061 2642 hujus
1079 2576 1341 2642 tempore
1362 2572 1459 2627 fur
1488 2572 1722 2643 quidam
1759 2574 1970 2627 intem-

296 2663 465 2729 pesta
501 2663 671 2714 nocte
707 2661 1016 2715 basilicam
1046 2661 1233 2715 sancti
1270 2660 1587 2731 Gaugerici
1623 2662 1965 2731 ingressus,

297 2763 536 2802 sacrum
566 2749 678 2802 viri
712 2748 1119 2818 sepulchrum,
1155 2748 1312 2819 quod
1344 2750 1490 2803 miro
1524 2749 1753 2803 artificii
1792 2765 1969 2818 opere

295 2852 439 2890 auro
471 2840 529 2891 et
558 2838 810 2908 gemmis
841 2838 1147 2905 renitebat,
1175 2837 1435 2907 spoliare
1474 2839 1743 2907 cupebat.
1777 2839 1849 2891 At
1881 2839 1971 2891 vir

294 2925 525 2979 Domini
547 2925 914 2995 janitorisno
944 2941 1051 2995 per
1074 2927 1267 2980 visum
1285 2927 1573 2997 apparuit,
1596 2927 1966 2981 memoriam-

293 3029 407 3084 que
440 3029 610 3067 suam
641 3014 1020 3069 alatronibus
1041 3017 1378 3085 temptatam
1397 3016 1701 3083 intimavit,
1737 3015 1966 3069 denun-

292 3102 467 3171 tians,
502 3105 563 3156 ut
597 3107 828 3173 captum
858 3103 1048 3158 furem
1090 3103 1220 3159 sine
1253 3104 1499 3159 laesione
1528 3103 1693 3158 abire
1720 3105 1964 3175 permit-

290 3194 460 3245 teret.
494 3190 721 3262 Sicque
744 3191 959 3246 factum
983 3195 1095 3246 est.

361 3278 449 3334 i6.
486 3280 879 3335 SubnectitUr
908 3281 1281 3337 Ablebertus
1319 3283 1452 3338 sive
1478 3282 1861 3352 Emebertus,
1889 3299 1967 3337 ex

289 3375 495 3423 sancta
519 3370 711 3439 stirpe
723 3371 1097 3441 progenitus.
1131 3371 1276 3425 Post
1297 3371 1671 3425 Bertoaldum
1695 3373 1962 3426 succesit

287 3456 499 3511 beatus
536 3457 893 3511 Ablebertus
916 3459 1017 3527 qui
1051 3459 1129 3512 ita
1150 3460 1209 3512 in
1246 3459 1514 3529 catalogo
1543 3461 1962 3530 episcoporum

289 3544 647 3609 nominatus,
667 3544 738 3598 ab
755 3545 968 3599 incolis
982 3560 1123 3598 vero
1143 3549 1198 3600 et
1212 3547 1424 3601 vicinis
1439 3546 1792 3603 Emebertus
1812 3548 1966 3603 dice-

287 3632 607 3702 batur(66).
624 3634 642 3702 (
660 3632 720 3687 V.
750 3632 959 3702 Guad.)
976 3634 1085 3687 Hic
1100 3650 1172 3689 ex
1195 3636 1579 3690 Bracbatensi
1600 3653 1751 3708 pago
1769 3639 1963 3691 oriun-

289 3720 422 3785 dus,
438 3722 785 3790 parentibus
799 3723 1092 3793 siquidem
1116 3728 1171 3777 et
1192 3716 1327 3779 vitae
1346 3727 1656 3796 etgeneris
1680 3726 1959 3799 dignitate

288 3808 669 3879 clarissimis,
703 3813 868 3880 patre
899 3811 1177 3866 videlicet
1208 3813 1461 3868 V‘Vittero
1486 3815 1716 3884 comite,
1752 3820 1957 3870 sancto

286 3899 436 3967 viro,
463 3902 636 3969 atque
652 3900 1016 3971 Amulberga
1030 3905 1212 3955 matre
1232 3902 1425 3956 editus
1447 3906 1556 3957 est.
1574 3902 1761 3974 Cujus
1785 3906 1957 3959 etiam

286 3990 561 4057 quattuor
579 3992 801 4042 sanctas
824 4004 1067 4043 sorores
1092 3990 1326 4045 fuerunt
1349 3992 1441 4045 hae
1468 4008 1479 4046 :
1510 3993 1821 4064 Reinildis,
1847 3995 1955 4049 Sa-

284 4075 592 4145 rachildis,
615 4074 1035 4145 Ermenlindis,
1059 4078 1406 4134 beatissima
1429 4097 1663 4152 quoque
1686 4082 1954 4151 Guodila,

275 4162 487 4234 junior
516 4167 706 4233 aetate,
743 4166 851 4219 sed
875 4182 991 4220 non
1025 4167 1220 4222 minus
1242 4171 1602 4238 prestantior
1625 4172 1953 4229 sanctitate.

283 4251 425 4317 Quae
458 4253 724 4322 profecto
748 4259 1060 4327 antequam
1080 4260 1232 4327 nata,
1256 4258 1328 4312 ab
1351 4259 1561 4332 angelo
1592 4260 1956 4318 beatissima}

280 4343 453 4396 matri
496 4345 792 4411 nunciata,
841 4345 971 4399 dies
1021 4361 1165 4401 suos
1198 4347 1373 4402 bonis
1405 4350 1687 4419 operibus
1718 4352 1956 4408 vincere

282 4432 526 4516 studuit,
559 4433 880 4505 multisque
910 4436 1232 4491 virtutibus
1256 4441 1310 4492 ct
1334 4439 1656 4509 miraculis,
1682 4443 1743 4494 ut
1767 4441 1957 4511 ipsius

1994 3225 2044 3286 C

2156 1948 2241 2004 17.
2276 1950 2388 2004 Hic
2410 1951 2486 2006 ad
2516 1951 2820 2004 Martinas
2840 1949 3107 2021 sepultus
3140 1956 3250 2015 est,
3289 1951 3397 2005 sed
3427 1951 3503 2005 ad
3529 1950 3751 2005 Milbo-

2082 2038 2241 2093 dium
2276 2038 2601 2094 translatus
2629 2037 2698 2093 19.
2734 2038 2866 2093 Fuit
2895 2043 3088 2094 autem
3111 2039 3268 2107 huic,
3294 2043 3355 2093 ut
3378 2039 3592 2109 ferunt,
3611 2056 3750 2110 pre-

2081 2127 2261 2196 dium,
2296 2128 2455 2198 quod
2486 2128 2769 2181 Martinus
2803 2126 2916 2197 (69)
2947 2128 3179 2197 dicitur,
3228 2129 3471 2183 familiis
3513 2129 3751 2200 quidem

2080 2219 2137 2271 et
2168 2217 2352 2270 rebus
2384 2216 2749 2270 circumfluis
2782 2216 3334 2287 locupletissimum,
3377 2218 3449 2271 de
3497 2234 3613 2288 quo
3647 2218 3750 2272 Dei

2080 2306 2393 2377 genitricis
2441 2306 2777 2360 aecclesiam
2826 2306 2936 2375 (70)
2987 2306 3283 2360 ὴωιτθάθιῐι
3334 2306 3573 2377 fecerat,
3622 2307 3749 2377 sed,

2080 2395 2387 2449 nescimus
2421 2409 2535 2464 qua
2569 2410 2749 2447 causa
2778 2394 2896 2448 nisi
2939 2394 3317 2450 infestatione
3364 2411 3748 2467 paganorum,

2078 2484 2379 2536 amiserat.
2417 2482 2528 2536 Hic
2559 2482 3015 2552 superveniente
3047 2483 3139 2537 die
3174 2500 3301 2538 suae
3320 2485 3664 2555 vocationis,
3689 2485 3750 2539 in

2077 2572 2285 2626 eodem
2317 2586 2492 2642 pago,
2528 2571 2668 2624 villa
2702 2571 2976 2625 videlicet
3005 2587 3180 2642 quam
3228 2573 3346 2626 loci
3389 2573 3747 2628 habitatores

2080 2659 2228 2712 Ham
2259 2658 2371 2729 (71)
2403 2659 2623 2731 dicunt,
2684 2660 3022 2727 defunctus,
3070 2661 3347 2733 migravit
3401 2679 3433 2716 a
3490 2663 3743 2732 mundo;

2075 2748 2333 2818 illucque
2365 2749 2657 2819 sepultus,
2693 2748 2904 2803 deinde
2935 2749 3008 2803 ad
3068 2750 3351 2805 Martinas
3382 2751 3741 2821 deportatus,

2073 2840 2279 2906 postea
2308 2852 2453 2890 vero
2485 2838 2557 2891 ad
2588 2837 2947 2892 Melbodium
2979 2839 3325 2908 translatus,
3358 2840 3560 2911 ibique
3591 2857 3744 2895 nunc

2075 2926 2416 2995 quiescens,
2450 2927 2957 2985 resurrectionnis
2979 2927 3134 2982 diem
3165 2933 3453 2999 expectat.

2146 3013 2255 3086 [18.
2325 3013 2497 3085 (17.)
2563 3015 2653 3069 De
2716 3022 2922 3071 sancto
2986 3016 3302 3072 Autberto.
3370 3016 3466 3087 (γ.
3532 3018 3745 3091 Autb.)

2076 3103 2217 3157 Post
2249 3102 2404 3157 hunc
2436 3103 2495 3158 in
2524 3104 2667 3158 sede
2697 3104 3242 3174 pontiﬁcalibeatus
3268 3107 3564 3162 successit
3595 3106 3743 3162 Aut-

2073 3192 2279 3247 bertus
2311 3193 2444 3261 (72),
2476 3192 2569 3247 vir
2585 3194 2871 3265 egregius
2891 3197 2948 3248 et
2971 3196 3105 3249 vitae
3128 3196 3335 3250 merito
3357 3197 3739 3268 conspicuus,

2072 3281 2440 3350 temporibus
2492 3281 2812 3354 Dagoberti
2859 3284 3024 3355 regis
3073 3284 3446 3341 Francorum.
3496 3286 3607 3351 Qui
3636 3303 3740 3356 pro

2073 3369 2383 3424 familiaris
2433 3371 2703 3426 amicitiae
2754 3373 2962 3443 gratia,
3011 3389 3125 3444 qua
3168 3390 3301 3428 eum
3357 3376 3740 3446 singulariter

2072 3459 2324 3529 amabat,
2388 3460 2671 3513 fratribus
2722 3461 2822 3531 qui
2868 3461 2928 3514 in
2977 3464 3251 3516 mcclesia
3299 3464 3488 3518 beata:
3541 3464 3739 3518 Mariae

2071 3546 2527 3617 famulabantur,
2581 3548 2681 3602 ubi
2728 3548 2821 3602 vir
2868 3550 2973 3603 Dei
3020 3550 3375 3619 pontiﬁcalis
3440 3552 3736 3606 cathedrae

2070 3636 2429 3708 fungebatur
2452 3637 2669 3706 officio,
2706 3654 2885 3692 unum
2923 3637 3143 3709 regalis
3174 3639 3589 3694 munificentiae
3629 3640 3737 3694 tis-

2069 3742 2201 3779 cum
2231 3726 2488 3792 donavit,
2515 3741 2689 3796 quem
2706 3726 2916 3799 Oneng
2937 3726 3050 3796 (73)
3080 3727 3151 3781 ab
3176 3729 3416 3799 antiquo
3440 3729 3732 3784 dicebant.

2069 3813 2265 3886 Hujus
2298 3815 2452 3869 beati
2484 3815 2593 3867 viri
2627 3819 2796 3886 gesta
2827 3832 2937 3885 pro
2970 3817 3205 3871 raritate
3236 3818 3590 3888 scriptorum
3616 3835 3733 3872 non

2065 3904 2235 3974 plene
2265 3907 2595 3972 patuerunt,
2630 3909 2832 3974 preter
2862 3907 3017 3976 quod
3048 3906 3107 3960 in
3154 3908 3343 3978 gestis
3393 3912 3734 3963 sanctorum

2063 3991 2164 4063 qui
2186 3992 2378 4062 ipsius
2412 3992 2575 4047 fuere
2606 3994 2994 4063 temporibus,
3030 4012 3214 4064 pauca
3246 3998 3638 4067 repperimus,
3674 3999 3734 4052 in

2062 4081 2279 4151 quibus
2313 4080 2533 4135 celebri
2562 4082 2842 4136 memoria
2874 4083 3001 4152 ipse
3051 4085 3350 4155 recolitur,
3403 4086 3474 4141 dc
3509 4086 3729 4157 quibus

2063 4170 2257 4240 aliqua
2286 4170 2548 4224 breviter
2577 4186 2912 4225 narramus.
2939 4172 3194 4226 Puerum
3220 4175 3510 4244 quendam
3530 4174 3643 4245 (74)
3662 4193 3734 4231 ex

2064 4260 2256 4313 sacris
2288 4258 2551 4314 fontibus
2568 4264 2914 4329 susceptum
2935 4264 3195 4317 etsacris
3219 4263 3407 4318 literis
3430 4265 3727 4333 traditum,

2065 4365 2198 4403 cum
2229 4348 2505 4403 attentius
2536 4349 2606 4401 ad
2631 4364 2838 4403 sacros
2861 4351 3100 4406 ordines
3118 4368 3466 4421 promovere
3498 4355 3738 4408 medita-

2064 4441 2250 4508 retur,
2298 4436 2636 4492 fallentibus
2677 4439 2881 4493 verbis
2950 4440 3279 4513 deceptum,
3335 4442 3609 4499 diabolus
3659 4445 3731 4499 ad

1581 4625 1873 4689 VARIIE
1928 4631 2398 4699 LECTIONES

349 4797 402 4843 19
430 4802 598 4857 Hunc
632 4801 861 4859 titulum
893 4812 1097 4861 auctor
1124 4803 1253 4879 ipse
1274 4815 1478 4881 postea
1510 4811 1675 4869 inter
1702 4813 1897 4871 lineas
1928 4822 1986 4872 et
2016 4817 2077 4873 in
2115 4821 2389 4892 margine
2418 4822 2602 4878 minio
2631 4824 2947 4898 supplevit.

1897 4988 2173 5052 ΝΟΤΑΞ.

343 5154 456 5224 (66)
507 5156 751 5211 Multum
797 5164 957 5214 errat
1014 5165 1236 5226 noster,
1291 5164 1674 5221 Ablcbertum
1729 5185 1782 5223 a.
1840 5171 1945 5225 640

270 5229 565 5310 mo‘rtuu‘m
578 5229 949 5310 confundens
966 5248 1103 5310 cum
1124 5234 1436 5310 Emeberto
1451 5252 1557 5310 seu
1578 5239 1942 5310 Hildeberto,

270 5295 844 5379 fratre_S;AGud_u.lte,
880 5304 979 5379 qui
1013 5305 1167 5379 circa
1191 5322 1243 5360 a.
1277 5307 1381 5361 705
1398 5308 1718 5379 episcopus
1752 5295 1943 5367 factus

269 5368 492 5451 est'g'cf.
519 5369 607 5451 33.
634 5371 721 5424 Ad
742 5368 1319 5451 hunc—Emebertnm,
1341 5378 1401 5432 S.
1427 5368 1653 5434 Gudilie
1673 5382 1933 5451 fratrem,

266 5440 578 5565 pertinetnt,
613 5457 983 5514 quaecunque
1013 5446 1072 5499 in
1103 5447 1213 5501 hoc
1240 5452 1414 5520 atque
1444 5453 1715 5522 sequenti
1748 5440 1937 5525 capite

310 5525 478 5563 arran
512 5527 599 5565 ur.

310 5525 599 5565 arrantur.

335 5580 446 5657 (6])
479 5584 579 5657 §c._
610 5587 989 5657 protestetur,
1026 5586 1202 5643 Conv.

334 5650 447 5720 (68)
478 5650 697 5710 (ἶποὶιὶτθ.

334 5719 446 5797 (69)
477 5723 748 5798 Videtur
781 5743 922 5789 esse
979 5730 1284 5790 Merchten
1339 5734 1400 5793 in
1456 5736 1791 5798 Brabantia.
1850 5739 1936 5798 LE

2054 5172 2235 5228 GLAY.

2127 5245 2239 5313 (70)
2262 5245 2775 5302 Cameracensem.

2127 5314 2240 5383 (71)
2275 5316 2422 5370 Ham
2457 5334 2640 5387 prope
2673 5318 2970 5373 Vilvorde.

2120 5387 2238 5462 (72)Δ
2267 5388 2344 5462 ._1\_._
2368 5387 2491 5462 633,
2527 5393 2856 5460 exponente
2888 5389 3281 5462 Ghesquierio
3314 5394 3372 5446 in
3417 5393 3583 5448 Actis
3614 5393 3718 5450 SS.

2049 5456 2242 5527 Belgii
2272 5459 2368 5525 111,
2398 5458 2524 5514 535.

2048 5529 2232 5654 Ο
2299 5529 2597 5603 Onnaing,
2655 5532 2809 5588 inter
2873 5533 3307 5589 Valenciennes
3376 5537 3433 5590 et
3496 5535 3718 5593 Condé.

2118 5669 2234 5744 (74)
2264 5670 2323 5728 S.
2356 5671 2766 5734 Landelinum.
2800 5676 2978 5735 COLV.
