4098 6196
373 301 453 366 39
1252 293 1527 357 GESTA
1580 290 2116 356 PONTIFICUM
2171 290 2934 355 CAMERACENSIUM.
3751 290 3830 354 40

371 503 556 575 piunt;
571 501 838 555 sanctum
853 510 997 551 vero
1010 493 1442 567 Leodegarium
1455 493 2044 566 Augustidunensem
2071 474 2131 534 Α
2159 491 2536 546 Mauruntum
2557 488 2866 545 Adalbaldi
2887 487 3057 543 ducis
3080 490 3252 558 atque
3271 489 3495 542 sanctae
3520 489 3826 543 Rictrudis

373 589 709 662 pontiﬁcem
731 601 913 657 super
933 585 1172 639 domum
1185 583 1352 655 regis
1373 584 1758 638 constituunt.
1791 581 1908 637 Sed
1929 597 2046 636 non

369 681 551 734 multo
579 681 717 748 post
747 675 979 743 Franci,
1031 688 1236 744 regem
1293 676 1534 743 propter
1590 671 1888 726 levitatem
1918 667 2049 724 et”

370 766 724 822 insolentias
757 779 900 818 suas
931 777 1048 816 non
1070 762 1349 827 ferentes,
1378 763 1580 815 coorta
1602 761 1892 815 seditione
1915 774 2050 814 eum

375 855 857 921 interfecerunt;
915 851 1123 922 sicque
1183 850 1590 904 Theodericus
1648 850 1706 902 in
1764 864 2045 920 regnum,

375 943 676 999 Ebroinus
706 956 846 996 vero
879 940 937 994 in
967 940 1226 1009 priorem
1258 938 1508 1010 gradum
1556 938 1906 991 restituitur.
1939 936 2049 1000 Qui

374 1031 766 1104 nequissimis
784 1029 994 1084 doctus
1027 1027 1408 1096 consiliariis,
1430 1027 1715 1082 estimans
1734 1042 1802 1080 se
1823 1041 2048 1080 memo-

377 1121 485 1175 rati
500 1120 798 1190 pontit‘icis
813 1118 1067 1173 factione
1080 1116 1152 1170 ab
1165 1115 1405 1186 antiqua
1417 1117 1706 1185 potestate
1727 1114 2047 1185 dejectum,

378 1208 814 1264 crudelissimis
844 1222 980 1261 eum
1000 1204 1310 1260 tormentis
1345 1202 1558 1273 affecit,
1584 1208 1641 1259 et
1660 1205 1720 1257 in
1749 1204 2050 1257 territorio

383 1298 776 1352 Atrabatense
798 1295 1206 1349 transductum
1225 1293 1505 1347 decollari
1528 1292 1668 1348 fecit
1695 1292 1754 1345 in
1784 1291 1914 1346 loco
1949 1293 2053 1361 qui

378 1387 596 1441 dicitur
651 1385 814 1439 Silva
872 1383 1062 1437 sancti
1110 1381 1444 1453 Leodegari
1491 1380 1625 1452 (80),
1659 1381 2048 1451 sepultusque

379 1479 473 1530 est
525 1475 584 1528 in
642 1472 781 1526 villa
838 1488 972 1542 quae
1005 1471 1220 1525 dicitur
1248 1468 1458 1524 Serein
1513 1469 1649 1539 (81),
1702 1486 1836 1540 quas
1867 1473 1959 1524 est
1991 1470 2050 1522 in

381 1562 635 1619 conﬁnio
681 1560 1133 1615 Cameracensis
1163 1559 1451 1629 episcopii
1500 1563 1557 1614 et
1588 1558 1947 1613 Morinensis
1975 1555 2048 1612 εδ.

451 1651 540 1707 22.
573 1648 709 1721 (21.)
741 1650 836 1717 (V.
868 1649 1078 1717 Leod.)
1127 1649 1216 1703 De
1265 1663 1515 1719 corpore
1559 1647 1732 1720 huius
1778 1647 2057 1701 martiris

381 1740 674 1812 episcopis
703 1736 1025 1806 Ansoaldo,
1048 1736 1577 1805 Hermenechario,
1603 1742 1660 1790 et
1682 1741 1888 1790 sancto
1923 1734 2060 1788 Vin-

385 1829 667 1884 dentiano
684 1824 739 1868 35
752 1825 1271 1890 contendentibus,
1289 1832 1457 1879 sorte
1474 1825 1815 1880 Ansoaldus
1828 1823 2054 1878 habuit.

384 1917 508 1971 Nec
538 1931 724 1983 mora,
761 1914 1186 1968 miraculorum
1219 1913 1353 1984 ejus
1386 1914 1540 1968 fama
1597 1914 2058 1983 circumquaque

385 2004 619 2074 diffusa,
653 2003 726 2057 ad
754 2003 1035 2073 palatium
1058 2003 1226 2073 regis
1238 2017 1430 2073 usque
1453 2001 2052 2057 celebriterinnotuit.

387 2094 507 2148 Ubi
554 2096 692 2146 tunc
743 2091 893 2146 forte
943 2091 1096 2146 inter
1129 2095 1360 2146 ceteros
1407 2107 1690 2163 proceres
1721 2089 2059 2144 Ansoaldus

390 2181 831 2237 Pictavensium
890 2185 946 2236 et
987 2181 1526 2235 Hermenecharius
1575 2179 2061 2252 Augustidunen-

388 2273 545 2326 sium
565 2270 908 2341 episcopus,
943 2272 1189 2324 sanctus
1231 2285 1465 2340 quoque
1503 2269 1887 2322 Vindicianus
1918 2267 2061 2320 ade-

387 2362 535 2414 rant.
556 2358 817 2424 Quorum
832 2359 1060 2429 primus
1080 2360 1268 2412 sancti
1291 2357 1549 2411 martiris
1573 2372 1790 2427 corpus
1817 2371 2061 2410 monas-

387 2448 517 2502 terii
530 2448 783 2518 quodam
797 2449 854 2501 et
869 2447 1405 2518 consanguinitatis
1418 2445 1730 2517 privilegio
1744 2459 1814 2499 ve
1823 2445 2059 2498 ndicare

389 2536 657 2605 cupiens,
709 2535 859 2589 alter
918 2551 1061 2590 vero
1123 2535 1504 2604 episcOpatus
1555 2534 1694 2604 jura
1725 2534 2056 2605 preferens,

389 2625 624 2692 tertius,
673 2624 731 2677 id
764 2627 856 2678 est
884 2623 1095 2678 beatus
1144 2623 1535 2690 Vinditianus,
1570 2623 1766 2677 locum
1814 2621 2058 2675 martirii

389 2713 447 2766 et
460 2711 784 2782 sepulchri,
801 2727 975 2782 quem
997 2713 1058 2766 in
1071 2711 1297 2766 diocesi
1315 2697 1431 2765 sua.
1447 2711 1568 2764 Deo
1586 2711 1820 2765 volente
1839 2696 2062 2780 martyr

391 2805 760 2870 susceperat,
797 2803 1184 2869 contestatus,
1219 2800 1370 2853 hanc
1400 2799 1555 2853 inter
1587 2815 1653 2853 se
1684 2815 1801 2853 non
1837 2799 2061 2868 impro-

389 2889 643 2944 bandam
665 2888 1154 2959 disceptationem
1174 2889 1573 2956 confecerant,
1614 2888 1803 2943 donec
1821 2903 1897 2943 ex
1919 2903 2062 2941 sen-

389 2979 570 3033 tentia
601 2981 932 3034 ceterorum
964 2978 1306 3048 pontificum
1336 2977 1527 3032 tribus
1559 2977 1829 3047 epistolis
1852 2977 2063 3031 horum

388 3068 569 3122 trium
599 3068 944 3122 nominibus
977 3066 1338 3136 subscriptis
1371 3070 1427 3121 et
1457 3067 1707 3121 confuse
1739 3066 1852 3120 sub
1910 3066 2064 3136 palla

389 3157 592 3211 altaris
651 3156 925 3227 obtectis,
973 3156 1243 3226 factaque
1300 3156 1360 3210 in
1408 3171 1717 3210 commune
1777 3156 2060 3224 oratione,

390 3246 726 3300 Pictavensi
776 3247 1058 3316 episcopo
1115 3261 1188 3299 ex
1244 3245 1481 3299 indiciis
1541 3248 1811 3299 sanctum
1844 3260 2062 3314 corpus

389 3333 599 3390 deberi
630 3335 991 3388 declaratum
1021 3336 1134 3388 est.

461 3421 550 3476 23.
581 3420 632 3462 2⁷
665 3420 801 3492 (22.)
848 3421 1202 3477 Miraculum
1252 3422 1326 3477 de
1363 3427 1567 3476 sancto
1623 3421 1852 3485 Amata,
1916 3421 2065 3493 quod

396 3516 657 3582 tempore
676 3512 872 3564 sancti
892 3511 1234 3565 Vindiciani
1247 3509 1515 3580 presulis
1526 3511 1777 3582 contigit
1794 3510 2064 3564 Camera-

393 3615 478 3655 co.
495 3599 617 3655 Sub
632 3599 814 3670 hujus
828 3614 1062 3670 quoque
1077 3598 1370 3668 pontificis
1385 3603 1647 3668 tempore
1666 3599 1724 3652 in
1738 3599 1847 3654 hac
1861 3603 2062 3653 nostra

392 3688 627 3743 civitate
651 3688 946 3759 quoddam
974 3688 1220 3758 contigit
1242 3687 1532 3758 mirabile,
1553 3689 1711 3759 quod
1739 3688 1876 3742 huic
1898 3689 2062 3758 operi

392 3777 802 3832 necessarium
815 3776 955 3830 duxi
968 3777 1254 3831 inserere.
1274 3777 1432 3846 (Vita
1455 3778 1702 3846 Amati.)
1716 3777 1798 3830 Ea
1813 3793 2063 3849 namque

392 3869 781 3936 tempestate,
841 3865 978 3918 dum
1033 3864 1302 3934 prefatus
1372 3881 1480 3920 rex
1537 3866 1945 3920 Theodericus
2005 3867 2064 3920 in

394 3958 636 4010 sanctos
669 3954 774 4008 Dei
803 3955 1044 4021 seviret,
1077 3954 1366 4008 diabolica
1389 3955 1643 4025 agitatus
1666 3956 2063 4010 stimulatione

396 4048 665 4098 sanctum
698 4044 967 4097 Amatam
998 4042 1387 4097 Senoniensis
1433 4043 1724 4098 aecclesiaa
1764 4045 2061 4112 presulem

397 4132 576 4188 exilio
601 4133 970 4204 religandum
994 4133 1311 4201 deputavit;
1336 4132 1629 4204 longeque
1650 4133 1723 4187 ab
1748 4134 1864 4187 illis
1887 4135 2062 4205 parti-

395 4222 533 4290 bus,
595 4222 655 4275 in
710 4221 1029 4290 municipio
1090 4220 1543 4276 Viromandensi
1599 4223 1754 4292 quod
1802 4224 2063 4278 Perrona

397 4314 662 4379 vocatur,
695 4311 808 4365 sub
833 4310 1101 4365 custodia
1124 4310 1437 4364 admodum
1461 4313 1932 4367 reverentissimi
1949 4313 2062 4366 viri

398 4399 594 4456 Ultani
625 4399 859 4453 abbatis
890 4400 1342 4468 mancipandum
1373 4400 1707 4470 destinavit,
1743 4402 1972 4456 scilicet
2003 4406 2063 4456 ut

399 4505 574 4561 quem
619 4488 775 4542 ferro
823 4504 942 4542 non
989 4489 1240 4542 audebat
1289 4489 1604 4558 perimere,
1646 4489 1822 4560 longa
1854 4491 2063 4544 saltem

398 4579 560 4633 exilii
591 4577 965 4632 tribulatione
999 4581 1341 4630 maceraret.
1373 4578 1585 4631 Sancto
1619 4579 1798 4648 igitur
1851 4579 2063 4633 Ultano

399 4667 470 4722 de
517 4667 712 4722 medio
769 4665 945 4732 facto,
1008 4665 1224 4718 timens
1283 4679 1386 4717 rex
1444 4665 1680 4734 impius,
1716 4682 1786 4719 ne
1820 4672 2062 4721 sanctus

397 4757 599 4824 presul
631 4755 993 4827 repatriaret,
1029 4752 1206 4824 elegit
1236 4753 1530 4823 quendam
1577 4754 1771 4808 virum
1828 4756 2063 4809 nomine

2157 581 2364 646 filium,
2413 595 2588 652 quem
2640 581 2957 634 Perronam
3005 577 3237 646 direxit,
3289 579 3462 647 atque
3496 581 3558 631 ut
3587 577 3829 632 beatum

2156 669 2456 740 presulem
2484 669 2633 722 alias
2657 682 2862 721 secum
2883 667 3060 737 digne
3083 665 3538 720 custodiendum
3557 667 3829 734 duceret,

2156 756 2792 828 imperavit.Siquidem
2804 755 3113 826 preclarus
3129 755 3232 809 Dei
3249 754 3465 809 athleta
3478 753 3830 825 hujusmodi

2155 851 2434 917 precepto
2480 861 2690 915 parere
2747 860 2863 898 non
2907 843 3153 911 distulit,
3205 845 3314 897 sed
3372 845 3528 914 quod
3582 843 3830 914 jussum

2156 934 2384 1005 fuerat,
2445 933 2798 1004 quantocius
2846 947 3210 1002 properans,
3260 934 3494 986 exulem
3552 936 3826 987 sanctum

2156 1023 2479 1080 honoriﬁce
2512 1022 2814 1077 tractando
2842 1037 3047 1075 secum
3078 1023 3214 1076 inde
3244 1022 3507 1076 adduxit.
3533 1022 3657 1075 Illis
3681 1037 3828 1092 ergo

2155 1115 2232 1168 ad
2259 1112 2846 1167 Austrevandensem
2875 1127 3092 1181 pagum
3121 1112 3520 1179 tendentibus,
3557 1111 3827 1182 contigit,

2158 1205 2222 1256 ut
2249 1200 2618 1256 refocillandi
2662 1200 2851 1270 gratia
2905 1199 3289 1254 Cameracum
3336 1200 3699 1254 diverterent
3757 1198 3832 1252 ad

2160 1291 2387 1345 urbem.
2421 1289 2536 1344 Ubi
2559 1289 2777 1343 ceteris
2807 1287 3372 1344 circaministerium
3394 1290 3829 1361 satagentibus,

2158 1378 2544 1434 beatissimus
2601 1376 2842 1447 presul,
2901 1379 3052 1447 parti
3107 1394 3282 1448 quam
3339 1379 3521 1432 Maria
3575 1382 3832 1432 testante

2162 1469 2412 1522 Domino
2445 1468 2720 1536 optimam
2760 1466 2960 1536 elegit,
2995 1481 3233 1536 semper
3269 1467 3583 1522 intendens
3615 1469 3834 1521 accele-

2162 1557 2312 1610 siam
2344 1557 2565 1611 sanctae
2599 1553 2702 1608 Dei
2734 1553 3043 1624 genitricis
3067 1559 3123 1610 et
3150 1556 3406 1627 virginis
3439 1556 3639 1611 Mariae
3669 1557 3834 1612 haud

2161 1646 2339 1717 longe
2361 1645 2433 1699 ab
2456 1643 2714 1714 hospitio
2755 1643 3137 1712 subintravit,
3183 1645 3381 1716 ibique
3413 1648 3694 1716 quantum
3717 1647 3830 1700 Do-

2162 1735 2322 1789 mino
2337 1749 2516 1788 carus
2531 1735 2674 1803 erat,
2695 1733 3137 1787 evidentissime
3152 1734 3378 1788 claruit.
3395 1735 3636 1790 Intranti
3649 1735 3830 1805 enim,

2159 1827 2222 1878 ut
2251 1825 2310 1878 in
2340 1824 2568 1878 umbris
2600 1824 2780 1891 solet,
2813 1824 3012 1877 lumen
3049 1822 3356 1877 oculorum
3386 1824 3535 1878 solis
3567 1824 3836 1879 claritate

2160 1913 2505 1982 perculsum
2537 1913 2896 1967 obtunditur.
2924 1912 3091 1966 Unde
3112 1913 3239 1982 ipse
3271 1914 3467 1968 minus
3489 1915 3828 1984 perspicax,

2161 2002 2326 2056 radio
2371 2002 2542 2071 solis,
2589 2002 2689 2072 qui
2739 2017 2847 2072 per
2894 2001 3158 2056 foramen
3197 2001 3444 2070 parietis
3477 2001 3831 2074 infulgebat,

2159 2107 2266 2162 pro
2299 2107 2475 2146 servo
2507 2106 2656 2145 usus
2689 2095 2802 2160 est;
2835 2090 3110 2161 quoniam
3143 2090 3424 2161 fatigatus
3456 2090 3686 2161 itinere,
3711 2108 3836 2145 ma-

2160 2180 2363 2235 teriale
2396 2196 2548 2234 onus
2575 2221 2588 2249 ,
2622 2183 2683 2233 ut
2715 2179 3021 2249 spirituale
3050 2179 3245 2233 levius
3259 2179 3617 2249 adsumeret,
3654 2181 3836 2250 depo-

2163 2285 2334 2338 nens,
2370 2285 2614 2339 cappam
2637 2284 2805 2323 suam
2827 2272 3000 2339 atque
3023 2270 3287 2322 manicas
3319 2284 3463 2322 suas
3492 2269 3659 2324 radio
3683 2270 3836 2324 solis

2161 2361 2438 2428 tanquam
2454 2357 2533 2411 ibi
2547 2362 2846 2426 protensaa
2865 2356 3072 2411 ferulae
3087 2359 3430 2428 ignoranter
3446 2358 3666 2428 injecit.
3688 2359 3835 2422 Quae

2165 2447 2255 2502 sol
2277 2449 2406 2516 ipse
2426 2447 2788 2516 suscipiens,
2814 2446 2952 2500 dum
2975 2446 3224 2500 orationi
3249 2449 3590 2515 prostratus
3612 2448 3839 2501 incum-

2166 2536 2352 2604 beret,
2379 2536 2715 2590 famulando
2752 2535 3052 2589 sustinuit.
3092 2534 3416 2604 Dispositis
3447 2535 3667 2590 interea
3697 2553 3838 2607 quae

2168 2626 2326 2680 domi
2357 2610 2706 2679 necessaria
2745 2628 2933 2694 erant,
2981 2624 3194 2678 beatus
3248 2624 3595 2678 Mauruntus
3641 2626 3836 2679 sancti

2165 2715 2420 2785 vestigia
2450 2713 2834 2783 subsecutus,
2870 2729 3004 2768 cum
3044 2712 3378 2767 aecclesiam
3425 2713 3729 2767 introisset
3777 2719 3838 2768 et

2166 2803 2414 2858 exuvias
2472 2802 2662 2856 sancti
2720 2803 2790 2856 de
2849 2802 2976 2856 sole
3003 2803 3263 2872 pendere
3293 2801 3832 2870 deprehendisset:

2169 2892 2472 2961 Deumque
2507 2890 2835 2946 mirabilem
2867 2891 3253 2962 gloriﬁcando
3303 2891 3638 2960 predicans,
3691 2892 3840 2945 tanti

2168 2981 2280 3034 viri
2311 2979 2564 3050 pedibus
2621 2995 2688 3034 se
2746 2981 3088 3049 prostravit,
3124 2995 3410 3050 suamque
3443 2980 3842 3051 ignorantiam

2169 3085 2482 3138 accusans,
2519 3068 2728 3139 siquid
2759 3070 2817 3122 in
2848 3085 2982 3123 eum
3004 3073 3333 3138 peccasset,
3371 3069 3602 3122 veniam
3633 3074 3841 3138 postu-

2170 3158 2328 3213 lavit.
2357 3158 2489 3213 Non
2529 3157 2685 3211 enim
2718 3157 2801 3210 illi
2832 3161 3000 3211 antea
3059 3160 3459 3226 competenter
3517 3158 3836 3227 servierat,

2169 3250 2368 3317 utpote
2401 3262 2576 3318 quem
2595 3247 2737 3300 tanti
2761 3246 2951 3301 meriti
2969 3247 3120 3315 apud
3141 3247 3325 3300 Deum
3356 3245 3546 3300 fuisse
3579 3247 3840 3301 nondum

2170 3339 2434 3390 noverat.
2469 3335 2542 3388 At
2562 3334 2915 3389 mitissimus
2937 3335 3139 3405 presul
3160 3335 3477 3389 clementer
3496 3332 3550 3375 28
3569 3336 3838 3404 indulsit,

2175 3429 2231 3480 et
2261 3441 2379 3479 non
2411 3425 2593 3478 multo
2625 3427 2760 3494 post
2791 3424 3021 3478 viribus
3056 3425 3398 3493 resumptis,
3450 3426 3562 3478 iter
3602 3440 3841 3496 quoque

2175 3517 2485 3568 resumunt
2513 3514 2672 3584 quod
2703 3515 3022 3583 coeperant,
3046 3513 3428 3582 laboremque
3449 3530 3622 3567 suum
3654 3514 3840 3568 divini

2175 3604 2472 3658 sermonis
2495 3602 3127 3672 dulcedinelenientes,
3155 3603 3519 3656 Hamaticum
3539 3603 3651 3671 (82)
3669 3603 3843 3658 deve-

2174 3692 2359 3746 niunt.
2419 3691 2544 3756 Quo
2602 3692 2662 3744 in
2693 3691 2822 3745 loco
2853 3691 3188 3745 diutissime
3221 3695 3675 3760 commorantes,
3719 3709 3839 3746 non

2172 3781 2474 3834 minimum
2503 3780 2899 3850 profecerunt.
2948 3780 3173 3834 Relicto
3215 3780 3468 3850 denique
3514 3781 3838 3835 Hamaticae

2172 3870 2440 3935 cenobio,
2475 3885 2648 3923 sacer
2693 3871 2897 3938 presul
2941 3869 3228 3923 educitur.
3299 3870 3676 3940 Broilumque
3725 3870 3837 3939 (83)

2168 3958 2490 4028 perductus
2508 3959 2761 4028 est.1pse
2780 3958 3101 4028 verojuxta
3117 3959 3422 4012 basilicam
3439 3959 3703 4012 cellulam
3719 3959 3832 4010 sibi

2171 4047 2443 4101 fabricari
2478 4048 2756 4117 precepit,
2783 4048 2932 4101 intra
2956 4048 3640 4118 quam‘quandocumque
3665 4062 3829 4115 opor-

2168 4139 2372 4190 tunum
2418 4139 2542 4190 erat
2597 4153 2735 4192 sese
2795 4138 3124 4205 continens,
3187 4136 3434 4207 vigiliis,
3469 4135 3832 4190 orationibus

2168 4229 2341 4295 atque
2373 4225 2626 4296 jejuniis
2649 4226 3020 4280 incessanter
3051 4241 3268 4293 corpus
3301 4225 3587 4296 fatigavit,
3637 4239 3828 4294 usque

2168 4301 2304 4368 dum
2334 4319 2449 4368 tam
2481 4315 2793 4386 egregium
2825 4314 3064 4369 militem
3106 4315 3388 4368 Dominus
3420 4315 3490 4367 de
3522 4314 3704 4367 terris
3759 4313 3833 4366 ad

2169 4403 2352 4458 caalos
2385 4404 2654 4457 evocavit
2683 4405 2800 4473 (an.
2834 4401 2981 4473 690).

2239 4491 2325 4544 24.
2361 4491 2496 4560 (23.)
2528 4492 2625 4559 (V.
2660 4493 2851 4559 Max.)
2895 4491 3056 4556 Quod
3092 4499 3354 4563 tempore
3412 4491 3585 4562 huius
3642 4492 3840 4546 sancti

2175 4579 2292 4632 viri
2322 4579 2488 4650 virgo
2513 4581 2625 4634 Dei
2640 4580 3023 4635 .llaxelendis
3047 4581 3468 4634 martirizalur
3485 4595 3838 4650 percussor-

2171 4683 2279 4739 que
2293 4669 2728 4723 execatur.Suh
2749 4670 2860 4724 hoc
2879 4669 3000 4723 fere
3013 4673 3276 4738 tempore
3296 4669 3564 4738 quaedam
3582 4669 3751 4739 virgo
3777 4670 3837 4722 in

2169 4757 2463 4811 territorio
2483 4757 2918 4829 Cameracensi,
2953 4759 3346 4814 nobilissimis
3365 4761 3487 4810 orta
3514 4758 3830 4829 natalibus,

1700 4944 1994 5007 VARIIE
2042 4945 2530 5010 LECTIONES.

471 5121 526 5170 Ἀ
556 5129 726 5203 deest
768 5120 1088 5203 119513.}.
1131 5121 1292 5203 et
1327 5130 1534 5203 auctor
1561 5122 2055 5203 ipseinaurari't28
2083 5127 2469 5186 Vincentiano
2502 5132 2553 5186 1.
2586 5126 2638 5171 2⁷
2663 5132 2769 5187 hoc
2799 5140 2969 5203 caput
3018 5133 3187 5189 deest
3235 5140 3414 5188 totum
3466 5132 3516 5188 1.
3576 5132 3629 5188 3.
3690 5133 3742 5186 4.
3801 5131 3834 5185 5

403 5206 568 5278 extat
591 5201 652 5254 in
687 5217 796 5278 uno
813 5200 867 5256 2.
893 5197 1412 5256 2'.Procu1dubio
1433 5197 1638 5255 auctor
1667 5199 1816 5255 illud
1844 5202 1906 5254 in
1938 5202 1986 5256 1.
2014 5203 2474 5272 suppleveratin
2505 5203 2767 5258 scedulla
2801 5197 3021 5274 assuta,
3076 5206 3185 5260 sed
3234 5223 3363 5278 quia
3410 5211 3618 5276 postea
3645 5204 3835 5276 periit

399 5272 456 5324 28
488 5273 658 5328 deest
689 5271 765 5326 2'.

1975 5443 2253 5510 NOT/E.

481 5642 596 5716 (80)
623 5644 707 5716 Le
734 5643 872 5699 bois
903 5643 975 5699 de
1003 5641 1310 5699 Lucheux.
1344 5643 1433 5716 Ls
1462 5645 1644 5701 Gen.

481 5715 836 5800 (81)_§erqin
867 5718 960 5800 est
988 5715 1043 5772 le
1073 5716 1313 5800 n‘omnde
1342 5715 1399 5800 la
1428 5717 1741 5800 plac'e_qui
1771 5731 1839 5800 se
1869 5717 2080 5800 trouve

405 5785 714 5850 au'milieu
745 5787 826 5848 du
853 5787 1073 5864 village
1095 5788 1168 5848 de
1195 5785 1763 5865 Sus-Saint-Lég‘er.
1784 5788 1872 5847 La
1895 5788 2079 5850 ϐων.

2229 5629 2340 5709 (83)
2373 5631 2657 5709 gamage.
2690 5649 2879 5709 prope
2918 5635 3357 5695 Marchiennes.
3392 5636 3480 5695 Ls
3520 5637 3700 5698 ϐων.

2236 5701 2351 5775 (83)
2381 5701 2580 5764 Bruel.
