4098 6196
218 357 304 422 41
1654 355 1910 417 LIBER
1947 355 2272 419 PRIMUS
3612 357 3694 418 42

226 541 647 597 circumventa
678 543 771 595 est
817 556 850 594 a
893 540 1145 611 quodam
1190 538 1413 610 juvene
1462 554 1580 593 non
1624 537 1907 610 ignobilis
1936 536 1993 597 A
2023 538 2266 592 clesiam
2298 537 2747 593 Atrebatensem
2777 554 2849 593 ex
2879 538 3060 593 rebus
3082 536 3338 610 propriis
3369 555 3485 595 una
3515 541 3688 596 etiam

225 632 505 702 generis,
557 630 664 684 sed
715 628 999 702 ignobilis
1044 628 1260 697 animi,
1312 632 1373 682 ut
1434 627 1566 698 ejus
1627 626 1908 698 conjugio

216 718 369 790 jure
411 717 773 773 matrimonii
823 717 1220 788 copularetur.
1256 717 1399 781 Quae
1449 717 1587 771 dum
1626 731 1735 769 nec
1766 731 1910 768 auro

227 813 337 862 aut
369 808 626 880 gemmis
657 822 767 861 nec
798 806 918 861 ullo
951 808 1426 860 ornamentarum
1465 820 1684 876 genere
1717 804 1909 874 frangi

224 898 555 965 potuisset,
598 895 914 966 quominus
953 894 1312 965 virginitatis
1356 893 1724 963 propositum
1755 893 1913 945 laxa-

228 989 347 1051 ret,
376 987 434 1039 et
455 999 622 1039 more
645 984 929 1037 nobilium
950 983 1299 1037 feminarum
1321 983 1450 1037 viro
1472 980 1915 1052 potentijunge-

225 1078 419 1140 retur,
441 1089 554 1127 nec
572 1076 850 1144 parentes
870 1088 1014 1126 suos
1035 1088 1218 1142 super
1235 1071 1578 1143 hujusmodi
1600 1069 1913 1124 consilium

230 1163 441 1216 audire
494 1162 710 1231 nollet;
753 1161 1065 1231 desperato
1101 1159 1344 1231 juvenis
1384 1175 1585 1213 amore
1628 1161 1912 1228 captaque

230 1250 655 1322 oportunitate,
691 1265 806 1321 qua
837 1249 1091 1319 puellam
1140 1248 1399 1318 paternis
1446 1248 1675 1302 aedibus
1724 1246 1910 1300 solam

228 1343 443 1409 posset
464 1337 787 1407 offendere,
809 1341 1113 1407 assumpta
1132 1352 1336 1391 secum
1359 1352 1430 1391 ne
1455 1336 1762 1390 fundorum
1785 1338 1910 1389 tur-

227 1427 309 1481 ba
356 1427 682 1495 sociorum,
714 1427 951 1481 domum
1000 1441 1234 1481 omnem
1281 1425 1819 1492 circomvallarunt,
1855 1426 1912 1477 et

231 1517 387 1570 facta
432 1516 767 1585 irruptione
800 1516 1037 1570 domum
1068 1530 1301 1569 omnem
1339 1514 1692 1585 perscrutati
1730 1515 1904 1577 sunt;

2022 643 2152 680 cum
2174 643 2317 698 rege
2339 627 2703 681 Theoderico
2729 631 3138 698 augmentans,
3164 629 3344 697 villis,
3369 631 3684 699 aecclesiis,

2017 715 2215 784 terris,
2260 716 2613 770 molendinis
2647 717 2999 786 ceterisque‘
3028 716 3316 771 subsidiis
3366 719 3683 789 ampliavit,

2017 808 2190 875 atque
2241 806 2299 858 in
2351 805 2607 876 generali
2653 805 2867 874 placito
2918 806 3215 860 residente
3260 821 3403 876 rege
3436 808 3682 876 prefato,

2019 894 2323 947 seculares
2346 910 2414 947 ac
2441 893 2789 964 judiciarias
2820 898 3144 965 potestates
3167 912 3272 965 per
3293 895 3687 964 pontificalem

2018 982 2440 1050 auctoritatem,
2463 986 2859 1053 praesentibus
2882 985 3117 1054 quidem
3149 984 3349 1038 multis
3380 985 3687 1053 coepisco-

2015 1072 2109 1140 pis
2133 1088 2266 1124 cum
2284 1088 2425 1143 rege
2445 1073 2616 1126 etiam
2632 1073 2755 1143 jam
2781 1074 2935 1127 dicto
2957 1073 3435 1144 astipulantibus,
3462 1074 3684 1143 scripto

2016 1160 2330 1232 privilegio
2364 1150 2419 1215 et
2448 1178 2479 1215 a
2513 1163 2736 1216 Joanne
2767 1178 2915 1231 papa
2948 1163 3312 1230 conﬁrmato,
3348 1163 3420 1216 ab
3450 1162 3548 1216 illa
3572 1178 3687 1216 aec-

2020 1249 2200 1303 clesia
2251 1266 2455 1303 omnes
2497 1251 2731 1318 penitus
2780 1250 3049 1304 exclusit.
3093 1251 3260 1315 Quod
3308 1250 3687 1323 privilegium

2016 1340 2129 1392 tale
2153 1343 2243 1392 est
2277 1354 2288 1393 :
2328 1360 2349 1385 ‹‹
2385 1341 2597 1393 Sancto
2622 1343 2677 1393 et
2701 1340 3056 1393 universalis
3080 1340 3369 1394 aeeclesia;
3386 1339 3687 1408 provisori

2016 1427 2363 1481 beatissimo
2420 1428 2674 1481 Johanni
2733 1445 2899 1498 papae
2946 1428 3209 1482 llomano
3268 1430 3684 1498 episcoporum

2018 1516 2320 1586 episcopo,
2359 1516 2727 1570 Vinditianus
2775 1532 2994 1570 servus
3028 1533 3339 1570 servorum
3373 1516 3477 1570 Dei
3506 1515 3683 1569 mini-

231 1583 590 1674 tandemque
620 1602 880 1657 loculum
908 1604 967 1656 in
998 1619 1115 1674 quo
1145 1603 1316 1674 virgo
1340 1583 1574 1657 latebat
1608 1601 1907 1656 curiosius
1938 1583 1989 1644 Β
2020 1583 2172 1673 mus,
2207 1583 2267 1658 in
2297 1604 2533 1658 Christo
2580 1606 2826 1658 Domino
2857 1605 3143 1675 quidquid
3172 1605 3427 1658 felicius.
3465 1604 3682 1658 Notum

233 1692 726 1763 contemplantes,
759 1691 1054 1746 inventam
1083 1691 1373 1746 violenter
1394 1693 1696 1745 traxerunt
1717 1704 1908 1761 usque

235 1782 307 1835 ad
338 1783 539 1835 locum
571 1781 674 1835 ubi
695 1797 850 1835 nunc
872 1784 1210 1836 constructa
1226 1783 1318 1836 est
1338 1780 1583 1835 basilica
1604 1781 1665 1833 in
1686 1780 1908 1833 honore

237 1872 498 1924 omnium
520 1875 885 1940 sanctorum,
906 1870 1185 1940 precipue
1204 1870 1441 1940 quidem
1458 1870 1648 1923 sancti
1669 1868 1907 1922 Vedasti

230 1975 467 2014 necnon
480 1962 535 2013 et
550 1961 930 2014 veneratione
943 1959 1136 2029 ipsius
1150 1975 1339 2013 sacrae
1355 1958 1632 2030 virginis.
1650 1957 1812 2011 Tunc
1827 1956 1910 2010 fu-

232 2052 452 2102 nestus
466 2047 752 2118 carnifex,
769 2049 1045 2103 dentibus
1064 2048 1369 2115 frendens,
1386 2047 1696 2118 evaginato
1711 2046 1906 2117 gladio

232 2152 587 2208 percussam
617 2137 932 2191 interfecit.
954 2137 1065 2202 Qui
1096 2153 1233 2191 mox
1262 2139 1324 2191 ut
1352 2136 1704 2207 sanguinem
1727 2134 1906 2206 virgi-

231 2227 334 2279 nis
364 2226 529 2293 vidit,
558 2225 723 2296 justo
755 2225 863 2279 Dei
885 2225 1111 2296 judicio
1143 2241 1323 2281 cecus
1346 2225 1539 2279 factus
1569 2226 1681 2279 est.
1702 2223 1906 2294 Sepul-

230 2318 411 2384 taque
452 2317 545 2369 est
589 2315 648 2368 in
686 2313 935 2368 basilica
973 2314 1283 2368 beatorum
1316 2313 1719 2383 apostolorum
1748 2312 1907 2367 Petri

228 2407 290 2457 et
325 2402 493 2456 Pauli
520 2403 829 2473 sanctique
860 2402 1107 2473 Sulpicii
1136 2403 1534 2471 confessoris,
1568 2418 1702 2473 quae
1734 2416 1907 2455 cons-

226 2494 422 2545 tructa
453 2495 546 2547 est
575 2492 635 2544 in
667 2491 801 2545 villa
831 2507 964 2561 quae
998 2495 1242 2546 vocatur
1268 2493 1635 2546 Pomeriolas
1656 2490 1770 2559 (84)

299 2581 392 2634 25.
429 2578 566 2650 (24.)
598 2580 796 2649 (Ibid).
839 2580 1000 2645 Quod
1042 2581 1255 2635 beatus
1293 2581 1601 2651 epiSCOpus
1652 2579 1907 2650 virginis

226 2684 453 2741 corpus
474 2668 547 2723 ad
566 2669 747 2724 locum
769 2668 1216 2723 interfectionis
1236 2669 1466 2739 retulit,
1488 2675 1545 2723 et
1564 2667 1794 2722 Hardui
1800 2683 1907 2720 nus

227 2756 435 2812 lumen
464 2758 710 2829 recepit.
745 2758 1001 2812 Trienno
1029 2774 1167 2813 vero
1198 2758 1430 2828 expleto
1460 2761 1596 2827 post
1628 2756 1904 2827 passion-

227 2861 364 2900 nem
377 2846 436 2917 ej
447 2863 538 2916 us,
555 2847 821 2917 quaedam
840 2850 1103 2901 matrona
1116 2847 1357 2916 nobilis,
1374 2847 1609 2901 nomine
1624 2846 1908 2900 Amaltru-

228 2934 348 3004 dis,
364 2951 512 2990 voce
541 2935 741 2989 divina
765 2936 1117 2990 commonita
1135 2938 1248 3004 est,
1282 2940 1343 2990 ut
1363 2936 1598 2990 beatum
1620 2935 1908 2989 Vindicis-

228 3039 372 3077 num
386 3024 878 3078 Cameracensem
894 3026 1239 3094 episcopum
1253 3024 1413 3078 adire
1427 3024 1687 3092 deberet,
1705 3028 1763 3077 ut
1781 3024 1906 3094 ipse

226 3129 366 3166 cum
397 3113 559 3167 clero
604 3129 714 3167 suo
765 3129 834 3167 ac
879 3113 1050 3182 plebe
1091 3113 1287 3177 vicina
1314 3129 1552 3167 sacrum
1583 3129 1802 3182 corpus
1834 3113 1903 3166 ad

225 3202 427 3256 locum
452 3201 880 3256 interfectionis
910 3218 1044 3255 cum
1066 3217 1295 3256 summa
1316 3202 1691 3256 veneratione
1714 3202 1904 3256 refer-

228 3296 341 3358 ret,
374 3291 513 3361 quia
542 3290 735 3344 locum
769 3291 933 3345 illum
972 3291 1259 3345 Dominus
1291 3291 1484 3361 signis
1517 3293 1573 3344 et
1603 3291 1903 3343 miraculis

228 3379 560 3433 clariﬁcare
591 3378 988 3449 disposuerat.
1022 3378 1187 3443 Quod
1218 3378 1428 3433 beatus
1460 3378 1741 3448 pontifex,
1770 3394 1904 3433 mox

227 3473 291 3522 ut
323 3466 640 3522 referentis
672 3468 855 3521 verba
884 3468 1126 3535 audivit,
1160 3467 1402 3537 implere
1439 3468 1683 3521 curavit.
1718 3468 1901 3521 Porro

230 3556 600 3624 Harduinus,
634 3557 734 3627 qui
775 3572 905 3611 eam
952 3555 1350 3626 interfecerat,
1392 3556 1527 3610 licet
1572 3557 1902 3611 miserrime

230 3650 287 3699 et
317 3661 452 3698 cum
483 3644 830 3716 ignominia,
866 3645 1059 3699 adhuc
1091 3646 1150 3698 in
1182 3645 1447 3699 ceeitatis
1480 3661 1607 3699 suae
1636 3645 1900 3700 tenebris

230 3734 487 3788 vivebat.
522 3732 633 3797 Qui
668 3718 744 3787 ‘ut
792 3748 1028 3787 sacrum
1061 3734 1313 3805 virginis
1343 3750 1562 3803 corpus
1601 3735 1673 3787 ad
1706 3735 1902 3789 locum

229 3824 619 3877 memoratum
657 3821 867 3876 referri
902 3822 1145 3891 audivit,
1174 3824 1499 3893 dampnans
1533 3826 1588 3877 et
1623 3838 1906 3895 recogno-

228 3927 411 3966 scens
433 3914 740 3980 peccatum
762 3926 957 3979 suum,
973 3913 1206 3965 obviam
1221 3912 1456 3981 corpori
1471 3928 1537 3966 se
1552 3911 1726 3983 jubet
1747 3913 1902 3982 duci,

227 4006 285 4055 et
328 4003 464 4054 ante
512 3999 795 4054 feretrum
846 4015 912 4054 se
959 4002 1302 4070 prostravit.
1338 4002 1427 4055 Ad
1467 4017 1643 4072 quem
1675 4018 1814 4056 mox
1846 4007 1907 4057 ut

226 4089 388 4143 sacri
435 4088 706 4157 corporis
747 4089 933 4160 bajuli
963 4094 1383 4161 pervenerunt,
1434 4090 1633 4144 lumen
1685 4092 1907 4160 recepit

227 4192 602 4248 currensque
634 4177 706 4231 ad
737 4178 1106 4248 episcopum,
1142 4178 1401 4232 narravit
1429 4182 1643 4249 quanta
1673 4179 1789 4234 sibi
1816 4196 1908 4234 ac-

225 4267 516 4322 ciderant.
569 4268 652 4321 Ex
689 4267 990 4336 presentis
1033 4267 1216 4339 igitur
1261 4268 1576 4322 occasione
1634 4268 1902 4322 miraculi

225 4356 555 4426 episcOpus
583 4354 771 4409 verbo
803 4356 935 4409 dato
958 4357 1028 4409 ad
1052 4356 1352 4426 populum,
1387 4360 1658 4411 sanctum
1687 4373 1905 4427 corpus

222 4445 289 4498 in
317 4443 597 4498 azeclesia
627 4450 1140 4514 supramemorata
1171 4444 1444 4516 sepelivit
1475 4446 1571 4514 (an
1601 4444 1726 4515 673)
1758 4445 1773 4517 ]

297 4533 391 4586 26.
426 4530 563 4603 (25.)
596 4532 759 4597 Quod
797 4549 978 4604 super
1008 4549 1114 4588 res
1140 4534 1508 4589 Atrebansis
1533 4535 1823 4590 aeeclesia:
1839 4537 1903 4591 S.

226 4620 449 4675 Mariae
470 4621 859 4693 privilegium
878 4638 910 4676 a
933 4622 1199 4677 Julianus
1220 4640 1372 4694 papa
1394 4623 1737 4679 conﬁrmari
1758 4625 1907 4680 obti-

229 4711 383 4765 nuit.
438 4709 566 4764 Hoc
616 4713 811 4765 autem
859 4711 1145 4780 scriptum
1186 4712 1578 4782 repperimus,
1614 4715 1770 4785 quod
1819 4715 1911 4769 vir

229 4799 339 4853 Dei
367 4799 730 4853 venerabilis
749 4799 1069 4870 episcopus
1088 4803 1312 4855 sanctae
1332 4802 1437 4856 Dei
1460 4802 1768 4874 genitricis
1788 4820 1907 4859 aec-

2017 1696 2094 1747 sit
2138 1695 2465 1763 paternitati
2498 1698 2714 1748 vestrae
2746 1710 2853 1747 seu
2886 1695 3162 1747 omnibus
3196 1696 3417 1748 sanctae
3441 1694 3546 1747 Dei
3579 1708 3681 1746 ec-

2014 1783 2216 1838 clesiae
2245 1784 2534 1853 prolihus,
2571 1785 2622 1837 si
2653 1783 2870 1852 aliquid
2914 1783 2985 1835 de
3032 1783 3213 1836 rebus
3257 1784 3484 1837 nostris
3529 1782 3681 1837 locis

2012 1876 2351 1927 sanctorum
2383 1874 2475 1926 vel
2507 1873 2564 1926 in
2597 1872 2930 1925 substantia
2953 1887 3275 1940 pauperum
3295 1870 3678 1939 conferimus,

2009 1962 2120 2016 hoc
2141 1961 2314 2015 nobis
2334 1961 2534 2030 procul
2554 1961 2744 2015 Dubio
2775 1962 2834 2014 in
2856 1964 3135 2015 aeternam
3157 1959 3574 2014 beatitudinem
3595 1973 3685 2017 re-

2006 2051 2186 2105 tribui
2218 2051 2590 2104 confidimus.
2627 2050 2751 2103 Nos
2783 2049 3021 2119 quidem
3049 2049 3121 2102 de
3152 2052 3309 2102 tanta
3341 2048 3681 2102 misericor-

2008 2140 2103 2193 dia
2127 2142 2182 2193 et
2215 2139 2429 2209 pietate
2454 2138 2685 2192 Domini
2710 2138 3097 2203 confidentes,
3116 2138 3174 2190 in
3194 2138 3488 2191 conventu
3504 2152 3681 2191 vene-

2008 2228 2283 2282 rabilium
2306 2228 2723 2297 episcoporum
2746 2231 3090 2281 nostrorum
3111 2242 3308 2280 coram
3332 2240 3473 2296 rege
3502 2225 3681 2294 pissi-

2008 2334 2103 2371 mo
2137 2317 2503 2371 Theoderico
2538 2316 2595 2369 in
2631 2316 2893 2387 generali
2923 2316 3156 2384 placito,
3191 2315 3342 2367 hanc
3370 2313 3681 2382 epistolam

2008 2406 2446 2472 roboravimus,
2482 2406 2941 2473 roboratumque
2970 2404 3028 2455 in
3050 2405 3395 2472 perpetuum
3419 2402 3546 2455 fore
3578 2416 3679 2470 op-

2009 2500 2224 2549 tamus.
2274 2495 2398 2548 Lex
2429 2494 2760 2563 priscorum
2792 2508 3028 2562 quoque
3062 2491 3331 2560 exposcit
3361 2489 3680 2543 auctorita-

2010 2587 2148 2651 tem,
2184 2586 2244 2636 ut
2276 2584 2630 2652 quicumque
2662 2581 2913 2634 voluerit
2940 2581 3011 2633 de
3046 2581 3227 2633 rebus
3261 2578 3389 2633 suis
3420 2577 3679 2648 propriis

2012 2671 2289 2738 vendere,
2324 2672 2559 2736 cedere,
2587 2670 2943 2738 condonare,
2980 2686 3154 2722 suum
3178 2671 3569 2722 strumentum
3592 2682 3682 2721 se-

2012 2762 2268 2815 cundum
2297 2761 2489 2831 legem
2526 2759 2775 2813 Salicem
2824 2759 3119 2813 licentiam
3151 2758 3363 2812 habeat
3409 2756 3674 2828 alligare.

2010 2849 2379 2920 Quapropter
2400 2849 2671 2902 noverint
2693 2864 2898 2902 omnes
2922 2847 3147 2914 tideles,
3172 2850 3484 2916 presenles
3506 2862 3575 2899 ac
3596 2844 3682 2899 fu-

2012 2938 2147 3007 turi,
2182 2937 2502 3007 pontiﬁcali
2549 2937 2893 2991 auctoritate
2930 2937 3043 2990 hoc
3074 2936 3409 3004 episcopale
3435 2933 3679 3004 privile-

2013 3028 2175 3098 gium
2207 3028 2609 3081 constructum
2637 3042 2668 3077 a
2691 3028 3008 3078 memorato
3025 3040 3169 3093 rege
3200 3023 3591 3090 Theoderico,
3616 3024 3678 3074 ut

2010 3115 2428 3169 inviolabiliter
2459 3116 2848 3167 conservetur
2877 3113 2949 3165 ab
2983 3111 3265 3166 hodierno
3297 3111 3390 3164 die
3420 3113 3477 3164 et
3507 3109 3677 3163 dein-

2012 3220 2175 3274 ceps.
2196 3204 2306 3257 Per
2325 3202 2721 3272 pontificalem
2733 3202 3136 3254 auctoritatem
3151 3215 3357 3253 omnes
3372 3198 3676 3253 seculares

2011 3296 2068 3347 et
2087 3291 2438 3362 judiciarias
2459 3292 2780 3360 potestates
2803 3288 3173 3342 excludimus
3197 3301 3547 3355 omnemque
3569 3285 3679 3339 cla-

2011 3396 2234 3435 morem
2248 3384 2302 3435 et
2316 3394 2545 3433 omnem
2565 3378 2931 3431 invasionem
2950 3377 3022 3431 ab
3038 3376 3308 3431 aeeclesia
3323 3380 3545 3429 sanctae
3559 3374 3677 3428 Ma-

2010 3471 2116 3523 riae
2150 3466 2559 3522 Atrebatensis
2592 3466 2844 3520 civitatis
2873 3484 2885 3530 ;
2919 3465 3023 3519 sed
3066 3468 3128 3518 ut
3172 3464 3347 3519 liceat
3376 3463 3679 3518 canonicis

2015 3559 2134 3613 Deo
2153 3558 2297 3612 inibi
2317 3557 2734 3611 famulantibus
2751 3572 2825 3609 ex
2846 3555 2959 3609 hoc
2981 3558 3037 3609 et
3057 3554 3116 3608 in
3139 3555 3429 3624 reliquum
3445 3556 3679 3622 tempus

2015 3649 2209 3721 quiete
2241 3647 2462 3713 vivere,
2488 3647 2559 3699 ab
2584 3644 2742 3699 omni
2765 3643 3058 3697 mundano
3083 3643 3331 3713 strepitu
3348 3644 3682 3712 sequestra.

2014 3755 2168 3792 mus.
2202 3737 2263 3791 Si
2296 3738 2488 3789 autem
2518 3734 2653 3787 talis
2684 3733 2940 3787 extiterit
2960 3748 3160 3800 causa,
3195 3735 3255 3784 ut
3283 3743 3680 3785 successores

2013 3826 2203 3881 nostri
2227 3824 2493 3895 precaria
2512 3823 2603 3877 vel
2623 3822 2908 3876 beneficia
2931 3822 3003 3875 de
3032 3822 3210 3875 rebus
3229 3821 3299 3873 ad
3325 3819 3680 3873 clericorum

2013 3932 2187 3970 usum
2207 3913 2633 3985 pertinentibus
2647 3914 2880 3980 patrare
2903 3900 3230 3976 maluerint,
3249 3909 3360 3963 hoc
3375 3907 3680 3962 interdici-

2012 4021 2164 4061 mus.
2188 4002 2507 4058 lnterdietu
2526 4001 2696 4055 etiam
2719 3999 3106 4053 anathematis
3128 4000 3185 4051 et
3206 3996 3524 4067 pontificali
3542 4011 3681 4049 auc-

2009 4094 2240 4149 toritate
2291 4090 2648 4155 stabilimus,
2682 4092 2745 4142 ut
2774 4089 2967 4156 ipsum
2991 4087 3416 4140 monasterium
3434 4100 3569 4138 cum
3584 4083 3682 4138 his

2012 4183 2191 4250 villis,
2227 4179 2501 4233 Belrenio
2535 4177 2667 4245 (85),
2702 4176 3078 4229 Medonivilla
3101 4173 3386 4243 (86)inter
3402 4174 3512 4227 has
3536 4174 3684 4227 duas

2010 4270 2185 4324 villas
2218 4282 2460 4322 mansos
2473 4266 2605 4335 (60),
2624 4264 2884 4318 culturas
2906 4263 2991 4332 ll,
3009 4261 3317 4315 aecclesias
3331 4261 3362 4313 2
3378 4276 3510 4314 cum
3525 4259 3683 4313 omni

2012 4361 2146 4414 dote
2204 4360 2259 4411 et
2316 4353 2590 4409 omnibus
2656 4350 3043 4422 appenditiis,
3112 4348 3301 4419 Aquis
3364 4344 3506 4388 92-30
3567 4348 3681 4417 (8'7)

2011 4449 2071 4502 in
2155 4461 2306 4518 pago
2378 4442 2767 4496 Atrebatense
2851 4455 2984 4493 cum
3077 4437 3351 4492 aeeclesia
3420 4439 3478 4491 et
3544 4437 3680 4491 dote

2013 4552 2121 4591 seu
2170 4533 2443 4588 omnibus
2494 4528 2867 4601 appenditiis,
2920 4526 3344 4582 Friscinicurte
3387 4526 3499 4597 (88)
3548 4540 3686 4579 cum

2013 4624 2288 4681 omnibus
2354 4619 2739 4691 appenditiis,
2800 4618 3032 4672 Batzala
3091 4616 3203 4687 (89)
3276 4632 3409 4669 cum
3467 4614 3682 4668 recole-

2014 4716 2103 4769 sia
2156 4716 2214 4767 et
2278 4709 2555 4765 omnibus
2624 4705 2759 4777 ejus
2834 4705 3185 4775 appenditiis
3261 4704 3491 4758 Berleta
3543 4701 3685 4773 (90)

2015 4820 2148 4859 cum
2223 4799 2501 4855 omnibus
2576 4794 2966 4867 appenditiis,
3027 4792 3277 4864 Squasia
3348 4789 3492 4862 (91)
3552 4806 3686 4847 cum

1553 4918 1844 4981 νΑΒιίΕ
1889 4917 2254 4982 LECTION
2261 4914 2358 4976 ES

301 5015 437 5060 εει-³ο
465 5018 831 5090 Aquisgrani
864 5018 913 5073 1.
948 5020 1076 5074 sed.
1111 5021 1283 5092 grani
1314 5037 1550 5076 erasum
1583 5029 1695 5077 est.

1820 5122 2098 5183 NOT/E.

306 5213 419 5289 (84)
451 5214 1141 5289 Νοιιμοει-Ροωωθνθιιιλ
1184 5218 1290 5273 sed
1332 5218 1795 5289 Saint-Souplet,
1846 5221 1907 5275 in

235 5285 412 5356 cujus
467 5284 770 5358 territorio
819 5300 965 5356 ager
1010 5288 1246 5358 quidam
1289 5290 1482 5345 adhuc
1533 5284 1904 5346 Pouimereul

231 5354 495 5411 vocatur.
531 5357 618 5410 La
656 5354 839 5410 Gen.

302 5427 416 5499 (85)
456 5427 807 5499 Beaurains.
842 5425 1019 5481 Com.

305 5500 321 5557 ί
326 5498 416 5565 86)
455 5498 833 5569 Moyenville.
868 5499 931 5552 Ο.

306 5569 419 5643 (δῖ)
461 5568 1049 5643 τξὶχ-Ιθε-Ιεῖδῐηρρῖικ.
1083 5570 1147 5625 C.

306 5642 419 5715 (88)
460 5640 873 5698 Fresincourt.
907 5640 971 5696 C.

633 5738 928 5805 ΡΑτιῑοι..
970 5739 1254 5804 CXLIX.

2088 5217 2203 5287 (89)
2241 5218 2533 5272 Basseux.
2567 5214 2630 5268 C.

2090 5280 2203 5357 (90)
2244 5289 2498 5343 Berlette
2535 5282 2797 5357 (arrond.
2828 5282 3193 5357 Saint-Ppl.),
3221 5283 3327 5357 sed
3348 5281 3427 5336 nil
3450 5280 3532 5357 ibi
3562 5295 3695 5357 pos-

2020 5352 2215 5413 sident
2261 5358 2525 5423 canonici
2548 5352 2554 5354 “
2574 5354 3017 5409 Atrebatenses.
3054 5353 3400 5425 Legendum
3420 5352 3687 5425 ivid‘etur,

2022 5430 2179 5501 quod
2204 5431 2261 5484 in
2283 5426 2838 5501 codicesrecentior
2861 5441 3069 5501 manus
3092 5422 3686 5501 correxit,§oy1_etta,

2024 5495 2230 5570 Boille,
2287 5501 2461 5571 cujus
2508 5498 2668 5571 bagi,
2701 5498 2853 5571 inter
2898 5496 3240 5571 Atrebatum
3284 5499 3340 5571 et
3377 5495 3689 5571 Bapalmas

2026 5573 2123 5627 siti
2158 5564 2476 5627 dominium
2508 5564 2686 5624 habet
2716 5569 3033 5639 capitulum
3064 5567 3475 5621 Atrebatense.
3507 5564 3576 5621 C.

3217 5734 3257 5794 2
