4098 6196
377 397 458 460 43
1276 395 1550 458 GESTA
1586 392 2120 457 PONTIFICUM
2169 391 2348 455 CAM
2358 391 2907 456 ERACENSIUM
3558 432 3566 440 -
3730 397 3813 460 44

378 596 651 652 aecclesia
711 600 767 651 et
823 596 956 650 dote
1025 598 1083 649 et
1135 596 1411 650 omnibus
1467 595 1601 666 ejus
1660 594 2033 666 appenditiis,
2067 574 2345 661 Atiente,
2374 593 2603 647 inferno
2625 593 3001 663 perfruantur
3028 596 3155 649 sine
3177 595 3648 666 gaudio.Amen.
3683 596 3810 668 Ego

377 688 490 741 Ors
544 684 693 755 (92)
749 700 882 739 cum
941 685 1214 739 omnibus
1282 684 1664 755 appenditiis,
1725 683 2037 737 Sautscido

376 773 490 845 (93)
542 790 674 828 cum
724 774 853 827 suis
901 773 1274 843 appenditiis,
1327 773 1696 827 Radonivilla
1744 770 1858 840 (94)
1908 787 2039 825 cum

376 865 711 918 molendino
754 878 870 915 uno
916 878 1099 931 super
1144 862 1500 916 Crientionis
1553 861 1854 914 fluviolum
1904 860 2034 928 (95),

379 953 491 1007 alio
506 952 839 1009 molendino
852 951 911 1004 in
926 951 1226 1004 Dominica
1247 954 1408 1005 curte
1432 948 1565 1019 (96),
1586 949 1882 1003 Maraculo
1904 947 2036 1018 (9'7),

378 1058 511 1095 cum
534 1042 885 1111 integritate,
912 1040 1183 1093 aacclesia
1203 1056 1335 1093 cum
1357 1040 1508 1101 dote,
1537 1038 1937 1092 decimancula
1990 1034 2039 1077 3i

378 1132 439 1184 in
476 1129 705 1183 Rodulﬁ
738 1133 902 1183 curte
932 1128 1063 1197 (98),
1096 1129 1368 1181 similiter
1397 1130 1454 1181 in
1490 1128 1763 1181 Vinziaco
1811 1125 1865 1167 32
1906 1124 2039 1195 (99),

379 1235 454 1273 ex
472 1219 756 1273 hodierno
770 1218 862 1270 die
880 1222 935 1271 et
950 1219 1007 1270 in
1023 1218 1316 1287 reliquum
1329 1219 1561 1286 tempus
1581 1217 1658 1269 sit
1675 1216 1735 1269 in
1754 1220 2044 1286 potestate

381 1308 801 1362 canonicorum
839 1306 899 1359 in
941 1307 1071 1374 ipso
1108 1306 1465 1358 monasterio
1505 1305 1625 1358 Deo
1658 1305 2045 1358 servientium

380 1396 505 1451 Nec
526 1396 740 1465 aliquis
761 1397 1064 1464 presumat
1085 1386 1161 1447 ex
1183 1393 1276 1446 his
1300 1409 1432 1462 qua
1462 1393 1740 1463 diximus,
1762 1409 1895 1463 quae
1919 1409 2045 1448 me-

380 1489 647 1539 moratus
678 1483 915 1537 inclitus
946 1497 1051 1536 rex
1087 1482 1157 1536 de
1197 1483 1379 1536 rebus
1416 1482 1673 1552 propriis
1710 1486 1764 1536 et
1802 1482 1875 1539 de
1914 1484 2045 1537 aliis

379 1589 487 1643 per
507 1573 706 1643 regale
738 1574 1082 1641 preceptum
1105 1572 1293 1625 eidem
1316 1570 1447 1625 loco
1471 1571 1765 1642 delegavit
1788 1572 1860 1625 ad
1895 1587 2045 1641 opus

382 1662 754 1728 clericorum,
796 1659 1018 1714 inferre
1052 1660 1309 1731 aliquam
1342 1660 1693 1729 molestiam,
1738 1660 1845 1714 sed
1876 1661 2046 1715 liceat

381 1751 469 1805 eis
488 1751 683 1820 quiete
706 1748 900 1803 omnia
922 1748 1255 1817 possidere,
1281 1764 1397 1819 quo
1417 1749 1649 1802 valeant
1672 1750 1916 1804 liberius
1938 1766 2044 1819 pro

380 1854 525 1909 pace
542 1838 774 1891 Sanctae
789 1837 893 1890 Dei
912 1837 1184 1891 ecclesiae
1206 1846 1261 1892 et
1282 1838 1399 1891 vita
1423 1839 1583 1909 regis
1607 1841 1662 1891 et
1680 1838 1957 1910 conjugis
1976 1855 2044 1893 ac

2147 681 2450 735 Johannes
2470 698 2618 752 papa
2641 682 2753 736 hoc
2770 683 3143 754 privilegium
3164 700 3193 736 a
3215 700 3342 738 mea
3362 688 3649 753 parvitate
3673 687 3811 740 edi-

2148 773 2269 824 tum
2284 770 2510 824 ﬁrmavi
2527 787 2595 824 ac
2613 772 2909 825 roboravi.
2936 772 3061 843 Ego
3077 773 3340 827 Marinus
3364 774 3624 828 vicarius
3648 775 3813 829 sedis

2150 860 2489 928 apostolica:
2526 860 2753 913 ﬁrmavi
2790 875 2857 913 ac
2893 860 3191 915 roboravi.
3232 861 3356 931 Ego
3393 863 3663 918 Andreas
3695 864 3816 933 epi-

2151 962 2372 1016 scOpus
2395 948 2751 1017 subscripsi.
2779 948 2904 1019 Ego
2938 949 3294 1003 Bonibertus
3325 951 3643 1021 episcOpus
3676 953 3820 1007 sub~

2152 1036 2391 1106 scripsi.
2434 1036 2561 1107 Ego
2610 1037 2964 1092 Laurentius
2998 1036 3391 1108 cpiscopus3‘
3455 1041 3812 1110 subscripsi.

2152 1125 2277 1196 Ego
2300 1125 2749 1179 Pedelbrandus
2772 1128 3093 1197 episcopus
3117 1128 3474 1198 subscripsi.
3500 1128 3627 1199 Ego
3651 1129 3818 1183 Nau-

2152 1221 2246 1268 tor
2280 1215 2600 1284 episcopus
2634 1215 2996 1284 subscripsi.
3026 1215 3153 1287 Ego
3195 1216 3456 1271 Hilarius
3498 1218 3818 1286 episcopus

2153 1304 2512 1373 subscripsi.
2547 1303 2674 1375 Ego
2696 1305 3076 1358 Constantius
3099 1305 3419 1375 episcopus
3460 1306 3818 1376 subscripsi.

2154 1393 2281 1464 Ego
2301 1393 2587 1447 Martinus
2627 1393 2946 1462 episcopus
2986 1395 3342 1465 subscripsi.
3383 1393 3510 1466 Ego
3540 1395 3776 1449 Christo
3800 1425 3821 1435 ο

2153 1482 2378 1550 phorus
2397 1481 2715 1552 episcopus
2738 1483 3093 1553 subscripsi.
3120 1483 3245 1554 Ego
3265 1484 3522 1538 Thomas
3564 1484 3767 1554 episco
3791 1513 3822 1524 -

2152 1588 2268 1642 pus
2282 1571 2638 1642 subscripsi.
2659 1571 2784 1642 Ego
2799 1570 2963 1626 Felix
2976 1572 3294 1642 episc0pus
3310 1573 3666 1643 subscripsi.
3694 1572 3822 1644 Ego

2154 1661 2463 1714 Audoinus
2484 1660 2974 1731 archiepiscopus
3000 1661 3355 1731 subscripsi.
3390 1661 3517 1733 Ego
3554 1664 3772 1716 Austre
3795 1691 3827 1702 -

2156 1749 2373 1821 gisilus
2386 1750 2706 1819 episcopus
2720 1750 3075 1819 subscripsi.
3093 1750 3219 1822 Ego
3237 1751 3648 1822 Ravengarius
3677 1751 3830 1820 epis-

2159 1854 2344 1908 copus
2365 1838 2721 1908 subscripsi.
2750 1838 2875 1910 Ego
2899 1839 3160 1893 Silvinus
3179 1840 3498 1909 episcopus
3522 1839 3829 1909 subscrip-

379 1927 634 1981 ﬁliorum
656 1941 725 1979 ac
742 1929 896 1980 statu
919 1926 1107 1997 regni,
1130 1926 1359 1979 Domini
1384 1926 1751 1981 clementiam
1770 1944 2039 1984 exorare.
2076 1912 2125 1975 Β
2160 1926 2232 1980 si.
2256 1926 2381 1999 Ego
2406 1927 2815 1998 Leodegarius
2838 1929 2910 1981 ab
2930 1928 3107 1997 impio
3123 1928 3325 2000 judice
3347 1928 3604 1983 Ebroino
3623 1927 3827 1982 cathe-

381 2016 443 2070 Si
463 2014 598 2085 quis
622 2010 763 2068 vero
795 2014 1147 2069 observator
1187 2014 1368 2086 hujus
1400 2016 1694 2087 privilegii
1722 2033 1755 2070 a
1783 2018 1957 2072 nobis
1989 2017 2047 2061 63

385 2103 523 2157 editi
555 2103 829 2172 extiterit,
864 2103 1111 2172 accipiat
1142 2103 1473 2158 mercedem
1504 2120 1537 2157 a
1565 2105 1830 2175 Domino,
1865 2109 1921 2161 et
1945 2109 2044 2163 be-

383 2192 775 2246 nedictionem
798 2209 830 2244 a
850 2191 1023 2246 vobis
1045 2191 1191 2245 etab
1216 2192 1491 2246 omnibus
1514 2194 1687 2247 nobis
1707 2194 1763 2247 in
1786 2200 2049 2265 presenti

384 2282 523 2349 vita,
565 2283 622 2334 et
652 2281 712 2333 in
740 2281 937 2334 futura
972 2281 1151 2334 vitam
1191 2284 1491 2348 aeternam,
1529 2297 1718 2336 amen.
1762 2282 1871 2348 Qui
1908 2301 2050 2341 vero

385 2373 611 2425 nostrae
632 2370 962 2423 auctoritati
981 2369 1477 2439 parvipenderint,
1499 2373 1555 2423 et
1575 2371 1725 2426 hanc
1743 2374 2051 2442 pontiﬁca-

385 2458 499 2513 lem
523 2457 927 2512 auctoritatem
946 2473 1121 2512 manu
1141 2461 1347 2512 nostra
1371 2459 1708 2513 roboratam
1729 2461 2054 2535 infringere

385 2553 702 2621 voluerint,
728 2552 862 2606 inde
886 2552 1203 2625 dirigimus
1226 2554 1298 2607 ad
1318 2558 1580 2608 vestram
1603 2555 1973 2612 clementiam
1996 2563 2059 2614 ut

389 2645 547 2715 quod
570 2660 603 2696 a
625 2641 800 2697 nobis
821 2642 1164 2696 roboratum
1188 2645 1308 2711 est,
1335 2644 1547 2698 stabile
1567 2646 1917 2713 permittatis
1941 2664 2057 2703 non

390 2733 583 2787 solum
603 2747 634 2785 a
656 2731 847 2798 vobis,
870 2730 976 2784 sed
999 2732 1071 2785 ab
1094 2732 1368 2786 omnibus
1392 2734 1614 2787 nostris
1637 2736 1940 2806 episcopis
1960 2739 2059 2809 qui

390 2824 527 2876 sunt
548 2835 694 2892 erga
715 2835 845 2874 vos.
872 2820 1032 2873 Deus
1057 2821 1430 2889 omnipotens
1448 2863 1461 2890 ,
1487 2822 1586 2893 qui
1610 2823 1886 2878 cathedra
1912 2826 2011 2880 uni
2031 2858 2059 2867 -

390 2912 527 2964 tatis
541 2909 870 2964 doctrinam
889 2908 1087 2977 posuit
1104 2909 1393 2979 veritatis,
1414 2910 1587 2964 faciat
1608 2927 1718 2966 vos
1740 2929 2059 2969 memorem

392 2999 935 3068 intellectoremque
960 2999 1075 3067 sui,
1099 2997 1443 3070 placeatque
1466 2999 1638 3053 vobis
1661 3005 1898 3072 propter
1926 3018 2060 3058 eum

394 3091 452 3142 in
474 3087 842 3143 orationibus
863 3086 1084 3141 vestris
1106 3087 1450 3141 meminisse
1473 3087 1646 3142 etiam
1667 3091 1801 3145 mei.
1831 3115 1852 3140 ι
1868 3123 1937 3132 -
1960 3094 2058 3147 At-
2106 3116 2112 3121 ·

394 3177 493 3231 ille
518 3192 530 3231 :
563 3197 584 3226 ι
613 3176 960 3230 Vindiciano
979 3191 1110 3229 cum
1135 3177 1511 3247 coepiscopis
1533 3179 1890 3250 degentibus
1912 3182 2058 3236 Gal-

2160 2017 2263 2071 dra
2277 2015 2803 2087 Augustidunense
2822 2017 3130 2087 depositus
3154 2018 3372 2087 scripsi
3391 2021 3447 2072 et
3468 2017 3831 2087 subscripsi-

2160 2106 2304 2159 Data
2325 2105 2378 2161 8.
2398 2105 2537 2159 Idus
2562 2104 2727 2173 Mari,
2752 2121 2903 2159 anno
2925 2104 2977 2160 7.
3000 2106 3167 2176 regni
3187 2106 3407 2160 domini
3430 2107 3619 2160 nostri
3640 2106 3831 2160 Theo-

2161 2194 2347 2249 dorici
2367 2194 2552 2265 regis,
2580 2194 2898 2248 indictione
2920 2192 2953 2247 2
2982 2195 3099 2262 (an.
3122 2195 3267 2263 685).
3294 2193 3420 2265 Ego
3452 2194 3831 2248 Vinditianus

2162 2286 2481 2354 episcopus
2499 2282 2683 2353 jussu
2703 2284 2922 2337 domini
2945 2283 3295 2338 Theoderici
3338 2285 3503 2355 regis
3537 2285 3594 2337 et
3623 2285 3833 2354 rogatu

2162 2373 2452 2428 Johannis
2473 2373 2687 2427 summi
2710 2372 3006 2441 pontiﬁcis
3030 2373 3250 2443 scripsi
3268 2374 3324 2427 et
3348 2372 3703 2441 subscripsi.

2234 2463 2323 2516 2'7.
2357 2460 2511 2533 (26.)
2552 2462 2714 2529 Quod
2751 2462 2842 2514 vir
2873 2461 3094 2515 domini
3135 2461 3531 2530 Vinditianus,
3565 2460 3838 2515 adhibito

2165 2567 2362 2608 secum
2391 2552 2454 2607 S.
2495 2551 2842 2619 Lantberto,
2862 2551 2923 2603 in
2956 2549 3095 2604 villa
3117 2549 3483 2605 Hunolcorth
3504 2549 3838 2604 {ecclesiam

2168 2643 2564 2699 consecravit.
2606 2642 2883 2695 Preterea
2920 2655 3066 2694 vero
3090 2639 3243 2693 idem
3284 2640 3547 2709 prefatus
3571 2635 3839 2708 pontifex

2169 2733 2542 2786 Vinditianus
2578 2731 2637 2784 in
2671 2730 2803 2783 vico
2840 2730 2959 2800 qui,
2994 2746 3027 2783 a
3062 2729 3203 2783 sede
3244 2728 3672 2782 Cameracense
3712 2726 3838 2780 fere

2170 2824 2397 2892 septem
2419 2821 2662 2874 milibus
2686 2819 2937 2887 distans,
2964 2817 3317 2872 vocabulum
3340 2817 3669 2871 Hunolcurt
3691 2814 3840 2885 (100)

2170 2912 2242 2966 ab
2265 2910 2525 2981 antiquis
2545 2909 2792 2978 accepit,
2816 2907 3261 2975 monasterium,
3288 2905 3601 2961 accereitis
3635 2919 3841 2959 secum

2170 3015 2290 3055 non
2300 2998 2508 3070 paucis
2523 2996 2898 3067 coepiscopis
2916 3010 3149 3067 unaque
3164 2995 3335 3049 etiam
3357 2995 3527 3049 beato
3550 2993 3840 3047 Lantber-

2172 3093 2230 3143 to
2269 3088 2651 3143 Leodecense
2688 3087 2926 3140 martire
2960 3084 3466 3154 preciossissimo,
3504 3083 3579 3137 ad
3605 3081 3843 3136 laudem

2175 3178 2283 3232 Dei
2304 3180 2360 3231 et
2377 3177 2815 3231 venerationem
2837 3174 3203 3228 sanctiPetri
3225 3172 3616 3241 consecravit,
3642 3171 3845 3242 ibique

395 3267 606 3320 liarum
638 3265 857 3319 ﬁnibus
898 3265 1216 3319 fraternam
1242 3266 1637 3322 visitationem
1668 3272 1725 3323 et
1758 3276 2061 3339 paternam
2095 3256 2147 3319 Ο
2180 3267 2431 3322 clericos
2445 3263 2993 3319 etsanctimoniales
3017 3263 3335 3317 constituit.
3356 3263 3570 3315 Postea
3592 3275 3734 3314 vero
3752 3260 3846 3313 vir

394 3355 889 3410 benedictionem.
932 3353 1145 3407 Audite
1189 3356 1541 3409 sententiam
1578 3372 1753 3427 quam
1806 3359 1959 3414 dico.
2002 3360 2065 3415 Si

398 3444 533 3512 quis
557 3444 628 3496 de
642 3442 1104 3496 successoribus
1123 3442 1365 3512 vestris,
1390 3445 1483 3497 vel
1503 3459 1702 3500 comes
1721 3463 1831 3501 seu
1851 3449 2070 3518 cupidi-

401 3537 491 3583 las
508 3530 776 3600 judicum
798 3533 895 3583 aut
916 3530 1032 3582 ulla
1060 3530 1328 3600 opposita
1357 3546 1615 3600 persona
1639 3575 1653 3602 ,
1687 3535 1838 3589 hanc
1870 3537 2019 3592 dona
2040 3568 2070 3577 -

398 3619 619 3674 tionem
641 3619 736 3672 vel
758 3618 1259 3673 conﬁrmationem
1282 3659 1295 3687 ,
1320 3635 1495 3690 quam
1513 3638 1617 3690 pro
1642 3624 1747 3678 Dei
1772 3626 1983 3683 intuitu
2017 3634 2073 3684 et

402 3723 603 3763 amore
625 3708 824 3762 divino
848 3707 975 3761 ﬁeri
1004 3707 1098 3761 vel
1126 3707 1364 3763 ﬁrmare
1396 3710 1775 3785 decrevistis,
1806 3716 2069 3775 minuere

404 3801 501 3853 aut
522 3813 555 3851 a
574 3797 705 3851 loco
728 3795 1059 3851 distrahere
1085 3797 1355 3852 maluerit
1379 3814 1390 3853 :
1419 3801 1744 3869 apostolica
1779 3808 2071 3862 sententia

404 3887 771 3955 damnamus,
797 3888 852 3940 et
871 3900 979 3955 per
1000 3884 1393 3954 pontiﬁcalem
1425 3890 1831 3946 auctoritatem
1856 3907 1889 3947 a
1920 3895 2067 3950 limi-

402 3974 581 4031 nibus
602 3974 833 4029 Sanetaa
852 3973 958 4028 Dei
981 3974 1271 4029 aecclesiae
1295 3981 1764 4050 sequestramus,
1786 3983 1844 4036 et
1862 4000 1894 4037 a
1916 3990 2070 4041 coetu

399 4078 799 4146 supernorum
814 4078 1229 4135 segregamus,
1247 4066 1345 4118 eta
1357 4080 1544 4136 regno
1560 4066 1662 4121 Dei
1676 4069 2066 4129 excludimus:

410 4152 600 4208 sancti
616 4151 777 4207 Petri
796 4151 1307 4222 Christijanitoris
1331 4156 1502 4225 atque
1526 4156 1809 4229 clavigeri
1831 4160 2070 4218 celestis

408 4241 583 4314 regni
600 4241 913 4296 interdictu
934 4241 1363 4313 interdicimus,
1389 4247 1600 4299 etcum
1619 4246 1651 4300 J
1659 4246 1770 4300 uda
1789 4250 2071 4308 traditore

409 4331 630 4387 domini
651 4331 841 4387 nostri
863 4330 1007 4385 Jesu
1038 4331 1256 4386 Christi
1287 4336 1447 4388 sorte
1477 4337 1890 4408 permittimus,
1927 4344 1988 4394 ut
2012 4341 2072 4394 in

410 4422 502 4475 die
518 4420 730 4493 judicii
753 4436 885 4475 cum
907 4419 1140 4476 diabolo
1159 4424 1215 4476 et
1236 4422 1524 4478 ministris
1547 4424 1680 4496 ejus
1702 4468 1715 4494 ,
1742 4426 1901 4482 luctu
1923 4444 2070 4499 qua-

2180 3356 2412 3411 Domini
2432 3356 2490 3410 in
2513 3354 2651 3407 villa
2672 3353 2845 3407 Savia
2867 3351 3063 3420 (101),
3091 3366 3201 3405 suo
3224 3350 3501 3404 videlicet
3521 3349 3723 3419 predio
3738 3389 3752 3418 ,
3786 3348 3844 3402 in

2181 3445 2435 3500 oratorio
2456 3444 2558 3515 qui
2576 3444 2691 3497 lem
2714 3441 2903 3496 sancti
2922 3440 3152 3494 Martini
3174 3439 3513 3510 aliquandiu
3535 3453 3849 3492 conversa-

2180 3539 2297 3604 tus,
2321 3534 2511 3588 sacris
2528 3548 2769 3602 operum
2788 3530 3023 3585 indiciis
3037 3546 3153 3585 non
3166 3545 3371 3598 parum
3391 3528 3701 3595 claruerat,
3725 3542 3851 3580 cre-

2180 3625 2543 3694 berimisque
2567 3620 3080 3687 collocutionibus,
3103 3618 3608 3673 exhortationibus
3628 3659 3642 3684 ,
3665 3629 3812 3685 apos
3830 3645 3851 3655 -

2182 3710 2912 3783 tolieispredicationibus,
2934 3706 3307 3763 multosinibi
3326 3706 3395 3760 ad
3418 3721 3682 3760 normam
3707 3704 3845 3758 vitae

2185 3804 2444 3859 salubris
2466 3799 2869 3870 exequendam
2901 3797 3258 3852 excitaverat
3294 3793 3365 3849 35.
3401 3792 3536 3865 (27.)
3572 3794 3846 3848 Veterem

2182 3909 2324 3949 vero
2344 3891 2635 3945 kartulam
2659 3889 2717 3942 in
2739 3887 2980 3941 archivo
3003 3885 3293 3940 aecclesiae
3317 3884 3507 3939 sancti
3537 3882 3847 3937 Huntberti

2182 3983 2534 4054 reperimus,
2551 3977 2850 4050 quamsub
2863 3976 3165 4046 presentia
3178 3977 3235 4028 et
3256 3974 3459 4028 favore
3483 3972 3663 4044 hujus
3686 3988 3856 4026 sanc-

2181 4073 2220 4127 ti
2238 4068 2673 4142 pontiﬁcisipse
2686 4067 2779 4120 vir
2803 4068 3047 4120 sanctus
3075 4066 3213 4117 tunc
3242 4063 3527 4135 temporis
3548 4061 3755 4130 abbas,
3780 4060 3852 4114 de

2181 4162 2320 4216 villa
2337 4153 2776 4226 Maceriis(lO2)
2799 4152 3153 4224 scripsit,ita
3168 4167 3234 4206 se
3262 4148 3646 4206 habentem36
3681 4166 3693 4203 :
3731 4170 3753 4196 α
3787 4146 3855 4202 12

2184 4266 2336 4305 anno
2360 4248 2530 4320 regni
2562 4244 2782 4300 domini
2813 4243 3003 4298 nostri
3027 4240 3342 4296 Childerici
3370 4240 3619 4312 gloriosi
3651 4239 3816 4310 regis
3838 4279 3850 4303 ,

2184 4326 2272 4393 15.
2296 4336 2593 4392 Kalendas
2613 4333 2837 4403 Aprilis
2878 4330 2928 4373 37
2952 4333 3068 4397 (an.
3094 4328 3239 4398 6'72).
3262 4329 3389 4400 Ego
3412 4329 3471 4382 in
3494 4328 3601 4382 Dei
3616 4328 3856 4383 nomine

2183 4426 2593 4483 Chonebertus
2630 4419 2702 4491 33,
2730 4422 2846 4477 etsi
2862 4420 3144 4490 indignus
3161 4421 3462 4488 peccator,
3484 4418 3755 4488 cogitans
3779 4415 3854 4469 de

1710 4525 1995 4588 VARIIE
2035 4522 2531 4588 LECTIONES.

481 4598 531 4641 3t
577 4598 806 4654 decima
824 4599 938 4652 cui.
960 4597 1010 4651 1.
1035 4594 1089 4640 ³³
1127 4615 1176 4653 s.
1199 4600 1548 4656 uiuinziaco.
1576 4601 1626 4657 1.
1651 4604 1704 4658 3.
1726 4605 1777 4659 4.
1802 4607 1853 4659 5.
1874 4607 1935 4659 in
1953 4609 2199 4663 unziaco
2216 4608 2268 4662 2.
2288 4603 2342 4648 33
2361 4603 2535 4659 uobis
2560 4603 2610 4655 1.
2651 4599 2704 4642 34
2726 4600 2895 4656 deest
2915 4598 2964 4652 1.
3021 4595 3074 4638 35
3095 4596 3401 4667 Reliquam
3424 4595 3591 4666 cujus
3616 4592 3857 4667 eapitiis

408 4676 645 4757 partem
672 4677 879 4757 aucto:
907 4670 1037 4757 ipse
1056 4670 1129 4750 .in
1161 4670 1409 4757 scedula.
1433 4676 1963 4757 assutasupplevit

414 4685 645 4743 partem
672 4685 877 4724 auctor
907 4685 1037 4793 Ipse
1067 4687 1129 4723 In
1161 4685 1402 4725 scedula
1433 4685 1633 4728 assuta
1664 4685 1980 4747 supplevit,
2055 4696 2085 4734 ο

414 4742 780 4817 (erepant.
826 4740 915 4795 Re
940 4740 1065 4811 iqui
1114 4756 1322 4794 novam
1350 4741 1579 4817 lineam
1627 4746 1951 4817 incipiunt;

2089 4686 2145 4734 st
2178 4677 2541 4735 excitaverat
2568 4674 2802 4748 signum
2826 4692 2841 4725 :
2868 4684 3195 4748 apponens.
3221 4663 3593 4748 q'uodvinitio
3628 4663 3855 4748 scedu-

2100 4751 2163 4804 in
2212 4748 2485 4825 margine
2534 4736 2785 4825 scr'ipsit
2817 4759 2851 4825 ξ·
2879 4736 3123 4825 Videtur
3181 4736 3278 4825 hic
3309 4736 3555 4825 aliquid
3591 4736 3849 4825 “deesse.

421 4806 814 4889 Qplyeherius
860 4806 1071 4889 ιρρνὶίιη
1115 4816 1289 4889 paput
1335 4813 1567 4889 incipit,
1598 4806 1833 4889 _cu_i_'de
1875 4806 1980 4874 suo
2026 4820 2258 4875 titulum
2302 4806 2569 4889 praefixit
2612 4806 2683 4889 in:
2725 4813 2881 4889 nullo
2930 4812 3131 4867 codice
3157 4806 3451 4889 _ol_2_viu1_nf
3490 4806 3543 4889 36‘
3582 4807 3859 4889 Sequeris

419 4883 928 4958 diplomauexul}!
980 4882 1045 4937 S.
1090 4875 1496 4958 _Maricolen§i
1550 4875 1768 4958 sigillo
1810 4896 1878 4944 s.’
1920 4889 2239 4947 Humbertz
2299 4875 2561 4955 inunita,
2623 4885 3055 4958 Henseheguus
3096 4879 3317 4958 edidiu
3360 4879 3453 4958 in_
3501 4875 3693 4958 Actis:
3736 4875 3852 4958 SS.

420 4949 635 5030 Martii
674 4954 778 5021 III,
822 4953 1138 5030 560._t_mde
1178 4970 1287 5030 φυᾷ
1327 4972 1367 5030 a_
1401 4949 1964 5030 nostro'diﬁ‘erunt,
2008 4962 2380 5030 subjieimus,
2425 4966 2483 5012 ut
2523 4949 2782 5030 quaenam
2832 4955 2983 5010 ﬁdes
3030 4953 3166 5007 huic
3214 4949 3486 5006 habenda
3534 4949 3616 5004 sit
3665 4949 3728 5001 in
3778 4953 3859 5001 ta-

419 5004 920 5096 amandas;
934 5004 1144 5080 ’θὶῙὰ
1179 5004 1306 5080 ka.
1329 5004 2052 5087 λζ’ἆὲἐιῖηιᾟὲὶοῗέἐῖίῖέ

2161 5038 2325 5088 ertus
2346 5030 2502 5085 Mar.

1990 5128 2271 5193 NOTIE.

635 5227 922 5283 Ecoivres
935 5269 948 5283 .
978 5230 1045 5283 L.

491 5231 606 5371 (91%
635 5231 948 5283 Ecoivres.
978 5231 1045 5283 L.

491 5373 498 5375 ἓ
536 5300 570 5355 9
627 5300 647 5370 )
678 5298 814 5375 Qrs,
847 5315 1041 5375 prope
1062 5300 1339 5375 Castrum
1359 5301 1794 5375 Cameracesii;
1846 5307 1951 5362 sed
1998 5308 2080 5362 nil

420 5370 514 5427 ibi
532 5371 801 5440 possidet
830 5371 1166 5440 capitulum.
1202 5372 1264 5426 C.

493 5441 606 5518 (99)
638 5445 753 5518 Aut
783 5441 1311 5518 SathY-Capchy
1340 5446 1470 5501 sive
1498 5446 1732 5518 Sauchy
1754 5477 1774 5488 -
1791 5447 2045 5503 I’Estrée
2067 5491 2080 5518 ,

426 5518 524 5570 aut
553 5513 670 5570 Sus
701 5513 1117 5570 Saint-Lésrer.
1151 5514 1218 5569 L.

494 5585 608 5725 294)
644 5584 936 5666 Ronville.
971 5584 1033 5637 C.

530 5656 641 5725 95)
672 5657 755 5711 Le
786 5654 1033 5711 Crmcho

530 5654 641 5730 95)
672 5657 755 5711 Le
786 5654 1104 5730 Crinchon,
1138 5656 1302 5730 rivus
1332 5657 1676 5713 Atrebatum
1704 5677 2082 5730 percurrens,

425 5728 641 5785 ofﬁciis
671 5727 1041 5798 purpurariis
1070 5728 1438 5798 aptissimus,

425 5815 738 5857 manorum
765 5798 1018 5855 maxime
1050 5801 1314 5870 tempore
1345 5798 1690 5857 excellebat.

1514 5731 1688 5786 uibus
1721 5733 1929 5787 civitas
1964 5733 2085 5787 Ro-

2259 5235 2371 5306 (96)
2410 5233 2828 5306 Demencourt,
2871 5230 2929 5284 in
2974 5227 3264 5285 suburbio
3310 5224 3564 5282 civitatis
3610 5224 3857 5279 Atreba-

2186 5304 2396 5363 tensis.
2430 5304 2518 5360 C...

2281 5378 2372 5446 9'7)
2394 5375 2661 5442 Marmul,
2696 5374 2750 5427 d'
2787 5371 3050 5446 Atrebat.

2280 5443 2371 5517 98)
2405 5447 2806 5503 Roclincourt.
2841 5443 2909 5497 L.

2282 5517 2373 5589 99)
2403 5519 2639 5573 Onzain.
2675 5517 2738 5571 C.

2286 5581 2411 5660 100)
2447 5587 2867 5655 Honnecourt;
2901 5585 2976 5639 cf.
3012 5581 3203 5660 Il,_10.

2258 5651 2409 5731 (101)
2441 5660 2659 5714 Eadem
2690 5674 2823 5729 quae
2855 5651 3037 5731 supra
3069 5654 3348 5731 Squavia,
3384 5651 3690 5707 Ecoivres.

2261 5727 2409 5801 (102)
2443 5727 3046 5786 Maiziére-sur-Oise.
3082 5727 3148 5780 L.
