4098 6196
268 409 340 469 45
1630 402 1891 465 LIBER
1941 402 2282 466 PRdMUS.

3642 405 3721 469 46

274 607 368 661 Dei
385 606 586 660 timore
604 604 697 659 vel
721 604 925 659 aeterni
957 605 1098 659 boni
1120 604 1502 659 retributione
1537 618 1645 657 seu
1676 602 1917 657 abluen-
1959 582 2018 643 Α
2052 602 2222 656 Judae
2242 602 2544 657 Iscariotis
2567 604 2665 673 qui
2685 604 2993 659 Dominum
3016 604 3249 658 tradidit
3284 602 3409 659 ‘ﬁet
3429 621 3480 659 ει
3512 620 3716 660 emen-

272 695 356 749 dis
392 694 531 747 meis
569 695 861 763 peccatis;
904 693 1041 765 quia
1089 694 1229 748 dicit
1264 693 1602 763 Scriptura:
1653 714 1674 742 ‹
1720 693 1917 745 Facite

273 783 428 837 vobis
448 781 671 836 amicos
697 783 770 836 de
792 798 1123 837 mammona
1153 783 1496 853 iniquitatis,
1532 782 1629 853 qui
1659 798 1766 836 vos
1793 797 1919 852 per-

273 872 467 926 ducant
499 870 557 924 in
590 874 848 926 internas
880 872 1221 926 mansiones
1254 875 1621 936 sanctorum;
1651 886 1917 924 rursum-

266 976 367 1031 que
393 960 527 1014 dicit
551 978 564 1014 :
592 980 619 1009 α
646 960 842 1015 Facite
875 961 1046 1014 vobis
1075 976 1287 1015 saccos
1310 960 1649 1015 elemosinae
1674 961 1773 1030 qui
1802 975 1919 1014 non

266 1052 620 1103 veterascunt
670 1046 726 1090 39
750 1079 820 1089 —
846 1050 1065 1103 iccirco
1092 1050 1266 1119 dono,
1297 1051 1452 1121 quod
1492 1051 1919 1120 imperpetuum

263 1137 519 1191 donatum
541 1154 680 1192 esse
705 1139 841 1193 volo
860 1181 873 1207 ,
908 1139 979 1192 ad
1011 1142 1466 1193 sacrosanctum
1496 1140 1919 1193 monasterium

266 1226 405 1297 quod
429 1232 670 1281 vocatur
690 1227 1002 1282 Maricolas
1018 1269 1032 1297 ,
1067 1229 1222 1299 quod
1246 1228 1339 1281 vir
1357 1229 1609 1283 illustris
1631 1228 1921 1281 Huntber-

268 1321 352 1370 tus
380 1313 733 1386 “quondam
747 1332 859 1370 suo
874 1332 1051 1386 opere
1068 1318 1418 1386 construxit,
1435 1317 1536 1371 ubi
1559 1333 1671 1389 ego
1693 1317 1819 1387 ipse
1843 1317 1922 1370 in-

268 1405 468 1476 dignus
482 1409 765 1475 peccator
782 1405 969 1459 abbas
992 1422 1238 1475 preesse
1258 1408 1468 1461 videor
1495 1405 1543 1447 41
1566 1449 1579 1476 ,
1606 1422 1920 1460 consecra-

269 1498 373 1548 tum
404 1494 463 1547 in
488 1494 721 1548 honore
748 1500 969 1549 sanctae
1002 1496 1202 1550 Mariae
1231 1497 1437 1549 matris
1469 1496 1701 1550 Domini
1729 1496 1919 1550 nostri

266 1584 393 1637 Jesu
413 1582 637 1636 Christi
660 1587 717 1636 et
740 1582 941 1637 Sancti
956 1585 1115 1638 Petri
1133 1588 1187 1638 et
1209 1585 1375 1638 Pauli
1396 1585 1796 1655 apostolorum
1827 1600 1916 1638 ve-

264 1672 607 1742 reliquorum
632 1673 1004 1727 dominorum
1022 1674 1122 1743 qui
1140 1675 1198 1727 in
1216 1676 1344 1744 ipsa
1368 1675 1612 1729 basilica
1633 1690 1916 1729 veneran-

260 1760 619 1829 tur,situmin
637 1762 1266 1832 pagoFanomarcensi
1305 1764 1453 1833 (103)
1494 1780 1676 1833 super
1719 1764 1921 1819 ﬂuvio-

2053 693 2192 747 dare
2210 693 2479 761 noluerit,
2505 696 2685 747 mutet
2710 693 2867 747 Deus
2887 709 3131 747 sensum
3151 693 3285 763 ejus
3322 699 3376 747 et
3410 694 3468 747 in
3504 695 3602 749 illo
3625 702 3717 765 Ju-

2051 782 2205 838 dicio
2234 783 2477 852 recipiat
2512 784 2667 853 quod
2702 783 2960 836 Ananias
2994 786 3049 836 et
3085 782 3332 852 Saphira
3368 787 3717 852 receperunt

2050 873 2108 925 in
2148 873 2446 942 praesenti,
2492 876 2549 927 et
2586 872 2830 941 insuper
2867 872 3091 925 inserat
3133 872 3365 941 cogenti
3404 872 3547 925 fisco
3587 872 3716 926 auri

2049 960 2233 1015 libras
2252 962 2475 1029 decem,
2502 966 2557 1016 et
2579 962 2781 1016 decem
2805 961 3033 1032 argenti
3056 961 3248 1029 pondo
3273 964 3514 1014 coactus
3546 962 3712 1014 exsol

2048 1054 2144 1103 vat
2183 1048 2253 1104 47.
2275 1051 2398 1104 Nec
2422 1051 2636 1121 siquid
2659 1051 2888 1121 repetit,
2917 1051 3059 1104 nihil
3095 1048 3352 1104 “valeat
3390 1049 3711 1104 vindicare.

2046 1142 2101 1193 et
2123 1155 2353 1194 merces
2377 1143 2577 1193 nostra
2601 1141 2833 1193 inantea
2864 1139 3129 1208 proﬁciat
3155 1140 3226 1192 ad
3259 1138 3529 1192 salutem.
3560 1138 3631 1191 Et
3661 1139 3714 1192 si

2044 1228 2236 1299 aliqua
2256 1232 2597 1293 stramenta,
2624 1232 2720 1282 aut
2742 1229 3053 1283 anterioris
3075 1232 3173 1281 aut
3194 1228 3544 1297 posterioris
3568 1242 3713 1298 quo-

2043 1317 2183 1371 libet
2216 1318 2455 1388 ingenio
2489 1317 2582 1371 vel
2613 1321 2978 1387 argumento,
3020 1318 3089 1370 de
3130 1317 3365 1370 nomine
3407 1319 3612 1370 nostro
3649 1316 3711 1369 in

2040 1407 2392 1477 propinquis
2428 1407 2577 1459 meis
2610 1407 2697 1459 vel
2731 1409 3040 1459 extraneas
3075 1420 3366 1474 personas
3410 1404 3585 1458 fuerit
3612 1419 3709 1458 os-

2040 1499 2245 1548 tensus
2266 1500 2361 1549 aut
2376 1495 2492 1549 ullo
2505 1512 2698 1564 unqua
2710 1511 2762 1547 m
2776 1498 3035 1564 tempore
3050 1494 3405 1563 apparuerit,
3426 1494 3709 1546 falsarius

2038 1599 2176 1638 esse
2200 1588 2629 1656 cognoscatur,
2665 1588 2718 1638 et
2742 1585 2932 1637 inanis
2956 1587 3312 1653 permaneat.
3335 1581 3451 1636 Sed
3484 1580 3536 1621 49
3551 1597 3655 1650 pre
3674 1611 3704 1621 -

2038 1690 2182 1728 sens
2219 1673 2451 1728 donatio
2482 1690 2514 1726 a
2545 1690 2636 1726 me
2661 1674 2812 1725 facta
2842 1673 2999 1725 omni
3037 1675 3298 1741 tempore
3341 1670 3509 1723 firma
3532 1672 3589 1723 et
3612 1670 3696 1723 in-

2036 1763 2249 1817 violata
2275 1765 2628 1832 permaneat,
2666 1761 3038 1831 stipulatione
3072 1760 3326 1814 subnixa
3356 1759 3700 1816 idoneorum

264 1828 369 1902 lum
407 1851 505 1919 qui
536 1828 787 1904 vocatur
816 1850 1034 1919 Helpre
1077 1851 1224 1921 (104)
1267 1870 1277 1906 :
1315 1828 1443 1907 “hoc:
1469 1828 1585 1909 est-
1609 1850 1662 1894 *ἓ
1695 1828 2003 1923 partemB
2035 1828 2292 1920 testium,
2335 1852 2534 1906 domni
2575 1828 2846 1904 videlicet
2884 1849 3243 1903 Vindintiani
3297 1848 3559 1917 episcOpi
3588 1888 3601 1915 ,
3645 1851 3702 1901 et

261 1937 552 1991 maximam
574 1938 650 1993 de
683 1941 1074 2009 possessione
1097 1943 1299 1995 nostra
1337 1942 1394 1995 in
1421 1942 1558 1995 villa
1589 1946 1918 2011 nuncupata

260 2026 560 2095 Macerias,
604 2027 718 2081 sita
752 2028 810 2080 in
841 2043 993 2099 pago
1035 2030 1415 2084 Laudunensi
1452 2047 1636 2100 super
1676 2032 1916 2086 fluvium

258 2114 481 2183 lseram,
504 2131 684 2186 quam
697 2116 770 2170 de
793 2118 925 2170 avia
942 2133 1071 2171 mea
1096 2119 1215 2172 Deo
1238 2122 1468 2173 sacrata
1499 2120 1823 2174 Audeliana
1864 2118 1891 2161 4

259 2203 535 2273 quondam
562 2204 698 2259 dato
729 2207 930 2275 precio
961 2222 1068 2276 per
1099 2208 1455 2261 venditionis
1501 2208 1730 2263 titulum
1759 2225 1915 2263 com-

264 2292 469 2361 paravi,
486 2293 600 2346 hoc
619 2296 713 2347 est
726 2309 968 2349 mansos
987 2296 1336 2365 dominicos,
1352 2297 1451 2350 ubi
1466 2296 1594 2366 ipsa
1608 2297 1916 2351 Audiliana

262 2382 480 2447 mansit,
514 2384 611 2436 vel
637 2386 847 2451 postea
877 2398 988 2437 nos
1002 2384 1448 2453 edifieavimus,
1476 2391 1531 2439 et
1560 2387 1913 2440 terrationes

258 2468 409 2537 (105),
444 2475 499 2523 et
535 2486 751 2525 servos
784 2475 841 2526 et
865 2470 1109 2526 ancillas
1136 2474 1272 2528 illos
1306 2478 1361 2528 et
1389 2475 1543 2529 illas.
1581 2475 1705 2529 Hos
1736 2477 1915 2546 igitur

258 2572 483 2611 mansos
506 2575 643 2612 cum
662 2560 843 2614 terris
867 2562 1132 2616 concidis
1164 2568 1219 2616 et
1249 2564 1489 2632 pascuis
1526 2564 1585 2618 in
1617 2565 1912 2636 integrum

255 2661 350 2714 per
364 2646 512 2700 hanc
534 2648 758 2703 seriem
788 2650 1054 2719 epistolae
1086 2645 1311 2705 nostrae
1341 2653 1703 2720 donationis,
1738 2670 1911 2724 quam

258 2733 502 2789 Ulﬁnum
538 2738 833 2791 notarium
866 2739 1132 2793 scribere
1172 2742 1552 2812 rogavimus,
1604 2743 1673 2796 ad
1722 2744 1911 2813 ipsam

255 2822 543 2878 basilicam
573 2830 801 2880 sanctae
816 2827 1013 2882 Mariae
1042 2828 1344 2883 Mariculis
1375 2830 1556 2900 (106)
1588 2836 1909 2886 construc-

255 2915 376 2981 tam,
398 2929 432 2967 a
456 2915 723 2983 presenti
750 2916 844 2970 die
875 2917 1162 2971 tradimus
1183 2918 1256 2971 ad
1284 2920 1729 2987 possidendum.
1767 2922 1909 2976 Haec

256 3003 428 3054 omnia
441 3018 628 3072 supra
639 3005 935 3059 nominata
948 3006 1020 3059 ad
1035 3006 1228 3076 ipsum
1242 3010 1663 3063 monasterium
1680 3010 1909 3081 delega-

254 3089 450 3160 vimus,
477 3093 659 3162 utipsi
684 3095 954 3148 monachi
974 3096 1068 3149 vel
1085 3111 1480 3151 successores
1504 3101 1690 3152 nostri
1715 3099 1773 3152 in
1795 3116 1904 3155 suo
1936 3075 1992 3140 α

246 3176 368 3247 jure
388 3180 479 3233 vel
498 3181 900 3237 dominatione
920 3199 953 3237 a
972 3186 1232 3253 presenti
1254 3187 1347 3240 die
1370 3188 1653 3257 recipiant
1677 3188 1746 3241 ad
1771 3203 1904 3258 pos-

250 3267 549 3322 sidendum
572 3311 586 3338 ,
614 3274 731 3323 tam
771 3272 831 3323 in
850 3274 1023 3327 terris
1064 3290 1237 3343 quam
1293 3275 1596 3344 domibus,
1631 3277 1902 3345 adiﬁciis,

248 3358 567 3426 mancipiis,
590 3359 804 3428 vineis,
822 3360 1017 3431 silvis,
1034 3365 1237 3433 pratis,
1262 3367 1525 3435 pascuis,
1551 3368 1724 3437 aquis
1737 3382 1908 3437 aqua-

249 3459 481 3516 rumque
496 3447 881 3518 decursibus,
899 3452 1123 3521 absque
1144 3452 1319 3507 ullius
1337 3453 1559 3524 judicis
1576 3456 1907 3525 interpella-

247 3533 391 3587 tione
431 3533 484 3575 44
506 3535 882 3608 habeantque
904 3540 961 3592 in
985 3555 1091 3594 sua
1109 3545 1397 3610 potestate
1413 3545 1670 3612 tenendi,
1697 3545 1905 3600 dandi-

250 3623 526 3678 vendendi
553 3667 568 3693 ,
605 3628 1029 3698 commutandi,
1063 3630 1155 3683 vel
1187 3631 1342 3700 quod
1373 3633 1584 3687 exinde
1616 3634 1908 3689 voluerint

249 3710 507 3768 faciendi.
550 3715 872 3785 PrOpterea
904 3717 963 3770 in
1003 3718 1115 3772 ista
1151 3719 1399 3788 epistola
1452 3721 1799 3791 definimus,
1845 3729 1906 3777 ut

248 3801 390 3854 nulla
413 3804 601 3857 altera
640 3800 696 3844 ιδ
719 3804 944 3860 ratione
966 3807 1255 3861 calumnia
1277 3809 1335 3862 in
1358 3811 1733 3879 postmodum
1754 3814 1905 3866 inter

247 3890 399 3958 ipsos
412 3907 633 3947 servos
653 3893 760 3947 Dei
779 3894 873 3948 vel
893 3894 1142 3951 heredes
1171 3900 1411 3953 nostros
1436 3915 1554 3954 non
1572 3900 1900 3969 adcrescat,

247 3976 440 4048 Siquis
454 3996 641 4035 veros
653 3985 790 4052 post
802 3998 931 4052 nos,
957 3986 1113 4055 quod
1131 3986 1394 4041 futurum
1417 4004 1555 4043 esse
1577 4006 1692 4044 non
1717 3990 1904 4044 credi-

248 4082 385 4133 mus,
418 4069 475 4123 si
513 4070 755 4141 aliquis,
801 4071 873 4126 de
904 4072 1224 4129 heredibus
1251 4076 1472 4131 nostris
1504 4080 1601 4131 aut
1630 4079 1908 4148 quislibet

247 4159 507 4225 opposita
526 4175 790 4228 persona
814 4166 1015 4216 contra
1040 4164 1191 4218 hanc
1212 4166 1582 4221 donationem
1600 4173 1862 4222 nostram
1887 4209 1901 4235 ,

243 4259 404 4313 quam
420 4248 555 4301 fieri
573 4250 940 4321 rogavimus,
957 4254 1155 4307 venire
1172 4257 1271 4309 aut
1284 4255 1609 4328 infringere
1624 4258 1871 4312 voluerit
1889 4274 1899 4311 :

241 4334 508 4401 primitus
534 4336 681 4392 iram
699 4339 872 4395 trium
894 4341 1221 4412 majestatis
1241 4344 1533 4412 incurrat,
1567 4350 1622 4400 et
1652 4347 1729 4399 sit
1759 4362 1901 4400 ana-

2033 1941 2419 1997 Fulbertimei
2442 1940 2666 2008 fratris,
2695 1941 2799 1993 sed
2820 1939 2898 1992 ill.
2937 1939 3018 1993 ill.
3047 1939 3099 1982 ω
3134 1939 3346 1990 Actum
3374 1936 3697 2004 Maricolis,

2032 2032 2162 2100 Ipse
2192 2035 2387 2085 tamen
2422 2029 2832 2083 Chonebertus
2871 2026 2941 2097 51,
2986 2028 3097 2081 etsi
3134 2028 3439 2096 peccator,
3478 2024 3694 2092 abbas,

2025 2122 2259 2191 propria
2288 2136 2458 2173 manu
2485 2117 2793 2173 conﬁrmo.
2820 2141 2841 2165 η

2094 2209 2181 2265 38.
2208 2210 2486 2280 Sepultus
2501 2192 2598 2262 est
2617 2208 2677 2261 in
2694 2212 2889 2261 monte
2911 2205 2974 2259 S.
3000 2204 3209 2275 Eligii.
3236 2205 3317 2258 De
3348 2203 3475 2257 Vita
3511 2202 3693 2273 hujus

2021 2299 2350 2353 beatissimi
2366 2298 2660 2368 pontiﬁcis
2683 2300 2855 2367 atque
2875 2293 3297 2366 gloriosissimi
3320 2292 3692 2346 confessoris

2021 2388 2238 2442 Christi
2278 2404 2462 2457 pauca
2502 2386 2809 2440 retulimus
2835 2427 2847 2450 ,
2884 2400 3015 2454 quae
3056 2385 3153 2434 aut
3199 2397 3304 2450 pro
3356 2381 3588 2433 raritate
3637 2383 3694 2433 et

2020 2477 2254 2547 ignavia
2274 2476 2627 2545 scriptorum
2647 2474 2914 2544 neglecta
2933 2474 3206 2541 putamus
3229 2511 3241 2537 ,
3268 2472 3365 2522 aut
3386 2484 3492 2537 pro
3512 2468 3642 2520 sedi
3661 2497 3691 2507 -

2020 2567 2281 2620 tionibus
2320 2564 2671 2634 procellosis
2702 2562 2922 2632 quibus
2955 2563 3191 2613 sanctas
3234 2558 3341 2611 Dei
3376 2557 3686 2610 accclesias

2020 2670 2256 2724 semper
2278 2654 2668 2724 naufragasse
2697 2667 2872 2719 supra
2897 2650 3155 2703 diximus
3193 2649 3210 2714 (
3234 2664 3282 2701 c.
3309 2649 3381 2715 5)
3408 2688 3420 2714 ,
3466 2645 3687 2714 scripta

2019 2744 2333 2814 disperiise
2357 2742 2673 2796 credimus.
2698 2740 2864 2805 Quod
2882 2738 3149 2807 profecto
3172 2736 3410 2790 minime
3435 2736 3526 2789 est
3558 2734 3637 2788 du
3656 2763 3686 2772 -

2016 2833 2339 2888 bitandum.
2364 2831 2520 2886 Fieri
2542 2832 2698 2884 enim
2716 2831 2909 2898 potest
2930 2831 3020 2892 ut,
3057 2842 3189 2880 cum
3222 2825 3396 2879 tantis
3434 2824 3682 2877 subver-

2018 2923 2289 2976 sionibus
2312 2921 2721 2975 mcclesiarum
2743 2934 2856 2971 una
2895 2916 3069 2993 etiam
3104 2915 3420 2981 volumina,
3464 2912 3682 2982 quibus

2019 3012 2208 3066 series
2231 3012 2365 3064 vitae
2388 3013 2443 3063 et
2464 3009 2883 3062 miraculorum
2906 3005 3087 3075 hujus
3111 3004 3299 3058 sancti
3323 3003 3433 3056 viri
3471 3002 3626 3055 conti
3650 3012 3697 3041 -‘

2017 3102 2283 3169 nebatur,
2312 3099 2473 3152 auris
2496 3098 2732 3168 quidem
2756 3094 3082 3148 ridentibus
3106 3092 3250 3159 (107,
3302 3091 3678 3159 disperirent.

2016 3189 2299 3254 Quoniam
2326 3203 2466 3241 vero
2490 3201 2593 3255 pro
2618 3182 3140 3253 supramemoratis
3164 3179 3365 3233 causis
3402 3180 3634 3231 existen
3653 3207 3682 3217 -

2015 3280 2175 3333 tibus
2206 3278 2492 3331 incertum
2535 3278 2626 3328 est
2657 3273 2828 3325 etiam
2860 3272 3074 3340 quanto
3112 3267 3385 3321 videlicet
3418 3269 3680 3335 tempore

2018 3369 2351 3423 ecclesiam
2369 3360 2883 3419 Cameracensium
2907 3359 3157 3425 rexerat,
3178 3358 3234 3409 et
3255 3371 3387 3425 quae
3407 3370 3678 3424 persona

2017 3458 2149 3529 ejus
2174 3453 2543 3521 funebritati(
2568 3450 2669 3504 108
2694 3453 2710 3516 )
2733 3447 3116 3501 interfuerant
3141 3461 3151 3498 :
3179 3444 3310 3497 ideo
3333 3460 3406 3496 ex
3428 3442 3522 3497 his
3552 3458 3678 3497 me-

2014 3548 2132 3602 lius
2156 3550 2246 3599 est
2269 3544 2445 3598 silere
2464 3556 2636 3612 quam
2660 3537 2996 3592 fabulosum
3021 3533 3161 3605 quid
3202 3534 3512 3586 conﬁcere.
3552 3532 3679 3585 Hoc

2016 3639 2208 3691 autem
2231 3650 2333 3703 pro
2357 3635 2516 3685 certo
2547 3628 2751 3682 audire
2779 3624 3054 3692 sufficiat,
3089 3622 3246 3693 quod
3271 3622 3344 3674 ad
3385 3636 3629 3675 remune
3649 3650 3678 3660 -

2014 3727 2301 3780 rationem
2333 3722 2425 3775 sui
2453 3720 2672 3773 laboris
2700 3716 2792 3770 die
2830 3715 2986 3769 obita
3016 3714 3048 3765 5
3090 3712 3229 3765 Idus
3267 3710 3459 3764 Martii
3496 3707 3677 3777 (1091)

2015 3813 2291 3885 migravit
2325 3811 2395 3864 ad
2425 3808 2746 3875 ChristUm,
2785 3803 3173 3874 sepultusque
3205 3803 3296 3854 est
3324 3800 3381 3853 in
3408 3798 3675 3866 basilica,

2014 3904 2074 3957 in
2109 3904 2239 3957 loco
2272 3899 2543 3954 videlicet
2568 3897 2670 3967 qui
2695 3894 2907 3950 dicitur
2933 3892 3103 3945 Mons
3130 3889 3319 3944 sancti
3351 3888 3545 3960 Eligii,
3577 3887 3676 3941 ubi

2014 3992 2307 4065 quondam
2330 3991 2479 4059 ipse,
2501 4003 2632 4041 cum
2656 3985 2951 4057 egrotaret
2972 3980 3123 4050 apud
3148 3978 3473 4033 Brosellam
3506 3978 3674 4047 (110),

2015 4081 2275 4136 diocesis
2300 4095 2425 4133 suae
2448 4075 2826 4139 territorium,
2837 4072 3024 4143 jussit
3046 4086 3112 4124 se
3133 4067 3464 4135 transferri,
3481 4084 3586 4135 pro
3610 4081 3679 4120 co

2016 4170 2172 4240 quod
2195 4170 2276 4222 ibi
2296 4169 2507 4221 beatus
2527 4163 2756 4235 Eligius
2776 4160 3154 4214 habitationis
3177 4174 3304 4212 sua:
3326 4157 3550 4210 fecerat
3570 4156 3627 4209 di
3650 4186 3678 4194 -

2015 4258 2368 4324 versorium,
2395 4254 2715 4308 cuibeatus
2738 4247 3119 4303 Vindiciauus
3146 4245 3416 4299 familiari
3439 4260 3553 4297 usu
3576 4245 3636 4298 di
3656 4274 3680 4283 -

2016 4347 2288 4403 lectionis
2308 4345 2624 4398 inheserat.

244 4421 446 4491 thema,
483 4431 542 4481 et
574 4426 840 4484 deleatur
868 4446 1081 4485 nomen
1114 4432 1247 4502 ejus
1289 4433 1361 4487 de
1401 4433 1549 4488 libro
1580 4436 1901 4490 viventium
1928 4464 1986 4528 Β
2086 4437 2174 4493 29.
2200 4435 2470 4490 Clericus
2493 4429 2723 4502 quidam
2748 4424 2962 4479 tumulo
2978 4422 3172 4477 sancti
3197 4422 3315 4475 viri
3335 4420 3680 4474 nescientcr

244 4512 437 4569 celesti
452 4557 467 4583 ,
495 4520 555 4570 et
572 4517 908 4588 cumjustis
930 4535 1045 4574 non
1066 4521 1389 4592 scribatur,
1416 4524 1523 4577 sed
1545 4524 1622 4578 sit
1647 4540 1899 4581 consors

2016 4525 2328 4588 insultans,
2358 4521 2575 4576 lumine
2583 4518 2685 4590 pri
2696 4522 2882 4582 vatur,
2910 4514 3121 4569 etitem
3137 4509 3676 4566 illuminatur.Post

1528 4689 1822 4752 VARUE
1868 4688 2358 4753 LECTIONES.

241 4830 557 4907 πίθῃ-(1.1.
601 4850 657 4888 v.
703 4851 756 4889 s.
799 4851 852 4890 θ.
898 4853 955 4907 q.
999 4854 1055 4892 n.
1097 4856 1151 4893 v.
1196 4840 1410 4895 desunt
1454 4844 1606 4899 Mar.
1654 4844 1709 4888 ⁴ο
1763 4842 2139 4901 Βοᾶηὺθνιιιε
2179 4844 2335 4898 Mar.

2386 4840 2535 4914 quod
2574 4843 2841 4914 rectum;
2887 4836 3167 4914 fundator
3215 4832 3370 4912 enim
3414 4847 3540 4914 .noln
3591 4830 3677 4885 fui

238 4901 297 4977 §._
326 4903 699 4977 Humbertus
713 4906 862 4977 ipse,
889 4901 1000 4963 s-ed
1016 4909 1411 4977 Radobertus,
1440 4914 1591 4969 alias
1614 4916 2068 4972 Chronebcrtus
2092 4932 2198 4971 seu
2233 4901 2653 4969 Chun'ebertus
2684 4901 2899 4964 dictus.
2932 4908 3032 4961 Ex
3062 4906 3170 4958 hac
3200 4901 3677 4977 nominisforma

243 4972 1082 5057 ‘(lhunebertus_erroi"nostri
1102 4989 1270 5057 ortus
1287 4972 1422 5038 esse
1435 4992 1651 5054 potest.
1686 4986 1733 5028 41
1761 5005 1817 5042 u.
1836 5005 1888 5042 e.
1918 4990 1953 5041 i.
1976 4990 2013 5043 i.
2040 5004 2095 5051 ι).
2121 5004 2173 5040 a.
2194 5003 2249 5057 p.
2272 5002 2328 5038 v.
2354 4986 2568 5057 desunt
2590 4982 2744 5057 M_ar.
2765 4979 2817 5020 ιη
2850 4980 2908 5057 l_1.
2935 4996 2986 5057 ε).
3008 4977 3220 5057 desunt
3244 4975 3400 5057 Mar.
3431 4972 3495 5057 ⁸³,
3528 4974 3679 5057 ᾼΡάί

245 5043 387 5129 llam}
422 5052 621 5128 const.
654 5048 811 5103 Mar.
838 5048 890 5090 Η
920 5051 1242 5129 advocatia,
1294 5043 1799 5129 venaitionegaddit
1830 5059 1984 5113 Mar.
2007 5043 2062 5101 ιδ
2097 5043 2268 5113 deest
2297 5053 2823 5129 Mar_._4§_sed_s.___c.
2857 5050 2912 5129 _1._
2938 5050 2979 5101 Ι.
3015 5064 3071 5129 q:
3106 5048 3173 5129 1-):
3210 5052 3248 5100 t.
3281 5044 3674 5129 desunt/llam

246 5111 289 5153 ‘7
328 5120 381 5169 et
419 5118 675 5189 insuper
702 5149 771 5159 —
815 5123 1082 5177 exsolvat
1123 5111 1338 5179 desunt
1384 5127 1543 5182 Mar.
1576 5111 2008 5185 “daresitiMaI—z
2058 5111 2114 5171 49
2141 5111 2197 5183 et
2225 5129 2380 5182 Mar.
2428 5124 2483 5167 ὅθ
2512 5126 2593 5179 ill.
2626 5126 2683 5177 et
2729 5122 2809 5175 ill.
2843 5120 2998 5174 Mar.
3020 5111 3068 5159 δι
3123 5118 3486 5173 Humbertus
3516 5116 3672 5170 Mar.

1818 5276 2098 5338 NOTIE.

310 5418 457 5497 (103)
486 5418 645 5497 pagi.
683 5433 849 5497 quem
885 5426 1157 5497 veteres.
1187 5461 1199 5472 .
1232 5461 1244 5473 .
1270 5419 1786 5497 Fanmpmartinse
1816 5426 1903 5480 di-

250 5495 497 5562 gerunt,
556 5490 839 5560 juniores
902 5492 1234 5562 a__nomine
1295 5494 1671 5562 przclluentis
1736 5497 1906 5551 ﬂuvii

251 5556 510 5634 Haynaq
525 5556 904 5634 vocaverunt.
941 5556 1461 5634 Folcuinigfabb.
1497 5567 1642 5621 Lob.
1675 5568 1726 5622 1.

254 5630 475 5755 illam;
495 5630 677 5756 l'Ilflpe
711 5634 998 5702 mineure,
1030 5650 1216 5705 prope
1240 5630 1567 5692 'Maroilles
1600 5639 1907 5695 Sambi-am

318 5769 462 5856 ἓξὲξ)
494 5773 582 5856 ἔρ
610 5788 791 5856 δεεοε
822 5777 1035 5856 caltas:

319 5839 464 5909 (106)
498 5839 794 5931 Maroilles
826 5847 894 5901 ad
929 5848 1212 5922 Helprom
1242 5850 1303 5906 in
1335 5851 1673 5923 Hannonis,
1706 5854 1762 5907 d.

2083 5428 2393 5569 ab???
2422 5494 2623 5569 ventis
2640 5494 2878 5569 tradita,
2913 5508 3192 5569 aurarum
3218 5489 3479 5569 ludibria
3504 5487 3676 5569 facta;

2018 5559 2105 5625 cf.‘
2154 5559 2226 5623 ιι.’
2272 5571 2332 5637 4,
2390 5568 2464 5621 de
2525 5566 2739 5636 quibus
2796 5566 3108 5619 maximam
3160 5570 3390 5635 partem
3460 5559 3679 5613 invidae

2020 5658 2179 5697 aurae
2206 5657 2271 5695 se
2313 5637 2586 5710 rapuisse
2616 5643 2917 5693 laetantur.

2088 5713 2234 5780 (108)
2267 5712 2309 5764 1.
2346 5709 2397 5764 ei.
2430 5709 2645 5764 funeri.

2089 5779 2235 5851 (109)
2268 5783 2335 5837 A.
2370 5781 2493 5849 713,
2530 5782 2861 5839 secundum
2891 5782 2942 5835 Α
2966 5779 3205 5835 Vedast.

2090 5854 2237 5923 (110)
2267 5853 2547 5911 Bruxella
2578 5869 2719 5913 esse
2753 5854 3001 5910 videtur.
