  <div class='ocr_page' id='page_1' title='image "/cluster/home/n/w/nwhite01/storage/ocr_20150623/149/hvd.32044054760079/029.png"; bbox 0 0 4098 6196; ppageno 0'>
   <div class='ocr_carea' id='block_1_1' title="bbox 384 416 3790 503">
    <p class='ocr_par' dir='ltr' id='par_1_1' title="bbox 384 416 3790 503">
     <span class='ocr_line' id='line_1_1' title="bbox 384 416 3790 503; baseline 0 -21"><span class='ocrx_word' id='word_1_1' title='bbox 384 427 463 493; x_wconf 82' lang='grc'>47</span> <span class='ocrx_word' id='word_1_2' title='bbox 1259 420 1527 483; x_wconf 87' lang='lat' dir='ltr'>GESTA</span> <span class='ocrx_word' id='word_1_3' title='bbox 1565 419 1818 482; x_wconf 84' lang='lat' dir='ltr'><strong>PONTI</strong></span> <span class='ocrx_word' id='word_1_4' title='bbox 1828 417 2096 483; x_wconf 83' lang='lat' dir='ltr'>FICUM</span> <span class='ocrx_word' id='word_1_5' title='bbox 2141 416 2667 503; x_wconf 59' lang='lat' dir='ltr'>CAMERAUEN</span> <span class='ocrx_word' id='word_1_6' title='bbox 2677 419 2906 484; x_wconf 89' lang='lat' dir='ltr'>SIUM.</span> <span class='ocrx_word' id='word_1_7' title='bbox 3707 417 3790 484; x_wconf 80' lang='lat'>48</span> 
     </span>
    </p>
   </div>
   <div class='ocr_carea' id='block_1_2' title="bbox 353 596 3812 699">
    <p class='ocr_par' dir='ltr' id='par_1_2' title="bbox 353 596 3812 699">
     <span class='ocr_line' id='line_1_2' title="bbox 353 596 3812 699; baseline -0.004 -13"><span class='ocrx_word' id='word_1_8' title='bbox 353 629 918 699; x_wconf 89' lang='lat' dir='ltr'>multumtemporis,</span> <span class='ocrx_word' id='word_1_9' title='bbox 940 641 1073 680; x_wconf 90' lang='lat' dir='ltr'>cum</span> <span class='ocrx_word' id='word_1_10' title='bbox 1090 625 1212 696; x_wconf 89' lang='lat' dir='ltr'>jam</span> <span class='ocrx_word' id='word_1_11' title='bbox 1235 624 1519 678; x_wconf 87' lang='lat' dir='ltr'>Dominus</span> <span class='ocrx_word' id='word_1_12' title='bbox 1539 624 1807 676; x_wconf 89' lang='lat' dir='ltr'>sanctum</span> <span class='ocrx_word' id='word_1_13' title='bbox 1845 633 2018 673; x_wconf 91' lang='lat' dir='ltr'>suum</span> <span class='ocrx_word' id='word_1_14' title='bbox 2049 596 2111 658; x_wconf 76' lang='grc' dir='ltr'>Α</span> <span class='ocrx_word' id='word_1_15' title='bbox 2139 616 2456 688; x_wconf 80' lang='lat' dir='ltr'>ignobilis,</span> <span class='ocrx_word' id='word_1_16' title='bbox 2492 619 2595 672; x_wconf 87' lang='lat' dir='ltr'>sed</span> <span class='ocrx_word' id='word_1_17' title='bbox 2625 621 2850 687; x_wconf 88' lang='lat' dir='ltr'>privato</span> <span class='ocrx_word' id='word_1_18' title='bbox 2875 620 3094 674; x_wconf 87' lang='lat' dir='ltr'>lumine</span> <span class='ocrx_word' id='word_1_19' title='bbox 3128 620 3375 685; x_wconf 82' lang='lat' dir='ltr'>debilis;</span> <span class='ocrx_word' id='word_1_20' title='bbox 3406 634 3540 688; x_wconf 84' lang='lat' dir='ltr'>quae</span> <span class='ocrx_word' id='word_1_21' title='bbox 3589 618 3812 688; x_wconf 77' lang='lat' dir='ltr'>paratis</span> 
     </span>
    </p>
   </div>
   <div class='ocr_carea' id='block_1_3' title="bbox 353 709 2020 786">
    <p class='ocr_par' dir='ltr' id='par_1_3' title="bbox 353 709 2020 786">
     <span class='ocr_line' id='line_1_3' title="bbox 353 709 2020 786; baseline -0.009 -11"><span class='ocrx_word' id='word_1_22' title='bbox 353 719 656 774; x_wconf 86' lang='lat' dir='ltr'>miriﬁcari</span> <span class='ocrx_word' id='word_1_23' title='bbox 698 718 1037 786; x_wconf 80' lang='lat' dir='ltr'>disponeret</span> <span class='ocrx_word' id='word_1_24' title='bbox 1070 730 1271 782; x_wconf 86' lang='lat' dir='ltr'>causa,</span> <span class='ocrx_word' id='word_1_25' title='bbox 1310 712 1622 768; x_wconf 82' lang='lat' dir='ltr'>intervenit</span> <span class='ocrx_word' id='word_1_26' title='bbox 1659 726 1791 782; x_wconf 65' lang='lat' dir='ltr'>qua:</span> <span class='ocrx_word' id='word_1_27' title='bbox 1827 709 2020 781; x_wconf 88' lang='lat' dir='ltr'>signis</span> 
     </span>
    </p>
   </div>
   <div class='ocr_carea' id='block_1_4' title="bbox 352 798 2022 875">
    <p class='ocr_par' dir='ltr' id='par_1_4' title="bbox 352 798 2022 875">
     <span class='ocr_line' id='line_1_4' title="bbox 352 798 2022 875; baseline -0.007 -12"><span class='ocrx_word' id='word_1_28' title='bbox 352 807 816 863; x_wconf 86' lang='lat' dir='ltr'>evidentioribus</span> <span class='ocrx_word' id='word_1_29' title='bbox 855 805 1107 875; x_wconf 79' lang='lat' dir='ltr'>jacentis</span> <span class='ocrx_word' id='word_1_30' title='bbox 1141 803 1349 856; x_wconf 89' lang='lat' dir='ltr'>merita</span> <span class='ocrx_word' id='word_1_31' title='bbox 1386 800 1808 855; x_wconf 87' lang='lat' dir='ltr'>manifestaret.</span> <span class='ocrx_word' id='word_1_32' title='bbox 1845 798 2022 852; x_wconf 80' lang='lat' dir='ltr'>Erant</span> 
     </span>
    </p>
   </div>
   <div class='ocr_carea' id='block_1_5' title="bbox 351 886 2022 957">
    <p class='ocr_par' dir='ltr' id='par_1_5' title="bbox 351 886 2022 957">
     <span class='ocr_line' id='line_1_5' title="bbox 351 886 2022 957; baseline -0.008 -6"><span class='ocrx_word' id='word_1_33' title='bbox 351 897 618 951; x_wconf 84' lang='lat' dir='ltr'>Atrebati</span> <span class='ocrx_word' id='word_1_34' title='bbox 650 895 934 949; x_wconf 86' lang='lat' dir='ltr'>nobilium</span> <span class='ocrx_word' id='word_1_35' title='bbox 975 894 1237 947; x_wconf 89' lang='lat' dir='ltr'>virorum</span> <span class='ocrx_word' id='word_1_36' title='bbox 1275 892 1405 957; x_wconf 86' lang='lat' dir='ltr'>filii,</span> <span class='ocrx_word' id='word_1_37' title='bbox 1448 889 1804 944; x_wconf 90' lang='lat' dir='ltr'>litteralibus</span> <span class='ocrx_word' id='word_1_38' title='bbox 1843 886 2022 940; x_wconf 87' lang='lat' dir='ltr'>disci-</span> 
     </span>
    </p>
   </div>
   <div class='ocr_carea' id='block_1_6' title="bbox 349 977 2024 1055">
    <p class='ocr_par' dir='ltr' id='par_1_6' title="bbox 349 977 2024 1055">
     <span class='ocr_line' id='line_1_6' title="bbox 349 977 2024 1055; baseline -0.007 -16"><span class='ocrx_word' id='word_1_39' title='bbox 349 986 532 1055; x_wconf 90' lang='lat' dir='ltr'>plinis</span> <span class='ocrx_word' id='word_1_40' title='bbox 556 984 668 1039; x_wconf 89' lang='lat' dir='ltr'>sub</span> <span class='ocrx_word' id='word_1_41' title='bbox 690 983 976 1054; x_wconf 90' lang='lat' dir='ltr'>magistro</span> <span class='ocrx_word' id='word_1_42' title='bbox 1011 981 1334 1036; x_wconf 86' lang='lat' dir='ltr'>erudiendi.</span> <span class='ocrx_word' id='word_1_43' title='bbox 1363 979 1431 1033; x_wconf 87' lang='lat' dir='ltr'>Et</span> <span class='ocrx_word' id='word_1_44' title='bbox 1450 982 1683 1047; x_wconf 88' lang='lat' dir='ltr'>tempus</span> <span class='ocrx_word' id='word_1_45' title='bbox 1705 977 2024 1030; x_wconf 84' lang='lat' dir='ltr'>advenerat</span> 
     </span>
    </p>
   </div>
   <div class='ocr_carea' id='block_1_7' title="bbox 352 1063 2023 1144">
    <p class='ocr_par' dir='ltr' id='par_1_7' title="bbox 352 1063 2023 1144">
     <span class='ocr_line' id='line_1_7' title="bbox 352 1063 2023 1144; baseline -0.007 -16"><span class='ocrx_word' id='word_1_46' title='bbox 352 1091 468 1144; x_wconf 88' lang='lat' dir='ltr'>quo</span> <span class='ocrx_word' id='word_1_47' title='bbox 491 1074 607 1143; x_wconf 89' lang='lat' dir='ltr'>ipsi</span> <span class='ocrx_word' id='word_1_48' title='bbox 625 1073 814 1143; x_wconf 91' lang='lat' dir='ltr'>pueri,</span> <span class='ocrx_word' id='word_1_49' title='bbox 855 1072 926 1124; x_wconf 89' lang='lat' dir='ltr'>ab</span> <span class='ocrx_word' id='word_1_50' title='bbox 964 1071 1168 1124; x_wconf 89' lang='lat' dir='ltr'>eodem</span> <span class='ocrx_word' id='word_1_51' title='bbox 1202 1069 1489 1140; x_wconf 87' lang='lat' dir='ltr'>magistro</span> <span class='ocrx_word' id='word_1_52' title='bbox 1521 1067 1730 1137; x_wconf 90' lang='lat' dir='ltr'>rogati,</span> <span class='ocrx_word' id='word_1_53' title='bbox 1766 1065 1838 1118; x_wconf 90' lang='lat' dir='ltr'>ad</span> <span class='ocrx_word' id='word_1_54' title='bbox 1870 1063 2023 1117; x_wconf 90' lang='lat' dir='ltr'>scri-</span> 
     </span>
    </p>
   </div>
   <div class='ocr_carea' id='block_1_8' title="bbox 353 1154 2024 1232">
    <p class='ocr_par' dir='ltr' id='par_1_8' title="bbox 353 1154 2024 1232">
     <span class='ocr_line' id='line_1_8' title="bbox 353 1154 2024 1232; baseline -0.007 -15"><span class='ocrx_word' id='word_1_55' title='bbox 353 1163 602 1232; x_wconf 88' lang='lat' dir='ltr'>ptoriam</span> <span class='ocrx_word' id='word_1_56' title='bbox 650 1164 838 1215; x_wconf 85' lang='lat' dir='ltr'>artem</span> <span class='ocrx_word' id='word_1_57' title='bbox 885 1161 1170 1230; x_wconf 89' lang='lat' dir='ltr'>liquorem</span> <span class='ocrx_word' id='word_1_58' title='bbox 1218 1158 1416 1212; x_wconf 84' lang='lat' dir='ltr'>facere</span> <span class='ocrx_word' id='word_1_59' title='bbox 1465 1156 1767 1210; x_wconf 87' lang='lat' dir='ltr'>deberent.</span> <span class='ocrx_word' id='word_1_60' title='bbox 1829 1154 2024 1206; x_wconf 88' lang='lat' dir='ltr'>Locus</span> 
     </span>
    </p>
   </div>
   <div class='ocr_carea' id='block_1_9' title="bbox 351 1242 2026 1321">
    <p class='ocr_par' dir='ltr' id='par_1_9' title="bbox 351 1242 2026 1321">
     <span class='ocr_line' id='line_1_9' title="bbox 351 1242 2026 1321; baseline -0.007 -16"><span class='ocrx_word' id='word_1_61' title='bbox 351 1255 568 1319; x_wconf 88' lang='lat' dir='ltr'>autem,</span> <span class='ocrx_word' id='word_1_62' title='bbox 611 1266 727 1321; x_wconf 91' lang='lat' dir='ltr'>quo</span> <span class='ocrx_word' id='word_1_63' title='bbox 763 1251 856 1302; x_wconf 90' lang='lat' dir='ltr'>vir</span> <span class='ocrx_word' id='word_1_64' title='bbox 895 1249 996 1301; x_wconf 89' lang='lat' dir='ltr'>Dei</span> <span class='ocrx_word' id='word_1_65' title='bbox 1037 1247 1305 1316; x_wconf 92' lang='lat' dir='ltr'>sepultus</span> <span class='ocrx_word' id='word_1_66' title='bbox 1346 1244 1712 1315; x_wconf 83' lang='lat' dir='ltr'>quiescebat,</span> <span class='ocrx_word' id='word_1_67' title='bbox 1747 1242 1870 1312; x_wconf 87' lang='lat' dir='ltr'>jam</span> <span class='ocrx_word' id='word_1_68' title='bbox 1927 1256 2026 1294; x_wconf 85' lang='lat' dir='ltr'>ve-</span> 
     </span>
    </p>
   </div>
   <div class='ocr_carea' id='block_1_10' title="bbox 349 1329 2033 1408">
    <p class='ocr_par' dir='ltr' id='par_1_10' title="bbox 349 1329 2033 1408">
     <span class='ocr_line' id='line_1_10' title="bbox 349 1329 2033 1408; baseline -0.007 -14"><span class='ocrx_word' id='word_1_69' title='bbox 349 1339 559 1408; x_wconf 87' lang='lat' dir='ltr'>pribus</span> <span class='ocrx_word' id='word_1_70' title='bbox 597 1342 653 1392; x_wconf 91' lang='lat' dir='ltr'>et</span> <span class='ocrx_word' id='word_1_71' title='bbox 688 1337 878 1406; x_wconf 89' lang='lat' dir='ltr'>spinis</span> <span class='ocrx_word' id='word_1_72' title='bbox 925 1338 1136 1406; x_wconf 90' lang='lat' dir='ltr'>plenus</span> <span class='ocrx_word' id='word_1_73' title='bbox 1185 1338 1329 1401; x_wconf 89' lang='lat' dir='ltr'>erat,</span> <span class='ocrx_word' id='word_1_74' title='bbox 1382 1349 1491 1386; x_wconf 89' lang='lat' dir='ltr'>nec</span> <span class='ocrx_word' id='word_1_75' title='bbox 1543 1331 1836 1385; x_wconf 82' lang='lat' dir='ltr'>habitator</span> <span class='ocrx_word' id='word_1_76' title='bbox 1886 1329 2033 1383; x_wconf 87' lang='lat' dir='ltr'>inibi</span> 
     </span>
    </p>
   </div>
   <div class='ocr_carea' id='block_1_11' title="bbox 351 1418 2032 1495">
    <p class='ocr_par' dir='ltr' id='par_1_11' title="bbox 351 1418 2032 1495">
     <span class='ocr_line' id='line_1_11' title="bbox 351 1418 2032 1495; baseline -0.007 -13"><span class='ocrx_word' id='word_1_77' title='bbox 351 1432 499 1495; x_wconf 89' lang='lat' dir='ltr'>erat,</span> <span class='ocrx_word' id='word_1_78' title='bbox 552 1442 661 1494; x_wconf 91' lang='lat' dir='ltr'>pro</span> <span class='ocrx_word' id='word_1_79' title='bbox 723 1441 791 1478; x_wconf 93' lang='lat' dir='ltr'>eo</span> <span class='ocrx_word' id='word_1_80' title='bbox 842 1425 997 1495; x_wconf 88' lang='lat' dir='ltr'>quod</span> <span class='ocrx_word' id='word_1_81' title='bbox 1059 1422 1369 1494; x_wconf 80' lang='lat' dir='ltr'>gentilium</span> <span class='ocrx_word' id='word_1_82' title='bbox 1427 1420 1806 1474; x_wconf 88' lang='lat' dir='ltr'>infestatione</span> <span class='ocrx_word' id='word_1_83' title='bbox 1862 1418 2032 1472; x_wconf 88' lang='lat' dir='ltr'>locus</span> 
     </span>
    </p>
   </div>
   <div class='ocr_carea' id='block_1_12' title="bbox 350 1507 2034 1582">
    <p class='ocr_par' dir='ltr' id='par_1_12' title="bbox 350 1507 2034 1582">
     <span class='ocr_line' id='line_1_12' title="bbox 350 1507 2034 1582; baseline -0.007 -13"><span class='ocrx_word' id='word_1_84' title='bbox 350 1531 421 1570; x_wconf 89' lang='lat' dir='ltr'>ex</span> <span class='ocrx_word' id='word_1_85' title='bbox 443 1514 624 1568; x_wconf 92' lang='lat' dir='ltr'>multo</span> <span class='ocrx_word' id='word_1_86' title='bbox 651 1517 912 1582; x_wconf 90' lang='lat' dir='ltr'>tempore</span> <span class='ocrx_word' id='word_1_87' title='bbox 935 1513 1210 1566; x_wconf 92' lang='lat' dir='ltr'>desertus</span> <span class='ocrx_word' id='word_1_88' title='bbox 1234 1510 1440 1564; x_wconf 85' lang='lat' dir='ltr'>fuerat.</span> <span class='ocrx_word' id='word_1_89' title='bbox 1478 1507 1677 1579; x_wconf 86' lang='lat' dir='ltr'>Hujus</span> <span class='ocrx_word' id='word_1_90' title='bbox 1711 1507 1820 1573; x_wconf 89' lang='lat' dir='ltr'>rei,</span> <span class='ocrx_word' id='word_1_91' title='bbox 1858 1521 2034 1576; x_wconf 91' lang='lat' dir='ltr'>quam</span> 
     </span>
    </p>
   </div>
   <div class='ocr_carea' id='block_1_13' title="bbox 352 1595 2031 1671">
    <p class='ocr_par' dir='ltr' id='par_1_13' title="bbox 352 1595 2031 1671">
     <span class='ocr_line' id='line_1_13' title="bbox 352 1595 2031 1671; baseline -0.005 -15"><span class='ocrx_word' id='word_1_92' title='bbox 352 1619 550 1671; x_wconf 90' lang='lat' dir='ltr'>narro,</span> <span class='ocrx_word' id='word_1_93' title='bbox 583 1603 775 1656; x_wconf 89' lang='lat' dir='ltr'>testes</span> <span class='ocrx_word' id='word_1_94' title='bbox 805 1616 998 1671; x_wconf 89' lang='lat' dir='ltr'>usque</span> <span class='ocrx_word' id='word_1_95' title='bbox 1030 1601 1101 1654; x_wconf 91' lang='lat' dir='ltr'>ad</span> <span class='ocrx_word' id='word_1_96' title='bbox 1131 1601 1334 1654; x_wconf 89' lang='lat' dir='ltr'>nostra</span> <span class='ocrx_word' id='word_1_97' title='bbox 1361 1601 1623 1667; x_wconf 90' lang='lat' dir='ltr'>tempore</span> <span class='ocrx_word' id='word_1_98' title='bbox 1657 1595 2031 1666; x_wconf 85' lang='lat' dir='ltr'>superfuere-</span> 
     </span>
    </p>
   </div>
   <div class='ocr_carea' id='block_1_14' title="bbox 351 1677 2037 1760">
    <p class='ocr_par' dir='ltr' id='par_1_14' title="bbox 351 1677 2037 1760">
     <span class='ocr_line' id='line_1_14' title="bbox 351 1677 2037 1760; baseline -0.006 -14"><span class='ocrx_word' id='word_1_99' title='bbox 351 1691 850 1760; x_wconf 88' lang='lat' dir='ltr'>Supramemorati</span> <span class='ocrx_word' id='word_1_100' title='bbox 875 1705 1124 1759; x_wconf 86' lang='lat' dir='ltr'>namque</span> <span class='ocrx_word' id='word_1_101' title='bbox 1145 1687 1344 1742; x_wconf 89' lang='lat' dir='ltr'>clerici</span> <span class='ocrx_word' id='word_1_102' title='bbox 1377 1685 1524 1756; x_wconf 86' lang='grc'>(111)</span> <span class='ocrx_word' id='word_1_103' title='bbox 1557 1701 1691 1739; x_wconf 91' lang='lat' dir='ltr'>cum</span> <span class='ocrx_word' id='word_1_104' title='bbox 1725 1677 2037 1753; x_wconf 62' lang='lat' dir='ltr'>circumja&#39;</span> 
     </span>
    </p>
   </div>
   <div class='ocr_carea' id='block_1_15' title="bbox 353 1772 2034 1846">
    <p class='ocr_par' dir='ltr' id='par_1_15' title="bbox 353 1772 2034 1846">
     <span class='ocr_line' id='line_1_15' title="bbox 353 1772 2034 1846; baseline -0.006 -13"><span class='ocrx_word' id='word_1_105' title='bbox 353 1780 542 1834; x_wconf 78' lang='lat' dir='ltr'>centis</span> <span class='ocrx_word' id='word_1_106' title='bbox 557 1779 818 1834; x_wconf 88' lang='lat' dir='ltr'>nemoris</span> <span class='ocrx_word' id='word_1_107' title='bbox 833 1779 1061 1846; x_wconf 84' lang='lat' dir='ltr'>spineta</span> <span class='ocrx_word' id='word_1_108' title='bbox 1087 1778 1268 1830; x_wconf 67' lang='lat' dir='ltr'>lustra</span> <span class='ocrx_word' id='word_1_109' title='bbox 1285 1782 1428 1840; x_wconf 49' lang='lat'>3.211,</span> <span class='ocrx_word' id='word_1_110' title='bbox 1457 1776 1527 1828; x_wconf 84' lang='lat' dir='ltr'>ad</span> <span class='ocrx_word' id='word_1_111' title='bbox 1547 1773 1858 1828; x_wconf 87' lang='lat' dir='ltr'>basilicam</span> <span class='ocrx_word' id='word_1_112' title='bbox 1883 1772 2034 1846; x_wconf 88' lang='lat' dir='ltr'>forte</span> 
     </span>
    </p>
   </div>
   <div class='ocr_carea' id='block_1_16' title="bbox 2135 707 3810 778">
    <p class='ocr_par' dir='ltr' id='par_1_16' title="bbox 2135 707 3810 778">
     <span class='ocr_line' id='line_1_16' title="bbox 2135 707 3810 778; baseline 0.001 -20"><span class='ocrx_word' id='word_1_113' title='bbox 2135 707 2375 773; x_wconf 87' lang='lat' dir='ltr'>vaticis,</span> <span class='ocrx_word' id='word_1_114' title='bbox 2429 707 2694 776; x_wconf 76' lang='lat' dir='ltr'>proﬁciet</span> <span class='ocrx_word' id='word_1_115' title='bbox 2752 709 2995 762; x_wconf 82' lang='lat' dir='ltr'>Romam</span> <span class='ocrx_word' id='word_1_116' title='bbox 3047 710 3115 761; x_wconf 86' lang='lat' dir='ltr'>ad</span> <span class='ocrx_word' id='word_1_117' title='bbox 3167 709 3364 760; x_wconf 89' lang='lat' dir='ltr'>limina</span> <span class='ocrx_word' id='word_1_118' title='bbox 3411 707 3810 778; x_wconf 87' lang='lat' dir='ltr'>apostolorum</span> 
     </span>
    </p>
   </div>
   <div class='ocr_carea' id='block_1_17' title="bbox 2134 794 3809 867">
    <p class='ocr_par' dir='ltr' id='par_1_17' title="bbox 2134 794 3809 867">
     <span class='ocr_line' id='line_1_17' title="bbox 2134 794 3809 867; baseline 0.001 -21"><span class='ocrx_word' id='word_1_119' title='bbox 2134 809 2243 862; x_wconf 92' lang='lat' dir='ltr'>pro</span> <span class='ocrx_word' id='word_1_120' title='bbox 2267 794 2604 863; x_wconf 87' lang='lat' dir='ltr'>recipienda</span> <span class='ocrx_word' id='word_1_121' title='bbox 2633 795 2823 850; x_wconf 90' lang='lat' dir='ltr'>salute</span> <span class='ocrx_word' id='word_1_122' title='bbox 2855 796 3252 865; x_wconf 87' lang='lat' dir='ltr'>disposuerat.</span> <span class='ocrx_word' id='word_1_123' title='bbox 3289 796 3474 849; x_wconf 89' lang='lat' dir='ltr'>Nocte</span> <span class='ocrx_word' id='word_1_124' title='bbox 3507 795 3690 867; x_wconf 87' lang='lat' dir='ltr'>igitur</span> <span class='ocrx_word' id='word_1_125' title='bbox 3720 810 3809 857; x_wconf 82' lang='lat' dir='ltr'>ea,</span> 
     </span>
    </p>
   </div>
   <div class='ocr_carea' id='block_1_18' title="bbox 2135 884 3809 954">
    <p class='ocr_par' dir='ltr' id='par_1_18' title="bbox 2135 884 3809 954">
     <span class='ocr_line' id='line_1_18' title="bbox 2135 884 3809 954; baseline 0.001 -20"><span class='ocrx_word' id='word_1_126' title='bbox 2135 897 2248 951; x_wconf 89' lang='lat' dir='ltr'>qua</span> <span class='ocrx_word' id='word_1_127' title='bbox 2269 884 2576 952; x_wconf 88' lang='lat' dir='ltr'>sequentis</span> <span class='ocrx_word' id='word_1_128' title='bbox 2600 884 2716 938; x_wconf 90' lang='lat' dir='ltr'>diei</span> <span class='ocrx_word' id='word_1_129' title='bbox 2740 901 2907 938; x_wconf 90' lang='lat' dir='ltr'>mane</span> <span class='ocrx_word' id='word_1_130' title='bbox 2935 885 3321 954; x_wconf 82' lang='lat' dir='ltr'>profectionis</span> <span class='ocrx_word' id='word_1_131' title='bbox 3345 885 3457 937; x_wconf 87' lang='lat' dir='ltr'>iter</span> <span class='ocrx_word' id='word_1_132' title='bbox 3481 887 3809 953; x_wconf 88' lang='lat' dir='ltr'>paraverat,</span> 
     </span>
    </p>
   </div>
   <div class='ocr_carea' id='block_1_19' title="bbox 2136 970 3812 1042">
    <p class='ocr_par' dir='ltr' id='par_1_19' title="bbox 2136 970 3812 1042">
     <span class='ocr_line' id='line_1_19' title="bbox 2136 970 3812 1042; baseline 0.001 -20"><span class='ocrx_word' id='word_1_133' title='bbox 2136 970 2418 1024; x_wconf 89' lang='lat' dir='ltr'>divinitus</span> <span class='ocrx_word' id='word_1_134' title='bbox 2479 979 2900 1041; x_wconf 90' lang='lat' dir='ltr'>commonetur,</span> <span class='ocrx_word' id='word_1_135' title='bbox 2961 975 3037 1028; x_wconf 89' lang='lat' dir='ltr'>ud</span> <span class='ocrx_word' id='word_1_136' title='bbox 3095 975 3166 1028; x_wconf 92' lang='lat' dir='ltr'>ad</span> <span class='ocrx_word' id='word_1_137' title='bbox 3223 973 3608 1042; x_wconf 86' lang='lat' dir='ltr'>sepulchrum</span> <span class='ocrx_word' id='word_1_138' title='bbox 3657 971 3812 1025; x_wconf 87' lang='lat' dir='ltr'>beati</span> 
     </span>
    </p>
   </div>
   <div class='ocr_carea' id='block_1_20' title="bbox 2138 1059 3812 1134">
    <p class='ocr_par' dir='ltr' id='par_1_20' title="bbox 2138 1059 3812 1134">
     <span class='ocr_line' id='line_1_20' title="bbox 2138 1059 3812 1134; baseline 0.001 -23"><span class='ocrx_word' id='word_1_139' title='bbox 2138 1059 2456 1113; x_wconf 88' lang='lat' dir='ltr'>Vinditiani</span> <span class='ocrx_word' id='word_1_140' title='bbox 2488 1077 2621 1114; x_wconf 90' lang='lat' dir='ltr'>cum</span> <span class='ocrx_word' id='word_1_141' title='bbox 2654 1063 2946 1118; x_wconf 85' lang='lat' dir='ltr'>oblatione</span> <span class='ocrx_word' id='word_1_142' title='bbox 2981 1080 3089 1118; x_wconf 88' lang='lat' dir='ltr'>sua</span> <span class='ocrx_word' id='word_1_143' title='bbox 3120 1065 3496 1134; x_wconf 85' lang='lat' dir='ltr'>properaret,</span> <span class='ocrx_word' id='word_1_144' title='bbox 3532 1062 3610 1115; x_wconf 91' lang='lat' dir='ltr'>ibi</span> <span class='ocrx_word' id='word_1_145' title='bbox 3642 1062 3812 1130; x_wconf 87' lang='lat' dir='ltr'>opta-</span> 
     </span>
    </p>
   </div>
   <div class='ocr_carea' id='block_1_21' title="bbox 2137 1147 3812 1222">
    <p class='ocr_par' dir='ltr' id='par_1_21' title="bbox 2137 1147 3812 1222">
     <span class='ocr_line' id='line_1_21' title="bbox 2137 1147 3812 1222; baseline 0.001 -22"><span class='ocrx_word' id='word_1_146' title='bbox 2137 1149 2212 1200; x_wconf 82' lang='lat' dir='ltr'>tae</span> <span class='ocrx_word' id='word_1_147' title='bbox 2255 1147 2406 1202; x_wconf 91' lang='lat' dir='ltr'>lucis</span> <span class='ocrx_word' id='word_1_148' title='bbox 2447 1153 2789 1204; x_wconf 89' lang='lat' dir='ltr'>eommertia</span> <span class='ocrx_word' id='word_1_149' title='bbox 2831 1156 3163 1222; x_wconf 88' lang='lat' dir='ltr'>receptura.</span> <span class='ocrx_word' id='word_1_150' title='bbox 3207 1152 3383 1205; x_wconf 88' lang='lat' dir='ltr'>Facto</span> <span class='ocrx_word' id='word_1_151' title='bbox 3428 1151 3623 1220; x_wconf 88' lang='lat' dir='ltr'>itaque</span> <span class='ocrx_word' id='word_1_152' title='bbox 3675 1162 3812 1202; x_wconf 87' lang='lat' dir='ltr'>cre-</span> 
     </span>
    </p>
   </div>
   <div class='ocr_carea' id='block_1_22' title="bbox 2138 1236 3814 1310">
    <p class='ocr_par' dir='ltr' id='par_1_22' title="bbox 2138 1236 3814 1310">
     <span class='ocr_line' id='line_1_22' title="bbox 2138 1236 3814 1310; baseline 0 -22"><span class='ocrx_word' id='word_1_153' title='bbox 2138 1236 2408 1304; x_wconf 91' lang='lat' dir='ltr'>pusculo,</span> <span class='ocrx_word' id='word_1_154' title='bbox 2445 1242 2724 1307; x_wconf 87' lang='lat' dir='ltr'>carpento</span> <span class='ocrx_word' id='word_1_155' title='bbox 2757 1241 3249 1310; x_wconf 73' lang='lat' dir='ltr'>superimposita‘,</span> <span class='ocrx_word' id='word_1_156' title='bbox 3282 1244 3346 1293; x_wconf 88' lang='lat' dir='ltr'>ut</span> <span class='ocrx_word' id='word_1_157' title='bbox 3375 1239 3593 1293; x_wconf 89' lang='lat' dir='ltr'>monita</span> <span class='ocrx_word' id='word_1_158' title='bbox 3622 1237 3814 1290; x_wconf 86' lang='lat' dir='ltr'>fuerat</span> 
     </span>
    </p>
   </div>
   <div class='ocr_carea' id='block_1_23' title="bbox 2142 1324 3815 1399">
    <p class='ocr_par' dir='ltr' id='par_1_23' title="bbox 2142 1324 3815 1399">
     <span class='ocr_line' id='line_1_23' title="bbox 2142 1324 3815 1399; baseline 0.001 -24"><span class='ocrx_word' id='word_1_159' title='bbox 2142 1324 2416 1392; x_wconf 85' lang='lat' dir='ltr'>explevit.</span> <span class='ocrx_word' id='word_1_160' title='bbox 2453 1325 2714 1382; x_wconf 88' lang='lat' dir='ltr'>Veniens</span> <span class='ocrx_word' id='word_1_161' title='bbox 2745 1329 2927 1399; x_wconf 86' lang='lat' dir='ltr'>igitur</span> <span class='ocrx_word' id='word_1_162' title='bbox 2955 1330 3026 1383; x_wconf 90' lang='lat' dir='ltr'>ad</span> <span class='ocrx_word' id='word_1_163' title='bbox 3055 1329 3345 1383; x_wconf 91' lang='lat' dir='ltr'>tumulum</span> <span class='ocrx_word' id='word_1_164' title='bbox 3373 1329 3484 1382; x_wconf 84' lang='lat' dir='ltr'>viri</span> <span class='ocrx_word' id='word_1_165' title='bbox 3521 1327 3646 1395; x_wconf 89' lang='lat' dir='ltr'>Dei,</span> <span class='ocrx_word' id='word_1_166' title='bbox 3677 1340 3815 1378; x_wconf 86' lang='lat' dir='ltr'>mox</span> 
     </span>
    </p>
   </div>
   <div class='ocr_carea' id='block_1_24' title="bbox 2143 1415 3815 1489">
    <p class='ocr_par' dir='ltr' id='par_1_24' title="bbox 2143 1415 3815 1489">
     <span class='ocr_line' id='line_1_24' title="bbox 2143 1415 3815 1489; baseline 0.001 -25"><span class='ocrx_word' id='word_1_167' title='bbox 2143 1415 2206 1465; x_wconf 91' lang='lat' dir='ltr'>ut</span> <span class='ocrx_word' id='word_1_168' title='bbox 2235 1416 2452 1467; x_wconf 89' lang='lat' dir='ltr'>terram</span> <span class='ocrx_word' id='word_1_169' title='bbox 2481 1417 2670 1469; x_wconf 92' lang='lat' dir='ltr'>oculis</span> <span class='ocrx_word' id='word_1_170' title='bbox 2701 1417 2911 1489; x_wconf 91' lang='lat' dir='ltr'>attigit,</span> <span class='ocrx_word' id='word_1_171' title='bbox 2943 1419 3128 1488; x_wconf 87' lang='lat' dir='ltr'>aperti</span> <span class='ocrx_word' id='word_1_172' title='bbox 3161 1421 3297 1472; x_wconf 92' lang='lat' dir='ltr'>sunt</span> <span class='ocrx_word' id='word_1_173' title='bbox 3337 1416 3494 1472; x_wconf 89' lang='lat' dir='ltr'>oculi</span> <span class='ocrx_word' id='word_1_174' title='bbox 3542 1415 3708 1486; x_wconf 89' lang='lat' dir='ltr'>ejus,</span> <span class='ocrx_word' id='word_1_175' title='bbox 3758 1416 3815 1467; x_wconf 87' lang='lat' dir='ltr'>et</span> 
     </span>
    </p>
   </div>
   <div class='ocr_carea' id='block_1_25' title="bbox 2145 1501 3124 1576">
    <p class='ocr_par' dir='ltr' id='par_1_25' title="bbox 2145 1501 3124 1576">
     <span class='ocr_line' id='line_1_25' title="bbox 2145 1501 3124 1576; baseline 0.007 -22"><span class='ocrx_word' id='word_1_176' title='bbox 2145 1501 2232 1554; x_wconf 91' lang='lat' dir='ltr'>sic</span> <span class='ocrx_word' id='word_1_177' title='bbox 2257 1503 2524 1572; x_wconf 89' lang='lat' dir='ltr'>gaudens</span> <span class='ocrx_word' id='word_1_178' title='bbox 2557 1506 2730 1559; x_wconf 91' lang='lat' dir='ltr'>rediit</span> <span class='ocrx_word' id='word_1_179' title='bbox 2759 1507 2828 1566; x_wconf 86' lang='lat' dir='ltr'>ad</span> <span class='ocrx_word' id='word_1_180' title='bbox 2862 1508 3124 1576; x_wconf 89' lang='lat' dir='ltr'>propria.</span> 
     </span>
    </p>
   </div>
   <div class='ocr_carea' id='block_1_26' title="bbox 2217 1586 3818 1667">
    <p class='ocr_par' dir='ltr' id='par_1_26' title="bbox 2217 1586 3818 1667">
     <span class='ocr_line' id='line_1_26' title="bbox 2217 1586 3818 1667; baseline 0.003 -25"><span class='ocrx_word' id='word_1_181' title='bbox 2217 1586 2304 1643; x_wconf 87' lang='lat'>33.</span> <span class='ocrx_word' id='word_1_182' title='bbox 2321 1590 2498 1644; x_wconf 85' lang='lat' dir='ltr'>Multi</span> <span class='ocrx_word' id='word_1_183' title='bbox 2510 1593 2777 1648; x_wconf 79' lang='lat' dir='ltr'>diversis</span> <span class='ocrx_word' id='word_1_184' title='bbox 2788 1595 3154 1650; x_wconf 87' lang='lat' dir='ltr'>cruciatibus</span> <span class='ocrx_word' id='word_1_185' title='bbox 3161 1595 3328 1666; x_wconf 78' lang='lat' dir='ltr'>plexi</span> <span class='ocrx_word' id='word_1_186' title='bbox 3340 1601 3497 1664; x_wconf 84' lang='lat' dir='ltr'>sunt,</span> <span class='ocrx_word' id='word_1_187' title='bbox 3515 1595 3663 1667; x_wconf 86' lang='lat' dir='ltr'>quod</span> <span class='ocrx_word' id='word_1_188' title='bbox 3677 1598 3818 1648; x_wconf 86' lang='lat' dir='ltr'>tem-</span> 
     </span>
    </p>
   </div>
   <div class='ocr_carea' id='block_1_27' title="bbox 2143 1677 3815 1756">
    <p class='ocr_par' dir='ltr' id='par_1_27' title="bbox 2143 1677 3815 1756">
     <span class='ocr_line' id='line_1_27' title="bbox 2143 1677 3815 1756; baseline 0.004 -26"><span class='ocrx_word' id='word_1_189' title='bbox 2143 1677 2301 1749; x_wconf 88' lang='lat' dir='ltr'>plum</span> <span class='ocrx_word' id='word_1_190' title='bbox 2320 1679 2449 1748; x_wconf 77' lang='lat' dir='ltr'>ejus</span> <span class='ocrx_word' id='word_1_191' title='bbox 2475 1681 2787 1736; x_wconf 83' lang='lat' dir='ltr'>violarunt.</span> <span class='ocrx_word' id='word_1_192' title='bbox 2805 1684 3083 1739; x_wconf 90' lang='lat' dir='ltr'>Heinrico</span> <span class='ocrx_word' id='word_1_193' title='bbox 3101 1688 3296 1739; x_wconf 88' lang='lat' dir='ltr'>autem</span> <span class='ocrx_word' id='word_1_194' title='bbox 3317 1683 3609 1756; x_wconf 91' lang='lat' dir='ltr'>quondam</span> <span class='ocrx_word' id='word_1_195' title='bbox 3633 1684 3815 1752; x_wconf 89' lang='lat' dir='ltr'>impe-</span> 
     </span>
    </p>
   </div>
   <div class='ocr_carea' id='block_1_28' title="bbox 2150 1771 3818 1841">
    <p class='ocr_par' dir='ltr' id='par_1_28' title="bbox 2150 1771 3818 1841">
     <span class='ocr_line' id='line_1_28' title="bbox 2150 1771 3818 1841; baseline 0.002 -19"><span class='ocrx_word' id='word_1_196' title='bbox 2150 1773 2366 1840; x_wconf 87' lang='lat' dir='ltr'>ratore,</span> <span class='ocrx_word' id='word_1_197' title='bbox 2401 1772 2546 1825; x_wconf 87' lang='lat' dir='ltr'>ortis</span> <span class='ocrx_word' id='word_1_198' title='bbox 2578 1773 2978 1828; x_wconf 88' lang='lat' dir='ltr'>simultatibus</span> <span class='ocrx_word' id='word_1_199' title='bbox 3010 1775 3162 1828; x_wconf 90' lang='lat' dir='ltr'>inter</span> <span class='ocrx_word' id='word_1_200' title='bbox 3190 1774 3540 1828; x_wconf 89' lang='lat' dir='ltr'>Balduinum</span> <span class='ocrx_word' id='word_1_201' title='bbox 3581 1771 3731 1841; x_wconf 80' lang='grc'>(113)</span> <span class='ocrx_word' id='word_1_202' title='bbox 3757 1774 3818 1826; x_wconf 89' lang='lat' dir='ltr'>et</span> 
     </span>
    </p>
   </div>
   <div class='ocr_carea' id='block_1_29' title="bbox 351 1839 3821 1935">
    <p class='ocr_par' dir='ltr' id='par_1_29' title="bbox 351 1839 3821 1935">
     <span class='ocr_line' id='line_1_29' title="bbox 351 1839 3821 1935; baseline -0.002 -15"><span class='ocrx_word' id='word_1_203' title='bbox 351 1869 668 1921; x_wconf 90' lang='lat' dir='ltr'>divertunt.</span> <span class='ocrx_word' id='word_1_204' title='bbox 708 1866 823 1920; x_wconf 90' lang='lat' dir='ltr'>Ubi</span> <span class='ocrx_word' id='word_1_205' title='bbox 859 1839 996 1920; x_wconf 83' lang='lat' dir='ltr'>dum</span> <span class='ocrx_word' id='word_1_206' title='bbox 1026 1865 1104 1934; x_wconf 92' lang='lat' dir='ltr'>hi,</span> <span class='ocrx_word' id='word_1_207' title='bbox 1149 1865 1367 1935; x_wconf 88' lang='lat' dir='ltr'>quibus</span> <span class='ocrx_word' id='word_1_208' title='bbox 1417 1865 1590 1918; x_wconf 91' lang='lat' dir='ltr'>altior</span> <span class='ocrx_word' id='word_1_209' title='bbox 1629 1878 1797 1916; x_wconf 89' lang='lat' dir='ltr'>mens</span> <span class='ocrx_word' id='word_1_210' title='bbox 1839 1845 2033 1914; x_wconf 80' lang='lat' dir='ltr'>fuerat</span> <span class='ocrx_word' id='word_1_211' title='bbox 2062 1839 2118 1903; x_wconf 81' lang='grc' dir='ltr'>Β</span> <span class='ocrx_word' id='word_1_212' title='bbox 2151 1839 2464 1919; x_wconf 85' lang='lat' dir='ltr'>Arnulfum</span> <span class='ocrx_word' id='word_1_213' title='bbox 2497 1865 2767 1918; x_wconf 90' lang='lat' dir='ltr'>comitem</span> <span class='ocrx_word' id='word_1_214' title='bbox 2813 1863 2981 1932; x_wconf 77' lang='grc'>(114),</span> <span class='ocrx_word' id='word_1_215' title='bbox 3017 1863 3339 1916; x_wconf 90' lang='lat' dir='ltr'>Balduinus</span> <span class='ocrx_word' id='word_1_216' title='bbox 3367 1839 3613 1916; x_wconf 87' lang='lat' dir='ltr'>collecta</span> <span class='ocrx_word' id='word_1_217' title='bbox 3644 1839 3821 1914; x_wconf 86' lang='lat' dir='ltr'>manu</span> 
     </span>
    </p>
   </div>
   <div class='ocr_carea' id='block_1_30' title="bbox 354 1950 2034 2026">
    <p class='ocr_par' dir='ltr' id='par_1_30' title="bbox 354 1950 2034 2026">
     <span class='ocr_line' id='line_1_30' title="bbox 354 1950 2034 2026; baseline -0.005 -16"><span class='ocrx_word' id='word_1_218' title='bbox 354 1960 652 2023; x_wconf 89' lang='lat' dir='ltr'>orassent,</span> <span class='ocrx_word' id='word_1_219' title='bbox 684 1954 956 2026; x_wconf 88' lang='lat' dir='ltr'>juniores</span> <span class='ocrx_word' id='word_1_220' title='bbox 988 1955 1164 2008; x_wconf 92' lang='lat' dir='ltr'>situm</span> <span class='ocrx_word' id='word_1_221' title='bbox 1192 1953 1492 2008; x_wconf 88' lang='lat' dir='ltr'>interioris</span> <span class='ocrx_word' id='word_1_222' title='bbox 1523 1951 1815 2006; x_wconf 72' lang='lat' dir='ltr'>aecclesiae</span> <span class='ocrx_word' id='word_1_223' title='bbox 1848 1950 2034 2012; x_wconf 86' lang='lat' dir='ltr'>curio_</span> 
     </span>
    </p>
   </div>
   <div class='ocr_carea' id='block_1_31' title="bbox 353 2040 2033 2112">
    <p class='ocr_par' dir='ltr' id='par_1_31' title="bbox 353 2040 2033 2112">
     <span class='ocr_line' id='line_1_31' title="bbox 353 2040 2033 2112; baseline -0.003 -15"><span class='ocrx_word' id='word_1_224' title='bbox 353 2045 483 2098; x_wconf 91' lang='lat' dir='ltr'>sius</span> <span class='ocrx_word' id='word_1_225' title='bbox 520 2043 1081 2112; x_wconf 89' lang='lat' dir='ltr'>contemplabantur.</span> <span class='ocrx_word' id='word_1_226' title='bbox 1109 2043 1277 2096; x_wconf 90' lang='lat' dir='ltr'>Unus</span> <span class='ocrx_word' id='word_1_227' title='bbox 1294 2045 1487 2096; x_wconf 88' lang='lat' dir='ltr'>autem</span> <span class='ocrx_word' id='word_1_228' title='bbox 1513 2057 1587 2095; x_wconf 89' lang='lat' dir='ltr'>ex</span> <span class='ocrx_word' id='word_1_229' title='bbox 1619 2041 1713 2095; x_wconf 89' lang='lat' dir='ltr'>his</span> <span class='ocrx_word' id='word_1_230' title='bbox 1741 2040 1811 2094; x_wconf 91' lang='lat' dir='ltr'>ad</span> <span class='ocrx_word' id='word_1_231' title='bbox 1847 2042 2033 2093; x_wconf 90' lang='lat' dir='ltr'>tumu-</span> 
     </span>
    </p>
   </div>
   <div class='ocr_carea' id='block_1_32' title="bbox 352 2129 2030 2198">
    <p class='ocr_par' dir='ltr' id='par_1_32' title="bbox 352 2129 2030 2198">
     <span class='ocr_line' id='line_1_32' title="bbox 352 2129 2030 2198; baseline -0.002 -12"><span class='ocrx_word' id='word_1_232' title='bbox 352 2133 474 2186; x_wconf 92' lang='lat' dir='ltr'>lum</span> <span class='ocrx_word' id='word_1_233' title='bbox 487 2133 599 2185; x_wconf 89' lang='lat' dir='ltr'>viri</span> <span class='ocrx_word' id='word_1_234' title='bbox 612 2132 715 2186; x_wconf 91' lang='lat' dir='ltr'>Dei</span> <span class='ocrx_word' id='word_1_235' title='bbox 736 2131 1028 2186; x_wconf 86' lang='lat' dir='ltr'>incautius</span> <span class='ocrx_word' id='word_1_236' title='bbox 1043 2131 1354 2198; x_wconf 90' lang='lat' dir='ltr'>accedens,</span> <span class='ocrx_word' id='word_1_237' title='bbox 1371 2132 1692 2186; x_wconf 90' lang='lat' dir='ltr'>sicutterra</span> <span class='ocrx_word' id='word_1_238' title='bbox 1712 2129 2030 2184; x_wconf 87' lang='lat' dir='ltr'>dehiscens</span> 
     </span>
    </p>
   </div>
   <div class='ocr_carea' id='block_1_33' title="bbox 355 2219 2029 2290">
    <p class='ocr_par' dir='ltr' id='par_1_33' title="bbox 355 2219 2029 2290">
     <span class='ocr_line' id='line_1_33' title="bbox 355 2219 2029 2290; baseline -0.001 -16"><span class='ocrx_word' id='word_1_239' title='bbox 355 2238 386 2274; x_wconf 87' lang='lat' dir='ltr'>a</span> <span class='ocrx_word' id='word_1_240' title='bbox 409 2236 642 2276; x_wconf 90' lang='lat' dir='ltr'>summo</span> <span class='ocrx_word' id='word_1_241' title='bbox 666 2235 856 2290; x_wconf 87' lang='lat' dir='ltr'>usque</span> <span class='ocrx_word' id='word_1_242' title='bbox 879 2221 1160 2274; x_wconf 89' lang='lat' dir='ltr'>deorsum</span> <span class='ocrx_word' id='word_1_243' title='bbox 1183 2219 1389 2272; x_wconf 88' lang='lat' dir='ltr'>rimam</span> <span class='ocrx_word' id='word_1_244' title='bbox 1412 2219 1650 2286; x_wconf 80' lang='lat' dir='ltr'>fecerat,</span> <span class='ocrx_word' id='word_1_245' title='bbox 1675 2219 1772 2272; x_wconf 90' lang='lat' dir='ltr'>ille</span> <span class='ocrx_word' id='word_1_246' title='bbox 1797 2222 2029 2287; x_wconf 89' lang='lat' dir='ltr'>arrepto</span> 
     </span>
    </p>
   </div>
   <div class='ocr_carea' id='block_1_34' title="bbox 355 2307 2029 2378">
    <p class='ocr_par' dir='ltr' id='par_1_34' title="bbox 355 2307 2029 2378">
     <span class='ocr_line' id='line_1_34' title="bbox 355 2307 2029 2378; baseline -0.001 -15"><span class='ocrx_word' id='word_1_247' title='bbox 355 2309 591 2364; x_wconf 89' lang='lat' dir='ltr'>sarculo</span> <span class='ocrx_word' id='word_1_248' title='bbox 613 2309 791 2378; x_wconf 71' lang='lat' dir='ltr'>empit</span> <span class='ocrx_word' id='word_1_249' title='bbox 813 2310 1201 2378; x_wconf 88' lang='lat' dir='ltr'>spelunquam</span> <span class='ocrx_word' id='word_1_250' title='bbox 1219 2308 1387 2378; x_wconf 90' lang='lat' dir='ltr'>quasi</span> <span class='ocrx_word' id='word_1_251' title='bbox 1407 2307 1700 2363; x_wconf 87' lang='lat' dir='ltr'>insultans</span> <span class='ocrx_word' id='word_1_252' title='bbox 1721 2307 2029 2362; x_wconf 88' lang='lat' dir='ltr'>fodicando</span> 
     </span>
    </p>
   </div>
   <div class='ocr_carea' id='block_1_35' title="bbox 357 2396 2032 2467">
    <p class='ocr_par' dir='ltr' id='par_1_35' title="bbox 357 2396 2032 2467">
     <span class='ocr_line' id='line_1_35' title="bbox 357 2396 2032 2467; baseline -0.001 -16"><span class='ocrx_word' id='word_1_253' title='bbox 357 2400 768 2467; x_wconf 89' lang='lat' dir='ltr'>pretemptare.</span> <span class='ocrx_word' id='word_1_254' title='bbox 801 2396 908 2461; x_wconf 90' lang='lat' dir='ltr'>Qui</span> <span class='ocrx_word' id='word_1_255' title='bbox 951 2397 1147 2450; x_wconf 88' lang='lat' dir='ltr'>statim</span> <span class='ocrx_word' id='word_1_256' title='bbox 1185 2397 1433 2451; x_wconf 76' lang='lat' dir='ltr'>caatitate</span> <span class='ocrx_word' id='word_1_257' title='bbox 1473 2413 1820 2466; x_wconf 81' lang='lat' dir='ltr'>percussus,</span> <span class='ocrx_word' id='word_1_258' title='bbox 1856 2397 2032 2466; x_wconf 78' lang='lat' dir='ltr'>ccepit</span> 
     </span>
    </p>
   </div>
   <div class='ocr_carea' id='block_1_36' title="bbox 359 2485 2030 2556">
    <p class='ocr_par' dir='ltr' id='par_1_36' title="bbox 359 2485 2030 2556">
     <span class='ocr_line' id='line_1_36' title="bbox 359 2485 2030 2556; baseline 0.001 -17"><span class='ocrx_word' id='word_1_259' title='bbox 359 2485 651 2556; x_wconf 89' lang='lat' dir='ltr'>palpando</span> <span class='ocrx_word' id='word_1_260' title='bbox 687 2485 900 2539; x_wconf 87' lang='lat' dir='ltr'>ducem</span> <span class='ocrx_word' id='word_1_261' title='bbox 936 2501 1224 2556; x_wconf 63' lang='lat' dir='ltr'>quaerere,</span> <span class='ocrx_word' id='word_1_262' title='bbox 1263 2485 1473 2539; x_wconf 89' lang='lat' dir='ltr'>ducem</span> <span class='ocrx_word' id='word_1_263' title='bbox 1507 2487 1779 2540; x_wconf 88' lang='lat' dir='ltr'>clamare.</span> <span class='ocrx_word' id='word_1_264' title='bbox 1819 2485 2030 2540; x_wconf 86' lang='lat' dir='ltr'>Exter-</span> 
     </span>
    </p>
   </div>
   <div class='ocr_carea' id='block_1_37' title="bbox 359 2573 2031 2647">
    <p class='ocr_par' dir='ltr' id='par_1_37' title="bbox 359 2573 2031 2647">
     <span class='ocr_line' id='line_1_37' title="bbox 359 2573 2031 2647; baseline 0.002 -20"><span class='ocrx_word' id='word_1_265' title='bbox 359 2575 458 2628; x_wconf 89' lang='lat' dir='ltr'>riti</span> <span class='ocrx_word' id='word_1_266' title='bbox 487 2574 586 2644; x_wconf 89' lang='lat' dir='ltr'>qui</span> <span class='ocrx_word' id='word_1_267' title='bbox 611 2573 852 2627; x_wconf 88' lang='lat' dir='ltr'>aderant</span> <span class='ocrx_word' id='word_1_268' title='bbox 881 2574 1077 2628; x_wconf 91' lang='lat' dir='ltr'>subita</span> <span class='ocrx_word' id='word_1_269' title='bbox 1099 2577 1347 2629; x_wconf 91' lang='lat' dir='ltr'>eventus</span> <span class='ocrx_word' id='word_1_270' title='bbox 1388 2575 1808 2644; x_wconf 89' lang='lat' dir='ltr'>immutatione,</span> <span class='ocrx_word' id='word_1_271' title='bbox 1838 2577 2031 2647; x_wconf 89' lang='lat' dir='ltr'>magis</span> 
     </span>
    </p>
   </div>
   <div class='ocr_carea' id='block_1_38' title="bbox 359 2662 2032 2734">
    <p class='ocr_par' dir='ltr' id='par_1_38' title="bbox 359 2662 2032 2734">
     <span class='ocr_line' id='line_1_38' title="bbox 359 2662 2032 2734; baseline 0.002 -19"><span class='ocrx_word' id='word_1_272' title='bbox 359 2662 477 2716; x_wconf 89' lang='lat' dir='ltr'>sibi</span> <span class='ocrx_word' id='word_1_273' title='bbox 513 2663 768 2734; x_wconf 89' lang='lat' dir='ltr'>quisque</span> <span class='ocrx_word' id='word_1_274' title='bbox 797 2663 1058 2730; x_wconf 86' lang='lat' dir='ltr'>timebat,</span> <span class='ocrx_word' id='word_1_275' title='bbox 1093 2679 1166 2717; x_wconf 91' lang='lat' dir='ltr'>ne</span> <span class='ocrx_word' id='word_1_276' title='bbox 1206 2665 1480 2732; x_wconf 90' lang='lat' dir='ltr'>percussi</span> <span class='ocrx_word' id='word_1_277' title='bbox 1515 2664 1693 2719; x_wconf 89' lang='lat' dir='ltr'>simili</span> <span class='ocrx_word' id='word_1_278' title='bbox 1744 2667 2032 2720; x_wconf 89' lang='lat' dir='ltr'>sententia</span> 
     </span>
    </p>
   </div>
   <div class='ocr_carea' id='block_1_39' title="bbox 361 2749 2034 2823">
    <p class='ocr_par' dir='ltr' id='par_1_39' title="bbox 361 2749 2034 2823">
     <span class='ocr_line' id='line_1_39' title="bbox 361 2749 2034 2823; baseline 0.003 -19"><span class='ocrx_word' id='word_1_279' title='bbox 361 2752 785 2820; x_wconf 88' lang='lat' dir='ltr'>plecteruntur.</span> <span class='ocrx_word' id='word_1_280' title='bbox 824 2749 1279 2806; x_wconf 90' lang='lat' dir='ltr'>Sciscitantibus</span> <span class='ocrx_word' id='word_1_281' title='bbox 1309 2757 1502 2808; x_wconf 91' lang='lat' dir='ltr'>autem</span> <span class='ocrx_word' id='word_1_282' title='bbox 1539 2755 1753 2823; x_wconf 87' lang='lat' dir='ltr'>privati</span> <span class='ocrx_word' id='word_1_283' title='bbox 1793 2771 2034 2810; x_wconf 87' lang='lat' dir='ltr'>causam</span> 
     </span>
    </p>
   </div>
   <div class='ocr_carea' id='block_1_40' title="bbox 359 2837 2035 2915">
    <p class='ocr_par' dir='ltr' id='par_1_40' title="bbox 359 2837 2035 2915">
     <span class='ocr_line' id='line_1_40' title="bbox 359 2837 2035 2915; baseline 0.004 -23"><span class='ocrx_word' id='word_1_284' title='bbox 359 2837 628 2908; x_wconf 89' lang='lat' dir='ltr'>luminis,</span> <span class='ocrx_word' id='word_1_285' title='bbox 652 2840 977 2908; x_wconf 85' lang='lat' dir='ltr'>respondit,</span> <span class='ocrx_word' id='word_1_286' title='bbox 1005 2855 1077 2894; x_wconf 85' lang='lat' dir='ltr'>ex</span> <span class='ocrx_word' id='word_1_287' title='bbox 1098 2841 1475 2897; x_wconf 89' lang='lat' dir='ltr'>insultatione</span> <span class='ocrx_word' id='word_1_288' title='bbox 1496 2845 1826 2914; x_wconf 88' lang='lat' dir='ltr'>temeraria,</span> <span class='ocrx_word' id='word_1_289' title='bbox 1860 2860 2035 2915; x_wconf 90' lang='lat' dir='ltr'>quam</span> 
     </span>
    </p>
   </div>
   <div class='ocr_carea' id='block_1_41' title="bbox 363 2927 2036 2996">
    <p class='ocr_par' dir='ltr' id='par_1_41' title="bbox 363 2927 2036 2996">
     <span class='ocr_line' id='line_1_41' title="bbox 363 2927 2036 2996; baseline 0.004 -16"><span class='ocrx_word' id='word_1_290' title='bbox 363 2927 646 2982; x_wconf 89' lang='lat' dir='ltr'>tumulato</span> <span class='ocrx_word' id='word_1_291' title='bbox 682 2927 975 2996; x_wconf 89' lang='lat' dir='ltr'>intulerat,</span> <span class='ocrx_word' id='word_1_292' title='bbox 1014 2929 1130 2982; x_wconf 91' lang='lat' dir='ltr'>sibi</span> <span class='ocrx_word' id='word_1_293' title='bbox 1166 2930 1384 2985; x_wconf 89' lang='lat' dir='ltr'>misero</span> <span class='ocrx_word' id='word_1_294' title='bbox 1421 2932 1533 2985; x_wconf 92' lang='lat' dir='ltr'>hoc</span> <span class='ocrx_word' id='word_1_295' title='bbox 1573 2933 1886 2987; x_wconf 90' lang='lat' dir='ltr'>accidisse.</span> <span class='ocrx_word' id='word_1_296' title='bbox 1939 2934 2036 2986; x_wconf 92' lang='lat' dir='ltr'>In-</span> 
     </span>
    </p>
   </div>
   <div class='ocr_carea' id='block_1_42' title="bbox 364 3017 2037 3092">
    <p class='ocr_par' dir='ltr' id='par_1_42' title="bbox 364 3017 2037 3092">
     <span class='ocr_line' id='line_1_42' title="bbox 364 3017 2037 3092; baseline 0.005 -24"><span class='ocrx_word' id='word_1_297' title='bbox 364 3020 537 3071; x_wconf 86' lang='lat' dir='ltr'>vento</span> <span class='ocrx_word' id='word_1_298' title='bbox 559 3017 744 3086; x_wconf 79' lang='lat' dir='ltr'>igitur</span> <span class='ocrx_word' id='word_1_299' title='bbox 773 3017 1051 3071; x_wconf 89' lang='lat' dir='ltr'>salutaris</span> <span class='ocrx_word' id='word_1_300' title='bbox 1078 3019 1320 3072; x_wconf 90' lang='lat' dir='ltr'>remedii</span> <span class='ocrx_word' id='word_1_301' title='bbox 1355 3021 1624 3091; x_wconf 91' lang='lat' dir='ltr'>consilio,</span> <span class='ocrx_word' id='word_1_302' title='bbox 1659 3037 1909 3092; x_wconf 91' lang='lat' dir='ltr'>puerum</span> <span class='ocrx_word' id='word_1_303' title='bbox 1936 3037 2037 3076; x_wconf 85' lang='lat' dir='ltr'>ca-</span> 
     </span>
    </p>
   </div>
   <div class='ocr_carea' id='block_1_43' title="bbox 362 3105 2040 3176">
    <p class='ocr_par' dir='ltr' id='par_1_43' title="bbox 362 3105 2040 3176">
     <span class='ocr_line' id='line_1_43' title="bbox 362 3105 2040 3176; baseline 0.004 -17"><span class='ocrx_word' id='word_1_304' title='bbox 362 3105 502 3176; x_wconf 89' lang='lat' dir='ltr'>pitis</span> <span class='ocrx_word' id='word_1_305' title='bbox 525 3106 620 3160; x_wconf 91' lang='lat' dir='ltr'>sui</span> <span class='ocrx_word' id='word_1_306' title='bbox 642 3105 936 3160; x_wconf 90' lang='lat' dir='ltr'>deditione</span> <span class='ocrx_word' id='word_1_307' title='bbox 957 3106 1015 3175; x_wconf 92' lang='grc'>(1</span> <span class='ocrx_word' id='word_1_308' title='bbox 1033 3107 1133 3176; x_wconf 79' lang='grc'>12)</span> <span class='ocrx_word' id='word_1_309' title='bbox 1149 3109 1324 3162; x_wconf 64' lang='lat' dir='ltr'>tanta:</span> <span class='ocrx_word' id='word_1_310' title='bbox 1342 3109 1872 3166; x_wconf 86' lang='lat' dir='ltr'>animadversionis</span> <span class='ocrx_word' id='word_1_311' title='bbox 1893 3112 2040 3165; x_wconf 88' lang='lat' dir='ltr'>iram</span> 
     </span>
    </p>
   </div>
   <div class='ocr_carea' id='block_1_44' title="bbox 370 3194 2040 3267">
    <p class='ocr_par' dir='ltr' id='par_1_44' title="bbox 370 3194 2040 3267">
     <span class='ocr_line' id='line_1_44' title="bbox 370 3194 2040 3267; baseline 0.005 -20"><span class='ocrx_word' id='word_1_312' title='bbox 370 3195 602 3262; x_wconf 87' lang='lat' dir='ltr'>placare</span> <span class='ocrx_word' id='word_1_313' title='bbox 641 3195 909 3250; x_wconf 86' lang='lat' dir='ltr'>suadent.</span> <span class='ocrx_word' id='word_1_314' title='bbox 947 3194 1164 3266; x_wconf 92' lang='lat' dir='ltr'>Sicque</span> <span class='ocrx_word' id='word_1_315' title='bbox 1201 3195 1416 3251; x_wconf 89' lang='lat' dir='ltr'>factum</span> <span class='ocrx_word' id='word_1_316' title='bbox 1468 3201 1590 3267; x_wconf 83' lang='lat' dir='ltr'>est;</span> <span class='ocrx_word' id='word_1_317' title='bbox 1641 3215 1778 3254; x_wconf 90' lang='lat' dir='ltr'>mox</span> <span class='ocrx_word' id='word_1_318' title='bbox 1823 3202 2040 3256; x_wconf 84' lang='lat' dir='ltr'>lumine</span> 
     </span>
    </p>
   </div>
   <div class='ocr_carea' id='block_1_45' title="bbox 368 3283 1938 3359">
    <p class='ocr_par' dir='ltr' id='par_1_45' title="bbox 368 3283 1938 3359">
     <span class='ocr_line' id='line_1_45' title="bbox 368 3283 1938 3359; baseline 0.004 -21"><span class='ocrx_word' id='word_1_319' title='bbox 368 3287 626 3354; x_wconf 88' lang='lat' dir='ltr'>recepto,</span> <span class='ocrx_word' id='word_1_320' title='bbox 653 3299 803 3352; x_wconf 89' lang='lat' dir='ltr'>puer</span> <span class='ocrx_word' id='word_1_321' title='bbox 825 3283 979 3338; x_wconf 91' lang='lat' dir='ltr'>haud</span> <span class='ocrx_word' id='word_1_322' title='bbox 997 3285 1375 3340; x_wconf 89' lang='lat' dir='ltr'>mediocriter</span> <span class='ocrx_word' id='word_1_323' title='bbox 1397 3289 1726 3359; x_wconf 85' lang='lat' dir='ltr'>castigatus</span> <span class='ocrx_word' id='word_1_324' title='bbox 1741 3290 1938 3345; x_wconf 81' lang='lat' dir='ltr'>rediit.</span> 
     </span>
    </p>
   </div>
   <div class='ocr_carea' id='block_1_46' title="bbox 437 3371 2045 3450">
    <p class='ocr_par' dir='ltr' id='par_1_46' title="bbox 437 3371 2045 3450">
     <span class='ocr_line' id='line_1_46' title="bbox 437 3371 2045 3450; baseline 0.006 -24"><span class='ocrx_word' id='word_1_325' title='bbox 437 3374 526 3426; x_wconf 87' lang='lat'>30.</span> <span class='ocrx_word' id='word_1_326' title='bbox 551 3371 664 3428; x_wconf 81' lang='lat' dir='ltr'>Ubi</span> <span class='ocrx_word' id='word_1_327' title='bbox 679 3372 1004 3427; x_wconf 82' lang='lat' dir='ltr'>Fulbertus</span> <span class='ocrx_word' id='word_1_328' title='bbox 1029 3374 1338 3445; x_wconf 84' lang='lat' dir='ltr'>episcopus</span> <span class='ocrx_word' id='word_1_329' title='bbox 1358 3383 1622 3431; x_wconf 85' lang='lat' dir='ltr'>sanctum</span> <span class='ocrx_word' id='word_1_330' title='bbox 1650 3395 1862 3450; x_wconf 87' lang='lat' dir='ltr'>corpus</span> <span class='ocrx_word' id='word_1_331' title='bbox 1880 3381 2045 3436; x_wconf 87' lang='lat' dir='ltr'>beati</span> 
     </span>
    </p>
   </div>
   <div class='ocr_carea' id='block_1_47' title="bbox 382 3459 2044 3537">
    <p class='ocr_par' dir='ltr' id='par_1_47' title="bbox 382 3459 2044 3537">
     <span class='ocr_line' id='line_1_47' title="bbox 382 3459 2044 3537; baseline 0.007 -24"><span class='ocrx_word' id='word_1_332' title='bbox 382 3460 712 3514; x_wconf 73' lang='lat' dir='ltr'>Vinditiani</span> <span class='ocrx_word' id='word_1_333' title='bbox 723 3459 1048 3515; x_wconf 82' lang='lat' dir='ltr'>honori/ica</span> <span class='ocrx_word' id='word_1_334' title='bbox 1069 3461 1315 3516; x_wconf 83' lang='lat' dir='ltr'>levavit.</span> <span class='ocrx_word' id='word_1_335' title='bbox 1343 3463 1542 3535; x_wconf 83' lang='lat' dir='ltr'>Hujus</span> <span class='ocrx_word' id='word_1_336' title='bbox 1563 3465 1757 3537; x_wconf 89' lang='lat' dir='ltr'>itaque</span> <span class='ocrx_word' id='word_1_337' title='bbox 1775 3469 2044 3524; x_wconf 89' lang='lat' dir='ltr'>miraculi</span> 
     </span>
    </p>
   </div>
   <div class='ocr_carea' id='block_1_48' title="bbox 374 3549 2044 3628">
    <p class='ocr_par' dir='ltr' id='par_1_48' title="bbox 374 3549 2044 3628">
     <span class='ocr_line' id='line_1_48' title="bbox 374 3549 2044 3628; baseline 0.006 -26"><span class='ocrx_word' id='word_1_338' title='bbox 374 3549 532 3602; x_wconf 89' lang='lat' dir='ltr'>fuma</span> <span class='ocrx_word' id='word_1_339' title='bbox 567 3563 674 3617; x_wconf 93' lang='lat' dir='ltr'>per</span> <span class='ocrx_word' id='word_1_340' title='bbox 702 3549 955 3601; x_wconf 90' lang='lat' dir='ltr'>vicinam</span> <span class='ocrx_word' id='word_1_341' title='bbox 996 3550 1300 3620; x_wconf 89' lang='lat' dir='ltr'>regionem</span> <span class='ocrx_word' id='word_1_342' title='bbox 1338 3555 1653 3621; x_wconf 91' lang='lat' dir='ltr'>pertonuit,</span> <span class='ocrx_word' id='word_1_343' title='bbox 1695 3556 2044 3628; x_wconf 89' lang='lat' dir='ltr'>plebemque</span> 
     </span>
    </p>
   </div>
   <div class='ocr_carea' id='block_1_49' title="bbox 371 3635 2044 3708">
    <p class='ocr_par' dir='ltr' id='par_1_49' title="bbox 371 3635 2044 3708">
     <span class='ocr_line' id='line_1_49' title="bbox 371 3635 2044 3708; baseline 0.006 -17"><span class='ocrx_word' id='word_1_344' title='bbox 371 3638 548 3708; x_wconf 89' lang='lat' dir='ltr'>longe</span> <span class='ocrx_word' id='word_1_345' title='bbox 568 3635 801 3706; x_wconf 90' lang='lat' dir='ltr'>lateque</span> <span class='ocrx_word' id='word_1_346' title='bbox 834 3651 1016 3706; x_wconf 89' lang='lat' dir='ltr'>super</span> <span class='ocrx_word' id='word_1_347' title='bbox 1040 3639 1479 3694; x_wconf 88' lang='lat' dir='ltr'>venerationem</span> <span class='ocrx_word' id='word_1_348' title='bbox 1510 3644 1647 3696; x_wconf 92' lang='lat' dir='ltr'>tanti</span> <span class='ocrx_word' id='word_1_349' title='bbox 1679 3645 1791 3698; x_wconf 90' lang='lat' dir='ltr'>viri</span> <span class='ocrx_word' id='word_1_350' title='bbox 1823 3647 2044 3700; x_wconf 88' lang='lat' dir='ltr'>excita-</span> 
     </span>
    </p>
   </div>
   <div class='ocr_carea' id='block_1_50' title="bbox 373 3724 2046 3805">
    <p class='ocr_par' dir='ltr' id='par_1_50' title="bbox 373 3724 2046 3805">
     <span class='ocr_line' id='line_1_50' title="bbox 373 3724 2046 3805; baseline 0.007 -27"><span class='ocrx_word' id='word_1_351' title='bbox 373 3727 474 3780; x_wconf 91' lang='lat' dir='ltr'>vit.</span> <span class='ocrx_word' id='word_1_352' title='bbox 499 3724 624 3790; x_wconf 86' lang='lat' dir='ltr'>Qua</span> <span class='ocrx_word' id='word_1_353' title='bbox 645 3725 819 3779; x_wconf 90' lang='lat' dir='ltr'>etiam</span> <span class='ocrx_word' id='word_1_354' title='bbox 841 3726 1158 3780; x_wconf 86' lang='lat' dir='ltr'>Fulbertus</span> <span class='ocrx_word' id='word_1_355' title='bbox 1179 3729 1446 3798; x_wconf 84' lang='lat' dir='ltr'>pontifex</span> <span class='ocrx_word' id='word_1_356' title='bbox 1463 3733 1762 3802; x_wconf 90' lang='lat' dir='ltr'>attonitus,</span> <span class='ocrx_word' id='word_1_357' title='bbox 1790 3736 1890 3804; x_wconf 89' lang='lat' dir='ltr'>qui</span> <span class='ocrx_word' id='word_1_358' title='bbox 1911 3740 2046 3805; x_wconf 91' lang='lat' dir='ltr'>post</span> 
     </span>
    </p>
   </div>
   <div class='ocr_carea' id='block_1_51' title="bbox 375 3814 2044 3892">
    <p class='ocr_par' dir='ltr' id='par_1_51' title="bbox 375 3814 2044 3892">
     <span class='ocr_line' id='line_1_51' title="bbox 375 3814 2044 3892; baseline 0.007 -24"><span class='ocrx_word' id='word_1_359' title='bbox 375 3815 539 3869; x_wconf 91' lang='lat' dir='ltr'>illum</span> <span class='ocrx_word' id='word_1_360' title='bbox 573 3815 708 3868; x_wconf 73' lang='grc' dir='ltr'>15ιιο</span> <span class='ocrx_word' id='word_1_361' title='bbox 746 3814 805 3869; x_wconf 92' lang='lat' dir='ltr'>in</span> <span class='ocrx_word' id='word_1_362' title='bbox 827 3815 1129 3886; x_wconf 83' lang='lat' dir='ltr'>episcOpio</span> <span class='ocrx_word' id='word_1_363' title='bbox 1153 3817 1361 3884; x_wconf 85' lang='lat' dir='ltr'>extitit,</span> <span class='ocrx_word' id='word_1_364' title='bbox 1384 3823 1653 3874; x_wconf 86' lang='lat' dir='ltr'>sanctum</span> <span class='ocrx_word' id='word_1_365' title='bbox 1689 3837 1908 3892; x_wconf 87' lang='lat' dir='ltr'>corpus</span> <span class='ocrx_word' id='word_1_366' title='bbox 1956 3824 2044 3879; x_wconf 89' lang='lat' dir='ltr'>le-</span> 
     </span>
    </p>
   </div>
   <div class='ocr_carea' id='block_1_52' title="bbox 376 3904 2044 3980">
    <p class='ocr_par' dir='ltr' id='par_1_52' title="bbox 376 3904 2044 3980">
     <span class='ocr_line' id='line_1_52' title="bbox 376 3904 2044 3980; baseline 0.007 -23"><span class='ocrx_word' id='word_1_367' title='bbox 376 3919 521 3960; x_wconf 89' lang='lat' dir='ltr'>vare</span> <span class='ocrx_word' id='word_1_368' title='bbox 549 3904 864 3974; x_wconf 88' lang='lat' dir='ltr'>disposuit,</span> <span class='ocrx_word' id='word_1_369' title='bbox 893 3908 949 3958; x_wconf 89' lang='lat' dir='ltr'>et</span> <span class='ocrx_word' id='word_1_370' title='bbox 975 3904 1300 3961; x_wconf 81' lang='lat' dir='ltr'>honoriﬁce</span> <span class='ocrx_word' id='word_1_371' title='bbox 1322 3907 1378 3960; x_wconf 91' lang='lat' dir='ltr'>in</span> <span class='ocrx_word' id='word_1_372' title='bbox 1403 3907 1613 3964; x_wconf 88' lang='lat' dir='ltr'>locello</span> <span class='ocrx_word' id='word_1_373' title='bbox 1637 3909 1866 3980; x_wconf 83' lang='lat' dir='ltr'>lapideo</span> <span class='ocrx_word' id='word_1_374' title='bbox 1891 3929 2044 3967; x_wconf 90' lang='lat' dir='ltr'>con-</span> 
     </span>
    </p>
   </div>
   <div class='ocr_carea' id='block_1_53' title="bbox 378 3993 2046 4064">
    <p class='ocr_par' dir='ltr' id='par_1_53' title="bbox 378 3993 2046 4064">
     <span class='ocr_line' id='line_1_53' title="bbox 378 3993 2046 4064; baseline 0.004 -16"><span class='ocrx_word' id='word_1_375' title='bbox 378 3993 563 4048; x_wconf 91' lang='lat' dir='ltr'>ditum</span> <span class='ocrx_word' id='word_1_376' title='bbox 585 3993 844 4063; x_wconf 86' lang='lat' dir='ltr'>repperit</span> <span class='ocrx_word' id='word_1_377' title='bbox 861 3993 1043 4059; x_wconf 86' lang='lat' dir='ltr'>(circa</span> <span class='ocrx_word' id='word_1_378' title='bbox 1061 4010 1154 4048; x_wconf 88' lang='lat' dir='ltr'>an.</span> <span class='ocrx_word' id='word_1_379' title='bbox 1174 3994 1322 4064; x_wconf 66' lang='grc'>940).</span> <span class='ocrx_word' id='word_1_380' title='bbox 1339 3995 1521 4051; x_wconf 90' lang='lat' dir='ltr'>Suum</span> <span class='ocrx_word' id='word_1_381' title='bbox 1543 4001 1733 4053; x_wconf 87' lang='lat' dir='ltr'>autem</span> <span class='ocrx_word' id='word_1_382' title='bbox 1751 4001 2046 4056; x_wconf 88' lang='lat' dir='ltr'>archidia-</span> 
     </span>
    </p>
   </div>
   <div class='ocr_carea' id='block_1_54' title="bbox 378 4081 2046 4159">
    <p class='ocr_par' dir='ltr' id='par_1_54' title="bbox 378 4081 2046 4159">
     <span class='ocr_line' id='line_1_54' title="bbox 378 4081 2046 4159; baseline 0.005 -22"><span class='ocrx_word' id='word_1_383' title='bbox 378 4097 611 4150; x_wconf 89' lang='lat' dir='ltr'>conum,</span> <span class='ocrx_word' id='word_1_384' title='bbox 661 4085 725 4135; x_wconf 91' lang='lat' dir='ltr'>ut</span> <span class='ocrx_word' id='word_1_385' title='bbox 765 4081 977 4150; x_wconf 89' lang='lat' dir='ltr'>ferunt,</span> <span class='ocrx_word' id='word_1_386' title='bbox 1023 4083 1386 4140; x_wconf 87' lang='lat' dir='ltr'>Honoratum</span> <span class='ocrx_word' id='word_1_387' title='bbox 1424 4085 1596 4157; x_wconf 87' lang='lat' dir='ltr'>juxta</span> <span class='ocrx_word' id='word_1_388' title='bbox 1643 4089 2046 4159; x_wconf 87' lang='lat' dir='ltr'>quiescentem</span> 
     </span>
    </p>
   </div>
   <div class='ocr_carea' id='block_1_55' title="bbox 378 4171 933 4241">
    <p class='ocr_par' dir='ltr' id='par_1_55' title="bbox 378 4171 933 4241">
     <span class='ocr_line' id='line_1_55' title="bbox 378 4171 933 4241; baseline 0.004 -17"><span class='ocrx_word' id='word_1_389' title='bbox 378 4172 660 4226; x_wconf 88' lang='lat' dir='ltr'>intactum</span> <span class='ocrx_word' id='word_1_390' title='bbox 677 4171 933 4241; x_wconf 88' lang='lat' dir='ltr'>reliquit.</span> 
     </span>
    </p>
   </div>
   <div class='ocr_carea' id='block_1_56' title="bbox 441 4259 2040 4324">
    <p class='ocr_par' dir='ltr' id='par_1_56' title="bbox 441 4259 2040 4324">
     <span class='ocr_line' id='line_1_56' title="bbox 441 4259 2040 4324; baseline 0.006 -9"><span class='ocrx_word' id='word_1_391' title='bbox 441 4261 515 4315; x_wconf 80' lang='lat'>31</span> <span class='ocrx_word' id='word_1_392' title='bbox 577 4259 693 4315; x_wconf 86' lang='lat' dir='ltr'>Ubi</span> <span class='ocrx_word' id='word_1_393' title='bbox 739 4261 978 4315; x_wconf 85' lang='lat' dir='ltr'>meritis</span> <span class='ocrx_word' id='word_1_394' title='bbox 1035 4260 1364 4317; x_wconf 80' lang='lat' dir='ltr'>Vinditiani</span> <span class='ocrx_word' id='word_1_395' title='bbox 1414 4280 1602 4320; x_wconf 57' lang='lat' dir='ltr'>cacus</span> <span class='ocrx_word' id='word_1_396' title='bbox 1655 4267 2040 4324; x_wconf 85' lang='lat' dir='ltr'>illuminatur.</span> 
     </span>
    </p>
   </div>
   <div class='ocr_carea' id='block_1_57' title="bbox 2150 1951 3813 2024">
    <p class='ocr_par' dir='ltr' id='par_1_57' title="bbox 2150 1951 3813 2024">
     <span class='ocr_line' id='line_1_57' title="bbox 2150 1951 3813 2024; baseline 0.001 -19"><span class='ocrx_word' id='word_1_397' title='bbox 2150 1953 2482 2022; x_wconf 83' lang='lat' dir='ltr'>Arnulfum,</span> <span class='ocrx_word' id='word_1_398' title='bbox 2504 1955 2638 2024; x_wconf 89' lang='lat' dir='ltr'>quia</span> <span class='ocrx_word' id='word_1_399' title='bbox 2657 1968 2901 2008; x_wconf 88' lang='lat' dir='ltr'>numero</span> <span class='ocrx_word' id='word_1_400' title='bbox 2924 1953 3172 2006; x_wconf 91' lang='lat' dir='ltr'>inferior</span> <span class='ocrx_word' id='word_1_401' title='bbox 3193 1957 3349 2019; x_wconf 88' lang='lat' dir='ltr'>erat,</span> <span class='ocrx_word' id='word_1_402' title='bbox 3384 1968 3416 2004; x_wconf 91' lang='lat' dir='ltr'>a</span> <span class='ocrx_word' id='word_1_403' title='bbox 3447 1951 3813 2006; x_wconf 88' lang='lat' dir='ltr'>Valentianis</span> 
     </span>
    </p>
   </div>
   <div class='ocr_carea' id='block_1_58' title="bbox 2147 2041 3814 2113">
    <p class='ocr_par' dir='ltr' id='par_1_58' title="bbox 2147 2041 3814 2113">
     <span class='ocr_line' id='line_1_58' title="bbox 2147 2041 3814 2113; baseline 0.001 -20"><span class='ocrx_word' id='word_1_404' title='bbox 2147 2042 2396 2110; x_wconf 87' lang='lat' dir='ltr'>expulit;</span> <span class='ocrx_word' id='word_1_405' title='bbox 2447 2044 2602 2113; x_wconf 90' lang='lat' dir='ltr'>quod</span> <span class='ocrx_word' id='word_1_406' title='bbox 2652 2043 2888 2113; x_wconf 90' lang='lat' dir='ltr'>quidem</span> <span class='ocrx_word' id='word_1_407' title='bbox 2939 2045 3198 2095; x_wconf 89' lang='lat' dir='ltr'>castrum</span> <span class='ocrx_word' id='word_1_408' title='bbox 3242 2041 3487 2110; x_wconf 90' lang='lat' dir='ltr'>imperio</span> <span class='ocrx_word' id='word_1_409' title='bbox 3549 2041 3814 2094; x_wconf 89' lang='lat' dir='ltr'>Heinrici</span> 
     </span>
    </p>
   </div>
   <div class='ocr_carea' id='block_1_59' title="bbox 2147 2129 3820 2202">
    <p class='ocr_par' dir='ltr' id='par_1_59' title="bbox 2147 2129 3820 2202">
     <span class='ocr_line' id='line_1_59' title="bbox 2147 2129 3820 2202; baseline 0.001 -21"><span class='ocrx_word' id='word_1_410' title='bbox 2147 2129 2530 2202; x_wconf 85' lang='lat' dir='ltr'>subjugatum</span> <span class='ocrx_word' id='word_1_411' title='bbox 2553 2131 2760 2185; x_wconf 87' lang='lat' dir='ltr'>fuerat.</span> <span class='ocrx_word' id='word_1_412' title='bbox 2787 2131 3129 2201; x_wconf 87' lang='lat' dir='ltr'>Indignatus</span> <span class='ocrx_word' id='word_1_413' title='bbox 3170 2131 3486 2198; x_wconf 88' lang='lat' dir='ltr'>imperator</span> <span class='ocrx_word' id='word_1_414' title='bbox 3515 2145 3715 2184; x_wconf 91' lang='lat' dir='ltr'>rerum</span> <span class='ocrx_word' id='word_1_415' title='bbox 3737 2130 3820 2183; x_wconf 89' lang='lat' dir='ltr'>in-</span> 
     </span>
    </p>
   </div>
   <div class='ocr_carea' id='block_1_60' title="bbox 2145 2217 3814 2289">
    <p class='ocr_par' dir='ltr' id='par_1_60' title="bbox 2145 2217 3814 2289">
     <span class='ocr_line' id='line_1_60' title="bbox 2145 2217 3814 2289; baseline 0.001 -19"><span class='ocrx_word' id='word_1_416' title='bbox 2145 2219 2413 2287; x_wconf 88' lang='lat' dir='ltr'>solentia,</span> <span class='ocrx_word' id='word_1_417' title='bbox 2435 2223 2694 2274; x_wconf 90' lang='lat' dir='ltr'>castrum</span> <span class='ocrx_word' id='word_1_418' title='bbox 2719 2223 2772 2274; x_wconf 91' lang='lat' dir='ltr'>et</span> <span class='ocrx_word' id='word_1_419' title='bbox 2791 2221 2917 2289; x_wconf 88' lang='lat' dir='ltr'>ipse</span> <span class='ocrx_word' id='word_1_420' title='bbox 2932 2219 3242 2274; x_wconf 91' lang='lat' dir='ltr'>obsidione</span> <span class='ocrx_word' id='word_1_421' title='bbox 3265 2219 3477 2272; x_wconf 89' lang='lat' dir='ltr'>clausit</span> <span class='ocrx_word' id='word_1_422' title='bbox 3499 2219 3597 2287; x_wconf 86' lang='lat' dir='ltr'>(an</span> <span class='ocrx_word' id='word_1_423' title='bbox 3625 2217 3814 2287; x_wconf 89' lang='grc'>1006).</span> 
     </span>
    </p>
   </div>
   <div class='ocr_carea' id='block_1_61' title="bbox 2143 2306 3817 2363">
    <p class='ocr_par' dir='ltr' id='par_1_61' title="bbox 2143 2306 3817 2363">
     <span class='ocr_line' id='line_1_61' title="bbox 2143 2306 3817 2363; baseline 0.001 -5"><span class='ocrx_word' id='word_1_424' title='bbox 2143 2307 2231 2360; x_wconf 82' lang='lat' dir='ltr'>Ad</span> <span class='ocrx_word' id='word_1_425' title='bbox 2254 2306 2408 2361; x_wconf 86' lang='lat' dir='ltr'>hunc</span> <span class='ocrx_word' id='word_1_426' title='bbox 2435 2309 2732 2363; x_wconf 85' lang='lat' dir='ltr'>Robertus</span> <span class='ocrx_word' id='word_1_427' title='bbox 2755 2308 3120 2362; x_wconf 88' lang='lat' dir='ltr'>Francorum</span> <span class='ocrx_word' id='word_1_428' title='bbox 3141 2323 3250 2361; x_wconf 90' lang='lat' dir='ltr'>rex</span> <span class='ocrx_word' id='word_1_429' title='bbox 3286 2307 3636 2361; x_wconf 70' lang='lat' dir='ltr'>innovandaa</span> <span class='ocrx_word' id='word_1_430' title='bbox 3666 2308 3817 2361; x_wconf 90' lang='lat' dir='ltr'>ami-</span> 
     </span>
    </p>
   </div>
   <div class='ocr_carea' id='block_1_62' title="bbox 2143 2394 3816 2467">
    <p class='ocr_par' dir='ltr' id='par_1_62' title="bbox 2143 2394 3816 2467">
     <span class='ocr_line' id='line_1_62' title="bbox 2143 2394 3816 2467; baseline 0.001 -20"><span class='ocrx_word' id='word_1_431' title='bbox 2143 2394 2296 2450; x_wconf 59' lang='lat' dir='ltr'>citia}</span> <span class='ocrx_word' id='word_1_432' title='bbox 2313 2397 2522 2467; x_wconf 91' lang='lat' dir='ltr'>gratia,</span> <span class='ocrx_word' id='word_1_433' title='bbox 2547 2397 2654 2451; x_wconf 87' lang='lat' dir='ltr'>sed</span> <span class='ocrx_word' id='word_1_434' title='bbox 2677 2401 2733 2450; x_wconf 88' lang='lat' dir='ltr'>et</span> <span class='ocrx_word' id='word_1_435' title='bbox 2758 2397 3092 2451; x_wconf 85' lang='lat' dir='ltr'>Richardus</span> <span class='ocrx_word' id='word_1_436' title='bbox 3114 2397 3640 2467; x_wconf 83' lang='lat' dir='ltr'>Rotomagensium</span> <span class='ocrx_word' id='word_1_437' title='bbox 3672 2396 3816 2465; x_wconf 88' lang='lat' dir='ltr'>dux,</span> 
     </span>
    </p>
   </div>
   <div class='ocr_carea' id='block_1_63' title="bbox 2144 2485 3820 2555">
    <p class='ocr_par' dir='ltr' id='par_1_63' title="bbox 2144 2485 3820 2555">
     <span class='ocr_line' id='line_1_63' title="bbox 2144 2485 3820 2555; baseline 0.003 -19"><span class='ocrx_word' id='word_1_438' title='bbox 2144 2499 2277 2537; x_wconf 92' lang='lat' dir='ltr'>cum</span> <span class='ocrx_word' id='word_1_439' title='bbox 2309 2485 2532 2539; x_wconf 81' lang='lat' dir='ltr'>inﬁnita</span> <span class='ocrx_word' id='word_1_440' title='bbox 2552 2486 2922 2540; x_wconf 89' lang='lat' dir='ltr'>multitudine</span> <span class='ocrx_word' id='word_1_441' title='bbox 2945 2488 3370 2539; x_wconf 89' lang='lat' dir='ltr'>convenerunt.</span> <span class='ocrx_word' id='word_1_442' title='bbox 3395 2485 3554 2540; x_wconf 91' lang='lat' dir='ltr'>Gens</span> <span class='ocrx_word' id='word_1_443' title='bbox 3572 2487 3702 2555; x_wconf 89' lang='lat' dir='ltr'>ipsa</span> <span class='ocrx_word' id='word_1_444' title='bbox 3733 2485 3820 2541; x_wconf 87' lang='lat' dir='ltr'>fe-</span> 
     </span>
    </p>
   </div>
   <div class='ocr_carea' id='block_1_64' title="bbox 2145 2573 3820 2644">
    <p class='ocr_par' dir='ltr' id='par_1_64' title="bbox 2145 2573 3820 2644">
     <span class='ocr_line' id='line_1_64' title="bbox 2145 2573 3820 2644; baseline 0.002 -19"><span class='ocrx_word' id='word_1_445' title='bbox 2145 2587 2254 2626; x_wconf 90' lang='lat' dir='ltr'>rox</span> <span class='ocrx_word' id='word_1_446' title='bbox 2277 2575 2333 2626; x_wconf 90' lang='lat' dir='ltr'>et</span> <span class='ocrx_word' id='word_1_447' title='bbox 2355 2573 2586 2644; x_wconf 88' lang='lat' dir='ltr'>inquies</span> <span class='ocrx_word' id='word_1_448' title='bbox 2610 2575 2778 2643; x_wconf 89' lang='grc'>(115),</span> <span class='ocrx_word' id='word_1_449' title='bbox 2822 2579 2878 2628; x_wconf 91' lang='lat' dir='ltr'>et</span> <span class='ocrx_word' id='word_1_450' title='bbox 2900 2574 3160 2628; x_wconf 79' lang='lat' dir='ltr'>avaritiae</span> <span class='ocrx_word' id='word_1_451' title='bbox 3183 2573 3397 2628; x_wconf 84' lang='lat' dir='ltr'>studiis</span> <span class='ocrx_word' id='word_1_452' title='bbox 3417 2574 3680 2642; x_wconf 89' lang='lat' dir='ltr'>fervens,</span> <span class='ocrx_word' id='word_1_453' title='bbox 3706 2589 3820 2628; x_wconf 89' lang='lat' dir='ltr'>nec</span> 
     </span>
    </p>
   </div>
   <div class='ocr_carea' id='block_1_65' title="bbox 2146 2661 3817 2733">
    <p class='ocr_par' dir='ltr' id='par_1_65' title="bbox 2146 2661 3817 2733">
     <span class='ocr_line' id='line_1_65' title="bbox 2146 2661 3817 2733; baseline 0.002 -19"><span class='ocrx_word' id='word_1_454' title='bbox 2146 2661 2454 2715; x_wconf 67' lang='lat' dir='ltr'>aacclesias</span> <span class='ocrx_word' id='word_1_455' title='bbox 2507 2663 2610 2716; x_wconf 91' lang='lat' dir='ltr'>Dei</span> <span class='ocrx_word' id='word_1_456' title='bbox 2671 2663 2964 2716; x_wconf 86' lang='lat' dir='ltr'>immunes</span> <span class='ocrx_word' id='word_1_457' title='bbox 3023 2663 3389 2733; x_wconf 89' lang='lat' dir='ltr'>reliquerant</span> <span class='ocrx_word' id='word_1_458' title='bbox 3431 2663 3817 2718; x_wconf 89' lang='lat' dir='ltr'>incursionis.</span> 
     </span>
    </p>
   </div>
   <div class='ocr_carea' id='block_1_66' title="bbox 2146 2750 3818 2824">
    <p class='ocr_par' dir='ltr' id='par_1_66' title="bbox 2146 2750 3818 2824">
     <span class='ocr_line' id='line_1_66' title="bbox 2146 2750 3818 2824; baseline 0.002 -21"><span class='ocrx_word' id='word_1_459' title='bbox 2146 2750 2332 2805; x_wconf 87' lang='lat' dir='ltr'>Porro</span> <span class='ocrx_word' id='word_1_460' title='bbox 2354 2751 2804 2806; x_wconf 83' lang='lat' dir='ltr'>Atrabatensem</span> <span class='ocrx_word' id='word_1_461' title='bbox 2834 2752 3202 2821; x_wconf 88' lang='lat' dir='ltr'>provinciam</span> <span class='ocrx_word' id='word_1_462' title='bbox 3243 2755 3668 2824; x_wconf 86' lang='lat' dir='ltr'>peragrantes,</span> <span class='ocrx_word' id='word_1_463' title='bbox 3702 2769 3818 2822; x_wconf 89' lang='lat' dir='ltr'>pa-</span> 
     </span>
    </p>
   </div>
   <div class='ocr_carea' id='block_1_67' title="bbox 2147 2839 3818 2912">
    <p class='ocr_par' dir='ltr' id='par_1_67' title="bbox 2147 2839 3818 2912">
     <span class='ocr_line' id='line_1_67' title="bbox 2147 2839 3818 2912; baseline 0.003 -21"><span class='ocrx_word' id='word_1_464' title='bbox 2147 2839 2316 2892; x_wconf 90' lang='lat' dir='ltr'>triam</span> <span class='ocrx_word' id='word_1_465' title='bbox 2347 2841 2567 2893; x_wconf 89' lang='lat' dir='ltr'>misera</span> <span class='ocrx_word' id='word_1_466' title='bbox 2590 2841 2754 2895; x_wconf 73' lang='lat' dir='ltr'>caede</span> <span class='ocrx_word' id='word_1_467' title='bbox 2775 2840 3088 2894; x_wconf 85' lang='lat' dir='ltr'>vexabant.</span> <span class='ocrx_word' id='word_1_468' title='bbox 3115 2840 3204 2894; x_wconf 82' lang='lat' dir='ltr'>Ex</span> <span class='ocrx_word' id='word_1_469' title='bbox 3230 2841 3326 2894; x_wconf 90' lang='lat' dir='ltr'>his</span> <span class='ocrx_word' id='word_1_470' title='bbox 3350 2841 3532 2912; x_wconf 88' lang='lat' dir='ltr'>aliqui</span> <span class='ocrx_word' id='word_1_471' title='bbox 3553 2842 3621 2896; x_wconf 89' lang='lat' dir='ltr'>ad</span> <span class='ocrx_word' id='word_1_472' title='bbox 3648 2857 3818 2896; x_wconf 80' lang='lat' dir='ltr'>mon-</span> 
     </span>
    </p>
   </div>
   <div class='ocr_carea' id='block_1_68' title="bbox 2149 2929 3818 3000">
    <p class='ocr_par' dir='ltr' id='par_1_68' title="bbox 2149 2929 3818 3000">
     <span class='ocr_line' id='line_1_68' title="bbox 2149 2929 3818 3000; baseline 0.003 -20"><span class='ocrx_word' id='word_1_473' title='bbox 2149 2929 2264 2980; x_wconf 88' lang='lat' dir='ltr'>tem</span> <span class='ocrx_word' id='word_1_474' title='bbox 2289 2929 2476 2981; x_wconf 87' lang='lat' dir='ltr'>sancti</span> <span class='ocrx_word' id='word_1_475' title='bbox 2508 2929 2705 3000; x_wconf 84' lang='lat' dir='ltr'>Eligii,</span> <span class='ocrx_word' id='word_1_476' title='bbox 2729 2929 2802 2983; x_wconf 90' lang='lat' dir='ltr'>de</span> <span class='ocrx_word' id='word_1_477' title='bbox 2833 2944 2948 2999; x_wconf 93' lang='lat' dir='ltr'>quo</span> <span class='ocrx_word' id='word_1_478' title='bbox 2973 2945 3153 2999; x_wconf 89' lang='lat' dir='ltr'>supra</span> <span class='ocrx_word' id='word_1_479' title='bbox 3176 2929 3573 2984; x_wconf 90' lang='lat' dir='ltr'>disseruimus</span> <span class='ocrx_word' id='word_1_480' title='bbox 3596 2931 3668 2997; x_wconf 89' lang='lat' dir='ltr'>(c.</span> <span class='ocrx_word' id='word_1_481' title='bbox 3693 2929 3818 2999; x_wconf 72' lang='lat'>‘28);</span> 
     </span>
    </p>
   </div>
   <div class='ocr_carea' id='block_1_69' title="bbox 2153 3016 3821 3089">
    <p class='ocr_par' dir='ltr' id='par_1_69' title="bbox 2153 3016 3821 3089">
     <span class='ocr_line' id='line_1_69' title="bbox 2153 3016 3821 3089; baseline 0.003 -20"><span class='ocrx_word' id='word_1_482' title='bbox 2153 3016 2553 3085; x_wconf 88' lang='lat' dir='ltr'>devenientes,</span> <span class='ocrx_word' id='word_1_483' title='bbox 2571 3019 2879 3073; x_wconf 88' lang='lat' dir='ltr'>audierunt</span> <span class='ocrx_word' id='word_1_484' title='bbox 2901 3020 3319 3074; x_wconf 88' lang='lat' dir='ltr'>monasterium</span> <span class='ocrx_word' id='word_1_485' title='bbox 3335 3018 3534 3072; x_wconf 89' lang='lat' dir='ltr'>multis</span> <span class='ocrx_word' id='word_1_486' title='bbox 3548 3019 3821 3089; x_wconf 89' lang='lat' dir='ltr'>pecuniis</span> 
     </span>
    </p>
   </div>
   <div class='ocr_carea' id='block_1_70' title="bbox 2069 3091 3819 3180">
    <p class='ocr_par' dir='ltr' id='par_1_70' title="bbox 2069 3091 3819 3180">
     <span class='ocr_line' id='line_1_70' title="bbox 2069 3091 3819 3180; baseline 0.006 -26"><span class='ocrx_word' id='word_1_487' title='bbox 2069 3091 2122 3154; x_wconf 88' lang='lat' dir='ltr'>C</span> <span class='ocrx_word' id='word_1_488' title='bbox 2153 3108 2209 3157; x_wconf 92' lang='lat' dir='ltr'>et</span> <span class='ocrx_word' id='word_1_489' title='bbox 2239 3107 2727 3176; x_wconf 89' lang='lat' dir='ltr'>congestionibus</span> <span class='ocrx_word' id='word_1_490' title='bbox 2756 3108 3064 3162; x_wconf 90' lang='lat' dir='ltr'>refectum.</span> <span class='ocrx_word' id='word_1_491' title='bbox 3109 3108 3288 3163; x_wconf 89' lang='lat' dir='ltr'>Facto</span> <span class='ocrx_word' id='word_1_492' title='bbox 3327 3110 3511 3180; x_wconf 81' lang='lat' dir='ltr'>igitur</span> <span class='ocrx_word' id='word_1_493' title='bbox 3549 3110 3784 3180; x_wconf 86' lang='lat' dir='ltr'>agmine</span> <span class='ocrx_word' id='word_1_494' title='bbox 3805 3151 3819 3178; x_wconf 92' lang='lat'>,</span> 
     </span>
    </p>
   </div>
   <div class='ocr_carea' id='block_1_71' title="bbox 2152 3194 3822 3265">
    <p class='ocr_par' dir='ltr' id='par_1_71' title="bbox 2152 3194 3822 3265">
     <span class='ocr_line' id='line_1_71' title="bbox 2152 3194 3822 3265; baseline 0.004 -19"><span class='ocrx_word' id='word_1_495' title='bbox 2152 3194 2429 3264; x_wconf 89' lang='lat' dir='ltr'>templum</span> <span class='ocrx_word' id='word_1_496' title='bbox 2453 3196 2783 3265; x_wconf 82' lang='lat' dir='ltr'>irrumpere</span> <span class='ocrx_word' id='word_1_497' title='bbox 2804 3197 3160 3251; x_wconf 90' lang='lat' dir='ltr'>nitebantur.</span> <span class='ocrx_word' id='word_1_498' title='bbox 3197 3198 3606 3252; x_wconf 77' lang='lat' dir='ltr'>Renitentibus</span> <span class='ocrx_word' id='word_1_499' title='bbox 3634 3197 3822 3252; x_wconf 89' lang='lat' dir='ltr'>cleri-</span> 
     </span>
    </p>
   </div>
   <div class='ocr_carea' id='block_1_72' title="bbox 2151 3282 3822 3353">
    <p class='ocr_par' dir='ltr' id='par_1_72' title="bbox 2151 3282 3822 3353">
     <span class='ocr_line' id='line_1_72' title="bbox 2151 3282 3822 3353; baseline 0.005 -19"><span class='ocrx_word' id='word_1_500' title='bbox 2151 3282 2261 3348; x_wconf 89' lang='lat' dir='ltr'>cis,</span> <span class='ocrx_word' id='word_1_501' title='bbox 2294 3299 2450 3336; x_wconf 90' lang='lat' dir='ltr'>unus</span> <span class='ocrx_word' id='word_1_502' title='bbox 2479 3284 2790 3340; x_wconf 87' lang='lat' dir='ltr'>barbarico</span> <span class='ocrx_word' id='word_1_503' title='bbox 2825 3285 3028 3340; x_wconf 89' lang='lat' dir='ltr'>furore</span> <span class='ocrx_word' id='word_1_504' title='bbox 3067 3289 3398 3353; x_wconf 90' lang='lat' dir='ltr'>conmotus,</span> <span class='ocrx_word' id='word_1_505' title='bbox 3440 3288 3558 3342; x_wconf 88' lang='lat' dir='ltr'>telo</span> <span class='ocrx_word' id='word_1_506' title='bbox 3587 3287 3822 3343; x_wconf 89' lang='lat' dir='ltr'>vibrato</span> 
     </span>
    </p>
   </div>
   <div class='ocr_carea' id='block_1_73' title="bbox 2151 3374 3823 3447">
    <p class='ocr_par' dir='ltr' id='par_1_73' title="bbox 2151 3374 3823 3447">
     <span class='ocr_line' id='line_1_73' title="bbox 2151 3374 3823 3447; baseline 0.004 -23"><span class='ocrx_word' id='word_1_507' title='bbox 2151 3386 2328 3424; x_wconf 91' lang='lat' dir='ltr'>unum</span> <span class='ocrx_word' id='word_1_508' title='bbox 2359 3387 2435 3425; x_wconf 91' lang='lat' dir='ltr'>ex</span> <span class='ocrx_word' id='word_1_509' title='bbox 2467 3374 2939 3429; x_wconf 89' lang='lat' dir='ltr'>sacerdotalibus</span> <span class='ocrx_word' id='word_1_510' title='bbox 2985 3375 3131 3428; x_wconf 89' lang='lat' dir='ltr'>viris</span> <span class='ocrx_word' id='word_1_511' title='bbox 3181 3376 3239 3428; x_wconf 89' lang='lat' dir='ltr'>in</span> <span class='ocrx_word' id='word_1_512' title='bbox 3281 3376 3584 3446; x_wconf 90' lang='lat' dir='ltr'>ipsoaditu</span> <span class='ocrx_word' id='word_1_513' title='bbox 3621 3378 3823 3447; x_wconf 88' lang='lat' dir='ltr'>templi</span> 
     </span>
    </p>
   </div>
   <div class='ocr_carea' id='block_1_74' title="bbox 2150 3462 3822 3531">
    <p class='ocr_par' dir='ltr' id='par_1_74' title="bbox 2150 3462 3822 3531">
     <span class='ocr_line' id='line_1_74' title="bbox 2150 3462 3822 3531; baseline 0.005 -19"><span class='ocrx_word' id='word_1_514' title='bbox 2150 3462 2499 3528; x_wconf 88' lang='lat' dir='ltr'>prostravit;</span> <span class='ocrx_word' id='word_1_515' title='bbox 2536 3463 2713 3516; x_wconf 81' lang='lat' dir='ltr'>ceteri</span> <span class='ocrx_word' id='word_1_516' title='bbox 2746 3478 2908 3531; x_wconf 86' lang='lat' dir='ltr'>vero,</span> <span class='ocrx_word' id='word_1_517' title='bbox 2951 3463 3230 3518; x_wconf 80' lang='lat' dir='ltr'>fraternae</span> <span class='ocrx_word' id='word_1_518' title='bbox 3269 3465 3434 3518; x_wconf 89' lang='lat' dir='ltr'>necis</span> <span class='ocrx_word' id='word_1_519' title='bbox 3475 3465 3678 3520; x_wconf 92' lang='lat' dir='ltr'>dolore</span> <span class='ocrx_word' id='word_1_520' title='bbox 3717 3482 3822 3520; x_wconf 88' lang='lat' dir='ltr'>ac-</span> 
     </span>
    </p>
   </div>
   <div class='ocr_carea' id='block_1_75' title="bbox 2152 3549 3822 3626">
    <p class='ocr_par' dir='ltr' id='par_1_75' title="bbox 2152 3549 3822 3626">
     <span class='ocr_line' id='line_1_75' title="bbox 2152 3549 3822 3626; baseline 0.005 -25"><span class='ocrx_word' id='word_1_521' title='bbox 2152 3549 2338 3617; x_wconf 90' lang='lat' dir='ltr'>censi,</span> <span class='ocrx_word' id='word_1_522' title='bbox 2389 3551 2749 3618; x_wconf 89' lang='lat' dir='ltr'>pertinacius</span> <span class='ocrx_word' id='word_1_523' title='bbox 2798 3552 3179 3606; x_wconf 90' lang='lat' dir='ltr'>rebellabant.</span> <span class='ocrx_word' id='word_1_524' title='bbox 3234 3553 3587 3608; x_wconf 85' lang='lat' dir='ltr'>Difﬁcultate</span> <span class='ocrx_word' id='word_1_525' title='bbox 3635 3555 3822 3626; x_wconf 88' lang='lat' dir='ltr'>igitur</span> 
     </span>
    </p>
   </div>
   <div class='ocr_carea' id='block_1_76' title="bbox 2151 3636 3818 3714">
    <p class='ocr_par' dir='ltr' id='par_1_76' title="bbox 2151 3636 3818 3714">
     <span class='ocr_line' id='line_1_76' title="bbox 2151 3636 3818 3714; baseline 0.006 -25"><span class='ocrx_word' id='word_1_526' title='bbox 2151 3636 2323 3703; x_wconf 87' lang='lat' dir='ltr'>facta,</span> <span class='ocrx_word' id='word_1_527' title='bbox 2351 3655 2481 3692; x_wconf 92' lang='lat' dir='ltr'>cum</span> <span class='ocrx_word' id='word_1_528' title='bbox 2511 3639 2718 3694; x_wconf 89' lang='lat' dir='ltr'>hostes</span> <span class='ocrx_word' id='word_1_529' title='bbox 2741 3642 3021 3710; x_wconf 90' lang='lat' dir='ltr'>templum</span> <span class='ocrx_word' id='word_1_530' title='bbox 3043 3640 3358 3713; x_wconf 78' lang='lat' dir='ltr'>effringere</span> <span class='ocrx_word' id='word_1_531' title='bbox 3388 3659 3507 3697; x_wconf 88' lang='lat' dir='ltr'>non</span> <span class='ocrx_word' id='word_1_532' title='bbox 3549 3648 3818 3714; x_wconf 90' lang='lat' dir='ltr'>possent,</span> 
     </span>
    </p>
   </div>
   <div class='ocr_carea' id='block_1_77' title="bbox 2153 3731 3823 3804">
    <p class='ocr_par' dir='ltr' id='par_1_77' title="bbox 2153 3731 3823 3804">
     <span class='ocr_line' id='line_1_77' title="bbox 2153 3731 3823 3804; baseline 0.005 -26"><span class='ocrx_word' id='word_1_533' title='bbox 2153 3742 2304 3779; x_wconf 90' lang='lat' dir='ltr'>unus</span> <span class='ocrx_word' id='word_1_534' title='bbox 2328 3743 2551 3795; x_wconf 87' lang='lat' dir='ltr'>eorum,</span> <span class='ocrx_word' id='word_1_535' title='bbox 2587 3744 2808 3783; x_wconf 88' lang='lat' dir='ltr'>vesano</span> <span class='ocrx_word' id='word_1_536' title='bbox 2837 3731 3047 3798; x_wconf 88' lang='lat' dir='ltr'>spiritu</span> <span class='ocrx_word' id='word_1_537' title='bbox 3071 3736 3352 3800; x_wconf 87' lang='lat' dir='ltr'>armatus,</span> <span class='ocrx_word' id='word_1_538' title='bbox 3381 3737 3596 3786; x_wconf 86' lang='lat' dir='ltr'>tectum</span> <span class='ocrx_word' id='word_1_539' title='bbox 3622 3733 3823 3804; x_wconf 90' lang='lat' dir='ltr'>templi</span> 
     </span>
    </p>
   </div>
   <div class='ocr_carea' id='block_1_78' title="bbox 2151 3819 3824 3890">
    <p class='ocr_par' dir='ltr' id='par_1_78' title="bbox 2151 3819 3824 3890">
     <span class='ocr_line' id='line_1_78' title="bbox 2151 3819 3824 3890; baseline 0.004 -21"><span class='ocrx_word' id='word_1_540' title='bbox 2151 3831 2409 3870; x_wconf 89' lang='lat' dir='ltr'>ascensu</span> <span class='ocrx_word' id='word_1_541' title='bbox 2431 3820 2752 3886; x_wconf 89' lang='lat' dir='ltr'>superavit,</span> <span class='ocrx_word' id='word_1_542' title='bbox 2777 3823 2832 3872; x_wconf 89' lang='lat' dir='ltr'>et</span> <span class='ocrx_word' id='word_1_543' title='bbox 2853 3834 2962 3888; x_wconf 89' lang='lat' dir='ltr'>per</span> <span class='ocrx_word' id='word_1_544' title='bbox 2981 3819 3278 3890; x_wconf 89' lang='lat' dir='ltr'>laquearia</span> <span class='ocrx_word' id='word_1_545' title='bbox 3311 3837 3448 3876; x_wconf 89' lang='lat' dir='ltr'>sese</span> <span class='ocrx_word' id='word_1_546' title='bbox 3469 3824 3620 3877; x_wconf 89' lang='lat' dir='ltr'>intro</span> <span class='ocrx_word' id='word_1_547' title='bbox 3654 3838 3824 3876; x_wconf 91' lang='lat' dir='ltr'>sum-</span> 
     </span>
    </p>
   </div>
   <div class='ocr_carea' id='block_1_79' title="bbox 2152 3904 3821 3980">
    <p class='ocr_par' dir='ltr' id='par_1_79' title="bbox 2152 3904 3821 3980">
     <span class='ocr_line' id='line_1_79' title="bbox 2152 3904 3821 3980; baseline 0.004 -23"><span class='ocrx_word' id='word_1_548' title='bbox 2152 3904 2331 3973; x_wconf 89' lang='lat' dir='ltr'>misit,</span> <span class='ocrx_word' id='word_1_549' title='bbox 2349 3906 2782 3975; x_wconf 89' lang='lat' dir='ltr'>etimprovisus</span> <span class='ocrx_word' id='word_1_550' title='bbox 2805 3908 2968 3962; x_wconf 92' lang='lat' dir='ltr'>viros</span> <span class='ocrx_word' id='word_1_551' title='bbox 2991 3925 3024 3961; x_wconf 90' lang='lat' dir='ltr'>a</span> <span class='ocrx_word' id='word_1_552' title='bbox 3045 3911 3214 3980; x_wconf 91' lang='lat' dir='ltr'>tergo</span> <span class='ocrx_word' id='word_1_553' title='bbox 3239 3909 3416 3964; x_wconf 87' lang='lat' dir='ltr'>ferire</span> <span class='ocrx_word' id='word_1_554' title='bbox 3444 3913 3638 3979; x_wconf 78' lang='lat' dir='ltr'>ccepit.</span> <span class='ocrx_word' id='word_1_555' title='bbox 3665 3911 3821 3966; x_wconf 88' lang='lat' dir='ltr'>Tur-</span> 
     </span>
    </p>
   </div>
   <div class='ocr_carea' id='block_1_80' title="bbox 2152 3993 3818 4065">
    <p class='ocr_par' dir='ltr' id='par_1_80' title="bbox 2152 3993 3818 4065">
     <span class='ocr_line' id='line_1_80' title="bbox 2152 3993 3818 4065; baseline 0.004 -17"><span class='ocrx_word' id='word_1_556' title='bbox 2152 3993 2268 4048; x_wconf 90' lang='lat' dir='ltr'>bati</span> <span class='ocrx_word' id='word_1_557' title='bbox 2283 3995 2380 4064; x_wconf 90' lang='lat' dir='ltr'>qui</span> <span class='ocrx_word' id='word_1_558' title='bbox 2397 3995 2657 4061; x_wconf 87' lang='lat' dir='ltr'>aderant,</span> <span class='ocrx_word' id='word_1_559' title='bbox 2675 4013 2806 4050; x_wconf 91' lang='lat' dir='ltr'>cum</span> <span class='ocrx_word' id='word_1_560' title='bbox 2821 3997 3123 4051; x_wconf 90' lang='lat' dir='ltr'>hostemin</span> <span class='ocrx_word' id='word_1_561' title='bbox 3145 3999 3336 4053; x_wconf 91' lang='lat' dir='ltr'>medio</span> <span class='ocrx_word' id='word_1_562' title='bbox 3361 3999 3453 4052; x_wconf 91' lang='lat' dir='ltr'>sui</span> <span class='ocrx_word' id='word_1_563' title='bbox 3478 4003 3818 4065; x_wconf 88' lang='lat' dir='ltr'>cernerent;</span> 
     </span>
    </p>
   </div>
   <div class='ocr_carea' id='block_1_81' title="bbox 2153 4083 3820 4155">
    <p class='ocr_par' dir='ltr' id='par_1_81' title="bbox 2153 4083 3820 4155">
     <span class='ocr_line' id='line_1_81' title="bbox 2153 4083 3820 4155; baseline 0.004 -19"><span class='ocrx_word' id='word_1_564' title='bbox 2153 4083 2290 4136; x_wconf 89' lang='lat' dir='ltr'>dum</span> <span class='ocrx_word' id='word_1_565' title='bbox 2328 4084 2659 4153; x_wconf 88' lang='lat' dir='ltr'>posteriora</span> <span class='ocrx_word' id='word_1_566' title='bbox 2708 4085 3048 4155; x_wconf 89' lang='lat' dir='ltr'>defendunt,</span> <span class='ocrx_word' id='word_1_567' title='bbox 3102 4087 3354 4149; x_wconf 84' lang='lat' dir='ltr'>liberum</span> <span class='ocrx_word' id='word_1_568' title='bbox 3416 4089 3820 4144; x_wconf 88' lang='lat' dir='ltr'>anterioribus</span> 
     </span>
    </p>
   </div>
   <div class='ocr_carea' id='block_1_82' title="bbox 2153 4173 3822 4246">
    <p class='ocr_par' dir='ltr' id='par_1_82' title="bbox 2153 4173 3822 4246">
     <span class='ocr_line' id='line_1_82' title="bbox 2153 4173 3822 4246; baseline 0.004 -20"><span class='ocrx_word' id='word_1_569' title='bbox 2153 4173 2374 4227; x_wconf 91' lang='lat' dir='ltr'>aditum</span> <span class='ocrx_word' id='word_1_570' title='bbox 2387 4174 2785 4242; x_wconf 63' lang='lat' dir='ltr'>praebuerunt.</span> <span class='ocrx_word' id='word_1_571' title='bbox 2801 4174 2907 4238; x_wconf 92' lang='lat' dir='ltr'>Qui</span> <span class='ocrx_word' id='word_1_572' title='bbox 2925 4177 3216 4230; x_wconf 90' lang='lat' dir='ltr'>irruentes</span> <span class='ocrx_word' id='word_1_573' title='bbox 3236 4177 3549 4246; x_wconf 88' lang='lat' dir='ltr'>plerosque</span> <span class='ocrx_word' id='word_1_574' title='bbox 3563 4194 3822 4234; x_wconf 90' lang='lat' dir='ltr'>necave-</span> 
     </span>
    </p>
   </div>
   <div class='ocr_carea' id='block_1_83' title="bbox 2155 4263 3819 4336">
    <p class='ocr_par' dir='ltr' id='par_1_83' title="bbox 2155 4263 3819 4336">
     <span class='ocr_line' id='line_1_83' title="bbox 2155 4263 3819 4336; baseline 0.003 -20"><span class='ocrx_word' id='word_1_575' title='bbox 2155 4265 2312 4329; x_wconf 88' lang='lat' dir='ltr'>runt,</span> <span class='ocrx_word' id='word_1_576' title='bbox 2365 4265 2421 4315; x_wconf 91' lang='lat' dir='ltr'>et</span> <span class='ocrx_word' id='word_1_577' title='bbox 2458 4263 2718 4316; x_wconf 90' lang='lat' dir='ltr'>cruentis</span> <span class='ocrx_word' id='word_1_578' title='bbox 2762 4264 3033 4318; x_wconf 88' lang='lat' dir='ltr'>manibus</span> <span class='ocrx_word' id='word_1_579' title='bbox 3078 4268 3280 4319; x_wconf 91' lang='lat' dir='ltr'>sancta</span> <span class='ocrx_word' id='word_1_580' title='bbox 3331 4268 3819 4336; x_wconf 89' lang='lat' dir='ltr'>contaminantes,</span> 
     </span>
    </p>
   </div>
   <div class='ocr_carea' id='block_1_84' title="bbox 376 4331 3821 4420">
    <p class='ocr_par' dir='ltr' id='par_1_84' title="bbox 376 4331 3821 4420">
     <span class='ocr_line' id='line_1_84' title="bbox 376 4331 3821 4420; baseline 0.003 -17"><span class='ocrx_word' id='word_1_581' title='bbox 376 4349 516 4404; x_wconf 86' lang='lat' dir='ltr'>Erat</span> <span class='ocrx_word' id='word_1_582' title='bbox 555 4352 825 4420; x_wconf 85' lang='lat' dir='ltr'>preterea</span> <span class='ocrx_word' id='word_1_583' title='bbox 854 4349 913 4403; x_wconf 94' lang='lat' dir='ltr'>in</span> <span class='ocrx_word' id='word_1_584' title='bbox 941 4350 1238 4406; x_wconf 89' lang='lat' dir='ltr'>territorio</span> <span class='ocrx_word' id='word_1_585' title='bbox 1271 4353 1647 4410; x_wconf 85' lang='lat' dir='ltr'>Atrebatensi</span> <span class='ocrx_word' id='word_1_586' title='bbox 1682 4359 1894 4413; x_wconf 84' lang='lat' dir='ltr'>mulier</span> <span class='ocrx_word' id='word_1_587' title='bbox 1933 4359 2040 4414; x_wconf 83' lang='lat' dir='ltr'>ha-</span> <span class='ocrx_word' id='word_1_588' title='bbox 2068 4331 2128 4394; x_wconf 73' lang='grc' dir='ltr'><strong>Β</strong></span> <span class='ocrx_word' id='word_1_589' title='bbox 2159 4351 2474 4406; x_wconf 82' lang='lat' dir='ltr'>thesauros</span> <span class='ocrx_word' id='word_1_590' title='bbox 2534 4352 2807 4405; x_wconf 80' lang='lat' dir='ltr'>ecclesiae</span> <span class='ocrx_word' id='word_1_591' title='bbox 2832 4394 2846 4419; x_wconf 89' lang='lat'>,</span> <span class='ocrx_word' id='word_1_592' title='bbox 2908 4356 3110 4407; x_wconf 83' lang='lat' dir='ltr'>vestes</span> <span class='ocrx_word' id='word_1_593' title='bbox 3175 4355 3346 4408; x_wconf 82' lang='lat' dir='ltr'>etiam</span> <span class='ocrx_word' id='word_1_594' title='bbox 3419 4331 3821 4411; x_wconf 79' lang='lat' dir='ltr'>sacerdotales</span> 
     </span>
    </p>
   </div>
   <div class='ocr_carea' id='block_1_85' title="bbox 372 4438 2104 4518">
    <p class='ocr_par' dir='ltr' id='par_1_85' title="bbox 372 4438 2104 4518">
     <span class='ocr_line' id='line_1_85' title="bbox 372 4438 2104 4518; baseline 0.005 -24"><span class='ocrx_word' id='word_1_595' title='bbox 372 4440 522 4494; x_wconf 89' lang='lat' dir='ltr'>bens</span> <span class='ocrx_word' id='word_1_596' title='bbox 539 4438 778 4492; x_wconf 90' lang='lat' dir='ltr'>unicum</span> <span class='ocrx_word' id='word_1_597' title='bbox 799 4438 1002 4508; x_wconf 83' lang='lat' dir='ltr'>filium,</span> <span class='ocrx_word' id='word_1_598' title='bbox 1027 4440 1148 4509; x_wconf 89' lang='lat' dir='ltr'>qui,</span> <span class='ocrx_word' id='word_1_599' title='bbox 1173 4443 1507 4510; x_wconf 89' lang='lat' dir='ltr'>patentibus</span> <span class='ocrx_word' id='word_1_600' title='bbox 1525 4445 1736 4509; x_wconf 86' lang='lat' dir='ltr'>oculis,</span> <span class='ocrx_word' id='word_1_601' title='bbox 1774 4446 1875 4501; x_wconf 82' lang='lat' dir='ltr'>lux</span> <span class='ocrx_word' id='word_1_602' title='bbox 1912 4449 2064 4518; x_wconf 88' lang='lat' dir='ltr'>ipsa</span> <span class='ocrx_word' id='word_1_603' title='bbox 2090 4459 2104 4462; x_wconf 78' lang='lat'><em>‘</em></span> 
     </span>
    </p>
   </div>
   <div class='ocr_carea' id='block_1_86' title="bbox 374 4527 2047 4598">
    <p class='ocr_par' dir='ltr' id='par_1_86' title="bbox 374 4527 2047 4598">
     <span class='ocr_line' id='line_1_86' title="bbox 374 4527 2047 4598; baseline 0.005 -16"><span class='ocrx_word' id='word_1_604' title='bbox 374 4528 557 4583; x_wconf 91' lang='lat' dir='ltr'>multo</span> <span class='ocrx_word' id='word_1_605' title='bbox 601 4541 676 4579; x_wconf 86' lang='lat' dir='ltr'>ex</span> <span class='ocrx_word' id='word_1_606' title='bbox 712 4527 977 4594; x_wconf 89' lang='lat' dir='ltr'>tempore</span> <span class='ocrx_word' id='word_1_607' title='bbox 1018 4528 1361 4598; x_wconf 86' lang='lat' dir='ltr'>negabatur.</span> <span class='ocrx_word' id='word_1_608' title='bbox 1406 4531 1576 4586; x_wconf 88' lang='lat' dir='ltr'>Hunc</span> <span class='ocrx_word' id='word_1_609' title='bbox 1608 4538 1794 4588; x_wconf 87' lang='lat' dir='ltr'>mater</span> <span class='ocrx_word' id='word_1_610' title='bbox 1842 4552 2047 4592; x_wconf 90' lang='lat' dir='ltr'>secum</span> 
     </span>
    </p>
   </div>
   <div class='ocr_carea' id='block_1_87' title="bbox 384 4612 2051 4683">
    <p class='ocr_par' dir='ltr' id='par_1_87' title="bbox 384 4612 2051 4683">
     <span class='ocr_line' id='line_1_87' title="bbox 384 4612 2051 4683; baseline 0.006 -14"><span class='ocrx_word' id='word_1_611' title='bbox 384 4614 757 4682; x_wconf 87' lang='lat' dir='ltr'>adsumptum</span> <span class='ocrx_word' id='word_1_612' title='bbox 799 4612 871 4666; x_wconf 87' lang='lat' dir='ltr'>ad</span> <span class='ocrx_word' id='word_1_613' title='bbox 911 4614 1292 4683; x_wconf 87' lang='lat' dir='ltr'>sepulchrum</span> <span class='ocrx_word' id='word_1_614' title='bbox 1332 4618 1486 4672; x_wconf 91' lang='lat' dir='ltr'>beati</span> <span class='ocrx_word' id='word_1_615' title='bbox 1528 4620 1844 4677; x_wconf 89' lang='lat' dir='ltr'>Vinditiani</span> <span class='ocrx_word' id='word_1_616' title='bbox 1896 4640 2051 4679; x_wconf 91' lang='lat' dir='ltr'>con-</span> 
     </span>
    </p>
   </div>
   <div class='ocr_carea' id='block_1_88' title="bbox 375 4700 2052 4773">
    <p class='ocr_par' dir='ltr' id='par_1_88' title="bbox 375 4700 2052 4773">
     <span class='ocr_line' id='line_1_88' title="bbox 375 4700 2052 4773; baseline 0.006 -15"><span class='ocrx_word' id='word_1_617' title='bbox 375 4703 542 4758; x_wconf 86' lang='lat' dir='ltr'>duxit</span> <span class='ocrx_word' id='word_1_618' title='bbox 567 4719 580 4766; x_wconf 92' lang='lat'>;</span> <span class='ocrx_word' id='word_1_619' title='bbox 601 4701 717 4768; x_wconf 51' lang='lat' dir='ltr'>fubi</span> <span class='ocrx_word' id='word_1_620' title='bbox 749 4700 1095 4769; x_wconf 88' lang='lat' dir='ltr'>perductum</span> <span class='ocrx_word' id='word_1_621' title='bbox 1125 4717 1309 4773; x_wconf 87' lang='lat' dir='ltr'>super</span> <span class='ocrx_word' id='word_1_622' title='bbox 1341 4706 1524 4762; x_wconf 86' lang='lat' dir='ltr'>altare</span> <span class='ocrx_word' id='word_1_623' title='bbox 1557 4725 1794 4764; x_wconf 90' lang='lat' dir='ltr'>cereum</span> <span class='ocrx_word' id='word_1_624' title='bbox 1837 4711 2052 4769; x_wconf 76' lang='lat' dir='ltr'>offerre</span> 
     </span>
    </p>
   </div>
   <div class='ocr_carea' id='block_1_89' title="bbox 371 4789 2055 4865">
    <p class='ocr_par' dir='ltr' id='par_1_89' title="bbox 371 4789 2055 4865">
     <span class='ocr_line' id='line_1_89' title="bbox 371 4789 2055 4865; baseline 0.008 -19"><span class='ocrx_word' id='word_1_625' title='bbox 371 4791 532 4859; x_wconf 84' lang='lat' dir='ltr'>fecit,</span> <span class='ocrx_word' id='word_1_626' title='bbox 558 4789 805 4860; x_wconf 88' lang='lat' dir='ltr'>ipsaque</span> <span class='ocrx_word' id='word_1_627' title='bbox 837 4789 1135 4859; x_wconf 89' lang='lat' dir='ltr'>paululum</span> <span class='ocrx_word' id='word_1_628' title='bbox 1179 4795 1410 4848; x_wconf 88' lang='lat' dir='ltr'>oratura</span> <span class='ocrx_word' id='word_1_629' title='bbox 1441 4799 1852 4865; x_wconf 89' lang='lat' dir='ltr'>prosternitur.</span> <span class='ocrx_word' id='word_1_630' title='bbox 1899 4791 2055 4859; x_wconf 82' lang='lat' dir='ltr'>Mani</span> 
     </span>
    </p>
   </div>
   <div class='ocr_carea' id='block_1_90' title="bbox 374 4879 2048 4956">
    <p class='ocr_par' dir='ltr' id='par_1_90' title="bbox 374 4879 2048 4956">
     <span class='ocr_line' id='line_1_90' title="bbox 374 4879 2048 4956; baseline 0.01 -22"><span class='ocrx_word' id='word_1_631' title='bbox 374 4881 524 4934; x_wconf 91' lang='lat' dir='ltr'>festa</span> <span class='ocrx_word' id='word_1_632' title='bbox 549 4879 655 4933; x_wconf 90' lang='lat' dir='ltr'>Dei</span> <span class='ocrx_word' id='word_1_633' title='bbox 688 4880 902 4934; x_wconf 89' lang='lat' dir='ltr'>virtute</span> <span class='ocrx_word' id='word_1_634' title='bbox 933 4895 1080 4948; x_wconf 91' lang='lat' dir='ltr'>puer</span> <span class='ocrx_word' id='word_1_635' title='bbox 1110 4879 1328 4936; x_wconf 89' lang='lat' dir='ltr'>lumine</span> <span class='ocrx_word' id='word_1_636' title='bbox 1362 4889 1621 4956; x_wconf 90' lang='lat' dir='ltr'>recepto,</span> <span class='ocrx_word' id='word_1_637' title='bbox 1651 4893 1814 4946; x_wconf 92' lang='lat' dir='ltr'>recto</span> <span class='ocrx_word' id='word_1_638' title='bbox 1840 4892 2048 4950; x_wconf 90' lang='lat' dir='ltr'>itinere</span> 
     </span>
    </p>
   </div>
   <div class='ocr_carea' id='block_1_91' title="bbox 374 4967 2046 5039">
    <p class='ocr_par' dir='ltr' id='par_1_91' title="bbox 374 4967 2046 5039">
     <span class='ocr_line' id='line_1_91' title="bbox 374 4967 2046 5039; baseline 0.009 -17"><span class='ocrx_word' id='word_1_639' title='bbox 374 4967 841 5039; x_wconf 76' lang='lat' dir='ltr'>coepit&#39;regredi,</span> <span class='ocrx_word' id='word_1_640' title='bbox 870 4967 1015 5022; x_wconf 91' lang='lat' dir='ltr'>nihil</span> <span class='ocrx_word' id='word_1_641' title='bbox 1043 4968 1308 5025; x_wconf 88' lang='lat' dir='ltr'>hesitans</span> <span class='ocrx_word' id='word_1_642' title='bbox 1339 4973 1396 5026; x_wconf 89' lang='lat' dir='ltr'>et</span> <span class='ocrx_word' id='word_1_643' title='bbox 1416 4973 1529 5028; x_wconf 86' lang='lat' dir='ltr'>viae</span> <span class='ocrx_word' id='word_1_644' title='bbox 1561 4976 1770 5032; x_wconf 90' lang='lat' dir='ltr'>ducem</span> <span class='ocrx_word' id='word_1_645' title='bbox 1802 4997 1918 5035; x_wconf 92' lang='lat' dir='ltr'>non</span> <span class='ocrx_word' id='word_1_646' title='bbox 1947 4999 2046 5037; x_wconf 83' lang='lat' dir='ltr'>re—</span> 
     </span>
    </p>
   </div>
   <div class='ocr_carea' id='block_1_92' title="bbox 372 5056 639 5129">
    <p class='ocr_par' dir='ltr' id='par_1_92' title="bbox 372 5056 639 5129">
     <span class='ocr_line' id='line_1_92' title="bbox 372 5056 639 5129; baseline -0.011 -16"><span class='ocrx_word' id='word_1_647' title='bbox 372 5056 639 5129; x_wconf 86' lang='lat' dir='ltr'>quirens.</span> 
     </span>
    </p>
   </div>
   <div class='ocr_carea' id='block_1_93' title="bbox 440 5143 2042 5228">
    <p class='ocr_par' dir='ltr' id='par_1_93' title="bbox 440 5143 2042 5228">
     <span class='ocr_line' id='line_1_93' title="bbox 440 5143 2042 5228; baseline 0.01 -28"><span class='ocrx_word' id='word_1_648' title='bbox 440 5143 530 5200; x_wconf 74' lang='lat'>32.</span> <span class='ocrx_word' id='word_1_649' title='bbox 548 5145 695 5200; x_wconf 83' lang='lat' dir='ltr'>Item</span> <span class='ocrx_word' id='word_1_650' title='bbox 719 5145 977 5216; x_wconf 75' lang='lat' dir='ltr'>quaedam</span> <span class='ocrx_word' id='word_1_651' title='bbox 999 5147 1214 5202; x_wconf 84' lang='lat' dir='ltr'>mulier</span> <span class='ocrx_word' id='word_1_652' title='bbox 1230 5163 1381 5204; x_wconf 67' lang='lat' dir='ltr'>caeca</span> <span class='ocrx_word' id='word_1_653' title='bbox 1407 5152 1592 5206; x_wconf 84' lang='lat' dir='ltr'>visum</span> <span class='ocrx_word' id='word_1_654' title='bbox 1623 5160 1873 5228; x_wconf 87' lang='lat' dir='ltr'>recepit.</span> <span class='ocrx_word' id='word_1_655' title='bbox 1912 5161 2042 5216; x_wconf 89' lang='lat' dir='ltr'>Mu-</span> 
     </span>
    </p>
   </div>
   <div class='ocr_carea' id='block_1_94' title="bbox 370 5233 2038 5306">
    <p class='ocr_par' dir='ltr' id='par_1_94' title="bbox 370 5233 2038 5306">
     <span class='ocr_line' id='line_1_94' title="bbox 370 5233 2038 5306; baseline 0.009 -15"><span class='ocrx_word' id='word_1_656' title='bbox 370 5235 480 5291; x_wconf 90' lang='lat' dir='ltr'>lier</span> <span class='ocrx_word' id='word_1_657' title='bbox 522 5235 661 5290; x_wconf 88' lang='lat' dir='ltr'>item</span> <span class='ocrx_word' id='word_1_658' title='bbox 705 5233 975 5305; x_wconf 68' lang='lat' dir='ltr'>quaedam</span> <span class='ocrx_word' id='word_1_659' title='bbox 1010 5235 1069 5288; x_wconf 90' lang='lat' dir='ltr'>in</span> <span class='ocrx_word' id='word_1_660' title='bbox 1117 5238 1410 5294; x_wconf 88' lang='lat' dir='ltr'>territorio</span> <span class='ocrx_word' id='word_1_661' title='bbox 1453 5240 1702 5299; x_wconf 88' lang='lat' dir='ltr'>Pontico</span> <span class='ocrx_word' id='word_1_662' title='bbox 1752 5251 1881 5302; x_wconf 85' lang='lat' dir='ltr'>erat</span> <span class='ocrx_word' id='word_1_663' title='bbox 1920 5265 2038 5306; x_wconf 89' lang='lat' dir='ltr'>non</span> 
     </span>
    </p>
   </div>
   <div class='ocr_carea' id='block_1_95' title="bbox 2157 4439 3825 4514">
    <p class='ocr_par' dir='ltr' id='par_1_95' title="bbox 2157 4439 3825 4514">
     <span class='ocr_line' id='line_1_95' title="bbox 2157 4439 3825 4514; baseline 0.004 -21"><span class='ocrx_word' id='word_1_664' title='bbox 2157 4441 2545 4494; x_wconf 90' lang='lat' dir='ltr'>sustulerunt.</span> <span class='ocrx_word' id='word_1_665' title='bbox 2580 4439 2704 4494; x_wconf 89' lang='lat' dir='ltr'>Nec</span> <span class='ocrx_word' id='word_1_666' title='bbox 2733 4440 2976 4511; x_wconf 92' lang='lat' dir='ltr'>longum</span> <span class='ocrx_word' id='word_1_667' title='bbox 3007 4444 3219 4506; x_wconf 80' lang='lat' dir='ltr'>tamenl</span> <span class='ocrx_word' id='word_1_668' title='bbox 3242 4443 3439 4511; x_wconf 85' lang='lat' dir='ltr'>laetati,</span> <span class='ocrx_word' id='word_1_669' title='bbox 3484 4461 3621 4499; x_wconf 90' lang='lat' dir='ltr'>mox</span> <span class='ocrx_word' id='word_1_670' title='bbox 3660 4444 3825 4514; x_wconf 89' lang='grc'>(116)</span> 
     </span>
    </p>
   </div>
   <div class='ocr_carea' id='block_1_96' title="bbox 2157 4527 3825 4602">
    <p class='ocr_par' dir='ltr' id='par_1_96' title="bbox 2157 4527 3825 4602">
     <span class='ocr_line' id='line_1_96' title="bbox 2157 4527 3825 4602; baseline 0.005 -22"><span class='ocrx_word' id='word_1_671' title='bbox 2157 4531 2310 4582; x_wconf 88' lang='lat' dir='ltr'>inter</span> <span class='ocrx_word' id='word_1_672' title='bbox 2327 4542 2393 4581; x_wconf 89' lang='lat' dir='ltr'>se</span> <span class='ocrx_word' id='word_1_673' title='bbox 2412 4527 2600 4597; x_wconf 91' lang='lat' dir='ltr'>spolia</span> <span class='ocrx_word' id='word_1_674' title='bbox 2621 4527 2974 4599; x_wconf 89' lang='lat' dir='ltr'>diviserunt,</span> <span class='ocrx_word' id='word_1_675' title='bbox 3006 4531 3272 4601; x_wconf 89' lang='lat' dir='ltr'>plerique</span> <span class='ocrx_word' id='word_1_676' title='bbox 3303 4534 3518 4602; x_wconf 84' lang='lat' dir='ltr'>arrepti</span> <span class='ocrx_word' id='word_1_677' title='bbox 3549 4550 3582 4587; x_wconf 90' lang='lat' dir='ltr'>a</span> <span class='ocrx_word' id='word_1_678' title='bbox 3612 4534 3825 4588; x_wconf 58' lang='lat' dir='ltr'>daemo-</span> 
     </span>
    </p>
   </div>
   <div class='ocr_carea' id='block_1_97' title="bbox 2158 4617 3822 4694">
    <p class='ocr_par' dir='ltr' id='par_1_97' title="bbox 2158 4617 3822 4694">
     <span class='ocr_line' id='line_1_97' title="bbox 2158 4617 3822 4694; baseline 0.005 -24"><span class='ocrx_word' id='word_1_679' title='bbox 2158 4617 2254 4670; x_wconf 91' lang='lat' dir='ltr'>nio</span> <span class='ocrx_word' id='word_1_680' title='bbox 2283 4617 2736 4687; x_wconf 83' lang='lat' dir='ltr'>torquebantur;</span> <span class='ocrx_word' id='word_1_681' title='bbox 2779 4619 2874 4672; x_wconf 90' lang='lat' dir='ltr'>alii</span> <span class='ocrx_word' id='word_1_682' title='bbox 2908 4619 3130 4690; x_wconf 90' lang='lat' dir='ltr'>linguis</span> <span class='ocrx_word' id='word_1_683' title='bbox 3180 4620 3394 4687; x_wconf 91' lang='lat' dir='ltr'>adusti,</span> <span class='ocrx_word' id='word_1_684' title='bbox 3454 4621 3553 4675; x_wconf 90' lang='lat' dir='ltr'>alii</span> <span class='ocrx_word' id='word_1_685' title='bbox 3581 4625 3822 4694; x_wconf 87' lang='lat' dir='ltr'>proprio</span> 
     </span>
    </p>
   </div>
   <div class='ocr_carea' id='block_1_98' title="bbox 2158 4705 3823 4777">
    <p class='ocr_par' dir='ltr' id='par_1_98' title="bbox 2158 4705 3823 4777">
     <span class='ocr_line' id='line_1_98' title="bbox 2158 4705 3823 4777; baseline 0.005 -18"><span class='ocrx_word' id='word_1_686' title='bbox 2158 4721 2362 4760; x_wconf 90' lang='lat' dir='ltr'>morsu</span> <span class='ocrx_word' id='word_1_687' title='bbox 2401 4705 2677 4776; x_wconf 88' lang='lat' dir='ltr'>precisis,</span> <span class='ocrx_word' id='word_1_688' title='bbox 2709 4707 2978 4777; x_wconf 90' lang='lat' dir='ltr'>plerique</span> <span class='ocrx_word' id='word_1_689' title='bbox 3021 4709 3265 4762; x_wconf 88' lang='lat' dir='ltr'>curibus</span> <span class='ocrx_word' id='word_1_690' title='bbox 3303 4711 3554 4777; x_wconf 90' lang='lat' dir='ltr'>exustis,</span> <span class='ocrx_word' id='word_1_691' title='bbox 3603 4712 3823 4767; x_wconf 86' lang='lat' dir='ltr'>misero</span> 
     </span>
    </p>
   </div>
   <div class='ocr_carea' id='block_1_99' title="bbox 2159 4795 3826 4869">
    <p class='ocr_par' dir='ltr' id='par_1_99' title="bbox 2159 4795 3826 4869">
     <span class='ocr_line' id='line_1_99' title="bbox 2159 4795 3826 4869; baseline 0.002 -19"><span class='ocrx_word' id='word_1_692' title='bbox 2159 4797 2424 4851; x_wconf 88' lang='lat' dir='ltr'>cruciatu</span> <span class='ocrx_word' id='word_1_693' title='bbox 2437 4795 2856 4866; x_wconf 88' lang='lat' dir='ltr'>plectebantur.</span> <span class='ocrx_word' id='word_1_694' title='bbox 2882 4797 3057 4850; x_wconf 90' lang='lat' dir='ltr'>Fama</span> <span class='ocrx_word' id='word_1_695' title='bbox 3086 4797 3427 4869; x_wconf 87' lang='lat' dir='ltr'>hujusmodi</span> <span class='ocrx_word' id='word_1_696' title='bbox 3459 4800 3676 4854; x_wconf 89' lang='lat' dir='ltr'>ceteris</span> <span class='ocrx_word' id='word_1_697' title='bbox 3705 4803 3826 4856; x_wconf 91' lang='lat' dir='ltr'>ter-</span> 
     </span>
    </p>
   </div>
   <div class='ocr_carea' id='block_1_100' title="bbox 2155 4885 3822 4953">
    <p class='ocr_par' dir='ltr' id='par_1_100' title="bbox 2155 4885 3822 4953">
     <span class='ocr_line' id='line_1_100' title="bbox 2155 4885 3822 4953; baseline 0.003 -15"><span class='ocrx_word' id='word_1_698' title='bbox 2155 4901 2352 4940; x_wconf 81' lang='lat' dir='ltr'>rorem</span> <span class='ocrx_word' id='word_1_699' title='bbox 2371 4886 2642 4952; x_wconf 89' lang='lat' dir='ltr'>incussit,</span> <span class='ocrx_word' id='word_1_700' title='bbox 2667 4900 2739 4939; x_wconf 91' lang='lat' dir='ltr'>ne</span> <span class='ocrx_word' id='word_1_701' title='bbox 2753 4886 2823 4939; x_wconf 87' lang='lat' dir='ltr'>dc</span> <span class='ocrx_word' id='word_1_702' title='bbox 2848 4885 3055 4953; x_wconf 88' lang='lat' dir='ltr'>spoliis</span> <span class='ocrx_word' id='word_1_703' title='bbox 3080 4885 3371 4940; x_wconf 64' lang='lat' dir='ltr'>secl-lesiaa</span> <span class='ocrx_word' id='word_1_704' title='bbox 3400 4887 3561 4942; x_wconf 89' lang='lat' dir='ltr'>illius</span> <span class='ocrx_word' id='word_1_705' title='bbox 3590 4891 3822 4944; x_wconf 88' lang='lat' dir='ltr'>attactis</span> 
     </span>
    </p>
   </div>
   <div class='ocr_carea' id='block_1_101' title="bbox 2157 4973 3822 5047">
    <p class='ocr_par' dir='ltr' id='par_1_101' title="bbox 2157 4973 3822 5047">
     <span class='ocr_line' id='line_1_101' title="bbox 2157 4973 3822 5047; baseline 0 -17"><span class='ocrx_word' id='word_1_706' title='bbox 2157 4991 2300 5031; x_wconf 90' lang='lat' dir='ltr'>seva</span> <span class='ocrx_word' id='word_1_707' title='bbox 2313 4990 2548 5047; x_wconf 91' lang='lat' dir='ltr'>quoque</span> <span class='ocrx_word' id='word_1_708' title='bbox 2560 4974 2748 5044; x_wconf 89' lang='lat' dir='ltr'>pestis</span> <span class='ocrx_word' id='word_1_709' title='bbox 2763 4989 2866 5028; x_wconf 89' lang='lat' dir='ltr'>eos</span> <span class='ocrx_word' id='word_1_710' title='bbox 2881 4973 3242 5028; x_wconf 90' lang='lat' dir='ltr'>incenderet.</span> <span class='ocrx_word' id='word_1_711' title='bbox 3260 4975 3374 5029; x_wconf 90' lang='lat' dir='ltr'>Sed</span> <span class='ocrx_word' id='word_1_712' title='bbox 3389 4980 3445 5029; x_wconf 92' lang='lat' dir='ltr'>et</span> <span class='ocrx_word' id='word_1_713' title='bbox 3477 4992 3679 5032; x_wconf 89' lang='lat' dir='ltr'>eomes</span> <span class='ocrx_word' id='word_1_714' title='bbox 3695 4977 3744 5046; x_wconf 92' lang='grc'>(1</span> <span class='ocrx_word' id='word_1_715' title='bbox 3759 4979 3822 5031; x_wconf 86' lang='grc' dir='ltr'>1Ἳ</span> 
     </span>
    </p>
   </div>
   <div class='ocr_carea' id='block_1_102' title="bbox 2153 5065 3822 5134">
    <p class='ocr_par' dir='ltr' id='par_1_102' title="bbox 2153 5065 3822 5134">
     <span class='ocr_line' id='line_1_102' title="bbox 2153 5065 3822 5134; baseline 0.001 -14"><span class='ocrx_word' id='word_1_716' title='bbox 2153 5067 2441 5120; x_wconf 88' lang='lat' dir='ltr'>moxutin</span> <span class='ocrx_word' id='word_1_717' title='bbox 2472 5065 2716 5134; x_wconf 90' lang='lat' dir='ltr'>patriam</span> <span class='ocrx_word' id='word_1_718' title='bbox 2746 5078 3031 5116; x_wconf 90' lang='lat' dir='ltr'>reversus</span> <span class='ocrx_word' id='word_1_719' title='bbox 3063 5065 3174 5132; x_wconf 89' lang='lat' dir='ltr'>est,</span> <span class='ocrx_word' id='word_1_720' title='bbox 3207 5065 3536 5133; x_wconf 86' lang='lat' dir='ltr'>quaestione</span> <span class='ocrx_word' id='word_1_721' title='bbox 3567 5065 3718 5120; x_wconf 84' lang='lat' dir='ltr'>facta</span> <span class='ocrx_word' id='word_1_722' title='bbox 3750 5067 3822 5122; x_wconf 89' lang='lat' dir='ltr'>de</span> 
     </span>
    </p>
   </div>
   <div class='ocr_carea' id='block_1_103' title="bbox 2154 5152 3819 5224">
    <p class='ocr_par' dir='ltr' id='par_1_103' title="bbox 2154 5152 3819 5224">
     <span class='ocr_line' id='line_1_103' title="bbox 2154 5152 3819 5224; baseline -0.001 -14"><span class='ocrx_word' id='word_1_723' title='bbox 2154 5155 2452 5211; x_wconf 89' lang='lat' dir='ltr'>thesauris</span> <span class='ocrx_word' id='word_1_724' title='bbox 2483 5153 2657 5207; x_wconf 89' lang='lat' dir='ltr'>dictis</span> <span class='ocrx_word' id='word_1_725' title='bbox 2697 5152 2810 5206; x_wconf 91' lang='lat' dir='ltr'>sub</span> <span class='ocrx_word' id='word_1_726' title='bbox 2849 5152 3043 5220; x_wconf 91' lang='lat' dir='ltr'>posito</span> <span class='ocrx_word' id='word_1_727' title='bbox 3081 5157 3472 5221; x_wconf 89' lang='lat' dir='ltr'>sacramento,</span> <span class='ocrx_word' id='word_1_728' title='bbox 3515 5169 3708 5224; x_wconf 88' lang='lat' dir='ltr'>usque</span> <span class='ocrx_word' id='word_1_729' title='bbox 3742 5156 3819 5212; x_wconf 82' lang='lat' dir='ltr'>ad</span> 
     </span>
    </p>
   </div>
   <div class='ocr_carea' id='block_1_104' title="bbox 2150 5240 3820 5314">
    <p class='ocr_par' dir='ltr' id='par_1_104' title="bbox 2150 5240 3820 5314">
     <span class='ocr_line' id='line_1_104' title="bbox 2150 5240 3820 5314; baseline -0.002 -12"><span class='ocrx_word' id='word_1_730' title='bbox 2150 5247 2455 5302; x_wconf 91' lang='lat' dir='ltr'>minimum</span> <span class='ocrx_word' id='word_1_731' title='bbox 2467 5242 2848 5314; x_wconf 89' lang='lat' dir='ltr'>quadrantem</span> <span class='ocrx_word' id='word_1_732' title='bbox 2870 5240 3311 5312; x_wconf 77' lang='lat' dir='ltr'>fecit_&#39;persolvi.</span> <span class='ocrx_word' id='word_1_733' title='bbox 3338 5243 3510 5298; x_wconf 90' lang='lat' dir='ltr'>Unus</span> <span class='ocrx_word' id='word_1_734' title='bbox 3529 5248 3725 5298; x_wconf 89' lang='lat' dir='ltr'>autem</span> <span class='ocrx_word' id='word_1_735' title='bbox 3747 5259 3820 5299; x_wconf 88' lang='lat' dir='ltr'>ex</span> 
     </span>
    </p>
   </div>
   <div class='ocr_carea' id='block_1_105' title="bbox 1936 5413 2230 5478">
    <p class='ocr_par' dir='ltr' id='par_1_105' title="bbox 1936 5413 2230 5478">
     <span class='ocr_line' id='line_1_105' title="bbox 1936 5413 2230 5478; baseline 0.003 -1"><span class='ocrx_word' id='word_1_736' title='bbox 1936 5413 2230 5478; x_wconf 65' lang='grc' dir='ltr'><strong>ΝΟΤΕ.</strong></span> 
     </span>
    </p>
   </div>
   <div class='ocr_carea' id='block_1_106' title="bbox 442 5548 1533 5620">
    <p class='ocr_par' dir='ltr' id='par_1_106' title="bbox 442 5548 1533 5620">
     <span class='ocr_line' id='line_1_106' title="bbox 442 5548 1533 5620; baseline 0.007 -18"><span class='ocrx_word' id='word_1_737' title='bbox 442 5548 591 5620; x_wconf 89' lang='grc'>(111)</span> <span class='ocrx_word' id='word_1_738' title='bbox 641 5551 685 5606; x_wconf 92' lang='lat' dir='ltr'>I.</span> <span class='ocrx_word' id='word_1_739' title='bbox 720 5566 772 5606; x_wconf 90' lang='lat' dir='ltr'>e.</span> <span class='ocrx_word' id='word_1_740' title='bbox 806 5550 1102 5619; x_wconf 89' lang='lat' dir='ltr'>discipuli,</span> <span class='ocrx_word' id='word_1_741' title='bbox 1137 5553 1533 5620; x_wconf 75' lang='lat' dir='ltr'>clerponnets.</span> 
     </span>
    </p>
   </div>
   <div class='ocr_carea' id='block_1_107' title="bbox 437 5619 2012 5699">
    <p class='ocr_par' dir='ltr' id='par_1_107' title="bbox 437 5619 2012 5699">
     <span class='ocr_line' id='line_1_107' title="bbox 437 5619 2012 5699; baseline 0.01 -26"><span class='ocrx_word' id='word_1_742' title='bbox 630 5621 827 5699; x_wconf 86' lang='lat' dir='ltr'>l_.__e.u_t</span> <span class='ocrx_word' id='word_1_743' title='bbox 857 5623 1207 5678; x_wconf 90' lang='lat' dir='ltr'>monachum</span> <span class='ocrx_word' id='word_1_744' title='bbox 1238 5619 1305 5679; x_wconf 82' lang='lat' dir='ltr'>se</span> <span class='ocrx_word' id='word_1_745' title='bbox 1338 5625 1597 5683; x_wconf 89' lang='lat' dir='ltr'>futurum</span> <span class='ocrx_word' id='word_1_746' title='bbox 1627 5631 2012 5699; x_wconf 87' lang='lat' dir='ltr'>promitteret.</span> 
     </span>
    </p>
   </div>
   <div class='ocr_carea' id='block_1_108' title="bbox 437 5692 1088 5762">
    <p class='ocr_par' dir='ltr' id='par_1_108' title="bbox 437 5692 1088 5762">
     <span class='ocr_line' id='line_1_108' title="bbox 437 5692 1088 5762; baseline 0.005 -17"><span class='ocrx_word' id='word_1_747' title='bbox 437 5692 589 5762; x_wconf 85' lang='grc'>(113)</span> <span class='ocrx_word' id='word_1_748' title='bbox 640 5692 1088 5749; x_wconf 89' lang='lat' dir='ltr'>Flandrensem.</span> 
     </span>
    </p>
   </div>
   <div class='ocr_carea' id='block_1_109' title="bbox 437 5761 1546 5837">
    <p class='ocr_par' dir='ltr' id='par_1_109' title="bbox 437 5761 1546 5837">
     <span class='ocr_line' id='line_1_109' title="bbox 437 5761 1546 5837; baseline 0.007 -21"><span class='ocrx_word' id='word_1_749' title='bbox 437 5761 587 5835; x_wconf 80' lang='grc'>(114)</span> <span class='ocrx_word' id='word_1_750' title='bbox 637 5764 1172 5837; x_wconf 88' lang='lat' dir='ltr'>Valentianensem,</span> <span class='ocrx_word' id='word_1_751' title='bbox 1207 5766 1282 5821; x_wconf 86' lang='lat' dir='ltr'>cf.</span> <span class='ocrx_word' id='word_1_752' title='bbox 1317 5780 1370 5822; x_wconf 86' lang='lat' dir='ltr'>e.</span> <span class='ocrx_word' id='word_1_753' title='bbox 1413 5770 1546 5824; x_wconf 83' lang='grc'>115.</span> 
     </span>
    </p>
   </div>
   <div class='ocr_carea' id='block_1_110' title="bbox 2231 5559 2849 5631">
    <p class='ocr_par' dir='ltr' id='par_1_110' title="bbox 2231 5559 2849 5631">
     <span class='ocr_line' id='line_1_110' title="bbox 2231 5559 2849 5631; baseline -0.002 -18"><span class='ocrx_word' id='word_1_754' title='bbox 2231 5559 2381 5631; x_wconf 81' lang='grc'>(115)</span> <span class='ocrx_word' id='word_1_755' title='bbox 2410 5559 2452 5613; x_wconf 93' lang='grc' dir='ltr'><strong>Ι.</strong></span> <span class='ocrx_word' id='word_1_756' title='bbox 2487 5575 2538 5614; x_wconf 89' lang='lat' dir='ltr'>e.</span> <span class='ocrx_word' id='word_1_757' title='bbox 2572 5559 2849 5631; x_wconf 89' lang='lat' dir='ltr'>inquieta.</span> 
     </span>
    </p>
   </div>
   <div class='ocr_carea' id='block_1_111' title="bbox 2229 5630 2794 5700">
    <p class='ocr_par' dir='ltr' id='par_1_111' title="bbox 2229 5630 2794 5700">
     <span class='ocr_line' id='line_1_111' title="bbox 2229 5630 2794 5700; baseline -0.004 -14"><span class='ocrx_word' id='word_1_758' title='bbox 2229 5630 2450 5700; x_wconf 84' lang='grc'>(116)1.</span> <span class='ocrx_word' id='word_1_759' title='bbox 2487 5646 2517 5684; x_wconf 91' lang='lat' dir='ltr'>e</span> <span class='ocrx_word' id='word_1_760' title='bbox 2548 5630 2685 5684; x_wconf 81' lang='lat' dir='ltr'>mox</span> <span class='ocrx_word' id='word_1_761' title='bbox 2715 5634 2794 5685; x_wconf 90' lang='lat' dir='ltr'>ut.</span> 
     </span>
    </p>
   </div>
   <div class='ocr_carea' id='block_1_112' title="bbox 2227 5701 3640 5770">
    <p class='ocr_par' dir='ltr' id='par_1_112' title="bbox 2227 5701 3640 5770">
     <span class='ocr_line' id='line_1_112' title="bbox 2227 5701 3640 5770; baseline 0.001 -14"><span class='ocrx_word' id='word_1_762' title='bbox 2227 5703 2374 5770; x_wconf 81' lang='grc'>(117)</span> <span class='ocrx_word' id='word_1_763' title='bbox 2408 5701 2744 5756; x_wconf 82' lang='lat' dir='ltr'>Richardus</span> <span class='ocrx_word' id='word_1_764' title='bbox 2775 5701 3252 5758; x_wconf 86' lang='lat' dir='ltr'>Normannorum</span> <span class='ocrx_word' id='word_1_765' title='bbox 3281 5704 3420 5758; x_wconf 87' lang='lat' dir='ltr'>dux.</span> <span class='ocrx_word' id='word_1_766' title='bbox 3462 5703 3640 5759; x_wconf 68' lang='lat' dir='ltr'>Com.</span> 
     </span>
    </p>
   </div>
  </div>
