  <div class='ocr_page' id='page_1' title='image "/cluster/home/n/w/nwhite01/storage/ocr_20150623/149/hvd.32044054760079/031.png"; bbox 0 0 4106 6184; ppageno 0'>
   <div class='ocr_carea' id='block_1_1' title="bbox 388 274 2929 344">
    <p class='ocr_par' dir='ltr' id='par_1_1' title="bbox 388 274 2929 344">
     <span class='ocr_line' id='line_1_1' title="bbox 388 274 2929 344; baseline 0.001 -5"><span class='ocrx_word' id='word_1_1' title='bbox 388 278 463 340; x_wconf 73' lang='grc'>51</span> <span class='ocrx_word' id='word_1_2' title='bbox 1284 274 1556 338; x_wconf 85' lang='lat' dir='ltr'>GESTA</span> <span class='ocrx_word' id='word_1_3' title='bbox 1599 275 1936 338; x_wconf 83' lang='lat' dir='ltr'>PONTIFI</span> <span class='ocrx_word' id='word_1_4' title='bbox 1946 275 2129 339; x_wconf 85' lang='lat' dir='ltr'>CUM</span> <span class='ocrx_word' id='word_1_5' title='bbox 2171 275 2929 344; x_wconf 84' lang='lat' dir='ltr'>CAMERACENSIUM.</span> 
     </span>
    </p>
   </div>
   <div class='ocr_carea' id='block_1_2' title="bbox 3745 285 3827 348">
    <p class='ocr_par' dir='ltr' id='par_1_2' title="bbox 3745 285 3827 348">
     <span class='ocr_line' id='line_1_2' title="bbox 3745 285 3827 348; baseline 0 0"><span class='ocrx_word' id='word_1_6' title='bbox 3745 285 3827 348; x_wconf 66' lang='lat'>52</span> 
     </span>
    </p>
   </div>
   <div class='ocr_carea' id='block_1_3' title="bbox 391 457 3818 537">
    <p class='ocr_par' dir='ltr' id='par_1_3' title="bbox 391 457 3818 537">
     <span class='ocr_line' id='line_1_3' title="bbox 391 457 3818 537; baseline 0.003 -24"><span class='ocrx_word' id='word_1_7' title='bbox 391 476 545 515; x_wconf 87' lang='lat' dir='ltr'>rare.</span> <span class='ocrx_word' id='word_1_8' title='bbox 580 461 650 514; x_wconf 87' lang='lat' dir='ltr'>Et</span> <span class='ocrx_word' id='word_1_9' title='bbox 680 460 961 530; x_wconf 89' lang='lat' dir='ltr'>quicquid</span> <span class='ocrx_word' id='word_1_10' title='bbox 974 459 1185 515; x_wconf 81' lang='lat' dir='ltr'>exinde</span> <span class='ocrx_word' id='word_1_11' title='bbox 1207 459 1392 514; x_wconf 83' lang='lat' dir='ltr'>fiscus</span> <span class='ocrx_word' id='word_1_12' title='bbox 1411 461 1616 513; x_wconf 90' lang='lat' dir='ltr'>noster</span> <span class='ocrx_word' id='word_1_13' title='bbox 1637 459 2050 529; x_wconf 82' lang='lat' dir='ltr'>exigerepote-</span> <span class='ocrx_word' id='word_1_14' title='bbox 2078 457 2136 517; x_wconf 71' lang='grc' dir='ltr'><strong>Α</strong></span> <span class='ocrx_word' id='word_1_15' title='bbox 2165 458 2228 512; x_wconf 87' lang='lat' dir='ltr'>ﬁt</span> <span class='ocrx_word' id='word_1_16' title='bbox 2248 459 2438 514; x_wconf 88' lang='lat' dir='ltr'>minor</span> <span class='ocrx_word' id='word_1_17' title='bbox 2458 461 2531 514; x_wconf 90' lang='lat' dir='ltr'>ad</span> <span class='ocrx_word' id='word_1_18' title='bbox 2562 462 2817 533; x_wconf 90' lang='lat' dir='ltr'>singula.</span> <span class='ocrx_word' id='word_1_19' title='bbox 2843 463 2912 518; x_wconf 92' lang='lat' dir='ltr'>Et</span> <span class='ocrx_word' id='word_1_20' title='bbox 2932 464 3043 519; x_wconf 92' lang='lat' dir='ltr'>hoc</span> <span class='ocrx_word' id='word_1_21' title='bbox 3077 466 3185 533; x_wconf 88' lang='lat' dir='ltr'>est,</span> <span class='ocrx_word' id='word_1_22' title='bbox 3215 466 3372 537; x_wconf 82' lang='lat' dir='ltr'>quod</span> <span class='ocrx_word' id='word_1_23' title='bbox 3403 465 3462 519; x_wconf 91' lang='lat' dir='ltr'>in</span> <span class='ocrx_word' id='word_1_24' title='bbox 3491 465 3604 521; x_wconf 91' lang='lat' dir='ltr'>hac</span> <span class='ocrx_word' id='word_1_25' title='bbox 3636 483 3698 522; x_wconf 88' lang='lat' dir='ltr'>re</span> <span class='ocrx_word' id='word_1_26' title='bbox 3726 484 3818 523; x_wconf 88' lang='lat' dir='ltr'>me</span> 
     </span>
    </p>
   </div>
   <div class='ocr_carea' id='block_1_4' title="bbox 390 548 2051 619">
    <p class='ocr_par' dir='ltr' id='par_1_4' title="bbox 390 548 2051 619">
     <span class='ocr_line' id='line_1_4' title="bbox 390 548 2051 619; baseline -0.002 -16"><span class='ocrx_word' id='word_1_27' title='bbox 390 553 497 619; x_wconf 88' lang='lat' dir='ltr'>rat,</span> <span class='ocrx_word' id='word_1_28' title='bbox 536 550 597 603; x_wconf 92' lang='lat' dir='ltr'>in</span> <span class='ocrx_word' id='word_1_29' title='bbox 635 549 1026 603; x_wconf 90' lang='lat' dir='ltr'>luminaribus</span> <span class='ocrx_word' id='word_1_30' title='bbox 1058 550 1248 618; x_wconf 86' lang='lat' dir='ltr'>ipsius</span> <span class='ocrx_word' id='word_1_31' title='bbox 1298 549 1589 603; x_wconf 66' lang='lat' dir='ltr'>mcclesiae</span> <span class='ocrx_word' id='word_1_32' title='bbox 1649 548 2051 603; x_wconf 88' lang='lat' dir='ltr'>concinnanda</span> 
     </span>
    </p>
   </div>
   <div class='ocr_carea' id='block_1_5' title="bbox 387 636 2052 708">
    <p class='ocr_par' dir='ltr' id='par_1_5' title="bbox 387 636 2052 708">
     <span class='ocr_line' id='line_1_5' title="bbox 387 636 2052 708; baseline -0.002 -15"><span class='ocrx_word' id='word_1_33' title='bbox 387 640 803 708; x_wconf 87' lang='lat' dir='ltr'>perpetualiter</span> <span class='ocrx_word' id='word_1_34' title='bbox 836 640 1249 692; x_wconf 87' lang='lat' dir='ltr'>concessimus</span> <span class='ocrx_word' id='word_1_35' title='bbox 1284 639 1354 690; x_wconf 89' lang='lat' dir='ltr'>ab</span> <span class='ocrx_word' id='word_1_36' title='bbox 1387 638 1740 691; x_wconf 89' lang='lat' dir='ltr'>habendum.</span> <span class='ocrx_word' id='word_1_37' title='bbox 1772 636 2052 690; x_wconf 82' lang='lat' dir='ltr'>Contine-</span> 
     </span>
    </p>
   </div>
   <div class='ocr_carea' id='block_1_6' title="bbox 2160 548 3815 626">
    <p class='ocr_par' dir='ltr' id='par_1_6' title="bbox 2160 548 3815 626">
     <span class='ocr_line' id='line_1_6' title="bbox 2160 548 3815 626; baseline 0.005 -25"><span class='ocrx_word' id='word_1_38' title='bbox 2160 548 2347 603; x_wconf 87' lang='lat' dir='ltr'>valde-</span> <span class='ocrx_word' id='word_1_39' title='bbox 2372 550 2662 621; x_wconf 89' lang='lat' dir='ltr'>collicita,</span> <span class='ocrx_word' id='word_1_40' title='bbox 2707 553 2982 622; x_wconf 89' lang='lat' dir='ltr'>quoniam</span> <span class='ocrx_word' id='word_1_41' title='bbox 3020 554 3107 607; x_wconf 33' lang='lat' dir='ltr'>ita.</span> <span class='ocrx_word' id='word_1_42' title='bbox 3141 555 3389 608; x_wconf 87' lang='lat' dir='ltr'>confusa</span> <span class='ocrx_word' id='word_1_43' title='bbox 3432 555 3815 626; x_wconf 79' lang='lat' dir='ltr'>suntjudicia</span> 
     </span>
    </p>
   </div>
   <div class='ocr_carea' id='block_1_7' title="bbox 2158 640 3818 714">
    <p class='ocr_par' dir='ltr' id='par_1_7' title="bbox 2158 640 3818 714">
     <span class='ocr_line' id='line_1_7' title="bbox 2158 640 3818 714; baseline 0.005 -22"><span class='ocrx_word' id='word_1_44' title='bbox 2158 640 2561 707; x_wconf 80' lang='lat' dir='ltr'>paenitentiam</span> <span class='ocrx_word' id='word_1_45' title='bbox 2591 640 2649 693; x_wconf 90' lang='lat' dir='ltr'>in</span> <span class='ocrx_word' id='word_1_46' title='bbox 2683 642 3161 711; x_wconf 72' lang='lat' dir='ltr'>presbyterorum</span> <span class='ocrx_word' id='word_1_47' title='bbox 3191 648 3529 698; x_wconf 89' lang='lat' dir='ltr'>nostrorum</span> <span class='ocrx_word' id='word_1_48' title='bbox 3562 662 3818 714; x_wconf 90' lang='lat' dir='ltr'>opuscu-</span> 
     </span>
    </p>
   </div>
   <div class='ocr_carea' id='block_1_8' title="bbox 385 726 3814 802">
    <p class='ocr_par' dir='ltr' id='par_1_8' title="bbox 385 726 3814 802">
     <span class='ocr_line' id='line_1_8' title="bbox 385 726 3814 802; baseline 0.002 -20"><span class='ocrx_word' id='word_1_49' title='bbox 385 730 562 784; x_wconf 89' lang='lat' dir='ltr'>batur</span> <span class='ocrx_word' id='word_1_50' title='bbox 591 729 764 782; x_wconf 89' lang='lat' dir='ltr'>etiam</span> <span class='ocrx_word' id='word_1_51' title='bbox 793 729 853 781; x_wconf 88' lang='lat' dir='ltr'>in</span> <span class='ocrx_word' id='word_1_52' title='bbox 901 728 1107 782; x_wconf 89' lang='lat' dir='ltr'>eodem</span> <span class='ocrx_word' id='word_1_53' title='bbox 1138 732 1416 797; x_wconf 89' lang='lat' dir='ltr'>precepto</span> <span class='ocrx_word' id='word_1_54' title='bbox 1448 727 1646 781; x_wconf 91' lang='lat' dir='ltr'>domni</span> <span class='ocrx_word' id='word_1_55' title='bbox 1677 730 1733 781; x_wconf 93' lang='lat' dir='ltr'>ct</span> <span class='ocrx_word' id='word_1_56' title='bbox 1758 727 2053 796; x_wconf 71' lang='lat' dir='ltr'>genitoris</span> <span class='ocrx_word' id='word_1_57' title='bbox 2154 726 2248 795; x_wconf 90' lang='lat' dir='ltr'>lis,</span> <span class='ocrx_word' id='word_1_58' title='bbox 2282 730 2454 797; x_wconf 89' lang='lat' dir='ltr'>atque</span> <span class='ocrx_word' id='word_1_59' title='bbox 2487 728 2720 782; x_wconf 89' lang='lat' dir='ltr'>diversa</span> <span class='ocrx_word' id='word_1_60' title='bbox 2746 733 2801 782; x_wconf 89' lang='lat' dir='ltr'>et</span> <span class='ocrx_word' id='word_1_61' title='bbox 2820 731 2973 784; x_wconf 90' lang='lat' dir='ltr'>inter</span> <span class='ocrx_word' id='word_1_62' title='bbox 3002 748 3069 785; x_wconf 88' lang='lat' dir='ltr'>se</span> <span class='ocrx_word' id='word_1_63' title='bbox 3102 733 3494 802; x_wconf 81' lang='lat' dir='ltr'>discrepantia</span> <span class='ocrx_word' id='word_1_64' title='bbox 3518 737 3573 787; x_wconf 90' lang='lat' dir='ltr'>ct</span> <span class='ocrx_word' id='word_1_65' title='bbox 3594 735 3814 788; x_wconf 85' lang='lat' dir='ltr'>nullius</span> 
     </span>
    </p>
   </div>
   <div class='ocr_carea' id='block_1_9' title="bbox 302 815 2045 887">
    <p class='ocr_par' dir='ltr' id='par_1_9' title="bbox 302 815 2045 887">
     <span class='ocr_line' id='line_1_9' title="bbox 302 815 2045 887; baseline -0.004 -14"><span class='ocrx_word' id='word_1_66' title='bbox 302 819 311 834; x_wconf 90' lang='lat'><strong>&#39;</strong></span> <span class='ocrx_word' id='word_1_67' title='bbox 385 819 596 887; x_wconf 84' lang='lat' dir='ltr'>nostri,</span> <span class='ocrx_word' id='word_1_68' title='bbox 623 818 779 887; x_wconf 87' lang='lat' dir='ltr'>quod</span> <span class='ocrx_word' id='word_1_69' title='bbox 802 818 1003 887; x_wconf 87' lang='lat' dir='ltr'>siquis</span> <span class='ocrx_word' id='word_1_70' title='bbox 1022 818 1161 884; x_wconf 89' lang='lat' dir='ltr'>dux,</span> <span class='ocrx_word' id='word_1_71' title='bbox 1180 832 1400 883; x_wconf 89' lang='lat' dir='ltr'>comes,</span> <span class='ocrx_word' id='word_1_72' title='bbox 1422 816 1701 884; x_wconf 83' lang='lat' dir='ltr'>vicarius,</span> <span class='ocrx_word' id='word_1_73' title='bbox 1719 831 1826 869; x_wconf 89' lang='lat' dir='ltr'>seu</span> <span class='ocrx_word' id='word_1_74' title='bbox 1846 815 2045 885; x_wconf 89' lang='lat' dir='ltr'>quisli-</span> 
     </span>
    </p>
   </div>
   <div class='ocr_carea' id='block_1_10' title="bbox 383 904 2048 976">
    <p class='ocr_par' dir='ltr' id='par_1_10' title="bbox 383 904 2048 976">
     <span class='ocr_line' id='line_1_10' title="bbox 383 904 2048 976; baseline -0.005 -13"><span class='ocrx_word' id='word_1_75' title='bbox 383 908 481 963; x_wconf 84' lang='lat' dir='ltr'>bet</span> <span class='ocrx_word' id='word_1_76' title='bbox 504 923 579 962; x_wconf 85' lang='lat' dir='ltr'>ex</span> <span class='ocrx_word' id='word_1_77' title='bbox 609 907 928 976; x_wconf 75' lang='lat' dir='ltr'>judiciaria</span> <span class='ocrx_word' id='word_1_78' title='bbox 952 909 1238 976; x_wconf 87' lang='lat' dir='ltr'>potestate</span> <span class='ocrx_word' id='word_1_79' title='bbox 1278 906 1679 959; x_wconf 81' lang='lat' dir='ltr'>auctoritatem</span> <span class='ocrx_word' id='word_1_80' title='bbox 1713 904 1907 959; x_wconf 88' lang='lat' dir='ltr'>domui</span> <span class='ocrx_word' id='word_1_81' title='bbox 1940 919 2048 973; x_wconf 88' lang='lat' dir='ltr'>ge-</span> 
     </span>
    </p>
   </div>
   <div class='ocr_carea' id='block_1_11' title="bbox 384 993 2047 1063">
    <p class='ocr_par' dir='ltr' id='par_1_11' title="bbox 384 993 2047 1063">
     <span class='ocr_line' id='line_1_11' title="bbox 384 993 2047 1063; baseline -0.004 -13"><span class='ocrx_word' id='word_1_82' title='bbox 384 997 594 1051; x_wconf 88' lang='lat' dir='ltr'>nitoris</span> <span class='ocrx_word' id='word_1_83' title='bbox 625 993 678 1036; x_wconf 76' lang='lat'>73</span> <span class='ocrx_word' id='word_1_84' title='bbox 701 996 891 1049; x_wconf 88' lang='lat' dir='ltr'>nostri</span> <span class='ocrx_word' id='word_1_85' title='bbox 908 996 998 1050; x_wconf 89' lang='lat' dir='ltr'>vel</span> <span class='ocrx_word' id='word_1_86' title='bbox 1020 998 1465 1049; x_wconf 81' lang='lat' dir='ltr'>antecessorum</span> <span class='ocrx_word' id='word_1_87' title='bbox 1490 1009 1696 1063; x_wconf 87' lang='lat' dir='ltr'>regum</span> <span class='ocrx_word' id='word_1_88' title='bbox 1715 994 2047 1060; x_wconf 87' lang='lat' dir='ltr'>irrumpere</span> 
     </span>
    </p>
   </div>
   <div class='ocr_carea' id='block_1_12' title="bbox 381 1081 2047 1155">
    <p class='ocr_par' dir='ltr' id='par_1_12' title="bbox 381 1081 2047 1155">
     <span class='ocr_line' id='line_1_12' title="bbox 381 1081 2047 1155; baseline -0.005 -14"><span class='ocrx_word' id='word_1_89' title='bbox 381 1084 433 1126; x_wconf 80' lang='lat'><strong>79</strong></span> <span class='ocrx_word' id='word_1_90' title='bbox 455 1085 594 1155; x_wconf 37' lang='lat' dir='ltr'>,‘faut</span> <span class='ocrx_word' id='word_1_91' title='bbox 615 1085 835 1139; x_wconf 91' lang='lat' dir='ltr'>violare</span> <span class='ocrx_word' id='word_1_92' title='bbox 848 1084 1319 1154; x_wconf 85' lang='lat' dir='ltr'>praesumpserit,</span> <span class='ocrx_word' id='word_1_93' title='bbox 1346 1083 1574 1136; x_wconf 89' lang='lat' dir='ltr'>solidos</span> <span class='ocrx_word' id='word_1_94' title='bbox 1589 1084 1909 1136; x_wconf 84' lang='lat' dir='ltr'>sexcentos</span> <span class='ocrx_word' id='word_1_95' title='bbox 1929 1081 2047 1133; x_wconf 89' lang='lat' dir='ltr'>cul-</span> 
     </span>
    </p>
   </div>
   <div class='ocr_carea' id='block_1_13' title="bbox 380 1169 2043 1245">
    <p class='ocr_par' dir='ltr' id='par_1_13' title="bbox 380 1169 2043 1245">
     <span class='ocr_line' id='line_1_13' title="bbox 380 1169 2043 1245; baseline -0.005 -16"><span class='ocrx_word' id='word_1_96' title='bbox 380 1175 595 1245; x_wconf 90' lang='lat' dir='ltr'>pabilis</span> <span class='ocrx_word' id='word_1_97' title='bbox 619 1173 940 1244; x_wconf 79' lang='lat' dir='ltr'>judicetur;</span> <span class='ocrx_word' id='word_1_98' title='bbox 972 1174 1248 1227; x_wconf 76' lang='lat' dir='ltr'>videlicet</span> <span class='ocrx_word' id='word_1_99' title='bbox 1272 1174 1332 1224; x_wconf 93' lang='lat' dir='ltr'>ut</span> <span class='ocrx_word' id='word_1_100' title='bbox 1361 1172 1493 1225; x_wconf 66' lang='lat' dir='ltr'>dum</span> <span class='ocrx_word' id='word_1_101' title='bbox 1524 1173 1722 1240; x_wconf 89' lang='lat' dir='ltr'>partes</span> <span class='ocrx_word' id='word_1_102' title='bbox 1754 1170 1813 1223; x_wconf 89' lang='lat' dir='ltr'>in</span> <span class='ocrx_word' id='word_1_103' title='bbox 1844 1169 2043 1223; x_wconf 89' lang='lat' dir='ltr'>archi-</span> 
     </span>
    </p>
   </div>
   <div class='ocr_carea' id='block_1_14' title="bbox 378 1258 2040 1335">
    <p class='ocr_par' dir='ltr' id='par_1_14' title="bbox 378 1258 2040 1335">
     <span class='ocr_line' id='line_1_14' title="bbox 378 1258 2040 1335; baseline -0.003 -17"><span class='ocrx_word' id='word_1_104' title='bbox 378 1282 516 1319; x_wconf 92' lang='lat' dir='ltr'>vum</span> <span class='ocrx_word' id='word_1_105' title='bbox 533 1265 724 1335; x_wconf 87' lang='lat' dir='ltr'>ipsius</span> <span class='ocrx_word' id='word_1_106' title='bbox 739 1263 1029 1318; x_wconf 68' lang='lat' dir='ltr'>aecclesiaa</span> <span class='ocrx_word' id='word_1_107' title='bbox 1051 1261 1510 1329; x_wconf 88' lang='lat' dir='ltr'>admittantibur,</span> <span class='ocrx_word' id='word_1_108' title='bbox 1535 1263 1589 1313; x_wconf 87' lang='lat' dir='ltr'>et</span> <span class='ocrx_word' id='word_1_109' title='bbox 1613 1260 1838 1312; x_wconf 88' lang='lat' dir='ltr'>tertiam</span> <span class='ocrx_word' id='word_1_110' title='bbox 1855 1258 2040 1313; x_wconf 81' lang='lat' dir='ltr'>ﬁscus</span> 
     </span>
    </p>
   </div>
   <div class='ocr_carea' id='block_1_15' title="bbox 378 1345 2037 1425">
    <p class='ocr_par' dir='ltr' id='par_1_15' title="bbox 378 1345 2037 1425">
     <span class='ocr_line' id='line_1_15' title="bbox 378 1345 2037 1425; baseline -0.004 -16"><span class='ocrx_word' id='word_1_111' title='bbox 378 1355 599 1425; x_wconf 78' lang='lat' dir='ltr'>regalis</span> <span class='ocrx_word' id='word_1_112' title='bbox 630 1354 890 1423; x_wconf 84' lang='lat' dir='ltr'>recipiat,</span> <span class='ocrx_word' id='word_1_113' title='bbox 924 1355 985 1405; x_wconf 89' lang='lat' dir='ltr'>ut</span> <span class='ocrx_word' id='word_1_114' title='bbox 1015 1352 1214 1405; x_wconf 90' lang='lat' dir='ltr'>nullus</span> <span class='ocrx_word' id='word_1_115' title='bbox 1238 1350 1348 1404; x_wconf 88' lang='lat' dir='ltr'>tale</span> <span class='ocrx_word' id='word_1_116' title='bbox 1363 1350 1503 1420; x_wconf 90' lang='lat' dir='ltr'>quid</span> <span class='ocrx_word' id='word_1_117' title='bbox 1525 1348 1734 1403; x_wconf 83' lang='lat' dir='ltr'>audeat</span> <span class='ocrx_word' id='word_1_118' title='bbox 1760 1345 1814 1389; x_wconf 82' lang='grc'>80</span> <span class='ocrx_word' id='word_1_119' title='bbox 1833 1363 2037 1417; x_wconf 89' lang='lat' dir='ltr'>perpe-</span> 
     </span>
    </p>
   </div>
   <div class='ocr_carea' id='block_1_16' title="bbox 376 1437 2032 1509">
    <p class='ocr_par' dir='ltr' id='par_1_16' title="bbox 376 1437 2032 1509">
     <span class='ocr_line' id='line_1_16' title="bbox 376 1437 2032 1509; baseline -0.005 -13"><span class='ocrx_word' id='word_1_120' title='bbox 376 1445 554 1496; x_wconf 87' lang='lat' dir='ltr'>trare.</span> <span class='ocrx_word' id='word_1_121' title='bbox 569 1442 734 1506; x_wconf 82' lang='lat' dir='ltr'>Quod</span> <span class='ocrx_word' id='word_1_122' title='bbox 750 1442 824 1493; x_wconf 86' lang='lat' dir='ltr'>ita</span> <span class='ocrx_word' id='word_1_123' title='bbox 847 1445 1024 1494; x_wconf 90' lang='lat' dir='ltr'>etnos</span> <span class='ocrx_word' id='word_1_124' title='bbox 1044 1455 1147 1509; x_wconf 89' lang='lat' dir='ltr'>per</span> <span class='ocrx_word' id='word_1_125' title='bbox 1164 1440 1313 1492; x_wconf 89' lang='lat' dir='ltr'>hanc</span> <span class='ocrx_word' id='word_1_126' title='bbox 1333 1440 1596 1493; x_wconf 87' lang='lat' dir='ltr'>nostram</span> <span class='ocrx_word' id='word_1_127' title='bbox 1627 1437 2032 1491; x_wconf 82' lang='lat' dir='ltr'>auctoritatem</span> 
     </span>
    </p>
   </div>
   <div class='ocr_carea' id='block_1_17' title="bbox 2154 816 3810 891">
    <p class='ocr_par' dir='ltr' id='par_1_17' title="bbox 2154 816 3810 891">
     <span class='ocr_line' id='line_1_17' title="bbox 2154 816 3810 891; baseline 0.005 -22"><span class='ocrx_word' id='word_1_128' title='bbox 2154 819 2496 871; x_wconf 81' lang='lat' dir='ltr'>auctoritate</span> <span class='ocrx_word' id='word_1_129' title='bbox 2543 816 2800 886; x_wconf 78' lang='lat' dir='ltr'>suffulta,</span> <span class='ocrx_word' id='word_1_130' title='bbox 2843 823 2904 873; x_wconf 89' lang='lat' dir='ltr'>ut</span> <span class='ocrx_word' id='word_1_131' title='bbox 2952 821 3050 874; x_wconf 82' lang='lat' dir='ltr'>vix</span> <span class='ocrx_word' id='word_1_132' title='bbox 3096 826 3336 891; x_wconf 87' lang='lat' dir='ltr'>propter</span> <span class='ocrx_word' id='word_1_133' title='bbox 3383 822 3810 877; x_wconf 89' lang='lat' dir='ltr'>dissonantiam</span> 
     </span>
    </p>
   </div>
   <div class='ocr_carea' id='block_1_18' title="bbox 2150 905 3811 978">
    <p class='ocr_par' dir='ltr' id='par_1_18' title="bbox 2150 905 3811 978">
     <span class='ocr_line' id='line_1_18' title="bbox 2150 905 3811 978; baseline 0.005 -20"><span class='ocrx_word' id='word_1_134' title='bbox 2150 905 2383 974; x_wconf 88' lang='lat' dir='ltr'>possint</span> <span class='ocrx_word' id='word_1_135' title='bbox 2405 906 2686 960; x_wconf 85' lang='lat' dir='ltr'>discerni.</span> <span class='ocrx_word' id='word_1_136' title='bbox 2709 907 2879 961; x_wconf 88' lang='lat' dir='ltr'>Unde</span> <span class='ocrx_word' id='word_1_137' title='bbox 2903 909 2983 978; x_wconf 84' lang='lat' dir='ltr'>ﬁt,</span> <span class='ocrx_word' id='word_1_138' title='bbox 3008 912 3071 963; x_wconf 93' lang='lat' dir='ltr'>ut</span> <span class='ocrx_word' id='word_1_139' title='bbox 3090 911 3586 965; x_wconf 89' lang='lat' dir='ltr'>concurrentibus</span> <span class='ocrx_word' id='word_1_140' title='bbox 3619 912 3689 965; x_wconf 88' lang='lat' dir='ltr'>ad</span> <span class='ocrx_word' id='word_1_141' title='bbox 3723 928 3811 966; x_wconf 91' lang='lat' dir='ltr'>re-</span> 
     </span>
    </p>
   </div>
   <div class='ocr_carea' id='block_1_19' title="bbox 2150 993 3808 1067">
    <p class='ocr_par' dir='ltr' id='par_1_19' title="bbox 2150 993 3808 1067">
     <span class='ocr_line' id='line_1_19' title="bbox 2150 993 3808 1067; baseline 0.006 -21"><span class='ocrx_word' id='word_1_142' title='bbox 2150 993 2405 1047; x_wconf 90' lang='lat' dir='ltr'>medium</span> <span class='ocrx_word' id='word_1_143' title='bbox 2435 996 2807 1065; x_wconf 85' lang='lat' dir='ltr'>paenitentiae,</span> <span class='ocrx_word' id='word_1_144' title='bbox 2844 1000 2957 1050; x_wconf 90' lang='lat' dir='ltr'>tam</span> <span class='ocrx_word' id='word_1_145' title='bbox 2995 1014 3104 1067; x_wconf 92' lang='lat' dir='ltr'>pro</span> <span class='ocrx_word' id='word_1_146' title='bbox 3137 999 3421 1055; x_wconf 89' lang='lat' dir='ltr'>librorum</span> <span class='ocrx_word' id='word_1_147' title='bbox 3461 1001 3808 1056; x_wconf 86' lang='lat' dir='ltr'>confusione</span> 
     </span>
    </p>
   </div>
   <div class='ocr_carea' id='block_1_20' title="bbox 2148 1084 3808 1156">
    <p class='ocr_par' dir='ltr' id='par_1_20' title="bbox 2148 1084 3808 1156">
     <span class='ocr_line' id='line_1_20' title="bbox 2148 1084 3808 1156; baseline 0.005 -21"><span class='ocrx_word' id='word_1_148' title='bbox 2148 1098 2322 1152; x_wconf 90' lang='lat' dir='ltr'>quam</span> <span class='ocrx_word' id='word_1_149' title='bbox 2353 1084 2527 1137; x_wconf 89' lang='lat' dir='ltr'>etiam</span> <span class='ocrx_word' id='word_1_150' title='bbox 2558 1100 2663 1153; x_wconf 89' lang='lat' dir='ltr'>pro</span> <span class='ocrx_word' id='word_1_151' title='bbox 2686 1085 2908 1156; x_wconf 82' lang='lat' dir='ltr'>ingenii</span> <span class='ocrx_word' id='word_1_152' title='bbox 2932 1086 3198 1141; x_wconf 84' lang='lat' dir='ltr'>tarditate</span> <span class='ocrx_word' id='word_1_153' title='bbox 3219 1088 3553 1143; x_wconf 89' lang='lat' dir='ltr'>nullatenus</span> <span class='ocrx_word' id='word_1_154' title='bbox 3578 1089 3808 1144; x_wconf 86' lang='lat' dir='ltr'>valeant</span> 
     </span>
    </p>
   </div>
   <div class='ocr_carea' id='block_1_21' title="bbox 2148 1172 3803 1248">
    <p class='ocr_par' dir='ltr' id='par_1_21' title="bbox 2148 1172 3803 1248">
     <span class='ocr_line' id='line_1_21' title="bbox 2148 1172 3803 1248; baseline 0.005 -24"><span class='ocrx_word' id='word_1_155' title='bbox 2148 1172 2491 1226; x_wconf 86' lang='lat' dir='ltr'>subvenire.</span> <span class='ocrx_word' id='word_1_156' title='bbox 2512 1172 2896 1244; x_wconf 84' lang='lat' dir='ltr'>Quapropter,</span> <span class='ocrx_word' id='word_1_157' title='bbox 2920 1175 3227 1230; x_wconf 85' lang='lat' dir='ltr'>carissime</span> <span class='ocrx_word' id='word_1_158' title='bbox 3251 1177 3449 1246; x_wconf 83' lang='lat' dir='ltr'>frater,</span> <span class='ocrx_word' id='word_1_159' title='bbox 3475 1178 3595 1233; x_wconf 91' lang='lat' dir='ltr'>noli</span> <span class='ocrx_word' id='word_1_160' title='bbox 3626 1182 3681 1232; x_wconf 91' lang='lat' dir='ltr'>te</span> <span class='ocrx_word' id='word_1_161' title='bbox 3711 1179 3803 1248; x_wconf 92' lang='lat' dir='ltr'>ip-</span> 
     </span>
    </p>
   </div>
   <div class='ocr_carea' id='block_1_22' title="bbox 2145 1262 3807 1335">
    <p class='ocr_par' dir='ltr' id='par_1_22' title="bbox 2145 1262 3807 1335">
     <span class='ocr_line' id='line_1_22' title="bbox 2145 1262 3807 1335; baseline 0.002 -19"><span class='ocrx_word' id='word_1_162' title='bbox 2145 1277 2279 1316; x_wconf 90' lang='lat' dir='ltr'>sum</span> <span class='ocrx_word' id='word_1_163' title='bbox 2310 1262 2482 1316; x_wconf 90' lang='lat' dir='ltr'>nobis</span> <span class='ocrx_word' id='word_1_164' title='bbox 2515 1278 2766 1333; x_wconf 87' lang='lat' dir='ltr'>negare,</span> <span class='ocrx_word' id='word_1_165' title='bbox 2820 1264 2918 1334; x_wconf 91' lang='lat' dir='ltr'>qui</span> <span class='ocrx_word' id='word_1_166' title='bbox 2959 1280 3197 1335; x_wconf 83' lang='lat' dir='ltr'>semper</span> <span class='ocrx_word' id='word_1_167' title='bbox 3232 1266 3293 1319; x_wconf 90' lang='lat' dir='ltr'>in</span> <span class='ocrx_word' id='word_1_168' title='bbox 3331 1266 3548 1320; x_wconf 88' lang='lat' dir='ltr'>divinis</span> <span class='ocrx_word' id='word_1_169' title='bbox 3581 1267 3807 1322; x_wconf 85' lang='lat' dir='ltr'>ardenti</span> 
     </span>
    </p>
   </div>
   <div class='ocr_carea' id='block_1_23' title="bbox 2143 1351 3807 1424">
    <p class='ocr_par' dir='ltr' id='par_1_23' title="bbox 2143 1351 3807 1424">
     <span class='ocr_line' id='line_1_23' title="bbox 2143 1351 3807 1424; baseline 0.004 -20"><span class='ocrx_word' id='word_1_170' title='bbox 2143 1352 2337 1404; x_wconf 91' lang='lat' dir='ltr'>animo</span> <span class='ocrx_word' id='word_1_171' title='bbox 2369 1351 2700 1420; x_wconf 84' lang='lat' dir='ltr'>disciplinis</span> <span class='ocrx_word' id='word_1_172' title='bbox 2730 1368 2797 1405; x_wconf 91' lang='lat' dir='ltr'>ac</span> <span class='ocrx_word' id='word_1_173' title='bbox 2831 1353 3033 1406; x_wconf 87' lang='lat' dir='ltr'>solerti</span> <span class='ocrx_word' id='word_1_174' title='bbox 3056 1368 3196 1407; x_wconf 76' lang='lat' dir='ltr'>cura</span> <span class='ocrx_word' id='word_1_175' title='bbox 3228 1354 3655 1424; x_wconf 87' lang='lat' dir='ltr'>scripturarum</span> <span class='ocrx_word' id='word_1_176' title='bbox 3685 1371 3807 1411; x_wconf 88' lang='lat' dir='ltr'>me-</span> 
     </span>
    </p>
   </div>
   <div class='ocr_carea' id='block_1_24' title="bbox 2145 1439 3802 1515">
    <p class='ocr_par' dir='ltr' id='par_1_24' title="bbox 2145 1439 3802 1515">
     <span class='ocr_line' id='line_1_24' title="bbox 2145 1439 3802 1515; baseline 0.004 -22"><span class='ocrx_word' id='word_1_177' title='bbox 2145 1439 2523 1494; x_wconf 90' lang='lat' dir='ltr'>ditationibus</span> <span class='ocrx_word' id='word_1_178' title='bbox 2538 1439 2976 1509; x_wconf 88' lang='lat' dir='ltr'>perfectissimo</span> <span class='ocrx_word' id='word_1_179' title='bbox 2991 1440 3106 1496; x_wconf 90' lang='lat' dir='ltr'>otio</span> <span class='ocrx_word' id='word_1_180' title='bbox 3121 1442 3392 1499; x_wconf 86' lang='lat' dir='ltr'>ﬂoruisti.</span> <span class='ocrx_word' id='word_1_181' title='bbox 3412 1444 3628 1515; x_wconf 84' lang='lat' dir='ltr'>Arippe</span> <span class='ocrx_word' id='word_1_182' title='bbox 3642 1461 3802 1515; x_wconf 82' lang='lat' dir='ltr'>quae-</span> 
     </span>
    </p>
   </div>
   <div class='ocr_carea' id='block_1_25' title="bbox 377 1503 3801 1603">
    <p class='ocr_par' dir='ltr' id='par_1_25' title="bbox 377 1503 3801 1603">
     <span class='ocr_line' id='line_1_25' title="bbox 377 1503 3801 1603; baseline 0.001 -17"><span class='ocrx_word' id='word_1_183' title='bbox 377 1534 817 1597; x_wconf 84' lang='lat' dir='ltr'>conﬁrmamus,</span> <span class='ocrx_word' id='word_1_184' title='bbox 844 1534 905 1584; x_wconf 92' lang='lat' dir='ltr'>ut</span> <span class='ocrx_word' id='word_1_185' title='bbox 938 1532 1093 1584; x_wconf 90' lang='lat' dir='ltr'>sicut</span> <span class='ocrx_word' id='word_1_186' title='bbox 1134 1545 1167 1583; x_wconf 87' lang='lat' dir='ltr'>a</span> <span class='ocrx_word' id='word_1_187' title='bbox 1189 1530 1402 1583; x_wconf 90' lang='lat' dir='ltr'>domno</span> <span class='ocrx_word' id='word_1_188' title='bbox 1446 1531 1502 1581; x_wconf 88' lang='lat' dir='ltr'>et</span> <span class='ocrx_word' id='word_1_189' title='bbox 1532 1528 1798 1598; x_wconf 78' lang='lat' dir='ltr'>genitore</span> <span class='ocrx_word' id='word_1_190' title='bbox 1830 1529 2032 1580; x_wconf 89' lang='lat' dir='ltr'>nostro</span> <span class='ocrx_word' id='word_1_191' title='bbox 2066 1503 2115 1564; x_wconf 80' lang='grc' dir='ltr'>Β</span> <span class='ocrx_word' id='word_1_192' title='bbox 2146 1545 2212 1583; x_wconf 95' lang='lat' dir='ltr'>so</span> <span class='ocrx_word' id='word_1_193' title='bbox 2237 1530 2365 1583; x_wconf 88' lang='lat' dir='ltr'>sine</span> <span class='ocrx_word' id='word_1_194' title='bbox 2393 1529 2797 1583; x_wconf 83' lang='lat' dir='ltr'>excusationis</span> <span class='ocrx_word' id='word_1_195' title='bbox 2820 1529 3002 1584; x_wconf 91' lang='lat' dir='ltr'>verbo</span> <span class='ocrx_word' id='word_1_196' title='bbox 3021 1530 3202 1602; x_wconf 76' lang='lat' dir='ltr'>hujus</span> <span class='ocrx_word' id='word_1_197' title='bbox 3227 1532 3479 1591; x_wconf 62' lang='lat' dir='ltr'>sarcinae</span> <span class='ocrx_word' id='word_1_198' title='bbox 3496 1534 3749 1603; x_wconf 90' lang='lat' dir='ltr'>pondus,</span> <span class='ocrx_word' id='word_1_199' title='bbox 3769 1551 3801 1588; x_wconf 85' lang='lat' dir='ltr'>a</span> 
     </span>
    </p>
   </div>
   <div class='ocr_carea' id='block_1_26' title="bbox 373 1616 2035 1690">
    <p class='ocr_par' dir='ltr' id='par_1_26' title="bbox 373 1616 2035 1690">
     <span class='ocr_line' id='line_1_26' title="bbox 373 1616 2035 1690; baseline -0.005 -14"><span class='ocrx_word' id='word_1_200' title='bbox 373 1624 465 1677; x_wconf 89' lang='lat' dir='ltr'>vel</span> <span class='ocrx_word' id='word_1_201' title='bbox 495 1618 545 1663; x_wconf 83' lang='grc'>81</span> <span class='ocrx_word' id='word_1_202' title='bbox 564 1620 1050 1675; x_wconf 88' lang='lat' dir='ltr'>antecessoribus</span> <span class='ocrx_word' id='word_1_203' title='bbox 1072 1619 1319 1690; x_wconf 82' lang='lat' dir='ltr'>regibus</span> <span class='ocrx_word' id='word_1_204' title='bbox 1341 1617 1614 1671; x_wconf 88' lang='lat' dir='ltr'>collatum</span> <span class='ocrx_word' id='word_1_205' title='bbox 1637 1619 1809 1687; x_wconf 89' lang='lat' dir='ltr'>atque</span> <span class='ocrx_word' id='word_1_206' title='bbox 1823 1616 2035 1669; x_wconf 86' lang='lat' dir='ltr'>contir-</span> 
     </span>
    </p>
   </div>
   <div class='ocr_carea' id='block_1_27' title="bbox 369 1706 2032 1780">
    <p class='ocr_par' dir='ltr' id='par_1_27' title="bbox 369 1706 2032 1780">
     <span class='ocr_line' id='line_1_27' title="bbox 369 1706 2032 1780; baseline -0.004 -14"><span class='ocrx_word' id='word_1_207' title='bbox 369 1714 587 1766; x_wconf 89' lang='lat' dir='ltr'>matum</span> <span class='ocrx_word' id='word_1_208' title='bbox 604 1714 714 1780; x_wconf 90' lang='lat' dir='ltr'>cst,</span> <span class='ocrx_word' id='word_1_209' title='bbox 747 1710 824 1762; x_wconf 87' lang='lat' dir='ltr'>ita</span> <span class='ocrx_word' id='word_1_210' title='bbox 852 1706 906 1749; x_wconf 67' lang='grc'>82</span> <span class='ocrx_word' id='word_1_211' title='bbox 931 1709 1212 1777; x_wconf 88' lang='lat' dir='ltr'>deinceps</span> <span class='ocrx_word' id='word_1_212' title='bbox 1243 1706 1661 1760; x_wconf 88' lang='lat' dir='ltr'>inviolobiliter</span> <span class='ocrx_word' id='word_1_213' title='bbox 1708 1720 2032 1759; x_wconf 90' lang='lat' dir='ltr'>conserve-</span> 
     </span>
    </p>
   </div>
   <div class='ocr_carea' id='block_1_28' title="bbox 370 1795 2031 1869">
    <p class='ocr_par' dir='ltr' id='par_1_28' title="bbox 370 1795 2031 1869">
     <span class='ocr_line' id='line_1_28' title="bbox 370 1795 2031 1869; baseline -0.004 -14"><span class='ocrx_word' id='word_1_214' title='bbox 370 1804 485 1855; x_wconf 89' lang='lat' dir='ltr'>tur.</span> <span class='ocrx_word' id='word_1_215' title='bbox 542 1800 686 1854; x_wconf 84' lang='lat' dir='ltr'>Haec</span> <span class='ocrx_word' id='word_1_216' title='bbox 734 1799 947 1869; x_wconf 88' lang='lat' dir='ltr'>quippe</span> <span class='ocrx_word' id='word_1_217' title='bbox 983 1797 1305 1851; x_wconf 85' lang='lat' dir='ltr'>auctoritas</span> <span class='ocrx_word' id='word_1_218' title='bbox 1353 1798 1450 1848; x_wconf 90' lang='lat' dir='ltr'>aut</span> <span class='ocrx_word' id='word_1_219' title='bbox 1484 1795 1760 1849; x_wconf 87' lang='lat' dir='ltr'>ﬁdelibus</span> <span class='ocrx_word' id='word_1_220' title='bbox 1809 1796 2031 1848; x_wconf 83' lang='lat' dir='ltr'>sanctae</span> 
     </span>
    </p>
   </div>
   <div class='ocr_carea' id='block_1_29' title="bbox 371 1882 2031 1951">
    <p class='ocr_par' dir='ltr' id='par_1_29' title="bbox 371 1882 2031 1951">
     <span class='ocr_line' id='line_1_29' title="bbox 371 1882 2031 1951; baseline -0.003 -9"><span class='ocrx_word' id='word_1_221' title='bbox 371 1890 477 1943; x_wconf 92' lang='lat' dir='ltr'>Dei</span> <span class='ocrx_word' id='word_1_222' title='bbox 507 1888 798 1943; x_wconf 85' lang='lat' dir='ltr'>aecclesiae</span> <span class='ocrx_word' id='word_1_223' title='bbox 843 1890 899 1941; x_wconf 86' lang='lat' dir='ltr'>et</span> <span class='ocrx_word' id='word_1_224' title='bbox 948 1886 1170 1941; x_wconf 87' lang='lat' dir='ltr'>nostris</span> <span class='ocrx_word' id='word_1_225' title='bbox 1192 1884 1393 1938; x_wconf 87' lang='lat' dir='ltr'>verius</span> <span class='ocrx_word' id='word_1_226' title='bbox 1421 1882 1476 1923; x_wconf 79' lang='grc'>83</span> <span class='ocrx_word' id='word_1_227' title='bbox 1505 1884 1795 1951; x_wconf 85' lang='lat' dir='ltr'>credatur,</span> <span class='ocrx_word' id='word_1_228' title='bbox 1855 1899 2031 1937; x_wconf 90' lang='lat' dir='ltr'>manu</span> 
     </span>
    </p>
   </div>
   <div class='ocr_carea' id='block_1_30' title="bbox 366 1972 2029 2048">
    <p class='ocr_par' dir='ltr' id='par_1_30' title="bbox 366 1972 2029 2048">
     <span class='ocr_line' id='line_1_30' title="bbox 366 1972 2029 2048; baseline -0.004 -17"><span class='ocrx_word' id='word_1_229' title='bbox 366 1978 605 2048; x_wconf 85' lang='lat' dir='ltr'>propria</span> <span class='ocrx_word' id='word_1_230' title='bbox 639 1977 843 2031; x_wconf 84' lang='lat' dir='ltr'>subter</span> <span class='ocrx_word' id='word_1_231' title='bbox 865 1991 993 2029; x_wconf 90' lang='lat' dir='ltr'>eam</span> <span class='ocrx_word' id='word_1_232' title='bbox 1033 1974 1335 2028; x_wconf 83' lang='lat' dir='ltr'>ﬁrmavius</span> <span class='ocrx_word' id='word_1_233' title='bbox 1395 1977 1451 2027; x_wconf 91' lang='lat' dir='ltr'>et</span> <span class='ocrx_word' id='word_1_234' title='bbox 1489 1972 1687 2026; x_wconf 89' lang='lat' dir='ltr'>annuli</span> <span class='ocrx_word' id='word_1_235' title='bbox 1710 1972 1898 2025; x_wconf 88' lang='lat' dir='ltr'>nostri</span> <span class='ocrx_word' id='word_1_236' title='bbox 1945 1973 2029 2024; x_wconf 91' lang='lat' dir='ltr'>in-</span> 
     </span>
    </p>
   </div>
   <div class='ocr_carea' id='block_1_31' title="bbox 365 2061 2029 2139">
    <p class='ocr_par' dir='ltr' id='par_1_31' title="bbox 365 2061 2029 2139">
     <span class='ocr_line' id='line_1_31' title="bbox 365 2061 2029 2139; baseline -0.004 -18"><span class='ocrx_word' id='word_1_237' title='bbox 365 2068 679 2139; x_wconf 82' lang='lat' dir='ltr'>pressione</span> <span class='ocrx_word' id='word_1_238' title='bbox 712 2064 1268 2137; x_wconf 82' lang='lat' dir='ltr'>signarijussimus.</span> <span class='ocrx_word' id='word_1_239' title='bbox 1286 2063 1531 2134; x_wconf 83' lang='lat' dir='ltr'>Signum</span> <span class='ocrx_word' id='word_1_240' title='bbox 1549 2061 1872 2115; x_wconf 86' lang='lat' dir='ltr'>llludowici</span> <span class='ocrx_word' id='word_1_241' title='bbox 1892 2076 2029 2115; x_wconf 88' lang='lat' dir='ltr'>sere</span> 
     </span>
    </p>
   </div>
   <div class='ocr_carea' id='block_1_32' title="bbox 362 2150 2028 2224">
    <p class='ocr_par' dir='ltr' id='par_1_32' title="bbox 362 2150 2028 2224">
     <span class='ocr_line' id='line_1_32' title="bbox 362 2150 2028 2224; baseline -0.005 -14"><span class='ocrx_word' id='word_1_242' title='bbox 362 2157 595 2210; x_wconf 89' lang='lat' dir='ltr'>nissimi</span> <span class='ocrx_word' id='word_1_243' title='bbox 628 2155 1020 2224; x_wconf 86' lang='lat' dir='ltr'>imperatoris.</span> <span class='ocrx_word' id='word_1_244' title='bbox 1058 2152 1509 2224; x_wconf 85' lang='lat' dir='ltr'>EgoDurandus</span> <span class='ocrx_word' id='word_1_245' title='bbox 1528 2152 1811 2205; x_wconf 86' lang='lat' dir='ltr'>diaconus</span> <span class='ocrx_word' id='word_1_246' title='bbox 1841 2150 1912 2203; x_wconf 89' lang='lat' dir='ltr'>ad</span> <span class='ocrx_word' id='word_1_247' title='bbox 1946 2150 2028 2202; x_wconf 88' lang='lat' dir='ltr'>vi-</span> 
     </span>
    </p>
   </div>
   <div class='ocr_carea' id='block_1_33' title="bbox 364 2238 2022 2312">
    <p class='ocr_par' dir='ltr' id='par_1_33' title="bbox 364 2238 2022 2312">
     <span class='ocr_line' id='line_1_33' title="bbox 364 2238 2022 2312; baseline -0.004 -15"><span class='ocrx_word' id='word_1_248' title='bbox 364 2261 490 2298; x_wconf 91' lang='lat' dir='ltr'>cem</span> <span class='ocrx_word' id='word_1_249' title='bbox 524 2242 1273 2312; x_wconf 85' lang='lat' dir='ltr'>Helisachariirecognovi.</span> <span class='ocrx_word' id='word_1_250' title='bbox 1301 2242 1507 2293; x_wconf 89' lang='lat' dir='ltr'>Amen.</span> <span class='ocrx_word' id='word_1_251' title='bbox 1542 2240 1682 2291; x_wconf 86' lang='lat' dir='ltr'>Data</span> <span class='ocrx_word' id='word_1_252' title='bbox 1706 2244 1795 2292; x_wconf 89' lang='lat' dir='ltr'>est</span> <span class='ocrx_word' id='word_1_253' title='bbox 1822 2239 1881 2290; x_wconf 83' lang='grc' dir='ltr'>1Ἷ</span> <span class='ocrx_word' id='word_1_254' title='bbox 1897 2238 2022 2291; x_wconf 64' lang='lat' dir='ltr'>Kal-</span> 
     </span>
    </p>
   </div>
   <div class='ocr_carea' id='block_1_34' title="bbox 361 2325 2026 2400">
    <p class='ocr_par' dir='ltr' id='par_1_34' title="bbox 361 2325 2026 2400">
     <span class='ocr_line' id='line_1_34' title="bbox 361 2325 2026 2400; baseline -0.004 -14"><span class='ocrx_word' id='word_1_255' title='bbox 361 2334 736 2397; x_wconf 87' lang='lat' dir='ltr'>Maias,anno</span> <span class='ocrx_word' id='word_1_256' title='bbox 768 2332 1004 2385; x_wconf 88' lang='lat' dir='ltr'>Christo</span> <span class='ocrx_word' id='word_1_257' title='bbox 1034 2331 1285 2400; x_wconf 85' lang='lat' dir='ltr'>propitio</span> <span class='ocrx_word' id='word_1_258' title='bbox 1314 2330 1346 2382; x_wconf 99' lang='lat'>3</span> <span class='ocrx_word' id='word_1_259' title='bbox 1390 2330 1584 2383; x_wconf 90' lang='lat' dir='ltr'>domni</span> <span class='ocrx_word' id='word_1_260' title='bbox 1617 2325 1671 2368; x_wconf 63' lang='grc' dir='ltr'>δι</span> <span class='ocrx_word' id='word_1_261' title='bbox 1701 2328 2026 2381; x_wconf 86' lang='lat' dir='ltr'>llludowici</span> 
     </span>
    </p>
   </div>
   <div class='ocr_carea' id='block_1_35' title="bbox 357 2418 2020 2491">
    <p class='ocr_par' dir='ltr' id='par_1_35' title="bbox 357 2418 2020 2491">
     <span class='ocr_line' id='line_1_35' title="bbox 357 2418 2020 2491; baseline -0.005 -16"><span class='ocrx_word' id='word_1_262' title='bbox 357 2422 613 2491; x_wconf 86' lang='lat' dir='ltr'>piissimi</span> <span class='ocrx_word' id='word_1_263' title='bbox 660 2422 918 2491; x_wconf 79' lang='lat' dir='ltr'>augusti,</span> <span class='ocrx_word' id='word_1_264' title='bbox 995 2420 1320 2473; x_wconf 88' lang='lat' dir='ltr'>indictione</span> <span class='ocrx_word' id='word_1_265' title='bbox 1367 2419 1400 2472; x_wconf 87' lang='grc'>9</span> <span class='ocrx_word' id='word_1_266' title='bbox 1449 2419 1545 2485; x_wconf 82' lang='lat' dir='ltr'>(an</span> <span class='ocrx_word' id='word_1_267' title='bbox 1604 2418 1751 2485; x_wconf 81' lang='lat'>816).</span> <span class='ocrx_word' id='word_1_268' title='bbox 1812 2419 2020 2469; x_wconf 84' lang='lat' dir='ltr'>Actum</span> 
     </span>
    </p>
   </div>
   <div class='ocr_carea' id='block_1_36' title="bbox 358 2504 2016 2580">
    <p class='ocr_par' dir='ltr' id='par_1_36' title="bbox 358 2504 2016 2580">
     <span class='ocr_line' id='line_1_36' title="bbox 358 2504 2016 2580; baseline -0.002 -18"><span class='ocrx_word' id='word_1_269' title='bbox 358 2511 549 2580; x_wconf 86' lang='lat' dir='ltr'>Aquis</span> <span class='ocrx_word' id='word_1_270' title='bbox 566 2511 729 2580; x_wconf 84' lang='lat' dir='ltr'>grani</span> <span class='ocrx_word' id='word_1_271' title='bbox 750 2511 916 2580; x_wconf 85' lang='lat' dir='ltr'>regio</span> <span class='ocrx_word' id='word_1_272' title='bbox 932 2509 1145 2578; x_wconf 90' lang='lat' dir='ltr'>palatio</span> <span class='ocrx_word' id='word_1_273' title='bbox 1162 2506 1234 2576; x_wconf 64' lang='grc' dir='ltr'>δεῖ,</span> <span class='ocrx_word' id='word_1_274' title='bbox 1251 2509 1308 2560; x_wconf 88' lang='lat' dir='ltr'>in</span> <span class='ocrx_word' id='word_1_275' title='bbox 1328 2508 1431 2561; x_wconf 90' lang='lat' dir='ltr'>Dei</span> <span class='ocrx_word' id='word_1_276' title='bbox 1451 2507 1703 2560; x_wconf 90' lang='lat' dir='ltr'>nomine.</span> <span class='ocrx_word' id='word_1_277' title='bbox 1724 2504 1980 2559; x_wconf 77' lang='lat' dir='ltr'>Amen83.</span> <span class='ocrx_word' id='word_1_278' title='bbox 1997 2529 2016 2551; x_wconf 78' lang='grc' dir='ltr'><strong>η</strong></span> 
     </span>
    </p>
   </div>
   <div class='ocr_carea' id='block_1_37' title="bbox 2140 1617 3800 1692">
    <p class='ocr_par' dir='ltr' id='par_1_37' title="bbox 2140 1617 3800 1692">
     <span class='ocr_line' id='line_1_37' title="bbox 2140 1617 3800 1692; baseline 0.004 -22"><span class='ocrx_word' id='word_1_279' title='bbox 2140 1634 2233 1672; x_wconf 91' lang='lat' dir='ltr'>me</span> <span class='ocrx_word' id='word_1_280' title='bbox 2252 1618 2486 1688; x_wconf 86' lang='lat' dir='ltr'>quidem</span> <span class='ocrx_word' id='word_1_281' title='bbox 2504 1618 2607 1671; x_wconf 87' lang='lat' dir='ltr'>tibi</span> <span class='ocrx_word' id='word_1_282' title='bbox 2628 1617 2985 1686; x_wconf 89' lang='lat' dir='ltr'>impositum,</span> <span class='ocrx_word' id='word_1_283' title='bbox 3008 1619 3114 1672; x_wconf 91' lang='lat' dir='ltr'>sed</span> <span class='ocrx_word' id='word_1_284' title='bbox 3133 1635 3165 1672; x_wconf 89' lang='lat' dir='ltr'>a</span> <span class='ocrx_word' id='word_1_285' title='bbox 3184 1619 3432 1675; x_wconf 91' lang='lat' dir='ltr'>Domino</span> <span class='ocrx_word' id='word_1_286' title='bbox 3454 1621 3629 1692; x_wconf 82' lang='lat' dir='ltr'>cujus</span> <span class='ocrx_word' id='word_1_287' title='bbox 3649 1637 3800 1677; x_wconf 89' lang='lat' dir='ltr'>onus</span> 
     </span>
    </p>
   </div>
   <div class='ocr_carea' id='block_1_38' title="bbox 2138 1706 3798 1781">
    <p class='ocr_par' dir='ltr' id='par_1_38' title="bbox 2138 1706 3798 1781">
     <span class='ocr_line' id='line_1_38' title="bbox 2138 1706 3798 1781; baseline 0.003 -21"><span class='ocrx_word' id='word_1_288' title='bbox 2138 1708 2267 1761; x_wconf 85' lang='lat' dir='ltr'>leve</span> <span class='ocrx_word' id='word_1_289' title='bbox 2300 1709 2418 1775; x_wconf 91' lang='lat' dir='ltr'>est,</span> <span class='ocrx_word' id='word_1_290' title='bbox 2454 1706 2852 1778; x_wconf 86' lang='lat' dir='ltr'>levigandum.</span> <span class='ocrx_word' id='word_1_291' title='bbox 2878 1706 3012 1761; x_wconf 90' lang='lat' dir='ltr'>Noli</span> <span class='ocrx_word' id='word_1_292' title='bbox 3039 1710 3244 1762; x_wconf 89' lang='lat' dir='ltr'>timere</span> <span class='ocrx_word' id='word_1_293' title='bbox 3266 1750 3279 1778; x_wconf 93' lang='lat'>,</span> <span class='ocrx_word' id='word_1_294' title='bbox 3305 1724 3493 1781; x_wconf 88' lang='lat' dir='ltr'>neque</span> <span class='ocrx_word' id='word_1_295' title='bbox 3513 1709 3798 1765; x_wconf 79' lang='lat' dir='ltr'>formidas</span> 
     </span>
    </p>
   </div>
   <div class='ocr_carea' id='block_1_39' title="bbox 2138 1795 3795 1869">
    <p class='ocr_par' dir='ltr' id='par_1_39' title="bbox 2138 1795 3795 1869">
     <span class='ocr_line' id='line_1_39' title="bbox 2138 1795 3795 1869; baseline 0.003 -21"><span class='ocrx_word' id='word_1_296' title='bbox 2138 1795 2319 1867; x_wconf 77' lang='lat' dir='ltr'>hujus</span> <span class='ocrx_word' id='word_1_297' title='bbox 2353 1796 2552 1865; x_wconf 88' lang='lat' dir='ltr'>operis</span> <span class='ocrx_word' id='word_1_298' title='bbox 2583 1796 3068 1866; x_wconf 79' lang='lat' dir='ltr'>magnitudinem,</span> <span class='ocrx_word' id='word_1_299' title='bbox 3104 1797 3210 1851; x_wconf 91' lang='lat' dir='ltr'>sed</span> <span class='ocrx_word' id='word_1_300' title='bbox 3238 1798 3467 1852; x_wconf 76' lang='lat' dir='ltr'>vii-liter</span> <span class='ocrx_word' id='word_1_301' title='bbox 3486 1796 3537 1839; x_wconf 82' lang='grc'>87</span> <span class='ocrx_word' id='word_1_302' title='bbox 3558 1799 3795 1869; x_wconf 87' lang='lat' dir='ltr'>accede,</span> 
     </span>
    </p>
   </div>
   <div class='ocr_carea' id='block_1_40' title="bbox 2136 1884 3796 1960">
    <p class='ocr_par' dir='ltr' id='par_1_40' title="bbox 2136 1884 3796 1960">
     <span class='ocr_line' id='line_1_40' title="bbox 2136 1884 3796 1960; baseline 0.003 -23"><span class='ocrx_word' id='word_1_303' title='bbox 2136 1885 2273 1955; x_wconf 91' lang='lat' dir='ltr'>quia</span> <span class='ocrx_word' id='word_1_304' title='bbox 2303 1884 2489 1938; x_wconf 91' lang='lat' dir='ltr'>aderit</span> <span class='ocrx_word' id='word_1_305' title='bbox 2518 1884 2624 1938; x_wconf 89' lang='lat' dir='ltr'>tibi</span> <span class='ocrx_word' id='word_1_306' title='bbox 2654 1884 2754 1953; x_wconf 85' lang='lat' dir='ltr'>qui</span> <span class='ocrx_word' id='word_1_307' title='bbox 2787 1884 2931 1938; x_wconf 82' lang='lat' dir='ltr'>dixit</span> <span class='ocrx_word' id='word_1_308' title='bbox 2960 1902 2971 1939; x_wconf 87' lang='lat'><strong>:</strong></span> <span class='ocrx_word' id='word_1_309' title='bbox 3012 1906 3034 1936; x_wconf 83' lang='grc'><strong>«</strong></span> <span class='ocrx_word' id='word_1_310' title='bbox 3066 1886 3247 1956; x_wconf 83' lang='lat' dir='ltr'>Aperi</span> <span class='ocrx_word' id='word_1_311' title='bbox 3279 1902 3347 1941; x_wconf 93' lang='lat' dir='ltr'>os</span> <span class='ocrx_word' id='word_1_312' title='bbox 3374 1887 3558 1955; x_wconf 89' lang='lat' dir='ltr'>tuum,</span> <span class='ocrx_word' id='word_1_313' title='bbox 3596 1892 3653 1942; x_wconf 91' lang='lat' dir='ltr'>et</span> <span class='ocrx_word' id='word_1_314' title='bbox 3685 1904 3796 1960; x_wconf 90' lang='lat' dir='ltr'>ego</span> 
     </span>
    </p>
   </div>
   <div class='ocr_carea' id='block_1_41' title="bbox 2142 1972 3794 2046">
    <p class='ocr_par' dir='ltr' id='par_1_41' title="bbox 2142 1972 3794 2046">
     <span class='ocr_line' id='line_1_41' title="bbox 2142 1972 3794 2046; baseline 0.003 -20"><span class='ocrx_word' id='word_1_315' title='bbox 2142 1997 2161 2020; x_wconf 86' lang='lat'><strong>«</strong></span> <span class='ocrx_word' id='word_1_316' title='bbox 2187 1973 2517 2042; x_wconf 88' lang='lat' dir='ltr'>adimplebo</span> <span class='ocrx_word' id='word_1_317' title='bbox 2537 1972 2699 2026; x_wconf 90' lang='lat' dir='ltr'>illud.</span> <span class='ocrx_word' id='word_1_318' title='bbox 2730 1996 2751 2020; x_wconf 75' lang='grc' dir='ltr'>ι»</span> <span class='ocrx_word' id='word_1_319' title='bbox 2779 1972 2910 2026; x_wconf 90' lang='lat' dir='ltr'>Scis</span> <span class='ocrx_word' id='word_1_320' title='bbox 2932 1974 3108 2039; x_wconf 89' lang='lat' dir='ltr'>enim,</span> <span class='ocrx_word' id='word_1_321' title='bbox 3134 1975 3371 2043; x_wconf 91' lang='lat' dir='ltr'>optime,</span> <span class='ocrx_word' id='word_1_322' title='bbox 3391 1976 3593 2044; x_wconf 81' lang='lat' dir='ltr'>parvis</span> <span class='ocrx_word' id='word_1_323' title='bbox 3616 1992 3794 2046; x_wconf 88' lang='lat' dir='ltr'>parva</span> 
     </span>
    </p>
   </div>
   <div class='ocr_carea' id='block_1_42' title="bbox 2136 2062 3793 2134">
    <p class='ocr_par' dir='ltr' id='par_1_42' title="bbox 2136 2062 3793 2134">
     <span class='ocr_line' id='line_1_42' title="bbox 2136 2062 3793 2134; baseline 0.002 -18"><span class='ocrx_word' id='word_1_324' title='bbox 2136 2062 2413 2116; x_wconf 85' lang='lat' dir='ltr'>sufﬁcere</span> <span class='ocrx_word' id='word_1_325' title='bbox 2434 2103 2447 2130; x_wconf 97' lang='lat'>,</span> <span class='ocrx_word' id='word_1_326' title='bbox 2491 2078 2598 2115; x_wconf 89' lang='lat' dir='ltr'>nec</span> <span class='ocrx_word' id='word_1_327' title='bbox 2631 2062 2701 2115; x_wconf 90' lang='lat' dir='ltr'>ad</span> <span class='ocrx_word' id='word_1_328' title='bbox 2733 2078 2998 2116; x_wconf 88' lang='lat' dir='ltr'>mensam</span> <span class='ocrx_word' id='word_1_329' title='bbox 3029 2066 3442 2134; x_wconf 88' lang='lat' dir='ltr'>magnatorum</span> <span class='ocrx_word' id='word_1_330' title='bbox 3471 2081 3793 2134; x_wconf 89' lang='lat' dir='ltr'>pauperum</span> 
     </span>
    </p>
   </div>
   <div class='ocr_carea' id='block_1_43' title="bbox 2135 2151 3792 2220">
    <p class='ocr_par' dir='ltr' id='par_1_43' title="bbox 2135 2151 3792 2220">
     <span class='ocr_line' id='line_1_43' title="bbox 2135 2151 3792 2220; baseline 0.003 -17"><span class='ocrx_word' id='word_1_331' title='bbox 2135 2152 2365 2203; x_wconf 84' lang='lat' dir='ltr'>turbam</span> <span class='ocrx_word' id='word_1_332' title='bbox 2398 2166 2576 2220; x_wconf 91' lang='lat' dir='ltr'>posse</span> <span class='ocrx_word' id='word_1_333' title='bbox 2609 2151 2910 2205; x_wconf 88' lang='lat' dir='ltr'>accedere.</span> <span class='ocrx_word' id='word_1_334' title='bbox 2946 2151 3077 2205; x_wconf 89' lang='lat' dir='ltr'>Noli</span> <span class='ocrx_word' id='word_1_335' title='bbox 3109 2156 3222 2206; x_wconf 83' lang='lat' dir='ltr'>tuae</span> <span class='ocrx_word' id='word_1_336' title='bbox 3254 2152 3586 2207; x_wconf 85' lang='lat' dir='ltr'>devotionis</span> <span class='ocrx_word' id='word_1_337' title='bbox 3618 2154 3792 2208; x_wconf 90' lang='lat' dir='ltr'>nobis</span> 
     </span>
    </p>
   </div>
   <div class='ocr_carea' id='block_1_44' title="bbox 2132 2239 3790 2307">
    <p class='ocr_par' dir='ltr' id='par_1_44' title="bbox 2132 2239 3790 2307">
     <span class='ocr_line' id='line_1_44' title="bbox 2132 2239 3790 2307; baseline 0.002 -14"><span class='ocrx_word' id='word_1_338' title='bbox 2132 2240 2480 2293; x_wconf 88' lang='lat' dir='ltr'>subtrahere</span> <span class='ocrx_word' id='word_1_339' title='bbox 2499 2239 2828 2307; x_wconf 85' lang='lat' dir='ltr'>scientiam,</span> <span class='ocrx_word' id='word_1_340' title='bbox 2845 2240 2965 2293; x_wconf 91' lang='lat' dir='ltr'>noli</span> <span class='ocrx_word' id='word_1_341' title='bbox 2982 2256 3293 2294; x_wconf 88' lang='lat' dir='ltr'>accensam</span> <span class='ocrx_word' id='word_1_342' title='bbox 3312 2242 3369 2294; x_wconf 91' lang='lat' dir='ltr'>in</span> <span class='ocrx_word' id='word_1_343' title='bbox 3392 2246 3444 2294; x_wconf 93' lang='lat' dir='ltr'>te</span> <span class='ocrx_word' id='word_1_344' title='bbox 3463 2242 3576 2295; x_wconf 93' lang='lat' dir='ltr'>sub</span> <span class='ocrx_word' id='word_1_345' title='bbox 3594 2242 3790 2297; x_wconf 91' lang='lat' dir='ltr'>modio</span> 
     </span>
    </p>
   </div>
   <div class='ocr_carea' id='block_1_45' title="bbox 2130 2328 3790 2400">
    <p class='ocr_par' dir='ltr' id='par_1_45' title="bbox 2130 2328 3790 2400">
     <span class='ocr_line' id='line_1_45' title="bbox 2130 2328 3790 2400; baseline 0.001 -17"><span class='ocrx_word' id='word_1_346' title='bbox 2130 2345 2349 2397; x_wconf 91' lang='lat' dir='ltr'>ponere</span> <span class='ocrx_word' id='word_1_347' title='bbox 2372 2328 2691 2397; x_wconf 88' lang='lat' dir='ltr'>lucernam,</span> <span class='ocrx_word' id='word_1_348' title='bbox 2720 2329 2823 2381; x_wconf 88' lang='lat' dir='ltr'>sed</span> <span class='ocrx_word' id='word_1_349' title='bbox 2848 2330 3118 2398; x_wconf 90' lang='lat' dir='ltr'>precelso</span> <span class='ocrx_word' id='word_1_350' title='bbox 3141 2344 3269 2383; x_wconf 90' lang='lat' dir='ltr'>eam</span> <span class='ocrx_word' id='word_1_351' title='bbox 3292 2345 3625 2400; x_wconf 90' lang='lat' dir='ltr'>superponc</span> <span class='ocrx_word' id='word_1_352' title='bbox 3648 2346 3790 2384; x_wconf 90' lang='lat' dir='ltr'>can-</span> 
     </span>
    </p>
   </div>
   <div class='ocr_carea' id='block_1_46' title="bbox 2130 2417 3790 2488">
    <p class='ocr_par' dir='ltr' id='par_1_46' title="bbox 2130 2417 3790 2488">
     <span class='ocr_line' id='line_1_46' title="bbox 2130 2417 3790 2488; baseline 0.002 -17"><span class='ocrx_word' id='word_1_353' title='bbox 2130 2418 2393 2485; x_wconf 88' lang='lat' dir='ltr'>delabro,</span> <span class='ocrx_word' id='word_1_354' title='bbox 2438 2421 2499 2470; x_wconf 89' lang='lat' dir='ltr'>ut</span> <span class='ocrx_word' id='word_1_355' title='bbox 2536 2417 2727 2470; x_wconf 89' lang='lat' dir='ltr'>luceat</span> <span class='ocrx_word' id='word_1_356' title='bbox 2768 2418 3042 2471; x_wconf 91' lang='lat' dir='ltr'>omnibns</span> <span class='ocrx_word' id='word_1_357' title='bbox 3083 2418 3184 2488; x_wconf 91' lang='lat' dir='ltr'>qui</span> <span class='ocrx_word' id='word_1_358' title='bbox 3220 2420 3277 2471; x_wconf 92' lang='lat' dir='ltr'>in</span> <span class='ocrx_word' id='word_1_359' title='bbox 3311 2419 3483 2473; x_wconf 91' lang='lat' dir='ltr'>domo</span> <span class='ocrx_word' id='word_1_360' title='bbox 3520 2420 3623 2473; x_wconf 87' lang='lat' dir='ltr'>Dei</span> <span class='ocrx_word' id='word_1_361' title='bbox 3653 2424 3790 2474; x_wconf 89' lang='lat' dir='ltr'>sunt</span> 
     </span>
    </p>
   </div>
   <div class='ocr_carea' id='block_1_47' title="bbox 2129 2506 3784 2577">
    <p class='ocr_par' dir='ltr' id='par_1_47' title="bbox 2129 2506 3784 2577">
     <span class='ocr_line' id='line_1_47' title="bbox 2129 2506 3784 2577; baseline 0.002 -19"><span class='ocrx_word' id='word_1_362' title='bbox 2129 2506 2411 2560; x_wconf 89' lang='lat' dir='ltr'>fratribus</span> <span class='ocrx_word' id='word_1_363' title='bbox 2434 2506 2574 2572; x_wconf 88' lang='lat' dir='ltr'>tuis,</span> <span class='ocrx_word' id='word_1_364' title='bbox 2611 2510 2666 2560; x_wconf 92' lang='lat' dir='ltr'>et</span> <span class='ocrx_word' id='word_1_365' title='bbox 2706 2506 2906 2575; x_wconf 87' lang='lat' dir='ltr'>profer</span> <span class='ocrx_word' id='word_1_366' title='bbox 2927 2506 3100 2561; x_wconf 92' lang='lat' dir='ltr'>nobis</span> <span class='ocrx_word' id='word_1_367' title='bbox 3123 2507 3301 2560; x_wconf 89' lang='lat' dir='ltr'>veluti</span> <span class='ocrx_word' id='word_1_368' title='bbox 3325 2508 3520 2561; x_wconf 87' lang='lat' dir='ltr'>scriba</span> <span class='ocrx_word' id='word_1_369' title='bbox 3552 2508 3784 2577; x_wconf 89' lang='lat' dir='ltr'>doctus,</span> 
     </span>
    </p>
   </div>
   <div class='ocr_carea' id='block_1_48' title="bbox 360 2566 3785 2667">
    <p class='ocr_par' dir='ltr' id='par_1_48' title="bbox 360 2566 3785 2667">
     <span class='ocr_line' id='line_1_48' title="bbox 360 2566 3785 2667; baseline 0 -16"><span class='ocrx_word' id='word_1_370' title='bbox 360 2566 469 2651; x_wconf 65' lang='lat' dir='ltr'>Hic</span> <span class='ocrx_word' id='word_1_371' title='bbox 492 2566 665 2650; x_wconf 61' lang='lat' dir='ltr'>etiam</span> <span class='ocrx_word' id='word_1_372' title='bbox 698 2566 853 2650; x_wconf 59' lang='lat' dir='ltr'>inter</span> <span class='ocrx_word' id='word_1_373' title='bbox 882 2566 1070 2650; x_wconf 63' lang='lat' dir='ltr'>fuisse</span> <span class='ocrx_word' id='word_1_374' title='bbox 1104 2566 1312 2649; x_wconf 80' lang='lat' dir='ltr'>sinodo</span> <span class='ocrx_word' id='word_1_375' title='bbox 1345 2596 1639 2649; x_wconf 88' lang='lat' dir='ltr'>invenitur</span> <span class='ocrx_word' id='word_1_376' title='bbox 1668 2594 1913 2666; x_wconf 80' lang='lat' dir='ltr'>[(FLon.,</span> <span class='ocrx_word' id='word_1_377' title='bbox 1948 2596 2015 2663; x_wconf 92' lang='lat' dir='ltr'>II,</span> <span class='ocrx_word' id='word_1_378' title='bbox 2051 2566 2099 2625; x_wconf 71' lang='grc' dir='ltr'><strong>Ο</strong></span> <span class='ocrx_word' id='word_1_379' title='bbox 2127 2596 2280 2666; x_wconf 90' lang='lat' dir='ltr'>quod</span> <span class='ocrx_word' id='word_1_380' title='bbox 2314 2566 2595 2664; x_wconf 85' lang='lat' dir='ltr'>accepisti</span> <span class='ocrx_word' id='word_1_381' title='bbox 2626 2612 2657 2649; x_wconf 91' lang='lat' dir='ltr'>a</span> <span class='ocrx_word' id='word_1_382' title='bbox 2692 2566 2960 2650; x_wconf 88' lang='lat' dir='ltr'>Domino.</span> <span class='ocrx_word' id='word_1_383' title='bbox 2986 2595 3188 2649; x_wconf 88' lang='lat' dir='ltr'>Aderit</span> <span class='ocrx_word' id='word_1_384' title='bbox 3210 2596 3317 2649; x_wconf 88' lang='lat' dir='ltr'>tibi</span> <span class='ocrx_word' id='word_1_385' title='bbox 3346 2595 3529 2667; x_wconf 85' lang='lat' dir='ltr'>hujus</span> <span class='ocrx_word' id='word_1_386' title='bbox 3561 2566 3785 2651; x_wconf 81' lang='lat' dir='ltr'>laboris</span> 
     </span>
    </p>
   </div>
   <div class='ocr_carea' id='block_1_49' title="bbox 357 2684 2017 2757">
    <p class='ocr_par' dir='ltr' id='par_1_49' title="bbox 357 2684 2017 2757">
     <span class='ocr_line' id='line_1_49' title="bbox 357 2684 2017 2757; baseline -0.002 -17"><span class='ocrx_word' id='word_1_387' title='bbox 357 2685 448 2754; x_wconf 85' lang='grc'>18)</span> <span class='ocrx_word' id='word_1_388' title='bbox 478 2690 652 2757; x_wconf 87' lang='lat' dir='ltr'>quam</span> <span class='ocrx_word' id='word_1_389' title='bbox 672 2702 824 2739; x_wconf 91' lang='lat' dir='ltr'>anno</span> <span class='ocrx_word' id='word_1_390' title='bbox 865 2685 936 2739; x_wconf 89' lang='lat' dir='ltr'>ab</span> <span class='ocrx_word' id='word_1_391' title='bbox 969 2685 1370 2738; x_wconf 89' lang='lat' dir='ltr'>incarnatione</span> <span class='ocrx_word' id='word_1_392' title='bbox 1410 2684 1629 2737; x_wconf 91' lang='lat' dir='ltr'>domini</span> <span class='ocrx_word' id='word_1_393' title='bbox 1652 2684 1838 2737; x_wconf 89' lang='lat' dir='ltr'>nostri</span> <span class='ocrx_word' id='word_1_394' title='bbox 1873 2684 2017 2736; x_wconf 87' lang='lat' dir='ltr'>Jesu</span> 
     </span>
    </p>
   </div>
   <div class='ocr_carea' id='block_1_50' title="bbox 355 2772 2018 2842">
    <p class='ocr_par' dir='ltr' id='par_1_50' title="bbox 355 2772 2018 2842">
     <span class='ocr_line' id='line_1_50' title="bbox 355 2772 2018 2842; baseline -0.002 -14"><span class='ocrx_word' id='word_1_395' title='bbox 355 2774 573 2828; x_wconf 87' lang='lat' dir='ltr'>Christi</span> <span class='ocrx_word' id='word_1_396' title='bbox 592 2775 693 2827; x_wconf 76' lang='grc'>814</span> <span class='ocrx_word' id='word_1_397' title='bbox 720 2774 1021 2826; x_wconf 78' lang='lat' dir='ltr'>\&quot;u1t‘arius</span> <span class='ocrx_word' id='word_1_398' title='bbox 1040 2773 1421 2827; x_wconf 66' lang='lat' dir='ltr'>ltemensium</span> <span class='ocrx_word' id='word_1_399' title='bbox 1455 2772 1940 2842; x_wconf 88' lang='lat' dir='ltr'>archiepiscopus</span> <span class='ocrx_word' id='word_1_400' title='bbox 1960 2772 2018 2825; x_wconf 90' lang='lat' dir='ltr'>in</span> 
     </span>
    </p>
   </div>
   <div class='ocr_carea' id='block_1_51' title="bbox 354 2861 2011 2930">
    <p class='ocr_par' dir='ltr' id='par_1_51' title="bbox 354 2861 2011 2930">
     <span class='ocr_line' id='line_1_51' title="bbox 354 2861 2011 2930; baseline -0.004 -13"><span class='ocrx_word' id='word_1_401' title='bbox 354 2863 628 2917; x_wconf 70' lang='lat' dir='ltr'>aacclesia</span> <span class='ocrx_word' id='word_1_402' title='bbox 662 2862 1047 2915; x_wconf 87' lang='lat' dir='ltr'>Noviomensi</span> <span class='ocrx_word' id='word_1_403' title='bbox 1079 2878 1211 2914; x_wconf 89' lang='lat' dir='ltr'>cum</span> <span class='ocrx_word' id='word_1_404' title='bbox 1243 2861 1375 2913; x_wconf 90' lang='lat' dir='ltr'>aliis</span> <span class='ocrx_word' id='word_1_405' title='bbox 1401 2861 1758 2930; x_wconf 73' lang='lat' dir='ltr'>ccepiscopis</span> <span class='ocrx_word' id='word_1_406' title='bbox 1790 2861 2011 2927; x_wconf 88' lang='lat' dir='ltr'>habuit,</span> 
     </span>
    </p>
   </div>
   <div class='ocr_carea' id='block_1_52' title="bbox 350 2949 2018 3005">
    <p class='ocr_par' dir='ltr' id='par_1_52' title="bbox 350 2949 2018 3005">
     <span class='ocr_line' id='line_1_52' title="bbox 350 2949 2018 3005; baseline -0.002 -1"><span class='ocrx_word' id='word_1_407' title='bbox 350 2952 451 3005; x_wconf 92' lang='lat' dir='ltr'>ubi</span> <span class='ocrx_word' id='word_1_408' title='bbox 482 2952 755 3004; x_wconf 90' lang='lat' dir='ltr'>videlicet</span> <span class='ocrx_word' id='word_1_409' title='bbox 787 2951 1078 3004; x_wconf 86' lang='lat' dir='ltr'>sententia</span> <span class='ocrx_word' id='word_1_410' title='bbox 1110 2950 1368 3003; x_wconf 88' lang='lat' dir='ltr'>ventilita</span> <span class='ocrx_word' id='word_1_411' title='bbox 1401 2953 1494 3004; x_wconf 87' lang='lat' dir='ltr'>est</span> <span class='ocrx_word' id='word_1_412' title='bbox 1522 2949 1672 3003; x_wconf 90' lang='lat' dir='ltr'>inter</span> <span class='ocrx_word' id='word_1_413' title='bbox 1688 2949 2018 3003; x_wconf 85' lang='lat' dir='ltr'>Vcndilma-</span> 
     </span>
    </p>
   </div>
   <div class='ocr_carea' id='block_1_53' title="bbox 351 3030 2016 3109">
    <p class='ocr_par' dir='ltr' id='par_1_53' title="bbox 351 3030 2016 3109">
     <span class='ocr_line' id='line_1_53' title="bbox 351 3030 2016 3109; baseline -0.003 -15"><span class='ocrx_word' id='word_1_414' title='bbox 351 3057 479 3094; x_wconf 90' lang='lat' dir='ltr'>rum</span> <span class='ocrx_word' id='word_1_415' title='bbox 504 3039 653 3109; x_wconf 71' lang='lat'>(123)</span> <span class='ocrx_word' id='word_1_416' title='bbox 686 3044 740 3092; x_wconf 92' lang='lat' dir='ltr'>et</span> <span class='ocrx_word' id='word_1_417' title='bbox 766 3030 1137 3093; x_wconf 84' lang='lat' dir='ltr'>Rothardum</span> <span class='ocrx_word' id='word_1_418' title='bbox 1170 3039 1315 3107; x_wconf 71' lang='lat'>(124)</span> <span class='ocrx_word' id='word_1_419' title='bbox 1349 3039 1686 3108; x_wconf 87' lang='lat' dir='ltr'>episcopos,</span> <span class='ocrx_word' id='word_1_420' title='bbox 1723 3039 1794 3093; x_wconf 88' lang='lat' dir='ltr'>de</span> <span class='ocrx_word' id='word_1_421' title='bbox 1826 3038 2016 3091; x_wconf 88' lang='lat' dir='ltr'>termi-</span> 
     </span>
    </p>
   </div>
   <div class='ocr_carea' id='block_1_54' title="bbox 349 3129 1227 3198">
    <p class='ocr_par' dir='ltr' id='par_1_54' title="bbox 349 3129 1227 3198">
     <span class='ocr_line' id='line_1_54' title="bbox 349 3129 1227 3198; baseline -0.001 -16"><span class='ocrx_word' id='word_1_422' title='bbox 349 3130 444 3183; x_wconf 92' lang='lat' dir='ltr'>nis</span> <span class='ocrx_word' id='word_1_423' title='bbox 462 3129 930 3198; x_wconf 90' lang='lat' dir='ltr'>parrochiarium</span> <span class='ocrx_word' id='word_1_424' title='bbox 964 3144 1227 3182; x_wconf 90' lang='lat' dir='ltr'>suarum.</span> 
     </span>
    </p>
   </div>
   <div class='ocr_carea' id='block_1_55' title="bbox 416 3216 2014 3288">
    <p class='ocr_par' dir='ltr' id='par_1_55' title="bbox 416 3216 2014 3288">
     <span class='ocr_line' id='line_1_55' title="bbox 416 3216 2014 3288; baseline 0.001 -17"><span class='ocrx_word' id='word_1_425' title='bbox 416 3217 505 3271; x_wconf 70' lang='lat'>49.</span> <span class='ocrx_word' id='word_1_426' title='bbox 523 3216 656 3285; x_wconf 86' lang='lat'>(38.)</span> <span class='ocrx_word' id='word_1_427' title='bbox 677 3218 763 3272; x_wconf 87' lang='lat' dir='ltr'>De</span> <span class='ocrx_word' id='word_1_428' title='bbox 785 3217 1179 3283; x_wconf 74' lang='lat' dir='ltr'>Halitclzario,</span> <span class='ocrx_word' id='word_1_429' title='bbox 1203 3233 1367 3287; x_wconf 83' lang='lat' dir='ltr'>quem</span> <span class='ocrx_word' id='word_1_430' title='bbox 1387 3217 1517 3270; x_wconf 58' lang='lat' dir='ltr'>libo</span> <span class='ocrx_word' id='word_1_431' title='bbox 1533 3218 2014 3288; x_wconf 75' lang='lat' dir='ltr'>archiepiscopus</span> 
     </span>
    </p>
   </div>
   <div class='ocr_carea' id='block_1_56' title="bbox 345 3305 2009 3377">
    <p class='ocr_par' dir='ltr' id='par_1_56' title="bbox 345 3305 2009 3377">
     <span class='ocr_line' id='line_1_56' title="bbox 345 3305 2009 3377; baseline -0.001 -18"><span class='ocrx_word' id='word_1_432' title='bbox 345 3306 612 3376; x_wconf 73' lang='lat' dir='ltr'>subjecta</span> <span class='ocrx_word' id='word_1_433' title='bbox 647 3305 892 3376; x_wconf 78' lang='lat' dir='ltr'>cpistola</span> <span class='ocrx_word' id='word_1_434' title='bbox 919 3306 1227 3359; x_wconf 81' lang='lat' dir='ltr'>humiliter</span> <span class='ocrx_word' id='word_1_435' title='bbox 1259 3306 1574 3377; x_wconf 82' lang='lat' dir='ltr'>alloquitur</span> <span class='ocrx_word' id='word_1_436' title='bbox 1591 3305 1845 3375; x_wconf 71' lang='lat'>(11).,16).</span> <span class='ocrx_word' id='word_1_437' title='bbox 1883 3307 2009 3359; x_wconf 87' lang='lat' dir='ltr'>Hil—</span> 
     </span>
    </p>
   </div>
   <div class='ocr_carea' id='block_1_57' title="bbox 345 3394 2007 3461">
    <p class='ocr_par' dir='ltr' id='par_1_57' title="bbox 345 3394 2007 3461">
     <span class='ocr_line' id='line_1_57' title="bbox 345 3394 2007 3461; baseline 0.002 -15"><span class='ocrx_word' id='word_1_438' title='bbox 345 3394 789 3459; x_wconf 59' lang='lat' dir='ltr'>dowardo(t‘25)</span> <span class='ocrx_word' id='word_1_439' title='bbox 819 3410 960 3447; x_wconf 90' lang='lat' dir='ltr'>vero</span> <span class='ocrx_word' id='word_1_440' title='bbox 994 3394 1394 3448; x_wconf 87' lang='lat' dir='ltr'>Halitcharius</span> <span class='ocrx_word' id='word_1_441' title='bbox 1429 3399 1744 3461; x_wconf 73' lang='lat' dir='ltr'>successnt,</span> <span class='ocrx_word' id='word_1_442' title='bbox 1782 3397 1872 3447; x_wconf 89' lang='lat' dir='ltr'>vir</span> <span class='ocrx_word' id='word_1_443' title='bbox 1901 3397 2007 3449; x_wconf 89' lang='lat' dir='ltr'>do-</span> 
     </span>
    </p>
   </div>
   <div class='ocr_carea' id='block_1_58' title="bbox 346 3482 2004 3553">
    <p class='ocr_par' dir='ltr' id='par_1_58' title="bbox 346 3482 2004 3553">
     <span class='ocr_line' id='line_1_58' title="bbox 346 3482 2004 3553; baseline 0.003 -20"><span class='ocrx_word' id='word_1_444' title='bbox 346 3482 530 3533; x_wconf 86' lang='lat' dir='ltr'>ctrina</span> <span class='ocrx_word' id='word_1_445' title='bbox 563 3482 926 3549; x_wconf 88' lang='lat' dir='ltr'>apostolicus</span> <span class='ocrx_word' id='word_1_446' title='bbox 950 3487 1005 3535; x_wconf 89' lang='lat' dir='ltr'>et</span> <span class='ocrx_word' id='word_1_447' title='bbox 1037 3482 1149 3536; x_wconf 81' lang='lat' dir='ltr'>fide</span> <span class='ocrx_word' id='word_1_448' title='bbox 1186 3482 1535 3537; x_wconf 88' lang='lat' dir='ltr'>catholicus.</span> <span class='ocrx_word' id='word_1_449' title='bbox 1564 3484 1673 3536; x_wconf 87' lang='lat' dir='ltr'>Hic</span> <span class='ocrx_word' id='word_1_450' title='bbox 1704 3485 2004 3553; x_wconf 87' lang='lat' dir='ltr'>praecibus</span> 
     </span>
    </p>
   </div>
   <div class='ocr_carea' id='block_1_59' title="bbox 341 3569 2003 3640">
    <p class='ocr_par' dir='ltr' id='par_1_59' title="bbox 341 3569 2003 3640">
     <span class='ocr_line' id='line_1_59' title="bbox 341 3569 2003 3640; baseline 0.004 -19"><span class='ocrx_word' id='word_1_451' title='bbox 341 3569 566 3623; x_wconf 89' lang='lat' dir='ltr'>Ebonis</span> <span class='ocrx_word' id='word_1_452' title='bbox 600 3570 879 3624; x_wconf 81' lang='lat' dir='ltr'>Remensi</span> <span class='ocrx_word' id='word_1_453' title='bbox 915 3571 1381 3640; x_wconf 88' lang='lat' dir='ltr'>sarchiepiscopi</span> <span class='ocrx_word' id='word_1_454' title='bbox 1413 3588 1521 3625; x_wconf 84' lang='lat' dir='ltr'>sex</span> <span class='ocrx_word' id='word_1_455' title='bbox 1550 3572 1784 3626; x_wconf 87' lang='lat' dir='ltr'>libellos</span> <span class='ocrx_word' id='word_1_456' title='bbox 1816 3573 1886 3626; x_wconf 90' lang='lat' dir='ltr'>de</span> <span class='ocrx_word' id='word_1_457' title='bbox 1918 3589 2003 3627; x_wconf 89' lang='lat' dir='ltr'>re-</span> 
     </span>
    </p>
   </div>
   <div class='ocr_carea' id='block_1_60' title="bbox 338 3657 1998 3729">
    <p class='ocr_par' dir='ltr' id='par_1_60' title="bbox 338 3657 1998 3729">
     <span class='ocr_line' id='line_1_60' title="bbox 338 3657 1998 3729; baseline 0.004 -20"><span class='ocrx_word' id='word_1_458' title='bbox 338 3657 550 3711; x_wconf 89' lang='lat' dir='ltr'>mediis</span> <span class='ocrx_word' id='word_1_459' title='bbox 580 3662 955 3726; x_wconf 87' lang='lat' dir='ltr'>peccatorum</span> <span class='ocrx_word' id='word_1_460' title='bbox 985 3664 1038 3713; x_wconf 91' lang='lat' dir='ltr'>ct</span> <span class='ocrx_word' id='word_1_461' title='bbox 1078 3660 1282 3712; x_wconf 85' lang='lat' dir='ltr'>ordine</span> <span class='ocrx_word' id='word_1_462' title='bbox 1314 3660 1405 3714; x_wconf 89' lang='lat' dir='ltr'>vel</span> <span class='ocrx_word' id='word_1_463' title='bbox 1433 3660 1676 3729; x_wconf 83' lang='lat' dir='ltr'>judiciis</span> <span class='ocrx_word' id='word_1_464' title='bbox 1709 3662 1998 3728; x_wconf 60' lang='lat' dir='ltr'>poeniten-</span> 
     </span>
    </p>
   </div>
   <div class='ocr_carea' id='block_1_61' title="bbox 335 3746 2000 3818">
    <p class='ocr_par' dir='ltr' id='par_1_61' title="bbox 335 3746 2000 3818">
     <span class='ocr_line' id='line_1_61' title="bbox 335 3746 2000 3818; baseline 0.003 -18"><span class='ocrx_word' id='word_1_465' title='bbox 335 3748 434 3801; x_wconf 78' lang='lat' dir='ltr'>tiae</span> <span class='ocrx_word' id='word_1_466' title='bbox 475 3746 831 3816; x_wconf 89' lang='lat' dir='ltr'>conscripsit</span> <span class='ocrx_word' id='word_1_467' title='bbox 863 3746 1032 3817; x_wconf 67' lang='lat'>(126);</span> <span class='ocrx_word' id='word_1_468' title='bbox 1063 3748 1134 3801; x_wconf 89' lang='lat' dir='ltr'>ad</span> <span class='ocrx_word' id='word_1_469' title='bbox 1184 3764 1356 3818; x_wconf 90' lang='lat' dir='ltr'>quem</span> <span class='ocrx_word' id='word_1_470' title='bbox 1389 3748 1610 3803; x_wconf 84' lang='lat' dir='ltr'>Ebonis</span> <span class='ocrx_word' id='word_1_471' title='bbox 1655 3750 1786 3803; x_wconf 86' lang='lat' dir='ltr'>talis</span> <span class='ocrx_word' id='word_1_472' title='bbox 1844 3755 2000 3805; x_wconf 81' lang='lat' dir='ltr'>extat</span> 
     </span>
    </p>
   </div>
   <div class='ocr_carea' id='block_1_62' title="bbox 337 3836 1993 3905">
    <p class='ocr_par' dir='ltr' id='par_1_62' title="bbox 337 3836 1993 3905">
     <span class='ocr_line' id='line_1_62' title="bbox 337 3836 1993 3905; baseline 0.002 -15"><span class='ocrx_word' id='word_1_473' title='bbox 337 3836 613 3905; x_wconf 86' lang='lat' dir='ltr'>epistola:</span> <span class='ocrx_word' id='word_1_474' title='bbox 642 3859 661 3882; x_wconf 78' lang='grc' dir='ltr'>ιι</span> <span class='ocrx_word' id='word_1_475' title='bbox 712 3837 1221 3891; x_wconf 80' lang='lat' dir='ltr'>Rcverentissimo</span> <span class='ocrx_word' id='word_1_476' title='bbox 1245 3837 1301 3889; x_wconf 89' lang='lat' dir='ltr'>in</span> <span class='ocrx_word' id='word_1_477' title='bbox 1325 3836 1560 3891; x_wconf 88' lang='lat' dir='ltr'>Christo</span> <span class='ocrx_word' id='word_1_478' title='bbox 1592 3839 1759 3892; x_wconf 87' lang='lat' dir='ltr'>fratri</span> <span class='ocrx_word' id='word_1_479' title='bbox 1780 3856 1845 3893; x_wconf 90' lang='lat' dir='ltr'>ac</span> <span class='ocrx_word' id='word_1_480' title='bbox 1873 3840 1993 3894; x_wconf 85' lang='lat' dir='ltr'>filio</span> 
     </span>
    </p>
   </div>
   <div class='ocr_carea' id='block_1_63' title="bbox 322 3924 1994 3997">
    <p class='ocr_par' dir='ltr' id='par_1_63' title="bbox 322 3924 1994 3997">
     <span class='ocr_line' id='line_1_63' title="bbox 322 3924 1994 3997; baseline 0.003 -19"><span class='ocrx_word' id='word_1_481' title='bbox 322 3924 697 3979; x_wconf 77' lang='lat' dir='ltr'>‘Halitchario</span> <span class='ocrx_word' id='word_1_482' title='bbox 722 3926 1022 3995; x_wconf 84' lang='lat' dir='ltr'>episcOpo,</span> <span class='ocrx_word' id='word_1_483' title='bbox 1042 3926 1163 3980; x_wconf 85' lang='lat' dir='ltr'>Ebo</span> <span class='ocrx_word' id='word_1_484' title='bbox 1196 3926 1475 3997; x_wconf 87' lang='lat' dir='ltr'>indignus</span> <span class='ocrx_word' id='word_1_485' title='bbox 1496 3929 1813 3997; x_wconf 86' lang='lat' dir='ltr'>episcopus</span> <span class='ocrx_word' id='word_1_486' title='bbox 1837 3929 1994 3983; x_wconf 86' lang='lat' dir='ltr'>salu-</span> 
     </span>
    </p>
   </div>
   <div class='ocr_carea' id='block_1_64' title="bbox 333 4013 1991 4087">
    <p class='ocr_par' dir='ltr' id='par_1_64' title="bbox 333 4013 1991 4087">
     <span class='ocr_line' id='line_1_64' title="bbox 333 4013 1991 4087; baseline 0.004 -21"><span class='ocrx_word' id='word_1_487' title='bbox 333 4015 473 4067; x_wconf 85' lang='lat' dir='ltr'>tem.</span> <span class='ocrx_word' id='word_1_488' title='bbox 507 4013 635 4066; x_wconf 92' lang='lat' dir='ltr'>Non</span> <span class='ocrx_word' id='word_1_489' title='bbox 667 4014 869 4067; x_wconf 90' lang='lat' dir='ltr'>dubito</span> <span class='ocrx_word' id='word_1_490' title='bbox 901 4016 1015 4067; x_wconf 69' lang='lat' dir='ltr'>tum</span> <span class='ocrx_word' id='word_1_491' title='bbox 1046 4016 1104 4067; x_wconf 90' lang='lat' dir='ltr'>in</span> <span class='ocrx_word' id='word_1_492' title='bbox 1137 4019 1334 4068; x_wconf 90' lang='lat' dir='ltr'>notum</span> <span class='ocrx_word' id='word_1_493' title='bbox 1350 4031 1487 4069; x_wconf 90' lang='lat' dir='ltr'>esse</span> <span class='ocrx_word' id='word_1_494' title='bbox 1513 4018 1757 4083; x_wconf 86' lang='lat' dir='ltr'>caritati,</span> <span class='ocrx_word' id='word_1_495' title='bbox 1777 4022 1991 4087; x_wconf 88' lang='lat' dir='ltr'>quanta</span> 
     </span>
    </p>
   </div>
   <div class='ocr_carea' id='block_1_65' title="bbox 334 4102 1995 4176">
    <p class='ocr_par' dir='ltr' id='par_1_65' title="bbox 334 4102 1995 4176">
     <span class='ocr_line' id='line_1_65' title="bbox 334 4102 1995 4176; baseline 0.004 -22"><span class='ocrx_word' id='word_1_496' title='bbox 334 4102 507 4155; x_wconf 88' lang='lat' dir='ltr'>nobis</span> <span class='ocrx_word' id='word_1_497' title='bbox 539 4102 981 4156; x_wconf 75' lang='lat' dir='ltr'>aecclesiasticae</span> <span class='ocrx_word' id='word_1_498' title='bbox 1000 4103 1347 4173; x_wconf 80' lang='lat' dir='ltr'>disciplinac,</span> <span class='ocrx_word' id='word_1_499' title='bbox 1384 4106 1735 4176; x_wconf 88' lang='lat' dir='ltr'>quantisque</span> <span class='ocrx_word' id='word_1_500' title='bbox 1767 4112 1995 4161; x_wconf 86' lang='lat' dir='ltr'>nostro-</span> 
     </span>
    </p>
   </div>
   <div class='ocr_carea' id='block_1_66' title="bbox 333 4192 1990 4263">
    <p class='ocr_par' dir='ltr' id='par_1_66' title="bbox 333 4192 1990 4263">
     <span class='ocr_line' id='line_1_66' title="bbox 333 4192 1990 4263; baseline 0.005 -21"><span class='ocrx_word' id='word_1_501' title='bbox 333 4205 462 4243; x_wconf 90' lang='lat' dir='ltr'>rum</span> <span class='ocrx_word' id='word_1_502' title='bbox 494 4192 956 4245; x_wconf 88' lang='lat' dir='ltr'>nccessilatibus</span> <span class='ocrx_word' id='word_1_503' title='bbox 1006 4193 1397 4262; x_wconf 86' lang='lat' dir='ltr'>subditorum,</span> <span class='ocrx_word' id='word_1_504' title='bbox 1449 4198 1504 4247; x_wconf 91' lang='lat' dir='ltr'>et</span> <span class='ocrx_word' id='word_1_505' title='bbox 1534 4194 1780 4263; x_wconf 82' lang='lat' dir='ltr'>insuper</span> <span class='ocrx_word' id='word_1_506' title='bbox 1818 4212 1990 4251; x_wconf 88' lang='lat' dir='ltr'>mun-</span> 
     </span>
    </p>
   </div>
   <div class='ocr_carea' id='block_1_67' title="bbox 326 4278 1989 4356">
    <p class='ocr_par' dir='ltr' id='par_1_67' title="bbox 326 4278 1989 4356">
     <span class='ocr_line' id='line_1_67' title="bbox 326 4278 1989 4356; baseline 0.005 -25"><span class='ocrx_word' id='word_1_507' title='bbox 326 4278 572 4333; x_wconf 87' lang='lat' dir='ltr'>dialium</span> <span class='ocrx_word' id='word_1_508' title='bbox 605 4281 1120 4350; x_wconf 86' lang='lat' dir='ltr'>Oppressionibus,</span> <span class='ocrx_word' id='word_1_509' title='bbox 1156 4282 1371 4352; x_wconf 86' lang='lat' dir='ltr'>quibus</span> <span class='ocrx_word' id='word_1_510' title='bbox 1398 4284 1607 4338; x_wconf 88' lang='lat' dir='ltr'>cotidie</span> <span class='ocrx_word' id='word_1_511' title='bbox 1630 4287 1989 4356; x_wconf 86' lang='lat' dir='ltr'>agitatimur,</span> 
     </span>
    </p>
   </div>
   <div class='ocr_carea' id='block_1_68' title="bbox 331 4370 1992 4441">
    <p class='ocr_par' dir='ltr' id='par_1_68' title="bbox 331 4370 1992 4441">
     <span class='ocr_line' id='line_1_68' title="bbox 331 4370 1992 4441; baseline 0.005 -21"><span class='ocrx_word' id='word_1_512' title='bbox 331 4382 472 4421; x_wconf 81' lang='lat' dir='ltr'>cura</span> <span class='ocrx_word' id='word_1_513' title='bbox 503 4370 889 4441; x_wconf 86' lang='lat' dir='ltr'>constringat.</span> <span class='ocrx_word' id='word_1_514' title='bbox 926 4371 1173 4439; x_wconf 89' lang='lat' dir='ltr'>Idcirco,</span> <span class='ocrx_word' id='word_1_515' title='bbox 1200 4376 1467 4427; x_wconf 89' lang='lat' dir='ltr'>uttecum</span> <span class='ocrx_word' id='word_1_516' title='bbox 1502 4376 1760 4441; x_wconf 85' lang='lat' dir='ltr'>contulit,</span> <span class='ocrx_word' id='word_1_517' title='bbox 1790 4390 1862 4428; x_wconf 86' lang='lat' dir='ltr'>ex</span> <span class='ocrx_word' id='word_1_518' title='bbox 1884 4377 1992 4429; x_wconf 84' lang='lat' dir='ltr'>Pa-</span> 
     </span>
    </p>
   </div>
   <div class='ocr_carea' id='block_1_69' title="bbox 328 4457 1990 4533">
    <p class='ocr_par' dir='ltr' id='par_1_69' title="bbox 328 4457 1990 4533">
     <span class='ocr_line' id='line_1_69' title="bbox 328 4457 1990 4533; baseline 0.005 -25"><span class='ocrx_word' id='word_1_519' title='bbox 328 4458 483 4509; x_wconf 86' lang='lat' dir='ltr'>trum</span> <span class='ocrx_word' id='word_1_520' title='bbox 497 4457 986 4527; x_wconf 87' lang='lat' dir='ltr'>dictis,canonum</span> <span class='ocrx_word' id='word_1_521' title='bbox 1003 4476 1237 4529; x_wconf 87' lang='lat' dir='ltr'>quoque</span> <span class='ocrx_word' id='word_1_522' title='bbox 1251 4463 1581 4531; x_wconf 89' lang='lat' dir='ltr'>sententiis,</span> <span class='ocrx_word' id='word_1_523' title='bbox 1603 4465 1839 4533; x_wconf 75' lang='lat' dir='ltr'>adeptis</span> <span class='ocrx_word' id='word_1_524' title='bbox 1856 4481 1990 4517; x_wconf 87' lang='lat' dir='ltr'>con-</span> 
     </span>
    </p>
   </div>
   <div class='ocr_carea' id='block_1_70' title="bbox 328 4545 1988 4619">
    <p class='ocr_par' dir='ltr' id='par_1_70' title="bbox 328 4545 1988 4619">
     <span class='ocr_line' id='line_1_70' title="bbox 328 4545 1988 4619; baseline 0.005 -22"><span class='ocrx_word' id='word_1_525' title='bbox 328 4545 702 4600; x_wconf 88' lang='lat' dir='ltr'>sacerdotum</span> <span class='ocrx_word' id='word_1_526' title='bbox 734 4550 1038 4599; x_wconf 86' lang='lat' dir='ltr'>notrorum</span> <span class='ocrx_word' id='word_1_527' title='bbox 1069 4563 1387 4617; x_wconf 84' lang='lat' dir='ltr'>excerpere</span> <span class='ocrx_word' id='word_1_528' title='bbox 1408 4552 1862 4619; x_wconf 85' lang='lat' dir='ltr'>poenitentialem</span> <span class='ocrx_word' id='word_1_529' title='bbox 1884 4554 1988 4605; x_wconf 90' lang='lat' dir='ltr'>mi-</span> 
     </span>
    </p>
   </div>
   <div class='ocr_carea' id='block_1_71' title="bbox 326 4633 1983 4711">
    <p class='ocr_par' dir='ltr' id='par_1_71' title="bbox 326 4633 1983 4711">
     <span class='ocr_line' id='line_1_71' title="bbox 326 4633 1983 4711; baseline 0.005 -26"><span class='ocrx_word' id='word_1_530' title='bbox 326 4633 482 4687; x_wconf 92' lang='lat' dir='ltr'>nime</span> <span class='ocrx_word' id='word_1_531' title='bbox 523 4635 701 4704; x_wconf 88' lang='lat' dir='ltr'>valui;</span> <span class='ocrx_word' id='word_1_532' title='bbox 735 4634 871 4704; x_wconf 89' lang='lat' dir='ltr'>quia</span> <span class='ocrx_word' id='word_1_533' title='bbox 920 4636 1150 4689; x_wconf 88' lang='lat' dir='ltr'>animus</span> <span class='ocrx_word' id='word_1_534' title='bbox 1180 4651 1313 4690; x_wconf 90' lang='lat' dir='ltr'>cum</span> <span class='ocrx_word' id='word_1_535' title='bbox 1344 4638 1622 4692; x_wconf 89' lang='lat' dir='ltr'>dividitur</span> <span class='ocrx_word' id='word_1_536' title='bbox 1650 4656 1756 4709; x_wconf 85' lang='lat' dir='ltr'>per</span> <span class='ocrx_word' id='word_1_537' title='bbox 1784 4640 1983 4711; x_wconf 89' lang='lat' dir='ltr'>multa,</span> 
     </span>
    </p>
   </div>
   <div class='ocr_carea' id='block_1_72' title="bbox 2125 2682 3783 2755">
    <p class='ocr_par' dir='ltr' id='par_1_72' title="bbox 2125 2682 3783 2755">
     <span class='ocr_line' id='line_1_72' title="bbox 2125 2682 3783 2755; baseline 0.002 -18"><span class='ocrx_word' id='word_1_538' title='bbox 2125 2685 2335 2738; x_wconf 88' lang='lat' dir='ltr'>itinere</span> <span class='ocrx_word' id='word_1_539' title='bbox 2368 2684 2527 2737; x_wconf 92' lang='lat' dir='ltr'>illius</span> <span class='ocrx_word' id='word_1_540' title='bbox 2558 2685 2764 2754; x_wconf 85' lang='lat' dir='ltr'>gratia,</span> <span class='ocrx_word' id='word_1_541' title='bbox 2801 2685 2899 2754; x_wconf 87' lang='lat' dir='ltr'>qui</span> <span class='ocrx_word' id='word_1_542' title='bbox 2926 2682 2980 2725; x_wconf 76' lang='lat'>83</span> <span class='ocrx_word' id='word_1_543' title='bbox 3009 2684 3242 2738; x_wconf 91' lang='lat' dir='ltr'>duobus</span> <span class='ocrx_word' id='word_1_544' title='bbox 3261 2684 3573 2755; x_wconf 89' lang='lat' dir='ltr'>discipulis</span> <span class='ocrx_word' id='word_1_545' title='bbox 3595 2688 3783 2740; x_wconf 90' lang='lat' dir='ltr'>eunti-</span> 
     </span>
    </p>
   </div>
   <div class='ocr_carea' id='block_1_73' title="bbox 2122 2772 3784 2845">
    <p class='ocr_par' dir='ltr' id='par_1_73' title="bbox 2122 2772 3784 2845">
     <span class='ocr_line' id='line_1_73' title="bbox 2122 2772 3784 2845; baseline 0.002 -19"><span class='ocrx_word' id='word_1_546' title='bbox 2122 2772 2257 2842; x_wconf 92' lang='lat' dir='ltr'>bus,</span> <span class='ocrx_word' id='word_1_547' title='bbox 2293 2774 2527 2827; x_wconf 88' lang='lat' dir='ltr'>tertium</span> <span class='ocrx_word' id='word_1_548' title='bbox 2574 2789 2640 2826; x_wconf 90' lang='lat' dir='ltr'>se</span> <span class='ocrx_word' id='word_1_549' title='bbox 2686 2773 2915 2827; x_wconf 89' lang='lat' dir='ltr'>socium</span> <span class='ocrx_word' id='word_1_550' title='bbox 2946 2773 3157 2826; x_wconf 87' lang='lat' dir='ltr'>redidit</span> <span class='ocrx_word' id='word_1_551' title='bbox 3186 2774 3247 2826; x_wconf 92' lang='lat' dir='ltr'>in</span> <span class='ocrx_word' id='word_1_552' title='bbox 3276 2774 3396 2837; x_wconf 88' lang='lat' dir='ltr'>via,</span> <span class='ocrx_word' id='word_1_553' title='bbox 3433 2777 3488 2827; x_wconf 90' lang='lat' dir='ltr'>et</span> <span class='ocrx_word' id='word_1_554' title='bbox 3520 2777 3784 2845; x_wconf 80' lang='lat' dir='ltr'>apparuit</span> 
     </span>
    </p>
   </div>
   <div class='ocr_carea' id='block_1_74' title="bbox 2122 2862 3777 2932">
    <p class='ocr_par' dir='ltr' id='par_1_74' title="bbox 2122 2862 3777 2932">
     <span class='ocr_line' id='line_1_74' title="bbox 2122 2862 3777 2932; baseline 0.002 -18"><span class='ocrx_word' id='word_1_555' title='bbox 2122 2862 2242 2914; x_wconf 88' lang='lat' dir='ltr'>illis</span> <span class='ocrx_word' id='word_1_556' title='bbox 2291 2877 2551 2930; x_wconf 91' lang='lat' dir='ltr'>sensus,</span> <span class='ocrx_word' id='word_1_557' title='bbox 2599 2863 2660 2913; x_wconf 91' lang='lat' dir='ltr'>ut</span> <span class='ocrx_word' id='word_1_558' title='bbox 2705 2864 2943 2915; x_wconf 86' lang='lat' dir='ltr'>sanctas</span> <span class='ocrx_word' id='word_1_559' title='bbox 2994 2862 3387 2932; x_wconf 86' lang='lat' dir='ltr'>intelligerent</span> <span class='ocrx_word' id='word_1_560' title='bbox 3427 2862 3777 2918; x_wconf 89' lang='lat' dir='ltr'>Scrirfuras.</span> 
     </span>
    </p>
   </div>
   <div class='ocr_carea' id='block_1_75' title="bbox 2118 2950 3779 3023">
    <p class='ocr_par' dir='ltr' id='par_1_75' title="bbox 2118 2950 3779 3023">
     <span class='ocr_line' id='line_1_75' title="bbox 2118 2950 3779 3023; baseline 0.002 -20"><span class='ocrx_word' id='word_1_561' title='bbox 2118 2951 2365 3020; x_wconf 89' lang='lat' dir='ltr'>spiritus</span> <span class='ocrx_word' id='word_1_562' title='bbox 2397 2950 2715 3019; x_wconf 87' lang='lat' dir='ltr'>paraclitus</span> <span class='ocrx_word' id='word_1_563' title='bbox 2746 2950 2904 3003; x_wconf 90' lang='lat' dir='ltr'>omni</span> <span class='ocrx_word' id='word_1_564' title='bbox 2935 2951 3199 3004; x_wconf 90' lang='lat' dir='ltr'>veritatis</span> <span class='ocrx_word' id='word_1_565' title='bbox 3230 2950 3515 3021; x_wconf 87' lang='lat' dir='ltr'>doctrina,</span> <span class='ocrx_word' id='word_1_566' title='bbox 3548 2956 3605 3006; x_wconf 91' lang='lat' dir='ltr'>et</span> <span class='ocrx_word' id='word_1_567' title='bbox 3639 2968 3779 3023; x_wconf 87' lang='lat' dir='ltr'>per-</span> 
     </span>
    </p>
   </div>
   <div class='ocr_carea' id='block_1_76' title="bbox 2118 3038 3775 3112">
    <p class='ocr_par' dir='ltr' id='par_1_76' title="bbox 2118 3038 3775 3112">
     <span class='ocr_line' id='line_1_76' title="bbox 2118 3038 3775 3112; baseline 0.002 -21"><span class='ocrx_word' id='word_1_568' title='bbox 2118 3039 2268 3092; x_wconf 88' lang='lat' dir='ltr'>fecta</span> <span class='ocrx_word' id='word_1_569' title='bbox 2299 3039 2561 3092; x_wconf 89' lang='lat' dir='ltr'>caritatis</span> <span class='ocrx_word' id='word_1_570' title='bbox 2593 3038 2869 3108; x_wconf 87' lang='lat' dir='ltr'>scientia,</span> <span class='ocrx_word' id='word_1_571' title='bbox 2906 3042 3002 3093; x_wconf 88' lang='lat' dir='ltr'>tua</span> <span class='ocrx_word' id='word_1_572' title='bbox 3033 3040 3409 3107; x_wconf 87' lang='lat' dir='ltr'>resplendeat</span> <span class='ocrx_word' id='word_1_573' title='bbox 3435 3038 3490 3081; x_wconf 79' lang='lat'>89</span> <span class='ocrx_word' id='word_1_574' title='bbox 3516 3046 3775 3112; x_wconf 89' lang='lat' dir='ltr'>pectora,</span> 
     </span>
    </p>
   </div>
   <div class='ocr_carea' id='block_1_77' title="bbox 2115 3127 2889 3181">
    <p class='ocr_par' dir='ltr' id='par_1_77' title="bbox 2115 3127 2889 3181">
     <span class='ocr_line' id='line_1_77' title="bbox 2115 3127 2889 3181; baseline -0.006 -1"><span class='ocrx_word' id='word_1_575' title='bbox 2115 3127 2428 3181; x_wconf 87' lang='lat' dir='ltr'>carissime</span> <span class='ocrx_word' id='word_1_576' title='bbox 2462 3127 2833 3180; x_wconf 83' lang='lat' dir='ltr'>frater.Vale.</span> <span class='ocrx_word' id='word_1_577' title='bbox 2868 3152 2889 3175; x_wconf 76' lang='grc' dir='ltr'><strong><em>υ</em></strong></span> 
     </span>
    </p>
   </div>
   <div class='ocr_carea' id='block_1_78' title="bbox 2183 3214 3775 3288">
    <p class='ocr_par' dir='ltr' id='par_1_78' title="bbox 2183 3214 3775 3288">
     <span class='ocr_line' id='line_1_78' title="bbox 2183 3214 3775 3288; baseline 0.002 -19"><span class='ocrx_word' id='word_1_578' title='bbox 2183 3216 2271 3270; x_wconf 80' lang='grc'>41.</span> <span class='ocrx_word' id='word_1_579' title='bbox 2306 3214 2419 3284; x_wconf 87' lang='lat'>(39)</span> <span class='ocrx_word' id='word_1_580' title='bbox 2449 3216 2547 3269; x_wconf 89' lang='lat' dir='ltr'>Ad</span> <span class='ocrx_word' id='word_1_581' title='bbox 2578 3215 2842 3269; x_wconf 83' lang='lat' dir='ltr'>Eboncm</span> <span class='ocrx_word' id='word_1_582' title='bbox 2882 3216 3292 3270; x_wconf 78' lang='lat' dir='ltr'>Halilcliarius</span> <span class='ocrx_word' id='word_1_583' title='bbox 3328 3217 3640 3288; x_wconf 81' lang='lat' dir='ltr'>epistolam</span> <span class='ocrx_word' id='word_1_584' title='bbox 3670 3234 3775 3273; x_wconf 83' lang='lat' dir='ltr'>re-</span> 
     </span>
    </p>
   </div>
   <div class='ocr_carea' id='block_1_79' title="bbox 2113 3302 3775 3374">
    <p class='ocr_par' dir='ltr' id='par_1_79' title="bbox 2113 3302 3775 3374">
     <span class='ocr_line' id='line_1_79' title="bbox 2113 3302 3775 3374; baseline 0.001 -15"><span class='ocrx_word' id='word_1_585' title='bbox 2113 3305 2329 3359; x_wconf 74' lang='lat' dir='ltr'>scribit</span> <span class='ocrx_word' id='word_1_586' title='bbox 2353 3305 2494 3371; x_wconf 75' lang='lat'>(11).)</span> <span class='ocrx_word' id='word_1_587' title='bbox 2518 3304 2604 3357; x_wconf 90' lang='lat' dir='ltr'>Ad</span> <span class='ocrx_word' id='word_1_588' title='bbox 2629 3302 2830 3374; x_wconf 83' lang='lat' dir='ltr'>quae90</span> <span class='ocrx_word' id='word_1_589' title='bbox 2849 3304 2999 3357; x_wconf 88' lang='lat' dir='ltr'>idem</span> <span class='ocrx_word' id='word_1_590' title='bbox 3023 3304 3158 3357; x_wconf 87' lang='lat' dir='ltr'>talia</span> <span class='ocrx_word' id='word_1_591' title='bbox 3179 3306 3459 3359; x_wconf 88' lang='lat' dir='ltr'>rescribit</span> <span class='ocrx_word' id='word_1_592' title='bbox 3506 3307 3775 3360; x_wconf 87' lang='lat' dir='ltr'>Haltcha-</span> 
     </span>
    </p>
   </div>
   <div class='ocr_carea' id='block_1_80' title="bbox 2114 3392 3773 3450">
    <p class='ocr_par' dir='ltr' id='par_1_80' title="bbox 2114 3392 3773 3450">
     <span class='ocr_line' id='line_1_80' title="bbox 2114 3392 3773 3450; baseline 0.001 -3"><span class='ocrx_word' id='word_1_593' title='bbox 2114 3396 2240 3448; x_wconf 87' lang='lat' dir='ltr'>rius</span> <span class='ocrx_word' id='word_1_594' title='bbox 2275 3411 2285 3448; x_wconf 89' lang='lat'>:</span> <span class='ocrx_word' id='word_1_595' title='bbox 2327 3416 2348 3440; x_wconf 89' lang='grc'>‹‹</span> <span class='ocrx_word' id='word_1_596' title='bbox 2387 3394 2632 3447; x_wconf 91' lang='lat' dir='ltr'>Domino</span> <span class='ocrx_word' id='word_1_597' title='bbox 2664 3396 2719 3447; x_wconf 91' lang='lat' dir='ltr'>et</span> <span class='ocrx_word' id='word_1_598' title='bbox 2741 3393 3063 3447; x_wconf 89' lang='lat' dir='ltr'>venerabili</span> <span class='ocrx_word' id='word_1_599' title='bbox 3096 3394 3155 3446; x_wconf 92' lang='lat' dir='ltr'>in</span> <span class='ocrx_word' id='word_1_600' title='bbox 3186 3392 3420 3448; x_wconf 86' lang='lat' dir='ltr'>Christo</span> <span class='ocrx_word' id='word_1_601' title='bbox 3452 3394 3643 3450; x_wconf 90' lang='lat' dir='ltr'>Eboni</span> <span class='ocrx_word' id='word_1_602' title='bbox 3676 3412 3773 3449; x_wconf 86' lang='lat' dir='ltr'>ar-</span> 
     </span>
    </p>
   </div>
   <div class='ocr_carea' id='block_1_81' title="bbox 2113 3481 3770 3552">
    <p class='ocr_par' dir='ltr' id='par_1_81' title="bbox 2113 3481 3770 3552">
     <span class='ocr_line' id='line_1_81' title="bbox 2113 3481 3770 3552; baseline 0.001 -16"><span class='ocrx_word' id='word_1_603' title='bbox 2113 3483 2521 3552; x_wconf 80' lang='lat' dir='ltr'>chiepiscopo,</span> <span class='ocrx_word' id='word_1_604' title='bbox 2550 3481 2950 3535; x_wconf 82' lang='lat' dir='ltr'>Ilalitcharius</span> <span class='ocrx_word' id='word_1_605' title='bbox 2970 3482 3246 3536; x_wconf 90' lang='lat' dir='ltr'>minimus</span> <span class='ocrx_word' id='word_1_606' title='bbox 3268 3481 3491 3537; x_wconf 88' lang='lat' dir='ltr'>Christi</span> <span class='ocrx_word' id='word_1_607' title='bbox 3515 3483 3770 3538; x_wconf 70' lang='lat' dir='ltr'>famulus</span> 
     </span>
    </p>
   </div>
   <div class='ocr_carea' id='block_1_82' title="bbox 2112 3571 3769 3640">
    <p class='ocr_par' dir='ltr' id='par_1_82' title="bbox 2112 3571 3769 3640">
     <span class='ocr_line' id='line_1_82' title="bbox 2112 3571 3769 3640; baseline 0.001 -16"><span class='ocrx_word' id='word_1_608' title='bbox 2112 3573 2380 3625; x_wconf 89' lang='lat' dir='ltr'>salutem.</span> <span class='ocrx_word' id='word_1_609' title='bbox 2409 3571 2747 3640; x_wconf 84' lang='lat' dir='ltr'>Postquam,</span> <span class='ocrx_word' id='word_1_610' title='bbox 2774 3571 3104 3623; x_wconf 88' lang='lat' dir='ltr'>venerande</span> <span class='ocrx_word' id='word_1_611' title='bbox 3136 3575 3320 3639; x_wconf 88' lang='lat' dir='ltr'>pater,</span> <span class='ocrx_word' id='word_1_612' title='bbox 3347 3572 3602 3626; x_wconf 90' lang='lat' dir='ltr'>directas</span> <span class='ocrx_word' id='word_1_613' title='bbox 3633 3572 3769 3626; x_wconf 88' lang='lat' dir='ltr'>bea-</span> 
     </span>
    </p>
   </div>
   <div class='ocr_carea' id='block_1_83' title="bbox 2110 3659 3766 3729">
    <p class='ocr_par' dir='ltr' id='par_1_83' title="bbox 2110 3659 3766 3729">
     <span class='ocr_line' id='line_1_83' title="bbox 2110 3659 3766 3729; baseline 0.001 -16"><span class='ocrx_word' id='word_1_614' title='bbox 2110 3660 2372 3714; x_wconf 89' lang='lat' dir='ltr'>titudinis</span> <span class='ocrx_word' id='word_1_615' title='bbox 2404 3662 2620 3712; x_wconf 83' lang='lat' dir='ltr'>vestrae</span> <span class='ocrx_word' id='word_1_616' title='bbox 2656 3659 2858 3728; x_wconf 90' lang='lat' dir='ltr'>accepi</span> <span class='ocrx_word' id='word_1_617' title='bbox 2887 3659 3137 3727; x_wconf 88' lang='lat' dir='ltr'>litteras,</span> <span class='ocrx_word' id='word_1_618' title='bbox 3171 3660 3387 3729; x_wconf 89' lang='lat' dir='ltr'>quibus</span> <span class='ocrx_word' id='word_1_619' title='bbox 3421 3676 3511 3713; x_wconf 89' lang='lat' dir='ltr'>me</span> <span class='ocrx_word' id='word_1_620' title='bbox 3543 3660 3766 3714; x_wconf 89' lang='lat' dir='ltr'>hortari</span> 
     </span>
    </p>
   </div>
   <div class='ocr_carea' id='block_1_84' title="bbox 2107 3747 3766 3820">
    <p class='ocr_par' dir='ltr' id='par_1_84' title="bbox 2107 3747 3766 3820">
     <span class='ocr_line' id='line_1_84' title="bbox 2107 3747 3766 3820; baseline 0.001 -18"><span class='ocrx_word' id='word_1_621' title='bbox 2107 3749 2332 3820; x_wconf 71' lang='lat' dir='ltr'>dignati</span> <span class='ocrx_word' id='word_1_622' title='bbox 2369 3747 2516 3802; x_wconf 87' lang='lat' dir='ltr'>estis</span> <span class='ocrx_word' id='word_1_623' title='bbox 2546 3763 2618 3801; x_wconf 90' lang='lat' dir='ltr'>ne</span> <span class='ocrx_word' id='word_1_624' title='bbox 2650 3747 2864 3801; x_wconf 89' lang='lat' dir='ltr'>mentis</span> <span class='ocrx_word' id='word_1_625' title='bbox 2895 3763 3143 3801; x_wconf 86' lang='lat' dir='ltr'>acumen</span> <span class='ocrx_word' id='word_1_626' title='bbox 3174 3749 3347 3802; x_wconf 90' lang='lat' dir='ltr'>inerti</span> <span class='ocrx_word' id='word_1_627' title='bbox 3376 3750 3766 3820; x_wconf 89' lang='lat' dir='ltr'>torpendique</span> 
     </span>
    </p>
   </div>
   <div class='ocr_carea' id='block_1_85' title="bbox 2104 3836 3762 3907">
    <p class='ocr_par' dir='ltr' id='par_1_85' title="bbox 2104 3836 3762 3907">
     <span class='ocr_line' id='line_1_85' title="bbox 2104 3836 3762 3907; baseline 0.001 -17"><span class='ocrx_word' id='word_1_628' title='bbox 2104 3838 2219 3892; x_wconf 93' lang='lat' dir='ltr'>otio</span> <span class='ocrx_word' id='word_1_629' title='bbox 2269 3836 2726 3902; x_wconf 89' lang='lat' dir='ltr'>summitterem,</span> <span class='ocrx_word' id='word_1_630' title='bbox 2775 3836 2881 3890; x_wconf 89' lang='lat' dir='ltr'>sed</span> <span class='ocrx_word' id='word_1_631' title='bbox 2927 3836 3250 3907; x_wconf 86' lang='lat' dir='ltr'>cognitioni</span> <span class='ocrx_word' id='word_1_632' title='bbox 3293 3852 3360 3891; x_wconf 90' lang='lat' dir='ltr'>ac</span> <span class='ocrx_word' id='word_1_633' title='bbox 3405 3837 3762 3892; x_wconf 84' lang='lat' dir='ltr'>meditationi</span> 
     </span>
    </p>
   </div>
   <div class='ocr_carea' id='block_1_86' title="bbox 2100 3925 3770 3995">
    <p class='ocr_par' dir='ltr' id='par_1_86' title="bbox 2100 3925 3770 3995">
     <span class='ocr_line' id='line_1_86' title="bbox 2100 3925 3770 3995; baseline 0.001 -15"><span class='ocrx_word' id='word_1_634' title='bbox 2100 3926 2310 3980; x_wconf 88' lang='lat' dir='ltr'>cotidie</span> <span class='ocrx_word' id='word_1_635' title='bbox 2343 3941 2531 3979; x_wconf 61' lang='lat' dir='ltr'>sacres</span> <span class='ocrx_word' id='word_1_636' title='bbox 2565 3926 2878 3994; x_wconf 84' lang='lat' dir='ltr'>scripturae</span> <span class='ocrx_word' id='word_1_637' title='bbox 2912 3940 3002 3978; x_wconf 91' lang='lat' dir='ltr'>me</span> <span class='ocrx_word' id='word_1_638' title='bbox 3029 3925 3348 3995; x_wconf 87' lang='lat' dir='ltr'>vigilanter</span> <span class='ocrx_word' id='word_1_639' title='bbox 3370 3925 3686 3994; x_wconf 88' lang='lat' dir='ltr'>traderem,</span> <span class='ocrx_word' id='word_1_640' title='bbox 3708 3941 3770 3990; x_wconf 69' lang='lat' dir='ltr'>et</span> 
     </span>
    </p>
   </div>
   <div class='ocr_carea' id='block_1_87' title="bbox 2096 4014 3760 4086">
    <p class='ocr_par' dir='ltr' id='par_1_87' title="bbox 2096 4014 3760 4086">
     <span class='ocr_line' id='line_1_87' title="bbox 2096 4014 3760 4086; baseline 0.001 -17"><span class='ocrx_word' id='word_1_641' title='bbox 2096 4016 2341 4086; x_wconf 86' lang='lat' dir='ltr'>insuper</span> <span class='ocrx_word' id='word_1_642' title='bbox 2362 4032 2435 4068; x_wconf 87' lang='lat' dir='ltr'>ex</span> <span class='ocrx_word' id='word_1_643' title='bbox 2458 4017 2796 4069; x_wconf 87' lang='lat' dir='ltr'>sanctorum</span> <span class='ocrx_word' id='word_1_644' title='bbox 2816 4014 3056 4068; x_wconf 90' lang='lat' dir='ltr'>Patrum</span> <span class='ocrx_word' id='word_1_645' title='bbox 3082 4029 3490 4084; x_wconf 88' lang='lat' dir='ltr'>canonumque</span> <span class='ocrx_word' id='word_1_646' title='bbox 3516 4020 3760 4070; x_wconf 88' lang='lat' dir='ltr'>senten-</span> 
     </span>
    </p>
   </div>
   <div class='ocr_carea' id='block_1_88' title="bbox 2098 4102 3757 4176">
    <p class='ocr_par' dir='ltr' id='par_1_88' title="bbox 2098 4102 3757 4176">
     <span class='ocr_line' id='line_1_88' title="bbox 2098 4102 3757 4176; baseline -0.001 -17"><span class='ocrx_word' id='word_1_647' title='bbox 2098 4106 2194 4159; x_wconf 93' lang='lat' dir='ltr'>tiis</span> <span class='ocrx_word' id='word_1_648' title='bbox 2223 4104 2681 4176; x_wconf 77' lang='lat' dir='ltr'>pcenitcntialem</span> <span class='ocrx_word' id='word_1_649' title='bbox 2728 4104 2786 4155; x_wconf 92' lang='lat' dir='ltr'>in</span> <span class='ocrx_word' id='word_1_650' title='bbox 2834 4118 2951 4156; x_wconf 93' lang='lat' dir='ltr'>uno</span> <span class='ocrx_word' id='word_1_651' title='bbox 2982 4102 3278 4156; x_wconf 89' lang='lat' dir='ltr'>volumine</span> <span class='ocrx_word' id='word_1_652' title='bbox 3309 4118 3710 4175; x_wconf 87' lang='lat' dir='ltr'>aggregarem</span> <span class='ocrx_word' id='word_1_653' title='bbox 3746 4120 3757 4158; x_wconf 89' lang='lat'><strong>:</strong></span> 
     </span>
    </p>
   </div>
   <div class='ocr_carea' id='block_1_89' title="bbox 2096 4191 3760 4263">
    <p class='ocr_par' dir='ltr' id='par_1_89' title="bbox 2096 4191 3760 4263">
     <span class='ocr_line' id='line_1_89' title="bbox 2096 4191 3760 4263; baseline -0.001 -16"><span class='ocrx_word' id='word_1_654' title='bbox 2096 4195 2305 4248; x_wconf 89' lang='lat' dir='ltr'>durum</span> <span class='ocrx_word' id='word_1_655' title='bbox 2328 4193 2563 4263; x_wconf 87' lang='lat' dir='ltr'>quidem</span> <span class='ocrx_word' id='word_1_656' title='bbox 2587 4192 2731 4245; x_wconf 91' lang='lat' dir='ltr'>mihi</span> <span class='ocrx_word' id='word_1_657' title='bbox 2757 4193 2813 4245; x_wconf 87' lang='lat' dir='ltr'>et</span> <span class='ocrx_word' id='word_1_658' title='bbox 2846 4191 2976 4244; x_wconf 88' lang='lat' dir='ltr'>vale</span> <span class='ocrx_word' id='word_1_659' title='bbox 3009 4191 3249 4244; x_wconf 81' lang='lat' dir='ltr'>difficile</span> <span class='ocrx_word' id='word_1_660' title='bbox 3271 4192 3760 4262; x_wconf 85' lang='lat' dir='ltr'>tremendumque</span> 
     </span>
    </p>
   </div>
   <div class='ocr_carea' id='block_1_90' title="bbox 2096 4279 3757 4352">
    <p class='ocr_par' dir='ltr' id='par_1_90' title="bbox 2096 4279 3757 4352">
     <span class='ocr_line' id='line_1_90' title="bbox 2096 4279 3757 4352; baseline -0.002 -15"><span class='ocrx_word' id='word_1_661' title='bbox 2096 4283 2207 4337; x_wconf 89' lang='lat' dir='ltr'>hoc</span> <span class='ocrx_word' id='word_1_662' title='bbox 2231 4298 2466 4352; x_wconf 89' lang='lat' dir='ltr'>quoque</span> <span class='ocrx_word' id='word_1_663' title='bbox 2496 4281 2605 4335; x_wconf 87' lang='lat' dir='ltr'>fuit</span> <span class='ocrx_word' id='word_1_664' title='bbox 2624 4280 2952 4349; x_wconf 89' lang='lat' dir='ltr'>imperium,</span> <span class='ocrx_word' id='word_1_665' title='bbox 2977 4282 3037 4332; x_wconf 94' lang='lat' dir='ltr'>ut</span> <span class='ocrx_word' id='word_1_666' title='bbox 3058 4279 3210 4333; x_wconf 87' lang='lat' dir='ltr'>hanc</span> <span class='ocrx_word' id='word_1_667' title='bbox 3233 4281 3603 4349; x_wconf 87' lang='lat' dir='ltr'>suspicerem</span> <span class='ocrx_word' id='word_1_668' title='bbox 3625 4296 3757 4334; x_wconf 87' lang='lat' dir='ltr'>sar-</span> 
     </span>
    </p>
   </div>
   <div class='ocr_carea' id='block_1_91' title="bbox 2096 4369 3758 4440">
    <p class='ocr_par' dir='ltr' id='par_1_91' title="bbox 2096 4369 3758 4440">
     <span class='ocr_line' id='line_1_91' title="bbox 2096 4369 3758 4440; baseline -0.002 -14"><span class='ocrx_word' id='word_1_669' title='bbox 2096 4373 2307 4438; x_wconf 88' lang='lat' dir='ltr'>cinam,</span> <span class='ocrx_word' id='word_1_670' title='bbox 2329 4386 2501 4440; x_wconf 90' lang='lat' dir='ltr'>quam</span> <span class='ocrx_word' id='word_1_671' title='bbox 2522 4387 2552 4423; x_wconf 89' lang='lat' dir='ltr'>a</span> <span class='ocrx_word' id='word_1_672' title='bbox 2570 4369 2960 4438; x_wconf 85' lang='lat' dir='ltr'>prudentibus</span> <span class='ocrx_word' id='word_1_673' title='bbox 2981 4384 3283 4438; x_wconf 87' lang='lat' dir='ltr'>cognosco</span> <span class='ocrx_word' id='word_1_674' title='bbox 3306 4369 3588 4423; x_wconf 86' lang='lat' dir='ltr'>relictam.</span> <span class='ocrx_word' id='word_1_675' title='bbox 3612 4369 3758 4422; x_wconf 85' lang='lat' dir='ltr'>Mul-</span> 
     </span>
    </p>
   </div>
   <div class='ocr_carea' id='block_1_92' title="bbox 2096 4457 3757 4530">
    <p class='ocr_par' dir='ltr' id='par_1_92' title="bbox 2096 4457 3757 4530">
     <span class='ocr_line' id='line_1_92' title="bbox 2096 4457 3757 4530; baseline -0.002 -15"><span class='ocrx_word' id='word_1_676' title='bbox 2096 4465 2332 4530; x_wconf 88' lang='lat' dir='ltr'>tumque</span> <span class='ocrx_word' id='word_1_677' title='bbox 2375 4459 2613 4513; x_wconf 87' lang='lat' dir='ltr'>renisus</span> <span class='ocrx_word' id='word_1_678' title='bbox 2659 4474 2790 4511; x_wconf 93' lang='lat' dir='ltr'>sum</span> <span class='ocrx_word' id='word_1_679' title='bbox 2833 4457 3115 4511; x_wconf 89' lang='lat' dir='ltr'>voluntati</span> <span class='ocrx_word' id='word_1_680' title='bbox 3159 4462 3399 4526; x_wconf 68' lang='lat' dir='ltr'>vestrae,</span> <span class='ocrx_word' id='word_1_681' title='bbox 3432 4474 3549 4512; x_wconf 90' lang='lat' dir='ltr'>non</span> <span class='ocrx_word' id='word_1_682' title='bbox 3578 4458 3757 4512; x_wconf 91' lang='lat' dir='ltr'>velud</span> 
     </span>
    </p>
   </div>
   <div class='ocr_carea' id='block_1_93' title="bbox 2095 4546 3759 4619">
    <p class='ocr_par' dir='ltr' id='par_1_93' title="bbox 2095 4546 3759 4619">
     <span class='ocr_line' id='line_1_93' title="bbox 2095 4546 3759 4619; baseline -0.001 -17"><span class='ocrx_word' id='word_1_683' title='bbox 2095 4550 2426 4619; x_wconf 87' lang='lat' dir='ltr'>procaciter</span> <span class='ocrx_word' id='word_1_684' title='bbox 2457 4548 2640 4601; x_wconf 91' lang='lat' dir='ltr'>durus</span> <span class='ocrx_word' id='word_1_685' title='bbox 2662 4589 2675 4614; x_wconf 94' lang='lat'>,</span> <span class='ocrx_word' id='word_1_686' title='bbox 2718 4546 2825 4600; x_wconf 91' lang='lat' dir='ltr'>sed</span> <span class='ocrx_word' id='word_1_687' title='bbox 2856 4546 3113 4616; x_wconf 73' lang='lat' dir='ltr'>propriae</span> <span class='ocrx_word' id='word_1_688' title='bbox 3142 4547 3455 4601; x_wconf 85' lang='lat' dir='ltr'>infirmitas</span> <span class='ocrx_word' id='word_1_689' title='bbox 3487 4546 3759 4601; x_wconf 84' lang='lat' dir='ltr'>tarditate</span> 
     </span>
    </p>
   </div>
   <div class='ocr_carea' id='block_1_94' title="bbox 2093 4635 3755 4706">
    <p class='ocr_par' dir='ltr' id='par_1_94' title="bbox 2093 4635 3755 4706">
     <span class='ocr_line' id='line_1_94' title="bbox 2093 4635 3755 4706; baseline -0.002 -13"><span class='ocrx_word' id='word_1_690' title='bbox 2093 4638 2448 4695; x_wconf 89' lang='lat' dir='ltr'>admonitus.</span> <span class='ocrx_word' id='word_1_691' title='bbox 2472 4636 2595 4690; x_wconf 88' lang='lat' dir='ltr'>Hac</span> <span class='ocrx_word' id='word_1_692' title='bbox 2614 4636 2827 4690; x_wconf 88' lang='lat' dir='ltr'>etedim</span> <span class='ocrx_word' id='word_1_693' title='bbox 2847 4651 2986 4689; x_wconf 87' lang='lat' dir='ltr'>cura</span> <span class='ocrx_word' id='word_1_694' title='bbox 3005 4635 3320 4706; x_wconf 88' lang='lat' dir='ltr'>sollicitus,</span> <span class='ocrx_word' id='word_1_695' title='bbox 3346 4635 3755 4691; x_wconf 89' lang='lat' dir='ltr'>necessarium</span> 
     </span>
    </p>
   </div>
   <div class='ocr_carea' id='block_1_95' title="bbox 1637 4830 2464 4897">
    <p class='ocr_par' dir='ltr' id='par_1_95' title="bbox 1637 4830 2464 4897">
     <span class='ocr_line' id='line_1_95' title="bbox 1637 4830 2464 4897; baseline 0.008 -10"><span class='ocrx_word' id='word_1_696' title='bbox 1637 4830 1933 4895; x_wconf 68' lang='lat' dir='ltr'>VARIZE</span> <span class='ocrx_word' id='word_1_697' title='bbox 1978 4832 2340 4897; x_wconf 91' lang='lat' dir='ltr'>LECTION</span> <span class='ocrx_word' id='word_1_698' title='bbox 2347 4833 2464 4894; x_wconf 90' lang='lat' dir='ltr'>ES.</span> 
     </span>
    </p>
   </div>
   <div class='ocr_carea' id='block_1_96' title="bbox 393 4967 3752 5058">
    <p class='ocr_par' dir='ltr' id='par_1_96' title="bbox 393 4967 3752 5058">
     <span class='ocr_line' id='line_1_96' title="bbox 393 4967 3752 5058; baseline 0.006 -33"><span class='ocrx_word' id='word_1_699' title='bbox 393 4967 663 5058; x_wconf 41' lang='lat' dir='ltr'>73d.lctg.</span> <span class='ocrx_word' id='word_1_700' title='bbox 684 4974 834 5029; x_wconf 75' lang='lat'>012.79</span> <span class='ocrx_word' id='word_1_701' title='bbox 852 4978 1199 5058; x_wconf 60' lang='lat' dir='ltr'>inrumpere</span> <span class='ocrx_word' id='word_1_702' title='bbox 1218 4976 1651 5058; x_wconf 75' lang='lat' dir='ltr'>clz._80aude_ret</span> <span class='ocrx_word' id='word_1_703' title='bbox 1672 4983 1769 5058; x_wconf 36' lang='lat' dir='ltr'>alii</span> <span class='ocrx_word' id='word_1_704' title='bbox 1785 4982 1944 5058; x_wconf 44' lang='grc' dir='ltr'>ἓνώ</span> <span class='ocrx_word' id='word_1_705' title='bbox 1969 4986 2067 5058; x_wconf 80' lang='lat' dir='ltr'>ab.</span> <span class='ocrx_word' id='word_1_706' title='bbox 2099 5002 2151 5041; x_wconf 87' lang='lat' dir='ltr'>a.</span> <span class='ocrx_word' id='word_1_707' title='bbox 2177 5003 2225 5040; x_wconf 91' lang='lat' dir='ltr'>r.</span> <span class='ocrx_word' id='word_1_708' title='bbox 2259 4986 2558 5056; x_wconf 73' lang='lat' dir='ltr'>praedictae</span> <span class='ocrx_word' id='word_1_709' title='bbox 2578 4987 2851 5042; x_wconf 81' lang='lat' dir='ltr'>ecclesiae</span> <span class='ocrx_word' id='word_1_710' title='bbox 2883 4973 3175 5043; x_wconf 86' lang='lat' dir='ltr'>conlatum</span> <span class='ocrx_word' id='word_1_711' title='bbox 3206 4985 3357 5042; x_wconf 69' lang='lat'>011.82</span> <span class='ocrx_word' id='word_1_712' title='bbox 3386 4989 3466 5044; x_wconf 88' lang='lat' dir='ltr'>ita</span> <span class='ocrx_word' id='word_1_713' title='bbox 3485 4992 3553 5055; x_wconf 82' lang='lat' dir='ltr'>et</span> <span class='ocrx_word' id='word_1_714' title='bbox 3581 4988 3673 5044; x_wconf 76' lang='lat' dir='ltr'>cli.</span> <span class='ocrx_word' id='word_1_715' title='bbox 3694 4986 3752 5034; x_wconf 82' lang='lat'>83</span> 
     </span>
    </p>
   </div>
   <div class='ocr_carea' id='block_1_97' title="bbox 316 5046 3741 5131">
    <p class='ocr_par' dir='ltr' id='par_1_97' title="bbox 316 5046 3741 5131">
     <span class='ocr_line' id='line_1_97' title="bbox 316 5046 3741 5131; baseline 0.006 -37"><span class='ocrx_word' id='word_1_716' title='bbox 316 5058 373 5131; x_wconf 38' lang='grc' dir='ltr'>ᾗ.</span> <span class='ocrx_word' id='word_1_717' title='bbox 410 5046 747 5131; x_wconf 48' lang='lat' dir='ltr'>certiusque</span> <span class='ocrx_word' id='word_1_718' title='bbox 778 5062 827 5099; x_wconf 92' lang='lat' dir='ltr'>c.</span> <span class='ocrx_word' id='word_1_719' title='bbox 864 5046 1424 5131; x_wconf 43' lang='lat' dir='ltr'>clrnftttl‘elisachar</span> <span class='ocrx_word' id='word_1_720' title='bbox 1454 5068 1516 5131; x_wconf 40' lang='grc' dir='ltr'>τ’..</span> <span class='ocrx_word' id='word_1_721' title='bbox 1536 5054 1665 5106; x_wconf 89' lang='lat' dir='ltr'>data</span> <span class='ocrx_word' id='word_1_722' title='bbox 1696 5055 1873 5131; x_wconf 53' lang='lat' dir='ltr'>XVII.</span> <span class='ocrx_word' id='word_1_723' title='bbox 1929 5057 2082 5131; x_wconf 29' lang='lat' dir='ltr'>Mai:</span> <span class='ocrx_word' id='word_1_724' title='bbox 2105 5073 2158 5110; x_wconf 90' lang='lat' dir='ltr'>a.</span> <span class='ocrx_word' id='word_1_725' title='bbox 2209 5046 2278 5110; x_wconf 58' lang='lat'>(1:</span> <span class='ocrx_word' id='word_1_726' title='bbox 2307 5074 2361 5126; x_wconf 89' lang='lat' dir='ltr'>p.</span> <span class='ocrx_word' id='word_1_727' title='bbox 2398 5058 2567 5111; x_wconf 89' lang='lat' dir='ltr'>tertio</span> <span class='ocrx_word' id='word_1_728' title='bbox 2610 5058 2843 5131; x_wconf 85' lang='lat' dir='ltr'>imperii</span> <span class='ocrx_word' id='word_1_729' title='bbox 2876 5060 2932 5114; x_wconf 77' lang='grc' dir='ltr'>(ἰ.</span> <span class='ocrx_word' id='word_1_730' title='bbox 2966 5061 3153 5114; x_wconf 89' lang='lat' dir='ltr'>nostri</span> <span class='ocrx_word' id='word_1_731' title='bbox 3186 5059 3235 5112; x_wconf 91' lang='lat' dir='ltr'><strong>H</strong></span> <span class='ocrx_word' id='word_1_732' title='bbox 3271 5061 3362 5115; x_wconf 81' lang='grc' dir='ltr'>οΙι.</span> <span class='ocrx_word' id='word_1_733' title='bbox 3393 5059 3448 5102; x_wconf 78' lang='lat'>85</span> <span class='ocrx_word' id='word_1_734' title='bbox 3567 5077 3615 5116; x_wconf 91' lang='lat' dir='ltr'>r.</span> <span class='ocrx_word' id='word_1_735' title='bbox 3649 5060 3741 5115; x_wconf 84' lang='lat' dir='ltr'>ch.</span> 
     </span>
    </p>
   </div>
   <div class='ocr_carea' id='block_1_98' title="bbox 314 5112 3746 5203">
    <p class='ocr_par' dir='ltr' id='par_1_98' title="bbox 314 5112 3746 5203">
     <span class='ocr_line' id='line_1_98' title="bbox 314 5112 3746 5203; baseline 0.005 -37"><span class='ocrx_word' id='word_1_736' title='bbox 314 5112 461 5203; x_wconf 46' lang='lat' dir='ltr'>Stin:</span> <span class='ocrx_word' id='word_1_737' title='bbox 482 5113 733 5203; x_wconf 54' lang='lat' dir='ltr'>feliciter</span> <span class='ocrx_word' id='word_1_738' title='bbox 754 5133 805 5203; x_wconf 81' lang='lat' dir='ltr'>a.</span> <span class='ocrx_word' id='word_1_739' title='bbox 832 5118 929 5203; x_wconf 58' lang='lat' dir='ltr'>CII;</span> <span class='ocrx_word' id='word_1_740' title='bbox 952 5116 1304 5203; x_wconf 52' lang='lat' dir='ltr'>SLnidepnter</span> <span class='ocrx_word' id='word_1_741' title='bbox 1336 5123 1385 5174; x_wconf 87' lang='lat'>1.</span> <span class='ocrx_word' id='word_1_742' title='bbox 1421 5123 1516 5203; x_wconf 66' lang='lat' dir='ltr'>cui</span> <span class='ocrx_word' id='word_1_743' title='bbox 1534 5130 1755 5203; x_wconf 39' lang='lat' dir='ltr'>[auctor</span> <span class='ocrx_word' id='word_1_744' title='bbox 1776 5126 2181 5203; x_wconf 74' lang='lat' dir='ltr'>ipseuiriliter</span> <span class='ocrx_word' id='word_1_745' title='bbox 2212 5112 2661 5203; x_wconf 54' lang='grc' dir='ltr'>ειιίῖθρκςοισίρξίιζ</span> <span class='ocrx_word' id='word_1_746' title='bbox 2696 5112 2929 5203; x_wconf 63' lang='lat' dir='ltr'>virlitcr</span> <span class='ocrx_word' id='word_1_747' title='bbox 3052 5112 3617 5203; x_wconf 17' lang='lat' dir='ltr'>videnterisuperrsc.</span> <span class='ocrx_word' id='word_1_748' title='bbox 3651 5112 3746 5184; x_wconf 13' lang='lat' dir='ltr'>vii-7</span> 
     </span>
    </p>
   </div>
   <div class='ocr_carea' id='block_1_99' title="bbox 314 5184 3743 5279">
    <p class='ocr_par' dir='ltr' id='par_1_99' title="bbox 314 5184 3743 5279">
     <span class='ocr_line' id='line_1_99' title="bbox 314 5184 3743 5279; baseline 0.006 -41"><span class='ocrx_word' id='word_1_749' title='bbox 314 5184 580 5279; x_wconf 34' lang='lat'>{£13311}</span> <span class='ocrx_word' id='word_1_750' title='bbox 615 5185 1143 5279; x_wconf 36' lang='lat' dir='ltr'>tid&#39;cpnt‘erjiﬁ‘lgd.</span> <span class='ocrx_word' id='word_1_751' title='bbox 1164 5190 1228 5279; x_wconf 50' lang='grc' dir='ltr'>βξ</span> <span class='ocrx_word' id='word_1_752' title='bbox 1255 5207 1429 5279; x_wconf 70' lang='lat' dir='ltr'>quam</span> <span class='ocrx_word' id='word_1_753' title='bbox 1447 5193 1502 5279; x_wconf 73' lang='grc'>¹1.</span> <span class='ocrx_word' id='word_1_754' title='bbox 1534 5192 1588 5279; x_wconf 62' lang='lat'>{39</span> <span class='ocrx_word' id='word_1_755' title='bbox 1616 5184 2003 5279; x_wconf 38' lang='lat' dir='ltr'>gemmam.</span> <span class='ocrx_word' id='word_1_756' title='bbox 2059 5184 2599 5279; x_wconf 41' lang='lat' dir='ltr'>superscriptuni‘t</span> <span class='ocrx_word' id='word_1_757' title='bbox 2631 5199 2686 5279; x_wconf 58' lang='grc' dir='ltr'>ετ..</span> <span class='ocrx_word' id='word_1_758' title='bbox 2722 5201 2873 5279; x_wconf 61' lang='lat' dir='ltr'>unde</span> <span class='ocrx_word' id='word_1_759' title='bbox 2904 5201 2937 5253; x_wconf 62' lang='grc' dir='ltr'>ιε</span> <span class='ocrx_word' id='word_1_760' title='bbox 2963 5199 3036 5254; x_wconf 65' lang='grc' dir='ltr'>ρ’.</span> <span class='ocrx_word' id='word_1_761' title='bbox 3064 5203 3127 5279; x_wconf 83' lang='lat' dir='ltr'>in_</span> <span class='ocrx_word' id='word_1_762' title='bbox 3158 5184 3325 5279; x_wconf 53' lang='lat' dir='ltr'>iam</span> <span class='ocrx_word' id='word_1_763' title='bbox 3354 5184 3587 5279; x_wconf 52' lang='grc' dir='ltr'><em>ᾖὲιᾶὲιᾶὶ</em></span> <span class='ocrx_word' id='word_1_764' title='bbox 3605 5184 3743 5279; x_wconf 59' lang='grc' dir='ltr'>Ῐιιθε-</span> 
     </span>
    </p>
   </div>
   <div class='ocr_carea' id='block_1_100' title="bbox 312 5254 3744 5346">
    <p class='ocr_par' dir='ltr' id='par_1_100' title="bbox 312 5254 3744 5346">
     <span class='ocr_line' id='line_1_100' title="bbox 312 5254 3744 5346; baseline 0.006 -39"><span class='ocrx_word' id='word_1_765' title='bbox 312 5254 1001 5346; x_wconf 35' lang='lat' dir='ltr'>plen‘cl‘qatjclnir3adiet‘.</span> <span class='ocrx_word' id='word_1_766' title='bbox 1035 5254 1407 5319; x_wconf 69' lang='lat' dir='ltr'>Flodoardus</span> <span class='ocrx_word' id='word_1_767' title='bbox 1439 5269 1590 5319; x_wconf 82' lang='lat' dir='ltr'>teste</span> <span class='ocrx_word' id='word_1_768' title='bbox 1625 5266 1979 5323; x_wconf 81' lang='lat' dir='ltr'>Colvenerio</span> <span class='ocrx_word' id='word_1_769' title='bbox 2009 5254 2255 5339; x_wconf 79' lang='lat' dir='ltr'>scripsit</span> <span class='ocrx_word' id='word_1_770' title='bbox 2285 5254 2681 5343; x_wconf 72' lang='lat' dir='ltr'>resplendeat,</span> <span class='ocrx_word' id='word_1_771' title='bbox 2716 5271 2866 5343; x_wconf 86' lang='lat' dir='ltr'>quod</span> <span class='ocrx_word' id='word_1_772' title='bbox 2893 5254 3205 5328; x_wconf 71' lang='lat' dir='ltr'>recentior</span> <span class='ocrx_word' id='word_1_773' title='bbox 3219 5254 3469 5346; x_wconf 51' lang='lat' dir='ltr'>MM</span> <span class='ocrx_word' id='word_1_774' title='bbox 3491 5254 3744 5329; x_wconf 46' lang='lat' dir='ltr'>idem</span> 
     </span>
    </p>
   </div>
   <div class='ocr_carea' id='block_1_101' title="bbox 312 5324 1018 5398">
    <p class='ocr_par' dir='ltr' id='par_1_101' title="bbox 312 5324 1018 5398">
     <span class='ocr_line' id='line_1_101' title="bbox 312 5324 1018 5398; baseline 0.008 -21"><span class='ocrx_word' id='word_1_775' title='bbox 312 5327 375 5378; x_wconf 85' lang='lat' dir='ltr'>in</span> <span class='ocrx_word' id='word_1_776' title='bbox 408 5326 649 5395; x_wconf 88' lang='lat' dir='ltr'>repleat.</span> <span class='ocrx_word' id='word_1_777' title='bbox 680 5324 735 5368; x_wconf 84' lang='lat'><strong>90</strong></span> <span class='ocrx_word' id='word_1_778' title='bbox 763 5332 936 5398; x_wconf 88' lang='lat' dir='ltr'>atque</span> <span class='ocrx_word' id='word_1_779' title='bbox 968 5330 1018 5384; x_wconf 84' lang='lat'>1.</span> 
     </span>
    </p>
   </div>
   <div class='ocr_carea' id='block_1_102' title="bbox 1892 5460 2166 5525">
    <p class='ocr_par' dir='ltr' id='par_1_102' title="bbox 1892 5460 2166 5525">
     <span class='ocr_line' id='line_1_102' title="bbox 1892 5460 2166 5525; baseline 0 -1"><span class='ocrx_word' id='word_1_780' title='bbox 1892 5460 2166 5525; x_wconf 65' lang='lat' dir='ltr'>NOTIE.</span> 
     </span>
    </p>
   </div>
   <div class='ocr_carea' id='block_1_103' title="bbox 304 5604 1970 5675">
    <p class='ocr_par' dir='ltr' id='par_1_103' title="bbox 304 5604 1970 5675">
     <span class='ocr_line' id='line_1_103' title="bbox 304 5604 1970 5675; baseline 0.007 -17"><span class='ocrx_word' id='word_1_781' title='bbox 304 5620 418 5675; x_wconf 83' lang='lat' dir='ltr'>pus</span> <span class='ocrx_word' id='word_1_782' title='bbox 452 5604 621 5659; x_wconf 82' lang='lat' dir='ltr'>urbis</span> <span class='ocrx_word' id='word_1_783' title='bbox 646 5606 1149 5663; x_wconf 80' lang='lat' dir='ltr'>Camaracincium</span> <span class='ocrx_word' id='word_1_784' title='bbox 1208 5618 1262 5664; x_wconf 80' lang='lat' dir='ltr'>ct</span> <span class='ocrx_word' id='word_1_785' title='bbox 1311 5612 1802 5669; x_wconf 74' lang='lat' dir='ltr'>Adrabalinsium</span> <span class='ocrx_word' id='word_1_786' title='bbox 1831 5614 1970 5670; x_wconf 74' lang='lat' dir='ltr'>ﬁeri</span> 
     </span>
    </p>
   </div>
   <div class='ocr_carea' id='block_1_104' title="bbox 310 5676 1964 5801">
    <p class='ocr_par' dir='ltr' id='par_1_104' title="bbox 310 5676 1964 5801">
     <span class='ocr_line' id='line_1_104' title="bbox 310 5676 1964 5801; baseline 0.008 -73"><span class='ocrx_word' id='word_1_787' title='bbox 310 5676 726 5801; x_wconf 41' lang='lat' dir='ltr'>ﬁwvigéﬂco</span> <span class='ocrx_word' id='word_1_788' title='bbox 772 5680 1004 5749; x_wconf 83' lang='lat' dir='ltr'>gratias</span> <span class='ocrx_word' id='word_1_789' title='bbox 1052 5696 1239 5736; x_wconf 82' lang='lat' dir='ltr'>amen.</span> <span class='ocrx_word' id='word_1_790' title='bbox 1291 5682 1377 5737; x_wconf 87' lang='lat' dir='ltr'>Cf.</span> <span class='ocrx_word' id='word_1_791' title='bbox 1430 5686 1671 5741; x_wconf 88' lang='lat' dir='ltr'>annales</span> <span class='ocrx_word' id='word_1_792' title='bbox 1702 5688 1964 5757; x_wconf 87' lang='lat' dir='ltr'>nostros,</span> 
     </span>
    </p>
   </div>
   <div class='ocr_carea' id='block_1_105' title="bbox 402 5786 1040 5877">
    <p class='ocr_par' dir='ltr' id='par_1_105' title="bbox 402 5786 1040 5877">
     <span class='ocr_line' id='line_1_105' title="bbox 402 5786 1040 5877; baseline 0.008 -5"><span class='ocrx_word' id='word_1_793' title='bbox 402 5786 1040 5877; x_wconf 50' lang='lat' dir='ltr'>téSTIzloviomensem.</span> 
     </span>
    </p>
   </div>
   <div class='ocr_carea' id='block_1_106' title="bbox 376 5818 1075 5968">
    <p class='ocr_par' dir='ltr' id='par_1_106' title="bbox 376 5818 1075 5968">
     <span class='ocr_line' id='line_1_106' title="bbox 402 5818 1040 5877; baseline 0.008 -5"><span class='ocrx_word' id='word_1_794' title='bbox 402 5818 505 5872; x_wconf 72' lang='lat'>123</span> <span class='ocrx_word' id='word_1_795' title='bbox 556 5818 1040 5877; x_wconf 86' lang='lat' dir='ltr'>Noviomensem.</span> 
     </span>
     <span class='ocr_line' id='line_1_107' title="bbox 376 5818 1075 5968; baseline 0.009 -23"><span class='ocrx_word' id='word_1_796' title='bbox 376 5818 527 5968; x_wconf 62' lang='grc' dir='ltr'>ξηιιέ</span> <span class='ocrx_word' id='word_1_797' title='bbox 556 5889 1075 5952; x_wconf 85' lang='lat' dir='ltr'>Suessionensem.</span> 
     </span>
    </p>
   </div>
   <div class='ocr_carea' id='block_1_107' title="bbox 2151 5615 3736 5693">
    <p class='ocr_par' dir='ltr' id='par_1_107' title="bbox 2151 5615 3736 5693">
     <span class='ocr_line' id='line_1_108' title="bbox 2151 5615 3736 5693; baseline 0.005 -23"><span class='ocrx_word' id='word_1_798' title='bbox 2151 5615 2556 5693; x_wconf 69' lang='lat' dir='ltr'>(125)0biisse</span> <span class='ocrx_word' id='word_1_799' title='bbox 2587 5621 2824 5689; x_wconf 81' lang='lat' dir='ltr'>putatur</span> <span class='ocrx_word' id='word_1_800' title='bbox 2852 5620 2885 5675; x_wconf 77' lang='lat'><strong>4</strong></span> <span class='ocrx_word' id='word_1_801' title='bbox 2915 5620 3031 5675; x_wconf 84' lang='lat' dir='ltr'>Jul.</span> <span class='ocrx_word' id='word_1_802' title='bbox 3066 5618 3681 5693; x_wconf 11' lang='lat' dir='ltr'>816.__Certegdiploma</span> <span class='ocrx_word' id='word_1_803' title='bbox 3703 5640 3736 5678; x_wconf 85' lang='lat' dir='ltr'>a</span> 
     </span>
    </p>
   </div>
   <div class='ocr_carea' id='block_1_108' title="bbox 2080 5687 3731 5764">
    <p class='ocr_par' dir='ltr' id='par_1_108' title="bbox 2080 5687 3731 5764">
     <span class='ocr_line' id='line_1_109' title="bbox 2080 5687 3731 5764; baseline 0.005 -24"><span class='ocrx_word' id='word_1_804' title='bbox 2080 5687 2390 5764; x_wconf 59' lang='grc' dir='ltr'>ξλιιείογίοοΔ</span> <span class='ocrx_word' id='word_1_805' title='bbox 2413 5687 3004 5764; x_wconf 59' lang='lat' dir='ltr'>imperatorenactus</span> <span class='ocrx_word' id='word_1_806' title='bbox 3036 5695 3127 5746; x_wconf 91' lang='lat' dir='ltr'>est</span> <span class='ocrx_word' id='word_1_807' title='bbox 3146 5690 3338 5747; x_wconf 89' lang='lat' dir='ltr'>adhuc</span> <span class='ocrx_word' id='word_1_808' title='bbox 3361 5691 3426 5747; x_wconf 76' lang='grc'>14</span> <span class='ocrx_word' id='word_1_809' title='bbox 3446 5687 3585 5764; x_wconf 73' lang='lat' dir='ltr'>Apr.</span> <span class='ocrx_word' id='word_1_810' title='bbox 3606 5694 3731 5764; x_wconf 84' lang='lat'>816,</span> 
     </span>
    </p>
   </div>
   <div class='ocr_carea' id='block_1_109' title="bbox 2077 5758 2965 5829">
    <p class='ocr_par' dir='ltr' id='par_1_109' title="bbox 2077 5758 2965 5829">
     <span class='ocr_line' id='line_1_110' title="bbox 2077 5758 2965 5829; baseline 0.005 -17"><span class='ocrx_word' id='word_1_811' title='bbox 2077 5758 2149 5812; x_wconf 90' lang='lat' dir='ltr'>de</span> <span class='ocrx_word' id='word_1_812' title='bbox 2180 5775 2294 5829; x_wconf 87' lang='lat' dir='ltr'>quo</span> <span class='ocrx_word' id='word_1_813' title='bbox 2328 5759 2403 5814; x_wconf 86' lang='lat' dir='ltr'>cf.</span> <span class='ocrx_word' id='word_1_814' title='bbox 2437 5758 2705 5816; x_wconf 67' lang='lat' dir='ltr'>Mirmum</span> <span class='ocrx_word' id='word_1_815' title='bbox 2741 5760 2809 5829; x_wconf 84' lang='lat' dir='ltr'>Il,</span> <span class='ocrx_word' id='word_1_816' title='bbox 2843 5759 2965 5817; x_wconf 84' lang='lat'>930.</span> 
     </span>
    </p>
   </div>
   <div class='ocr_carea' id='block_1_110' title="bbox 2113 5828 3728 5912">
    <p class='ocr_par' dir='ltr' id='par_1_110' title="bbox 2113 5828 3728 5912">
     <span class='ocr_line' id='line_1_111' title="bbox 2113 5828 3728 5912; baseline 0.005 -28"><span class='ocrx_word' id='word_1_817' title='bbox 2113 5828 2294 5912; x_wconf 46' lang='lat'>.(196)</span> <span class='ocrx_word' id='word_1_818' title='bbox 2324 5830 2530 5889; x_wconf 90' lang='lat' dir='ltr'>Editos</span> <span class='ocrx_word' id='word_1_819' title='bbox 2562 5849 2595 5889; x_wconf 87' lang='lat' dir='ltr'>a</span> <span class='ocrx_word' id='word_1_820' title='bbox 2624 5828 2863 5891; x_wconf 79' lang='lat' dir='ltr'>CaniSio</span> <span class='ocrx_word' id='word_1_821' title='bbox 2893 5832 2952 5889; x_wconf 87' lang='lat' dir='ltr'>in</span> <span class='ocrx_word' id='word_1_822' title='bbox 2978 5833 3138 5891; x_wconf 84' lang='lat' dir='ltr'>Antt.</span> <span class='ocrx_word' id='word_1_823' title='bbox 3172 5833 3383 5904; x_wconf 85' lang='lat' dir='ltr'>Lectt.;</span> <span class='ocrx_word' id='word_1_824' title='bbox 3416 5834 3491 5891; x_wconf 86' lang='lat' dir='ltr'>cf.</span> <span class='ocrx_word' id='word_1_825' title='bbox 3526 5836 3728 5894; x_wconf 88' lang='lat' dir='ltr'>Fabri-</span> 
     </span>
    </p>
   </div>
   <div class='ocr_carea' id='block_1_111' title="bbox 2074 5915 2399 5959">
    <p class='ocr_par' dir='ltr' id='par_1_111' title="bbox 2074 5915 2399 5959">
     <span class='ocr_line' id='line_1_112' title="bbox 2074 5915 2399 5959; baseline 0.003 -1"><span class='ocrx_word' id='word_1_826' title='bbox 2074 5915 2231 5959; x_wconf 82' lang='lat' dir='ltr'>cium</span> <span class='ocrx_word' id='word_1_827' title='bbox 2261 5916 2312 5959; x_wconf 82' lang='grc' dir='ltr'>Β.</span> <span class='ocrx_word' id='word_1_828' title='bbox 2343 5917 2399 5959; x_wconf 77' lang='grc' dir='ltr'>ν’</span> 
     </span>
    </p>
   </div>
  </div>
