4098 6196
197 272 263 337 53
1602 256 1860 330 LIBER
1896 261 2223 333 PRIMUS
3564 280 3645 344 54

204 470 348 535 duxi,
378 470 441 520 ut
471 465 811 537 aliquandiu
839 478 933 519 me
963 480 996 518 a
1027 464 1333 519 scribendi
1359 464 1687 519 temeritate
1711 479 1853 518 sus-
1883 449 1953 511 Ᾱ’
1974 465 2307 535 monachis,
2343 466 2480 536 quia
2526 467 2906 525 dubitabatur
2936 474 2991 527 et
3020 473 3309 530 incertum
3339 479 3481 547 erat,
3524 494 3642 550 quo

203 557 539 627 penderem;
569 555 705 625 quia
728 554 881 607 sicut
898 552 1180 622 perpendi
1200 552 1276 623 inj
1289 552 1446 606 uncti
1473 553 1675 622 operis
1699 552 1851 606 difﬁ—

205 647 481 711 cultatem,
514 644 593 698 ita
624 648 680 697 et
696 641 1023 713 injugentis
1054 641 1387 695 auctoritati
1412 655 1522 694 nec
1552 640 1711 695 volui
1733 657 1842 695 nec

206 730 1127 802 debuiusquequaqueresisterc;
1148 732 1367 799 certus,
1394 729 1853 799 quiaimbecilli-

205 825 363 876 tatem
381 836 571 875 meam
606 821 788 873 multo
818 819 1070 888 amplius
1102 822 1301 872 vestra
1332 817 1425 888 adj
1438 822 1639 872 uvaret
1660 818 1857 889 preci-

207 911 411 981 pientis
463 909 747 980 dignitas,
794 923 970 979 quam
1018 910 1294 977 gravaret
1326 923 1474 961 meae
1508 907 1857 979 ignorantiae

208 998 534 1052 difﬁcultas.
570 997 794 1051 Valete.
834 1020 856 1043 υ

208 1085 280 1141 4‘2.
308 1087 447 1156 (40.)
501 1087 587 1141 De
622 1083 1186 1155 Constantinopolim
1213 1084 1472 1154 plurima
1523 1091 1860 1139 sanctorum

204 1179 448 1247 pignora
464 1175 639 1229 attuli
645 1181 663 1228 t
676 1176 772 1243 (A.
792 1175 869 1228 Ei
875 1175 996 1243 nh.,
1013 1190 1108 1227 an.
1131 1173 1275 1242 828).
1294 1174 1402 1227 Hic
1416 1173 1489 1227 ab
1504 1174 1861 1243 imperatore

212 1264 413 1319 Karolo
444 1264 596 1333 (127)
625 1261 1189 1331 Constantinopolim
1212 1262 1460 1332 missus,
1493 1265 1551 1316 et
1579 1278 1611 1315 a
1634 1262 1859 1316 Micha-

211 1353 325 1407 hele
356 1354 740 1422 imperatore,
776 1352 931 1405 sicut
970 1350 1103 1404 inde
1150 1365 1439 1404 reversus
1466 1351 1597 1419 ipse
1645 1351 1859 1420 retulit,

212 1442 526 1496 honorifice
558 1444 880 1509 susceptus
912 1443 1024 1493 est.
1058 1438 1228 1494 Unde
1257 1440 1386 1509 ipse
1431 1440 1610 1492 multa
1639 1442 1695 1492 et
1722 1455 1862 1509 pre-

212 1531 358 1585 ciosa
371 1532 715 1584 sanctorum
730 1529 1002 1599 pignora,
1031 1527 1221 1581 sancti
1234 1526 1507 1581 videlicet
1528 1530 1864 1596 protomar-

210 1619 335 1689 tyris
366 1616 673 1687 Stephani,
708 1619 962 1685 Cosmae,
998 1616 1217 1670 Antimi
1246 1616 1725 1671 Nicomediensis
1750 1616 1866 1686 epi-

210 1707 381 1776 scopi,
414 1709 474 1761 et
496 1705 751 1761 Teodori
780 1705 1079 1775 martyris,
1114 1720 1247 1775 quae
1276 1705 1337 1759 in
1371 1705 1646 1759 aecclesia
1674 1705 1862 1760 beatae

210 1795 397 1850 Mariae
430 1796 813 1849 continentur
858 1794 1071 1861 adhuc,
1120 1795 1762 1883 asportavitpnecnon
1810 1796 1951 1883 etB

207 1885 426 1939 tabulas
440 1883 1148 1953 eburneas,quibuslibri
1179 1884 1447 1952 cooperti
1476 1882 1693 1937 ibidem
1727 1897 1865 1937 esse

206 1975 557 2042 spectantur.
592 1971 790 2042 Hujus
814 1986 954 2025 vero
979 1975 1242 2040 tempore
1269 1972 1365 2041 (A.
1384 1971 1592 2038 Einh.,
1632 1986 1704 2024 an
1725 1969 1858 2037 818)

208 2062 567 2115 Luduwicus
613 2061 759 2114 Pius
809 2075 916 2114 rex
968 2076 1076 2130 per
1119 2060 1499 2113 Cameracum
1542 2059 1864 2129 transiens,

205 2150 567 2221 Aquisgraui
587 2149 661 2202 ad
674 2149 1102 2223 hibernandum
1120 2149 1459 2202 revertitur.
1486 2148 1701 2201 Beatus
1724 2163 1865 2202 vero

203 2238 456 2309 pontifex
492 2240 549 2291 in
589 2253 734 2307 pace
784 2253 917 2291 cum
961 2237 1231 2306 patribus
1278 2237 1408 2290 suis
1457 2236 1865 2290 dormitionem

209 2328 562 2397 suscipiens,
597 2327 868 2395 sepultus
898 2330 992 2380 est
1020 2326 1077 2379 in
1100 2325 1294 2380 Monte
1325 2327 1516 2380 sancti
1540 2324 1718 2396 Eligii
1746 2327 1863 2394 (an.

211 2501 289 2572 43,
319 2504 461 2573 (41.)
492 2503 833 2559 Successsit
861 2502 1073 2558 beatus
1111 2502 1528 2570 Theodericus,
1555 2518 1721 2574 quem
1734 2501 1868 2556 Ebo

208 2593 686 2664 archiepiscopus
710 2591 834 2646 sibi
874 2592 935 2645 in
966 2592 1174 2646 sinodo
1192 2591 1457 2664 judicem
1482 2591 1682 2663 elegit.
1726 2592 1871 2646 Post

210 2682 351 2737 hunc
368 2682 588 2735 summi
614 2679 936 2735 sacerdotii
957 2696 1173 2735 munus
1205 2680 1607 2735 Theodericus
1621 2698 1654 2734 a
1680 2682 1871 2735 Ludu-

202 2773 346 2826 wico
361 2768 912 2841 suscepitKlQB),vir
922 2772 1184 2838 spectate
1203 2768 1530 2823 sanctitatis
1544 2772 1599 2823 et
1610 2769 1867 2840 prophe-

208 2861 293 2914 tiae
312 2860 529 2929 spiritu
541 2858 791 2912 divinitu
808 2857 1156 2912 illustratus.
1178 2856 1366 2929 Cujus
1380 2862 1641 2928 tempore
1656 2859 1870 2912 Lotha-

208 2949 323 3003 rius
339 2953 569 3018 patrem
585 2947 975 3001 Luduwicum
987 2962 1194 3017 regem
1227 2947 1734 3001 consentientibus
1765 2947 1871 3001 fal-

207 3039 291 3091 sis
320 3037 653 3107 episcopis,
688 3036 938 3089 maxime
969 3034 1170 3089 Ebone
1190 3036 1512 3089 Remorum
1542 3036 1872 3106 archiepis-

207 3138 346 3195 c0po
369 3142 404 3179 a
435 3124 615 3196 regni
645 3124 893 3192 imperio
921 3123 1633 3193 dejecerat.Principibus
1676 3129 1869 3178 tamen

205 3176 420 3284 injuste
436 3176 1375 3282 deiecturuanimadvertentibus,
1400 3176 1693 3267 et‘eisdem
1708 3176 1870 3283 epis:
1909 3176 1963 3244 Ο

207 3304 386 3372 copis,
402 3300 512 3372 qui
527 3305 663 3356 ante
682 3303 1128 3370 consenserant,
1150 3300 1630 3371 acclamantibus,
1652 3302 1710 3356 in
1726 3304 1874 3372 pris-

206 3392 317 3445 tino
365 3392 602 3445 honore
659 3390 904 3444 restitns
952 3392 1062 3443 est.
1098 3387 1115 3461 [
1155 3388 1383 3459 (Fnon.,
1445 3389 1512 3457 II,
1558 3391 1669 3459 20).
1734 3392 1874 3446 Post

208 3479 328 3534 haec
360 3482 734 3550 congregata
764 3478 974 3532 sinodo
1006 3477 1064 3531 in
1095 3478 1346 3534 Metensi
1374 3479 1652 3534 mcclesia
1682 3481 1873 3535 sancti

207 3568 512 3638 Stephani,
547 3569 868 3637 imperator
897 3583 1018 3636 prae
1050 3567 1279 3621 cunctis
1312 3565 1577 3621 Ebonem
1608 3574 1870 3641 accusat,

208 3658 357 3727 quod
389 3672 535 3711 eum
570 3655 722 3709 falso
752 3655 944 3709 fuerat
974 3656 1337 3724 criminatus,
1371 3659 1427 3710 et
1443 3656 1669 3711 eisdem
1702 3659 1872 3714 falsis

207 3747 559 3801 criminibus
590 3746 910 3815 appetitum
938 3761 972 3798 a
1000 3760 1184 3815 regno
1216 3743 1536 3815 dejecerat,
1571 3748 1871 3818 armisque

210 3834 435 3903 ablatis,
458 3849 574 3888 nec
586 3832 933 3888 confessum
947 3848 1053 3887 nec
1068 3834 1401 3887 convictum
1415 3838 1617 3889 contra
1630 3838 1871 3907 regulas

209 3924 677 3979 ecclesiasticas
709 3922 783 3976 ab
806 3921 1098 3976 aacclesiae
1128 3921 1287 3976 aditu
1317 3923 1738 3978 eliminaverat.
1763 3926 1872 3991 Qui

207 4026 237 4064 ο
247 4012 445 4082 bjecta
460 4012 833 4065 erubescens
848 4025 1033 4080 seque
1046 4009 1195 4064 male
1210 4009 1429 4065 fecisse
1442 4026 1869 4083 recognocens,

205 4106 262 4155 ut
288 4102 349 4155 in
373 4099 597 4154 sinodo
637 4099 831 4153 omnia
852 4098 1122 4169 legaliter
1150 4098 1628 4170 adimplerentur,
1655 4118 1872 4157 secun-

205 4189 338 4243 dum
350 4189 696 4244 Aﬂ'ricanos
720 4202 979 4241 canones
992 4186 1109 4241 sibi
1124 4187 1362 4257 judices
1386 4189 1702 4259 episcopos
1725 4191 1878 4245 dele-

205 4278 302 4349 git,
336 4278 502 4332 inter
513 4292 669 4347 quos
689 4277 863 4330 etiam
878 4275 1262 4330 Teodericum
1286 4277 1631 4346 episcopum
1648 4295 1869 4336 convo-

208 4364 402 4436 cavit.)
423 4366 545 4419 Iste
558 4365 733 4418 etiam
749 4380 899 4417 anno
915 4363 1144 4418 Domini
1157 4364 1279 4419 832.
1302 4364 1387 4418 '16.
1405 4364 1512 4419 Kal
1525 4366 1870 4425 Decembris

209 4455 643 4508 ordinationem
672 4454 1024 4508 clericorum
1064 4453 1204 4507 fecit
1238 4454 1299 4508 in
1327 4457 1687 4510 monasterio
1719 4457 1875 4513 Lau-

1936 614 1945 621 _
1976 553 2034 605 in
2067 554 2198 607 loco
2229 554 2487 623 positum
2533 557 2846 612 crederent
2878 561 3391 628 preciosissimum
3426 582 3644 637 corpus

1975 643 2163 695 sancti
2196 642 2461 713 Veilasti,
2483 646 2765 715 quaesivit
2786 648 3076 704 etinvenit
3107 666 3259 706 anno
3276 653 3512 723 quidem
3540 656 3643 710 do-

1975 729 2208 783 minicae
2242 730 2672 788 lncarnationis
2702 733 2844 805 852;
2878 737 3178 792 inventum
3197 755 3344 794 vero
3374 742 3451 796 ita
3468 759 3643 813 para-

1972 818 2075 887 vit,
2108 822 2171 872 ut
2202 820 2254 872 si
2278 820 2429 873 forte
2454 825 2643 876 metus
2678 824 2975 880 Danorum
3026 831 3289 898 cogeret,
3341 829 3650 901 fugientes

1976 905 2262 961 aliorsum
2294 908 2610 964 deferrent.

2046 992 2155 1066 [45.
2190 994 2325 1064 (43.)
2363 996 2518 1050 Uubi
2534 998 2597 1051 in
2615 999 2824 1055 sinodo
2839 1000 2915 1055 de
2930 1002 3164 1058 Ebonis
3194 1004 3563 1076 depositione
3583 1013 3642 1064 et

1975 1082 2287 1137 Hincmari
2305 1085 2681 1141 ordinatione
2698 1090 2984 1160 scriptum
2991 1092 3243 1162 protulit
3256 1095 3445 1166 (non,
3468 1097 3644 1166 111,11)

1977 1170 2173 1241 Hujus
2189 1172 2362 1226 etiam
2376 1174 2587 1228 diebus
2627 1175 2995 1232 honorabilis
3022 1181 3231 1250 presul
3258 1181 3639 1256 Hincmarus,

1980 1263 2113 1329 post
2127 1259 2389 1315 Ebonem
2403 1262 2734 1331 depositum
2749 1264 3021 1336 ejusdem
3034 1269 3309 1325 ecclesiae
3322 1272 3642 1343 episcopus

1979 1363 2130 1402 anno
2145 1349 2237 1402 sui
2259 1349 2637 1421 episcopatus
2666 1353 2719 1422 '7,
2737 1353 3010 1409 sinodum
3032 1356 3233 1412 habuit
3262 1362 3641 1431 comprovin-

1980 1436 2186 1491 cialem
2199 1438 2350 1506 apud
2364 1437 2784 1495 Suessonicam
2808 1444 3016 1498 urbem
3033 1445 3093 1498 in
3108 1450 3465 1504 monasterio
3478 1465 3646 1506 sanc-

1979 1525 2020 1578 ti
2043 1524 2327 1596 Medardi,
2355 1542 2486 1581 cum
2517 1528 2815 1584 Venelone
2851 1530 3143 1588 Sennensi
3164 1536 3638 1611 archiepiscopo,

1980 1613 2275 1668 Amalrico
2307 1615 2662 1685 Turonensi,
2705 1621 2762 1671 et
2807 1619 2919 1673 hoc
2965 1621 3334 1678 Theoderico
3370 1624 3641 1683 Camera-

1979 1703 2145 1756 censi
2159 1703 2461 1774 episcopo,
2483 1709 2538 1759 et
2551 1706 2751 1761 multis
2765 1708 2897 1761 aliis
2917 1710 3216 1781 episcopis
3235 1716 3291 1767 et
3306 1713 3639 1788 abbatibus,

1980 1791 2282 1845 residente
2301 1808 2536 1864 quoque
2559 1794 2618 1847 in
2639 1796 2831 1849 medio
2849 1797 3116 1867 glorioso
3129 1814 3272 1871 rege
3290 1800 3512 1857 Karolo
3546 1804 3642 1873 (an

1978 1880 2124 1948 853).
2154 1879 2267 1933 Ubi
2296 1882 2567 1950 quaedem
2625 1886 2968 1939 necessaria
3010 1887 3304 1943 aecclesia:
3351 1890 3457 1944 Dei
3506 1896 3643 1946 sunt

1978 1972 2271 2038 pertracta
2306 1970 2562 2041 negotia.
2579 1971 2668 2024 Ad
2682 1986 2855 2042 quam
2871 1974 3145 2029 sinodum
3157 1978 3510 2034 accedentes
3524 1981 3648 2051 qui-

1981 2058 2113 2110 dam
2144 2058 2459 2112 Remensis
2483 2060 2780 2116 aecclesiee
2809 2064 3077 2117 canonici
3104 2081 3172 2119 ac
3198 2068 3490 2137 monachi,
3521 2069 3645 2123 cla-

1981 2148 2287 2199 maverunt
2307 2161 2643 2215 suspensos
2662 2164 2729 2202 se
2750 2166 2782 2202 a
2812 2151 3037 2219 prefato
3059 2154 3511 2225 archiepiscopo
3528 2173 3639 2211 suo

1983 2234 2054 2287 ab
2101 2233 2606 2290 administratione
2648 2238 2922 2293 ordinum
2953 2241 3537 2315 eecclesiasticorum,
3565 2246 3639 2299 ad

1982 2337 2133 2392 quos
2146 2324 2217 2376 ab
2232 2322 2432 2378 Ebone
2446 2325 2740 2394 quondam
2755 2330 3018 2394 provecti
3032 2330 3284 2385 fuerant.
3316 2331 3503 2386 Electi
3518 2333 3638 2404 igi-

1981 2413 2076 2464 tur
2097 2410 2337 2481 judices
2365 2412 2675 2484 utriusque
2706 2415 2912 2484 partis,
2976 2416 3037 2470 id
3074 2421 3166 2472 est
3200 2419 3639 2492 archiepiscopi

1982 2503 2039 2553 et
2067 2500 2468 2567 clamatorum,
2490 2501 2707 2555 auditis
2730 2503 2932 2558 causis
2949 2504 3325 2573 altrinsecus,
3341 2507 3646 2579 judicave-

1982 2592 2118 2642 runt
2149 2603 2161 2642 :
2196 2587 2354 2658 quod
2375 2589 2428 2641 si
2446 2589 2571 2644 Eho
2587 2590 3077 2663 archiepiscopus
3108 2595 3166 2649 in
3193 2610 3303 2651 suo
3332 2599 3489 2653 statu
3519 2614 3639 2654 ma-

1982 2692 2153 2745 nens,
2187 2678 2467 2732 canonice
2510 2678 2621 2732 hos
2657 2678 2875 2735 fratres
2917 2682 3293 2750 ordinaverit,
3365 2685 3648 2743 deberent

1984 2765 2322 2820 ministrare
2349 2781 2364 2835 ;
2392 2766 2447 2820 si
2476 2770 2669 2821 autem
2720 2767 2942 2840 injuste
2972 2770 3242 2841 dejectus
3275 2775 3333 2827 et
3360 2776 3644 2832 canonice

1983 2855 2313 2923 restitutus,
2346 2857 2478 2924 post
2497 2870 2667 2909 suam
2688 2858 3028 2912 canonicam
3046 2861 3475 2917 restitutionem
3506 2880 3647 2920 cos-

1985 2942 2118 2997 dem
2139 2943 2519 3011 ordinaverit,
2546 2945 2677 2999 sine
2691 2945 2807 2999 ulla
2820 2949 3148 3016 quaestione
3169 2949 3456 3005 deberent
3470 2953 3642 3007 etiam

1984 3031 2346 3085 ministrare.
2371 3031 2753 3103 Interrogatis
2774 3033 2970 3103 itaque
2993 3036 3432 3093 ordinatoribus
3464 3041 3644 3095 Hinc-

1984 3122 2131 3174 mari
2154 3120 2224 3173 de
2242 3120 2460 3174 Ebonis
2475 3120 2841 3189 depositione
2860 3124 2916 3176 ct
2928 3122 3231 3178 Hincmari
3253 3127 3638 3201 ordinatione,

1986 3224 2245 3293 surgens
2304 3209 2705 3263 Theodericus
2770 3211 3223 3267 (Jamaracencis
3294 3215 3634 3289 episcopus,

1984 3297 2246 3367 porrexit
2275 3297 2335 3351 in
2358 3300 2679 3367 conspectu
2708 3298 3081 3377 principis'et
3119 3302 3311 3357 sinosi
3332 3305 3639 3376 scriptum,

1986 3388 2295 3442 continens
2364 3386 2628 3440 ordinem
2683 3387 3071 3456 depositionis
3134 3392 3347 3459 prefati
3394 3393 3639 3450 Ebonis.

1986 3477 2150 3530 Tunc
2164 3474 2504 3530 ventilatum
2517 3475 2869 3546 estqualiter
2892 3480 3308 3535 exauctoratus
3321 3482 3643 3553 episcopus

1986 3566 2217 3620 restitui
2230 3564 2457 3633 debeat,
2479 3568 2534 3618 et
2555 3564 2860 3635 quiaidem
2876 3564 3002 3620 Eho
3021 3569 3332 3624 restitutus
3355 3573 3638 3629 canonice

1986 3671 2105 3709 non
2134 3654 2328 3722 fuerit,
2371 3653 2617 3722 insuper
2646 3657 2702 3707 et
2738 3653 2810 3708 ab
2847 3656 3172 3725 apostolica
3220 3659 3383 3729 sede,
3432 3660 3643 3736 Sergio

1985 3759 2135 3815 papa
2193 3741 2574 3796 confirmante
2633 3741 3025 3813 dejectionem
3059 3744 3241 3815 illius,
3292 3748 3644 3819 dampnatus

1986 3832 2261 3899 extiterit,
2296 3832 2359 3883 ut
2388 3831 2449 3883 in
2478 3831 2626 3883 laica
2654 3833 3052 3887 tantummodo
3093 3837 3501 3893 communione
3532 3855 3650 3895 ma-

1987 3924 2171 3975 neret.
2214 3919 2430 3989 Sicque
2452 3919 2755 3974 decretum
2795 3923 2887 3975 est
2911 3924 2973 3975 ut
3002 3924 3284 3994 quicquid
3322 3926 3383 3979 in
3414 3928 3647 3983 ordina-

1985 4009 2249 4064 tionibus
2279 4008 2670 4062 aecclesiastis
2702 4008 2826 4063 Eho
2853 4013 2989 4079 post
3007 4011 3448 4081 ‘depositionem
3475 4032 3646 4071 suam

1988 4102 2215 4171 egerat,
2234 4096 2565 4151 secundum
2579 4096 2949 4151 traditionem
2962 4101 3303 4168 apostolicae
3317 4104 3500 4173 sedis,
3516 4121 3644 4175 pre-

1986 4192 2076 4243 ter
2099 4202 2339 4241 sacrum
2374 4185 2690 4255 baptisma,
2711 4186 2866 4255 quod
2882 4186 2940 4238 in
2954 4187 3190 4240 nomine
3213 4193 3435 4244 sanctae
3456 4192 3646 4246 Trini-

1987 4278 2126 4332 tatis
2171 4274 2497 4346 perfectum
2536 4278 2647 4342 est,
2685 4273 2916 4327 irritum
2939 4273 3274 4346 haberetur,
3308 4281 3364 4330 et
3385 4278 3641 4334 ordinati

1989 4368 2061 4422 ab
2094 4381 2162 4420 eo
2195 4362 2644 4418 aacclesiasticis
2690 4362 2978 4433 gradibus
3024 4364 3420 4432 privarentur.
3481 4368 3645 4424 Tunc

1988 4469 2144 4510 unus
2166 4469 2242 4508 ex
2272 4450 2522 4521 dejectis
2553 4450 2837 4505 fratribus
2866 4450 3130 4507 libellum
3161 4455 3645 4523 proclamationis

206 4542 401 4597 biensi
431 4540 608 4612 (129).
640 4544 813 4596 Anno
855 4543 1029 4595 etiam
1066 4540 1190 4596 844.
1230 4542 1524 4597 dedicavit
1570 4549 1872 4601 monaste-
1909 4539 1965 4602 Ι)
1990 4542 2264 4614 exposuit
2285 4541 2344 4594 in
2376 4539 2588 4609 medio,
2613 4540 2672 4593 in
2702 4555 2818 4610 quo
2852 4541 3279 4614 continebatur,
3314 4546 3470 4617 quod
3518 4547 3650 4602 ideo

208 4632 355 4685 rium
390 4632 455 4685 in
490 4630 739 4686 V'aslero
768 4630 939 4700 (l30(,
971 4633 1202 4700 petente
1226 4631 1543 4687 Hariberto
1575 4634 1803 4690 abbate.

270 4721 361 4775 44.
388 4718 536 4790 (42.)
572 4719 691 4775 Ubi
720 4725 988 4774 sanctum
1019 4736 1231 4792 corpus
1259 4721 1424 4776 beati
1457 4720 1699 4777 Vedasti
1730 4741 1880 4796 quae-

210 4811 375 4879 sivit,
399 4808 867 4880 implorantibus
886 4810 1210 4879 monachis,
1236 4817 1294 4866 et
1306 4811 1368 4864 in
1379 4813 1558 4865 venit.
1576 4812 1724 4866 Dani
1736 4828 1881 4868 vero

210 4905 343 4953 tunc
371 4898 673 4967 temporis
704 4913 811 4968 per
848 4898 1123 4953 viciniam
1155 4898 1339 4971 hujus
1374 4899 1688 4955 dioceseos
1731 4901 1883 4957 male

212 4986 633 5057 debaccantes,
669 4986 965 5042 aecclesiis
997 4987 1377 5043 insultabant.
1410 4987 1604 5053 Quare
1641 4991 1733 5044 vir
1763 4991 1884 5046 Do-

212 5076 350 5133 mini
370 5076 813 5148 Theodericus,
837 5077 932 5148 pie
951 5078 1331 5133 monentibus
1358 5080 1416 5132 et
1431 5079 1880 5150 implorantibus

1991 4650 2057 4688 se
2091 4633 2162 4687 ab
2193 4631 2397 4686 Ebone
2437 4628 2857 4699 permisissent
2884 4631 3162 4702 ordinari,
3196 4634 3333 4703 quia
3362 4635 3648 4705 viderant,

1997 4721 2410 4792 suifraganeos
2444 4720 2759 4775 Remensis
2792 4720 3065 4776 ecclesiae
3101 4723 3161 4776 in
3181 4737 3360 4776 unum
3393 4739 3526 4777 cum
3555 4724 3679 4779 lit-'

1996 4811 2168 4866 tteris
2190 4809 2567 4879 imperatoris
2599 4808 2860 4862 Lotharii
2897 4809 3271 4880 convenisse,
3306 4814 3363 4864 et
3406 4812 3657 4868 eundem

1998 4900 2264 4955 Ebonem
2292 4898 2651 4952 restituisse.
2667 4896 2784 4953 Sed
2801 4902 2856 4952 et
2885 4898 3130 4967 litteras,
3148 4900 3405 4968 quasiex
3422 4903 3658 4957 nomine

2000 4990 2353 5046 Theoderici
2371 4989 2633 5059 episcopi
2650 4990 2706 5042 et
2718 4992 3048 5043 ceterorum
3060 4987 3113 5059 ej
3124 4988 3332 5044 usdem
3344 4991 3659 5048 dioceseos

2001 5080 2412 5152 episcoporum
2430 5077 2703 5134 manibus
2724 5078 3058 5149 roboratas,
3080 5080 3490 5138 ostenderunt:
3526 5081 3661 5154 qui-

1880 5249 2139 5318 NOTAE

280 5474 438 5549 (127)
473 5467 802 5534 Ludowico
833 5469 1057 5545 potius.

280 5566 445 5636 (128)
480 5565 821 5621 Halitcario
856 5561 1279 5618 Cameracenci
1309 5560 1579 5633 episcopo
1595 5558 1887 5629 defuncto,

224 5650 634 5713 Theodericus
661 5654 843 5727 jussu
891 5652 1089 5708 domui
1111 5651 1497 5724 imperatoris
1555 5651 1891 5708 ordinatur.

1992 5470 2070 5529 cf.
2111 5470 2392 5529 Mabillon
2422 5456 2686 5525 Annales
2717 5483 2772 5524 a.
2804 5465 2930 5525 650.

2065 5561 2213 5632 (129)
2242 5561 2335 5620 cr.
2365 5557 2633 5615 Folcuini
2662 5558 2729 5614 G.
2764 5558 2900 5614 abb.
2935 5556 3083 5615 Lob.
3106 5556 3195 5614 11.

2064 5648 2216 5721 (130)
2247 5648 2491 5706 Walers
2521 5663 2596 5705 en
2627 5647 2871 5723 Faigne,
2923 5648 2985 5706 in
3026 5647 3301 5706 conﬁniis
3334 5644 3665 5705 Hannoniw

217 5744 368 5801 Ann.
402 5744 655 5801 Vedast.
688 5759 742 5799 a.
776 5742 902 5799 830.
962 5740 1080 5797 Sed
1111 5740 1316 5797 Gallia
1354 5739 1712 5797 Christianae
1751 5756 1895 5798 auc-
1998 5741 2057 5799 et
2085 5739 2399 5799 Picardiae.

216 5838 378 5894 tores
412 5833 480 5892 τι.
514 5832 761 5892 25Junii
790 5831 892 5891 831
930 5831 1157 5891 abiisse
1176 5831 1445 5891 statuunt
1463 5829 1897 5909 Halitgarium;
