4098 6196
401 272 480 334 55

1286 267 1558 329 GESTA
1603 268 2130 333 PONTIFICUM
2172 269 2934 333 CAMERACENSIUM.

3757 278 3840 339 56

402 467 517 520 bus
550 466 808 521 recitatis
829 465 1115 535 falsisque
1134 464 1715 534 comprobatis,jussi
1736 467 1875 518 sunt
1895 479 2059 518 eom-
2086 453 2143 506 Α
2172 465 2366 521 donec
2387 475 2592 523 sancto
2613 469 2883 540 episcOpo
2913 472 3432 526 excommunicato.
3454 472 3674 527 Postea
3688 487 3836 528 vero

403 556 674 610 munione
706 556 945 625 privari,
968 571 1072 623 pro
1102 569 1170 606 eo
1194 553 1349 622 quod
1365 554 1664 622 episcopis
1697 554 1831 606 talia
1846 553 2063 623 objice-

401 660 465 697 re
497 645 1028 714 presumpsissent.
1055 642 1162 695 His
1194 643 1272 695 ita
1304 643 1651 709 terminatis,
1705 642 2060 722 Hincmarus

397 733 882 802 archiepiscopus
913 733 1197 800 primatus
1231 731 1325 784 sui
1374 731 1568 785 locum
1601 731 1840 799 recepit.
1874 730 2061 800 Cujus

398 825 596 875 extant
625 823 844 888 scripta
876 820 1146 889 plurima,
1179 837 1311 890 qua:
1359 821 1486 890 ipse
1517 821 1587 874 de
1614 820 1727 873 fide
1774 820 2062 873 catholica

396 913 452 963 et
482 909 553 963 de
583 909 994 963 conservando
1019 909 1157 977 jure
1189 910 1480 962 catholico
1513 909 1896 977 conscripsit.

463 995 552 1052 46.
587 998 724 1067 (44.)
757 998 995 1068 Scripta
1027 999 1339 1051 Hiuemari
1384 999 1460 1052 ad
1507 998 1887 1052 'I'eoclericum
1907 1004 1964 1050 et
1987 997 2062 1050 ad

394 1086 543 1141 alios
566 1087 841 1158 quosdam
873 1087 1071 1156 (ibid.,
1106 1103 1232 1156 cap.
1268 1085 1378 1154 21).
1414 1087 1570 1139 Inter
1591 1103 1724 1156 quas
1757 1086 1930 1140 etiam
1948 1085 2058 1139 Im-

389 1175 546 1228 moni
562 1176 1028 1246 Noviomagensi
1049 1177 1352 1245 episcopo,
1368 1191 1472 1244 pro
1489 1175 1740 1228 consilio
1756 1180 1808 1229 et
1839 1175 2055 1228 auxilio

390 1264 580 1317 dando
603 1264 969 1318 Theoderico
1001 1264 1411 1319 Cameracensi
1437 1265 1660 1333 presuli
1691 1279 1874 1332 super
1902 1279 2052 1333 quo-

390 1352 932 1420 daminobediente,
950 1355 1048 1423 qui
1074 1355 1258 1406 Deum
1282 1369 1398 1407 non
1416 1353 1658 1406 timebat
1686 1358 1740 1406 et
1760 1352 2055 1405 aecclesia-

388 1442 604 1494 sticum
654 1443 1046 1495 ministerium
1100 1458 1216 1496 non
1272 1443 1676 1496 reverebatur.
1728 1441 1844 1510 Ipsi
1877 1441 2051 1493 etiam

387 1528 872 1598 Theodericopro
888 1532 1139 1599 quodam
1168 1531 1437 1596 Hettone,
1463 1530 1720 1584 Lotharii
1747 1503 1909 1600 regis
1944 1546 2049 1582 va-
2080 1503 2124 1562 Β

386 1618 555 1685 sallo,
583 1619 982 1672 cuicommuni
1005 1635 1305 1672 consensu
1340 1620 1738 1688 paenitentiam
1770 1619 2048 1688 injunxe-

385 1711 494 1775 rat,
519 1707 617 1776 qui
651 1723 717 1760 se
749 1708 1084 1762 absolutum
1125 1725 1155 1760 a
1189 1711 1416 1778 prefato
1458 1708 1826 1762 Theoderico
1857 1707 2048 1761 fuisse

385 1793 710 1861 fatebatur;
746 1801 802 1850 et
831 1814 936 1866 pro
969 1798 1220 1867 quodam
1252 1798 1620 1867 presbytero,
1674 1813 1846 1866 quem
1892 1796 2046 1849 idem

382 1883 791 1939 Theodericus
819 1888 1451 1952 exeommunicaverat,
1485 1904 1592 1956 pro
1614 1902 1730 1956 quo
1754 1901 1898 1954 papa
1925 1886 2045 1938 llo-

382 1987 592 2027 manus
619 1975 931 2028 l-Iincmaro
965 1976 1190 2030 litteras
1226 1978 1487 2043 miserat,
1524 1991 1672 2044 quas
1705 1974 1832 2042 ipse
1857 1973 2046 2027 eidem

380 2060 748 2116 Theoderico
779 2064 1058 2117 mittebat.
1085 2065 1223 2118 Item
1257 2081 1364 2133 pro
1397 2064 1607 2133 prefati
1632 2063 1904 2116 Hettonis
1936 2061 2043 2114 ab-

381 2150 694 2206 solutione.
719 2153 855 2204 Item
879 2168 984 2220 pro
1005 2153 1184 2206 rebus
1221 2154 1535 2206 Remensis
1559 2151 1871 2218 aecclesiae,
1892 2166 2041 2219 quas

381 2239 497 2293 sibi
526 2256 631 2308 per
675 2242 1022 2308 prestariam
1064 2242 1470 2295 Theodericus
1501 2241 1763 2312 delegari
1787 2240 2038 2310 petebat.

379 2327 596 2381 Maioni
632 2345 865 2399 quoque
901 2330 1118 2382 illustri
1143 2331 1360 2396 comiti,
1396 2331 1719 2400 gratiarum
1769 2330 2040 2382 referens

375 2417 639 2471 actiones
690 2434 796 2486 pro
847 2418 1208 2489 benignitate
1282 2423 1337 2471 et
1407 2419 1804 2472 sollicitudine
1867 2435 2040 2488 quam

375 2505 588 2559 domno
603 2507 969 2560 Theoderico
983 2508 1397 2562 Camaracensi
1413 2509 1793 2577 presuli,\‘iro
1809 2512 2035 2574 sancto,

377 2598 433 2646 et
452 2594 743 2648 (ecclesia:
774 2595 965 2663 ipsius
990 2597 1269 2650 exhibere
1305 2597 1548 2650 curabat
1579 2597 1833 2666 Scripsit
1865 2597 2039 2650 etiam

377 2681 654 2736 Lothario
675 2684 801 2752 regi
825 2682 1032 2752 91,1ilio
1066 2685 1437 2754 imperatoris
1472 2686 1750 2753 Letharii,
1786 2703 1890 2754 pro
1916 2688 2038 2739 ele-

377 2770 569 2825 ctione
593 2772 856 2840 episcopi
877 2773 1169 2826 aeeclesiie
1199 2773 1574 2826 concedenda
1597 2775 2032 2828 Camerarensi.

374 2857 620 2913 Necnon
639 2861 915 2914 Gontario
933 2861 1292 2930 Coloniensi,
1314 2865 1375 2915 ut
1397 2863 1718 2915 intercedat
1751 2863 1900 2932 apud
1927 2864 2035 2917 Lo-

374 2947 626 3002 tharium
668 2966 890 3020 regem,
923 2956 978 3003 et
1012 2955 1242 3022 satagat
1271 2967 1376 3019 pro
1409 2951 1697 3006 electione
1751 2955 2036 3007 canonica

372 3035 820 3092 Cameracensis
851 3041 1116 3108 episcopi
1147 3044 1280 3108 post
1320 3041 1634 3094 decessum
1686 3042 2035 3096 Theoderici

371 3127 694 3181 venerandi
715 3129 994 3196 presulis.
1015 3129 1282 3182 Mortuus
1302 3130 1453 3182 enim
1479 3133 1620 3184 erat.
1654 3131 1795 3184 Item
1823 3147 2034 3185 secun-

372 3214 447 3268 do
479 3216 572 3270 vel
607 3218 774 3270 tertio
810 3234 916 3285 pro
949 3219 1153 3270 eadem
1185 3233 1266 3284 re,
1301 3220 1629 3288 affirmans,
1664 3237 1779 3274 non
1805 3221 1918 3273 nisi
1953 3237 2036 3275 re-

370 3303 716 3374 gulariterin
736 3307 948 3359 diebus
963 3308 1090 3359 suis
1106 3307 1222 3359 illic
1239 3308 1581 3376 episcopum
1603 3307 2033 3380 ordinandum

440 3391 528 3446 47.
563 3393 698 3461 (45.)
733 3395 952 3447 Damno
979 3395 1341 3449 Theoderico
1363 3398 1489 3449 suis
1514 3398 1868 3466 predicentc
1890 3413 2033 3451 coxa

367 3479 692 3552 frangitur.
731 3481 925 3551 Hujus
960 3499 1098 3536 vero
1133 3484 1242 3536 tale
1275 3485 1513 3552 factum,
1545 3486 1898 3554 quibusdam
1932 3487 2031 3556 qui

2170 556 2507 625 virquidam
2553 559 2810 628 negotiis
2833 559 3186 613 militaribus
3208 559 3466 629 deditus,
3512 561 3623 618 sed
3655 579 3835 632 rapa-

2167 644 2359 698 citatis
2374 646 2592 698 studiis
2616 647 2898 715 intentus,
2920 649 3348 716 possessiones
3362 655 3586 705 sancta:
3607 651 3833 721 Mariis,

2164 748 2297 801 quae
2316 733 2688 788 interritorio
2709 736 3082 790 Alrebatensi
3101 737 3514 808 conjaeebant,
3536 738 3838 810 frequenti

2162 820 2502 876 incursione
2540 823 2882 892 depopulari
2905 830 3322 880 consueverat.
3347 827 3472 890 Qua
3490 829 3562 883 de
3584 844 3649 883 re
3686 845 3834 898 sepe

2159 908 2233 962 ab
2266 911 2548 980 episeopo
2593 917 2859 979 vocatus,
2896 929 3026 966 cum
3067 915 3454 969 maleﬁciisui
3488 917 3663 971 finem
3687 918 3834 972 dare

2157 997 2675 1068 noluisset,presul
2690 1000 3031 1068 apostolicae
3044 1004 3414 1058 auctoritatis
3428 1005 3599 1076 virga
3619 1005 3808 1060 ferien
3825 1037 3838 1047 -

2158 1085 2292 1139 dam
2323 1086 2458 1156 ejus
2481 1087 2708 1141 rabiem
2725 1089 3040 1144 estimavit.
3066 1090 3260 1145 Semel
3283 1092 3484 1162 igitur,
3505 1093 3623 1162 bis,
3646 1099 3703 1148 et
3723 1099 3840 1148 ter-

2157 1175 2235 1228 tio
2265 1179 2558 1241 vocatum,
2595 1177 2700 1229 sed
2725 1177 3093 1242 renitentem,
3118 1181 3670 1236 excommunicavit'
3720 1181 3831 1236 Ille

2157 1263 2230 1315 ad
2260 1269 2641 1334 augmentum
2655 1265 3088 1334 dampnationis
3107 1283 3234 1322 suis
3259 1272 3458 1323 reatus
3479 1270 3574 1324 sui
3593 1270 3832 1340 culpam

2158 1365 2274 1404 non
2288 1352 2480 1404 solum
2502 1367 2940 1423 recognoscere
2955 1355 3159 1422 noluit,
3183 1371 3388 1411 verum
3402 1359 3591 1428 ipsam
3609 1376 3831 1429 presu-

2157 1439 2230 1491 lis
2262 1442 2935 1496 excommunicationem
2950 1443 3238 1499 furiosius
3269 1461 3553 1515 spernere
3584 1449 3830 1504 verbis-

2156 1542 2269 1596 que
2303 1530 2665 1583 tumentibus
2689 1532 3011 1599 reprobare
3037 1534 3231 1602 carpit,
3267 1537 3324 1587 et
3337 1535 3626 1605 majorem
3646 1537 3833 1592 tiran-

2157 1615 2312 1669 nidis
2353 1632 2480 1670 suae
2525 1618 2862 1672 violentiam
2903 1621 3115 1674 minari
3149 1638 3160 1674 :
3197 1638 3332 1676 cum
3371 1629 3613 1693 repente
3669 1625 3833 1680 inter

2154 1703 2404 1766 furentis
2435 1705 2806 1760 blasfemiam
2838 1708 3064 1778 infelix,
3097 1726 3204 1779 per
3234 1716 3526 1766 secretam
3549 1717 3826 1769 naturam

2153 1791 2308 1845 fusis
2340 1794 2697 1862 visceribus,
2737 1795 3078 1866 Deijudicio
3107 1813 3438 1868 percussus
3467 1801 3704 1871 interiit,
3733 1819 3830 1858 se-

2153 1881 2468 1952 pultusque
2500 1887 2593 1936 est
2621 1885 2826 1952 procul
2852 1885 2925 1938 ab
2949 1887 3093 1940 urbe
3113 1887 3280 1957 juxta
3308 1890 3462 1942 viam
3498 1891 3822 1960 publicam,

2151 1969 2254 2022 ubi
2284 1986 2394 2024 nec
2427 1976 2694 2026 mortuus
2719 1977 2940 2042 partem
2965 1991 3094 2028 cum
3128 1976 3406 2031 fidelibus
3439 1978 3657 2034 habere
3689 1996 3822 2034 me-

2151 2057 2392 2113 ruisset.
2411 2059 2596 2113 Porro
2619 2062 2933 2116 manifesto
2947 2064 3162 2118 divinae
3175 2065 3710 2122 animadversionis
3725 2069 3826 2140 ju-

2147 2146 2321 2214 dicio,
2359 2151 2513 2201 terra
2535 2165 2652 2218 quo
2677 2151 3183 2219 sepulturzelocus
3205 2154 3592 2223 ambiebatur,
3621 2158 3822 2212 tribus

2147 2249 2252 2303 per
2275 2236 2586 2290 circuitum
2621 2239 2839 2293 cubitis
2868 2240 2940 2293 ab
2991 2240 3107 2294 imo
3144 2243 3220 2295 ita
3256 2244 3500 2313 exarsit,
3522 2245 3600 2299 ub
3622 2247 3696 2300 ab
3718 2262 3818 2300 oc-

2148 2323 2322 2377 cultis
2352 2326 2930 2382 meatibusincendio
2961 2331 3184 2384 emisso
3226 2331 3554 2399 fatisceret;
3588 2340 3645 2389 et
3667 2351 3808 2390 eum

2149 2411 2206 2465 id
2238 2415 2618 2468 cernentibus
2641 2417 2854 2469 mirum
2869 2421 2925 2470 et
2949 2417 3442 2474 formidandidum
3464 2428 3626 2476 esset
3666 2426 3818 2478 illud

2150 2501 2342 2571 magis
2374 2504 2707 2572 stupebant,
2741 2506 2895 2575 quod
2919 2522 3024 2575 per
3067 2507 3382 2562 triennium
3423 2511 3480 2563 in
3529 2527 3678 2584 agro
3710 2513 3818 2568 illo

2150 2605 2250 2642 ros
2290 2595 2388 2644 aut
2415 2591 2610 2660 pluvia
2641 2609 2757 2646 non
2792 2595 3021 2660 cecidit,
3066 2611 3175 2650 nec
3208 2613 3455 2666 gramen
3516 2604 3810 2670 apparuit.

2150 2677 2394 2747 Expleto
2427 2695 2570 2734 vero
2603 2682 2878 2750 triennio,
2914 2699 3047 2736 cum
3078 2686 3170 2737 vir
3192 2687 3294 2738 Dei
3328 2691 3500 2741 nocte
3550 2690 3813 2759 quadam

2145 2781 2254 2834 per
2283 2769 2535 2820 extasim
2585 2771 2641 2822 in
2692 2770 2944 2824 sublime
2977 2778 3300 2841 raperetur,
3335 2775 3480 2828 vidit
3510 2778 3802 2834 miserum

2144 2855 2294 2911 miro
2319 2860 2374 2911 et
2406 2857 2775 2912 formidando
2808 2860 3061 2929 suplicio
3093 2863 3368 2917 cruciari.
3400 2864 3588 2935 Cujus
3647 2873 3814 2922 sorte

2142 2947 2471 3000 miserrima
2503 2951 2892 3016 conpunctus,
2914 2965 3050 3002 mox
3071 2954 3133 3004 ut
3160 2951 3299 3006 inse
3328 2953 3518 3020 rediit,
3552 2958 3813 3026 sumptis

2143 3050 2346 3089 secum
2378 3051 2529 3106 quos
2563 3037 2767 3106 voluit,
2802 3037 2870 3090 ad
2895 3038 3259 3107 sepulturam
3290 3057 3480 3111 usque
3501 3047 3810 3116 pervenit;

2143 3126 2529 3194 expositoque
2564 3126 2836 3192 consilio,
2869 3126 3006 3181 licet
3034 3129 3440 3183 auctoritatem
3470 3145 3589 3185 non
3621 3132 3813 3188 habe-

2140 3216 2249 3281 ret,
2271 3229 2511 3267 servum
2526 3230 2727 3283 unum,
2743 3215 2842 3284 qui
2856 3216 2908 3268 ei
2929 3215 3218 3270 habendis
3233 3218 3445 3271 usibus
3459 3219 3807 3292 inhaeserat,

2142 3317 2358 3354 causas
2381 3302 2640 3356 defuncti
2681 3317 2862 3373 agere
2887 3303 3075 3373 jubel,
3127 3309 3184 3358 et
3214 3309 3275 3359 ut
3305 3306 3644 3376 impositum
3675 3328 3809 3366 mo-

2142 3389 2279 3442 dum
2312 3391 2666 3458 paenitentiae
2690 3409 2795 3462 pro
2827 3409 2898 3446 eo
2931 3393 3058 3461 ipse
3091 3394 3373 3464 expleret,
3409 3396 3540 3451 data
3581 3399 3696 3453 sibi
3727 3401 3809 3455 ab

2143 3478 2420 3548 episcopo
2447 3495 2552 3548 pro
2584 3480 2692 3534 hac
2715 3481 3207 3551 expletione(131)
3233 3483 3520 3538 libertatis
3539 3488 3801 3558 eptione,

368 3567 498 3622 suis
520 3584 698 3639 prepe
721 3571 1084 3639 temporibus
1107 3571 1273 3624 fuere
1293 3573 1712 3642 referentibus,
1741 3575 2027 3645 cognovi-
2059 3609 2108 3669 D
2141 3567 2353 3621 Postea
2384 3583 2526 3622 vero
2560 3569 2733 3623 tellus
2764 3570 2892 3623 visa
2923 3571 3340 3625 estherbidare
3370 3571 3424 3614 93
3445 3614 3463 3628 .

368 3672 522 3726 mus,
556 3659 708 3726 quod
730 3658 1119 3728 progrediens
1135 3660 1204 3712 ad
1223 3661 1512 3730 quendam
1543 3660 1597 3704 93
1621 3663 1878 3717 diocesis
1903 3680 2028 3718 sua;

368 3747 563 3800 locum
594 3762 702 3815 pro
736 3748 1040 3800 sanctione
1073 3748 1520 3817 aacclesiastica,
1549 3768 1680 3804 cum
1713 3752 1904 3805 adhuc
1937 3754 2030 3806 tri-

367 3835 481 3890 bus
512 3835 634 3890 fere
669 3836 905 3889 milibus
937 3836 1008 3888 ab
1048 3837 1191 3890 urbe
1224 3838 1489 3906 distaret,
1517 3841 1570 3892 in
1605 3842 1815 3908 Spiritu
1849 3858 2028 3896 casus

369 3925 463 3979 sui
481 3924 809 3994 periculum
827 3927 1089 3994 agnovit,
1118 3928 1271 3995 quod
1295 3929 1710 3983 comitantibus
1727 3946 1931 3984 secum
1949 3932 2028 3984 in-

365 4013 607 4078 timavit,
645 4013 848 4067 dicens
886 4031 896 4067 :
931 4015 1266 4082 Noveritis,
1301 4015 1514 4085 frates,
1550 4018 1690 4070 haut
1721 4019 1892 4088 longe
1925 4036 2027 4090 pe-

365 4101 678 4156 riculosam
740 4101 909 4155 nobis
956 4101 1187 4156 instare
1235 4104 1487 4158 ruinam.
1521 4104 1628 4158 Cui
1661 4122 1794 4160 cum
1839 4108 2024 4161 comi-

364 4195 576 4258 tantes,
614 4194 673 4244 ut
704 4193 896 4246 locum
943 4192 1321 4261 declinasset,
1374 4200 1719 4250 monerent:
1785 4197 2025 4268 Nequa-

362 4297 548 4354 quam,
585 4282 789 4352 inquit,
824 4282 1054 4336 l'ratres
1080 4283 1216 4350 mei,
1243 4281 1594 4338 voluntatem
1624 4285 1738 4338 Dei
1759 4285 2026 4356 ell'ugere

360 4371 662 4435 debemus,
697 4373 794 4441 qui
811 4372 944 4425 ideo
961 4374 1242 4442 percutit,
1263 4379 1321 4426 ut
1339 4379 1530 4439 sanet,
1569 4374 1798 4428 idcirco
1825 4375 2023 4429 vulne-

356 4467 472 4531 rat,
510 4466 569 4515 ut
591 4461 915 4514 medeatur.
955 4461 1218 4513 Necdum
1251 4463 1429 4515 verba
1491 4464 1906 4532 compleverat,
1967 4469 2022 4518 et

357 4565 496 4605 ecce
530 4550 586 4601 in
619 4563 934 4602 occursum
957 4547 1089 4615 ejus
1124 4549 1212 4601 vir
1243 4551 1481 4618 quidam
1505 4552 1812 4604 mendicus
1842 4553 2020 4605 adve-

359 4640 462 4693 nit.
496 4637 604 4702 Qui
636 4654 767 4691 cum
800 4653 865 4690 se
888 4636 957 4687 ad
992 4637 1365 4690 salutandum
1396 4638 1741 4708 episcopum
1775 4641 2020 4708 pronior

353 4727 722 4792 inclinasset,
759 4727 952 4779 mulus
985 4724 1076 4778 cui
1111 4725 1430 4794 episcopus
1463 4727 1782 4795 insederat,
1819 4744 1892 4782 ex
1915 4745 2015 4782 sa-

352 4815 592 4870 lutantis
625 4820 778 4870 motu
826 4815 1088 4882 territus,
1125 4814 1319 4868 subito
1352 4815 1409 4867 in
1443 4814 1750 4870 diversum
1782 4819 2011 4887 resiliit,

355 4906 412 4957 et
439 4905 666 4959 ruentis
711 4905 858 4958 eliso
891 4919 1082 4972 crure,
1117 4905 1380 4973 apertum
1413 4891 1681 4974 campum
1707 4908 1907 4962 tenuit.
1941 4909 2014 4961 At

352 4992 597 5047 comites
638 4998 900 5047 ruentem
932 4995 1276 5064 episcopum
1321 4993 1703 5064 excipientes,
1757 4997 2012 5067 propriis

351 5081 508 5138 ulnis
541 5081 612 5135 ad
644 5082 848 5136 urbem
870 5082 1226 5154 bajularunt.

417 5171 504 5226 48.
539 5168 676 5240 (46.)
696 5169 1027 5225 Inauditum
1050 5171 1395 5226 miraculum
1417 5187 1598 5242 super
1620 5175 1862 5246 quodam
1880 5193 2013 5248 pre-

2209 3654 2297 3708 49.
2323 3657 2459 3726 (Π.)
2492 3656 2654 3722 Quod
2685 3665 2947 3729 tempore
2978 3659 3153 3731 hujus
3175 3661 3446 3732 templum
3465 3663 3630 3719 beati
3649 3665 3805 3721 Gau-

2133 3744 2329 3816 gerici
2360 3747 2652 3815 inceptum
2672 3753 2784 3814 est,
2803 3754 2861 3800 et
2879 3747 3082 3802 eodem
3105 3765 3257 3803 anno
3277 3750 3444 3806 obiit.
3471 3752 3594 3806 Sub
3613 3754 3799 3826 hujus

2135 3833 2288 3886 beati
2319 3834 2615 3903 pontificis
2634 3835 3036 3904 diebus,anno
3072 3837 3346 3893 videlicet
3378 3841 3800 3898 incarnationis

2136 3921 2365 3976 Domini
2394 3925 2582 3977 nostii
2621 3925 2764 3980 Jesu
2804 3924 3027 3978 Christi
3065 3925 3189 3982 863.
3238 3928 3319 3982 16.
3346 3928 3472 3984 Kal.
3515 3931 3675 4000 Julii,
3701 3933 3798 3987 in-

2133 4014 2362 4080 ceptum
2405 4016 2495 4066 est
2539 4013 2817 4083 templum
2865 4016 3055 4068 sancti
3106 4016 3421 4087 Gaugerici
3471 4019 3794 4091 aedificari,

2131 4101 2288 4171 quod
2318 4105 2522 4171 postea
2554 4101 2875 4157 honorifice
2898 4107 3797 4178 consummatum,sedtempore

2131 4192 2365 4260 quidem
2392 4191 2654 4260 llotradi,
2688 4191 2958 4262 ejusdem
2980 4193 3144 4246 sedis
3175 4194 3248 4247 ab
3272 4195 3402 4264 ipso
3417 4195 3792 4255 Theoderico

2129 4282 2283 4335 tertii
2315 4281 2600 4353 episc0pi,
2629 4283 2687 4334 ut
2730 4281 2788 4334 in
2821 4281 3210 4350 sequentibus
3256 4282 3474 4354 legitur
3503 4287 3576 4353 (c.
3611 4284 3721 4356 61),
3753 4304 3789 4342 a

2129 4367 2487 4424 Normannis
2501 4369 2672 4423 etiam
2696 4385 2828 4423 eum
2853 4371 3083 4424 civitate
3107 4371 3418 4426 insensum
3440 4377 3550 4428 est.
3569 4374 3792 4430 Eodem

2126 4473 2266 4512 vero
2298 4474 2472 4526 anno,
2508 4457 2710 4512 Nonas
2725 4458 3001 4529 Augusti,
3029 4459 3432 4516 Theodericus
3466 4463 3788 4532 episcopus

2123 4546 2197 4600 ad
2220 4547 2756 4600 remunerationem
2769 4562 3020 4601 suorum
3043 4547 3308 4602 laborum
3331 4554 3600 4619 vocatus,
3631 4551 3789 4607 diem

2123 4635 2356 4702 clausit,
2389 4636 2778 4709 sepultusque
2810 4639 2903 4689 est
2931 4637 2990 4688 in
3031 4638 3389 4692 monasterio
3429 4640 3619 4694 sancti
3646 4642 3794 4696 Aut-

2118 4724 2288 4778 berti.
2324 4725 2437 4780 Sed
2470 4730 2731 4796 tempore
2763 4727 2918 4780 tertii
2950 4726 3344 4795 (132)0ttonis
3375 4727 3778 4800 imperatoris,

2119 4816 2231 4869 sub
2286 4815 2561 4869 Fulberto
2639 4815 2909 4887 ejusdem
2955 4815 3119 4869 sedis
3193 4816 3474 4886 episcopo
3541 4819 3788 4874 transla-

2117 4910 2212 4960 tus
2271 4909 2363 4960 est
2417 4907 2476 4960 in
2518 4905 2910 4973 Germaniam,
2967 4905 3122 4958 sicut
3153 4905 3211 4957 in
3260 4905 3652 4974 sequentibus
3684 4908 3772 4962 le-

2118 4995 2300 5067 gitur.

2185 5085 2272 5138 50.
2295 5085 2433 5153 (48.)
2449 5084 2593 5138 Post
2612 5083 2763 5138 hunc
2792 5083 3065 5138 aecclesia
3079 5098 3110 5138 a
3119 5090 3365 5155 pastore
3390 5085 3587 5142 tribus
3608 5087 3785 5143 annis

2121 5191 2257 5230 vaca
2271 5175 2351 5228 vit
2363 5173 2646 5228 Hilduino
2657 5179 2862 5228 contra
2876 5189 3131 5228 canones
3143 5173 3586 5231 instituto.Post
3598 5174 3781 5248 hujus

1651 5291 1766 5351 VA
1777 5292 1948 5353 RIIE
1998 5291 2464 5356 LECTIONES

408 5419 457 5464 9t
480 5420 644 5493 regis
678 5419 728 5476 1.
760 5413 814 5456 οἳ
835 5419 1129 5491 quoddam
1159 5419 1210 5474 1.
1239 5416 1381 5474 93F.
1416 5436 1472 5476 v.
1505 5421 1546 5475 t.
1581 5435 1638 5480 ν.
1672 5437 1724 5478 e.
1757 5420 1814 5476 h.
1849 5426 2056 5476 auctor
2085 5421 2334 5494 scripsit
2364 5421 2426 5474 in
2457 5435 2670 5475 rasura
2703 5418 2949 5474 duarum
2980 5417 3272 5475 linearum
3303 5425 3363 5476 et
3383 5418 3666 5476 dimidiae.

1927 5519 2184 5584 ΝΟΤΛΕ

408 5653 556 5733 (131)
581 5654 624 5714 Ι.
661 5671 714 5712 e.
739 5658 802 5712 ut
825 5655 1248 5730 hoc_expleret.

2179 5652 2328 5730 (132)
2359 5653 2644 5727 Falsum;
2678 5654 2911 5730 primus
2938 5654 3088 5723 fuit;
3121 5653 3197 5711 cf.
3232 5669 3284 5711 c.
3336 5653 3424 5728 79,
