4098 6196
193 307 259 370 57
1569 292 1826 359 LIBER
1855 291 2206 359 PRIMUS.
3537 294 3615 362 58

193 517 477 558 excessum
508 512 628 568 (an.
662 495 786 567 863)
807 498 1079 551 aecclesia
1099 497 1618 552 Uameracensium
1638 512 1823 566 apas-
1855 479 1912 538 Α
1943 497 2117 565 pulse
2150 511 2302 549 anno
2333 495 2643 548 dominicae
2687 494 3114 548 lncarnatienis
3146 495 3271 564 866,
3307 496 3612 552 Jebannes

201 590 343 646 torali
374 589 654 658 regimine
687 603 791 656 per
821 591 943 639 tres
966 587 1202 640 circiter
1231 602 1419 640 annos
1444 586 1693 652 vacavit,
1720 585 1829 638 hac

197 680 394 734 scilicet
423 676 796 730 contentione
831 674 1028 728 habita
1062 676 1214 728 inter
1239 675 1618 728 Hincmarum
1639 673 1830 726 archi-

195 771 506 838 episcopum
539 769 596 818 et
626 765 1040 832 imperatorem
1073 763 1223 832 (133)
1253 763 1616 817 Lotharium.
1645 763 1834 831 Siqui-

196 858 308 910 dem
335 855 645 923 imperator
673 851 905 904 cuidam
941 852 1159 905 clerico
1191 853 1515 906 Guntberte
1548 851 1835 920 episcepii

197 943 406 998 contulit
448 941 812 1012 digntatem;
855 940 962 994 sed
1002 941 1492 1010 archiepiscopus
1533 955 1664 992 cum
1707 939 1834 992 suis

195 1029 543 1101 cmpiscepis,
569 1029 681 1083 hoc
714 1028 841 1082 fieri
865 1030 1070 1082 contra
1102 1044 1318 1082 sacres
1343 1043 1601 1081 canones
1632 1027 1838 1080 adver-

194 1126 321 1186 tens,
337 1134 462 1172 cum
476 1117 636 1171 omni
650 1117 994 1171 auctoritate
1013 1118 1351 1188 refragatus
1366 1117 1835 1185 est,cunetisque

195 1209 359 1278 ipsius
377 1205 670 1260 aacclesiae
693 1206 928 1260 clericis
946 1222 1014 1259 ac
1033 1205 1318 1259 militibus
1339 1205 1451 1259 sub
1471 1205 1836 1258 anathemate

195 1296 479 1362 interdixit,
519 1309 591 1348 ne
624 1295 760 1364 quis
793 1309 998 1350 eorum
1021 1311 1155 1346 cum
1185 1293 1448 1347 adultero
1481 1299 1716 1364 pastore
1744 1293 1834 1345 ul-

193 1385 292 1439 lum
312 1398 624 1437 assensum
655 1388 751 1436 aut
777 1383 1225 1436 familiaritatem
1256 1383 1474 1436 habere
1520 1385 1785 1451 putasset
1819 1397 1833 1449 ;

194 1474 597 1526 usuml'ructum
644 1486 785 1524 vere
815 1475 1027 1538 terrae,
1081 1472 1236 1540 quod
1281 1471 1658 1540 imperatoris
1689 1474 1832 1537 erat,

196 1561 561 1614 tantummodo
609 1561 1065 1613 cemmodareat.
1111 1560 1301 1622 Quare
1329 1576 1445 1613 non
1489 1559 1589 1613 diu
1639 1575 1836 1612 mora-

1947 589 2169 638 sanctae
2211 585 2508 637 memoriae
2533 585 2852 652 episcopus
2883 599 2915 635 a
2949 583 3229 638 Letharie
3260 585 3506 653 minore,
3541 587 3612 641 ﬁ-

1947 675 2022 726 lio
2056 671 2314 725 Letharii
2349 672 2740 742 imperatoris,
2777 672 3208 740 praeerdinante
3240 674 3437 728 divina
3470 691 3612 745 gra-

1945 762 2043 826 tia,
2083 761 2483 815 substituitur.
2512 762 2617 814 Hic
2653 765 2846 814 autem
2879 761 3042 831 regia
3068 761 3124 812 in
3177 763 3307 814 aula
3359 764 3612 818 nutritus

1947 852 2205 903 cantoris
2239 850 2436 904 efﬁcio
2471 851 2846 920 fungebatur.
2884 849 3079 918 Hujus
3107 850 3263 902 enim
3287 851 3343 902 in
3396 868 3608 920 supcr-

1947 939 2077 992 ficie
2110 939 2432 1007 sepulturae
2464 939 2575 992 tale
2608 939 2894 1008 scriptum
2927 941 3154 991 canstat
3202 939 3478 993 marmori
3514 955 3613 992 ca-

1949 1031 2210 1080 raxatum
2242 1027 2414 1094 (134).

1949 1116 2171 1186 Regum
2204 1115 2513 1186 magniﬁca
2543 1116 2772 1170 fueram
2805 1117 3069 1170 nutritus
3101 1118 3161 1169 in
3193 1117 3343 1171 aula.

2019 1205 2085 1257 In
2119 1223 2226 1276 qua
2250 1207 2513 1258 cantoris
2545 1207 2775 1259 nomine
2808 1205 3044 1258 functus
3075 1222 3256 1260 eram.

1947 1295 2080 1348 Non
2107 1295 2373 1364 prepriis
2395 1295 2649 1359 meritis,
2695 1294 2816 1347 sola
2844 1295 3072 1364 pietate
3112 1295 3412 1364 Tonantis,

2019 1384 2295 1436 Antistes
2327 1385 2441 1437 ista
2476 1383 2670 1437 factus
2701 1383 2761 1435 in
2795 1383 2943 1436 urbe
2974 1382 3096 1451 fui;

1952 1471 2130 1536 Quam
2155 1478 2468 1542 prcstante
2493 1472 2612 1525 Deo
2641 1473 2838 1524 monui
2869 1477 3284 1542 contempnere
3315 1489 3556 1543 semper

2020 1560 2348 1614 Illecebras
2378 1561 2600 1627 mundi,
2631 1560 2848 1630 gaudia
2887 1576 3026 1613 vera
3051 1562 3237 1631 sequi.

196 1655 292 1717 tus,
329 1649 547 1702 invitus
585 1649 874 1702 abcessit.
917 1649 1139 1702 Dehinc
1188 1664 1329 1702 vero
1361 1650 1678 1717 imperator
1704 1648 1834 1701 Tet-
1865 1621 1916 1681 Β
1947 1649 2118 1704 Nunc
2151 1655 2342 1701 autem
2375 1648 2531 1702 facta
2580 1649 2895 1719 carnisque
2925 1650 3245 1720 animmque
3289 1650 3609 1720 dirempta,

196 1737 402 1791 boldum
430 1737 731 1807 quendam
763 1737 1043 1790 clericum
1067 1738 1404 1801 intromisit;
1440 1738 1546 1791 sed
1567 1737 1837 1789 similiter

194 1843 246 1880 ea
268 1826 634 1880 contentione
668 1826 1008 1892 frustratus,
1037 1825 1440 1879 exivit.’l‘ertio
1456 1840 1690 1895 quoque
1707 1825 1834 1877 Hil-

195 1915 424 1981 duinum,
461 1930 643 1968 suum
676 1917 990 1984 cognatum
1025 1914 1130 1967 sed
1163 1918 1219 1968 et
1243 1931 1415 1967 suum
1449 1914 1832 1984 capellanum,

192 2005 286 2074 ipsi
315 2003 609 2057 aacclesiw
635 2004 918 2072 perlicere
949 2002 1278 2071 estimavit;
1313 2004 1416 2056 sed
1451 2004 1584 2073 quia
1636 2007 1837 2055 contra

193 2094 358 2162 legem
388 2093 735 2146 canonicam
764 2093 908 2157 erat,
933 2091 1286 2144 Hincmarus
1306 2106 1540 2161 quoque
1563 2091 1837 2144 benedic-

194 2181 382 2234 tionem
397 2196 534 2233 cum
567 2181 723 2233 omni
754 2180 967 2233 virtute
985 2180 1242 2250 negavit.
1280 2180 1386 2233 His
1419 2195 1563 2250 ergo
1595 2180 1670 2232 ita
1703 2196 1834 2233 cen-

190 2269 563 2330 tendentibus.
602 2268 882 2322 mcclesia
916 2268 1193 2337 pastorali
1226 2268 1514 2339 regimine
1556 2269 1832 2322 destituta

192 2356 649 2410 labefactabatur.
663 2356 1159 2410 UndeNichelaus
1172 2373 1322 2426 papa
1338 2358 1600 2427 graviter
1616 2360 1830 2425 metus,

190 2459 309 2513 sepe
340 2445 709 2498 Letharium.
737 2445 913 2498 immo
946 2461 1182 2514 quoque
1226 2445 1627 2512 Hincmarum,
1663 2445 1833 2514 quasi

193 2534 417 2602 superid
442 2534 669 2603 negotii
691 2534 1091 2604 negligentem
1109 2541 1164 2587 et
1187 2534 1572 2602 incuriosum,
1593 2534 1834 2586 directis

191 2622 430 2688 epistolis
446 2622 870 2675 succensebat.
890 2622 1017 2675 Huc
1033 2624 1227 2692 itaque
1247 2623 1470 2676 litteras
1492 2621 1836 2692 hujusmedi

192 2710 249 2761 ad
276 2710 528 2763 nicolum
561 2726 770 2780 papam
799 2711 1094 2765 direxisse
1129 2712 1482 2780 reperimus,
1508 2709 1729 2781 [(Ιθιιοο.
1752 2729 1830 2779 ιιι,

193 2795 338 2866 11)·
373 2800 625 2852 Domine
677 2799 847 2852 unice
894 2800 1397 2870 singulariterque
1448 2800 1832 2870 suscipende,

193 2891 391 2953 patrum
414 2889 570 2956 patri
594 2892 648 2940 et
667 2903 897 2940 summa
920 2888 1356 2941 venerationem
1370 2888 1733 2956 honorande,
1753 2906 1836 2942 re-

2019 1738 2280 1808 Septima
2308 1743 2440 1806 post
2473 1743 2644 1790 sexta
2679 1735 2926 1789 sabbata
2957 1737 3107 1804 (135)
3138 1737 3404 1807 per/icio,

1947 1828 2142 1880 Donec
2173 1827 2232 1879 in
2256 1826 2514 1879 adventu
2549 1825 2784 1879 Christi
2811 1841 2914 1877 sua
2949 1825 3211 1878 membra
3244 1833 3509 1880 resumat

2018 1916 2302 1985 Spiritus,
2347 1921 2472 1967 ecta
2489 1931 2550 1967 va
2571 1915 2698 1983 jam
2730 1913 3008 1966 radiante
3049 1914 3168 1967 die.

1950 2004 2060 2068 Qui
2090 2004 2243 2073 legis
2273 2004 2384 2056 huc
2419 2003 2675 2071 titulum,
2703 2001 2918 2070 frater,
2978 2002 3243 2056 subsiste
3269 2020 3610 2076 parumper,

2018 2093 2097 2145 Et
2128 2093 2243 2160 die,
2277 2099 2562 2146 arternam
2592 2107 2942 2160 promerear
2973 2093 3258 2162 requiem.

2017 2179 2268 2252 [52).(50)
2293 2180 2466 2234 Faen.
2495 2180 2590 2247 Ill,
2615 2178 2705 2246 21)
2744 2179 2906 2243 Quod
2920 2179 3222 2234 Johannes
3251 2181 3614 2236 ordinatiem

1947 2268 2203 2323 Bertulli
2219 2270 2478 2339 episcopi
2492 2268 2790 2322 interfuit.
2817 2269 2984 2321 Hunc
3008 2269 3066 2321 in
3086 2269 3454 2325 ordinatione
3473 2271 3613 2325 Ber-

1947 2358 2070 2411 tulti
2101 2357 2476 2410 Trevircnsis
2499 2357 2935 2424 archiepiscopi
2955 2358 3313 2410 venerabilis
3330 2359 3612 2412 Hincma-

1947 2463 2071 2513 rus,
2105 2445 2280 2515 cujus
2315 2446 2485 2513 paulo
2517 2448 2650 2497 ante
2684 2446 3039 2498 mentionem
3075 2445 3346 2512 fecimus,
3381 2462 3456 2500 ex
3483 2446 3614 2516 jus-

1947 2534 2335 2588 sieneKareli
2372 2534 2559 2604 regis,
2621 2548 2752 2586 cum
2817 2533 3134 2587 Hinemare
3193 2534 3612 2589 Laudunensis

1946 2623 2226 2692 cpiscepo
2259 2621 2528 2676 etOdone
2547 2621 2893 2674 Belvacensi
2920 2621 2990 2673 ad
3015 2622 3353 2689 petitionem
3391 2623 3616 2682 Adven-

1945 2713 2008 2764 tii
2040 2712 2345 2764 Mcttensis
2374 2707 2427 2749 9t
2469 2713 2524 2763 et
2575 2710 2797 2762 Arnulfi
2847 2710 3148 2763 Tuilensis
3201 2712 3616 2781 episcoporum

1945 2800 2217 2871 ejusdem
2249 2799 2630 2852 'l‘revirensis
2655 2799 2968 2852 dioceseos
2992 2798 3252 2867 miserat,
3280 2800 3612 2855 informans

1946 2905 2086 2955 eos,
2109 2888 2402 2958 quomodo
2429 2887 2483 2939 id
2515 2887 2624 2939 rite
2646 2886 3029 2940 licrideberet
3061 2888 3342 2941 canonica
3373 2893 3615 2958 aposte-

189 2977 589 3030 verentissime
620 2991 788 3045 papae
849 2975 1152 3044 Nichelae,
1189 2977 1544 3032 Hincmarus
1578 2977 1830 3045 nomine,
1868 2977 1915 3036 Ο
1945 2977 2174 3047 licaquc
2205 2975 2570 3042 auctoritate,
2607 2978 2666 3027 ut
2697 2975 2888 3027 sacris
2943 2974 3170 3045 regulis
3203 2977 3359 3030 nulla
3392 2982 3489 3030 aut
3511 2994 3615 3031 ne-

189 3078 289 3117 nen
306 3065 527 3134 merito,
558 3066 876 3119 Remorum
903 3066 1220 3136 episcopus
1235 3082 1301 3118 ac
1315 3066 1506 3134 plebis
1530 3067 1630 3120 Dei
1652 3065 1837 3120 famu-

187 3151 283 3206 lus.
307 3153 365 3206 ln
382 3154 640 3223 epistola
659 3158 876 3207 vestrae
893 3155 1243 3224 sanctitatis,
1268 3170 1376 3224 per
1393 3155 1653 3209 Odonem
1673 3156 1834 3224 epis-

189 3255 376 3310 cepum
414 3242 726 3312 episcopis
759 3243 816 3295 in
850 3257 1035 3312 regno
1069 3242 1329 3296 Letharii
1365 3259 1470 3313 pro
1502 3243 1835 3314 prejudicio

186 3327 625 3385 Cameracensis
647 3331 940 3384 aacclesiae
963 3331 1203 3399 directa,
1221 3333 1405 3403 relegi
1426 3335 1681 3385 vestram
1699 3348 1836 3386 auc-

187 3419 456 3472 toritatem
487 3420 933 3473 sciscitaturam
965 3422 1141 3490 cujus
1173 3420 1448 3490 neglectu
1479 3421 1684 3474 eadem
1716 3437 1836 3474 aec-

187 3505 345 3560 clesia
385 3507 540 3560 ultra
607 3507 900 3560 decimum
939 3523 1204 3562 mensem
1256 3513 1493 3578 pastore
1545 3512 1838 3564 vacaret?

187 3593 332 3648 L'ude
365 3602 424 3649 ut
457 3611 581 3650 non
615 3595 929 3666 negligens
975 3613 1006 3648 a
1040 3601 1240 3651 vestro
1296 3597 1627 3666 apostelatu
1695 3615 1838 3652 suc-

187 3697 435 3752 censear,
489 3684 724 3754 judico,
767 3686 1096 3738 auctoritati
1130 3689 1346 3740 vestrm
1403 3689 1537 3754 post
1584 3687 1840 3741 directas

187 3771 462 3826 llletharie
506 3777 565 3826 et
607 3773 908 3842 episcepis
940 3775 1107 3846 regni
1140 3774 1274 3845 ejus
1311 3779 1483 3845 atque
1541 3776 1838 3845 llilduino,

188 3862 271 3928 qui
300 3862 550 3916 eandem
587 3861 903 3915 ecclesiam
927 3863 1345 3932 inregulariter
1375 3865 1704 3934 occupavit,
1767 3866 1842 3918 ita

185 3954 235 4000 ut
263 3956 388 4005 ante
418 3967 604 4022 quam
651 3951 818 4021 ipsas
850 3952 1154 4004 mitteretis
1188 3953 1490 4021 epistolas,
1553 3953 1838 4007 hactenus

181 4039 560 4109 prejudicium
591 4055 938 4109 permanere
961 4057 974 4108 ;
1009 4056 1220 4111 meque
1244 4041 1584 4096 Letharium
1604 4058 1833 4114 regem,

183 4133 230 4181 et
257 4130 466 4200 legatis
520 4132 578 4184 et
613 4129 842 4194 litteris,
874 4134 1048 4199 prent
1076 4131 1257 4200 potui,
1293 4147 1453 4200 saepe
1487 4135 1544 4185 et
1575 4147 1839 4202 eousque

1946 3067 2229 3138 gligentia
2269 3069 2366 3117 aut
2395 3063 2838 3132 presumptiene
2871 3063 2930 3115 in
2961 3063 3154 3132 alique
3204 3065 3604 3120 discederent.

2015 3154 2102 3208 53.
2124 3153 2237 3223 (51)
2268 3153 2444 3206 an.
2473 3152 2569 3219 Ill,
2614 3151 2702 3218 ‘23)
2745 3150 3013 3204 Plurima
3045 3152 3270 3222 scripta
3306 3152 3618 3207 Hincmari

1949 3243 2384 3312 archiepiscopi
2433 3241 2506 3294 ad
2547 3240 2814 3293 domuum
2848 3239 3190 3293 Johannem.
3231 3241 3403 3310 Huic,
3440 3243 3494 3295 id
3525 3247 3618 3295 est

1950 3334 2162 3387 domne
2194 3327 2899 3395 JehanniCameracensi,
2934 3328 3152 3397 petenti
3191 3331 3615 3384 commendati-

1949 3423 2061 3475 tias
2085 3421 2210 3474 dari
2243 3419 2356 3472 sibi
2395 3419 2638 3471 Romam
2670 3416 3072 3484 proficiscenti
3108 3416 3356 3485 litterae,
3401 3435 3473 3472 ex
3505 3435 3615 3474 ne-

1950 3511 2105 3564 mine
2137 3509 2333 3562 demni
2387 3505 2685 3559 Hincmari
2718 3505 2976 3558 Adriano
3027 3521 3194 3575 papa;
3261 3505 3614 3578 offerendas,

1954 3598 2232 3652 rescribit
2274 3613 2285 3651 :
2321 3596 2478 3668 quod
2515 3595 2566 3648 si
2611 3593 2952 3647 redditurus
2987 3593 3365 3664 obsequium,
3406 3598 3619 3651 cessari

1957 3690 2202 3742 Romam
2233 3687 2372 3739 velit
2403 3686 2479 3738 ita
2509 3698 2783 3754 pergere,
2822 3686 2882 3736 ut
2913 3682 3201 3754 obsequio
3249 3684 3369 3739 Dee
3420 3685 3616 3740 debito

1956 3776 2201 3830 caesaris
2217 3772 2576 3828 contrarium
2590 3787 2708 3825 non
2723 3774 2885 3825 esset
2906 3772 3277 3842 obsequium,
3305 3774 3620 3830 canenicas

1955 3863 2276 3919 libenterei
2311 3863 2538 3916 litteras
2571 3861 2894 3928 tribueret;
2942 3861 3036 3914 sin
3067 3864 3260 3915 autem
3304 3878 3408 3932 pro
3440 3879 3620 3918 causa

1957 3953 2221 4009 Letharii
2255 3952 2581 4020 resis,quze
2601 3949 2754 4003 inter
2785 3965 2917 4003 eum
2949 3953 3006 4003 et
3035 3950 3226 4019 ipsius
3259 3967 3500 4005 uxorem
3521 3952 3620 4006 diu

1958 4043 2230 4097 ventilata
2249 4042 2460 4106 fuerat,
2478 4038 2755 4110 quoniam
2775 4039 3340 4093 commmandatitias
3364 4039 3419 4092 in
3436 4041 3544 4094 hac
3559 4057 3622 4096 re

1958 4132 2340 4187 darclitlcras
2363 4145 2479 4183 non
2512 4127 2766 4195 valebat,
2801 4126 3305 4196 reprehensibiles
3336 4129 3475 4183 dare
3507 4145 3626 4185 non

182 4216 300 4270 inde
332 4219 804 4287 commonuisse,
838 4218 1025 4273 donec
1061 4218 1244 4290 regiis
1270 4221 1398 4273 suis
1430 4220 1644 4274 litteris
1695 4221 1841 4274 mihi
1873 4226 1925 4286 D
1959 4223 2186 4289 audeat,
2233 4219 2368 4289 quia
2415 4233 2523 4270 nec
2583 4217 2793 4269 debeat
2828 4231 2838 4269 :
2875 4217 3188 4283 presertim
3248 4232 3379 4270 eum
3438 4234 3626 4286 nuper

183 4309 479 4376 respondit
536 4323 548 4362 :
599 4307 940 4360 llilduinum
995 4308 1066 4360 ad
1126 4312 1382 4362 vestram
1440 4311 1841 4364 auctoritatem

187 4410 340 4448 suum
372 4398 641 4467 legatum
673 4397 936 4466 misisse,
969 4401 1025 4451 et
1055 4397 1199 4451 nihil
1234 4399 1400 4452 aliter
1415 4399 1486 4452 de
1505 4399 1841 4467 prefataec-

185 4483 369 4555 clesia,
408 4487 533 4540 nisi
569 4489 631 4539 ut
673 4490 895 4557 egerat,
922 4486 1238 4555 disponere
1262 4487 1566 4555 debuisse,
1593 4488 1779 4542 donec
1811 4505 1842 4540 a

185 4573 338 4626 vobis
369 4575 511 4628 inde
547 4589 904 4644 responsum
934 4575 1252 4644 acciperet.
1293 4597 1313 4622 ιι

244 4663 325 4717 51.
374 4664 494 4732 (49)
556 4663 870 4716 Hildumus
901 4663 1241 4734 expellitur,
1277 4671 1516 4718 sanctus
1547 4665 1846 4719 Joliannes

187 4752 556 4824 subrogatur.
594 4752 790 4823 Itaque
822 4753 1159 4821 supradicta
1193 4753 1487 4807 contentio
1537 4753 1690 4807 inter
1738 4755 1843 4806 im-

191 4845 505 4908 peraterem
571 4845 628 4895 et
671 4842 1190 4911 archiepiscopum
1245 4843 1464 4896 tamdiu
1519 4844 1837 4913 processit,

192 4929 353 4985 donec
388 4933 751 5000 imperatore
796 4931 1075 4986 Letharie
1125 4937 1374 5003 mortuo,
1428 4933 1704 4988 Hilduine
1735 4949 1843 4988 ex-

1959 4310 2232 4365 deminus
2266 4306 2568 4360 Adrianus
2599 4304 2830 4357 litteras
2879 4303 2930 4356 ei
2964 4319 3090 4356 suae
3122 4305 3487 4358 auctoritatis
3520 4322 3626 4374 per

1959 4398 2279 4454 Actardum
2331 4395 2791 4448 Namnelensem
2851 4392 3196 4461 episcopum
3257 4393 3504 4463 miserit,
3565 4394 3625 4448 in

1958 4487 2176 4560 quibus
2236 4482 2663 4555 signiﬁcaverit
2723 4495 2789 4533 se
2831 4481 3168 4551 certamina,
3257 4498 3388 4553 quae
3447 4483 3624 4538 sedes

1957 4575 2278 4648 apostolica
2308 4588 2414 4643 per
2454 4574 2872 4624 antecessores
2928 4586 3073 4624 suos
3131 4571 3512 4626 Benedictum
3570 4577 3627 4626 et

1961 4665 2273 4720 Nicholum
2309 4663 2366 4714 in
2399 4661 2507 4714 hac
2539 4675 2720 4713 causa
2751 4662 3098 4726 certaverat,
3142 4662 3333 4730 sequi;
3379 4675 3624 4714 monens

1959 4772 2112 4824 eum,
2147 4758 2209 4806 ut
2239 4751 2394 4822 quod
2425 4749 2734 4818 superhoc
2757 4749 2993 4820 negotio
3025 4753 3260 4819 gestum
3302 4753 3410 4817 est,
3433 4748 3626 4802 nulla-

1957 4851 2132 4900 tenus
2165 4840 2436 4896 enervari
2485 4839 2852 4900 consentiat;
2912 4839 3326 4906 intimansque,
3376 4837 3628 4908 qualiter

1959 4931 2460 4989 excemmunicata
2478 4928 2652 4984 fuerit
2676 4926 3018 4982 V‘Valdrada.
3053 4926 3228 4982 Addit
3259 4927 3452 4996 etiam,
3468 4927 3628 4998 quod

1494 5065 1786 5128 VARl/E
1832 5063 2321 5129 LECTIONES.

252 5168 298 5210 9*
321 5172 504 5228 lineae
537 5171 970 5244 superscripsit
990 5171 1118 5245 ipse
1149 5178 1371 5229 auctor.

1769 5263 2048 5330 NOTAE.

253 5397 391 5467 (133)
426 5398 608 5470 Errat
637 5401 863 5470 noster,
891 5397 1166 5470 Letharie
1186 5399 1521 5467 imperatori
1546 5400 1842 5470 imputans

201 5482 311 5542 qua
340 5472 477 5541 ejus
497 5469 1005 5542 tiliusLetharius
1020 5469 1212 5524 minor
1234 5486 1342 5523 rex
1363 5471 1503 5542 egit.
1530 5469 1851 5540 Imperator

198 5540 351 5605 enim,
375 5538 506 5612 jam
541 5557 595 5594 a.
629 5538 734 5594 855
778 5539 1116 5610 defunctus,
1151 5557 1268 5596 non
1285 5538 1476 5612 potuit
1525 5538 1850 5597 successo-

200 5626 306 5664 rem
325 5613 465 5667 dare
513 5612 909 5681 Theoderico,
937 5628 1112 5683 quem
1151 5612 1309 5667 a863
1351 5613 1584 5667 demum
1625 5614 1852 5668 ebiisse

203 5689 432 5738 constat.
466 5683 680 5757 Neque
711 5684 939 5742 litteras
984 5684 1176 5742 eidem
1219 5685 1558 5758 imperatori
1587 5685 1844 5759 dirigere

1953 5400 2139 5471 potuit
2170 5395 2477 5471 Nicelaus,
2513 5412 2564 5451 a.
2600 5393 2837 5471 demum
2865 5394 2970 5452 858
3003 5410 3152 5466 papa
3172 5395 3440 5468 creatus.
3461 5393 3632 5454 Erro-

1959 5468 2086 5526 rem
2111 5470 2235 5541 jam
2268 5470 2491 5526 notavit
2522 5468 2932 5524 Celvenerius.

2033 5542 2183 5610 (134)
2215 5541 2258 5594 Ι.
2293 5560 2344 5597 e.
2379 5541 2751 5608 inscriptum.

2035 5615 2185 5686 (135)
2215 5614 2255 5668 Ι.
2291 5631 2348 5685 q.
2375 5612 2518 5666 feria
2537 5627 2551 5682 ;
2573 5611 2650 5664 ef.
2677 5611 2980 5684 Ducange.
