4098 6196
427 261 508 327 59
768 290 773 291 ί
1283 263 1556 326 GESTA
1594 261 2124 327 PONTIFICUM
2168 260 2933 326 CAMERACENSIUM.
3735 256 3817 321 60

405 462 536 517 sine
558 462 803 517 consilio
824 463 1314 534 coepiscoporum
1331 463 1557 518 litteras
1576 464 1629 519 ei
1652 463 2061 530 demissorias,
2094 444 2152 505 Α
2183 464 2372 517 tantes
2398 462 2468 517 de
2500 462 2604 516 Dei
2629 477 2827 516 amore
2858 460 2953 515 vel
2993 462 3213 516 aeterna
3241 461 3397 516 bona
3438 460 3845 530 retributione,

404 550 654 605 maxime
699 567 806 621 pro
856 568 918 605 re
967 553 1224 621 incerta,
1279 552 1419 606 dare
1465 554 1755 623 nequiret.
1806 552 1948 607 Item
1995 552 2066 606 de

403 639 564 693 obitu
594 640 879 709 Lotharii,
915 641 1257 709 exhortans,
1292 644 1353 694 ut
1385 640 1516 695 sine
1549 641 1827 696 dilatione
1861 641 1931 695 ad
1964 640 2070 694 Ka-

402 727 593 782 rolum
626 743 832 798 regem
868 730 1082 783 veniat.
1132 729 1275 783 Item
1314 746 1420 800 pro
1452 731 1706 801 quodam
1737 730 2067 799 presbitero

400 816 856 870 Cameracensis
890 818 1212 888 parochiaa,
1238 819 1340 889 qui
1362 834 1430 873 se
1460 819 1656 888 ipsum
1686 820 2064 885 castraverat,

402 904 698 975 frequenti
746 907 1004 961 monitus
1057 907 1116 960 id
1166 923 1344 978 agere
1389 907 1747 974 visitatione,
1790 907 2067 961 nesciens

402 993 542 1062 quid
589 994 722 1048 inde
772 995 929 1047 sacri
973 996 1359 1049 decernerent
1392 1011 1685 1061 canones;
1721 995 2067 1049 consilium-

314 1112 315 1115 η
401 1096 516 1152 que
548 1082 895 1152 admonens,
947 1086 1009 1137 ut
1060 1083 1374 1155 diligenter
1404 1084 1812 1155 investigetur,
1848 1084 2067 1153 quibus

402 1171 480 1224 sit
510 1171 700 1225 modis
731 1173 1081 1239 admissum,
1133 1175 1189 1226 et
1229 1170 1462 1226 inte'rim
1504 1188 1610 1241 per
1641 1172 2067 1244 indulgentiam

400 1261 695 1329 presbiter
723 1260 877 1314 idem
907 1264 1138 1314 maneat
1160 1260 1219 1313 in
1242 1260 1447 1314 ordine
1470 1276 1600 1329 suo,
1633 1261 1820 1314 donec
1842 1261 1902 1313 in
1924 1275 2065 1329 pro-

400 1349 636 1403 vinciali
667 1350 897 1418 sinodo,
932 1349 1071 1419 quid
1108 1349 1322 1403 exinde
1355 1349 1671 1403 tenendum
1702 1349 1779 1403 sit
1801 1350 2064 1402 invenia-

399 1440 515 1506 tur,
567 1438 722 1507 quod
772 1452 881 1491 nec
930 1437 1226 1506 preceptis
1277 1437 1643 1508 evangelicis
1681 1438 2058 1505 contrarium,

2180 567 2287 621 pro
2319 552 2645 605 animarum
2674 552 3009 605 nostrarum
3058 551 3317 604 remenio
3352 565 3457 603 seu
3491 565 3599 618 pro
3655 550 3847 604 anima

2178 641 2377 694 domni
2407 656 2474 693 ac
2506 639 2763 693 senioris
2788 640 2975 692 nostri
3018 638 3302 709 johanuis
3334 638 3849 692 Cameracensium

2176 728 2464 798 episcopi,
2499 728 2730 798 aliquas
2752 743 2851 781 res
2885 731 3144 795 nostras,
3180 743 3330 797 quas
3372 728 3499 797 ipse
3521 727 3592 780 ad
3626 727 3737 781 hoc
3760 728 3849 781 fa—

2179 818 2455 871 ciendum
2495 817 2670 871 nobis
2725 817 2943 870 donare
2990 816 3267 886 dignatus
3318 820 3428 883 est,
3492 819 3550 870 et
3580 831 3729 885 quas
3766 817 3846 869 illi

2176 906 2430 960 domnus
2463 907 2782 974 imperator
2810 905 3127 958 Lotharius
3159 921 3265 974 per
3287 920 3456 958 suam
3486 904 3844 973 ,.misericor-

2174 994 2329 1048 diam
2361 997 2418 1048 et
2440 1010 2547 1064 per
2576 1010 2749 1049 suum
2770 997 3118 1064 preceptum
3150 994 3209 1046 in
3226 992 3331 1063 jus
3354 992 3660 1062 proprium
3689 992 3849 1047 dedit

2177 1099 2313 1153 quae
2342 1083 2634 1138 habentur
2662 1085 2720 1136 in
2762 1099 2915 1154 pago
2951 1082 3400 1150 Condrostinse,
3437 1082 3726 1136 donamus
3761 1084 3847 1134 at-

2176 1172 2816 1243 queltransfundimus
2861 1171 2932 1224 ad
2989 1174 3216 1241 partem
3271 1170 3567 1225 secelesiae
3624 1172 3850 1225 sanctae

2176 1259 2281 1313 Dei
2333 1260 2640 1330 genitricis
2699 1259 2921 1327 Mariae,
2972 1259 3075 1313 ubi
3119 1258 3424 1329 jamdictis
3482 1259 3848 1313 venerabilis

2176 1349 2442 1419 qontifex
2473 1348 2726 1402 domnus
2757 1348 3062 1402 Johannes
3090 1348 3398 1417 prcsidere
3431 1347 3683 1402 videtur.
3719 1347 3849 1401 Hoc

2176 1441 2313 1492 est:
2348 1438 2406 1491 in
2467 1439 2600 1491 vico
2652 1438 2803 1491 Heio
2848 1436 3016 1506 (137),
3061 1452 3243 1506 super
3289 1436 3531 1490 ﬂuvium
3575 1435 3849 1506 ejusdem

399 1541 506 1579 nec
526 1525 782 1579 decretis
806 1516 1146 1580 sanctorum
1168 1526 1538 1596 repperiatur
1555 1527 1895 1581 adversum.
1920 1527 2061 1581 Item
2095 1563 2145 1623 Β
2178 1526 2435 1581 nominis
2470 1527 2639 1596 Heio,
2667 1526 3073 1580 aacclssiamin
3106 1524 3331 1580 honore
3354 1528 3576 1579 sanctae
3604 1524 3709 1578 Dei
3746 1540 3849 1595 ge-

399 1614 723 1685 gratiarum
774 1614 1045 1669 referens
1092 1616 1356 1671 actiones
1399 1631 1504 1685 pro
1548 1617 1856 1671 beneﬁciis
1899 1632 2060 1685 saepe

397 1706 512 1759 sibi
545 1705 618 1759 ab
652 1721 721 1760 eo
754 1705 1064 1775 impensis,
1088 1710 1318 1776 petens,
1343 1707 1406 1759 ut
1435 1706 1695 1776 requirat
1725 1721 2060 1760 sermonem
2115 1728 2127 1739 -

2176 1616 2406 1669 nitricis
2436 1615 2664 1679 Mariae,
2694 1630 2969 1668 mansum
3000 1614 3429 1669 dominicatum
3451 1630 3581 1667 cum
3602 1612 3854 1667 castitiis

2174 1702 2321 1771 (138)
2380 1704 2452 1756 ad
2485 1720 2657 1773 quem
2690 1702 2984 1772 aspiciunt
3026 1703 3098 1756 de
3131 1704 3288 1756 terra
3321 1702 3527 1755 arabili
3559 1700 3851 1755 bunuaria

396 1794 586 1848 sancti
626 1794 945 1863 Augustini
986 1795 1058 1848 de
1103 1794 1275 1863 lapsu
1325 1794 1598 1848 monachi
1641 1798 1697 1848 et
1729 1793 1957 1863 viduae,
1992 1809 2061 1847 ac
2169 1791 2224 1833 96
2253 1791 2404 1862 (139)
2436 1792 2488 1859 4,
2524 1792 2595 1845 de
2628 1792 2778 1845 silva
2819 1791 3111 1845 bunuaria
3150 1788 3275 1853 20ος
3313 1793 3452 1844 sunt
3495 1790 3577 1844 ibi
3619 1789 3852 1844 molen-

397 1882 511 1935 sibi
543 1882 615 1935 ad
646 1882 1201 1936 transscribendum
1231 1882 1434 1951 mittat,
1468 1882 1563 1936 vel
1594 1882 1947 1937 transscribi
1979 1882 2061 1935 fa-

398 1970 512 2023 ciat
539 1973 595 2024 et
623 1971 695 2023 ad
727 1970 1054 2040 proximam
1096 1971 1370 2026 sinodum
1403 1971 1517 2025 sibi
1552 1969 1791 2035 afferat;
1826 1972 2063 2041 exposi-

394 2059 610 2113 tionem
656 2074 889 2129 quoque
932 2059 1108 2113 Bedae
1151 2061 1212 2112 in
1257 2059 1593 2128 proverbiis
1625 2060 1958 2114 Salomonis
1991 2059 2062 2113 ad

395 2147 641 2201 eandem
675 2148 946 2201 sinodum
971 2148 1085 2202 sibi
1110 2148 1334 2202 deferri
1356 2151 1585 2217 petens.
1612 2148 1839 2202 Intimat
1862 2148 2058 2213 etiam,

396 2236 553 2306 quod
585 2252 734 2305 papa
768 2236 1070 2290 Romanus
1121 2236 1336 2290 Karolo
1386 2239 1515 2306 regi
1556 2240 1611 2290 et
1641 2236 1941 2307 episcopis
1971 2236 2062 2305 ip-

396 2324 524 2377 sius
573 2324 740 2392 regni
787 2324 1059 2393 quaedam
1101 2326 1371 2378 mandata
1400 2326 1706 2395 direxerit,
1742 2325 1813 2379 de
1845 2325 2062 2395 quibus

393 2411 453 2464 in
487 2412 696 2465 sinodo
720 2412 796 2465 sit
813 2428 1063 2466 necesse
1086 2415 1361 2482 tractari;
1387 2413 1540 2468 unde
1560 2417 1616 2468 et
1636 2430 1743 2468 rex
1765 2417 2064 2482 metropo-

314 2554 321 2555 ,
395 2500 593 2554 litanis
624 2501 790 2571 regni
827 2500 921 2553 sui
950 2500 1178 2555 litteras
1211 2501 1462 2571 miserit,
1487 2502 1848 2571 precipiens,
1874 2504 1935 2555 ut
1966 2517 2066 2555 co-

393 2590 708 2659 episcopos
741 2604 887 2644 suos
927 2590 1000 2643 ad
1043 2590 1291 2644 eandem
1332 2595 1728 2645 convocarent
1767 2590 2061 2644 sinodum.

2172 1881 2294 1934 dini
2322 1881 2373 1935 2.
2396 1880 2461 1934 In
2490 1880 2604 1934 alio
2636 1880 2766 1935 loco
2795 1880 2854 1933 in
2878 1879 3013 1933 villa
3035 1879 3262 1948 Haidis,
3288 1894 3562 1934 mansum
3584 1879 3839 1932 domini-

2172 1973 2365 2023 catum
2422 1985 2555 2023 cum
2613 1969 2863 2023 castitiis
2929 1971 2986 2023 et
3035 1968 3311 2022 arboreta
3370 1982 3551 2036 super
3596 1968 3841 2021 ﬂuvium

2170 2058 2467 2125 Sclevum,
2512 2058 2581 2110 ad
2614 2073 2788 2128 quem
2830 2056 3135 2127 aspiciunt
3182 2057 3254 2110 de
3283 2060 3441 2111 terra
3494 2055 3702 2111 arabili
3731 2057 3850 2111 bu-

2170 2149 2375 2201 nuaria
2432 2145 2521 2215 33,
2554 2146 2626 2201 de
2681 2149 2846 2214 prato
2876 2145 3164 2200 bunuaria
3185 2144 3238 2212 9,
3277 2145 3349 2199 de
3381 2144 3532 2199 silva
3560 2144 3851 2199 bunuaria

2172 2237 2293 2303 100,
2319 2236 2507 2289 mansi
2540 2235 2797 2289 serviles
2835 2234 2888 2301 6,
2923 2234 3113 2288 estibi
3136 2234 3340 2287 camba
3372 2232 3594 2303 (140),1.
3628 2233 3692 2287 In
3708 2233 3848 2287 aliio
3941 2294 3945 2297 _

2171 2326 2303 2379 loco
2352 2326 2411 2377 in
2450 2323 2588 2377 villa
2645 2323 2866 2376 Bacilla
2897 2338 3178 2376 mansum
3235 2321 3655 2376 dominicatum
3713 2337 3850 2375 cum

2172 2413 2422 2467 castitiis
2459 2428 2640 2480 super
2669 2410 2908 2480 Gorbia,
2955 2411 3027 2464 ad
3059 2426 3235 2480 quem
3266 2411 3562 2479 aspiciunt
3595 2411 3667 2464 de
3686 2412 3850 2464 terra

2172 2502 2381 2556 arabili
2414 2501 2703 2555 bunuaria
2724 2500 2813 2566 4⁸7,
2849 2500 2920 2553 de
2944 2504 3111 2569 prato
3164 2499 3457 2553 bunuaria
3487 2499 3540 2568 3,
3588 2498 3660 2554 de
3694 2499 3850 2552 silva

2172 2590 2461 2645 bunuaria
2494 2591 2581 2657 50,
2618 2589 2808 2643 mansi
2849 2588 3102 2643 serviles
3133 2588 3186 2655 4,
3222 2591 3315 2642 est
3348 2588 3430 2642 ibi
3472 2587 3676 2643 camba
3696 2589 3744 2658 1,.
3781 2587 3849 2642 In

395 2676 540 2732 Item
586 2693 694 2747 pro
745 2681 908 2747 parte
960 2678 1243 2747 decimae,
1296 2695 1473 2749 quam
1513 2680 1629 2733 sibi
1665 2679 2064 2750 signiﬁcatum
2098 2680 2439 2751 Calioloco
2470 2679 2530 2730 in
2569 2678 2705 2731 villa
2744 2677 2993 2748 Halogis
3054 2692 3236 2745 super
3300 2677 3548 2731 ﬂuvium
3609 2677 3850 2731 Pauleia

394 2766 586 2821 fuerat
637 2766 710 2821 ab
758 2767 992 2838 antiqua
1040 2768 1205 2838 regia
1251 2768 1473 2837 capella
1512 2768 1746 2837 tulisse,
1794 2771 1851 2822 et
1898 2767 2067 2821 alteri

395 2870 570 2926 quam
601 2855 835 2909 noviter
856 2859 1196 2911 sacraverat
1226 2856 1528 2910 addidisse
1549 2874 1563 2921 ;
1599 2856 1756 2927 quod
1780 2856 1912 2927 quia
1935 2872 2068 2910 con-

394 2947 483 2999 tra
520 2944 764 3014 regulas
796 2947 981 3014 esset,
1018 2944 1353 3014 emendare,
1389 2944 1439 2999 si
1472 2944 1551 2998 sit
1582 2949 1800 3015 actum,
1835 2945 2063 2999 suadet.

396 3033 539 3087 Item
569 3049 674 3103 pro
705 3034 958 3104 quodam
989 3033 1322 3103 presbitero
1354 3034 1453 3104 qui
1477 3034 1550 3087 ad
1579 3034 1783 3087 sedem
1815 3035 2064 3088 Remen-

394 3137 523 3176 sem
571 3122 1057 3191 proclamaverat,
1111 3120 1503 3192 prejudicium
1555 3138 1619 3177 se
1667 3123 1787 3192 pati
1816 3128 2065 3194 questus

394 3212 466 3265 ab
511 3211 719 3265 eodem
761 3212 1000 3281 presule
1040 3224 1173 3280 suo,
1220 3211 1529 3266 interdicto
1573 3212 1685 3265 sibi
1722 3228 1855 3266 cum
1883 3213 2065 3265 rebus

395 3301 525 3355 suis
575 3300 772 3354 officio
823 3316 1057 3371 quoque
1103 3301 1476 3369 sacerdotali,
1528 3316 1637 3353 nec
1679 3304 1889 3369 sponte
1921 3316 2065 3354 con-

394 3388 560 3443 fesso
592 3404 703 3442 nec
736 3388 1089 3459 regulariter
1119 3389 1390 3443 convicto
1435 3405 1545 3458 pro
1596 3389 1845 3442 tumultu
1877 3393 1932 3441 et
1963 3388 2065 3442 lie-

395 3476 632 3530 micidio
667 3480 1026 3546 perpetrato,
1063 3477 1162 3531 ubi
1193 3477 1540 3531 interfuerat
1569 3481 1626 3531 et
1655 3478 1875 3530 invitus
1906 3493 2065 3529 arma

396 3563 765 3618 defendendo
813 3580 879 3617 se
925 3568 1281 3635 sumpserat,
1334 3565 1749 3635 hominemque
1783 3565 2064 3619 vulnera-

395 3655 579 3721 verat,
615 3656 954 3707 nontamen
984 3668 1163 3723 quam
1208 3650 1263 3693 95
1310 3654 1550 3708 occisus
1590 3654 1801 3708 fuerat.
1835 3654 1898 3707 In
1929 3654 2063 3724 qui-

393 3742 508 3797 bus
538 3742 754 3796 litteris
788 3742 1045 3797 ostendit
1075 3757 1149 3796 ex
1180 3743 1524 3797 auctoritate
1557 3758 1730 3797 sacra
1761 3743 1900 3812 quid
1935 3742 2063 3797 dis-

2176 2783 2417 2821 mansos
2456 2766 2508 2835 3,
2544 2766 2832 2820 habentes
2881 2766 2954 2819 de
2986 2768 3144 2820 terra
3199 2765 3410 2819 arabili
3436 2766 3722 2819 bunuaria
3753 2765 3847 2819 35.

2172 2858 2233 2909 In
2269 2855 2382 2909 alio
2414 2855 2567 2924 loco,
2609 2855 2709 2925 qui
2741 2855 2958 2909 dicitur
2979 2853 3278 2923 Falmana,
3321 2854 3381 2907 in
3421 2854 3558 2907 villa
3599 2854 3850 2909 Grandi-

2173 2960 2399 3014 campo,
2443 2959 2718 2998 mansum
2786 2943 3203 2998 dominicatum
3264 2958 3397 2998 cum
3452 2943 3723 3011 castitiis,
3771 2942 3848 2996 ad

2171 3049 2343 3105 quem
2396 3033 2693 3102 aspiciunt
2741 3033 2812 3086 de
2843 3036 3001 3086 terra
3053 3032 3264 3086 arabili
3326 3030 3614 3086 bunudria
3642 3030 3730 3100 30,
3775 3031 3852 3085 de

2170 3122 2319 3176 silva
2348 3122 2635 3176 bunuaria
2691 3118 2815 3190 200,
2847 3121 3039 3175 mansi
3073 3120 3293 3175 ibidem
3351 3120 3759 3175 deservientes
3791 3120 3848 3174 8.

2170 3211 2241 3265 Et
2272 3212 2328 3264 in
2363 3211 2492 3265 loco
2524 3212 2857 3279 nuncupato
2902 3208 3084 3263 Glevo
3116 3212 3208 3263 est
3238 3224 3485 3263 mansus
3517 3209 3567 3263 1.
3628 3208 3694 3262 In
3721 3208 3839 3262 alio

2169 3300 2300 3354 loco
2341 3299 2401 3352 in
2444 3300 2582 3352 villa
2626 3299 3005 3365 Harsanium,
3075 3313 3258 3368 super
3297 3297 3537 3352 fluvium
3583 3297 3845 3367 Wenna,

2168 3404 2441 3441 mansum
2482 3388 2901 3442 dominicatum
2956 3386 3273 3441 habentem
3303 3388 3374 3441 de
3414 3389 3571 3440 terra
3625 3386 3840 3439 arabili

2168 3477 2461 3531 bunuaria
2495 3476 2578 3544 12,
2613 3477 2684 3529 de
2716 3480 2881 3546 prato
2912 3476 3202 3529 bunuaria
3233 3475 3286 3544 2,
3323 3475 3395 3528 de
3427 3475 3578 3528 silva
3609 3475 3845 3529 bunua-

2168 3565 2255 3619 ria
2284 3567 2372 3631 50,
2406 3582 2539 3636 quae
2571 3566 2823 3619 habetur
2854 3565 2911 3618 in
2942 3565 3073 3618 loco
3105 3564 3401 3631 Carcinio;
3434 3579 3677 3617 mansos
3711 3578 3839 3617 ser-

2172 3654 2322 3708 viles
2354 3654 2570 3708 ibidem
2621 3654 3031 3707 deservientes
3059 3653 3242 3707 absos
3274 3651 3422 3721 (141)
3456 3653 3510 3721 4,
3545 3668 3708 3706 unus
3767 3670 3846 3706 ex

2173 3742 2294 3795 illis
2325 3746 2417 3797 est
2448 3743 2601 3796 situs
2630 3743 2689 3796 in
2722 3742 2852 3795 loro
2883 3741 3176 3809 Carcinio,
3210 3741 3362 3795 alter
3391 3756 3533 3797 vero
3594 3742 3653 3794 in
3707 3741 3845 3795 loco

396 3831 678 3886 cretionis
724 3830 783 3884 in
834 3830 1178 3901 hujusmodi
1231 3832 1308 3884 sit
1358 3848 1537 3885 causa
1594 3832 1947 3901 tenendum,
2007 3812 2144 3886 etD
2175 3831 2477 3902 Wadingo
2509 3846 2693 3900 super
2719 3830 2840 3900 jam
2894 3830 3113 3883 dictum
3145 3830 3407 3884 ﬂuvium.
3468 3830 3611 3894 Quae
3670 3830 3843 3884 colli-

395 3935 528 3989 quze
581 3934 893 3973 sacrorum
943 3935 1231 3974 canonum
1273 3921 1390 3974 sint
1426 3920 1758 3975 adhibenda
1791 3920 2059 3989 capitula.

395 4007 615 4062 Scribit
645 4008 717 4061 ad
748 4007 1000 4062 eundem
1029 4010 1086 4061 et
1120 4008 1236 4062 alia
1269 4008 1585 4081 quaedam]

465 4095 554 4150 54.
589 4094 738 4165 (52)
780 4095 1139 4167 Preceptum
1172 4112 1353 4167 super
1378 4098 1794 4169 possessiones
1825 4113 1968 4169 quas
2000 4097 2063 4150 in

386 4200 541 4256 pago
575 4183 922 4239 Condrense
952 4191 1174 4239 sanctw
1207 4187 1419 4241 Maria)
1451 4186 1797 4258 adquisirit.
1830 4187 1935 4241 Hic
1967 4186 2064 4240 Jo-

392 4274 622 4327 hannes
653 4273 1082 4343 possessiones
1112 4274 1173 4327 in
1204 4290 1357 4345 pago
1389 4273 1735 4329 Gondrense
1758 4272 1910 4345 (136)
1935 4290 2065 4329 san-

393 4367 502 4416 ctaa
537 4362 643 4415 Dei
675 4362 880 4416 matris
904 4362 1197 4417 {ecclesiae
1220 4380 1253 4416 a
1270 4364 1523 4434 quodam
1543 4364 1843 4418 Machario
1865 4364 2063 4434 adqui-

393 4451 532 4506 sivit
565 4451 956 4504 conventione
989 4451 1225 4521 quidem
1255 4452 1408 4506 inter
1439 4468 1505 4507 se
1537 4452 1689 4506 facta
1719 4452 2064 4523 hujusmodi

393 4543 449 4594 et
500 4538 724 4609 scripto
776 4543 1075 4608 praecepto
1109 4555 1120 4592 :
1181 4562 1201 4587 ‹‹
1239 4540 1399 4594 Bene
1446 4541 1713 4610 possidet
1746 4542 1843 4595 ille
1874 4556 1972 4595 res
2005 4540 2064 4593 in

392 4629 504 4683 hoc
538 4627 783 4696 saeculo,
818 4626 919 4697 qui
952 4627 1023 4680 de
1057 4629 1311 4682 terrenis
1343 4632 1516 4699 atque
1549 4628 1791 4683 caducis
1825 4645 2063 4699 compa-

391 4720 481 4772 rat
510 4716 734 4787 premia
763 4716 1143 4785 sempiterna.
1177 4715 1546 4785 Quopropter
1584 4732 1696 4771 nos
1730 4718 1788 4770 in
1818 4718 1921 4771 Dei
1955 4733 2063 4771 no-

393 4806 548 4861 mine
580 4805 918 4860 Maeharius
957 4807 1014 4860 et
1058 4802 1324 4875 coniunx
1364 4820 1492 4859 mea
1523 4804 1855 4876 Gondrada,
1892 4806 2064 4878 cogi-

2170 3924 2318 3992 gunt
2348 3921 2407 3973 in
2439 3936 2667 3974 summa
2693 3920 2883 3973 mansi
2913 3916 3002 3987 3|,
3041 3920 3281 3973 et-inter
3311 3923 3525 3973 terram
3557 3920 3845 3973 arabilem

2168 4012 2223 4063 et
2253 4012 2415 4079 prata
2427 4009 2501 4062 ad
2521 4008 2945 4063 dominicatum
2967 4008 3318 4077 pertinentia
3331 4009 3626 4063 bunuaria
3644 4007 3766 4077 140,
3786 4013 3847 4062 et

2165 4098 2237 4153 de
2270 4099 2420 4152 silva
2451 4098 2739 4153 bunuarir
2765 4096 2870 4152 600
2901 4101 2956 4151 et
2988 4113 3057 4151 eo
3090 4098 3365 4166 amplius,
3386 4099 3652 4167 exceptis
3686 4113 3846 4152 com-

2164 4188 2382 4242 muniis
2397 4204 2529 4257 qua)
2546 4188 2837 4241 habentur
2862 4187 2919 4240 in
2938 4187 3068 4240 loco
3101 4189 3438 4256 nuncupato
3459 4186 3752 4255 Carcinio,
3783 4191 3843 4240 et

2165 4276 2449 4347 quicquid
2494 4276 2565 4328 ad
2595 4275 2859 4345 predicta
2889 4275 3019 4328 loca
3049 4276 3282 4345 aspicit,
3317 4291 3449 4328 cum
3480 4275 3663 4328 omnit
3692 4275 3844 4329 inte-

2165 4364 2401 4435 gritate,
2440 4367 2497 4416 et
2527 4367 2717 4417 terras
2751 4365 2938 4417 cultas
2972 4367 3028 4417 et
3057 4365 3332 4432 incultas,
3366 4364 3589 4432 pervia,
3624 4363 3845 4417 wadis-

2166 4453 2330 4522 capia
2391 4450 2560 4521 (142),
2627 4456 2809 4523 Irata,
2870 4468 3115 4522 pascua,
3180 4453 3388 4518 silvas,
3447 4453 3841 4521 communias,

2165 4557 2350 4611 aquas
2366 4556 2769 4611 aquarumque
2783 4541 3100 4609 decursus,
3120 4544 3175 4595 et
3206 4540 3493 4611 mancipia
3525 4541 3843 4610 utriusque

2167 4645 2374 4699 sexus,
2410 4645 2660 4699 quorum
2701 4629 2795 4683 150
2828 4632 2983 4684 sunt.
3023 4630 3102 4683 Ea
3134 4630 3415 4685 videlicet
3445 4630 3669 4683 ratione
3704 4630 3841 4684 haec

2173 4718 2365 4772 omnia
2395 4719 2672 4788 superius
2695 4719 2852 4772 dicta
2882 4719 2954 4772 ad
2972 4723 3200 4789 partem
3229 4717 3587 4787 supradictaa
3612 4720 3839 4773 sanctae

2169 4807 2275 4862 Dei
2312 4806 2603 4862 aecclesiae
2631 4807 3082 4863 Cameracensis
3111 4807 3418 4878 tradimus,
3450 4809 3513 4861 ut
3541 4806 3681 4861 dum
3707 4821 3824 4863 nos

1692 4980 1982 5043 VARI/E
2028 4978 2394 5046 LECTION
2402 4980 2520 5045 ES.

462 5153 516 5239 95
542 5173 676 5217 eum
705 5163 806 5239 qui
834 5163 1009 5239 fled.
1041 5162 1293 5239 φρυῃο
1316 5176 1555 5238 semper
1592 5159 1645 5219 Ι.
1681 5170 1926 5238 cXcepto
1972 5162 2121 5238 quod
2162 5164 2262 5220 bis
2303 5167 2397 5221 br.
2450 5157 2703 5239 scribit,
2755 5164 2989 5221 scilicet
3021 5161 3093 5219 de
3127 5160 3279 5219 silva
3309 5160 3384 5220 br
3413 5162 3503 5220 CG
3535 5166 3593 5220 et
3622 5166 3836 5236 postea

393 5229 464 5293 de
498 5237 653 5290 terra
683 5229 892 5291 arabili
921 5236 1012 5292 br.
1045 5236 1315 5292 XXXIII.

1974 5404 2247 5476 ΝΟΤΛΕ.

464 5588 611 5659 (136)
644 5591 724 5644 Le
754 5590 1045 5657 Condros,
1080 5590 1233 5651 inter
1264 5589 1580 5647 Dinantum
1610 5594 1666 5646 et
1696 5587 2001 5647 Leodium.

463 5661 610 5731 (137)
641 5662 793 5732 Huy,
828 5662 927 5715 ubi
957 5661 1211 5716 I’Hoioul
1243 5661 1469 5716 Mosam
1499 5662 1706 5718 inﬂuit.

461 5732 611 5803 (138)
638 5732 957 5788 IEdiﬁciis.

460 5804 608 5877 (139)
637 5804 924 5877 Bonnier,
949 5820 1228 5859 mensura
1249 5803 1398 5875 agri,
1424 5819 1540 5859 non
1562 5804 1759 5877 ubivis
1781 5804 2053 5877 ejusdem

390 5873 842 5955 magnitudinis,
874 5877 983 5936 sed
1013 5878 1076 5935 in
1114 5873 1464 5936 universum
1492 5901 1589 5930 =
1624 5877 1652 5934 1
1681 5873 1762 5933 1/9
1792 5873 2050 5937 liectare.

2164 5657 2374 5735 Adhuc
2403 5662 2462 5735 in
2495 5675 2607 5716 usu
2638 5666 2730 5735 est
2759 5662 2817 5717 in
2850 5659 3079 5735 Belgio.

2235 5733 2382 5804 (140)
2415 5733 2713 5804 Brauerei.

2258 5803 2381 5874 141)
2412 5803 2693 5859 Incultos.

2258 5806 2381 5874 141)
2412 5806 2693 5859 Incultos.

2234 5806 2385 5953 (124)
2414 5875 2769 5951 Aquagium,
2795 5876 3203 5952 aquaeductus.
