  <div class='ocr_page' id='page_1' title='image "/cluster/home/n/w/nwhite01/storage/ocr_20150623/149/hvd.32044054760079/036.png"; bbox 0 0 4106 6184; ppageno 0'>
   <div class='ocr_carea' id='block_1_1' title="bbox 170 266 3630 345">
    <p class='ocr_par' dir='ltr' id='par_1_1' title="bbox 170 266 3630 345">
     <span class='ocr_line' id='line_1_1' title="bbox 170 266 3630 345; baseline 0.002 -18"><span class='ocrx_word' id='word_1_1' title='bbox 170 269 237 343; x_wconf 68' lang='lat' dir='ltr'>ei</span> <span class='ocrx_word' id='word_1_2' title='bbox 1574 266 1834 330; x_wconf 80' lang='lat' dir='ltr'>LIBER</span> <span class='ocrx_word' id='word_1_3' title='bbox 1867 267 2215 332; x_wconf 81' lang='lat' dir='ltr'>PRIMUS.</span> <span class='ocrx_word' id='word_1_4' title='bbox 3545 268 3630 345; x_wconf 83' lang='lat'>62</span> 
     </span>
    </p>
   </div>
   <div class='ocr_carea' id='block_1_2' title="bbox 170 449 3623 537">
    <p class='ocr_par' dir='ltr' id='par_1_2' title="bbox 170 449 3623 537">
     <span class='ocr_line' id='line_1_2' title="bbox 170 449 3623 537; baseline 0 -14"><span class='ocrx_word' id='word_1_5' title='bbox 170 469 590 537; x_wconf 82' lang='lat' dir='ltr'>advixerimus,</span> <span class='ocrx_word' id='word_1_6' title='bbox 623 468 800 523; x_wconf 90' lang='lat' dir='ltr'>liceat</span> <span class='ocrx_word' id='word_1_7' title='bbox 828 467 1001 522; x_wconf 90' lang='lat' dir='ltr'>nobis</span> <span class='ocrx_word' id='word_1_8' title='bbox 1031 483 1147 522; x_wconf 90' lang='lat' dir='ltr'>usu</span> <span class='ocrx_word' id='word_1_9' title='bbox 1194 466 1519 522; x_wconf 84' lang='lat' dir='ltr'>fructuario</span> <span class='ocrx_word' id='word_1_10' title='bbox 1565 466 1839 522; x_wconf 77' lang='lat' dir='ltr'>excolere</span> <span class='ocrx_word' id='word_1_11' title='bbox 1867 449 1924 509; x_wconf 85' lang='grc' dir='ltr'><strong>Α</strong></span> <span class='ocrx_word' id='word_1_12' title='bbox 1952 469 2176 537; x_wconf 89' lang='lat' dir='ltr'>partem</span> <span class='ocrx_word' id='word_1_13' title='bbox 2194 465 2551 536; x_wconf 84' lang='lat' dir='ltr'>supradictae</span> <span class='ocrx_word' id='word_1_14' title='bbox 2564 464 2857 522; x_wconf 76' lang='lat' dir='ltr'>ecclesiae</span> <span class='ocrx_word' id='word_1_15' title='bbox 2878 466 3350 537; x_wconf 82' lang='lat' dir='ltr'>Cameracensis,</span> <span class='ocrx_word' id='word_1_16' title='bbox 3377 470 3438 524; x_wconf 91' lang='lat' dir='ltr'>in</span> <span class='ocrx_word' id='word_1_17' title='bbox 3462 469 3623 525; x_wconf 88' lang='lat' dir='ltr'>festi-</span> 
     </span>
    </p>
   </div>
   <div class='ocr_carea' id='block_1_3' title="bbox 173 556 1839 628">
    <p class='ocr_par' dir='ltr' id='par_1_3' title="bbox 173 556 1839 628">
     <span class='ocr_line' id='line_1_3' title="bbox 173 556 1839 628; baseline -0.001 -18"><span class='ocrx_word' id='word_1_18' title='bbox 173 563 220 610; x_wconf 85' lang='lat' dir='ltr'>et</span> <span class='ocrx_word' id='word_1_19' title='bbox 236 558 555 628; x_wconf 87' lang='lat' dir='ltr'>possidere</span> <span class='ocrx_word' id='word_1_20' title='bbox 584 576 596 619; x_wconf 90' lang='lat'><strong>;</strong></span> <span class='ocrx_word' id='word_1_21' title='bbox 622 562 679 611; x_wconf 91' lang='lat' dir='ltr'>et</span> <span class='ocrx_word' id='word_1_22' title='bbox 709 557 905 611; x_wconf 80' lang='lat' dir='ltr'>infans</span> <span class='ocrx_word' id='word_1_23' title='bbox 924 557 1159 610; x_wconf 87' lang='lat' dir='ltr'>nomine</span> <span class='ocrx_word' id='word_1_24' title='bbox 1178 556 1487 620; x_wconf 78' lang='lat' dir='ltr'>Achildus.</span> <span class='ocrx_word' id='word_1_25' title='bbox 1514 572 1689 626; x_wconf 89' lang='lat' dir='ltr'>quam</span> <span class='ocrx_word' id='word_1_26' title='bbox 1711 556 1839 625; x_wconf 90' lang='lat' dir='ltr'>ipsa</span> 
     </span>
    </p>
   </div>
   <div class='ocr_carea' id='block_1_4' title="bbox 173 645 1840 716">
    <p class='ocr_par' dir='ltr' id='par_1_4' title="bbox 173 645 1840 716">
     <span class='ocr_line' id='line_1_4' title="bbox 173 645 1840 716; baseline 0 -17"><span class='ocrx_word' id='word_1_27' title='bbox 173 647 426 716; x_wconf 76' lang='lat' dir='ltr'>conjunx</span> <span class='ocrx_word' id='word_1_28' title='bbox 457 651 665 700; x_wconf 90' lang='lat' dir='ltr'>nostra</span> <span class='ocrx_word' id='word_1_29' title='bbox 695 646 1011 700; x_wconf 68' lang='lat' dir='ltr'>(tundrada</span> <span class='ocrx_word' id='word_1_30' title='bbox 1041 645 1112 698; x_wconf 91' lang='lat' dir='ltr'>de</span> <span class='ocrx_word' id='word_1_31' title='bbox 1143 645 1255 699; x_wconf 89' lang='lat' dir='ltr'>alio</span> <span class='ocrx_word' id='word_1_32' title='bbox 1290 646 1415 699; x_wconf 90' lang='lat' dir='ltr'>viro</span> <span class='ocrx_word' id='word_1_33' title='bbox 1446 646 1840 715; x_wconf 81' lang='lat' dir='ltr'>peperit,nec-</span> 
     </span>
    </p>
   </div>
   <div class='ocr_carea' id='block_1_5' title="bbox 173 734 1839 806">
    <p class='ocr_par' dir='ltr' id='par_1_5' title="bbox 173 734 1839 806">
     <span class='ocr_line' id='line_1_5' title="bbox 173 734 1839 806; baseline -0.001 -18"><span class='ocrx_word' id='word_1_34' title='bbox 173 752 281 789; x_wconf 89' lang='lat' dir='ltr'>non</span> <span class='ocrx_word' id='word_1_35' title='bbox 313 739 370 788; x_wconf 90' lang='lat' dir='ltr'>et</span> <span class='ocrx_word' id='word_1_36' title='bbox 400 735 659 787; x_wconf 82' lang='lat' dir='ltr'>infantes</span> <span class='ocrx_word' id='word_1_37' title='bbox 692 735 793 804; x_wconf 91' lang='lat' dir='ltr'>qui</span> <span class='ocrx_word' id='word_1_38' title='bbox 842 735 912 788; x_wconf 85' lang='lat' dir='ltr'>de</span> <span class='ocrx_word' id='word_1_39' title='bbox 963 735 1168 787; x_wconf 88' lang='lat' dir='ltr'>eadem</span> <span class='ocrx_word' id='word_1_40' title='bbox 1215 736 1343 804; x_wconf 91' lang='lat' dir='ltr'>ipsa</span> <span class='ocrx_word' id='word_1_41' title='bbox 1373 734 1631 806; x_wconf 60' lang='lat' dir='ltr'>conjuge</span> <span class='ocrx_word' id='word_1_42' title='bbox 1664 734 1839 788; x_wconf 88' lang='lat' dir='ltr'>nobis</span> 
     </span>
    </p>
   </div>
   <div class='ocr_carea' id='block_1_6' title="bbox 173 823 1838 892">
    <p class='ocr_par' dir='ltr' id='par_1_6' title="bbox 173 823 1838 892">
     <span class='ocr_line' id='line_1_6' title="bbox 173 823 1838 892; baseline -0.002 -14"><span class='ocrx_word' id='word_1_43' title='bbox 173 824 447 879; x_wconf 86' lang='lat' dir='ltr'>nascituri</span> <span class='ocrx_word' id='word_1_44' title='bbox 475 828 635 892; x_wconf 90' lang='lat' dir='ltr'>sunt,</span> <span class='ocrx_word' id='word_1_45' title='bbox 671 823 725 876; x_wconf 89' lang='lat' dir='ltr'>si</span> <span class='ocrx_word' id='word_1_46' title='bbox 757 824 1112 892; x_wconf 90' lang='lat' dir='ltr'>superstites</span> <span class='ocrx_word' id='word_1_47' title='bbox 1144 823 1319 878; x_wconf 91' lang='lat' dir='ltr'>nobis</span> <span class='ocrx_word' id='word_1_48' title='bbox 1352 823 1589 891; x_wconf 84' lang='lat' dir='ltr'>fuerint,</span> <span class='ocrx_word' id='word_1_49' title='bbox 1626 823 1838 877; x_wconf 89' lang='lat' dir='ltr'>simili-</span> 
     </span>
    </p>
   </div>
   <div class='ocr_carea' id='block_1_7' title="bbox 177 911 1837 981">
    <p class='ocr_par' dir='ltr' id='par_1_7' title="bbox 177 911 1837 981">
     <span class='ocr_line' id='line_1_7' title="bbox 177 911 1837 981; baseline 0 -16"><span class='ocrx_word' id='word_1_50' title='bbox 177 918 257 967; x_wconf 89' lang='lat' dir='ltr'>ter</span> <span class='ocrx_word' id='word_1_51' title='bbox 310 912 606 978; x_wconf 79' lang='lat' dir='ltr'>habeant,</span> <span class='ocrx_word' id='word_1_52' title='bbox 666 911 807 964; x_wconf 91' lang='lat' dir='ltr'>dum</span> <span class='ocrx_word' id='word_1_53' title='bbox 845 912 1196 981; x_wconf 86' lang='lat' dir='ltr'>advixerint,</span> <span class='ocrx_word' id='word_1_54' title='bbox 1267 912 1709 966; x_wconf 89' lang='lat' dir='ltr'>usufructuario</span> <span class='ocrx_word' id='word_1_55' title='bbox 1769 911 1837 965; x_wconf 89' lang='lat' dir='ltr'>ad</span> 
     </span>
    </p>
   </div>
   <div class='ocr_carea' id='block_1_8' title="bbox 177 1000 1841 1070">
    <p class='ocr_par' dir='ltr' id='par_1_8' title="bbox 177 1000 1841 1070">
     <span class='ocr_line' id='line_1_8' title="bbox 177 1000 1841 1070; baseline -0.001 -15"><span class='ocrx_word' id='word_1_56' title='bbox 177 1000 557 1055; x_wconf 81' lang='lat' dir='ltr'>excolendum</span> <span class='ocrx_word' id='word_1_57' title='bbox 601 1002 658 1054; x_wconf 88' lang='lat' dir='ltr'>et</span> <span class='ocrx_word' id='word_1_58' title='bbox 690 1000 1117 1070; x_wconf 66' lang='lat' dir='ltr'>possidendum</span> <span class='ocrx_word' id='word_1_59' title='bbox 1145 1017 1160 1069; x_wconf 82' lang='lat'><strong>;</strong></span> <span class='ocrx_word' id='word_1_60' title='bbox 1201 1003 1258 1054; x_wconf 91' lang='lat' dir='ltr'>et</span> <span class='ocrx_word' id='word_1_61' title='bbox 1288 1001 1377 1055; x_wconf 91' lang='lat' dir='ltr'>sic</span> <span class='ocrx_word' id='word_1_62' title='bbox 1407 1004 1540 1070; x_wconf 91' lang='lat' dir='ltr'>post</span> <span class='ocrx_word' id='word_1_63' title='bbox 1570 1003 1841 1055; x_wconf 90' lang='lat' dir='ltr'>nostrum</span> 
     </span>
    </p>
   </div>
   <div class='ocr_carea' id='block_1_9' title="bbox 176 1089 1842 1157">
    <p class='ocr_par' dir='ltr' id='par_1_9' title="bbox 176 1089 1842 1157">
     <span class='ocr_line' id='line_1_9' title="bbox 176 1089 1842 1157; baseline -0.001 -13"><span class='ocrx_word' id='word_1_64' title='bbox 176 1096 226 1144; x_wconf 89' lang='lat' dir='ltr'>et</span> <span class='ocrx_word' id='word_1_65' title='bbox 254 1093 595 1144; x_wconf 88' lang='lat' dir='ltr'>nostrorum</span> <span class='ocrx_word' id='word_1_66' title='bbox 629 1089 913 1142; x_wconf 75' lang='lat' dir='ltr'>infantum</span> <span class='ocrx_word' id='word_1_67' title='bbox 938 1089 1010 1143; x_wconf 89' lang='lat' dir='ltr'>de</span> <span class='ocrx_word' id='word_1_68' title='bbox 1041 1090 1151 1144; x_wconf 90' lang='lat' dir='ltr'>hac</span> <span class='ocrx_word' id='word_1_69' title='bbox 1174 1090 1303 1144; x_wconf 91' lang='lat' dir='ltr'>luce</span> <span class='ocrx_word' id='word_1_70' title='bbox 1333 1090 1690 1157; x_wconf 88' lang='lat' dir='ltr'>discessum,</span> <span class='ocrx_word' id='word_1_71' title='bbox 1713 1089 1842 1143; x_wconf 80' lang='lat' dir='ltr'>haec</span> 
     </span>
    </p>
   </div>
   <div class='ocr_carea' id='block_1_10' title="bbox 177 1178 1844 1249">
    <p class='ocr_par' dir='ltr' id='par_1_10' title="bbox 177 1178 1844 1249">
     <span class='ocr_line' id='line_1_10' title="bbox 177 1178 1844 1249; baseline 0 -17"><span class='ocrx_word' id='word_1_72' title='bbox 177 1179 359 1233; x_wconf 89' lang='lat' dir='ltr'>omnia</span> <span class='ocrx_word' id='word_1_73' title='bbox 388 1194 527 1233; x_wconf 89' lang='lat' dir='ltr'>cum</span> <span class='ocrx_word' id='word_1_74' title='bbox 549 1178 709 1235; x_wconf 91' lang='lat' dir='ltr'>omni</span> <span class='ocrx_word' id='word_1_75' title='bbox 734 1178 1069 1249; x_wconf 78' lang='lat' dir='ltr'>integritate</span> <span class='ocrx_word' id='word_1_76' title='bbox 1087 1182 1144 1232; x_wconf 92' lang='lat' dir='ltr'>et</span> <span class='ocrx_word' id='word_1_77' title='bbox 1167 1178 1603 1233; x_wconf 90' lang='lat' dir='ltr'>emelioratione</span> <span class='ocrx_word' id='word_1_78' title='bbox 1625 1179 1694 1232; x_wconf 85' lang='lat' dir='ltr'>ad</span> <span class='ocrx_word' id='word_1_79' title='bbox 1719 1194 1844 1247; x_wconf 90' lang='lat' dir='ltr'>pre-</span> 
     </span>
    </p>
   </div>
   <div class='ocr_carea' id='block_1_11' title="bbox 178 1266 1839 1321">
    <p class='ocr_par' dir='ltr' id='par_1_11' title="bbox 178 1266 1839 1321">
     <span class='ocr_line' id='line_1_11' title="bbox 178 1266 1839 1321; baseline -0.001 -1"><span class='ocrx_word' id='word_1_80' title='bbox 178 1266 340 1321; x_wconf 78' lang='lat' dir='ltr'>fatam</span> <span class='ocrx_word' id='word_1_81' title='bbox 365 1270 594 1321; x_wconf 84' lang='lat' dir='ltr'>sancte</span> <span class='ocrx_word' id='word_1_82' title='bbox 620 1267 727 1320; x_wconf 85' lang='lat' dir='ltr'>Dei</span> <span class='ocrx_word' id='word_1_83' title='bbox 750 1267 1085 1321; x_wconf 81' lang='lat' dir='ltr'>ecclesiam</span> <span class='ocrx_word' id='word_1_84' title='bbox 1107 1266 1593 1320; x_wconf 87' lang='lat' dir='ltr'>Cameracensem</span> <span class='ocrx_word' id='word_1_85' title='bbox 1636 1282 1839 1320; x_wconf 90' lang='lat' dir='ltr'>rever-</span> 
     </span>
    </p>
   </div>
   <div class='ocr_carea' id='block_1_12' title="bbox 177 1354 1842 1427">
    <p class='ocr_par' dir='ltr' id='par_1_12' title="bbox 177 1354 1842 1427">
     <span class='ocr_line' id='line_1_12' title="bbox 177 1354 1842 1427; baseline 0 -18"><span class='ocrx_word' id='word_1_86' title='bbox 177 1360 379 1410; x_wconf 85' lang='lat' dir='ltr'>tantur.</span> <span class='ocrx_word' id='word_1_87' title='bbox 413 1354 706 1410; x_wconf 81' lang='lat' dir='ltr'>Similiter</span> <span class='ocrx_word' id='word_1_88' title='bbox 736 1359 792 1409; x_wconf 90' lang='lat' dir='ltr'>et</span> <span class='ocrx_word' id='word_1_89' title='bbox 824 1355 882 1409; x_wconf 90' lang='lat' dir='ltr'>in</span> <span class='ocrx_word' id='word_1_90' title='bbox 914 1356 1396 1417; x_wconf 85' lang='lat' dir='ltr'>compensatione</span> <span class='ocrx_word' id='word_1_91' title='bbox 1430 1356 1612 1427; x_wconf 80' lang='lat' dir='ltr'>hujus</span> <span class='ocrx_word' id='word_1_92' title='bbox 1646 1356 1842 1411; x_wconf 88' lang='lat' dir='ltr'>meriti</span> 
     </span>
    </p>
   </div>
   <div class='ocr_carea' id='block_1_13' title="bbox 178 1444 1834 1514">
    <p class='ocr_par' dir='ltr' id='par_1_13' title="bbox 178 1444 1834 1514">
     <span class='ocr_line' id='line_1_13' title="bbox 178 1444 1834 1514; baseline 0.001 -17"><span class='ocrx_word' id='word_1_93' title='bbox 178 1445 324 1498; x_wconf 83' lang='lat' dir='ltr'>dedit</span> <span class='ocrx_word' id='word_1_94' title='bbox 352 1444 533 1498; x_wconf 90' lang='lat' dir='ltr'>nobis</span> <span class='ocrx_word' id='word_1_95' title='bbox 552 1444 711 1498; x_wconf 90' lang='lat' dir='ltr'>idem</span> <span class='ocrx_word' id='word_1_96' title='bbox 727 1445 931 1498; x_wconf 89' lang='lat' dir='ltr'>senior</span> <span class='ocrx_word' id='word_1_97' title='bbox 946 1447 1150 1499; x_wconf 85' lang='lat' dir='ltr'>noster</span> <span class='ocrx_word' id='word_1_98' title='bbox 1168 1444 1472 1498; x_wconf 87' lang='lat' dir='ltr'>Johannes</span> <span class='ocrx_word' id='word_1_99' title='bbox 1496 1445 1834 1514; x_wconf 89' lang='lat' dir='ltr'>episcopus,</span> 
     </span>
    </p>
   </div>
   <div class='ocr_carea' id='block_1_14' title="bbox 176 1506 1921 1603">
    <p class='ocr_par' dir='ltr' id='par_1_14' title="bbox 176 1506 1921 1603">
     <span class='ocr_line' id='line_1_14' title="bbox 176 1506 1921 1603; baseline 0 -17"><span class='ocrx_word' id='word_1_100' title='bbox 176 1548 275 1603; x_wconf 89' lang='lat' dir='ltr'>per</span> <span class='ocrx_word' id='word_1_101' title='bbox 301 1548 669 1587; x_wconf 86' lang='lat' dir='ltr'>consensum</span> <span class='ocrx_word' id='word_1_102' title='bbox 700 1548 883 1602; x_wconf 87' lang='lat' dir='ltr'>supra</span> <span class='ocrx_word' id='word_1_103' title='bbox 912 1532 1172 1587; x_wconf 85' lang='lat' dir='ltr'>ﬁdelium</span> <span class='ocrx_word' id='word_1_104' title='bbox 1191 1533 1543 1588; x_wconf 87' lang='lat' dir='ltr'>clericorum</span> <span class='ocrx_word' id='word_1_105' title='bbox 1560 1532 1839 1587; x_wconf 81' lang='lat' dir='ltr'>Camera-</span> <span class='ocrx_word' id='word_1_106' title='bbox 1870 1506 1921 1566; x_wconf 81' lang='grc' dir='ltr'>Β</span> 
     </span>
    </p>
   </div>
   <div class='ocr_carea' id='block_1_15' title="bbox 183 1621 1838 1689">
    <p class='ocr_par' dir='ltr' id='par_1_15' title="bbox 183 1621 1838 1689">
     <span class='ocr_line' id='line_1_15' title="bbox 183 1621 1838 1689; baseline 0 -14"><span class='ocrx_word' id='word_1_107' title='bbox 183 1623 440 1675; x_wconf 88' lang='lat' dir='ltr'>censium</span> <span class='ocrx_word' id='word_1_108' title='bbox 463 1625 523 1676; x_wconf 92' lang='lat' dir='ltr'>et</span> <span class='ocrx_word' id='word_1_109' title='bbox 538 1622 848 1689; x_wconf 90' lang='lat' dir='ltr'>laicorum,</span> <span class='ocrx_word' id='word_1_110' title='bbox 871 1637 945 1675; x_wconf 86' lang='lat' dir='ltr'>ex</span> <span class='ocrx_word' id='word_1_111' title='bbox 966 1622 1148 1676; x_wconf 90' lang='lat' dir='ltr'>rebus</span> <span class='ocrx_word' id='word_1_112' title='bbox 1168 1627 1389 1676; x_wconf 85' lang='lat' dir='ltr'>sancte</span> <span class='ocrx_word' id='word_1_113' title='bbox 1408 1622 1607 1676; x_wconf 84' lang='lat' dir='ltr'>Marie</span> <span class='ocrx_word' id='word_1_114' title='bbox 1629 1621 1838 1677; x_wconf 85' lang='lat' dir='ltr'>Came-</span> 
     </span>
    </p>
   </div>
   <div class='ocr_carea' id='block_1_16' title="bbox 178 1709 1837 1781">
    <p class='ocr_par' dir='ltr' id='par_1_16' title="bbox 178 1709 1837 1781">
     <span class='ocr_line' id='line_1_16' title="bbox 178 1709 1837 1781; baseline 0.001 -18"><span class='ocrx_word' id='word_1_115' title='bbox 178 1711 433 1764; x_wconf 83' lang='lat' dir='ltr'>racensis</span> <span class='ocrx_word' id='word_1_116' title='bbox 464 1709 763 1764; x_wconf 84' lang='lat' dir='ltr'>ecelesie</span> <span class='ocrx_word' id='word_1_117' title='bbox 795 1709 991 1763; x_wconf 89' lang='lat' dir='ltr'>villam</span> <span class='ocrx_word' id='word_1_118' title='bbox 1023 1726 1155 1781; x_wconf 87' lang='lat' dir='ltr'>que</span> <span class='ocrx_word' id='word_1_119' title='bbox 1187 1710 1402 1765; x_wconf 89' lang='lat' dir='ltr'>dicitur</span> <span class='ocrx_word' id='word_1_120' title='bbox 1432 1711 1669 1779; x_wconf 87' lang='lat' dir='ltr'>Villare,</span> <span class='ocrx_word' id='word_1_121' title='bbox 1703 1727 1837 1781; x_wconf 85' lang='lat' dir='ltr'>quae</span> 
     </span>
    </p>
   </div>
   <div class='ocr_carea' id='block_1_17' title="bbox 181 1798 1835 1869">
    <p class='ocr_par' dir='ltr' id='par_1_17' title="bbox 181 1798 1835 1869">
     <span class='ocr_line' id='line_1_17' title="bbox 181 1798 1835 1869; baseline 0.001 -16"><span class='ocrx_word' id='word_1_122' title='bbox 181 1804 262 1853; x_wconf 86' lang='lat' dir='ltr'>est</span> <span class='ocrx_word' id='word_1_123' title='bbox 292 1800 406 1851; x_wconf 83' lang='lat' dir='ltr'>sita</span> <span class='ocrx_word' id='word_1_124' title='bbox 429 1799 490 1851; x_wconf 90' lang='lat' dir='ltr'>in</span> <span class='ocrx_word' id='word_1_125' title='bbox 513 1814 666 1869; x_wconf 88' lang='lat' dir='ltr'>pago</span> <span class='ocrx_word' id='word_1_126' title='bbox 688 1798 1052 1868; x_wconf 85' lang='lat' dir='ltr'>Hagnoense,</span> <span class='ocrx_word' id='word_1_127' title='bbox 1073 1813 1253 1869; x_wconf 89' lang='lat' dir='ltr'>super</span> <span class='ocrx_word' id='word_1_128' title='bbox 1273 1800 1514 1853; x_wconf 86' lang='lat' dir='ltr'>ﬂuvium</span> <span class='ocrx_word' id='word_1_129' title='bbox 1538 1800 1835 1868; x_wconf 85' lang='lat' dir='ltr'>Unctium,</span> 
     </span>
    </p>
   </div>
   <div class='ocr_carea' id='block_1_18' title="bbox 175 1887 1838 1956">
    <p class='ocr_par' dir='ltr' id='par_1_18' title="bbox 175 1887 1838 1956">
     <span class='ocr_line' id='line_1_18' title="bbox 175 1887 1838 1956; baseline 0.001 -17"><span class='ocrx_word' id='word_1_130' title='bbox 175 1887 265 1940; x_wconf 88' lang='lat' dir='ltr'>ubi</span> <span class='ocrx_word' id='word_1_131' title='bbox 296 1887 472 1940; x_wconf 87' lang='lat' dir='ltr'>habet</span> <span class='ocrx_word' id='word_1_132' title='bbox 504 1902 779 1941; x_wconf 86' lang='lat' dir='ltr'>mansum</span> <span class='ocrx_word' id='word_1_133' title='bbox 802 1887 1244 1956; x_wconf 88' lang='lat' dir='ltr'>dominicatum,</span> <span class='ocrx_word' id='word_1_134' title='bbox 1268 1892 1323 1942; x_wconf 89' lang='lat' dir='ltr'>et</span> <span class='ocrx_word' id='word_1_135' title='bbox 1355 1888 1425 1943; x_wconf 89' lang='lat' dir='ltr'>de</span> <span class='ocrx_word' id='word_1_136' title='bbox 1457 1892 1610 1942; x_wconf 88' lang='lat' dir='ltr'>terra</span> <span class='ocrx_word' id='word_1_137' title='bbox 1630 1889 1838 1942; x_wconf 89' lang='lat' dir='ltr'>arabili</span> 
     </span>
    </p>
   </div>
   <div class='ocr_carea' id='block_1_19' title="bbox 169 1975 1835 2046">
    <p class='ocr_par' dir='ltr' id='par_1_19' title="bbox 169 1975 1835 2046">
     <span class='ocr_line' id='line_1_19' title="bbox 169 1975 1835 2046; baseline 0.002 -20"><span class='ocrx_word' id='word_1_138' title='bbox 169 1975 243 2028; x_wconf 88' lang='lat' dir='ltr'>ibi</span> <span class='ocrx_word' id='word_1_139' title='bbox 270 1975 600 2044; x_wconf 89' lang='lat' dir='ltr'>aspiciente</span> <span class='ocrx_word' id='word_1_140' title='bbox 642 1975 931 2029; x_wconf 87' lang='lat' dir='ltr'>bunuaria</span> <span class='ocrx_word' id='word_1_141' title='bbox 969 1975 1087 2044; x_wconf 70' lang='lat'>112,</span> <span class='ocrx_word' id='word_1_142' title='bbox 1137 1977 1208 2031; x_wconf 92' lang='lat' dir='ltr'>dc</span> <span class='ocrx_word' id='word_1_143' title='bbox 1256 1981 1419 2045; x_wconf 85' lang='lat' dir='ltr'>prato</span> <span class='ocrx_word' id='word_1_144' title='bbox 1462 1977 1750 2032; x_wconf 78' lang='lat' dir='ltr'>bunuama</span> <span class='ocrx_word' id='word_1_145' title='bbox 1779 1977 1835 2046; x_wconf 76' lang='grc'>4,</span> 
     </span>
    </p>
   </div>
   <div class='ocr_carea' id='block_1_20' title="bbox 179 2063 1837 2132">
    <p class='ocr_par' dir='ltr' id='par_1_20' title="bbox 179 2063 1837 2132">
     <span class='ocr_line' id='line_1_20' title="bbox 179 2063 1837 2132; baseline 0.002 -16"><span class='ocrx_word' id='word_1_146' title='bbox 179 2063 242 2116; x_wconf 89' lang='lat' dir='ltr'>de</span> <span class='ocrx_word' id='word_1_147' title='bbox 272 2063 422 2116; x_wconf 85' lang='lat' dir='ltr'>silva</span> <span class='ocrx_word' id='word_1_148' title='bbox 456 2080 564 2132; x_wconf 90' lang='lat' dir='ltr'>per</span> <span class='ocrx_word' id='word_1_149' title='bbox 593 2064 1025 2119; x_wconf 90' lang='lat' dir='ltr'>estimationem</span> <span class='ocrx_word' id='word_1_150' title='bbox 1044 2065 1193 2119; x_wconf 89' lang='lat' dir='ltr'>inter</span> <span class='ocrx_word' id='word_1_151' title='bbox 1218 2066 1434 2119; x_wconf 75' lang='lat' dir='ltr'>Villare</span> <span class='ocrx_word' id='word_1_152' title='bbox 1464 2070 1518 2119; x_wconf 90' lang='lat' dir='ltr'>et</span> <span class='ocrx_word' id='word_1_153' title='bbox 1548 2066 1678 2120; x_wconf 93' lang='lat' dir='ltr'>loco</span> <span class='ocrx_word' id='word_1_154' title='bbox 1692 2082 1837 2120; x_wconf 90' lang='lat' dir='ltr'>nun-</span> 
     </span>
    </p>
   </div>
   <div class='ocr_carea' id='block_1_21' title="bbox 182 2152 1835 2223">
    <p class='ocr_par' dir='ltr' id='par_1_21' title="bbox 182 2152 1835 2223">
     <span class='ocr_line' id='line_1_21' title="bbox 182 2152 1835 2223; baseline 0.003 -19"><span class='ocrx_word' id='word_1_155' title='bbox 182 2156 383 2220; x_wconf 81' lang='lat' dir='ltr'>cupato</span> <span class='ocrx_word' id='word_1_156' title='bbox 404 2152 744 2223; x_wconf 85' lang='lat' dir='ltr'>Harilegias</span> <span class='ocrx_word' id='word_1_157' title='bbox 766 2153 1054 2207; x_wconf 88' lang='lat' dir='ltr'>bunuaria</span> <span class='ocrx_word' id='word_1_158' title='bbox 1079 2152 1181 2207; x_wconf 88' lang='lat'>100</span> <span class='ocrx_word' id='word_1_159' title='bbox 1210 2158 1267 2209; x_wconf 91' lang='lat' dir='ltr'>et</span> <span class='ocrx_word' id='word_1_160' title='bbox 1285 2155 1617 2209; x_wconf 84' lang='lat' dir='ltr'>ecclesiam</span> <span class='ocrx_word' id='word_1_161' title='bbox 1642 2171 1835 2209; x_wconf 89' lang='lat' dir='ltr'>unam.</span> 
     </span>
    </p>
   </div>
   <div class='ocr_carea' id='block_1_22' title="bbox 177 2240 1840 2298">
    <p class='ocr_par' dir='ltr' id='par_1_22' title="bbox 177 2240 1840 2298">
     <span class='ocr_line' id='line_1_22' title="bbox 177 2240 1840 2298; baseline 0.002 -6"><span class='ocrx_word' id='word_1_162' title='bbox 177 2240 231 2294; x_wconf 88' lang='lat' dir='ltr'>In</span> <span class='ocrx_word' id='word_1_163' title='bbox 258 2240 553 2296; x_wconf 85' lang='lat' dir='ltr'>Gentlinio</span> <span class='ocrx_word' id='word_1_164' title='bbox 586 2257 719 2294; x_wconf 89' lang='lat' dir='ltr'>cum</span> <span class='ocrx_word' id='word_1_165' title='bbox 772 2243 1200 2296; x_wconf 85' lang='lat' dir='ltr'>ecclesiastico</span> <span class='ocrx_word' id='word_1_166' title='bbox 1229 2259 1436 2298; x_wconf 89' lang='lat' dir='ltr'>manso</span> <span class='ocrx_word' id='word_1_167' title='bbox 1487 2243 1738 2298; x_wconf 81' lang='lat' dir='ltr'>habente</span> <span class='ocrx_word' id='word_1_168' title='bbox 1770 2244 1840 2296; x_wconf 86' lang='lat' dir='ltr'>de</span> 
     </span>
    </p>
   </div>
   <div class='ocr_carea' id='block_1_23' title="bbox 175 2327 1842 2401">
    <p class='ocr_par' dir='ltr' id='par_1_23' title="bbox 175 2327 1842 2401">
     <span class='ocr_line' id='line_1_23' title="bbox 175 2327 1842 2401; baseline 0.002 -20"><span class='ocrx_word' id='word_1_169' title='bbox 175 2334 319 2382; x_wconf 84' lang='lat' dir='ltr'>terra</span> <span class='ocrx_word' id='word_1_170' title='bbox 347 2329 562 2382; x_wconf 88' lang='lat' dir='ltr'>arabili</span> <span class='ocrx_word' id='word_1_171' title='bbox 594 2328 883 2383; x_wconf 90' lang='lat' dir='ltr'>bunuaria</span> <span class='ocrx_word' id='word_1_172' title='bbox 916 2327 1002 2397; x_wconf 77' lang='lat'>1‘2,</span> <span class='ocrx_word' id='word_1_173' title='bbox 1036 2333 1092 2384; x_wconf 92' lang='lat' dir='ltr'>et</span> <span class='ocrx_word' id='word_1_174' title='bbox 1120 2332 1453 2385; x_wconf 84' lang='lat' dir='ltr'>molendina</span> <span class='ocrx_word' id='word_1_175' title='bbox 1492 2329 1544 2385; x_wconf 73' lang='grc'>2.</span> <span class='ocrx_word' id='word_1_176' title='bbox 1600 2332 1661 2385; x_wconf 87' lang='grc'><strong>111</strong></span> <span class='ocrx_word' id='word_1_177' title='bbox 1710 2332 1842 2401; x_wconf 90' lang='lat' dir='ltr'>ipso</span> 
     </span>
    </p>
   </div>
   <div class='ocr_carea' id='block_1_24' title="bbox 178 2418 1843 2487">
    <p class='ocr_par' dir='ltr' id='par_1_24' title="bbox 178 2418 1843 2487">
     <span class='ocr_line' id='line_1_24' title="bbox 178 2418 1843 2487; baseline 0.002 -18"><span class='ocrx_word' id='word_1_178' title='bbox 178 2418 388 2471; x_wconf 77' lang='lat' dir='ltr'>Vitiare</span> <span class='ocrx_word' id='word_1_179' title='bbox 418 2434 554 2471; x_wconf 89' lang='lat' dir='ltr'>cum</span> <span class='ocrx_word' id='word_1_180' title='bbox 586 2418 814 2472; x_wconf 89' lang='lat' dir='ltr'>mansis</span> <span class='ocrx_word' id='word_1_181' title='bbox 847 2419 901 2487; x_wconf 73' lang='lat'>2,</span> <span class='ocrx_word' id='word_1_182' title='bbox 934 2422 991 2473; x_wconf 91' lang='lat' dir='ltr'>et</span> <span class='ocrx_word' id='word_1_183' title='bbox 1021 2419 1247 2473; x_wconf 88' lang='lat' dir='ltr'>cambis</span> <span class='ocrx_word' id='word_1_184' title='bbox 1265 2418 1318 2474; x_wconf 73' lang='grc'><strong>2.</strong></span> <span class='ocrx_word' id='word_1_185' title='bbox 1354 2420 1596 2474; x_wconf 88' lang='lat' dir='ltr'>Mansos</span> <span class='ocrx_word' id='word_1_186' title='bbox 1628 2421 1843 2475; x_wconf 88' lang='lat' dir='ltr'>etenim</span> 
     </span>
    </p>
   </div>
   <div class='ocr_carea' id='block_1_25' title="bbox 175 2508 1845 2579">
    <p class='ocr_par' dir='ltr' id='par_1_25' title="bbox 175 2508 1845 2579">
     <span class='ocr_line' id='line_1_25' title="bbox 175 2508 1845 2579; baseline -0.001 -16"><span class='ocrx_word' id='word_1_187' title='bbox 175 2513 264 2579; x_wconf 90' lang='lat' dir='ltr'>qui</span> <span class='ocrx_word' id='word_1_188' title='bbox 278 2511 349 2563; x_wconf 89' lang='lat' dir='ltr'>ad</span> <span class='ocrx_word' id='word_1_189' title='bbox 367 2508 776 2578; x_wconf 88' lang='lat' dir='ltr'>supradictum</span> <span class='ocrx_word' id='word_1_190' title='bbox 789 2524 1059 2561; x_wconf 86' lang='lat' dir='ltr'>mansum</span> <span class='ocrx_word' id='word_1_191' title='bbox 1072 2508 1487 2563; x_wconf 88' lang='lat' dir='ltr'>dominicatum</span> <span class='ocrx_word' id='word_1_192' title='bbox 1502 2510 1845 2564; x_wconf 88' lang='lat' dir='ltr'>deserviunt</span> 
     </span>
    </p>
   </div>
   <div class='ocr_carea' id='block_1_26' title="bbox 182 2596 1840 2667">
    <p class='ocr_par' dir='ltr' id='par_1_26' title="bbox 182 2596 1840 2667">
     <span class='ocr_line' id='line_1_26' title="bbox 182 2596 1840 2667; baseline 0.002 -17"><span class='ocrx_word' id='word_1_193' title='bbox 182 2601 427 2654; x_wconf 74' lang='lat' dir='ltr'>vestitos</span> <span class='ocrx_word' id='word_1_194' title='bbox 458 2596 719 2667; x_wconf 47' lang='lat'>(143,112,</span> <span class='ocrx_word' id='word_1_195' title='bbox 754 2599 811 2649; x_wconf 89' lang='lat' dir='ltr'>et</span> <span class='ocrx_word' id='word_1_196' title='bbox 840 2596 988 2651; x_wconf 90' lang='lat' dir='ltr'>alios</span> <span class='ocrx_word' id='word_1_197' title='bbox 1019 2597 1119 2667; x_wconf 89' lang='lat' dir='ltr'>qui</span> <span class='ocrx_word' id='word_1_198' title='bbox 1150 2613 1338 2667; x_wconf 87' lang='lat' dir='ltr'>nuper</span> <span class='ocrx_word' id='word_1_199' title='bbox 1367 2599 1562 2653; x_wconf 83' lang='lat' dir='ltr'>vestiti</span> <span class='ocrx_word' id='word_1_200' title='bbox 1586 2604 1723 2653; x_wconf 89' lang='lat' dir='ltr'>sunt</span> <span class='ocrx_word' id='word_1_201' title='bbox 1756 2598 1840 2666; x_wconf 64' lang='grc' dir='ltr'>ω,</span> 
     </span>
    </p>
   </div>
   <div class='ocr_carea' id='block_1_27' title="bbox 180 2686 1844 2758">
    <p class='ocr_par' dir='ltr' id='par_1_27' title="bbox 180 2686 1844 2758">
     <span class='ocr_line' id='line_1_27' title="bbox 180 2686 1844 2758; baseline 0.001 -16"><span class='ocrx_word' id='word_1_202' title='bbox 180 2689 271 2758; x_wconf 88' lang='lat' dir='ltr'>qui</span> <span class='ocrx_word' id='word_1_203' title='bbox 290 2704 403 2742; x_wconf 88' lang='lat' dir='ltr'>nec</span> <span class='ocrx_word' id='word_1_204' title='bbox 428 2686 626 2741; x_wconf 89' lang='lat' dir='ltr'>adhuc</span> <span class='ocrx_word' id='word_1_205' title='bbox 656 2686 952 2756; x_wconf 89' lang='lat' dir='ltr'>integrum</span> <span class='ocrx_word' id='word_1_206' title='bbox 992 2691 1245 2755; x_wconf 90' lang='lat' dir='ltr'>possunt</span> <span class='ocrx_word' id='word_1_207' title='bbox 1303 2686 1539 2740; x_wconf 88' lang='lat' dir='ltr'>solvere</span> <span class='ocrx_word' id='word_1_208' title='bbox 1600 2703 1844 2743; x_wconf 90' lang='lat' dir='ltr'>censum</span> 
     </span>
    </p>
   </div>
   <div class='ocr_carea' id='block_1_28' title="bbox 178 2774 1842 2847">
    <p class='ocr_par' dir='ltr' id='par_1_28' title="bbox 178 2774 1842 2847">
     <span class='ocr_line' id='line_1_28' title="bbox 178 2774 1842 2847; baseline 0.001 -17"><span class='ocrx_word' id='word_1_209' title='bbox 178 2777 351 2830; x_wconf 81' lang='lat' dir='ltr'>absos</span> <span class='ocrx_word' id='word_1_210' title='bbox 387 2774 476 2829; x_wconf 88' lang='lat'>16.</span> <span class='ocrx_word' id='word_1_211' title='bbox 502 2774 820 2828; x_wconf 82' lang='lat' dir='ltr'>Mansuras</span> <span class='ocrx_word' id='word_1_212' title='bbox 850 2774 1066 2827; x_wconf 89' lang='lat' dir='ltr'>etenim</span> <span class='ocrx_word' id='word_1_213' title='bbox 1105 2774 1164 2827; x_wconf 93' lang='lat' dir='ltr'>in</span> <span class='ocrx_word' id='word_1_214' title='bbox 1194 2775 1325 2843; x_wconf 90' lang='lat' dir='ltr'>ipso</span> <span class='ocrx_word' id='word_1_215' title='bbox 1380 2776 1592 2830; x_wconf 79' lang='lat' dir='ltr'>V’illare</span> <span class='ocrx_word' id='word_1_216' title='bbox 1622 2777 1673 2842; x_wconf 84' lang='lat'>9,</span> <span class='ocrx_word' id='word_1_217' title='bbox 1710 2795 1842 2847; x_wconf 85' lang='lat' dir='ltr'>que</span> 
     </span>
    </p>
   </div>
   <div class='ocr_carea' id='block_1_29' title="bbox 175 2862 1838 2933">
    <p class='ocr_par' dir='ltr' id='par_1_29' title="bbox 175 2862 1838 2933">
     <span class='ocr_line' id='line_1_29' title="bbox 175 2862 1838 2933; baseline 0.002 -16"><span class='ocrx_word' id='word_1_218' title='bbox 175 2865 379 2920; x_wconf 86' lang='lat' dir='ltr'>debent</span> <span class='ocrx_word' id='word_1_219' title='bbox 404 2862 645 2917; x_wconf 90' lang='lat' dir='ltr'>solvere</span> <span class='ocrx_word' id='word_1_220' title='bbox 667 2862 896 2916; x_wconf 90' lang='lat' dir='ltr'>solidos</span> <span class='ocrx_word' id='word_1_221' title='bbox 918 2862 971 2929; x_wconf 88' lang='lat'>6,</span> <span class='ocrx_word' id='word_1_222' title='bbox 992 2865 1049 2915; x_wconf 92' lang='lat' dir='ltr'>et</span> <span class='ocrx_word' id='word_1_223' title='bbox 1068 2862 1284 2916; x_wconf 90' lang='lat' dir='ltr'>dicitur</span> <span class='ocrx_word' id='word_1_224' title='bbox 1304 2864 1356 2933; x_wconf 94' lang='lat'>8,</span> <span class='ocrx_word' id='word_1_225' title='bbox 1378 2866 1435 2918; x_wconf 89' lang='lat' dir='ltr'>et</span> <span class='ocrx_word' id='word_1_226' title='bbox 1464 2869 1602 2918; x_wconf 90' lang='lat' dir='ltr'>sunt</span> <span class='ocrx_word' id='word_1_227' title='bbox 1622 2866 1753 2920; x_wconf 91' lang='lat' dir='ltr'>absi</span> <span class='ocrx_word' id='word_1_228' title='bbox 1768 2866 1838 2921; x_wconf 85' lang='lat'>97.</span> 
     </span>
    </p>
   </div>
   <div class='ocr_carea' id='block_1_30' title="bbox 171 2951 1841 3021">
    <p class='ocr_par' dir='ltr' id='par_1_30' title="bbox 171 2951 1841 3021">
     <span class='ocr_line' id='line_1_30' title="bbox 171 2951 1841 3021; baseline 0.002 -15"><span class='ocrx_word' id='word_1_229' title='bbox 171 2952 227 3006; x_wconf 93' lang='lat' dir='ltr'>In</span> <span class='ocrx_word' id='word_1_230' title='bbox 280 2953 415 3008; x_wconf 88' lang='lat' dir='ltr'>loco</span> <span class='ocrx_word' id='word_1_231' title='bbox 476 2955 817 3021; x_wconf 90' lang='lat' dir='ltr'>nuncupato</span> <span class='ocrx_word' id='word_1_232' title='bbox 874 2951 1317 3006; x_wconf 86' lang='lat' dir='ltr'>Grandovillare</span> <span class='ocrx_word' id='word_1_233' title='bbox 1379 2952 1532 3007; x_wconf 91' lang='lat' dir='ltr'>inter</span> <span class='ocrx_word' id='word_1_234' title='bbox 1598 2971 1841 3011; x_wconf 86' lang='lat' dir='ltr'>mansu—</span> 
     </span>
    </p>
   </div>
   <div class='ocr_carea' id='block_1_31' title="bbox 171 3038 1840 3099">
    <p class='ocr_par' dir='ltr' id='par_1_31' title="bbox 171 3038 1840 3099">
     <span class='ocr_line' id='line_1_31' title="bbox 171 3038 1840 3099; baseline 0.002 -4"><span class='ocrx_word' id='word_1_235' title='bbox 171 3057 289 3095; x_wconf 85' lang='lat' dir='ltr'>ram</span> <span class='ocrx_word' id='word_1_236' title='bbox 337 3047 397 3095; x_wconf 89' lang='lat' dir='ltr'>et</span> <span class='ocrx_word' id='word_1_237' title='bbox 435 3044 663 3095; x_wconf 89' lang='lat' dir='ltr'>terram</span> <span class='ocrx_word' id='word_1_238' title='bbox 708 3038 991 3093; x_wconf 87' lang='lat' dir='ltr'>arabilem</span> <span class='ocrx_word' id='word_1_239' title='bbox 1029 3040 1319 3095; x_wconf 88' lang='lat' dir='ltr'>bunuaria</span> <span class='ocrx_word' id='word_1_240' title='bbox 1363 3040 1415 3096; x_wconf 87' lang='lat'>3.</span> <span class='ocrx_word' id='word_1_241' title='bbox 1468 3042 1531 3096; x_wconf 88' lang='lat' dir='ltr'>In</span> <span class='ocrx_word' id='word_1_242' title='bbox 1563 3044 1677 3098; x_wconf 89' lang='lat' dir='ltr'>alio</span> <span class='ocrx_word' id='word_1_243' title='bbox 1708 3044 1840 3099; x_wconf 89' lang='lat' dir='ltr'>loco</span> 
     </span>
    </p>
   </div>
   <div class='ocr_carea' id='block_1_32' title="bbox 171 3128 1839 3201">
    <p class='ocr_par' dir='ltr' id='par_1_32' title="bbox 171 3128 1839 3201">
     <span class='ocr_line' id='line_1_32' title="bbox 171 3128 1839 3201; baseline 0.002 -18"><span class='ocrx_word' id='word_1_244' title='bbox 171 3134 503 3201; x_wconf 80' lang='lat' dir='ltr'>nuncupata</span> <span class='ocrx_word' id='word_1_245' title='bbox 569 3129 864 3183; x_wconf 86' lang='lat' dir='ltr'>Munliaco</span> <span class='ocrx_word' id='word_1_246' title='bbox 930 3128 1082 3182; x_wconf 89' lang='lat' dir='ltr'>inter</span> <span class='ocrx_word' id='word_1_247' title='bbox 1159 3145 1498 3185; x_wconf 87' lang='lat' dir='ltr'>mansuram</span> <span class='ocrx_word' id='word_1_248' title='bbox 1580 3136 1636 3186; x_wconf 88' lang='lat' dir='ltr'>et</span> <span class='ocrx_word' id='word_1_249' title='bbox 1701 3135 1839 3188; x_wconf 88' lang='lat' dir='ltr'>ter-</span> 
     </span>
    </p>
   </div>
   <div class='ocr_carea' id='block_1_33' title="bbox 172 3216 1840 3291">
    <p class='ocr_par' dir='ltr' id='par_1_33' title="bbox 172 3216 1840 3291">
     <span class='ocr_line' id='line_1_33' title="bbox 172 3216 1840 3291; baseline 0.003 -21"><span class='ocrx_word' id='word_1_250' title='bbox 172 3235 283 3272; x_wconf 88' lang='lat' dir='ltr'>ram</span> <span class='ocrx_word' id='word_1_251' title='bbox 339 3218 633 3272; x_wconf 89' lang='lat' dir='ltr'>arabilem</span> <span class='ocrx_word' id='word_1_252' title='bbox 690 3216 981 3271; x_wconf 88' lang='lat' dir='ltr'>bunuaria</span> <span class='ocrx_word' id='word_1_253' title='bbox 1036 3216 1123 3287; x_wconf 83' lang='lat'><strong>3;</strong></span> <span class='ocrx_word' id='word_1_254' title='bbox 1204 3234 1337 3288; x_wconf 88' lang='lat' dir='ltr'>que</span> <span class='ocrx_word' id='word_1_255' title='bbox 1423 3220 1707 3291; x_wconf 87' lang='lat' dir='ltr'>colliguut</span> <span class='ocrx_word' id='word_1_256' title='bbox 1781 3221 1840 3275; x_wconf 90' lang='lat' dir='ltr'>in</span> 
     </span>
    </p>
   </div>
   <div class='ocr_carea' id='block_1_34' title="bbox 170 3305 1835 3380">
    <p class='ocr_par' dir='ltr' id='par_1_34' title="bbox 170 3305 1835 3380">
     <span class='ocr_line' id='line_1_34' title="bbox 170 3305 1835 3380; baseline 0.003 -21"><span class='ocrx_word' id='word_1_257' title='bbox 170 3323 392 3361; x_wconf 84' lang='lat' dir='ltr'>summa</span> <span class='ocrx_word' id='word_1_258' title='bbox 442 3306 641 3360; x_wconf 83' lang='lat' dir='ltr'>mansi</span> <span class='ocrx_word' id='word_1_259' title='bbox 688 3305 798 3373; x_wconf 69' lang='lat'>41;</span> <span class='ocrx_word' id='word_1_260' title='bbox 848 3310 905 3359; x_wconf 93' lang='lat' dir='ltr'>et</span> <span class='ocrx_word' id='word_1_261' title='bbox 954 3306 1244 3375; x_wconf 89' lang='lat' dir='ltr'>mancipia</span> <span class='ocrx_word' id='word_1_262' title='bbox 1290 3307 1601 3379; x_wconf 90' lang='lat' dir='ltr'>utriusque</span> <span class='ocrx_word' id='word_1_263' title='bbox 1630 3325 1835 3380; x_wconf 86' lang='lat' dir='ltr'>sexus,</span> 
     </span>
    </p>
   </div>
   <div class='ocr_carea' id='block_1_35' title="bbox 173 3394 1839 3469">
    <p class='ocr_par' dir='ltr' id='par_1_35' title="bbox 173 3394 1839 3469">
     <span class='ocr_line' id='line_1_35' title="bbox 173 3394 1839 3469; baseline 0.003 -22"><span class='ocrx_word' id='word_1_264' title='bbox 173 3409 293 3464; x_wconf 81' lang='lat' dir='ltr'>que</span> <span class='ocrx_word' id='word_1_265' title='bbox 354 3394 433 3448; x_wconf 86' lang='lat' dir='ltr'>ad</span> <span class='ocrx_word' id='word_1_266' title='bbox 500 3396 696 3463; x_wconf 88' lang='lat' dir='ltr'>ipsum</span> <span class='ocrx_word' id='word_1_267' title='bbox 750 3394 962 3448; x_wconf 86' lang='lat' dir='ltr'>Villare</span> <span class='ocrx_word' id='word_1_268' title='bbox 1030 3396 1342 3465; x_wconf 88' lang='lat' dir='ltr'>aspiciunt,</span> <span class='ocrx_word' id='word_1_269' title='bbox 1411 3412 1519 3451; x_wconf 91' lang='lat' dir='ltr'>seu</span> <span class='ocrx_word' id='word_1_270' title='bbox 1595 3399 1839 3469; x_wconf 84' lang='lat' dir='ltr'>quiquid</span> 
     </span>
    </p>
   </div>
   <div class='ocr_carea' id='block_1_36' title="bbox 166 3482 1838 3554">
    <p class='ocr_par' dir='ltr' id='par_1_36' title="bbox 166 3482 1838 3554">
     <span class='ocr_line' id='line_1_36' title="bbox 166 3482 1838 3554; baseline 0.004 -20"><span class='ocrx_word' id='word_1_271' title='bbox 166 3484 226 3536; x_wconf 82' lang='lat' dir='ltr'>ad</span> <span class='ocrx_word' id='word_1_272' title='bbox 252 3484 594 3554; x_wconf 87' lang='lat' dir='ltr'>predictum</span> <span class='ocrx_word' id='word_1_273' title='bbox 625 3482 818 3537; x_wconf 92' lang='lat' dir='ltr'>locum</span> <span class='ocrx_word' id='word_1_274' title='bbox 849 3499 982 3537; x_wconf 90' lang='lat' dir='ltr'>cum</span> <span class='ocrx_word' id='word_1_275' title='bbox 1039 3485 1315 3539; x_wconf 86' lang='lat' dir='ltr'>omnibus</span> <span class='ocrx_word' id='word_1_276' title='bbox 1364 3486 1732 3554; x_wconf 90' lang='lat' dir='ltr'>appendieiis</span> <span class='ocrx_word' id='word_1_277' title='bbox 1782 3492 1838 3541; x_wconf 90' lang='lat' dir='ltr'>et</span> 
     </span>
    </p>
   </div>
   <div class='ocr_carea' id='block_1_37' title="bbox 170 3572 1837 3643">
    <p class='ocr_par' dir='ltr' id='par_1_37' title="bbox 170 3572 1837 3643">
     <span class='ocr_line' id='line_1_37' title="bbox 170 3572 1837 3643; baseline 0.004 -19"><span class='ocrx_word' id='word_1_278' title='bbox 170 3572 605 3643; x_wconf 73' lang='lat' dir='ltr'>integritahbus</span> <span class='ocrx_word' id='word_1_279' title='bbox 637 3573 767 3626; x_wconf 88' lang='lat' dir='ltr'>suis</span> <span class='ocrx_word' id='word_1_280' title='bbox 798 3573 1067 3642; x_wconf 90' lang='lat' dir='ltr'>pertinet,</span> <span class='ocrx_word' id='word_1_281' title='bbox 1100 3577 1292 3628; x_wconf 87' lang='lat' dir='ltr'>terras</span> <span class='ocrx_word' id='word_1_282' title='bbox 1338 3575 1528 3628; x_wconf 91' lang='lat' dir='ltr'>cultas</span> <span class='ocrx_word' id='word_1_283' title='bbox 1560 3579 1615 3629; x_wconf 91' lang='lat' dir='ltr'>et</span> <span class='ocrx_word' id='word_1_284' title='bbox 1645 3576 1837 3630; x_wconf 87' lang='lat' dir='ltr'>incul-</span> 
     </span>
    </p>
   </div>
   <div class='ocr_carea' id='block_1_38' title="bbox 170 3660 1835 3735">
    <p class='ocr_par' dir='ltr' id='par_1_38' title="bbox 170 3660 1835 3735">
     <span class='ocr_line' id='line_1_38' title="bbox 170 3660 1835 3735; baseline 0.004 -22"><span class='ocrx_word' id='word_1_285' title='bbox 170 3664 267 3729; x_wconf 87' lang='lat' dir='ltr'>tas,</span> <span class='ocrx_word' id='word_1_286' title='bbox 286 3662 527 3730; x_wconf 87' lang='lat' dir='ltr'>pervia,</span> <span class='ocrx_word' id='word_1_287' title='bbox 549 3660 932 3730; x_wconf 82' lang='lat' dir='ltr'>wadiscapia,</span> <span class='ocrx_word' id='word_1_288' title='bbox 953 3664 1136 3730; x_wconf 88' lang='lat' dir='ltr'>prata,</span> <span class='ocrx_word' id='word_1_289' title='bbox 1161 3678 1402 3732; x_wconf 88' lang='lat' dir='ltr'>pascua,</span> <span class='ocrx_word' id='word_1_290' title='bbox 1429 3663 1631 3729; x_wconf 91' lang='lat' dir='ltr'>silvas,</span> <span class='ocrx_word' id='word_1_291' title='bbox 1652 3680 1835 3735; x_wconf 88' lang='lat' dir='ltr'>aquas</span> 
     </span>
    </p>
   </div>
   <div class='ocr_carea' id='block_1_39' title="bbox 174 3748 1838 3819">
    <p class='ocr_par' dir='ltr' id='par_1_39' title="bbox 174 3748 1838 3819">
     <span class='ocr_line' id='line_1_39' title="bbox 174 3748 1838 3819; baseline 0.005 -19"><span class='ocrx_word' id='word_1_292' title='bbox 174 3764 575 3819; x_wconf 83' lang='lat' dir='ltr'>aquarumque</span> <span class='ocrx_word' id='word_1_293' title='bbox 606 3748 921 3803; x_wconf 90' lang='lat' dir='ltr'>decursus.</span> <span class='ocrx_word' id='word_1_294' title='bbox 958 3749 1100 3803; x_wconf 67' lang='lat' dir='ltr'>Haec</span> <span class='ocrx_word' id='word_1_295' title='bbox 1131 3751 1324 3804; x_wconf 92' lang='lat' dir='ltr'>omnia</span> <span class='ocrx_word' id='word_1_296' title='bbox 1344 3752 1516 3806; x_wconf 90' lang='lat' dir='ltr'>nobis</span> <span class='ocrx_word' id='word_1_297' title='bbox 1536 3749 1838 3808; x_wconf 82' lang='lat' dir='ltr'>concessit</span> 
     </span>
    </p>
   </div>
   <div class='ocr_carea' id='block_1_40' title="bbox 171 3837 1837 3910">
    <p class='ocr_par' dir='ltr' id='par_1_40' title="bbox 171 3837 1837 3910">
     <span class='ocr_line' id='line_1_40' title="bbox 171 3837 1837 3910; baseline 0.005 -21"><span class='ocrx_word' id='word_1_298' title='bbox 171 3837 415 3891; x_wconf 87' lang='lat' dir='ltr'>domnus</span> <span class='ocrx_word' id='word_1_299' title='bbox 446 3837 657 3892; x_wconf 87' lang='lat' dir='ltr'>senior</span> <span class='ocrx_word' id='word_1_300' title='bbox 674 3840 877 3892; x_wconf 89' lang='lat' dir='ltr'>noster</span> <span class='ocrx_word' id='word_1_301' title='bbox 898 3837 1200 3893; x_wconf 76' lang='lat' dir='ltr'>Johannes</span> <span class='ocrx_word' id='word_1_302' title='bbox 1218 3840 1560 3910; x_wconf 89' lang='lat' dir='ltr'>episcopus,</span> <span class='ocrx_word' id='word_1_303' title='bbox 1577 3857 1645 3896; x_wconf 76' lang='lat' dir='ltr'>eo</span> <span class='ocrx_word' id='word_1_304' title='bbox 1669 3843 1837 3897; x_wconf 87' lang='lat' dir='ltr'>vide-</span> 
     </span>
    </p>
   </div>
   <div class='ocr_carea' id='block_1_41' title="bbox 166 3924 1839 3998">
    <p class='ocr_par' dir='ltr' id='par_1_41' title="bbox 166 3924 1839 3998">
     <span class='ocr_line' id='line_1_41' title="bbox 166 3924 1839 3998; baseline 0.005 -21"><span class='ocrx_word' id='word_1_305' title='bbox 166 3924 293 3980; x_wconf 84' lang='lat' dir='ltr'>licet</span> <span class='ocrx_word' id='word_1_306' title='bbox 309 3930 546 3995; x_wconf 87' lang='lat' dir='ltr'>tenore,</span> <span class='ocrx_word' id='word_1_307' title='bbox 571 3930 635 3979; x_wconf 92' lang='lat' dir='ltr'>ut</span> <span class='ocrx_word' id='word_1_308' title='bbox 656 3927 809 3980; x_wconf 89' lang='lat' dir='ltr'>sicut</span> <span class='ocrx_word' id='word_1_309' title='bbox 839 3927 1118 3996; x_wconf 90' lang='lat' dir='ltr'>superius</span> <span class='ocrx_word' id='word_1_310' title='bbox 1137 3928 1421 3998; x_wconf 85' lang='lat' dir='ltr'>diximus,</span> <span class='ocrx_word' id='word_1_311' title='bbox 1448 3929 1584 3984; x_wconf 92' lang='lat' dir='ltr'>dum</span> <span class='ocrx_word' id='word_1_312' title='bbox 1599 3931 1839 3987; x_wconf 87' lang='lat' dir='ltr'>advixe-</span> 
     </span>
    </p>
   </div>
   <div class='ocr_carea' id='block_1_42' title="bbox 172 4016 1834 4091">
    <p class='ocr_par' dir='ltr' id='par_1_42' title="bbox 172 4016 1834 4091">
     <span class='ocr_line' id='line_1_42' title="bbox 172 4016 1834 4091; baseline 0.005 -24"><span class='ocrx_word' id='word_1_313' title='bbox 172 4016 372 4083; x_wconf 85' lang='lat' dir='ltr'>rimus,</span> <span class='ocrx_word' id='word_1_314' title='bbox 410 4019 630 4084; x_wconf 86' lang='lat' dir='ltr'>utrum,</span> <span class='ocrx_word' id='word_1_315' title='bbox 658 4019 713 4068; x_wconf 93' lang='lat' dir='ltr'>et</span> <span class='ocrx_word' id='word_1_316' title='bbox 743 4016 897 4085; x_wconf 90' lang='lat' dir='ltr'>quod</span> <span class='ocrx_word' id='word_1_317' title='bbox 928 4016 1197 4070; x_wconf 88' lang='lat' dir='ltr'>dedimus</span> <span class='ocrx_word' id='word_1_318' title='bbox 1220 4019 1448 4088; x_wconf 86' lang='lat' dir='ltr'>etquod</span> <span class='ocrx_word' id='word_1_319' title='bbox 1474 4021 1834 4091; x_wconf 90' lang='lat' dir='ltr'>accepimus,</span> 
     </span>
    </p>
   </div>
   <div class='ocr_carea' id='block_1_43' title="bbox 167 4103 1839 4175">
    <p class='ocr_par' dir='ltr' id='par_1_43' title="bbox 167 4103 1839 4175">
     <span class='ocr_line' id='line_1_43' title="bbox 167 4103 1839 4175; baseline 0.005 -19"><span class='ocrx_word' id='word_1_320' title='bbox 167 4106 519 4170; x_wconf 85' lang='lat' dir='ltr'>potestatem</span> <span class='ocrx_word' id='word_1_321' title='bbox 555 4103 878 4157; x_wconf 87' lang='lat' dir='ltr'>habeamus</span> <span class='ocrx_word' id='word_1_322' title='bbox 900 4119 1157 4172; x_wconf 85' lang='lat' dir='ltr'>;necnon</span> <span class='ocrx_word' id='word_1_323' title='bbox 1172 4108 1228 4159; x_wconf 91' lang='lat' dir='ltr'>et</span> <span class='ocrx_word' id='word_1_324' title='bbox 1258 4107 1594 4175; x_wconf 85' lang='lat' dir='ltr'>supradicta</span> <span class='ocrx_word' id='word_1_325' title='bbox 1626 4110 1839 4164; x_wconf 85' lang='lat' dir='ltr'>Achel-</span> 
     </span>
    </p>
   </div>
   <div class='ocr_carea' id='block_1_44' title="bbox 174 4192 1839 4268">
    <p class='ocr_par' dir='ltr' id='par_1_44' title="bbox 174 4192 1839 4268">
     <span class='ocr_line' id='line_1_44' title="bbox 174 4192 1839 4268; baseline 0.006 -25"><span class='ocrx_word' id='word_1_326' title='bbox 174 4192 280 4260; x_wconf 89' lang='lat' dir='ltr'>dis,</span> <span class='ocrx_word' id='word_1_327' title='bbox 314 4208 431 4247; x_wconf 87' lang='lat' dir='ltr'>seu</span> <span class='ocrx_word' id='word_1_328' title='bbox 460 4196 521 4245; x_wconf 91' lang='lat' dir='ltr'>et</span> <span class='ocrx_word' id='word_1_329' title='bbox 551 4193 731 4246; x_wconf 89' lang='lat' dir='ltr'>ceteri</span> <span class='ocrx_word' id='word_1_330' title='bbox 764 4192 1019 4246; x_wconf 89' lang='lat' dir='ltr'>infantes</span> <span class='ocrx_word' id='word_1_331' title='bbox 1053 4194 1261 4263; x_wconf 83' lang='lat' dir='ltr'>nostii,</span> <span class='ocrx_word' id='word_1_332' title='bbox 1305 4195 1403 4265; x_wconf 86' lang='lat' dir='ltr'>qui</span> <span class='ocrx_word' id='word_1_333' title='bbox 1445 4197 1515 4251; x_wconf 94' lang='lat' dir='ltr'>dc</span> <span class='ocrx_word' id='word_1_334' title='bbox 1555 4196 1839 4268; x_wconf 75' lang='lat' dir='ltr'>jamdicta</span> 
     </span>
    </p>
   </div>
   <div class='ocr_carea' id='block_1_45' title="bbox 166 4281 1841 4353">
    <p class='ocr_par' dir='ltr' id='par_1_45' title="bbox 166 4281 1841 4353">
     <span class='ocr_line' id='line_1_45' title="bbox 166 4281 1841 4353; baseline 0.005 -20"><span class='ocrx_word' id='word_1_335' title='bbox 166 4281 420 4352; x_wconf 77' lang='lat' dir='ltr'>conjuge</span> <span class='ocrx_word' id='word_1_336' title='bbox 456 4296 587 4335; x_wconf 91' lang='lat' dir='ltr'>mea</span> <span class='ocrx_word' id='word_1_337' title='bbox 619 4281 903 4335; x_wconf 89' lang='lat' dir='ltr'>nascituri</span> <span class='ocrx_word' id='word_1_338' title='bbox 935 4287 1092 4351; x_wconf 91' lang='lat' dir='ltr'>sunt,</span> <span class='ocrx_word' id='word_1_339' title='bbox 1129 4283 1180 4336; x_wconf 90' lang='lat' dir='ltr'>si</span> <span class='ocrx_word' id='word_1_340' title='bbox 1212 4286 1570 4353; x_wconf 88' lang='lat' dir='ltr'>superstites</span> <span class='ocrx_word' id='word_1_341' title='bbox 1593 4286 1766 4341; x_wconf 88' lang='lat' dir='ltr'>nobis</span> <span class='ocrx_word' id='word_1_342' title='bbox 1788 4286 1841 4329; x_wconf 82' lang='lat'>98</span> 
     </span>
    </p>
   </div>
   <div class='ocr_carea' id='block_1_46' title="bbox 170 4368 1841 4440">
    <p class='ocr_par' dir='ltr' id='par_1_46' title="bbox 170 4368 1841 4440">
     <span class='ocr_line' id='line_1_46' title="bbox 170 4368 1841 4440; baseline 0.005 -19"><span class='ocrx_word' id='word_1_343' title='bbox 170 4368 405 4437; x_wconf 85' lang='lat' dir='ltr'>fuerint,</span> <span class='ocrx_word' id='word_1_344' title='bbox 423 4370 697 4424; x_wconf 91' lang='lat' dir='ltr'>similiter</span> <span class='ocrx_word' id='word_1_345' title='bbox 710 4370 848 4424; x_wconf 91' lang='lat' dir='ltr'>dum</span> <span class='ocrx_word' id='word_1_346' title='bbox 860 4370 1210 4439; x_wconf 82' lang='lat' dir='ltr'>advixerint,</span> <span class='ocrx_word' id='word_1_347' title='bbox 1227 4376 1573 4440; x_wconf 87' lang='lat' dir='ltr'>potestatem</span> <span class='ocrx_word' id='word_1_348' title='bbox 1590 4376 1841 4431; x_wconf 85' lang='lat' dir='ltr'>habeant</span> 
     </span>
    </p>
   </div>
   <div class='ocr_carea' id='block_1_47' title="bbox 164 4458 1837 4535">
    <p class='ocr_par' dir='ltr' id='par_1_47' title="bbox 164 4458 1837 4535">
     <span class='ocr_line' id='line_1_47' title="bbox 164 4458 1837 4535; baseline 0.006 -25"><span class='ocrx_word' id='word_1_349' title='bbox 164 4473 273 4511; x_wconf 86' lang='lat' dir='ltr'>usu</span> <span class='ocrx_word' id='word_1_350' title='bbox 320 4458 656 4512; x_wconf 82' lang='lat' dir='ltr'>fructuario</span> <span class='ocrx_word' id='word_1_351' title='bbox 687 4460 960 4514; x_wconf 81' lang='lat' dir='ltr'>excolere</span> <span class='ocrx_word' id='word_1_352' title='bbox 992 4464 1049 4513; x_wconf 90' lang='lat' dir='ltr'>et</span> <span class='ocrx_word' id='word_1_353' title='bbox 1096 4461 1431 4529; x_wconf 88' lang='lat' dir='ltr'>possidere.</span> <span class='ocrx_word' id='word_1_354' title='bbox 1468 4462 1537 4518; x_wconf 86' lang='lat' dir='ltr'>Et</span> <span class='ocrx_word' id='word_1_355' title='bbox 1567 4480 1673 4533; x_wconf 89' lang='lat' dir='ltr'>pro</span> <span class='ocrx_word' id='word_1_356' title='bbox 1706 4466 1837 4535; x_wconf 90' lang='lat' dir='ltr'>ipso</span> 
     </span>
    </p>
   </div>
   <div class='ocr_carea' id='block_1_48' title="bbox 167 4546 1834 4625">
    <p class='ocr_par' dir='ltr' id='par_1_48' title="bbox 167 4546 1834 4625">
     <span class='ocr_line' id='line_1_48' title="bbox 167 4546 1834 4625; baseline 0.007 -27"><span class='ocrx_word' id='word_1_357' title='bbox 167 4562 282 4599; x_wconf 86' lang='lat' dir='ltr'>usu</span> <span class='ocrx_word' id='word_1_358' title='bbox 310 4546 662 4600; x_wconf 89' lang='lat' dir='ltr'>censuimus</span> <span class='ocrx_word' id='word_1_359' title='bbox 693 4548 865 4602; x_wconf 90' lang='lat' dir='ltr'>annis</span> <span class='ocrx_word' id='word_1_360' title='bbox 897 4548 1155 4620; x_wconf 84' lang='lat' dir='ltr'>singulis</span> <span class='ocrx_word' id='word_1_361' title='bbox 1188 4549 1414 4605; x_wconf 89' lang='lat' dir='ltr'>solidos</span> <span class='ocrx_word' id='word_1_362' title='bbox 1456 4552 1507 4619; x_wconf 74' lang='lat'>2,</span> <span class='ocrx_word' id='word_1_363' title='bbox 1558 4557 1615 4606; x_wconf 90' lang='lat' dir='ltr'>ut</span> <span class='ocrx_word' id='word_1_364' title='bbox 1645 4554 1834 4625; x_wconf 91' lang='lat' dir='ltr'>ipsos,</span> 
     </span>
    </p>
   </div>
   <div class='ocr_carea' id='block_1_49' title="bbox 168 4634 1838 4705">
    <p class='ocr_par' dir='ltr' id='par_1_49' title="bbox 168 4634 1838 4705">
     <span class='ocr_line' id='line_1_49' title="bbox 168 4634 1838 4705; baseline 0.007 -18"><span class='ocrx_word' id='word_1_365' title='bbox 168 4635 295 4688; x_wconf 85' lang='lat' dir='ltr'>dam</span> <span class='ocrx_word' id='word_1_366' title='bbox 323 4634 754 4704; x_wconf 83' lang='lat' dir='ltr'>advixerimus,</span> <span class='ocrx_word' id='word_1_367' title='bbox 790 4637 1103 4692; x_wconf 86' lang='lat' dir='ltr'>exsolvere</span> <span class='ocrx_word' id='word_1_368' title='bbox 1135 4638 1425 4693; x_wconf 88' lang='lat' dir='ltr'>faciamus</span> <span class='ocrx_word' id='word_1_369' title='bbox 1449 4657 1464 4705; x_wconf 87' lang='lat'><em>;</em></span> <span class='ocrx_word' id='word_1_370' title='bbox 1491 4640 1761 4696; x_wconf 88' lang='lat' dir='ltr'>similiter</span> <span class='ocrx_word' id='word_1_371' title='bbox 1782 4648 1838 4698; x_wconf 89' lang='lat' dir='ltr'>et</span> 
     </span>
    </p>
   </div>
   <div class='ocr_carea' id='block_1_50' title="bbox 169 4723 1837 4797">
    <p class='ocr_par' dir='ltr' id='par_1_50' title="bbox 169 4723 1837 4797">
     <span class='ocr_line' id='line_1_50' title="bbox 169 4723 1837 4797; baseline 0.007 -22"><span class='ocrx_word' id='word_1_372' title='bbox 169 4725 351 4778; x_wconf 83' lang='lat' dir='ltr'>nostri</span> <span class='ocrx_word' id='word_1_373' title='bbox 364 4723 652 4792; x_wconf 87' lang='lat' dir='ltr'>infantes,</span> <span class='ocrx_word' id='word_1_374' title='bbox 669 4724 809 4779; x_wconf 88' lang='lat' dir='ltr'>dum</span> <span class='ocrx_word' id='word_1_375' title='bbox 819 4725 1172 4797; x_wconf 83' lang='lat' dir='ltr'>advixerint,</span> <span class='ocrx_word' id='word_1_376' title='bbox 1193 4727 1512 4783; x_wconf 84' lang='lat' dir='ltr'>exsolvere</span> <span class='ocrx_word' id='word_1_377' title='bbox 1536 4728 1751 4785; x_wconf 87' lang='lat' dir='ltr'>faciant</span> <span class='ocrx_word' id='word_1_378' title='bbox 1764 4733 1837 4786; x_wconf 88' lang='lat' dir='ltr'>ad</span> 
     </span>
    </p>
   </div>
   <div class='ocr_carea' id='block_1_51' title="bbox 1865 3623 1918 3683">
    <p class='ocr_par' dir='ltr' id='par_1_51' title="bbox 1865 3623 1918 3683">
     <span class='ocr_line' id='line_1_51' title="bbox 1865 3623 1918 3683; baseline 0 0"><span class='ocrx_word' id='word_1_379' title='bbox 1865 3623 1918 3683; x_wconf 96' lang='lat' dir='ltr'>D</span> 
     </span>
    </p>
   </div>
   <div class='ocr_carea' id='block_1_52' title="bbox 1953 555 3619 629">
    <p class='ocr_par' dir='ltr' id='par_1_52' title="bbox 1953 555 3619 629">
     <span class='ocr_line' id='line_1_52' title="bbox 1953 555 3619 629; baseline 0.004 -22"><span class='ocrx_word' id='word_1_380' title='bbox 1953 556 2131 609; x_wconf 90' lang='lat' dir='ltr'>vitate</span> <span class='ocrx_word' id='word_1_381' title='bbox 2176 555 2603 623; x_wconf 78' lang='lat' dir='ltr'>purificationis</span> <span class='ocrx_word' id='word_1_382' title='bbox 2651 559 2875 609; x_wconf 87' lang='lat' dir='ltr'>sancte</span> <span class='ocrx_word' id='word_1_383' title='bbox 2912 556 3148 621; x_wconf 67' lang='lat' dir='ltr'>Mariae;</span> <span class='ocrx_word' id='word_1_384' title='bbox 3193 561 3249 612; x_wconf 91' lang='lat' dir='ltr'>et</span> <span class='ocrx_word' id='word_1_385' title='bbox 3284 560 3337 612; x_wconf 90' lang='lat' dir='ltr'>si</span> <span class='ocrx_word' id='word_1_386' title='bbox 3384 559 3455 613; x_wconf 90' lang='lat' dir='ltr'>de</span> <span class='ocrx_word' id='word_1_387' title='bbox 3488 559 3619 629; x_wconf 90' lang='lat' dir='ltr'>ipso</span> 
     </span>
    </p>
   </div>
   <div class='ocr_carea' id='block_1_53' title="bbox 1955 643 3622 717">
    <p class='ocr_par' dir='ltr' id='par_1_53' title="bbox 1955 643 3622 717">
     <span class='ocr_line' id='line_1_53' title="bbox 1955 643 3622 717; baseline 0.002 -20"><span class='ocrx_word' id='word_1_388' title='bbox 1955 660 2141 698; x_wconf 80' lang='lat' dir='ltr'>censu</span> <span class='ocrx_word' id='word_1_389' title='bbox 2169 644 2321 697; x_wconf 87' lang='lat' dir='ltr'>tardi</span> <span class='ocrx_word' id='word_1_390' title='bbox 2370 647 2466 697; x_wconf 91' lang='lat' dir='ltr'>aut</span> <span class='ocrx_word' id='word_1_391' title='bbox 2507 643 2884 715; x_wconf 79' lang='lat' dir='ltr'>negligentes</span> <span class='ocrx_word' id='word_1_392' title='bbox 2944 647 3412 717; x_wconf 89' lang='lat' dir='ltr'>apparuerimus,</span> <span class='ocrx_word' id='word_1_393' title='bbox 3449 648 3622 703; x_wconf 82' lang='lat' dir='ltr'>fidem</span> 
     </span>
    </p>
   </div>
   <div class='ocr_carea' id='block_1_54' title="bbox 1953 726 3622 802">
    <p class='ocr_par' dir='ltr' id='par_1_54' title="bbox 1953 726 3622 802">
     <span class='ocr_line' id='line_1_54' title="bbox 1953 726 3622 802; baseline 0.003 -16"><span class='ocrx_word' id='word_1_394' title='bbox 1953 732 2164 786; x_wconf 81' lang='lat' dir='ltr'>exinde</span> <span class='ocrx_word' id='word_1_395' title='bbox 2200 733 2508 801; x_wconf 88' lang='lat' dir='ltr'>faciamus,</span> <span class='ocrx_word' id='word_1_396' title='bbox 2545 735 2602 786; x_wconf 94' lang='lat' dir='ltr'>et</span> <span class='ocrx_word' id='word_1_397' title='bbox 2659 726 2861 787; x_wconf 80' lang='lat' dir='ltr'>contra</span> <span class='ocrx_word' id='word_1_398' title='bbox 2913 734 3311 802; x_wconf 88' lang='lat' dir='ltr'>supradi’ctam</span> <span class='ocrx_word' id='word_1_399' title='bbox 3361 740 3622 790; x_wconf 89' lang='lat' dir='ltr'>sanctam</span> 
     </span>
    </p>
   </div>
   <div class='ocr_carea' id='block_1_55' title="bbox 1953 821 3623 893">
    <p class='ocr_par' dir='ltr' id='par_1_55' title="bbox 1953 821 3623 893">
     <span class='ocr_line' id='line_1_55' title="bbox 1953 821 3623 893; baseline 0.004 -20"><span class='ocrx_word' id='word_1_400' title='bbox 1953 821 2057 874; x_wconf 90' lang='lat' dir='ltr'>Dei</span> <span class='ocrx_word' id='word_1_401' title='bbox 2090 821 2425 874; x_wconf 87' lang='lat' dir='ltr'>ecclesiam</span> <span class='ocrx_word' id='word_1_402' title='bbox 2450 821 2562 875; x_wconf 90' lang='lat' dir='ltr'>hoc</span> <span class='ocrx_word' id='word_1_403' title='bbox 2593 837 3038 891; x_wconf 88' lang='lat' dir='ltr'>componamus.</span> <span class='ocrx_word' id='word_1_404' title='bbox 3074 822 3145 876; x_wconf 85' lang='lat' dir='ltr'>Et</span> <span class='ocrx_word' id='word_1_405' title='bbox 3174 824 3244 877; x_wconf 88' lang='lat' dir='ltr'>de</span> <span class='ocrx_word' id='word_1_406' title='bbox 3275 824 3424 893; x_wconf 89' lang='lat' dir='ltr'>ipsis</span> <span class='ocrx_word' id='word_1_407' title='bbox 3442 827 3623 880; x_wconf 86' lang='lat' dir='ltr'>rebus</span> 
     </span>
    </p>
   </div>
   <div class='ocr_carea' id='block_1_56' title="bbox 1952 909 3624 980">
    <p class='ocr_par' dir='ltr' id='par_1_56' title="bbox 1952 909 3624 980">
     <span class='ocr_line' id='line_1_56' title="bbox 1952 909 3624 980; baseline 0.004 -19"><span class='ocrx_word' id='word_1_408' title='bbox 1952 909 2043 962; x_wconf 92' lang='lat' dir='ltr'>vel</span> <span class='ocrx_word' id='word_1_409' title='bbox 2068 909 2379 978; x_wconf 86' lang='lat' dir='ltr'>mancipiis</span> <span class='ocrx_word' id='word_1_410' title='bbox 2410 909 2528 964; x_wconf 90' lang='lat' dir='ltr'>ullo</span> <span class='ocrx_word' id='word_1_411' title='bbox 2563 910 2735 964; x_wconf 94' lang='lat' dir='ltr'>modo</span> <span class='ocrx_word' id='word_1_412' title='bbox 2768 913 3115 980; x_wconf 87' lang='lat' dir='ltr'>potestatem</span> <span class='ocrx_word' id='word_1_413' title='bbox 3148 928 3265 965; x_wconf 92' lang='lat' dir='ltr'>non</span> <span class='ocrx_word' id='word_1_414' title='bbox 3302 912 3624 968; x_wconf 87' lang='lat' dir='ltr'>habeamus</span> 
     </span>
    </p>
   </div>
   <div class='ocr_carea' id='block_1_57' title="bbox 1952 998 3625 1068">
    <p class='ocr_par' dir='ltr' id='par_1_57' title="bbox 1952 998 3625 1068">
     <span class='ocr_line' id='line_1_57' title="bbox 1952 998 3625 1068; baseline 0.003 -18"><span class='ocrx_word' id='word_1_415' title='bbox 1952 998 2124 1051; x_wconf 89' lang='lat' dir='ltr'>dandi</span> <span class='ocrx_word' id='word_1_416' title='bbox 2156 998 2249 1051; x_wconf 90' lang='lat' dir='ltr'>vel</span> <span class='ocrx_word' id='word_1_417' title='bbox 2281 998 2673 1053; x_wconf 86' lang='lat' dir='ltr'>commutandi</span> <span class='ocrx_word' id='word_1_418' title='bbox 2693 1003 2791 1053; x_wconf 90' lang='lat' dir='ltr'>aut</span> <span class='ocrx_word' id='word_1_419' title='bbox 2812 1000 3125 1068; x_wconf 87' lang='lat' dir='ltr'>alienandi,</span> <span class='ocrx_word' id='word_1_420' title='bbox 3151 1000 3266 1055; x_wconf 91' lang='lat' dir='ltr'>nisi</span> <span class='ocrx_word' id='word_1_421' title='bbox 3290 1002 3359 1055; x_wconf 89' lang='lat' dir='ltr'>ad</span> <span class='ocrx_word' id='word_1_422' title='bbox 3392 1002 3625 1055; x_wconf 89' lang='lat' dir='ltr'>salvan-</span> 
     </span>
    </p>
   </div>
   <div class='ocr_carea' id='block_1_58' title="bbox 1951 1086 3624 1161">
    <p class='ocr_par' dir='ltr' id='par_1_58' title="bbox 1951 1086 3624 1161">
     <span class='ocr_line' id='line_1_58' title="bbox 1951 1086 3624 1161; baseline 0.004 -22"><span class='ocrx_word' id='word_1_423' title='bbox 1951 1086 2089 1141; x_wconf 91' lang='lat' dir='ltr'>dum</span> <span class='ocrx_word' id='word_1_424' title='bbox 2137 1090 2192 1140; x_wconf 86' lang='lat' dir='ltr'>et</span> <span class='ocrx_word' id='word_1_425' title='bbox 2242 1087 2725 1157; x_wconf 90' lang='lat' dir='ltr'>emeliorandum,</span> <span class='ocrx_word' id='word_1_426' title='bbox 2760 1088 2897 1142; x_wconf 91' lang='lat' dir='ltr'>dum</span> <span class='ocrx_word' id='word_1_427' title='bbox 2929 1089 3369 1156; x_wconf 89' lang='lat' dir='ltr'>advixerimus;</span> <span class='ocrx_word' id='word_1_428' title='bbox 3404 1094 3460 1144; x_wconf 91' lang='lat' dir='ltr'>et</span> <span class='ocrx_word' id='word_1_429' title='bbox 3491 1096 3624 1161; x_wconf 90' lang='lat' dir='ltr'>post</span> 
     </span>
    </p>
   </div>
   <div class='ocr_carea' id='block_1_59' title="bbox 1950 1176 3619 1235">
    <p class='ocr_par' dir='ltr' id='par_1_59' title="bbox 1950 1176 3619 1235">
     <span class='ocr_line' id='line_1_59' title="bbox 1950 1176 3619 1235; baseline 0.002 -6"><span class='ocrx_word' id='word_1_430' title='bbox 1950 1178 2216 1229; x_wconf 91' lang='lat' dir='ltr'>nostrum</span> <span class='ocrx_word' id='word_1_431' title='bbox 2230 1179 2285 1229; x_wconf 92' lang='lat' dir='ltr'>et</span> <span class='ocrx_word' id='word_1_432' title='bbox 2314 1179 2652 1230; x_wconf 88' lang='lat' dir='ltr'>nostrorum</span> <span class='ocrx_word' id='word_1_433' title='bbox 2672 1176 2957 1232; x_wconf 89' lang='lat' dir='ltr'>infantum</span> <span class='ocrx_word' id='word_1_434' title='bbox 2990 1178 3061 1232; x_wconf 92' lang='lat' dir='ltr'>de</span> <span class='ocrx_word' id='word_1_435' title='bbox 3092 1179 3202 1233; x_wconf 90' lang='lat' dir='ltr'>hac</span> <span class='ocrx_word' id='word_1_436' title='bbox 3226 1179 3358 1234; x_wconf 92' lang='lat' dir='ltr'>luce</span> <span class='ocrx_word' id='word_1_437' title='bbox 3383 1180 3619 1235; x_wconf 89' lang='lat' dir='ltr'>disces-</span> 
     </span>
    </p>
   </div>
   <div class='ocr_carea' id='block_1_60' title="bbox 1952 1264 3624 1340">
    <p class='ocr_par' dir='ltr' id='par_1_60' title="bbox 1952 1264 3624 1340">
     <span class='ocr_line' id='line_1_60' title="bbox 1952 1264 3624 1340; baseline 0.004 -23"><span class='ocrx_word' id='word_1_438' title='bbox 1952 1279 2105 1333; x_wconf 91' lang='lat' dir='ltr'>sum,</span> <span class='ocrx_word' id='word_1_439' title='bbox 2127 1264 2255 1318; x_wconf 81' lang='lat' dir='ltr'>hec</span> <span class='ocrx_word' id='word_1_440' title='bbox 2276 1265 2468 1318; x_wconf 88' lang='lat' dir='ltr'>omnia</span> <span class='ocrx_word' id='word_1_441' title='bbox 2494 1266 2834 1335; x_wconf 88' lang='lat' dir='ltr'>supradicta</span> <span class='ocrx_word' id='word_1_442' title='bbox 2858 1282 2991 1320; x_wconf 91' lang='lat' dir='ltr'>cum</span> <span class='ocrx_word' id='word_1_443' title='bbox 3013 1269 3171 1322; x_wconf 92' lang='lat' dir='ltr'>omni</span> <span class='ocrx_word' id='word_1_444' title='bbox 3205 1268 3541 1340; x_wconf 81' lang='lat' dir='ltr'>integritate</span> <span class='ocrx_word' id='word_1_445' title='bbox 3564 1271 3624 1324; x_wconf 92' lang='lat' dir='ltr'>et</span> 
     </span>
    </p>
   </div>
   <div class='ocr_carea' id='block_1_61' title="bbox 1951 1352 3619 1413">
    <p class='ocr_par' dir='ltr' id='par_1_61' title="bbox 1951 1352 3619 1413">
     <span class='ocr_line' id='line_1_61' title="bbox 1951 1352 3619 1413; baseline 0.005 -8"><span class='ocrx_word' id='word_1_446' title='bbox 1951 1352 2389 1408; x_wconf 86' lang='lat' dir='ltr'>emelioratione</span> <span class='ocrx_word' id='word_1_447' title='bbox 2419 1353 2491 1407; x_wconf 91' lang='lat' dir='ltr'>ad</span> <span class='ocrx_word' id='word_1_448' title='bbox 2523 1357 2788 1408; x_wconf 89' lang='lat' dir='ltr'>sanctam</span> <span class='ocrx_word' id='word_1_449' title='bbox 2820 1355 2927 1408; x_wconf 91' lang='lat' dir='ltr'>Dei</span> <span class='ocrx_word' id='word_1_450' title='bbox 2967 1356 3309 1411; x_wconf 87' lang='lat' dir='ltr'>ecclesiam</span> <span class='ocrx_word' id='word_1_451' title='bbox 3340 1356 3619 1413; x_wconf 85' lang='lat' dir='ltr'>Camera-</span> 
     </span>
    </p>
   </div>
   <div class='ocr_carea' id='block_1_62' title="bbox 1952 1441 3625 1514">
    <p class='ocr_par' dir='ltr' id='par_1_62' title="bbox 1952 1441 3625 1514">
     <span class='ocr_line' id='line_1_62' title="bbox 1952 1441 3625 1514; baseline 0.005 -21"><span class='ocrx_word' id='word_1_452' title='bbox 1952 1456 2193 1494; x_wconf 90' lang='lat' dir='ltr'>censem</span> <span class='ocrx_word' id='word_1_453' title='bbox 2213 1445 2602 1495; x_wconf 86' lang='lat' dir='ltr'>revertantur.</span> <span class='ocrx_word' id='word_1_454' title='bbox 2627 1441 2689 1496; x_wconf 91' lang='lat' dir='ltr'>Si</span> <span class='ocrx_word' id='word_1_455' title='bbox 2710 1458 2873 1512; x_wconf 90' lang='lat' dir='ltr'>vero,</span> <span class='ocrx_word' id='word_1_456' title='bbox 2895 1444 3051 1514; x_wconf 90' lang='lat' dir='ltr'>quod</span> <span class='ocrx_word' id='word_1_457' title='bbox 3071 1444 3335 1499; x_wconf 87' lang='lat' dir='ltr'>futurum</span> <span class='ocrx_word' id='word_1_458' title='bbox 3349 1463 3487 1502; x_wconf 90' lang='lat' dir='ltr'>esse</span> <span class='ocrx_word' id='word_1_459' title='bbox 3508 1463 3625 1502; x_wconf 92' lang='lat' dir='ltr'>non</span> 
     </span>
    </p>
   </div>
   <div class='ocr_carea' id='block_1_63' title="bbox 1952 1528 3622 1603">
    <p class='ocr_par' dir='ltr' id='par_1_63' title="bbox 1952 1528 3622 1603">
     <span class='ocr_line' id='line_1_63' title="bbox 1952 1528 3622 1603; baseline 0.005 -21"><span class='ocrx_word' id='word_1_460' title='bbox 1952 1528 2275 1598; x_wconf 90' lang='lat' dir='ltr'>credimus,</span> <span class='ocrx_word' id='word_1_461' title='bbox 2311 1530 2527 1600; x_wconf 90' lang='lat' dir='ltr'>aliquis</span> <span class='ocrx_word' id='word_1_462' title='bbox 2579 1531 2650 1584; x_wconf 91' lang='lat' dir='ltr'>de</span> <span class='ocrx_word' id='word_1_463' title='bbox 2699 1530 3023 1586; x_wconf 89' lang='lat' dir='ltr'>heredibus</span> <span class='ocrx_word' id='word_1_464' title='bbox 3074 1549 3142 1585; x_wconf 91' lang='lat' dir='ltr'>ac</span> <span class='ocrx_word' id='word_1_465' title='bbox 3191 1534 3622 1603; x_wconf 90' lang='lat' dir='ltr'>proheredibus</span> 
     </span>
    </p>
   </div>
   <div class='ocr_carea' id='block_1_64' title="bbox 1951 1618 3618 1697">
    <p class='ocr_par' dir='ltr' id='par_1_64' title="bbox 1951 1618 3618 1697">
     <span class='ocr_line' id='line_1_64' title="bbox 1951 1618 3618 1697; baseline 0.004 -26"><span class='ocrx_word' id='word_1_466' title='bbox 1951 1618 2176 1671; x_wconf 89' lang='lat' dir='ltr'>nostris</span> <span class='ocrx_word' id='word_1_467' title='bbox 2206 1621 2408 1673; x_wconf 87' lang='lat' dir='ltr'>contra</span> <span class='ocrx_word' id='word_1_468' title='bbox 2438 1618 2587 1673; x_wconf 87' lang='lat' dir='ltr'>hanc</span> <span class='ocrx_word' id='word_1_469' title='bbox 2623 1619 2996 1674; x_wconf 84' lang='lat' dir='ltr'>donationem</span> <span class='ocrx_word' id='word_1_470' title='bbox 3024 1625 3287 1676; x_wconf 88' lang='lat' dir='ltr'>nostram</span> <span class='ocrx_word' id='word_1_471' title='bbox 3320 1623 3450 1678; x_wconf 90' lang='lat' dir='ltr'>sive</span> <span class='ocrx_word' id='word_1_472' title='bbox 3480 1639 3618 1697; x_wconf 90' lang='lat' dir='ltr'>pre-</span> 
     </span>
    </p>
   </div>
   <div class='ocr_carea' id='block_1_65' title="bbox 1954 1706 3623 1779">
    <p class='ocr_par' dir='ltr' id='par_1_65' title="bbox 1954 1706 3623 1779">
     <span class='ocr_line' id='line_1_65' title="bbox 1954 1706 3623 1779; baseline 0.004 -20"><span class='ocrx_word' id='word_1_473' title='bbox 1954 1706 2175 1760; x_wconf 86' lang='lat' dir='ltr'>cariam</span> <span class='ocrx_word' id='word_1_474' title='bbox 2192 1706 2395 1761; x_wconf 89' lang='lat' dir='ltr'>venire</span> <span class='ocrx_word' id='word_1_475' title='bbox 2416 1711 2514 1761; x_wconf 86' lang='lat' dir='ltr'>aut</span> <span class='ocrx_word' id='word_1_476' title='bbox 2536 1722 2664 1762; x_wconf 85' lang='lat' dir='ltr'>eam</span> <span class='ocrx_word' id='word_1_477' title='bbox 2686 1707 3014 1779; x_wconf 90' lang='lat' dir='ltr'>inquietare</span> <span class='ocrx_word' id='word_1_478' title='bbox 3049 1710 3441 1779; x_wconf 87' lang='lat' dir='ltr'>temptaverit,</span> <span class='ocrx_word' id='word_1_479' title='bbox 3475 1712 3623 1766; x_wconf 88' lang='lat' dir='ltr'>iram</span> 
     </span>
    </p>
   </div>
   <div class='ocr_carea' id='block_1_66' title="bbox 1956 1795 3620 1868">
    <p class='ocr_par' dir='ltr' id='par_1_66' title="bbox 1956 1795 3620 1868">
     <span class='ocr_line' id='line_1_66' title="bbox 1956 1795 3620 1868; baseline 0.005 -21"><span class='ocrx_word' id='word_1_480' title='bbox 1956 1795 2061 1848; x_wconf 91' lang='lat' dir='ltr'>Dei</span> <span class='ocrx_word' id='word_1_481' title='bbox 2090 1795 2505 1864; x_wconf 88' lang='lat' dir='ltr'>omnipotentis</span> <span class='ocrx_word' id='word_1_482' title='bbox 2529 1799 2585 1849; x_wconf 91' lang='lat' dir='ltr'>et</span> <span class='ocrx_word' id='word_1_483' title='bbox 2616 1799 2834 1850; x_wconf 83' lang='lat' dir='ltr'>sancte</span> <span class='ocrx_word' id='word_1_484' title='bbox 2866 1796 3165 1852; x_wconf 88' lang='lat' dir='ltr'>Trinitatis</span> <span class='ocrx_word' id='word_1_485' title='bbox 3197 1800 3477 1868; x_wconf 88' lang='lat' dir='ltr'>incurrat,</span> <span class='ocrx_word' id='word_1_486' title='bbox 3502 1803 3558 1856; x_wconf 91' lang='lat' dir='ltr'>et</span> <span class='ocrx_word' id='word_1_487' title='bbox 3585 1816 3620 1856; x_wconf 87' lang='lat' dir='ltr'>a</span> 
     </span>
    </p>
   </div>
   <div class='ocr_carea' id='block_1_67' title="bbox 1950 1883 3619 1943">
    <p class='ocr_par' dir='ltr' id='par_1_67' title="bbox 1950 1883 3619 1943">
     <span class='ocr_line' id='line_1_67' title="bbox 1950 1883 3619 1943; baseline 0.004 -7"><span class='ocrx_word' id='word_1_488' title='bbox 1950 1883 2253 1938; x_wconf 89' lang='lat' dir='ltr'>liminibus</span> <span class='ocrx_word' id='word_1_489' title='bbox 2286 1887 2507 1939; x_wconf 84' lang='lat' dir='ltr'>sancte</span> <span class='ocrx_word' id='word_1_490' title='bbox 2541 1885 2642 1938; x_wconf 92' lang='lat' dir='ltr'>Dei</span> <span class='ocrx_word' id='word_1_491' title='bbox 2675 1885 2968 1940; x_wconf 81' lang='lat' dir='ltr'>ecclesiae</span> <span class='ocrx_word' id='word_1_492' title='bbox 3020 1885 3248 1940; x_wconf 90' lang='lat' dir='ltr'>alienus</span> <span class='ocrx_word' id='word_1_493' title='bbox 3281 1888 3514 1943; x_wconf 88' lang='lat' dir='ltr'>existat.</span> <span class='ocrx_word' id='word_1_494' title='bbox 3547 1888 3619 1943; x_wconf 89' lang='lat' dir='ltr'>Et</span> 
     </span>
    </p>
   </div>
   <div class='ocr_carea' id='block_1_68' title="bbox 1952 1972 3618 2047">
    <p class='ocr_par' dir='ltr' id='par_1_68' title="bbox 1952 1972 3618 2047">
     <span class='ocr_line' id='line_1_68' title="bbox 1952 1972 3618 2047; baseline 0.005 -23"><span class='ocrx_word' id='word_1_495' title='bbox 1952 1972 2196 2041; x_wconf 89' lang='lat' dir='ltr'>insuper</span> <span class='ocrx_word' id='word_1_496' title='bbox 2225 1972 2297 2025; x_wconf 88' lang='lat' dir='ltr'>ad</span> <span class='ocrx_word' id='word_1_497' title='bbox 2317 1975 2541 2042; x_wconf 89' lang='lat' dir='ltr'>partem</span> <span class='ocrx_word' id='word_1_498' title='bbox 2565 1973 2698 2027; x_wconf 83' lang='lat' dir='ltr'>ﬁsci</span> <span class='ocrx_word' id='word_1_499' title='bbox 2716 1974 2846 2027; x_wconf 90' lang='lat' dir='ltr'>auri</span> <span class='ocrx_word' id='word_1_500' title='bbox 2866 1974 3051 2028; x_wconf 91' lang='lat' dir='ltr'>libras</span> <span class='ocrx_word' id='word_1_501' title='bbox 3076 1974 3161 2043; x_wconf 87' lang='lat'>10,</span> <span class='ocrx_word' id='word_1_502' title='bbox 3177 1977 3404 2047; x_wconf 79' lang='lat' dir='ltr'>argenti</span> <span class='ocrx_word' id='word_1_503' title='bbox 3426 1977 3618 2047; x_wconf 90' lang='lat' dir='ltr'>ponda</span> 
     </span>
    </p>
   </div>
   <div class='ocr_carea' id='block_1_69' title="bbox 1949 2059 3617 2132">
    <p class='ocr_par' dir='ltr' id='par_1_69' title="bbox 1949 2059 3617 2132">
     <span class='ocr_line' id='line_1_69' title="bbox 1949 2059 3617 2132; baseline 0.004 -19"><span class='ocrx_word' id='word_1_504' title='bbox 1949 2059 2038 2128; x_wconf 86' lang='lat'>30,</span> <span class='ocrx_word' id='word_1_505' title='bbox 2075 2064 2315 2114; x_wconf 88' lang='lat' dir='ltr'>coactus</span> <span class='ocrx_word' id='word_1_506' title='bbox 2345 2061 2631 2115; x_wconf 85' lang='lat' dir='ltr'>exsolvat.</span> <span class='ocrx_word' id='word_1_507' title='bbox 2681 2061 2752 2115; x_wconf 88' lang='lat' dir='ltr'>Et</span> <span class='ocrx_word' id='word_1_508' title='bbox 2780 2062 2910 2116; x_wconf 86' lang='lat' dir='ltr'>hec</span> <span class='ocrx_word' id='word_1_509' title='bbox 2967 2062 3202 2117; x_wconf 89' lang='lat' dir='ltr'>donatio</span> <span class='ocrx_word' id='word_1_510' title='bbox 3236 2066 3453 2132; x_wconf 87' lang='lat' dir='ltr'>pariter</span> <span class='ocrx_word' id='word_1_511' title='bbox 3482 2082 3617 2120; x_wconf 90' lang='lat' dir='ltr'>cum</span> 
     </span>
    </p>
   </div>
   <div class='ocr_carea' id='block_1_70' title="bbox 1953 2149 3615 2222">
    <p class='ocr_par' dir='ltr' id='par_1_70' title="bbox 1953 2149 3615 2222">
     <span class='ocr_line' id='line_1_70' title="bbox 1953 2149 3615 2222; baseline 0.005 -21"><span class='ocrx_word' id='word_1_512' title='bbox 1953 2149 2217 2218; x_wconf 88' lang='lat' dir='ltr'>precaria</span> <span class='ocrx_word' id='word_1_513' title='bbox 2236 2150 2401 2202; x_wconf 75' lang='lat' dir='ltr'>firma</span> <span class='ocrx_word' id='word_1_514' title='bbox 2415 2153 2469 2203; x_wconf 90' lang='lat' dir='ltr'>et</span> <span class='ocrx_word' id='word_1_515' title='bbox 2484 2150 2713 2203; x_wconf 89' lang='lat' dir='ltr'>stabilis</span> <span class='ocrx_word' id='word_1_516' title='bbox 2736 2153 3076 2221; x_wconf 90' lang='lat' dir='ltr'>permaneat</span> <span class='ocrx_word' id='word_1_517' title='bbox 3093 2168 3225 2206; x_wconf 89' lang='lat' dir='ltr'>cum</span> <span class='ocrx_word' id='word_1_518' title='bbox 3242 2153 3615 2222; x_wconf 89' lang='lat' dir='ltr'>stipulatione</span> 
     </span>
    </p>
   </div>
   <div class='ocr_carea' id='block_1_71' title="bbox 1953 2236 3619 2298">
    <p class='ocr_par' dir='ltr' id='par_1_71' title="bbox 1953 2236 3619 2298">
     <span class='ocr_line' id='line_1_71' title="bbox 1953 2236 3619 2298; baseline 0.005 -9"><span class='ocrx_word' id='word_1_519' title='bbox 1953 2236 2226 2290; x_wconf 77' lang='lat' dir='ltr'>subnixa.</span> <span class='ocrx_word' id='word_1_520' title='bbox 2249 2238 2459 2291; x_wconf 84' lang='lat' dir='ltr'>Actum</span> <span class='ocrx_word' id='word_1_521' title='bbox 2473 2237 2790 2293; x_wconf 84' lang='lat' dir='ltr'>Cameraco</span> <span class='ocrx_word' id='word_1_522' title='bbox 2810 2240 3043 2293; x_wconf 84' lang='lat' dir='ltr'>civitate</span> <span class='ocrx_word' id='word_1_523' title='bbox 3056 2244 3188 2295; x_wconf 88' lang='lat' dir='ltr'>ante</span> <span class='ocrx_word' id='word_1_524' title='bbox 3202 2241 3382 2295; x_wconf 89' lang='lat' dir='ltr'>altare</span> <span class='ocrx_word' id='word_1_525' title='bbox 3397 2246 3619 2298; x_wconf 87' lang='lat' dir='ltr'>sancte</span> 
     </span>
    </p>
   </div>
   <div class='ocr_carea' id='block_1_72' title="bbox 1954 2325 3620 2394">
    <p class='ocr_par' dir='ltr' id='par_1_72' title="bbox 1954 2325 3620 2394">
     <span class='ocr_line' id='line_1_72' title="bbox 1954 2325 3620 2394; baseline 0.005 -17"><span class='ocrx_word' id='word_1_526' title='bbox 1954 2325 2177 2393; x_wconf 89' lang='lat' dir='ltr'>Marie,</span> <span class='ocrx_word' id='word_1_527' title='bbox 2198 2325 2402 2379; x_wconf 87' lang='lat' dir='ltr'>Idibus</span> <span class='ocrx_word' id='word_1_528' title='bbox 2426 2326 2648 2394; x_wconf 80' lang='lat' dir='ltr'>Aprilis</span> <span class='ocrx_word' id='word_1_529' title='bbox 2671 2342 2823 2381; x_wconf 90' lang='lat' dir='ltr'>anno</span> <span class='ocrx_word' id='word_1_530' title='bbox 2848 2328 3169 2383; x_wconf 85' lang='lat' dir='ltr'>Dominice</span> <span class='ocrx_word' id='word_1_531' title='bbox 3193 2329 3620 2385; x_wconf 89' lang='lat' dir='ltr'>Incarnationis</span> 
     </span>
    </p>
   </div>
   <div class='ocr_carea' id='block_1_73' title="bbox 1953 2412 3619 2487">
    <p class='ocr_par' dir='ltr' id='par_1_73' title="bbox 1953 2412 3619 2487">
     <span class='ocr_line' id='line_1_73' title="bbox 1953 2412 3619 2487; baseline 0.003 -18"><span class='ocrx_word' id='word_1_532' title='bbox 1953 2412 2058 2469; x_wconf 89' lang='grc'>885</span> <span class='ocrx_word' id='word_1_533' title='bbox 2079 2414 2225 2481; x_wconf 82' lang='grc'>(144)</span> <span class='ocrx_word' id='word_1_534' title='bbox 2259 2414 2578 2469; x_wconf 88' lang='lat' dir='ltr'>indictione</span> <span class='ocrx_word' id='word_1_535' title='bbox 2608 2414 2640 2468; x_wconf 84' lang='lat'>&#39;7</span> <span class='ocrx_word' id='word_1_536' title='bbox 2666 2419 2721 2469; x_wconf 91' lang='lat' dir='ltr'>et</span> <span class='ocrx_word' id='word_1_537' title='bbox 2750 2431 2903 2469; x_wconf 84' lang='lat' dir='ltr'>anno</span> <span class='ocrx_word' id='word_1_538' title='bbox 2951 2415 3019 2470; x_wconf 83' lang='lat'>35</span> <span class='ocrx_word' id='word_1_539' title='bbox 3059 2418 3230 2487; x_wconf 81' lang='lat' dir='ltr'>regni</span> <span class='ocrx_word' id='word_1_540' title='bbox 3261 2419 3480 2472; x_wconf 89' lang='lat' dir='ltr'>domini</span> <span class='ocrx_word' id='word_1_541' title='bbox 3510 2436 3619 2474; x_wconf 88' lang='lat' dir='ltr'>no-</span> 
     </span>
    </p>
   </div>
   <div class='ocr_carea' id='block_1_74' title="bbox 1955 2502 3616 2580">
    <p class='ocr_par' dir='ltr' id='par_1_74' title="bbox 1955 2502 3616 2580">
     <span class='ocr_line' id='line_1_74' title="bbox 1955 2502 3616 2580; baseline 0.005 -26"><span class='ocrx_word' id='word_1_542' title='bbox 1955 2502 2066 2555; x_wconf 88' lang='lat' dir='ltr'>stri</span> <span class='ocrx_word' id='word_1_543' title='bbox 2095 2502 2297 2555; x_wconf 85' lang='lat' dir='ltr'>Karoli</span> <span class='ocrx_word' id='word_1_544' title='bbox 2328 2503 2514 2573; x_wconf 83' lang='lat' dir='ltr'>regis,</span> <span class='ocrx_word' id='word_1_545' title='bbox 2555 2507 2611 2556; x_wconf 90' lang='lat' dir='ltr'>et</span> <span class='ocrx_word' id='word_1_546' title='bbox 2660 2504 2720 2556; x_wconf 92' lang='lat' dir='ltr'>in</span> <span class='ocrx_word' id='word_1_547' title='bbox 2751 2520 3044 2559; x_wconf 89' lang='lat' dir='ltr'>successu</span> <span class='ocrx_word' id='word_1_548' title='bbox 3077 2505 3338 2559; x_wconf 89' lang='lat' dir='ltr'>Lotharii</span> <span class='ocrx_word' id='word_1_549' title='bbox 3370 2508 3534 2580; x_wconf 89' lang='lat' dir='ltr'>regis</span> <span class='ocrx_word' id='word_1_550' title='bbox 3563 2510 3616 2564; x_wconf 89' lang='lat'>5.</span> 
     </span>
    </p>
   </div>
   <div class='ocr_carea' id='block_1_75' title="bbox 1955 2590 3623 2667">
    <p class='ocr_par' dir='ltr' id='par_1_75' title="bbox 1955 2590 3623 2667">
     <span class='ocr_line' id='line_1_75' title="bbox 1955 2590 3623 2667; baseline 0.006 -25"><span class='ocrx_word' id='word_1_551' title='bbox 1955 2590 2080 2661; x_wconf 87' lang='lat' dir='ltr'>Ego</span> <span class='ocrx_word' id='word_1_552' title='bbox 2102 2590 2403 2644; x_wconf 84' lang='lat' dir='ltr'>Johannes</span> <span class='ocrx_word' id='word_1_553' title='bbox 2427 2592 2747 2661; x_wconf 88' lang='lat' dir='ltr'>episcopus</span> <span class='ocrx_word' id='word_1_554' title='bbox 2771 2593 2922 2646; x_wconf 88' lang='lat' dir='ltr'>hanc</span> <span class='ocrx_word' id='word_1_555' title='bbox 2942 2593 3318 2650; x_wconf 88' lang='lat' dir='ltr'>donationem</span> <span class='ocrx_word' id='word_1_556' title='bbox 3339 2596 3547 2667; x_wconf 80' lang='lat' dir='ltr'>relegi,</span> <span class='ocrx_word' id='word_1_557' title='bbox 3563 2600 3623 2652; x_wconf 90' lang='lat' dir='ltr'>et</span> 
     </span>
    </p>
   </div>
   <div class='ocr_carea' id='block_1_76' title="bbox 1952 2679 3619 2753">
    <p class='ocr_par' dir='ltr' id='par_1_76' title="bbox 1952 2679 3619 2753">
     <span class='ocr_line' id='line_1_76' title="bbox 1952 2679 3619 2753; baseline 0.005 -22"><span class='ocrx_word' id='word_1_558' title='bbox 1952 2679 2189 2749; x_wconf 89' lang='lat' dir='ltr'>propria</span> <span class='ocrx_word' id='word_1_559' title='bbox 2217 2695 2393 2733; x_wconf 88' lang='lat' dir='ltr'>manu</span> <span class='ocrx_word' id='word_1_560' title='bbox 2416 2681 2726 2750; x_wconf 71' lang='lat' dir='ltr'>tirmavi.+</span> <span class='ocrx_word' id='word_1_561' title='bbox 2748 2680 2995 2753; x_wconf 86' lang='lat' dir='ltr'>Signum</span> <span class='ocrx_word' id='word_1_562' title='bbox 3014 2683 3296 2737; x_wconf 86' lang='lat' dir='ltr'>Macharii</span> <span class='ocrx_word' id='word_1_563' title='bbox 3319 2688 3373 2739; x_wconf 92' lang='lat' dir='ltr'>et</span> <span class='ocrx_word' id='word_1_564' title='bbox 3406 2685 3619 2740; x_wconf 84' lang='lat' dir='ltr'>uxoris</span> 
     </span>
    </p>
   </div>
   <div class='ocr_carea' id='block_1_77' title="bbox 1940 2766 3621 2841">
    <p class='ocr_par' dir='ltr' id='par_1_77' title="bbox 1940 2766 3621 2841">
     <span class='ocr_line' id='line_1_77' title="bbox 1940 2766 3621 2841; baseline 0.005 -20"><span class='ocrx_word' id='word_1_565' title='bbox 1940 2766 2088 2837; x_wconf 79' lang='lat' dir='ltr'>ejus</span> <span class='ocrx_word' id='word_1_566' title='bbox 2118 2766 2470 2837; x_wconf 79' lang='lat' dir='ltr'>Gundradae,</span> <span class='ocrx_word' id='word_1_567' title='bbox 2503 2769 2604 2839; x_wconf 92' lang='lat' dir='ltr'>qui</span> <span class='ocrx_word' id='word_1_568' title='bbox 2636 2770 2785 2824; x_wconf 82' lang='lat' dir='ltr'>hanc</span> <span class='ocrx_word' id='word_1_569' title='bbox 2818 2770 3191 2826; x_wconf 88' lang='lat' dir='ltr'>donationem</span> <span class='ocrx_word' id='word_1_570' title='bbox 3232 2773 3455 2841; x_wconf 88' lang='lat' dir='ltr'>pariter</span> <span class='ocrx_word' id='word_1_571' title='bbox 3487 2790 3621 2829; x_wconf 90' lang='lat' dir='ltr'>cum</span> 
     </span>
    </p>
   </div>
   <div class='ocr_carea' id='block_1_78' title="bbox 1954 2856 3620 2933">
    <p class='ocr_par' dir='ltr' id='par_1_78' title="bbox 1954 2856 3620 2933">
     <span class='ocr_line' id='line_1_78' title="bbox 1954 2856 3620 2933; baseline 0.005 -23"><span class='ocrx_word' id='word_1_572' title='bbox 1954 2857 2219 2925; x_wconf 86' lang='lat' dir='ltr'>precaria</span> <span class='ocrx_word' id='word_1_573' title='bbox 2250 2856 2378 2911; x_wconf 81' lang='lat' dir='ltr'>fieri</span> <span class='ocrx_word' id='word_1_574' title='bbox 2406 2857 2499 2911; x_wconf 90' lang='lat' dir='ltr'>vel</span> <span class='ocrx_word' id='word_1_575' title='bbox 2516 2858 2735 2912; x_wconf 81' lang='lat' dir='ltr'>ﬁrmari</span> <span class='ocrx_word' id='word_1_576' title='bbox 2768 2864 3147 2930; x_wconf 88' lang='lat' dir='ltr'>rogaverunt.</span> <span class='ocrx_word' id='word_1_577' title='bbox 3170 2860 3294 2933; x_wconf 88' lang='lat' dir='ltr'>Ego</span> <span class='ocrx_word' id='word_1_578' title='bbox 3326 2862 3620 2918; x_wconf 90' lang='lat' dir='ltr'>Ernaldus</span> 
     </span>
    </p>
   </div>
   <div class='ocr_carea' id='block_1_79' title="bbox 1953 2945 3622 3016">
    <p class='ocr_par' dir='ltr' id='par_1_79' title="bbox 1953 2945 3622 3016">
     <span class='ocr_line' id='line_1_79' title="bbox 1953 2945 3622 3016; baseline 0.006 -19"><span class='ocrx_word' id='word_1_579' title='bbox 1953 2945 2234 3016; x_wconf 87' lang='lat' dir='ltr'>indignus</span> <span class='ocrx_word' id='word_1_580' title='bbox 2259 2947 2553 3016; x_wconf 88' lang='lat' dir='ltr'>presbiter</span> <span class='ocrx_word' id='word_1_581' title='bbox 2575 2951 2628 3000; x_wconf 93' lang='lat' dir='ltr'>et</span> <span class='ocrx_word' id='word_1_582' title='bbox 2662 2950 2954 3002; x_wconf 85' lang='lat' dir='ltr'>manualis</span> <span class='ocrx_word' id='word_1_583' title='bbox 2984 2950 3253 3004; x_wconf 88' lang='lat' dir='ltr'>notarius</span> <span class='ocrx_word' id='word_1_584' title='bbox 3278 2950 3429 3005; x_wconf 89' lang='lat' dir='ltr'>hanc</span> <span class='ocrx_word' id='word_1_585' title='bbox 3448 2952 3622 3007; x_wconf 84' lang='lat' dir='ltr'>dona-</span> 
     </span>
    </p>
   </div>
   <div class='ocr_carea' id='block_1_80' title="bbox 1952 3032 3611 3111">
    <p class='ocr_par' dir='ltr' id='par_1_80' title="bbox 1952 3032 3611 3111">
     <span class='ocr_line' id='line_1_80' title="bbox 1952 3032 3611 3111; baseline 0.005 -26"><span class='ocrx_word' id='word_1_586' title='bbox 1952 3032 2434 3103; x_wconf 80' lang='lat' dir='ltr'>tionemjubente</span> <span class='ocrx_word' id='word_1_587' title='bbox 2464 3035 2677 3089; x_wconf 92' lang='lat' dir='ltr'>domno</span> <span class='ocrx_word' id='word_1_588' title='bbox 2702 3036 2970 3091; x_wconf 86' lang='lat' dir='ltr'>Johanne</span> <span class='ocrx_word' id='word_1_589' title='bbox 3004 3038 3284 3108; x_wconf 89' lang='lat' dir='ltr'>episcopo</span> <span class='ocrx_word' id='word_1_590' title='bbox 3315 3040 3553 3111; x_wconf 88' lang='lat' dir='ltr'>scripsi.</span> <span class='ocrx_word' id='word_1_591' title='bbox 3590 3064 3611 3089; x_wconf 78' lang='grc' dir='ltr'><strong>υ</strong></span> 
     </span>
    </p>
   </div>
   <div class='ocr_carea' id='block_1_81' title="bbox 2023 3124 3622 3200">
    <p class='ocr_par' dir='ltr' id='par_1_81' title="bbox 2023 3124 3622 3200">
     <span class='ocr_line' id='line_1_81' title="bbox 2023 3124 3622 3200; baseline 0.006 -25"><span class='ocrx_word' id='word_1_592' title='bbox 2023 3124 2112 3176; x_wconf 87' lang='grc'>55.</span> <span class='ocrx_word' id='word_1_593' title='bbox 2138 3124 2275 3193; x_wconf 78' lang='lat'>(53.)</span> <span class='ocrx_word' id='word_1_594' title='bbox 2307 3124 2676 3179; x_wconf 66' lang='lat' dir='ltr'>zEchesiam</span> <span class='ocrx_word' id='word_1_595' title='bbox 2692 3126 3085 3182; x_wconf 82' lang='lat' dir='ltr'>Laubiensem</span> <span class='ocrx_word' id='word_1_596' title='bbox 3109 3128 3182 3182; x_wconf 83' lang='lat' dir='ltr'>ab</span> <span class='ocrx_word' id='word_1_597' title='bbox 3212 3130 3622 3200; x_wconf 81' lang='lat' dir='ltr'>inquietudine</span> 
     </span>
    </p>
   </div>
   <div class='ocr_carea' id='block_1_82' title="bbox 1951 3210 3621 3287">
    <p class='ocr_par' dir='ltr' id='par_1_82' title="bbox 1951 3210 3621 3287">
     <span class='ocr_line' id='line_1_82' title="bbox 1951 3210 3621 3287; baseline 0.005 -23"><span class='ocrx_word' id='word_1_598' title='bbox 1951 3210 2330 3266; x_wconf 71' lang='lat' dir='ltr'>Karlensium</span> <span class='ocrx_word' id='word_1_599' title='bbox 2362 3212 2672 3267; x_wconf 79' lang='lat' dir='ltr'>liberavit.</span> <span class='ocrx_word' id='word_1_600' title='bbox 2692 3214 3094 3269; x_wconf 85' lang='lat' dir='ltr'>Excrescente</span> <span class='ocrx_word' id='word_1_601' title='bbox 3116 3216 3369 3287; x_wconf 89' lang='lat' dir='ltr'>denique</span> <span class='ocrx_word' id='word_1_602' title='bbox 3388 3218 3621 3274; x_wconf 90' lang='lat' dir='ltr'>discor-</span> 
     </span>
    </p>
   </div>
   <div class='ocr_carea' id='block_1_83' title="bbox 1952 3299 3619 3373">
    <p class='ocr_par' dir='ltr' id='par_1_83' title="bbox 1952 3299 3619 3373">
     <span class='ocr_line' id='line_1_83' title="bbox 1952 3299 3619 3373; baseline 0.005 -20"><span class='ocrx_word' id='word_1_603' title='bbox 1952 3299 2046 3353; x_wconf 89' lang='lat' dir='ltr'>dia</span> <span class='ocrx_word' id='word_1_604' title='bbox 2076 3300 2227 3353; x_wconf 89' lang='lat' dir='ltr'>inter</span> <span class='ocrx_word' id='word_1_605' title='bbox 2250 3299 2577 3355; x_wconf 89' lang='lat' dir='ltr'>Karlenses</span> <span class='ocrx_word' id='word_1_606' title='bbox 2598 3304 2653 3355; x_wconf 89' lang='lat' dir='ltr'>et</span> <span class='ocrx_word' id='word_1_607' title='bbox 2684 3302 3128 3373; x_wconf 87' lang='lat' dir='ltr'>Lotharienses,</span> <span class='ocrx_word' id='word_1_608' title='bbox 3150 3305 3418 3359; x_wconf 85' lang='lat' dir='ltr'>ecclesia</span> <span class='ocrx_word' id='word_1_609' title='bbox 3462 3306 3619 3361; x_wconf 84' lang='lat' dir='ltr'>Lau-</span> 
     </span>
    </p>
   </div>
   <div class='ocr_carea' id='block_1_84' title="bbox 1949 3388 3617 3464">
    <p class='ocr_par' dir='ltr' id='par_1_84' title="bbox 1949 3388 3617 3464">
     <span class='ocr_line' id='line_1_84' title="bbox 1949 3388 3617 3464; baseline 0.005 -23"><span class='ocrx_word' id='word_1_610' title='bbox 1949 3388 2179 3442; x_wconf 90' lang='lat' dir='ltr'>biensis</span> <span class='ocrx_word' id='word_1_611' title='bbox 2202 3390 2833 3445; x_wconf 86' lang='lat' dir='ltr'>malelabefactabatur</span> <span class='ocrx_word' id='word_1_612' title='bbox 2856 3409 2866 3445; x_wconf 94' lang='lat'><strong>:</strong></span> <span class='ocrx_word' id='word_1_613' title='bbox 2894 3394 3041 3447; x_wconf 91' lang='lat' dir='ltr'>adeo</span> <span class='ocrx_word' id='word_1_614' title='bbox 3065 3393 3300 3464; x_wconf 91' lang='lat' dir='ltr'>quippe,</span> <span class='ocrx_word' id='word_1_615' title='bbox 3326 3396 3388 3448; x_wconf 91' lang='lat' dir='ltr'>ut</span> <span class='ocrx_word' id='word_1_616' title='bbox 3405 3410 3617 3451; x_wconf 88' lang='lat' dir='ltr'>everso</span> 
     </span>
    </p>
   </div>
   <div class='ocr_carea' id='block_1_85' title="bbox 1951 3466 3615 3551">
    <p class='ocr_par' dir='ltr' id='par_1_85' title="bbox 1951 3466 3615 3551">
     <span class='ocr_line' id='line_1_85' title="bbox 1951 3466 3615 3551; baseline 0.005 -20"><span class='ocrx_word' id='word_1_617' title='bbox 1951 3478 2185 3546; x_wconf 89' lang='lat' dir='ltr'>penitus</span> <span class='ocrx_word' id='word_1_618' title='bbox 2217 3478 2347 3532; x_wconf 89' lang='lat' dir='ltr'>loco</span> <span class='ocrx_word' id='word_1_619' title='bbox 2390 3479 2743 3534; x_wconf 86' lang='lat' dir='ltr'>famulantes</span> <span class='ocrx_word' id='word_1_620' title='bbox 2788 3481 3026 3551; x_wconf 83' lang='lat' dir='ltr'>pulsum</span> <span class='ocrx_word' id='word_1_621' title='bbox 3082 3483 3155 3535; x_wconf 91' lang='lat' dir='ltr'>iri</span> <span class='ocrx_word' id='word_1_622' title='bbox 3214 3466 3615 3539; x_wconf 82' lang='lat' dir='ltr'>crederentur.</span> 
     </span>
    </p>
   </div>
   <div class='ocr_carea' id='block_1_86' title="bbox 1951 3564 3615 3642">
    <p class='ocr_par' dir='ltr' id='par_1_86' title="bbox 1951 3564 3615 3642">
     <span class='ocr_line' id='line_1_86' title="bbox 1951 3564 3615 3642; baseline 0.005 -25"><span class='ocrx_word' id='word_1_623' title='bbox 1951 3564 2285 3636; x_wconf 87' lang='lat' dir='ltr'>Episcopus</span> <span class='ocrx_word' id='word_1_624' title='bbox 2343 3570 2535 3621; x_wconf 90' lang='lat' dir='ltr'>tamen</span> <span class='ocrx_word' id='word_1_625' title='bbox 2592 3568 2791 3623; x_wconf 91' lang='lat' dir='ltr'>divino</span> <span class='ocrx_word' id='word_1_626' title='bbox 2848 3570 3097 3624; x_wconf 91' lang='lat' dir='ltr'>consilio</span> <span class='ocrx_word' id='word_1_627' title='bbox 3136 3586 3286 3624; x_wconf 92' lang='lat' dir='ltr'>usus</span> <span class='ocrx_word' id='word_1_628' title='bbox 3316 3574 3434 3641; x_wconf 85' lang='lat' dir='ltr'>(an.</span> <span class='ocrx_word' id='word_1_629' title='bbox 3469 3571 3615 3642; x_wconf 88' lang='lat'>868),</span> 
     </span>
    </p>
   </div>
   <div class='ocr_carea' id='block_1_87' title="bbox 1950 3653 3617 3726">
    <p class='ocr_par' dir='ltr' id='par_1_87' title="bbox 1950 3653 3617 3726">
     <span class='ocr_line' id='line_1_87' title="bbox 1950 3653 3617 3726; baseline 0.005 -18"><span class='ocrx_word' id='word_1_630' title='bbox 1950 3653 2263 3724; x_wconf 91' lang='lat' dir='ltr'>poletieum</span> <span class='ocrx_word' id='word_1_631' title='bbox 2294 3654 2443 3725; x_wconf 85' lang='grc'>(145)</span> <span class='ocrx_word' id='word_1_632' title='bbox 2474 3656 2633 3726; x_wconf 92' lang='lat' dir='ltr'>quod</span> <span class='ocrx_word' id='word_1_633' title='bbox 2662 3658 2853 3712; x_wconf 92' lang='lat' dir='ltr'>adhuc</span> <span class='ocrx_word' id='word_1_634' title='bbox 2886 3659 2945 3712; x_wconf 90' lang='lat' dir='ltr'>in</span> <span class='ocrx_word' id='word_1_635' title='bbox 2977 3659 3181 3713; x_wconf 89' lang='lat' dir='ltr'>eadem</span> <span class='ocrx_word' id='word_1_636' title='bbox 3211 3660 3484 3715; x_wconf 89' lang='lat' dir='ltr'>ecclesia</span> <span class='ocrx_word' id='word_1_637' title='bbox 3519 3676 3617 3717; x_wconf 77' lang='lat' dir='ltr'>re-</span> 
     </span>
    </p>
   </div>
   <div class='ocr_carea' id='block_1_88' title="bbox 1950 3742 3613 3818">
    <p class='ocr_par' dir='ltr' id='par_1_88' title="bbox 1950 3742 3613 3818">
     <span class='ocr_line' id='line_1_88' title="bbox 1950 3742 3613 3818; baseline 0.006 -23"><span class='ocrx_word' id='word_1_638' title='bbox 1950 3746 2244 3812; x_wconf 90' lang='lat' dir='ltr'>servatur,</span> <span class='ocrx_word' id='word_1_639' title='bbox 2282 3743 2563 3814; x_wconf 89' lang='lat' dir='ltr'>scripsit;</span> <span class='ocrx_word' id='word_1_640' title='bbox 2623 3747 2676 3798; x_wconf 92' lang='lat' dir='ltr'>et</span> <span class='ocrx_word' id='word_1_641' title='bbox 2708 3742 3204 3818; x_wconf 45' lang='lat' dir='ltr'>hoc‘apostolica</span> <span class='ocrx_word' id='word_1_642' title='bbox 3253 3750 3613 3818; x_wconf 87' lang='lat' dir='ltr'>auctoritate,</span> 
     </span>
    </p>
   </div>
   <div class='ocr_carea' id='block_1_89' title="bbox 1950 3830 3613 3910">
    <p class='ocr_par' dir='ltr' id='par_1_89' title="bbox 1950 3830 3613 3910">
     <span class='ocr_line' id='line_1_89' title="bbox 1950 3830 3613 3910; baseline 0.005 -26"><span class='ocrx_word' id='word_1_643' title='bbox 1950 3830 2057 3884; x_wconf 92' lang='lat' dir='ltr'>sed</span> <span class='ocrx_word' id='word_1_644' title='bbox 2106 3835 2163 3885; x_wconf 87' lang='lat' dir='ltr'>et</span> <span class='ocrx_word' id='word_1_645' title='bbox 2217 3848 2250 3885; x_wconf 90' lang='lat' dir='ltr'>a</span> <span class='ocrx_word' id='word_1_646' title='bbox 2308 3834 2845 3903; x_wconf 89' lang='lat' dir='ltr'>conprovinciabus</span> <span class='ocrx_word' id='word_1_647' title='bbox 2904 3836 3165 3906; x_wconf 90' lang='lat' dir='ltr'>episepis</span> <span class='ocrx_word' id='word_1_648' title='bbox 3223 3837 3563 3894; x_wconf 84' lang='lat' dir='ltr'>conﬁrmato</span> <span class='ocrx_word' id='word_1_649' title='bbox 3598 3882 3613 3910; x_wconf 92' lang='lat'>,</span> 
     </span>
    </p>
   </div>
   <div class='ocr_carea' id='block_1_90' title="bbox 1950 3921 3617 3993">
    <p class='ocr_par' dir='ltr' id='par_1_90' title="bbox 1950 3921 3617 3993">
     <span class='ocr_line' id='line_1_90' title="bbox 1950 3921 3617 3993; baseline 0.006 -20"><span class='ocrx_word' id='word_1_650' title='bbox 1950 3935 2156 3974; x_wconf 91' lang='lat' dir='ltr'>omnes</span> <span class='ocrx_word' id='word_1_651' title='bbox 2188 3921 2481 3975; x_wconf 85' lang='lat' dir='ltr'>ecclesie</span> <span class='ocrx_word' id='word_1_652' title='bbox 2511 3922 2701 3992; x_wconf 89' lang='lat' dir='ltr'>ipsius</span> <span class='ocrx_word' id='word_1_653' title='bbox 2724 3940 3129 3993; x_wconf 77' lang='lat' dir='ltr'>pervaseresa</span> <span class='ocrx_word' id='word_1_654' title='bbox 3146 3924 3617 3984; x_wconf 88' lang='lat' dir='ltr'>Christianorum</span> 
     </span>
    </p>
   </div>
   <div class='ocr_carea' id='block_1_91' title="bbox 1949 4009 3615 4085">
    <p class='ocr_par' dir='ltr' id='par_1_91' title="bbox 1949 4009 3615 4085">
     <span class='ocr_line' id='line_1_91' title="bbox 1949 4009 3615 4085; baseline 0.006 -23"><span class='ocrx_word' id='word_1_655' title='bbox 1949 4009 2232 4064; x_wconf 89' lang='lat' dir='ltr'>societate</span> <span class='ocrx_word' id='word_1_656' title='bbox 2261 4013 2672 4081; x_wconf 89' lang='lat' dir='ltr'>sequestrans,</span> <span class='ocrx_word' id='word_1_657' title='bbox 2708 4012 2809 4065; x_wconf 90' lang='lat' dir='ltr'>tali</span> <span class='ocrx_word' id='word_1_658' title='bbox 2838 4013 3012 4068; x_wconf 90' lang='lat' dir='ltr'>modo</span> <span class='ocrx_word' id='word_1_659' title='bbox 3044 4015 3381 4070; x_wconf 88' lang='lat' dir='ltr'>ecclesiam</span> <span class='ocrx_word' id='word_1_660' title='bbox 3404 4033 3436 4071; x_wconf 89' lang='lat' dir='ltr'>a</span> <span class='ocrx_word' id='word_1_661' title='bbox 3458 4019 3615 4085; x_wconf 84' lang='lat' dir='ltr'>tanto</span> 
     </span>
    </p>
   </div>
   <div class='ocr_carea' id='block_1_92' title="bbox 1946 4098 2866 4173">
    <p class='ocr_par' dir='ltr' id='par_1_92' title="bbox 1946 4098 2866 4173">
     <span class='ocr_line' id='line_1_92' title="bbox 1946 4098 2866 4173; baseline 0.005 -23"><span class='ocrx_word' id='word_1_662' title='bbox 1946 4098 2256 4170; x_wconf 87' lang='lat' dir='ltr'>naufragio</span> <span class='ocrx_word' id='word_1_663' title='bbox 2289 4100 2587 4154; x_wconf 90' lang='lat' dir='ltr'>inmunem</span> <span class='ocrx_word' id='word_1_664' title='bbox 2613 4099 2866 4173; x_wconf 88' lang='lat' dir='ltr'>reliquit.</span> 
     </span>
    </p>
   </div>
   <div class='ocr_carea' id='block_1_93' title="bbox 2017 4203 3617 4276">
    <p class='ocr_par' dir='ltr' id='par_1_93' title="bbox 2017 4203 3617 4276">
     <span class='ocr_line' id='line_1_93' title="bbox 2017 4203 3617 4276; baseline -0.001 -17"><span class='ocrx_word' id='word_1_665' title='bbox 2017 4203 2268 4276; x_wconf 75' lang='lat'>[56.(54.)</span> <span class='ocrx_word' id='word_1_666' title='bbox 2285 4205 2489 4275; x_wconf 74' lang='lat' dir='ltr'>(Fnon.</span> <span class='ocrx_word' id='word_1_667' title='bbox 2506 4204 2708 4275; x_wconf 69' lang='lat'>111,22.)</span> <span class='ocrx_word' id='word_1_668' title='bbox 2724 4206 2892 4261; x_wconf 87' lang='lat' dir='ltr'>Hunc</span> <span class='ocrx_word' id='word_1_669' title='bbox 2904 4207 3258 4263; x_wconf 83' lang='lat' dir='ltr'>Hinemarus</span> <span class='ocrx_word' id='word_1_670' title='bbox 3272 4210 3617 4273; x_wconf 73' lang='lat' dir='ltr'>Laudunen.</span> 
     </span>
    </p>
   </div>
   <div class='ocr_carea' id='block_1_94' title="bbox 1946 4292 3613 4368">
    <p class='ocr_par' dir='ltr' id='par_1_94' title="bbox 1946 4292 3613 4368">
     <span class='ocr_line' id='line_1_94' title="bbox 1946 4292 3613 4368; baseline 0.005 -22"><span class='ocrx_word' id='word_1_671' title='bbox 1946 4292 2035 4346; x_wconf 86' lang='lat' dir='ltr'>sis</span> <span class='ocrx_word' id='word_1_672' title='bbox 2058 4294 2364 4364; x_wconf 81' lang='lat' dir='ltr'>episcopus</span> <span class='ocrx_word' id='word_1_673' title='bbox 2385 4294 2445 4346; x_wconf 85' lang='lat' dir='ltr'>in</span> <span class='ocrx_word' id='word_1_674' title='bbox 2459 4295 2668 4349; x_wconf 85' lang='lat' dir='ltr'>sinodo</span> <span class='ocrx_word' id='word_1_675' title='bbox 2686 4295 2809 4348; x_wconf 84' lang='lat' dir='ltr'>sibi</span> <span class='ocrx_word' id='word_1_676' title='bbox 2814 4295 3080 4366; x_wconf 80' lang='lat' dir='ltr'>judicem</span> <span class='ocrx_word' id='word_1_677' title='bbox 3098 4296 3300 4368; x_wconf 78' lang='lat' dir='ltr'>elegit.</span> <span class='ocrx_word' id='word_1_678' title='bbox 3322 4298 3447 4352; x_wconf 86' lang='lat' dir='ltr'>Hoc</span> <span class='ocrx_word' id='word_1_679' title='bbox 3470 4316 3613 4355; x_wconf 89' lang='lat' dir='ltr'>vero</span> 
     </span>
    </p>
   </div>
   <div class='ocr_carea' id='block_1_95' title="bbox 1946 4381 3615 4459">
    <p class='ocr_par' dir='ltr' id='par_1_95' title="bbox 1946 4381 3615 4459">
     <span class='ocr_line' id='line_1_95' title="bbox 1946 4381 3615 4459; baseline 0.006 -25"><span class='ocrx_word' id='word_1_680' title='bbox 1946 4381 2004 4434; x_wconf 93' lang='lat' dir='ltr'>in</span> <span class='ocrx_word' id='word_1_681' title='bbox 2019 4382 2259 4451; x_wconf 89' lang='lat' dir='ltr'>scriptis</span> <span class='ocrx_word' id='word_1_682' title='bbox 2278 4383 2657 4436; x_wconf 83' lang='lat' dir='ltr'>Remensium</span> <span class='ocrx_word' id='word_1_683' title='bbox 2671 4384 3078 4453; x_wconf 90' lang='lat' dir='ltr'>episcoporum</span> <span class='ocrx_word' id='word_1_684' title='bbox 3092 4385 3615 4459; x_wconf 87' lang='lat' dir='ltr'>invenimus,quod</span> 
     </span>
    </p>
   </div>
   <div class='ocr_carea' id='block_1_96' title="bbox 1948 4470 3614 4547">
    <p class='ocr_par' dir='ltr' id='par_1_96' title="bbox 1948 4470 3614 4547">
     <span class='ocr_line' id='line_1_96' title="bbox 1948 4470 3614 4547; baseline 0.005 -24"><span class='ocrx_word' id='word_1_685' title='bbox 1948 4470 2303 4524; x_wconf 89' lang='lat' dir='ltr'>Hinemarus</span> <span class='ocrx_word' id='word_1_686' title='bbox 2321 4470 2733 4525; x_wconf 89' lang='lat' dir='ltr'>Laudunensis</span> <span class='ocrx_word' id='word_1_687' title='bbox 2749 4472 3069 4541; x_wconf 90' lang='lat' dir='ltr'>episcopus</span> <span class='ocrx_word' id='word_1_688' title='bbox 3080 4490 3186 4544; x_wconf 91' lang='lat' dir='ltr'>pro</span> <span class='ocrx_word' id='word_1_689' title='bbox 3209 4475 3408 4530; x_wconf 90' lang='lat' dir='ltr'>multis</span> <span class='ocrx_word' id='word_1_690' title='bbox 3423 4477 3614 4547; x_wconf 90' lang='lat' dir='ltr'>culpis</span> 
     </span>
    </p>
   </div>
   <div class='ocr_carea' id='block_1_97' title="bbox 1946 4560 3613 4634">
    <p class='ocr_par' dir='ltr' id='par_1_97' title="bbox 1946 4560 3613 4634">
     <span class='ocr_line' id='line_1_97' title="bbox 1946 4560 3613 4634; baseline 0.006 -23"><span class='ocrx_word' id='word_1_691' title='bbox 1946 4574 2013 4612; x_wconf 90' lang='lat' dir='ltr'>ac</span> <span class='ocrx_word' id='word_1_692' title='bbox 2026 4575 2131 4628; x_wconf 90' lang='lat' dir='ltr'>pro</span> <span class='ocrx_word' id='word_1_693' title='bbox 2150 4575 2379 4613; x_wconf 90' lang='lat' dir='ltr'>morum</span> <span class='ocrx_word' id='word_1_694' title='bbox 2395 4560 2757 4615; x_wconf 89' lang='lat' dir='ltr'>obscenitate</span> <span class='ocrx_word' id='word_1_695' title='bbox 2774 4561 2847 4615; x_wconf 91' lang='lat' dir='ltr'>ab</span> <span class='ocrx_word' id='word_1_696' title='bbox 2866 4561 3317 4634; x_wconf 89' lang='lat' dir='ltr'>archiepiscopo</span> <span class='ocrx_word' id='word_1_697' title='bbox 3335 4565 3613 4621; x_wconf 86' lang='lat' dir='ltr'>Hinema-</span> 
     </span>
    </p>
   </div>
   <div class='ocr_carea' id='block_1_98' title="bbox 1944 4649 3616 4723">
    <p class='ocr_par' dir='ltr' id='par_1_98' title="bbox 1944 4649 3616 4723">
     <span class='ocr_line' id='line_1_98' title="bbox 1944 4649 3616 4723; baseline 0.005 -22"><span class='ocrx_word' id='word_1_698' title='bbox 1944 4663 2171 4716; x_wconf 89' lang='lat' dir='ltr'>ro,suo,</span> <span class='ocrx_word' id='word_1_699' title='bbox 2188 4649 2500 4717; x_wconf 89' lang='lat' dir='ltr'>avunculo,</span> <span class='ocrx_word' id='word_1_700' title='bbox 2519 4649 2783 4706; x_wconf 89' lang='lat' dir='ltr'>districte</span> <span class='ocrx_word' id='word_1_701' title='bbox 2795 4651 2855 4704; x_wconf 91' lang='lat' dir='ltr'>in</span> <span class='ocrx_word' id='word_1_702' title='bbox 2868 4656 3162 4707; x_wconf 90' lang='lat' dir='ltr'>conventu</span> <span class='ocrx_word' id='word_1_703' title='bbox 3177 4654 3426 4708; x_wconf 89' lang='lat' dir='ltr'>sinodali</span> <span class='ocrx_word' id='word_1_704' title='bbox 3441 4654 3616 4723; x_wconf 65' lang='lat' dir='ltr'>impe~</span> 
     </span>
    </p>
   </div>
   <div class='ocr_carea' id='block_1_99' title="bbox 1943 4736 3615 4809">
    <p class='ocr_par' dir='ltr' id='par_1_99' title="bbox 1943 4736 3615 4809">
     <span class='ocr_line' id='line_1_99' title="bbox 1943 4736 3615 4809; baseline 0.006 -20"><span class='ocrx_word' id='word_1_705' title='bbox 1943 4736 2195 4790; x_wconf 87' lang='lat' dir='ltr'>tebatur.</span> <span class='ocrx_word' id='word_1_706' title='bbox 2228 4736 2337 4801; x_wconf 92' lang='lat' dir='ltr'>Qui</span> <span class='ocrx_word' id='word_1_707' title='bbox 2367 4738 2563 4809; x_wconf 90' lang='lat' dir='ltr'>itaque</span> <span class='ocrx_word' id='word_1_708' title='bbox 2611 4741 2941 4796; x_wconf 90' lang='lat' dir='ltr'>secundum</span> <span class='ocrx_word' id='word_1_709' title='bbox 2977 4739 3340 4796; x_wconf 83' lang='lat' dir='ltr'>Affricanum</span> <span class='ocrx_word' id='word_1_710' title='bbox 3409 4743 3615 4799; x_wconf 84' lang='lat' dir='ltr'>conci-</span> 
     </span>
    </p>
   </div>
   <div class='ocr_carea' id='block_1_100' title="bbox 1489 4917 2300 4990">
    <p class='ocr_par' dir='ltr' id='par_1_100' title="bbox 1489 4917 2300 4990">
     <span class='ocr_line' id='line_1_100' title="bbox 1489 4917 2300 4990; baseline 0.009 -8"><span class='ocrx_word' id='word_1_711' title='bbox 1489 4917 1784 4984; x_wconf 69' lang='lat' dir='ltr'>VARI/E</span> <span class='ocrx_word' id='word_1_712' title='bbox 1834 4922 2300 4990; x_wconf 87' lang='lat' dir='ltr'>LECTIONES</span> 
     </span>
    </p>
   </div>
   <div class='ocr_carea' id='block_1_101' title="bbox 234 5092 2031 5170">
    <p class='ocr_par' dir='ltr' id='par_1_101' title="bbox 234 5092 2031 5170">
     <span class='ocr_line' id='line_1_101' title="bbox 234 5092 2031 5170; baseline 0.006 -19"><span class='ocrx_word' id='word_1_713' title='bbox 234 5092 283 5138; x_wconf 75' lang='grc'><strong>9⁷</strong></span> <span class='ocrx_word' id='word_1_714' title='bbox 313 5113 607 5152; x_wconf 80' lang='lat' dir='ltr'>numerus</span> <span class='ocrx_word' id='word_1_715' title='bbox 634 5093 694 5151; x_wconf 87' lang='lat' dir='ltr'>in</span> <span class='ocrx_word' id='word_1_716' title='bbox 725 5094 775 5152; x_wconf 90' lang='lat'>1.</span> <span class='ocrx_word' id='word_1_717' title='bbox 809 5096 999 5169; x_wconf 74' lang='lat' dir='ltr'>desst,</span> <span class='ocrx_word' id='word_1_718' title='bbox 1032 5100 1224 5170; x_wconf 76' lang='lat' dir='ltr'>spatio</span> <span class='ocrx_word' id='word_1_719' title='bbox 1254 5116 1367 5157; x_wconf 85' lang='lat' dir='ltr'>non</span> <span class='ocrx_word' id='word_1_720' title='bbox 1396 5099 1631 5158; x_wconf 82' lang='lat' dir='ltr'>relicto.</span> <span class='ocrx_word' id='word_1_721' title='bbox 1663 5099 1716 5145; x_wconf 84' lang='grc'>98</span> <span class='ocrx_word' id='word_1_722' title='bbox 1742 5102 1948 5162; x_wconf 88' lang='lat' dir='ltr'>nobint</span> <span class='ocrx_word' id='word_1_723' title='bbox 1978 5107 2031 5161; x_wconf 88' lang='lat'>1.</span> 
     </span>
    </p>
   </div>
   <div class='ocr_carea' id='block_1_102' title="bbox 1756 5283 2031 5347">
    <p class='ocr_par' dir='ltr' id='par_1_102' title="bbox 1756 5283 2031 5347">
     <span class='ocr_line' id='line_1_102' title="bbox 1756 5283 2031 5347; baseline 0 0"><span class='ocrx_word' id='word_1_724' title='bbox 1756 5283 2031 5347; x_wconf 70' lang='lat' dir='ltr'>NOT/E‘</span> 
     </span>
    </p>
   </div>
   <div class='ocr_carea' id='block_1_103' title="bbox 176 5457 1837 5609">
    <p class='ocr_par' dir='ltr' id='par_1_103' title="bbox 176 5457 1837 5609">
     <span class='ocr_line' id='line_1_103' title="bbox 228 5457 1833 5583; baseline 0.001 -71"><span class='ocrx_word' id='word_1_725' title='bbox 228 5457 387 5583; x_wconf 46' lang='lat' dir='ltr'>ﬁt?)</span> <span class='ocrx_word' id='word_1_726' title='bbox 423 5457 652 5541; x_wconf 77' lang='lat' dir='ltr'>Cultos.</span> <span class='ocrx_word' id='word_1_727' title='bbox 881 5531 891 5542; x_wconf 33' lang='grc' dir='ltr'>ι</span> <span class='ocrx_word' id='word_1_728' title='bbox 1822 5534 1833 5545; x_wconf 41' lang='lat'><strong><em>.</em></strong></span> 
     </span>
     <span class='ocr_line' id='line_1_104' title="bbox 176 5528 1837 5609; baseline 0.004 -26"><span class='ocrx_word' id='word_1_729' title='bbox 176 5600 179 5601; x_wconf 16' lang='grc' dir='ltr'><em>ν</em></span> <span class='ocrx_word' id='word_1_730' title='bbox 266 5602 277 5609; x_wconf 84' lang='lat'>_</span> <span class='ocrx_word' id='word_1_731' title='bbox 332 5534 381 5609; x_wconf 34' lang='lat' dir='ltr'>h)</span> <span class='ocrx_word' id='word_1_732' title='bbox 405 5528 602 5609; x_wconf 54' lang='lat' dir='ltr'>Error</span> <span class='ocrx_word' id='word_1_733' title='bbox 618 5534 777 5609; x_wconf 40' lang='lat' dir='ltr'>1nAe_s_t</span> <span class='ocrx_word' id='word_1_734' title='bbox 792 5531 930 5609; x_wconf 78' lang='lat' dir='ltr'>huic</span> <span class='ocrx_word' id='word_1_735' title='bbox 952 5547 1218 5589; x_wconf 90' lang='lat' dir='ltr'>numero.</span> <span class='ocrx_word' id='word_1_736' title='bbox 1245 5536 1456 5609; x_wconf 41' lang='lat' dir='ltr'>annus</span> <span class='ocrx_word' id='word_1_737' title='bbox 1474 5535 1603 5609; x_wconf 67' lang='lat'>350-</span> <span class='ocrx_word' id='word_1_738' title='bbox 1633 5533 1837 5609; x_wconf 76' lang='lat' dir='ltr'>Karoli</span> 
     </span>
    </p>
   </div>
   <div class='ocr_carea' id='block_1_104' title="bbox 168 5600 1844 5686">
    <p class='ocr_par' dir='ltr' id='par_1_104' title="bbox 168 5600 1844 5686">
     <span class='ocr_line' id='line_1_105' title="bbox 168 5600 1844 5686; baseline 0.005 -35"><span class='ocrx_word' id='word_1_739' title='bbox 168 5600 376 5686; x_wconf 37' lang='lat' dir='ltr'>incipit-</span> <span class='ocrx_word' id='word_1_740' title='bbox 402 5600 638 5686; x_wconf 38' lang='grc' dir='ltr'>ἐρέω..</span> <span class='ocrx_word' id='word_1_741' title='bbox 790 5603 1215 5686; x_wconf 39' lang='lat' dir='ltr'>§.in_suc_cessu</span> <span class='ocrx_word' id='word_1_742' title='bbox 1245 5606 1506 5686; x_wconf 63' lang='lat' dir='ltr'>Lotharii</span> <span class='ocrx_word' id='word_1_743' title='bbox 1523 5608 1608 5686; x_wconf 43' lang='lat'>5’11!</span> <span class='ocrx_word' id='word_1_744' title='bbox 1639 5606 1844 5686; x_wconf 83' lang='lat' dir='ltr'>incipit</span> 
     </span>
    </p>
   </div>
   <div class='ocr_carea' id='block_1_105' title="bbox 166 5666 1837 5743">
    <p class='ocr_par' dir='ltr' id='par_1_105' title="bbox 166 5666 1837 5743">
     <span class='ocr_line' id='line_1_106' title="bbox 166 5666 1837 5743; baseline 0.007 -22"><span class='ocrx_word' id='word_1_745' title='bbox 166 5666 198 5720; x_wconf 91' lang='lat'><strong><em>9</em></strong></span> <span class='ocrx_word' id='word_1_746' title='bbox 238 5666 404 5741; x_wconf 74' lang='lat' dir='ltr'>Sépt.</span> <span class='ocrx_word' id='word_1_747' title='bbox 438 5671 573 5726; x_wconf 73' lang='lat'>873:</span> <span class='ocrx_word' id='word_1_748' title='bbox 624 5666 868 5728; x_wconf 86' lang='lat' dir='ltr'>indictio</span> <span class='ocrx_word' id='word_1_749' title='bbox 903 5672 962 5728; x_wconf 79' lang='grc' dir='ltr'>7ο</span> <span class='ocrx_word' id='word_1_750' title='bbox 1010 5676 1117 5730; x_wconf 83' lang='lat' dir='ltr'>fuit</span> <span class='ocrx_word' id='word_1_751' title='bbox 1170 5693 1324 5731; x_wconf 89' lang='lat' dir='ltr'>anno</span> <span class='ocrx_word' id='word_1_752' title='bbox 1371 5677 1494 5732; x_wconf 76' lang='lat'>8&#39;74.</span> <span class='ocrx_word' id='word_1_753' title='bbox 1544 5666 1837 5743; x_wconf 71' lang='lat' dir='ltr'>Quamob-</span> 
     </span>
    </p>
   </div>
   <div class='ocr_carea' id='block_1_106' title="bbox 166 5743 1839 5870">
    <p class='ocr_par' dir='ltr' id='par_1_106' title="bbox 166 5743 1839 5870">
     <span class='ocr_line' id='line_1_107' title="bbox 166 5743 1839 5870; baseline 0.006 -76"><span class='ocrx_word' id='word_1_754' title='bbox 166 5743 688 5870; x_wconf 47' lang='lat' dir='ltr'>ggmahecmgharta</span> <span class='ocrx_word' id='word_1_755' title='bbox 720 5760 839 5801; x_wconf 92' lang='lat' dir='ltr'>non</span> <span class='ocrx_word' id='word_1_756' title='bbox 870 5748 1065 5817; x_wconf 89' lang='lat' dir='ltr'>potest</span> <span class='ocrx_word' id='word_1_757' title='bbox 1094 5749 1433 5820; x_wconf 86' lang='lat' dir='ltr'>conscripta</span> <span class='ocrx_word' id='word_1_758' title='bbox 1465 5763 1605 5805; x_wconf 87' lang='lat' dir='ltr'>esse</span> <span class='ocrx_word' id='word_1_759' title='bbox 1634 5749 1754 5806; x_wconf 85' lang='lat' dir='ltr'>nisi</span> <span class='ocrx_word' id='word_1_760' title='bbox 1786 5765 1839 5804; x_wconf 91' lang='lat' dir='ltr'>a.</span> 
     </span>
     <span class='ocr_line' id='line_1_108' title="bbox 207 5828 557 5870; baseline 0.02 -6"><span class='ocrx_word' id='word_1_761' title='bbox 207 5828 222 5863; x_wconf 79' lang='grc' dir='ltr'><strong><em>ι</em></strong></span> <span class='ocrx_word' id='word_1_762' title='bbox 336 5828 373 5868; x_wconf 89' lang='lat' dir='ltr'>u</span> <span class='ocrx_word' id='word_1_763' title='bbox 543 5856 557 5870; x_wconf 93' lang='lat'>.</span> 
     </span>
    </p>
   </div>
   <div class='ocr_carea' id='block_1_107' title="bbox 207 5828 557 5870">
    <p class='ocr_par' dir='ltr' id='par_1_107' title="bbox 207 5828 557 5870">
     <span class='ocr_line' id='line_1_109' title="bbox 207 5828 557 5870; baseline 0.017 -6"><span class='ocrx_word' id='word_1_764' title='bbox 207 5828 265 5867; x_wconf 65' lang='grc'><strong>14</strong></span> <span class='ocrx_word' id='word_1_765' title='bbox 298 5828 401 5869; x_wconf 77' lang='lat' dir='ltr'>ant</span> <span class='ocrx_word' id='word_1_766' title='bbox 430 5828 557 5870; x_wconf 70' lang='grc' dir='ltr'>διο.</span> 
     </span>
    </p>
   </div>
   <div class='ocr_carea' id='block_1_108' title="bbox 2028 5456 3612 5534">
    <p class='ocr_par' dir='ltr' id='par_1_108' title="bbox 2028 5456 3612 5534">
     <span class='ocr_line' id='line_1_110' title="bbox 2028 5456 3612 5534; baseline 0.004 -18"><span class='ocrx_word' id='word_1_767' title='bbox 2028 5458 2177 5534; x_wconf 77' lang='grc'>(145)</span> <span class='ocrx_word' id='word_1_768' title='bbox 2206 5456 2548 5534; x_wconf 84' lang='lat' dir='ltr'>Explicatur</span> <span class='ocrx_word' id='word_1_769' title='bbox 2590 5464 2720 5518; x_wconf 90' lang='lat' dir='ltr'>loco</span> <span class='ocrx_word' id='word_1_770' title='bbox 2767 5462 3037 5520; x_wconf 87' lang='lat' dir='ltr'>Folcuini</span> <span class='ocrx_word' id='word_1_771' title='bbox 3079 5461 3244 5522; x_wconf 87' lang='lat' dir='ltr'>Gest.</span> <span class='ocrx_word' id='word_1_772' title='bbox 3293 5461 3429 5522; x_wconf 88' lang='lat' dir='ltr'>abb.</span> <span class='ocrx_word' id='word_1_773' title='bbox 3462 5463 3612 5523; x_wconf 90' lang='lat' dir='ltr'>Lob.</span> 
     </span>
    </p>
   </div>
   <div class='ocr_carea' id='block_1_109' title="bbox 1949 5533 3615 5609">
    <p class='ocr_par' dir='ltr' id='par_1_109' title="bbox 1949 5533 3615 5609">
     <span class='ocr_line' id='line_1_111' title="bbox 1949 5533 3615 5609; baseline 0.003 -22"><span class='ocrx_word' id='word_1_774' title='bbox 1949 5533 2015 5588; x_wconf 87' lang='lat'>13</span> <span class='ocrx_word' id='word_1_775' title='bbox 2035 5533 2529 5609; x_wconf 41' lang='lat' dir='ltr'>{Quartoiiecimo</span> <span class='ocrx_word' id='word_1_776' title='bbox 2549 5534 2739 5606; x_wconf 71' lang='lat' dir='ltr'>igitur</span> <span class='ocrx_word' id='word_1_777' title='bbox 2759 5537 2939 5608; x_wconf 85' lang='lat' dir='ltr'>regni</span> <span class='ocrx_word' id='word_1_778' title='bbox 2952 5538 3047 5591; x_wconf 83' lang='lat' dir='ltr'>sui</span> <span class='ocrx_word' id='word_1_779' title='bbox 3074 5553 3227 5593; x_wconf 85' lang='lat' dir='ltr'>anno</span> <span class='ocrx_word' id='word_1_780' title='bbox 3246 5537 3615 5609; x_wconf 86' lang='lat' dir='ltr'>(Lotharius)</span> 
     </span>
    </p>
   </div>
   <div class='ocr_carea' id='block_1_110' title="bbox 1955 5605 3618 5692">
    <p class='ocr_par' dir='ltr' id='par_1_110' title="bbox 1955 5605 3618 5692">
     <span class='ocr_line' id='line_1_112' title="bbox 1955 5605 3618 5692; baseline 0.003 -34"><span class='ocrx_word' id='word_1_781' title='bbox 1955 5605 2230 5692; x_wconf 56' lang='lat' dir='ltr'>redditus</span> <span class='ocrx_word' id='word_1_782' title='bbox 2253 5606 2519 5692; x_wconf 69' lang='lat' dir='ltr'>villarum</span> <span class='ocrx_word' id='word_1_783' title='bbox 2536 5605 2873 5692; x_wconf 60' lang='lat' dir='ltr'>ngstrarum</span> <span class='ocrx_word' id='word_1_784' title='bbox 2888 5605 3448 5692; x_wconf 72' lang='lat' dir='ltr'>describerejussit,</span> <span class='ocrx_word' id='word_1_785' title='bbox 3469 5605 3618 5692; x_wconf 70' lang='lat' dir='ltr'>quod</span> 
     </span>
    </p>
   </div>
   <div class='ocr_carea' id='block_1_111' title="bbox 1942 5676 3618 5756">
    <p class='ocr_par' dir='ltr' id='par_1_111' title="bbox 1942 5676 3618 5756">
     <span class='ocr_line' id='line_1_113' title="bbox 1942 5676 3618 5756; baseline 0.007 -27"><span class='ocrx_word' id='word_1_786' title='bbox 1942 5677 2284 5756; x_wconf 47' lang='lat' dir='ltr'>pol-ipticum</span> <span class='ocrx_word' id='word_1_787' title='bbox 2309 5683 2530 5756; x_wconf 77' lang='lat' dir='ltr'>vocant.</span> <span class='ocrx_word' id='word_1_788' title='bbox 2558 5676 2739 5732; x_wconf 79' lang='lat' dir='ltr'>Facta</span> <span class='ocrx_word' id='word_1_789' title='bbox 2772 5686 2863 5734; x_wconf 79' lang='lat' dir='ltr'>est</span> <span class='ocrx_word' id='word_1_790' title='bbox 2892 5685 3083 5736; x_wconf 81' lang='lat' dir='ltr'>autem</span> <span class='ocrx_word' id='word_1_791' title='bbox 3129 5676 3260 5735; x_wconf 75' lang='lat' dir='ltr'>haec</span> <span class='ocrx_word' id='word_1_792' title='bbox 3290 5676 3618 5756; x_wconf 80' lang='lat' dir='ltr'>descriptio</span> 
     </span>
    </p>
   </div>
   <div class='ocr_carea' id='block_1_112' title="bbox 1954 5748 2591 5824">
    <p class='ocr_par' dir='ltr' id='par_1_112' title="bbox 1954 5748 2591 5824">
     <span class='ocr_line' id='line_1_114' title="bbox 1954 5748 2591 5824; baseline 0.003 -22"><span class='ocrx_word' id='word_1_793' title='bbox 1954 5763 1985 5802; x_wconf 71' lang='grc' dir='ltr'><em>α</em></span> <span class='ocrx_word' id='word_1_794' title='bbox 2008 5748 2275 5803; x_wconf 79' lang='lat' dir='ltr'>Johaune</span> <span class='ocrx_word' id='word_1_795' title='bbox 2305 5749 2591 5824; x_wconf 85' lang='lat' dir='ltr'>episcopo.</span> 
     </span>
    </p>
   </div>
  </div>
