4098 6196
458 283 537 350 63
1349 277 1624 341 GESTA
1663 271 2196 342 PONTIFICUM
2239 271 2997 345 CAMERACENSIUM.
3814 286 3884 348 64

461 488 626 558 lium,
652 484 891 556 judices
922 482 1145 537 electos
1172 481 1419 552 expetit;
1443 482 1756 553 interquos
1771 483 1944 536 etiam
1958 482 2125 536 dom-
2157 463 2213 522 Α
2243 480 3552 552 sante,credimus,utquantividelicetmeriti
3571 485 3666 554 sit,
3687 484 3876 540 fatente

461 591 598 630 num
630 574 956 629 Johannem
989 569 1254 625 obtinuit.
1291 568 1307 641 ]

531 664 618 718 57.
641 664 778 732 (55.)
809 659 1088 732 Sepultus
1124 665 1215 714 est
1242 664 1416 714 extra
1445 661 1870 714 monasterium
1905 665 2127 712 sancta:

457 753 674 806 Mariae
706 752 768 804 in
790 749 1062 803 «ecclesia
1093 754 1314 801 sanetae
1348 747 1561 801 Crucis
1581 767 1598 812 ,-
1639 748 1748 801 sed
1783 764 1813 800 a
1854 747 2124 802 Gerardo

459 841 730 911 episcopo
751 838 812 891 in
843 837 1264 891 monasterium
1297 835 1624 889 translatus
1656 842 1766 889 est.
1801 837 2122 904 Postquam

457 933 652 983 autem
681 927 810 997 ipse
839 926 1092 980 domnus
1123 924 1428 979 Johannes
1457 923 1866 978 dormitionem
1896 923 2122 992 accepit

457 1018 514 1070 in
546 1015 780 1070 Christo
812 1016 927 1083 (an.
967 1013 1112 1083 8'79),
1150 1011 1421 1082 sepultus
1453 1017 1544 1066 est
1588 1012 1648 1066 in
1690 1011 1954 1079 basilica,
1988 1027 2120 1081 quae

458 1105 671 1160 eratin
701 1104 984 1158 honorem
1028 1105 1249 1155 sanctae
1305 1101 1517 1154 Crucis
1572 1104 1916 1154 constructa
1953 1099 2120 1170 juxta

456 1193 878 1248 monasterium
912 1194 1135 1245 sanctae
1165 1188 1365 1242 Mariis
1395 1190 1467 1242 ad
1498 1188 1819 1242 australem
1861 1188 2116 1258 plagam,

455 1281 654 1353 ibique
685 1279 906 1352 quievit
937 1293 1127 1348 usque
1158 1277 1230 1330 ad
1262 1281 1494 1345 tempus
1547 1276 1796 1330 Gerardi
1829 1276 2115 1346 episcOpi,

456 1370 557 1441 qui
587 1370 640 1424 ei
671 1368 1029 1423 tredecimus
1060 1366 1118 1418 in
1133 1365 1336 1419 sedem
1350 1364 2116 1432 successit.Nimirumpre-

453 1459 606 1512 dicta
637 1457 881 1511 basilica
905 1455 1030 1526 jam
1059 1470 1131 1508 ex
1161 1458 1324 1522 parte
1355 1455 1696 1522 corruerat;
1720 1469 1792 1506 ex
1815 1467 1930 1523 quo
1973 1467 2117 1506 vero

453 1549 612 1601 stare
651 1545 980 1612 videbatur,
1014 1559 1087 1596 ex
1140 1545 1431 1596 vetustate
1472 1542 1699 1596 ruinam
1761 1540 2113 1594 minabatur.

449 1635 757 1704 Quumque
787 1634 915 1703 ipse
946 1633 1199 1687 domnus
1228 1631 1546 1700 episcopus
1566 1629 1894 1700 predictum
1919 1644 2115 1682 mona-

2240 569 2477 638 quidem
2514 570 2643 639 ipso
2665 571 2969 639 miraculo,
3005 575 3201 642 aperte
3233 573 3552 627 videretur.
3589 573 3762 628 Multo
3789 575 3876 628 de-

2240 657 2418 728 nique
2450 658 2545 710 alii
2578 675 2610 711 a
2642 659 2824 712 variis
2855 659 3203 730 langoribus
3236 662 3422 715 curati
3454 665 3612 715 sunt.

2308 745 2396 798 60.
2415 745 2551 815 (58.)
2567 747 2652 801 De
2667 747 2926 801 Hotrado
2942 749 3230 818 episcopo.
3247 750 3460 803 Sancto
3495 765 3634 804 vero
3652 751 3879 804 Jolianni

2237 833 2296 886 in
2326 833 2693 903 episcopium
2716 836 3013 888 Rotradus
3037 838 3355 890 successit.
3375 838 3483 891 Hic
3509 837 3876 908 fuittempori-

2236 921 2350 975 bus
2381 921 2397 993 [
2431 923 2526 990 (A.
2557 923 2824 993 Vedast.)
2855 925 3079 977 Arnulti
3114 925 3485 994 imperatoris
3531 927 3697 995 (147),
3725 943 3877 997 quem

2235 1012 2531 1064 australes
2547 1009 2778 1080 Franci,
2798 1012 3064 1066 videntes
3085 1014 3324 1085 quidem
3339 1015 3709 1084 imperatoris
3727 1017 3882 1070 Karo-

2237 1098 2402 1165 li,iilii
2421 1099 3378 1170 liuduviciTransrenensis,vires
3392 1104 3462 1156 ad
3479 1105 3877 1174 regendumim

2236 1187 2559 1254 validas,eo
2575 1188 2903 1259 dejecto,ad
2918 1190 3220 1258 imperiale
3235 1190 3446 1244 solium
3460 1197 3880 1261 promoverunt.

2303 1275 2390 1329 61.
2412 1275 2547 1344 (59.)
2566 1277 2687 1330 lloc
2713 1293 2968 1348 presure
2992 1279 3048 1332 ci
3060 1281 3211 1332 ritas
3231 1279 3586 1334 Cameracus
3601 1298 3725 1334 cum
3753 1288 3881 1335 tem-

2227 1364 2325 1435 plo
2337 1367 2531 1418 sancti
2555 1366 2876 1438 Gaugerici
2897 1384 2927 1420 a
2946 1368 3313 1422 Normannis
3342 1370 3745 1423 succenditur.
3768 1369 3877 1424 Sub

2232 1453 2413 1524 hujus
2431 1455 2602 1508 etiam
2621 1455 2831 1509 diebus
2855 1456 2950 1523 (Α.
2987 1457 3256 1524 Vedast.)
3279 1457 3554 1525 procellae
3588 1459 3882 1512 Nartman-

2230 1557 2436 1596 norum
2451 1559 2555 1612 per
2569 1559 2798 1597 omnem
2822 1543 2973 1597 hanc
2999 1545 3272 1598 viciniam
3299 1546 3720 1599 miserabiliter
3742 1546 3881 1599 into-

2230 1631 2466 1700 nabant,
2488 1633 2585 1701 qui
2602 1647 2754 1686 anno
2779 1632 3098 1686 Dominicae
3120 1633 3542 1687 incarnationis
3564 1633 3687 1700 881,
3713 1635 3744 1686 5
3762 1634 3878 1686 Kal.

451 1725 700 1780 sterium
728 1721 1067 1791 ampliorari
1099 1735 1290 1790 usque
1321 1719 1393 1772 ad
1438 1720 1781 1788 sepulcrum
1827 1717 2115 1772 Johannis
2151 1749 2200 1809 B
2229 1719 2491 1774 Januarii
2523 1719 2906 1773 Cameracum
2935 1721 3218 1792 ingressi,
3255 1721 3545 1775 incendiis
3569 1725 3625 1775 et
3644 1723 3883 1776 occisio-

451 1812 717 1883 episcopi
748 1811 1142 1879 disposuerat,
1170 1807 1463 1878 condigna
1493 1808 1867 1862 veneratione
1897 1821 2115 1876 corpus

450 1901 521 1954 de
555 1900 835 1969 sepulcro
866 1897 1081 1952 levavit
1112 1901 1168 1950 et
1198 1896 1351 1950 infra
1370 1896 1790 1950 monasterium
1820 1895 2112 1966 sepelivit.

451 1989 563 2044 Ubi
595 1987 872 2042 nonnulla
923 1986 1299 2055 postmodum
1329 1988 1553 2054 patrata
1583 1985 1905 2054 probantur
1935 1984 2114 2036 mira-

451 2077 602 2147 cula,
635 2077 735 2131 ubi
769 2074 1085 2146 frigoritici
1116 2078 1290 2144 atque
1339 2073 1598 2127 diversis
1657 2071 2113 2144 aegritudinibus

447 2166 715 2237 occupati
775 2165 1128 2231 venientes,
1199 2166 1394 2231 optata
1470 2153 1770 2216 meFentur
1827 2161 2112 2229 sospitate

446 2255 673 2311 donarL

514 2343 602 2398 58.
637 2341 774 2411 (56.)
807 2341 1161 2396 Contractus
1216 2340 1385 2394 homo
1417 2339 1492 2393 ad
1537 2337 1868 2410 sepulcrum
1917 2336 2110 2391 sancti

443 2431 733 2488 Johannis
788 2429 980 2483 salute
1040 2429 1311 2483 donatur.
1345 2427 1631 2497 Superest
1684 2426 1876 2480 adhuc
1907 2425 2105 2494 homo,

442 2521 748 2575 Walterus
779 2518 1015 2573 nomine
1044 2515 1116 2588 99,
1152 2516 1247 2570 cui
1279 2516 1560 2570 membris
1591 2515 1818 2585 adeptis
1850 2515 2107 2586 langora

440 2625 624 2680 puero
653 2623 951 2680 gressum,
990 2610 1184 2660 cetera
1212 2621 1447 2676 quoque
1479 2605 1748 2674 corporis
1785 2604 1980 2658 ofﬁcia
2011 2619 2106 2657 ne-

438 2701 703 2771 gaverat.
739 2697 888 2750 Nam
919 2695 1321 2748 marcentibus
1353 2694 1554 2746 nervis
1586 2693 1804 2746 talares
1829 2692 2105 2746 cruribus

439 2787 816 2854 adheserant,
851 2789 913 2839 ut
959 2783 1118 2837 nullo
1163 2783 1470 2837 conamine
1521 2781 1761 2853 sejungi
1818 2781 2100 2836 valerent.

440 2876 614 2931 Hunc
654 2874 869 2929 lectulo
906 2873 1245 2942 impositum
1277 2875 1461 2924 mater
1509 2870 1581 2923 ad
1622 2869 1961 2940 sepulcrum
1992 2871 2106 2923 viri

439 2963 810 3035 Deibtu'ulari
828 2962 984 3028 fecit,
1002 2961 1203 3030 ibique
1225 2975 1334 3029 per
1354 2959 1574 3029 aliquot
1588 2959 1716 3012 dies
1739 2959 2103 3013 orationibus

2229 1807 2405 1861 nibus
2439 1809 2728 1862 civitatem
2746 1824 2976 1862 omnem
2993 1810 3376 1864 devastarunt
3402 1826 3415 1879 ;
3438 1814 3492 1864 et
3509 1810 3579 1863 ad
3597 1811 3883 1865 cumulum

2228 1895 2450 1950 furoris
2466 1900 2732 1951 sanctum
2752 1901 2808 1952 et
2823 1899 3160 1953 venerabile
3173 1899 3455 1968 templum
3473 1900 3657 1953 sancti
3671 1900 3888 1970 Gauge-

2225 1986 2334 2039 rici
2365 1986 2766 2052 incendentes,
2801 2002 2934 2040 cum
2965 1987 3186 2041 inﬁnita
3218 1987 3399 2056 preda
3443 1988 3515 2042 ad
3560 2005 3669 2042 sua
3701 1993 3886 2042 castra

2225 2075 2448 2128 reversi
2474 2079 2630 2128 sunt.
2656 2075 2870 2129 Iterum
2892 2092 3033 2130 vero
3057 2081 3390 2130 remeantes
3411 2077 3568 2130 circa
3592 2077 3885 2131 sollemni-

2222 2165 2397 2216 tatem
2435 2164 2624 2216 sancti
2656 2165 2833 2231 l’etri,
2869 2164 3075 2218 urbem
3114 2165 3455 2218 Atrebatum
3491 2166 3885 2230 devenerunt;

2221 2253 2495 2306 omnibus
2509 2268 2660 2322 quos
2677 2253 2756 2306 ibi
2776 2268 3088 2322 repperere
3103 2253 3453 2322 interfectis,
3471 2255 3714 2307 circuita
3731 2255 3888 2309 omni

2220 2344 2376 2394 terra
2427 2341 2582 2394 ferro
2627 2344 2684 2395 et
2722 2342 2859 2411 igne
2891 2344 3099 2395 cuncta
3133 2343 3502 2411 p0pulantes,
3535 2343 3605 2396 ad
3639 2359 3747 2396 sua
3783 2359 3880 2397 re-

2222 2433 2548 2484 vertuntur.
2566 2429 2916 2500 Interhujus
2932 2430 3242 2484 seditionis
3257 2434 3630 2500 tempestates
3646 2436 3887 2485 vocatus

2222 2519 2562 2588 episcopus,
2597 2519 2750 2572 diem
2783 2519 2995 2572 clausit
3016 2520 3132 2588 (an.
3158 2519 3306 2588 887.)
3333 2521 3771 2590 tumulatusque
3793 2524 3884 2574 est

2221 2609 2278 2660 in
2323 2607 2595 2662 aecclcsia
2629 2609 2818 2661 sancti
2851 2607 3140 2661 Autberti.

2291 2695 2378 2751 6‘2.
2413 2696 2548 2764 (60.)
2581 2695 2867 2766 Sequitur
2912 2695 3122 2749 Dodilo
3152 2695 3475 2766 episcOpus.
3513 2698 3656 2749 l’ost
3687 2698 3886 2751 —Rotra

2219 2785 2354 2839 dum
2389 2784 2667 2855 regendae
2689 2783 2980 2838 (ecclesiae
3029 2800 3229 2838 curam
3265 2785 3472 2839 Dodilo
3520 2785 3880 2856 suscipiens,

2218 2889 2371 2928 anno
2405 2873 2631 2926 Domini
2652 2870 2754 2928 887
2787 2873 2932 2941 (148)
2963 2876 3018 2926 et
3051 2871 3116 2926 16
3149 2873 3272 2926 Kal.
3309 2873 3532 2942 Aprilis
3565 2875 3884 2943 episcopus

2219 2963 2521 3017 ordinatur
2543 2961 2638 3031 (A.
2667 2960 2955 3029 Vedast.).
2993 2961 3103 3015 Hic
3135 2977 3308 3014 unam
3331 2961 3490 3031 juris
3525 2962 3620 3015 sui
3654 2961 3876 3030 villam,

439 3070 572 3109 sum
601 3026 721 3106 filio
750 3026 1024 3122 perstitit.
1059 3026 1524 3120 superveniente
1555 3047 1853 3101 nativitate
1881 3053 2103 3103 sanctae
2138 3026 2188 3087 Ο
2219 3052 2506 3105 Buxerias
2555 3026 2708 3120 (149)
2739 3026 2994 3119 nomine,
3039 3026 3438 3119 stipendiariis
3489 3050 3734 3103 fratrum
3783 3026 3886 3121 qui

437 3143 664 3212 Maria,
696 3157 828 3212 quae
859 3139 892 3194 6
924 3139 1062 3192 Idus
1085 3137 1448 3208 Septembris
1470 3137 1773 3208 agebatur,
1796 3137 1948 3192 inter
1975 3139 2104 3208 ipsa

434 3229 792 3288 matutinalia
807 3228 1023 3297 ofﬁcia,
1059 3243 1191 3281 cum
1206 3227 1353 3280 forte
1367 3225 1665 3296 paululum
1679 3226 2098 3296 obodrmisset,

432 3321 598 3390 vidit,
615 3323 677 3374 ut
698 3320 825 3389 ipse
849 3317 1040 3372 adhuc
1063 3317 1266 3384 refert,
1292 3331 1498 3369 senem
1520 3315 1814 3386 quendam
1847 3315 1961 3368 sibi
1993 3316 2100 3368 ad-

433 3411 672 3475 sistere,
698 3408 875 3478 cujus
901 3409 1058 3459 tactu
1072 3403 1438 3459 consolidata
1467 3406 1790 3456 suntcrura
1812 3403 1966 3473 ejus.
1991 3403 2100 3457 Hic

435 3499 627 3551 autem
660 3510 764 3564 per
792 3494 1014 3563 aliquot
1068 3507 1256 3546 annos
1310 3507 1383 3546 ex
1433 3491 1746 3560 stipendiis
1807 3491 2098 3547 aecclesiae

433 3584 608 3640 alitus
637 3586 730 3637 est
757 3579 854 3636 100.

502 3673 590 3727 59.
607 3671 839 3742 (57.)De
855 3685 1042 3741 puero
1059 3673 1379 3737 contracto,
1398 3668 1505 3723 sed
1519 3669 1760 3722 meritis
1781 3667 1948 3723 beati
1962 3685 2102 3740 pon-

433 3761 616 3817 tificis
642 3760 947 3830 sospitate.
973 3757 1096 3812 Nec
1127 3757 1416 3812 dissimile
1435 3756 1575 3811 illud
1594 3772 1827 3828 quoque
1839 3757 2092 3827 videtur,

429 3851 585 3924 quod
616 3850 826 3904 iterum
855 3847 1052 3901 divina
1097 3845 1402 3900 clementia
1463 3846 1691 3902 meritis
1742 3849 1932 3900 sancti
1983 3848 2095 3901 viri

428 3939 762 3995 contulerit.
788 3936 1089 4002 Quendam
1127 3951 1378 4006 namque
1407 3951 1676 4006 puerum,
1711 3935 1946 3990 nomine
1979 3936 2095 3992 He-

428 4028 735 4096 ribertum,
769 4041 844 4081 ex
877 4024 1094 4079 familia
1125 4025 1315 4078 sancti
1336 4025 1652 4096 Gaugerici
1674 4025 1878 4079 vivere
1900 4025 2094 4080 adhuc

427 4116 873 4189 cognoscimus,
907 4130 1080 4184 quem
1111 4118 1246 4184 post
1278 4129 1405 4168 suae
1436 4113 1755 4168 nativitatis
1777 4114 2090 4168 triennium

423 4209 580 4261 tanta
611 4204 883 4260 debilitas
931 4203 1344 4258 crusculorum
1377 4203 1523 4273 (146)
1571 4203 1723 4257 forte
1770 4205 2125 4283 contractis.

2215 3141 2275 3194 in
2305 3140 2580 3194 aeeclesia
2609 3139 2795 3193 beatae
2842 3138 3042 3193 Marim
3072 3139 3524 3208 famulabantur,
3559 3140 3882 3210 delegavit.

2283 3229 2372 3282 63.
2405 3227 2539 3297 (61.)
2560 3227 2747 3281 Multa
2769 3227 3013 3298 scripta,
3042 3243 3171 3299 qua!
3191 3227 3371 3282 Falco
3401 3229 3890 3299 archiepiscopus

2215 3317 2492 3371 Dodiloni
2509 3318 2778 3388 episcopo
2793 3322 2850 3370 et
2872 3315 3011 3370 aliis
3031 3316 3376 3387 quibusdam
3395 3317 3650 3371 miserit.
3669 3317 3751 3370 De
3771 3316 3889 3370 hoc

2212 3407 2271 3459 in
2302 3405 2493 3476 gestis
2527 3405 2911 3459 ltemensium
2939 3406 3280 3474 pontificum
3303 3407 3634 3475 reperimus
3672 3405 3885 3474 (FLon.

2213 3511 2289 3557 IV,
2323 3495 2397 3562 6),
2434 3493 2590 3563 quod
2621 3493 2801 3547 Fulco
2839 3493 3109 3564 ejusdem
3142 3494 3305 3547 sedis
3363 3494 3885 3564 archiepiscopus,

2212 3583 2431 3652 scripta
2490 3583 2571 3636 illi
2633 3583 2860 3636 miserit
2916 3598 3024 3651 pro
3083 3582 3315 3652 placitis
3349 3582 3462 3634 sibi
3495 3583 3566 3636 ab
3601 3598 3669 3636 eo
3703 3583 3886 3651 datis,

2209 3673 2282 3727 ad
2313 3688 2445 3743 quae
2476 3671 2712 3724 minime
2761 3672 3103 3739 attenderat,
3150 3687 3396 3725 monens
3457 3674 3512 3724 et
3540 3686 3785 3742 rogans,
3822 3675 3890 3724 ut

2208 3764 2436 3832 satagat
2467 3761 2670 3814 venire
2701 3760 2772 3813 ad
2806 3761 3136 3828 proximum
3182 3761 3478 3829 placitum,
3537 3759 3885 3829 ubicunque

2207 3866 2313 3904 rex
2342 3849 2466 3903 Ο‹]ο
2499 3849 2674 3902 fuerit
2705 3865 2838 3902 cum
2871 3849 3192 3918 episc0pis,
3229 3849 3461 3918 quando
3489 3864 3633 3915 rem,
3669 3849 3740 3901 de
3763 3865 3888 3918 qua

2206 3944 2346 3994 tunc
2379 3938 2690 4009 agebatur,
2725 3937 2796 3990 de
2821 3937 3179 4007 Hildcgarde
3204 3940 3260 3989 et
3293 3937 3723 4008 Hirmengarde
3757 3942 3888 3989 ter-

2203 4028 2426 4081 minare
2459 4026 2761 4081 deberent.
2800 4029 3198 4079 Accusatores
3231 4041 3464 4095 quoque
3513 4026 3702 4094 ipsius
3734 4025 3890 4078 Hir-

2204 4117 2568 4187 mengardis,
2603 4131 2830 4185 eosque
2863 4115 2964 4184 qui
2994 4114 3390 4184 presbiterum
3413 4114 3734 4167 luminibus
3753 4115 3891 4182 pri-

2201 4206 2328 4259 vari
2359 4221 2428 4258 ac
2456 4205 2743 4274 suspendi
2772 4203 3105 4274 jusserunt,
3142 4219 3274 4255 cum
3317 4203 3410 4255 his
3443 4203 3738 4270 omnibus,
3773 4204 3886 4272 qui

421 4295 644 4364 nervis,
688 4295 1060 4364 obrepserat,
1115 4297 1179 4346 ut
1208 4291 1322 4347 alio
1363 4307 1538 4362 pmne
1595 4293 1841 4347 triennio
1872 4294 2086 4362 pedum
2115 4310 2168 4370 D
2202 4292 3267 4361 eideminfandaejussioniparuerunt
3289 4293 3382 4345 vel
3409 4292 3666 4344 factores
3686 4291 3884 4361 htrjus

419 4385 615 4440 ofﬁcia
637 4399 756 4438 non
779 4383 1040 4437 haberet.
1060 4381 1226 4436 Unde
1243 4385 1425 4435 mater
1438 4381 1646 4435 sedulo
1671 4396 1937 4452 gemens,
1959 4383 2084 4436 uni-

420 4489 554 4528 cum
585 4471 857 4525 vehiculo
880 4471 1221 4540 impositum
1253 4487 1360 4538 per
1387 4471 1567 4523 multa
1597 4471 1724 4524 loca
1747 4475 2085 4524 sanctorum

417 4560 745 4631 deportavit
768 4575 783 4628 ;
808 4558 914 4612 sed
935 4557 1157 4610 nullius
1181 4558 1488 4612 medicinae
1512 4574 1615 4626 pro
1627 4557 1837 4612 fectum
1854 4561 2080 4626 adepta,

414 4650 650 4705 tandem
708 4651 840 4700 ante
899 4646 1237 4715 sepulcrum
1307 4645 1491 4715 hujus
1561 4647 1717 4699 beati
1787 4647 2082 4714 pontificis

414 4737 742 4794 collocavit.
779 4735 947 4788 Hunc
988 4737 1179 4803 itaque
1237 4749 1352 4787 non
1383 4734 1563 4788 multo
1609 4738 1762 4803 post,
1800 4739 2082 4804 operante

414 4827 613 4881 divina
643 4825 946 4879 clementia
977 4823 1320 4892 meritisque
1379 4822 1562 4894 hujus
1595 4824 1782 4876 sancti
1817 4823 2079 4893 episcopi

413 4913 700 4969 medelam
731 4912 1202 4984 impetrantibus,
1237 4911 1631 4966 ambulantem
1662 4912 1916 4967 reduxit.
1953 4913 2080 4967 Hoc

413 5018 562 5074 ergo
594 5005 798 5058 sancto
830 5002 959 5057 viro
977 5000 1294 5072 reservari,
1320 5000 1422 5055 Dei
1445 5000 1813 5071 providentia
1844 5002 2080 5072 dispen-

2200 4383 2450 4436 sceleris
2466 4382 2838 4448 exstiterunt,
2860 4381 3221 4434 commoneri
3242 4379 3415 4432 faciat
3433 4377 3502 4422 101
3519 4384 3573 4433 et
3587 4380 3887 4434 canonice

2201 4469 2538 4537 convocari,
2559 4472 2620 4522 ut
2637 4469 2770 4521 huic
2791 4469 3104 4522 conventui
3122 4485 3189 4522 se
3212 4469 3886 4538 studeantpresentare.

2199 4559 2340 4612 Item
2365 4574 2470 4627 pro
2495 4558 2700 4611 eadem
2729 4573 2907 4610 causa
2929 4558 3150 4628 gratias
3177 4557 3469 4623 referens,
3487 4557 3620 4626 quia
3655 4557 3883 4611 devote

2195 4647 2387 4716 ipsius
2421 4647 2935 4700 commonitionem
2958 4647 3312 4715 susceperit,
3333 4646 3470 4698 etad
3489 4646 3882 4698 constitutam

2195 4735 2349 4788 diem
2379 4735 2793 4804 paratissimus
2817 4735 3161 4788 occurrerit.
3179 4734 3326 4788 lllud
3345 4749 3488 4788 vero
3503 4749 3884 4786 succensere

2192 4824 2447 4891 videtur,
2467 4839 2592 4892 cur,
2613 4840 2743 4877 cum
2769 4824 2840 4877 de
2858 4823 3112 4893 negotiis
3139 4822 3568 4876 ecclesiasticis
3584 4825 3886 4893 ageretur

2192 4927 2392 4981 causa,
2425 4928 2544 4966 non
2601 4928 2706 4984 per
2761 4913 3064 4979 clericum,
3090 4911 3196 4966 sed
3227 4927 3334 4980 per
3367 4911 3593 4966 laicalis
3635 4911 3883 4965 ordinis

2189 5001 2484 5057 hominem
2507 5002 2622 5056 sibi
2654 5002 2932 5056 mandare
2951 5001 3262 5056 voluisset.
3287 5001 3421 5070 Ipse
3441 5016 3582 5055 vero
3605 4999 3882 5054 domnus

1714 5116 2010 5178 VARI/E
2054 5116 2419 5178 LECTION
2430 5117 2547 5178 ES.

480 5223 535 5268 99
563 5224 665 5280 W.
696 5241 754 5280 n.
786 5229 989 5280 auctor
1019 5225 1148 5296 ipse
1179 5223 1630 5296 superscripsit.
1658 5221 1740 5265 100
1773 5223 1883 5279 Hic
1910 5255 1982 5264 —
2011 5226 2104 5280 est
2124 5231 2329 5279 auctor
2356 5225 2485 5296 ipse
2507 5223 2760 5279 addidit.
2792 5220 2868 5266 101
2901 5223 3120 5277 faciant
3154 5221 3203 5278 1.

1987 5320 2266 5383 ΝΟΤΑΞ.

506 5429 628 5500 146)
658 5430 700 5485 Ι.
735 5445 786 5484 e.
827 5430 1108 5484 crurium.

506 5431 628 5500 146)
658 5431 700 5485 Ι.
735 5445 786 5484 e.
827 5431 1108 5484 crurium.

479 5431 628 5571 £147)
661 5501 832 5556 Errat
859 5500 1159 5571 paululum
1182 5500 1240 5554 in
1262 5498 1900 5572 temporerRotradus
1931 5499 2076 5572 obiit

409 5588 462 5629 ει.
496 5570 614 5626 ⁷887
643 5570 900 5640 ineunte,
935 5575 998 5626 ut
1027 5574 1266 5642 apparet
1303 5589 1335 5626 e
1381 5570 1513 5642 cap.
1547 5570 1644 5642 ⁷62,
1679 5577 1736 5627 et
1782 5571 2067 5626 Arnulfus

407 5659 662 5721 regnum
722 5644 971 5718 adeptus
1034 5647 1126 5698 est
1179 5657 1384 5700 mense
1440 5642 1674 5700 demum
1717 5642 2076 5701 Novembris

2183 5432 2456 5485 exeunte.

2256 5499 2406 5569 (148)
2439 5500 2508 5553 A.
2545 5499 2649 5553 888
2679 5499 3004 5555 secundum
3034 5500 3187 5554 Ann.
3223 5499 3462 5554 Vedast.

2249 5568 2397 5645 (149)
2430 5571 2687 5642 Boussy,
2720 5572 2872 5626 inter
2901 5570 3178 5627 Cambrai
3225 5584 3280 5626 et
3326 5571 3640 5642 Bapaume.
3673 5568 3880 5629 Conv.
