4098 6196
180 412 260 477 65
1575 406 1831 469 LIBER
1884 406 2231 470 PRIMUS.
3552 404 3635 473 66

188 613 393 680 Falco,
451 612 663 684 partim
712 610 969 665 senioris
1017 610 1265 664 servitio
1303 609 1598 675 detentus,
1646 608 1857 677 partim
1884 590 1942 651 Α
1972 606 2185 662 affectu
2215 609 2287 661 ad
2319 608 2548 678 potiora
2578 610 2929 678 provexerat
2953 627 2966 674 ;
3000 609 3105 663 sed
3127 611 3183 663 et
3202 610 3495 681 quomodo
3516 611 3631 666 Ro-

189 718 500 772 eorporete
530 700 1024 755 iucommoditatis
1054 698 1321 752 molestia
1345 697 1709 767 prepeditus,
1729 697 1861 766 jux-

186 795 241 844 ta
260 789 604 845 condictum
624 790 828 843 venire
847 788 1210 857 nequiverat.
1228 787 1519 840 Admonet
1536 786 1709 840 etiam
1727 801 1860 839 eum

187 881 539 933 meminisse
572 880 809 945 debere,
845 877 1036 948 qualis
1067 877 1197 946 ipse
1226 892 1369 947 erga
1401 890 1535 929 eum
1565 875 1859 945 quondam

188 969 483 1037 extiterit,
516 969 772 1038 qualiter
803 968 931 1020 sine
966 980 1110 1036 rege
1134 1006 1147 1033 ,
1180 964 1310 1018 sine
1342 964 1459 1017 ullo
1488 964 1680 1033 ipsius
1710 965 1856 1033 parti

189 1058 542 1111 consulente
566 1056 757 1111 modis
780 1056 1055 1110 omnibus
1078 1054 1375 1121 institerit,
1395 1058 1453 1107 ut
1470 1053 1542 1106 ad
1562 1052 1719 1106 hunc
1740 1053 1859 1121 epi-

187 1146 497 1215 scopalem
529 1146 867 1215 perveniret
894 1144 1199 1209 honorem,
1222 1158 1354 1195 cum
1376 1142 1567 1196 adhuc
1597 1140 1859 1211 perfecte

186 1238 365 1288 notus
388 1251 510 1288 non
531 1238 723 1298 esset;
752 1234 831 1286 ita
865 1236 1059 1286 tamen
1091 1247 1201 1302 pro
1225 1246 1294 1285 eo
1319 1231 1527 1301 egerit,
1553 1230 1731 1284 veluti
1754 1246 1858 1299 pro

187 1322 371 1377 fratre
395 1323 733 1391 carissimo,
768 1324 903 1393 quia
926 1321 1260 1375 crediderat
1294 1325 1349 1373 et
1388 1318 1665 1374 credebat
1697 1318 1753 1371 in
1788 1334 1857 1372 eo

185 1412 526 1481 simplicem
558 1412 946 1481 prudentiam,
968 1410 1142 1464 fidem
1159 1425 1276 1463 non
1298 1409 1511 1475 fictam,
1546 1408 1773 1462 ﬁrmam
1804 1410 1860 1460 et

182 1500 673 1555 indemutabilem
724 1500 1122 1554 stabilitatem.
1176 1498 1529 1568 Speraverat
1578 1497 1751 1550 etiam
1797 1495 1858 1549 in

185 1588 472 1642 omnibus
503 1589 619 1643 sibi
653 1591 1100 1657 cooperatorem
1130 1590 1188 1641 et
1219 1586 1552 1658 adjutorem
1572 1584 1720 1639 fore.
1744 1585 1859 1639 Per

183 1678 346 1730 illam
369 1693 519 1749 ergo
546 1678 845 1732 sinceram
867 1677 1257 1740 dilectionem,
1285 1690 1460 1744 quam
1487 1675 1547 1727 in
1569 1674 1698 1743 ipso
1722 1690 1857 1728 cre-

182 1766 381 1835 debat,
409 1782 546 1821 eum
571 1782 638 1821 se
666 1767 806 1820 dicit
827 1780 1089 1835 monere,
1120 1755 1406 1817 mandans
1436 1767 1496 1817 ut
1525 1762 1857 1832 posthabita

182 1856 345 1909 omni
378 1856 661 1909 dilatione
694 1856 785 1908 vel
818 1854 1224 1925 occupatione,
1256 1853 1329 1906 ad
1361 1852 1695 1907 condictum
1726 1866 1859 1905 con-

182 1949 429 1998 ventum
454 1945 873 2014 episcOporum
896 1958 1147 2012 presens
1168 1942 1385 1996 adesse
1413 1941 1664 2008 studeat,
1698 1940 1855 1994 nulla

1970 697 2172 750 dulfus
2204 698 2296 749 vir
2323 697 2574 751 devotus
2596 697 2889 751 abhatiam
2909 698 3203 768 quandam
3222 700 3282 751 in
3303 699 3486 768 hujus
3511 699 3632 753 He-

1969 784 2167 839 tilonis
2197 786 2507 855 parrochia
2551 786 2755 856 sitam,
2802 787 3080 840 Remensi
3122 786 3482 857 delegaverit
3511 804 3632 842 aec-

1970 874 2171 928 clesiaa
2195 917 2208 942 ,
2264 875 2641 928 committens
2684 875 2859 928 simul
2903 875 3092 929 eidem
3120 871 3200 917 102
3228 890 3448 945 corpus
3478 876 3633 929 beati

1967 961 2170 1016 Calisti
2201 979 2368 1033 papae
2401 968 2456 1018 et
2486 964 2784 1034 martyris,
2820 964 2974 1034 quod
3016 964 3388 1034 impetratum
3435 980 3467 1016 a
3516 964 3631 1017 Ro-

1967 1067 2138 1105 mana
2156 1052 2441 1106 detulerat
2462 1052 2626 1106 urbe.
2651 1053 2878 1106 Intimat
2897 1068 3063 1124 ergo,
3088 1052 3338 1123 qualiter
3356 1054 3631 1122 precatus

1969 1141 2044 1193 sit
2061 1142 2447 1195 amicabiliter
2468 1142 2760 1210 prefatum
2784 1141 3127 1195 Dodilonem
3146 1141 3216 1195 ad
3240 1142 3631 1195 Atrabatense

1969 1228 2275 1283 castellum
2310 1230 2540 1297 venire,
2585 1235 2640 1284 et
2673 1230 2804 1285 inde
2836 1231 3080 1302 pignera
3113 1229 3325 1299 prefati
3354 1230 3631 1300 martyris

1970 1317 2291 1371 honoriﬁce
2330 1319 2528 1372 levare
2571 1323 2741 1389 atque
2777 1335 2967 1388 usque
2998 1320 3069 1373 ad
3101 1319 3413 1374 cenobium
3445 1318 3629 1372 sancti

1967 1406 2224 1470 Quintini
2247 1407 2539 1461 deducere
2561 1408 2761 1475 (Faoo.
2788 1425 2866 1475 iv,
2894 1408 3001 1476 16).
3030 1408 3198 1461 Hunc
3223 1409 3395 1461 etiam
3417 1408 3633 1461 Hetilo-

1967 1510 2100 1549 nem
2118 1496 2461 1565 expetierat,
2483 1502 2545 1550 ut
2562 1497 2629 1549 ad
2649 1497 2842 1565 ipsum
2862 1496 3171 1551 cenobium
3191 1500 3553 1562 occurreret,
3576 1499 3632 1549 et

1965 1585 2165 1638 tandiu
2197 1600 2330 1638 cum
2360 1600 2532 1639 sacro
2564 1586 2946 1640 comitaretur
2974 1601 3243 1654 corpore,
3278 1586 3467 1639 donec
3498 1584 3629 1654 ipse

1967 1674 2219 1727 domnus
2250 1674 2430 1727 Fuleo
2474 1676 2726 1742 veniret,
2772 1679 2826 1728 et
2866 1674 3142 1728 decenter
3181 1674 3322 1727 illud
3356 1673 3629 1742 excipere

1969 1778 2159 1833 usque
2191 1763 2262 1815 ad
2296 1762 2649 1817 Remensem
2683 1763 2907 1817 valeret
2936 1763 3142 1816 urbem
3184 1762 3496 1828 deducere,
3529 1761 3631 1814 ubi

1965 1852 2186 1905 tamdiu
2208 1854 2894 1922 servareturquousque,
2912 1867 3054 1921 pace
3078 1852 3322 1918 reddita,
3340 1850 3468 1903 loco
3488 1865 3629 1918 pro-

1969 1940 2116 2010 prio,
2137 1940 2329 2009 ipsius
2351 1940 2640 1995 Hetilonis
2660 1941 2969 2010 parrochia
2990 1941 3102 1994 sito
3124 1937 3215 2009 103,
3237 1938 3467 1992 restitui
3485 1954 3627 2008 pos-

180 2048 369 2087 causa
387 2035 659 2102 excepta,
676 2034 791 2086 nisi
810 2036 1032 2086 tantum
1049 2031 1381 2085 infirmitate
1400 2045 1703 2100 corporea.
1724 2030 1859 2083 Per-
1885 2039 1939 2101 Β
1969 2033 2079 2084 set.
2105 2031 2178 2082 At
2200 2029 2407 2084 Dodilo
2430 2045 2562 2083 cum
2585 2030 2895 2084 debuisset
2917 2045 3095 2101 agere
3119 2028 3277 2099 quod
3300 2026 3627 2097 petebatur,

180 2137 369 2175 sonas
391 2122 573 2175 etiam
600 2122 953 2191 promissas,
984 2135 1133 2190 quas
1153 2135 1261 2189 per
1286 2119 1526 2174 alteram
1558 2118 1857 2189 significa-

176 2216 352 2264 verat
396 2210 749 2279 epistolam,
802 2209 1161 2263 commoneri
1209 2208 1493 2262 canonice
1541 2207 1745 2276 faciat,
1798 2209 1860 2261 ut

174 2305 518 2369 preparatus
569 2299 641 2351 ad
686 2297 1017 2352 solemnem
1056 2301 1271 2351 coetum
1311 2296 1729 2366 episcoporum
1764 2295 1857 2349 die

176 2388 410 2456 prefixa
454 2403 523 2440 se
564 2390 837 2459 satagunt
874 2390 1246 2455 presentare.
1291 2385 1436 2439 Item
1473 2400 1606 2437 cum
1640 2385 1857 2439 ceteris

176 2475 574 2545 coepiscopis
606 2475 832 2529 Didone
866 2474 1245 2528 Laudunensi
1267 2516 1281 2543 ,
1331 2473 1601 2527 Hetilone
1633 2472 1857 2526 Novio-

176 2564 400 2631 mensi,
442 2563 681 2617 Riculfo
711 2562 1091 2631 Suessorum,
1120 2561 1478 2616 Herimando
1510 2561 1855 2630 Morinensi,

181 2652 474 2707 scribens
506 2652 643 2705 huic
675 2652 899 2722 presuli
928 2651 1192 2705 Dediloni
1226 2651 1550 2722 significat,
1585 2650 1695 2703 hos
1726 2666 1856 2719 pre-

178 2742 413 2796 missos
447 2742 505 2794 in
536 2741 750 2795 urbem
785 2742 1140 2795 Remensem
1173 2740 1529 2794 convenisse
1561 2738 1854 2809 presules,

175 2832 244 2884 ad
268 2830 652 2884 tractandum
672 2829 743 2884 de
761 2830 1112 2900 pervasione
1126 2828 1416 2897 Balduini,
1438 2828 1509 2882 de
1531 2844 1647 2899 quo
1670 2828 1855 2897 scrip-

175 2923 341 2973 serat
361 2919 563 2973 eidem
588 2918 819 2987 Dodilo,
838 2918 1156 2973 admonere
1178 2918 1364 2986 illum,
1391 2921 1450 2970 ut
1474 2916 1858 2987 resipisceret

172 3024 206 3060 a
224 3024 415 3077 pravo
435 3007 788 3061 temeritatis
807 3023 935 3061 suae
949 3006 1124 3060 fastu.
1141 3006 1257 3062 Sed
1276 3006 1553 3076 quoniam
1567 3006 1718 3060 idem
1732 3019 1858 3075 pre-

173 3098 267 3150 sul
298 3097 724 3165 rescripserat,
745 3111 1069 3150 occurrere
1086 3111 1152 3149 se
1175 3095 1402 3149 eisdem
1423 3094 1768 3165 presulihus
1790 3108 1857 3146 se

173 3186 559 3257 nequivisse,
576 3185 723 3255 'quia
748 3200 921 3238 suum
952 3185 1065 3238 iter
1088 3184 1548 3238 Nortmanorum
1569 3182 1858 3253 proripuit

174 3276 446 3347 gladius,
470 3290 584 3327 ceu
604 3274 678 3326 de
699 3273 994 3327 communi
1012 3272 1346 3342 conpatitur
1365 3272 1562 3326 exitio.
1583 3270 1857 3325 Ceterum

174 3364 335 3435 quod
356 3364 620 3434 petierat
647 3362 720 3416 de
750 3362 1059 3427 Balduino,
1093 3362 1152 3415 in
1182 3361 1296 3416 hoc
1328 3360 1660 3433 adquiescit
1688 3359 1761 3428 ei,
1798 3362 1857 3413 ut

174 3452 586 3520 admonendo,
612 3450 979 3505 exhortando
1011 3454 1066 3504 et
1097 3450 1453 3520 increpando
1481 3449 1692 3504 sedulo
1722 3463 1855 3502 eum

173 3542 497 3611 corripiat,
532 3543 595 3593 ut
625 3556 656 3592 a
688 3555 798 3593 sua
830 3540 1162 3609 corrigatur
1194 3539 1506 3608 pravitate,
1539 3538 1770 3592 divinas
1803 3536 1853 3590 ei

174 3645 531 3701 proponens
565 3633 908 3683 sanctorum
940 3629 1265 3682 sententias
1300 3628 1556 3681 Patrum.
1600 3627 1855 3680 Litteras

174 3721 348 3773 etiam
366 3718 573 3772 eidem
588 3716 956 3770 Balduinoab
976 3716 1239 3785 ipsorum
1255 3716 1671 3785 episcoiiorum
1691 3718 1856 3783 parte

175 3798 353 3881 dirigi
379 3807 708 3878 signiﬁcat.
732 3806 818 3859 De
841 3805 1060 3876 quibus
1096 3806 1381 3870 hortatur,
1417 3808 1477 3857 ut
1508 3804 1558 3857 si
1593 3805 1769 3859 fuerit
1798 3803 1855 3855 in

175 3913 461 3967 presens,
495 3896 553 3949 ei
585 3896 944 3962 recitentur;
978 3895 1033 3947 si
1062 3895 1286 3949 absens
1322 3894 1513 3961 fuerit,
1548 3908 1652 3963 per
1683 3908 1855 3945 suum

174 3987 678 4041 archidiaconum
694 3984 810 4053 ipsi
833 3984 1205 4052 transmittat,
1232 3984 1329 4053 qui
1353 3983 1525 4037 etiam
1550 3997 1651 4036 eas
1672 3982 1854 4051 illum,

76 4102 85 4109 -
174 4076 522 4146 intelligere
574 4072 767 4127 faciat.
810 4070 977 4137 Quod
1017 4072 1068 4126 si
1111 4075 1167 4126 et
1213 4088 1347 4125 eum
1387 4072 1482 4127 ille
1527 4070 1860 4142 nequiverit

169 4166 371 4230 adire,
408 4164 648 4217 litteras
678 4162 806 4231 ipse
834 4162 1072 4231 publice
1114 4176 1309 4215 coram
1344 4176 1409 4215 se
1442 4160 1562 4232 legi
1594 4159 1769 4213 faciat
1800 4160 1857 4213 in

168 4253 305 4308 loco
326 4252 439 4307 ubi
464 4251 797 4304 Balduinus
821 4250 1168 4322 religionem
1191 4250 1474 4319 pervasit,
1500 4252 1556 4303 et
1575 4248 1857 4317 deinceps

168 4343 285 4396 nisi
310 4340 668 4409 resipuerit,
690 4355 807 4394 non
840 4339 893 4393 ei
922 4340 1016 4393 vel
1047 4339 1376 4392 monachus
1406 4339 1500 4391 vel
1532 4338 1857 4392 eanonicus

170 4433 263 4485 vel
314 4430 577 4501 quilibet
622 4429 734 4482 rite
784 4428 1160 4482 Christianus
1208 4427 1603 4499 adjungatur,
1649 4427 1702 4481 si
1741 4442 1858 4480 non

170 4518 582 4574 anathematis
626 4517 865 4570 vinculo
915 4517 1201 4587 implicari
1248 4517 1518 4570 voluerit.
1552 4515 1613 4570 Si
1664 4516 1857 4570 Hetilo

173 4623 423 4678 quoque
454 4607 528 4660 ad
557 4606 850 4659 civitatem
871 4605 1252 4659 Adtrabalem
1274 4606 1524 4674 venerit,
1546 4605 1754 4660 Dodilo
1774 4605 1857 4658 illi

172 4700 459 4751 occurrat
492 4699 558 4748 ut
587 4694 660 4747 de
692 4694 802 4747 hac
836 4710 898 4746 rc
933 4694 1089 4764 quod
1129 4695 1421 4764 agendum
1455 4698 1548 4748 est
1576 4695 1858 4748 canonice

172 4800 475 4856 peragere
499 4783 758 4852 possint,
786 4786 841 4836 et
862 4783 1146 4853 quidquid
1178 4784 1310 4837 inde
1339 4783 1607 4852 fecerint,
1646 4783 1858 4837 litteris

174 4875 289 4927 subi
323 4871 657 4943 signiﬁcet.
694 4870 949 4943 Hetiloni
982 4871 1207 4939 presuli
1234 4872 1446 4925 litteris
1480 4872 1751 4940 mandat,
1797 4874 1859 4926 ut

1888 3493 1939 3552 C

1968 2134 1999 2173 e
2032 2122 2231 2173 contra
2266 2118 2563 2173 filiationis
2596 2134 2663 2172 ac
2697 2118 3077 2173 fraternitatis
3108 2117 3441 2188 posthabita
3460 2131 3630 2171 reve-

1967 2208 2183 2276 rentia,
2213 2209 2271 2260 in
2302 2207 2494 2262 medio
2528 2224 2852 2262 occurrens
2883 2208 2995 2261 viae
3018 2208 3165 2262 etde
3187 2206 3460 2260 manibus
3482 2220 3628 2276 ges-

1963 2297 2207 2351 tantium
2230 2300 2496 2351 sanctum
2520 2296 2740 2367 pignus
2759 2296 3083 2365 abripiens,
3104 2295 3258 2365 apud
3277 2310 3344 2349 se
3361 2293 3629 2363 reposuit

1966 2385 2171 2442 dicens
2194 2401 2312 2440 non
2335 2385 2476 2439 illud
2506 2400 2572 2439 se
2593 2385 2864 2455 cuiquam
2890 2385 3275 2451 redditurum,
3298 2382 3413 2436 nisi
3436 2382 3628 2436 eidem

1964 2474 2220 2528 Hetiloni
2267 2474 2328 2527 in
2382 2474 2557 2545 cujus
2604 2474 3024 2528 dinoscebatur
3070 2473 3259 2526 fuisse
3315 2469 3628 2541 parrochia

1965 2562 2333 2632 depositum;
2366 2567 2422 2617 et
2451 2562 2564 2616 hoc
2595 2563 2787 2632 ipsum
2821 2578 2990 2616 novae
3020 2560 3246 2615 fraudis
3277 2561 3624 2631 argumento

1964 2650 2260 2721 gessisse,
2287 2667 2401 2721 quo
2422 2652 2640 2704 valeret
2660 2651 2949 2720 prefatum
2977 2666 3195 2719 corpus
3226 2664 3467 2704 sacrum
3496 2646 3626 2700 cui-

1966 2740 2096 2793 dam
2130 2739 2438 2794 Hueboldo
2463 2740 2655 2793 comiti
2688 2740 2936 2795 tradere.
2961 2739 3249 2804 Quocirca
3275 2738 3439 2809 petiit
3469 2737 3627 2790 hunc

1965 2828 2317 2896 Hetilonem,
2350 2833 2410 2882 ut
2442 2829 2689 2883 missum
2723 2845 2896 2883 suum
2926 2829 2996 2882 ad
3029 2844 3163 2883 eum
3195 2828 3410 2899 dirigat
3440 2828 3498 2881 et
3526 2840 3627 2895 pa-

1964 2919 2131 2971 terno
2160 2934 2229 2972 ac
2260 2918 2518 2973 fraterno
2551 2933 2749 2973 amore
2790 2919 2983 2987 ipsum
3021 2918 3393 2988 redarguens
3434 2914 3623 2969 corri-

1965 3009 2082 3078 gat,
2108 3010 2165 3061 et
2199 3008 2255 3061 in
2286 3009 2625 3062 memoriam
2655 3008 2709 3062 ei
2732 3010 2973 3062 revocet
2993 3007 3289 3077 quomodo
3312 3003 3625 3074 religionis

1964 3096 2155 3149 solius
2199 3100 2253 3149 et
2295 3097 2458 3164 fidei,
2502 3112 2682 3166 quam
2722 3097 2782 3150 in
2812 3111 2881 3150 eo
2913 3096 3043 3150 fore
3073 3094 3382 3162 credebat,
3416 3091 3625 3145 intuitu

1964 3184 2128 3237 illum
2160 3184 2386 3255 absque
2421 3185 2582 3255 regis
2615 3189 2711 3237 aut
2742 3184 3028 3254 principis
3060 3182 3316 3253 alicujus
3348 3183 3626 3250 expecta-

1965 3274 2120 3327 tione
2152 3274 2210 3326 in
2243 3274 2385 3327 sede
2414 3274 2732 3343 pontiﬁcali
2763 3273 3087 3337 locaverit;
3121 3273 3469 3341 moneatque
3500 3271 3563 3322 ut
3593 3284 3627 3322 a

1967 3368 2153 3432 coepta
2185 3362 2509 3417 temeritate
2548 3363 2754 3432 pedem
2799 3366 3055 3429 revocet,
3101 3376 3175 3415 ne
3213 3359 3433 3431 aliquid
3469 3358 3626 3412 hunc

1967 3452 2214 3506 eundem
2235 3452 2746 3521 archiepiscopum
2769 3454 2970 3505 contra
2994 3466 3081 3520 se,
3103 3450 3259 3520 quod
3281 3449 3436 3503 idem
3457 3447 3623 3515 nolit,

1965 3556 2144 3612 agere
2176 3540 2485 3610 conpellat.
2522 3541 2690 3595 Ilunc
2722 3556 2957 3611 quoque
2988 3542 3264 3610 precatur
3296 3536 3628 3591 Hetilonem

1966 3630 2203 3699 obnixe,
2225 3645 2295 3683 ne
2315 3629 2395 3683 illi
2418 3645 2736 3685 assensum
2756 3630 2810 3683 in
2832 3645 2895 3684 re
2916 3629 3016 3683 tali
3037 3628 3298 3698 prebeat,
3325 3624 3628 3697 sedjustm

1964 3719 2115 3787 parti
2166 3719 2224 3772 in
2273 3719 2549 3774 omnibus
2598 3718 2827 3784 faveat,
2879 3721 2935 3772 et
2974 3719 3317 3772 thesaurum
3348 3715 3627 3769 eelestem

1969 3807 2252 3861 Remensi
2282 3808 2574 3862 aacclesiae
2624 3824 2655 3860 a
2701 3810 3132 3878 prememorato
3172 3807 3299 3859 viro
3330 3803 3624 3871 traditum,

1967 3896 2098 3950 urbi
2128 3912 2196 3949 ac
2228 3896 2493 3950 basilicaa
2524 3896 2716 3966 ipsius
2748 3895 2980 3950 restitui
3009 3911 3125 3948 non
3158 3894 3351 3949 solum
3383 3906 3633 3946 consen-

1966 3985 2090 4054 tiat,
2124 3986 2231 4039 sed
2261 3986 2432 4039 etiam
2463 3986 2600 4039 totis
2630 3986 2859 4039 viribus
2890 3983 3176 4055 adjuvet]

2037 4072 2124 4127 64.
2151 4073 2261 4143 (62)
2289 4074 2641 4144 Preceptum
2667 4075 2817 4146 quod
2839 4090 3020 4145 super
3036 4089 3139 4127 res
3163 4071 3398 4127 Sanctae
3420 4070 3631 4127 Maria?

1969 4163 2042 4217 ab
2054 4162 2311 4216 Arnull'o
2322 4178 2469 4232 rege
2482 4162 2714 4216 firmari
2726 4162 3000 4217 obtinuit.
3017 4161 3282 4231 Denique
3297 4159 3631 4214 meclesiam

1969 4267 2200 4305 summo
2231 4250 2432 4305 labore
2465 4251 2843 4321 gubernans,
2878 4249 3078 4303 multis
3111 4248 3629 4302 commoditatibus

1969 4341 2196 4394 munire
2237 4341 2519 4394 exercuit.
2556 4340 2659 4393 lllo
2702 4341 2876 4393 etiam
2919 4342 3152 4407 petente
3191 4335 3483 4390 Arnulfus
3524 4350 3629 4391 rex

1968 4432 2328 4500 praeceptum
2348 4428 2731 4482 immunitatis
2751 4426 3095 4497 hujusmodi
3112 4429 3336 4480 sancta:
3351 4424 3455 4478 Dei
3472 4423 3632 4495 geni-

1967 4520 2136 4574 tricis
2177 4518 2470 4572 aecclesiae
2512 4517 2798 4587 scriptum
2834 4516 3136 4571 roboravit
3170 4531 3181 4570 :
3235 4538 3257 4563 α
3291 4515 3355 4569 In
3395 4513 3630 4569 nomine

1969 4608 2199 4662 Domini
2230 4607 2418 4662 nostri
2451 4611 2507 4661 et
2538 4606 2859 4661 salvatoris
2890 4606 3037 4660 Jesu
3067 4604 3310 4673 Christi,
3343 4602 3630 4658 Arnulfus

1968 4698 2166 4751 divina
2198 4697 2384 4767 gratia
2414 4711 2542 4750 rex.
2576 4694 2722 4750 Cum
2761 4695 3143 4766 petitionibus
3181 4706 3493 4748 servorum
3526 4689 3631 4745 Dei

1960 4786 2148 4857 justis
2180 4789 2235 4839 et
2265 4785 2654 4839 rationalibus
2687 4785 2870 4839 divini
2900 4785 3095 4838 cultus
3112 4798 3313 4836 amore
3336 4781 3628 4844 favemus,

1970 4890 2229 4943 superna
2262 4874 2446 4944 gratia
2478 4889 2588 4927 nos
2622 4874 2839 4927 muniri
2867 4888 2986 4926 non
3007 4870 3352 4925 diffidimus.
3381 4867 3631 4922 Proinde

175 4962 608 5029 proﬁciscatur
658 4942 790 5011 cum
835 4959 1112 5012 fidelibus
1162 4960 1325 5030 regis
1375 4959 1445 5013 ad
1493 4961 1851 5029 Atrebatem,
1885 4994 1937 5053 D
1970 4942 2201 5017 noverit
2238 4942 2529 5017 industria
2576 4978 2684 5016 seu
2724 4962 3022 5033 sagacitas
3064 4958 3323 5013 omnium
3371 4956 3632 5011 fidelium

174 5066 367 5120 agens
398 5064 513 5117 pro
537 5061 742 5116 posse,
768 5047 923 5115 quod
950 5047 1008 5100 in
1039 5047 1152 5102 alio
1175 5050 1399 5119 scripto
1423 5049 1716 5120 agendum
1740 5050 1857 5102 sibi

176 5137 442 5207 repperit
464 5135 889 5206 signiﬁcatum.
924 5134 1065 5190 Item
1092 5151 1198 5205 pro
1227 5136 1492 5207 liis,quae
1517 5153 1550 5191 a
1573 5137 1857 5192 Dodilone

176 5225 608 5281 Cameracensi
625 5224 959 5295 patiebatur
974 5226 1276 5297 episcopo,
1293 5242 1598 5295 asserens,
1616 5242 1859 5298 quomo-

174 5316 247 5369 do
270 5332 388 5386 pro
406 5314 745 5369 benefactis
768 5314 840 5368 ab
861 5330 930 5368 eo
954 5314 1071 5369 sibi
1089 5316 1515 5370 contumeliosa
1535 5316 1861 5371 retribuan-

176 5412 293 5473 tnr,
319 5405 804 5473 adsciscensque
835 5402 992 5458 hunc
1017 5402 1131 5457 sibi
1155 5407 1385 5472 testem,
1411 5405 1665 5475 qualiter
1690 5421 1859 5460 eum-

176 5494 313 5547 dem
362 5493 717 5547 Dodilonem
761 5494 1004 5559 paterno
1055 5492 1429 5563 simplicique
1476 5494 1857 5565 benignitatis

1968 5053 2329 5117 nostrorum,
2344 5055 2459 5104 tam
2475 5052 2854 5121 praesentium
2868 5064 3041 5119 quam
3055 5052 3111 5102 et
3125 5047 3478 5116 futurorum,
3494 5047 3630 5118 quia

1968 5142 2060 5193 vir
2089 5140 2449 5194 venerabilis
2482 5140 2710 5209 Dodilo,
2734 5137 3184 5193 Cameracensis
3214 5138 3385 5192 urbis
3407 5138 3634 5208 episco-

1968 5246 2081 5300 pus
2107 5271 2121 5299 ,
2165 5229 2373 5284 obtulit
2412 5228 2716 5283 obtutibus
2755 5227 2980 5283 nostris
3020 5227 3403 5282 immanitatis
3442 5228 3630 5282 beataa

1970 5320 2271 5374 memoriae
2311 5320 2759 5373 antecessorum
2781 5322 3146 5387 nostrorum,
3170 5317 3334 5389 regis
3357 5315 3632 5371 videlicet

1968 5408 2162 5477 Pipini
2189 5423 2258 5461 ac
2283 5407 2702 5477 imperatorum
2724 5406 2922 5460 Karoli
2946 5406 3144 5478 Magni
3168 5422 3278 5461 seu
3298 5404 3627 5470 Ludowiei,

1968 5496 2028 5549 in
2066 5497 2286 5567 quibus
2327 5496 2735 5551 continebatur
2773 5497 3060 5551 insertum
3099 5495 3352 5565 qualiter
3380 5493 3628 5564 predicti

1508 5640 1800 5703 VARI/E
1848 5642 2209 5705 LECTION
2216 5644 2313 5704 ES

136 5868 147 5876 _
246 5794 332 5837 103
365 5794 644 5867 ejusdem
676 5795 728 5849 1.
763 5788 844 5837 108
875 5794 1044 5852 deest
1072 5797 1270 5869 spatio
1296 5795 1512 5853 relicto
1542 5798 1595 5853 1.
1629 5797 1683 5851 3.
