4098 6196
474 420 566 485 ‘67

1387 417 1663 480 GESTA
1708 415 2238 481 PONTIFICUM
2285 412 3017 481 CAMERACENSIUM

3838 417 3925 481 6'8

489 624 906 675 antecessores
924 618 1111 673 nostri
1136 632 1313 689 reges
1336 618 1764 672 denominatam
1786 619 2149 689 sedem,quw
2182 598 2238 658 Α
2263 617 2452 672 beatae
2502 618 2802 673 memoriae
2842 617 3326 673 antecessoribus
3371 618 3597 672 nostris
3640 618 3919 688 predietae

490 713 582 765 est
610 710 667 764 in
700 709 924 763 honore
957 709 1176 761 sanctae
1201 706 1303 760 Dei
1323 706 1629 778 genitricis
1651 706 1852 761 Mariae
1884 722 2152 776 semper-

490 813 603 870 que
635 797 909 868 virginis,
947 797 1019 851 ob
1051 810 1311 849 amorem
1342 795 1446 849 Dei
1469 799 1523 849 et
1543 796 2021 867 tranquillitatem
2040 797 2154 849 fra-

489 891 645 941 trum
675 885 890 939 ibidem
914 884 1386 953 consistentium,
1413 900 1651 954 semper
1674 884 1785 938 sub
1808 885 2155 953 plenissima

488 975 733 1029 tuitione
765 977 821 1028 et
851 974 1235 1028 immunitatis
1268 973 1613 1027 defensione
1644 973 2012 1027 habuissent.
2041 973 2154 1026 Pro

489 1063 765 1118 ﬁrmitate
796 1065 989 1117 tamen
1020 1061 1104 1115 rei
1132 1061 1452 1130 postulavit
1482 1076 1592 1115 nos
1624 1061 1886 1131 pretatus
1919 1062 2156 1131 episco-

489 1168 602 1223 pus
634 1153 863 1221 Dodilo,
916 1152 980 1205 ut
1026 1150 1368 1203 eorumdem
1418 1165 1626 1220 regum
1675 1151 2050 1204 auctoritates
2097 1151 2156 1203 in

490 1257 690 1295 amore
723 1241 829 1295 Dei
860 1243 915 1293 et
944 1238 1275 1293 reverentia
1306 1242 1528 1291 sanctae
1560 1238 1663 1292 Dei
1699 1240 2005 1309 genitricis
2039 1240 2155 1292 Ma-

491 1330 598 1385 riae
630 1334 835 1383 nostra
865 1327 1210 1382 auctoritate
1243 1327 1750 1381 conﬁrmaremus.
1772 1326 1937 1392 Quod
1958 1330 2033 1381 ita
2050 1344 2157 1398 per

490 1419 883 1472 interventum
915 1415 1277 1470 venerabilis
1309 1416 1575 1486 episcopi
1602 1418 1790 1470 nostri
1822 1416 2156 1471 Salomonis

488 1508 740 1561 libenter
755 1505 1189 1575 adquievimus,
1206 1509 1260 1558 et
1280 1505 1355 1558 ita
1372 1505 1429 1557 in
1450 1506 1723 1559 omnibus
1743 1506 2154 1560 concessimus

488 1599 662 1665 atque
686 1611 793 1665 per
810 1595 922 1648 hoc
939 1598 1282 1663 preceptum
1301 1596 1519 1647 nostrae
1538 1595 1902 1648 auctoritatis
1918 1595 2151 1648 robora-

488 1684 704 1737 vimus.
728 1683 1136 1752 Precipientes
1161 1681 1623 1752 ergojubemus,
1654 1686 1715 1736 ut
1743 1683 1940 1737 nullus
1967 1683 2152 1753 judex
2184 1659 2234 1718 Β

488 1773 763 1843 publicus
786 1773 877 1825 vel
906 1771 1187 1842 quislibet
1213 1786 1284 1823 ex
1306 1770 1618 1840 judiciaria
1650 1775 1939 1840 potestate
1963 1772 2019 1824 in
2043 1788 2154 1825 mc-

490 1862 707 1915 clesias
729 1865 828 1913 aut
846 1862 976 1914 loca
999 1859 1093 1913 vel
1114 1874 1296 1930 agros
1319 1875 1427 1913 seu
1449 1860 1708 1929 reliquas
1730 1861 2156 1930 possessiones

487 1950 771 2021 predictae
803 1948 1116 2018 aecclesize,
1151 1964 1300 2017 quas
1334 1948 1612 2002 moderno
1640 1951 1901 2019 tempore
1934 1949 1989 2002 in
2022 1950 2155 2019 qui-

490 2039 749 2093 buslibet
774 2038 947 2109 pagis
978 2038 1069 2091 vel
1102 2037 1415 2091 territoriis
1449 2037 1599 2090 infra
1622 2038 1900 2091 ditionem
1924 2037 2154 2107 imperii

491 2128 683 2183 nostri
698 2127 861 2198 juste
885 2130 941 2180 et
962 2126 1235 2198 legaliter
1256 2128 1571 2181 memorata
1596 2128 1754 2180 tenet
1773 2126 1866 2179 vel
1890 2127 2157 2195 possidet

492 2216 786 2284 aaeclesia,
803 2216 895 2269 vel
914 2231 979 2269 ea
995 2231 1126 2285 quae
1142 2214 1422 2284 deinceps
1442 2231 1473 2268 a
1488 2215 1795 2269 catholicis
1809 2215 1953 2269 viris
1968 2216 2157 2269 eidem

492 2305 702 2360 collata
730 2299 945 2358 fuerint
976 2303 1307 2372 aecclesiaa,
1343 2301 1415 2357 ad
1449 2319 1664 2357 causas
1696 2304 2024 2373 exigendas
2062 2308 2158 2357 aut

491 2395 655 2448 freda
689 2393 782 2446 vel
814 2392 1156 2445 mansiones
1198 2391 1289 2445 vel
1330 2396 1566 2461 paratas
1609 2392 1932 2461 faciendas,
1967 2396 2063 2447 aut
2092 2392 2156 2447 fi-

491 2481 842 2553 dejussores
872 2480 1186 2550 tollendos,
1212 2483 1310 2534 aut
1339 2480 1608 2535 homines
1641 2480 1832 2551 ipsius
1865 2480 2157 2535 aecclesize

487 2574 607 2625 tam
656 2570 951 2640 ingenuos
997 2583 1171 2639 quam
1217 2584 1429 2622 servos
1477 2585 1659 2638 super
1703 2571 1919 2623 terram
1965 2571 2157 2640 ipsius

494 2660 932 2714 commanentes
964 2673 1333 2728 nequaquam
1364 2658 1831 2728 distringendos,
1865 2658 1959 2712 vel
2005 2659 2157 2712 ullas

494 2747 882 2803 redibitiones
926 2749 1022 2801 aut
1059 2746 1314 2799 inlicitas
1356 2747 1704 2800 occasiones
1747 2747 2154 2817 requirendus,
2190 2716 2240 2777 Ο

494 2836 721 2891 nostris
752 2839 807 2890 et
830 2835 1044 2889 futuris
1066 2835 1431 2904 temporibus
1455 2835 1685 2906 ingredi
1708 2835 1937 2903 audeat,
1966 2836 2058 2890 vel
2092 2851 2159 2889 ea

495 2940 628 2995 quae
672 2940 851 2994 supra
885 2925 1207 2978 memorata
1239 2925 1375 2977 sunt
1404 2923 1639 2992 penitus
1674 2922 1917 2993 exigere
1952 2939 2160 2992 presu-

493 3017 630 3066 mat.
656 3012 771 3067 Sed
794 3012 964 3066 liceat
984 3016 1306 3065 memorato
1327 3012 1557 3081 presuli
1573 3012 1821 3082 suisque
1841 3028 2160 3066 successo-

493 3101 665 3156 ribus
701 3116 799 3155 res
839 3101 1120 3171 predictaa
1157 3100 1450 3154 aecclesiae
1482 3115 1613 3154 cum
1648 3101 1878 3155 cellulis
1902 3104 1959 3155 et
1978 3101 2161 3155 rebus

494 3192 588 3244 vel
612 3189 952 3244 hominibus
977 3189 1093 3243 sibi
1114 3188 1387 3260 legaliter
1410 3189 1703 3259 subjectis
1722 3189 1835 3244 sub
1854 3190 2161 3243 inmunita-

492 3281 571 3333 tis
604 3282 829 3333 nostrae
870 3278 1215 3332 defensione
1257 3278 1455 3347 quieto
1493 3278 1700 3332 ordine
1736 3278 2067 3347 possidere,
2108 3281 2165 3332 et

495 3370 703 3422 nostro
726 3368 977 3421 ﬁdeliter
995 3382 1202 3436 parere
1225 3367 1495 3436 imperio,
1521 3370 1823 3437 atquepro
1847 3366 2162 3420 stabilitate

495 3459 702 3512 nostra
723 3456 816 3509 vel
840 3456 1020 3508 totius
1046 3455 1277 3523 imperii
1300 3470 1333 3507 a
1357 3455 1475 3508 Deo
1495 3456 1669 3509 nobis
1693 3455 1887 3508 collati
1908 3456 2001 3508 vel
2025 3470 2161 3509 con-

497 3544 777 3599 servandi
798 3559 909 3596 una
930 3558 1061 3596 cum
1078 3543 1235 3596 clero
1254 3543 1538 3611 etpopulo
1558 3543 1672 3595 sibi
1691 3542 1964 3613 subjecto
1978 3542 2162 3598 libere

497 3634 605 3688 Dei
622 3631 1094 3686 misericordiam
1118 3645 1390 3685 exorare.
1418 3630 1488 3684 Et
1508 3630 1792 3701 quidquid
1816 3631 2029 3685 exinde
2056 3633 2162 3685 tis-

498 3738 606 3777 cus
642 3724 846 3774 noster
883 3720 1122 3790 exigere
1156 3722 1400 3789 poterat,
1442 3720 1502 3773 in
1533 3720 1925 3773 luminaribus
1971 3721 2161 3790 ipsius

500 3809 792 3866 aacclesiae
832 3809 1237 3861 concinnanda
1286 3809 1704 3879 perpetualiter
1751 3810 2163 3864 concessimus

498 3897 899 3952 adhibendum
917 3892 1014 3949 104.
1040 3897 1310 3951 Preterea
1335 3898 1769 3951 constituimus.
1796 3913 1869 3951 ne
1890 3899 2025 3969 quis
2049 3899 2168 3952 dux

502 3987 594 4039 vel
620 4000 820 4038 comes
844 3986 1015 4055 atque
1034 3985 1316 4054 vicarius,
1338 4001 1447 4039 seu
1469 3985 1750 4056 quislibet
1767 4001 1837 4039 ex
1856 3986 2169 4057 judiciaria

500 4075 791 4144 potestate
821 4076 1086 4127 nostram
1113 4074 1205 4127 vel
1237 4078 1689 4128 antecessorum
1712 4079 2048 4129 nostrorum
2071 4092 2168 4130 re-

501 4178 641 4234 gum
674 4162 1079 4216 auctoritatem
1109 4160 1191 4204 105
1224 4163 1446 4217 violare
1470 4167 1791 4233 presumat.
1815 4163 1981 4227 Quod
2006 4166 2057 4218 si
2078 4164 2167 4218 fe-

503 4252 666 4321 cerit,
689 4252 890 4305 causis
907 4251 1214 4322 regalibus
1238 4251 1315 4305 sit
1337 4251 1652 4319 obnoxius,
1678 4254 1734 4305 et
1754 4252 2000 4321 insuper
2020 4253 2166 4307 soli-

500 4340 594 4395 dis
611 4341 716 4395 600
737 4340 1050 4409 culpabilis
1067 4340 1369 4411 judicetur
1393 4357 1406 4409 ;
1442 4340 1716 4395 videlicet
1738 4345 1797 4394 ut
1820 4342 1952 4396 dua:
1970 4346 2167 4411 partes

501 4430 561 4483 in
583 4430 891 4483 archivum
915 4430 1105 4498 ipsius
1128 4430 1420 4484 tecelesiaa
1443 4430 1836 4499 admittantur,
1862 4434 1917 4484 et
1938 4432 2166 4484 tertiam

504 4519 691 4571 ﬁscus
725 4518 946 4589 regalis
982 4520 1187 4572 noster
1224 4518 1489 4588 recipiat,
1527 4522 1590 4571 ut
1632 4519 1831 4572 nullus
1869 4520 1982 4573 tale
2027 4520 2167 4590 quid

502 4608 719 4662 audere
748 4602 829 4647 106
858 4606 1141 4675 deinceps
1172 4611 1495 4676 presumat.
1529 4606 1696 4671 Quod
1726 4606 1804 4659 ita
1836 4610 1891 4661 et
1923 4624 2032 4661 nos
2064 4624 2170 4677 per

503 4696 655 4751 hanc
686 4698 953 4751 nostram
984 4695 1389 4750 auctoritatem
1414 4695 1852 4765 confirmamus,
1876 4699 1941 4750 ut
1962 4697 2116 4752 sicut
2135 4713 2168 4750 a

2262 708 2553 761 aecclesiaa
2589 707 2862 761 collatum
2891 711 3063 778 atque
3095 707 3384 761 ﬁrmatum
3416 711 3526 776 est,
3559 707 3635 760 ita
3666 712 3723 761 et
3752 708 3918 761 dein-

2260 811 2401 866 ceps
2434 795 2852 849 inviolabiliter
2883 798 3290 851 conservetur.
3326 795 3396 849 Et
3443 799 3505 849 ut
3548 795 3677 850 haec
3717 799 3921 850 nostra

2260 885 2577 938 auctoritas
2608 900 2639 937 a
2674 884 2950 939 ﬁdelibus
2982 887 3204 938 sanctae
3238 884 3342 938 Dei
3376 883 3667 939 aecelesim
3699 888 3755 938 et
3783 899 3920 938 nos-

2261 973 2368 1027 tris
2401 973 2599 1027 verius
2633 975 2969 1043 certiusque
3002 973 3295 1040 credatur,
3321 988 3493 1026 manu
3516 973 3751 1043 propria
3783 972 3923 1027 sub-

2258 1064 2349 1115 ter
2380 1077 2506 1115 eam
2540 1062 2905 1116 firmavimus
2931 1104 2944 1130 ,
2979 1067 3035 1116 et
3066 1062 3240 1115 anulo
3271 1064 3474 1115 nostro
3496 1061 3798 1131 jussimus
3829 1063 3920 1115 in-

2260 1150 2493 1221 signiri.
2538 1149 2781 1221 Signum
2831 1150 3029 1205 domni
3073 1149 3299 1203 Arnulfi
3330 1150 3707 1202 invictissimi
3736 1151 3920 1222 regis.

2262 1239 2623 1311 Wichingus
2655 1240 3044 1293 cancellarius
3092 1239 3164 1292 ad
3207 1239 3396 1293 vicem
3449 1239 3787 1294 Tlieotmari
3825 1255 3922 1293 ar-

2260 1328 2645 1399 chicapellani
2676 1329 3017 1399 recognovi.
3045 1329 3189 1382 Data
3207 1327 3261 1383 8.
3286 1328 3426 1381 Idus
3456 1328 3614 1381 Junii
3646 1343 3800 1382 anno
3832 1329 3924 1382 in—

2260 1418 2620 1470 carnationis
2671 1418 2903 1471 Domini
2950 1415 3075 1473 894.
3134 1418 3453 1472 indictione
3510 1415 3595 1471 12.
3655 1432 3810 1471 anno
3869 1416 3922 1470 ’7.

2261 1506 2459 1560 domni
2489 1506 2716 1559 Arnulfi
2746 1507 3001 1575 piissimi
3032 1508 3216 1577 regis.
3252 1508 3461 1561 Actum
3495 1504 3845 1560 Wormatiae
3869 1505 3925 1558 in

2264 1595 2369 1648 Dei
2400 1595 2634 1649 nomine
2666 1595 2937 1649 feliciter.
2975 1597 3161 1650 Amen
3192 1593 3289 1649 10⁷.
3330 1618 3351 1644 ιι

2332 1682 2440 1755 [65.
2473 1682 2586 1753 (69)
2622 1683 3070 1739 Consecrationi
3095 1684 3249 1741 Heri
3258 1685 3354 1740 vei
3381 1685 3691 1740 Remorum
3721 1684 3926 1738 archi-

2263 1773 2523 1843 episcopi
2568 1772 2847 1827 interfuit
2896 1774 3096 1843 (FLon.
3150 1791 3228 1843 1v,
3275 1774 3385 1843 11).
3430 1774 3540 1828 llic
3573 1772 3924 1827 ordinationi

2264 1862 2502 1915 Herivei
2551 1861 2987 1932 archiepiscopi
3026 1878 3158 1916 cum
3192 1864 3409 1917 ceteris
3444 1862 3725 1927 interfuit,
3759 1860 3926 1915 scili-

2260 1950 2396 2004 licet
2429 1950 2660 2003 Hiculfo
2691 1950 3053 2005 Suessorum
3083 1952 3386 2022 episcopo,
3419 1951 3662 2022 Olgario
3694 1949 3928 2003 Ambia-

2261 2039 2453 2105 nensi,
2478 2038 2771 2093 Mantione
2789 2039 3219 2107 Catalaunensi,
3245 2039 3499 2095 Rodulfo
3523 2038 3926 2105 Laudunensi,

2260 2127 2482 2181 Olfrido
2512 2127 2963 2199 Silvanectensi,
2997 2131 3333 2199 ceterisque
3375 2127 3748 2182 dioccsaneis
3781 2142 3926 2181 con-

2263 2232 2509 2270 sensum
2540 2217 2928 2285 prebentibus
2962 2221 3016 2272 et
3048 2219 3349 2273 decretum
3388 2216 3571 2288 hujus
3602 2217 3927 2270 ordinatio-

2208 2339 2225 2347 ρ
2263 2306 2357 2358 nis
2403 2305 2951 2360 corroborantibus.
2999 2304 3157 2377 [(64.)
3202 2307 3311 2359 Hic
3362 2310 3555 2359 autem
3601 2304 3929 2359 exstructis

2262 2393 2470 2460 muris,
2505 2394 2693 2446 monia
2722 2394 2890 2447 urbis
2924 2395 2983 2446 in
3014 2398 3235 2448 tantum
3265 2394 3583 2463 ampliavit,
3609 2396 3671 2447 ut
3700 2408 3931 2446 monas-

2262 2483 2473 2536 terium
2504 2483 2696 2535 sancti
2727 2482 3020 2548 Autberti,
3052 2483 3211 2553 quod
3242 2487 3404 2537 extra
3435 2486 3579 2551 erat,
3613 2481 3764 2535 infra
3796 2498 3930 2535 mu-

2264 2586 2463 2625 rorum
2496 2571 2776 2624 ambitum
2808 2571 3131 2625 cohiberet.
3167 2572 3587 2625 Monasterium
3621 2571 3793 2624 etiam
3828 2570 3933 2623 Dei

2266 2660 2572 2730 genitricis
2606 2659 2804 2713 Mariae
2834 2661 3187 2714 aedificatum
3210 2660 3491 2715 Kalendis
3523 2659 3779 2730 Augusti
3812 2659 3932 2713 sol-

2266 2749 2536 2802 lemniter
2558 2749 2948 2817 consecravit,
2974 2749 3348 2820 tabulamque
3367 2748 3567 2803 altaris
3590 2750 3934 2818 argenteam

2266 2852 2440 2908 quam
2470 2837 2692 2891 nostris
2725 2837 2935 2891 diebus
2964 2838 3241 2906 vidimus,
3287 2837 3677 2907 sciphumque
3706 2851 3933 2907 argen-

2266 2929 2443 2995 teum,
2495 2941 2671 2995 quem
2722 2926 2932 2979 diebus
2980 2926 3151 2980 festis
3184 2926 3532 2980 subdiaconi
3565 2927 3624 2978 in
3655 2925 3934 2979 manibus

2266 3014 2480 3083 ferunt,
2534 3016 2778 3068 calicem
2827 3031 3083 3085 quoque,
3131 3031 3262 3069 eum
3311 3014 3444 3069 aliis
3487 3028 3721 3085 quoque
3751 3029 3936 3068 orna-

2266 3103 2480 3157 mentis
2532 3103 2825 3157 aecclesise
2874 3103 3032 3158 fecit.
3087 3104 3508 3158 Monasterium
3558 3103 3730 3156 etiam
3772 3102 3938 3155 Lau-

2267 3193 2474 3247 biensc
2508 3193 2769 3246 adhibito
2800 3208 3004 3247 secum
3035 3193 3332 3263 Stephano
3367 3191 3735 3246 Leodecensi
3765 3192 3941 3260 epis-

2269 3296 2415 3350 copo
2440 3281 2815 3335 consecravit
2833 3279 3002 3350 (150).
3026 3280 3133 3344 Qui
3156 3282 3308 3335 inter
3328 3280 3455 3334 haec
3475 3284 3663 3334 morte
3684 3295 3943 3348 preven-

2268 3372 2382 3433 tus,
2407 3369 2558 3422 diem
2578 3369 2790 3423 clausit
2812 3369 2870 3423 in
2893 3370 3140 3440 ipsoque
3164 3373 3386 3423 sancta:
3410 3369 3609 3423 Mariae
3631 3371 3945 3422 monaste-

2270 3457 2357 3510 rio
2390 3457 2459 3510 ad
2492 3457 3027 3526 septemtrionalem
3057 3457 3293 3528 plagam
3322 3457 3591 3526 sepultus
3622 3460 3731 3510 est.

2340 3546 2426 3599 (i6.
2461 3546 2574 3615 (65)
2622 3546 2958 3617 Stephanus
2996 3548 3285 3618 sequitur,
3327 3546 3425 3618 qui
3463 3547 3524 3599 in
3565 3545 3772 3600 sinodo
3809 3558 3946 3599 cum

2271 3633 2436 3687 Isaac
2459 3635 2667 3688 comite
2692 3650 2886 3689 coram
2910 3635 3353 3706 archiepiscopo
3367 3641 3637 3705 pacatur.
3666 3634 3947 3687 Dodiloni

2273 3723 2572 3777 successit
2599 3722 2932 3792 Stephanus
2966 3724 3024 3776 in
3047 3723 3251 3777 sedem
3273 3723 3686 3792 pontiﬁcalem,
3710 3724 3806 3775 vir
3824 3726 3948 3776 tam

2275 3812 2719 3865 aecclesiasticis
2761 3827 2934 3882 quam
2975 3812 3350 3866 secularibus
3392 3812 3723 3881 disciplinis
3760 3810 3951 3865 sufﬁ-

2274 3901 2496 3955 cienter
2519 3900 2864 3969 instructus,
2898 3901 2998 3970 qui
3028 3915 3126 3955 res
3158 3900 3427 3971 ejusdem
3452 3901 3615 3954 sedis
3643 3900 3951 3954 mcclesiae

2271 3988 2642 4059 amplioravit
2672 3992 2728 4042 et
2760 3989 3057 4058 preceptis
3081 3989 3266 4059 regiis
3286 3988 3669 4043 confirmavit.
3707 3987 3952 4059 [(FLOD.

2270 4094 2348 4147 iv,
2396 4077 2506 4146 19.)
2548 4076 2658 4131 Hic
2696 4076 2963 4131 interfuit
3005 4078 3213 4132 sinodo
3249 4093 3425 4148 quam
3464 4077 3666 4131 habuit
3696 4076 3956 4131 Sculfus

2274 4167 2593 4220 Remorum
2640 4166 3147 4236 archiepiscopus,
3201 4182 3524 4221 successor
3576 4166 3844 4236 Herivei,
3893 4166 3961 4220 in

2271 4255 2408 4309 villa
2440 4255 2753 4326 Troslegio
2785 4255 2903 4324 (an.
2936 4255 3083 4324 9‘24).
3104 4254 3250 4308 Cum
3282 4255 3583 4325 episcopis
3618 4255 3961 4309 Bernensis

2270 4344 2584 4398 dioceseos
2613 4341 2834 4397 aﬂuere
2866 4343 3132 4397 nonnulli
3162 4359 3396 4414 quoque
3427 4343 3693 4398 comites.
3729 4342 3795 4396 In
3830 4360 3968 4414 qua

2272 4438 2327 4486 et
2358 4434 2523 4486 Isaac
2546 4448 2747 4486 comes
2771 4433 2842 4485 ad
2864 4432 3331 4486 satisfactionem
3352 4432 3529 4491 venit,
3561 4449 3662 4501 pro
3685 4432 3781 4485 his
3809 4449 3965 4503 quae

2269 4537 2452 4592 prave
2485 4524 2933 4591 perpetraverat
2972 4522 3262 4575 adversus
3302 4521 3636 4576 aecclesiam
3667 4520 3970 4575 Camera-

2271 4625 2545 4680 censem,
2593 4610 2887 4681 quoddam
2932 4610 3240 4665 castellum
3288 4611 3615 4680 Stephani,
3674 4610 3969 4679 presulis

2272 4699 2544 4770 ejusdem
2574 4699 2764 4769 urbis,
2800 4699 3005 4755 dolosa
3048 4700 3541 4769 comprehensum
3584 4698 3972 4770 pervasione

1819 4883 2110 4945 VARLE
2156 4885 2623 4947 LECTIONES

573 5036 732 5122 104‘c.
766 5042 838 5122 ad
870 5042 1204 5122 habendum
1227 5041 1777 5122 {hartagriginalis
1798 5058 1975 5122 quam
2005 5042 2153 5122 tjdit
2180 5043 2342 5122 _Colv.
2370 5042 2448 5088 105
2468 5045 2619 5099 hanc
2648 5060 2842 5122 vocem
2868 5050 3071 5122 auctor
3092 5044 3221 5116 ipsa
3251 5044 3574 5122 adscripsit
3597 5062 3614 5108 ;
3645 5043 3877 5122 deerat
3907 5049 3978 5100 in

506 5112 714 5193 charta
746 5113 1027 5184 originali
1051 5119 1207 5168 teste
1232 5111 1395 5167 Colv.
1420 5110 1500 5155 106
1520 5110 1725 5166 videre
1747 5110 1876 5169 1.’3.
1898 5111 1975 5155 107
1999 5114 2147 5168 Post
2169 5116 2319 5169 hanc
2347 5132 2541 5170 vocem
2565 5123 2769 5170 auctor
2787 5116 2916 5186 ipse
2946 5110 3178 5187 signum
3203 5117 3399 5186 posuit
3488 5120 3586 5193 ἢκ,
3622 5122 3680 5169 et
3713 5115 3775 5167 in
3815 5134 3980 5172 scc-

507 5190 652 5277 dula
674 5197 892 5277 assuta,
929 5193 1130 5274 eodem
1167 5193 1338 5263 signa
1370 5192 1648 5273 repetito,
1684 5193 1928 5277 scripsit
1967 5194 2146 5277 verba
2238 5196 2361 5277 Hic.
2391 5196 2955 5277 autem,exs_tr.uctis
2987 5190 3621 5277 —.plagam_lsepultus
3661 5197 3775 5277 est.
3833 5197 3986 5252 Sed

506 5262 708 5335 statim
747 5267 952 5335 postea
993 5264 1121 5333 ipse
1170 5262 1241 5317 se
1283 5262 1601 5335 corrigens
1617 5303 1643 5335 ,ί
1666 5262 1877 5335 eodem
1918 5270 2246 5320 atramento

2315 5266 2532 5346 lineam
2554 5266 3154 5346 “duxitjiinmargine
3192 5264 3270 5346 at
3301 5264 3404 5319 illo
3432 5266 3603 5346 signa
3637 5265 3710 5319 ad
3739 5282 3985 5346 vocem

506 5324 1065 5427 corroboraptibusg;
1202 5324 1495 5427 indicaris,
1530 5334 2001 5427 additamentum
2016 5336 2173 5427 lillud
2197 5354 2310 5392 non
2342 5339 2522 5427 capi‘t‘i
2549 5338 2635 5395 64,
2662 5334 2894 5427 ,εθᾱιβᾶ
2930 5324 3384 5427 θᾴἶυρῃθηάᾳω.
3419 5324 3519 5427 All:
3548 5338 3697 5427 lianc
3724 5335 3772 5388 1i
3781 5354 3989 5427 neam

506 5420 620 5459 non
653 5404 991 5478 attendens,
1024 5401 1058 5457 3
1088 5405 1235 5458 illud
1264 5401 1728 5478 additamentum
1760 5406 1941 5478 capiti
1970 5406 2057 5461 64.
2102 5401 2427 5472 annexuit}
2470 5407 2523 5462 2.
2580 5408 2675 5462 vel
2712 5407 2920 5462 saltem
2970 5401 3365 5462 (Io/Venerius
3413 5408 3659 5462 cal-ibet
3709 5409 3988 5478 quidem

501 5479 638 5547 post
669 5490 719 5529 ο.
752 5473 821 5530 65
851 5475 961 5530 sed
990 5491 1199 5529 novum
1231 5483 1400 5546 caput
1431 5477 1572 5531 inde
1602 5476 1768 5543 facit,

1849 5492 1881 5531 θ
1911 5494 2016 5533 suo
2048 5479 2277 5533 titulum
2308 5479 2551 5543 addens,
2590 5496 2756 5552 quem
2788 5494 2893 5533 nec
2923 5479 2975 5533 1.
3012 5496 3119 5533 nec
3153 5480 3204 5533 3.
3241 5478 3441 5534 habet.

2099 5645 2353 5709 NOTAE}

575 5784 724 5855 (150)
752 5782 841 5838 Cf.
876 5782 1145 5839 Folcuini
1167 5780 1354 5855 _Gesta
1385 5782 1520 5837 abb.
1564 5783 1710 5839 Lob.
1747 5782 1834 5837 18.
1870 5781 2047 5855 Facta
2077 5784 2168 5836 est

506 5860 523 5887 ι
544 5852 876 5912 onsecratio
907 5856 1045 5927 post
1073 5870 1126 5909 a.
1156 5852 1283 5926 901,
1318 5869 1436 5926 quo
1468 5870 1619 5909 anno
1651 5854 1986 5927 Stephanus
2018 5853 2172 5909 Leo-
2211 5918 2230 5930 υ

2280 5781 2980 5907 ἓιὲῗὲιῗςῖῐῗιῶιὲἷῖιίεἰςαιηιη
3009 5780 3293 5851 suscepit.
3326 5780 3481 5835 Obiit
3520 5780 3705 5851 igitur
3734 5780 4000 5841 Dodilo

2282 5869 2435 5907 lnlel‘
2461 5869 2514 5907 ﬂ.
2548 5869 2741 5907 υυΖ-ξη
2758 5869 2807 5907 1.
