4098 6196
207 410 269 480 59
1540 403 1797 466 LIBER
1851 403 2199 471 PRIMUS.
2430 397 2435 403 '
3518 408 3599 477 ’το

214 610 546 666 succendens.
567 607 1081 678 Proquot‘acinore
1108 605 1353 659 vadatus
1374 605 1555 659 inhac
1580 605 1815 671 sinodo,
1844 585 1905 646 Α
1930 625 2043 680 quc
2093 624 2298 679 sexus,
2333 628 2465 666 cum
2494 613 2671 667 terris
2728 612 2902 668 cultis
2960 617 3017 668 et
3072 615 3330 685 incultis,
3380 617 3589 687 pratis,

212 699 564 756 centumlibris
586 698 814 767 argenti
836 699 1080 766 pacatur
1110 711 1243 749 cum
1267 695 1495 764 prefato
1519 693 1817 764 Stephano
1929 700 2099 767 aquis
2132 716 2488 770 aquarumve
2521 702 2897 773 decursibus,
2923 702 3295 773 molendinis,
3322 706 3588 775 cambiis,
3693 754 3699 766 ,

214 791 464 860 episcopo,
495 789 796 857 satagente
832 785 1147 839 Heriberto
1179 788 1236 839 et
1285 784 1416 837 aliis
1448 783 1549 855 qui
1580 784 1822 837 aderant
1929 786 2121 857 silvis,
2155 794 2209 842 et
2231 791 2505 844 omnibus
2539 791 2608 844 ad
2642 807 2739 845 res
2770 791 3020 847 fratrum
3079 793 3375 862 predictas
3430 794 3582 863 perti

214 879 420 933 Frantia:
451 874 822 946 comitibus]
1929 877 2241 947 nentibus,
2281 879 2454 932 modo
2484 882 2539 933 et
2570 880 2849 950 deinceps
2880 882 2936 934 in
2952 885 3296 951 perpetuum
3326 884 3443 935 tam
3472 898 3596 951 pre-

264 967 335 1021 6'l.
362 965 478 1034 (66.)
509 964 695 1036 quus
746 966 990 1018 nbtenlu
1037 962 1293 1017 Karolus
1322 977 1439 1016 rex
1486 976 1668 1032 super
1685 977 1821 1032 pre-
1931 970 2132 1020 sentes
2166 983 2338 1037 quam
2362 971 2417 1022 et
2445 967 2624 1022 fuiuri
2656 969 2790 1040 ejus
2821 970 2936 1024 loci
2969 986 3362 1025 successores
3393 970 3595 1024 clerici

210 1056 394 1110 bendas
420 1054 690 1121 fratrum,
718 1052 957 1108 Sanctae
975 1052 1192 1107 Mariae
1212 1053 1363 1105 hanc
1392 1051 1820 1105 immunitatem
1925 1058 2169 1109 teneant
2199 1059 2371 1127 atque
2393 1058 2755 1128 possideant,
2792 1059 3078 1114 habentes
3091 1058 3595 1130 potestatemjure

210 1143 535 1198 restauravit.
571 1142 700 1197 Hoc
733 1143 906 1196 etiam
937 1144 1188 1211 petente,
1217 1141 1474 1195 Karolus
1498 1156 1603 1194 rex
1634 1156 1819 1210 super
1926 1147 2149 1198 tantum
2180 1145 2537 1201 hereditario
2569 1163 2642 1201 ex
2671 1149 2760 1201 eis
2792 1147 2987 1203 facere
3017 1149 3301 1219 quidquid
3336 1164 3595 1202 commu-

206 1232 484 1304 prebendas
516 1231 763 1285 fratrum
787 1234 1010 1285 sanctae
1041 1230 1147 1283 Dei
1181 1230 1494 1301 genitricis
1526 1229 1819 1283 aecclesiae
1928 1233 1987 1287 ni
2010 1234 2249 1288 decreto
2267 1251 2374 1305 per
2404 1237 2738 1292 unanimem
2766 1253 3126 1291 consensum
3155 1237 3318 1308 juste
3360 1237 3568 1308 delege

207 1327 508 1391 preceptum,
528 1321 689 1391 quod
721 1320 1044 1392 deﬂagrata
1076 1319 1309 1372 civitate
1337 1320 1618 1388 perierat,
1641 1334 1819 1372 reno-
1928 1323 2066 1376 rint.
2100 1322 2253 1376 Sane
2284 1325 2356 1392 si,
2392 1326 2547 1395 quod
2571 1327 2809 1380 minime
2834 1327 3443 1397 arbitramur,aliquis
3457 1326 3595 1380 huic

207 1411 330 1463 vaiit
356 1408 452 1463 hoc
484 1409 656 1463 modo
683 1426 694 1463 :
735 1430 757 1458 ι
794 1409 856 1462 In
886 1409 1120 1463 nomine
1157 1410 1378 1462 sanctae
1414 1412 1470 1462 et
1500 1407 1818 1461 individuus
1931 1416 2133 1466 nostro
2166 1412 2378 1466 obvius
2409 1413 2650 1469 decreto
2682 1415 2969 1484 quidlibet
2998 1420 3097 1468 aut
3117 1416 3172 1467 in
3177 1414 3395 1486 juriam
3415 1430 3595 1486 agere
3703 1427 3706 1430 '

206 1499 450 1551 Trinitatis
481 1498 735 1552 Karolus
767 1497 965 1551 divina
986 1496 1338 1568 propitiante
1372 1497 1679 1551 clementia
1711 1511 1819 1550 rex
1928 1500 2101 1554 nisus
2134 1501 2330 1569 fuerit,
2357 1504 2658 1557 sexcentis
2700 1504 2910 1558 solidis
2943 1503 3591 1573 culpabilisjudicetur,

209 1585 533 1655 Francorum,
570 1587 663 1640 vir
700 1587 972 1641 illustris.
1005 1586 1290 1651 Quotiens
1319 1586 1669 1640 utilitatibus
1712 1601 1819 1639 ωε·
1846 1643 1897 1661 ἢ
1928 1588 2007 1642 ita
2038 1592 2101 1643 ut
2131 1589 2261 1644 duas
2294 1590 2505 1644 horum
2548 1596 2745 1661 partes
2807 1590 3077 1661 ejusdem
3137 1592 3249 1645 loci
3309 1591 3590 1645 fratribus

206 1676 469 1729 clesiarum
498 1680 554 1730 et
584 1676 910 1729 commodis
936 1676 1055 1729 Deo
1071 1675 1432 1729 serventium
1451 1674 1815 1729 rationabili-
1846 1643 1899 1704 Β
1930 1678 2157 1743 cedent,
2195 1681 2251 1733 et
2281 1682 2507 1733 tertiam
2540 1680 2724 1734 fiscus
2746 1681 2990 1749 recipiat
3014 1681 3206 1751 regis;
3249 1686 3304 1734 et
3352 1681 3598 1749 insuper

203 1764 667 1833 terprovidemus,
710 1764 821 1819 hoc
853 1765 1026 1819 nobis
1057 1768 1170 1817 tam
1202 1765 1274 1817 ad
1323 1765 1591 1832 corporis
1642 1779 1817 1834 quam
1927 1767 2084 1836 quod
2114 1768 2314 1837 inique
2337 1768 2574 1821 molitus
2606 1772 2715 1838 est,
2751 1769 3086 1822 evindicare
3119 1769 3452 1822 nullatenus
3484 1784 3589 1821 va-

198 1854 364 1907 animae
392 1853 656 1921 salutem,
692 1868 989 1924 quamque
1018 1853 1090 1907 ad
1122 1853 1498 1907 stabilitatem
1528 1853 1701 1925 regni
1727 1857 1814 1907 to-
1925 1856 2059 1924 leat,
2100 1860 2163 1911 ut
2192 1872 2362 1910 nemo
2388 1856 2510 1927 jam
2540 1858 2653 1910 tale
2686 1858 2826 1928 quid
2856 1873 3147 1926 usurpare
3180 1860 3500 1926 presumat.
3519 1856 3591 1911 Et

201 1942 292 1995 tius
317 1941 473 1996 nobis
503 1958 535 1996 a
567 1943 690 1996 Deo
715 1942 908 1997 collati
939 1945 995 1996 et
1024 1941 1438 2009 conservandi,
1499 1941 1815 2011 provenire
1924 1949 1985 1999 ut
2016 1944 2199 2017 hujus
2232 1946 2406 1999 edicti
2434 1946 2756 2000 auctoritas
2792 1946 3227 2000 ineluctabilem
3251 1947 3590 2015 perenniter

199 2045 347 2098 posse
371 2031 677 2100 peromnia
711 2031 1082 2086 conﬁdimus.
1108 2030 1499 2085 Porro'autem
1522 2045 1702 2084 nosse
1722 2045 1820 2085 vo-
1926 2034 2183 2089 obtineat
2214 2035 2503 2106 vigorem,
2539 2051 2712 2088 manu
2745 2051 2871 2088 eam
2891 2035 3303 2088 rohoravimus
3323 2035 3583 2104 propria,

203 2118 363 2172 lamus
408 2120 661 2174 omnium
704 2119 963 2174 ﬁdelium
1004 2123 1342 2174 nostrorum
1386 2120 1814 2189 strenuitatem,
1927 2125 1983 2177 et
2012 2124 2169 2178 anuli
2201 2124 2387 2177 nostri
2413 2123 2591 2193 digna
2614 2124 3003 2177 illustratione
3038 2122 3336 2193 jussimus
3370 2123 3590 2177 conde-

198 2210 288 2259 tam
316 2210 688 2276 presentium,
723 2225 897 2279 quam
919 2224 1155 2280 quoque
1186 2209 1536 2276 futurorum,
1558 2208 1819 2278 quodvir
1928 2212 2138 2266 curari.
2173 2210 2419 2283 Signum
2479 2212 2681 2266 Karoli
2730 2214 2893 2283 regis
2934 2212 3378 2283 gloriosissimi.
3414 2211 3589 2283 Hugo

198 2297 512 2351 venerabilis
535 2296 1134 2367 Stephanus,sanctae
1152 2296 1604 2352 Cameracensis
1619 2296 1821 2351 aeccle-
1926 2301 2111 2371 regiae
2144 2301 2448 2372 dignitatis
2481 2302 2744 2355 notarius
2777 2302 2846 2355 ad
2882 2302 3073 2355 vicem
3105 2301 3344 2354 Herivci
3393 2300 3589 2353 archi-

200 2384 286 2438 size
303 2386 510 2454 presul,
546 2389 812 2439 nostram
832 2385 1036 2440 adiens
1060 2386 1555 2458 magnificentiam
1586 2385 1819 2457 signiﬁ-
1928 2390 2195 2460 episcopi
2225 2390 2584 2444 subnotavit.
2611 2390 2818 2444 Datum
2852 2389 2935 2442 13.
2970 2389 3097 2445 Kal.
3123 2388 3408 2455 Januarii,
3441 2387 3590 2441 indi-

203 2474 327 2526 cavit
353 2474 538 2543 nobis,
573 2475 830 2528 clericos
852 2474 977 2544 jam
1007 2475 1179 2529 dictae
1218 2475 1383 2529 sedis
1439 2491 1566 2529 suae
1599 2474 1821 2529 habere
1929 2479 2121 2532 ctione
2154 2479 2240 2546 14,
2275 2495 2426 2533 anno
2461 2478 2546 2547 19,
2567 2482 2852 2550 regnante
2872 2473 3087 2532 Kai-olo
3111 2494 3253 2548 rego
3274 2477 3591 2548 gloriosis-

192 2562 389 2631 qnidem
417 2578 514 2618 res
536 2562 810 2634 ejusdem
834 2564 1119 2635 episcopii
1146 2580 1255 2619 suo
1286 2565 1467 2618 victui
1491 2563 1816 2646 delegatas,
1928 2569 2100 2635 simo,
2134 2568 2578 2639 rcdintegrante
2610 2566 2694 2636 14,
2754 2567 3012 2638 largiore
3068 2582 3210 2621 vero
3266 2565 3588 2620 hereditate

198 2666 347 2768 sup’er
365 2652 577 2768 quibus
598 2653 775 2768 Etiam
801 2653 1820 2768 regalekpreceptumzolimllargien-
1849 2705 1901 2768 Ο
1927 2657 2161 2727 indepta
2195 2657 2218 2710 1
2256 2659 2351 2725 (an
2387 2656 2507 2726 111,
2542 2657 2684 2711 Dec.
2717 2655 2827 2726 20).
2863 2656 3073 2710 Actum
3103 2656 3241 2709 villa
3279 2653 3586 2708 Cruztiaco

198 2743 237 2768 ,η
298 2745 453 2768 ..ηιλ
501 2757 530 2768 Α
562 2758 592 2768 ,.
645 2757 674 2768 ..
714 2757 859 2768 ..ΑΜ
959 2759 984 2768 -
1032 2746 1277 2768 MM-..
1312 2758 1376 2768 ,Α
1453 2759 1514 2768 ,η
1568 2758 1652 2768 η...
1681 2742 1790 2768 ,τηε
1928 2746 1980 2768 ι..
2019 2746 2376 2768 η-ε..--εμ-
2415 2745 2661 2768 mea---
2731 2746 2898 2768 μη--

195 2743 237 2793 te
258 2739 677 2795 Zuentebolcho
714 2757 880 2813 rege,
914 2741 1278 2811 habuerant;
1311 2742 1418 2796 sed
1451 2743 1655 2797 eadem
1679 2742 1820 2796 civi-
1849 2739 1901 2768 ν
1928 2746 1985 2798 in
2019 2746 2378 2800 Deinomine
2415 2745 2682 2800 feliciter.
2717 2746 2923 2798 Amen.
2964 2767 2984 2792 υ

191 2832 282 2882 tate
309 2830 647 2902 deflagrata,
681 2835 1298 2902 preceptum,quoque
1321 2831 1638 2886 voracibus
1659 2831 1817 2884 flam-
1999 2835 2085 2888 68.
2129 2833 2265 2904 (67,)
2298 2834 2673 2905 Prcceptum,
2735 2834 2883 2906 quod
2928 2850 3043 2886 rex
3085 2848 3264 2904 super
3293 2831 3584 2898 abbatias,

193 2918 283 2971 mis
317 2918 685 2990 absumptum
709 2923 820 2975 est.
848 2920 1044 2992 Hujus
1075 2937 1221 2992 ergo
1246 2921 1582 2993 reinegotio
1596 2924 1820 2975 nostrae
1930 2940 2072 2996 quas
2094 2923 2339 2977 contulit
2360 2920 2439 2963 109
2460 2923 2596 2976 huic
2638 2924 2923 2994 episcopo,
2983 2920 3373 2976 conﬁrmavit.
3433 2921 3592 2974 Idem

188 3006 352 3073 pietati
398 3009 756 3078 supplicavit
794 3009 1110 3078 humiliter,
1155 3026 1270 3080 quo
1319 3010 1461 3064 illud
1507 3010 1822 3080 dampnum
1929 3012 2102 3066 etiam
2132 3011 2387 3065 Karolus
2412 3011 2819 3079 rexabbatias,
2846 3008 3593 3081 Marellias(15’7)videlicet

190 3098 357 3148 nostra
409 3096 881 3152 instauraremus
938 3099 1360 3154 munificentia.
1412 3098 1579 3163 Quod
1647 3099 1823 3153 etiam
1928 3103 1984 3155 et
2011 3100 2245 3170 Crispin
2276 3099 2445 3169 (158),
2483 3100 2723 3154 obtentu
2771 3100 3044 3153 comitum
3078 3097 3422 3167 quospaulo
3456 3099 3592 3165 post

188 3182 350 3239 facere
375 3201 480 3253 pro
512 3186 625 3240 Dei
655 3202 857 3241 amore
889 3202 956 3240 ac
988 3187 1237 3242 fratrum
1277 3187 1423 3241 inibi
1455 3189 1579 3242 Deo
1634 3188 1820 3242 famu-
1928 3190 2139 3243 dicturi
2164 3205 2393 3258 sumus,
2428 3189 2557 3243 viro
2588 3188 2727 3241 huic
2760 3188 3077 3256 concessit,
3111 3190 3165 3240 et
3195 3202 3378 3255 super
3405 3184 3589 3256 hujus

188 3268 393 3327 lantium
433 3274 641 3330 libenti
698 3275 1112 3346 adquievimus
1161 3280 1354 3333 mente
1386 3280 1443 3332 et
1501 3294 1575 3331 ex
1615 3279 1817 3349 rebus,
1926 3278 2013 3333 rei
2046 3278 2347 3348 negotium
2378 3279 2721 3346 preceptum
2753 3276 3055 3330 roboravit
3098 3271 3585 3345 hujusmodiﬂoz

188 3374 308 3428 quas
323 3361 612 3418 hactenus
644 3380 884 3436 quoquo
914 3365 1121 3420 ordine
1148 3366 1311 3437 juste
1330 3369 1386 3421 et
1405 3367 1676 3439 legaliter
1690 3384 1823 3438 pos-
1932 3390 1952 3413 α
1987 3367 2052 3421 In
2084 3366 2318 3421 nomine
2350 3371 2570 3420 sanctae
2590 3365 2981 3418 etindividuae
3000 3363 3304 3417 Trinitatis
3334 3360 3592 3416 Karolus

190 3449 366 3518 sident,
416 3452 569 3505 hanc
634 3453 725 3507 eis
782 3454 1148 3507 autoritatem
1208 3456 1478 3509 innovari
1536 3471 1644 3526 pro
1676 3460 1822 3509 tuta-
1926 3455 2121 3509 divina
2152 3454 2502 3524 proliitiante
2534 3454 2839 3507 clementia
2869 3470 2976 3506 rex
2994 3451 3376 3506 Francorum.
3412 3449 3591 3504 Chri-

187 3544 346 3594 mento
362 3539 689 3610 jussimus.
724 3541 1124 3611 Precipientes
1141 3558 1283 3614 ergo
1310 3544 1616 3610 edicimus,
1635 3546 1821 3615 quati-
1926 3546 2133 3599 stianae
2158 3543 2632 3599 conversationis
2648 3543 2856 3613 religio
2878 3542 3151 3611 bipertito
3169 3540 3403 3594 videtur
3440 3539 3596 3610 regi-

188 3641 273 3680 nas
298 3629 533 3696 prefatae
580 3630 785 3683 clerici
827 3630 1116 3685 aecclesiae
1161 3631 1369 3685 domos
1413 3633 1648 3702 quidem
1680 3648 1821 3702 pro-
1925 3634 2081 3687 mine
2115 3633 2469 3698 subsistere,
2504 3632 2686 3702 regali
2721 3632 2921 3703 utique
2940 3635 2997 3685 et
3027 3628 3398 3684 sacerdotali.
3423 3626 3587 3699 Ergo

187 3715 331 3785 prias,
354 3733 501 3789 quas
527 3718 752 3772 habent
775 3720 832 3770 in
855 3718 1111 3786 civitate,
1146 3720 1483 3791 quibusque
1504 3721 1817 3792 voluerint,
1853 3764 1902 3792 η
1930 3722 2293 3777 sacerdotale
2319 3721 2485 3775 decet
2518 3722 2703 3792 regiis
2762 3719 3133 3791 augmentari
3163 3735 3228 3772 ac
3288 3716 3593 3771 sublimari

188 3802 235 3856 in
256 3809 710 3879 congregatione
750 3809 944 3861 tamen
976 3807 1246 3879 ejusdem
1296 3808 1431 3877 loci,
1465 3809 1819 3864 hereditario
1850 3802 1903 3825 υ
1931 3812 2221 3865 honorum
2260 3809 2702 3878 muniﬁcentiis,
2735 3809 2891 3879 quod
2932 3808 3154 3880 regalis
3201 3807 3300 3861 diu
3334 3805 3594 3876 dignitas

187 3891 425 3949 duntaxat
450 3896 594 3967 jure
630 3897 760 3950 sive
790 3912 898 3965 per
930 3897 1328 3951 venditionem
1368 3902 1423 3952 et
1468 3900 1821 3968 emptionem
1929 3900 2187 3953 resideat
2214 3900 2272 3954 in
2296 3899 2447 3953 solio
2470 3899 2639 3969 regni
2671 3898 2783 3951 sub
2842 3897 3136 3967 aequitatis
3183 3898 3373 3967 virga,
3420 3893 3590 3965 juxta

188 3995 270 4035 seu
292 3999 388 4053 per
417 3986 942 4040 commutationem
971 3989 1070 4040 aut
1112 3986 1283 4056 plane
1313 4004 1420 4056 per
1451 3986 1823 4042 traditionem
1929 3989 2085 4059 quod
2118 3988 2277 4043 Deus
2310 3989 2380 4042 de
2404 4003 2469 4041 se
2500 3989 2557 4040 in
2588 3986 2873 4056 sapientia
2904 3986 3189 4056 loquitur:
3213 4008 3235 4031 ‹‹
3261 3984 3379 4037 Per
3400 3998 3490 4036 me
3504 3997 3594 4036 re—

187 4069 278 4124 sibi
303 4073 555 4129 invicem
588 4074 778 4129 libere
797 4089 901 4143 pro
919 4076 1055 4129 voto
1087 4076 1429 4131 concedant.
1454 4075 1640 4131 Porro
1656 4078 1821 4131 terri-
1928 4094 2040 4150 ges
2072 4080 2322 4149 regnant
2353 4080 2407 4130 et
2423 4076 2656 4146 judices
2687 4075 3135 4146 legumdecreta
3169 4074 3534 4126 discernunt.
3565 4092 3586 4116 »

186 4160 371 4215 torium
398 4163 775 4230 monasterii,
813 4164 969 4234 quod
1001 4162 1109 4218 fuit
1139 4169 1300 4218 extra
1330 4166 1573 4233 urbem;
1607 4166 1825 4234 pariter
1931 4166 2055 4219 Hac
2088 4166 2157 4219 de
2189 4181 2368 4219 causa
2400 4166 2628 4219 noverit
2651 4164 2907 4216 omnium
2927 4166 3146 4216 sanctae
3178 4161 3280 4213 Dei
3302 4159 3594 4213 aecclesiae

186 4247 227 4299 et
251 4248 405 4304 villas
428 4252 564 4305 suis
580 4250 800 4305 usibus
822 4252 1147 4321 deputatas,
1170 4253 1567 4327 scilicetpago
1587 4255 1822 4325 quidem
1938 4253 2196 4308 ﬁdelium
2226 4252 2609 4323 religiositas,
2660 4251 2794 4320 quia
2845 4250 3089 4303 comites
3134 4248 3438 4301 venabiles
3470 4247 3591 4299 Ha-

184 4333 575 4394 Cameracensi
639 4338 933 4395 Carneres
982 4339 1150 4412 (151),
1194 4342 1297 4397 Lis
1345 4341 1513 4411 (152),
1558 4343 1821 4398 Venzen-
1939 4359 2087 4416 gano
2119 4358 2187 4396 ac
2238 4340 2532 4395 Rodull‘us
2583 4342 2846 4416 nostram
2890 4337 3174 4391 adeuntes
3219 4334 3596 4389 serenitatem

186 4422 281 4478 zias
308 4428 470 4498 (153),
524 4430 955 4484 Muntiniacum
1007 4429 1173 4500 (154),
1231 4430 1602 4486 Gualtercurt
1650 4434 1819 4504 (155),
1934 4415 3369 4499 humiliterexpetierut,utsanctaeCameracensis
3389 4422 3594 4478 aeccle-

182 4510 553 4573 Gundreceias
585 4517 758 4589 (156),
804 4517 1127 4573 Hainoensi
1160 4535 1300 4575 vero
1348 4521 1625 4575 comitatu
1681 4521 1822 4575 Oni-
1938 4521 2066 4590 size,
2100 4519 2191 4573 cui
2224 4521 2425 4589 preest
2451 4515 2655 4586 presul
2672 4514 3027 4584 Stephanus,
3061 4515 3153 4567 vir
3173 4513 3389 4585 quippe
3418 4513 3595 4567 totius

186 4601 310 4656 nium
337 4604 432 4674 108,
470 4607 899 4661 V'irmandensi
944 4612 1137 4662 autem
1186 4608 1561 4664 Toriniacum
1595 4626 1609 4680 ;
1642 4626 1822 4679 porro
1936 4609 2110 4681 regni
2140 4610 2445 4676 strenuus,
2479 4606 2549 4658 ad
2584 4606 2848 4659 sanctam
2869 4604 2971 4659 Dei
2994 4604 3336 4676 genitricem
3354 4600 3597 4654 Mariam

183 4687 1590 4768 SuessonicoCarisiolum;simulcummancipiis
1610 4700 1824 4753 utrius-
1938 4693 2399 4771 largiremurm
2441 4695 2554 4749 sub
2614 4696 2899 4764 perpetua
2956 4693 3143 4747 seculi
3199 4690 3593 4761 subjectione,

1466 4808 1762 4871 VARIxE
1794 4807 2294 4885 LECTIONES,

238 4940 390 5012 ‘fBita
423 4945 642 4998 charta
661 4940 1011 5012 originalis,-
1045 4940 1315 5012 omnium,
1339 4940 1387 5012 1.
1429 4940 1511 4983 109
1532 4943 1828 4997 commisit
1860 4960 1891 4997 ρ
1914 4960 2070 4998 corr.
2100 4959 2304 4996 manus
2325 4957 2374 4995 s.
2399 4939 2563 4995 XIII.
2589 4940 2768 4995 habet
2792 4940 2841 4993 1.
2864 4934 3017 5012 4.110
3033 4937 3239 5012 charta
3269 4938 3397 5012 ipsa
3418 4938 3598 4992 inter-

189 5010 644 5091 cidissevidetur
676 5033 695 5091 :_
726 5008 1204 5091 ancyrapbuurs.
1228 5011 1396 5091 ζςΙῙΙ.
1447 5013 1542 5068 vel
1566 5013 1885 5091 XIIVLvidi
1904 5016 1965 5067 in
1990 5015 2239 5091 archiva
2254 5012 2553 5091 Iusuleusi
2582 5032 2599 5077 ,-
2634 5008 3244 5091 neque'Colvenerius
3264 5008 3599 5091 naberepo;

190 5084 387 5140 taitnisi
398 5078 877 5159 apographa'du'o
889 5078 957 5137 in
974 5084 1147 5137 arcbi
1159 5099 1224 5138 νο
1241 5083 1683 5140 Cameraceuci.
1706 5081 1785 5129 1“
1805 5086 2313 5140 committeremus
2334 5084 2382 5138 1.
2405 5099 2483 5138 ex
2504 5098 2662 5138 corr.
2679 5078 2941 5153 ejusdem
2953 5095 3277 5135 manussaa.
3296 5080 3464 5150 XIII;
3488 5078 3546 5134 et
3563 5078 3596 5131 3

1738 5204 2015 5271 NOTIE.

240 5330 363 5403 (151)
392 5332 753 5403 Carniéres.
932 5400 983 5403 η
1178 5401 1212 5403 μ
1342 5401 1356 5403 4
1422 5402 1429 5403 γ
1618 5401 1629 5403 _
2006 5331 2154 5400 (154)
2186 5332 2510 5403 Μοηιὶςιηίἷ

241 5348 363 5413 i191)
392 5348 756 5413 uarnieresz
1204 5401 1214 5411 ο
1420 5402 1431 5413 ⁸
2006 5348 2154 5400 (154)
2188 5348 2514 5453 monngnaé
2601 5400 2611 5410 .
2959 5400 2968 5410 ι
3125 5400 3135 5410 ⁸
3307 5400 3317 5410 ¹
3550 5401 3559 5410 θ

241 5400 364 5481 ttat!)
392 5404 509 5481 .~\_ut
546 5403 796 5481 Yneishs
817 5403 915 5454 aut
931 5400 1576 5481 Ncuv‘eshs,adlrlvum
1606 5401 1819 5472 Selles,
1931 5474 1947 5481 _
2006 5404 2398 5481 (155)‘Pos_tea
2504 5399 3051 5481 _ahiercourt.,_v1].la
3082 5400 3272 5454 diruta
3303 5401 3597 5481 internth-

190 5470 400 5536 quatnOr
430 5474 632 5529 leucis
654 5491 687 5526 a
718 5472 1039 5527 Cameraco
1079 5472 1329 5526 distans.
1355 5472 1532 5527 Conv.
1807 5470 1813 5472 ’
1931 5470 2180 5530 becourt
2210 5478 2265 5529 et
2297 5473 2604 5543 Marcoing
2633 5471 2772 5526 olim
2818 5471 2950 5540 sita,
2985 5470 3044 5543 in
3075 5487 3219 5542 agro
3253 5471 3346 5525 cui
3404 5470 3598 5525 adhuc

240 5542 363 5609 1153)
394 5546 788 5612 \‘enzenzias,
849 5544 978 5598 sive
1016 5543 1393 5597 Venzelzeias
1452 5544 1610 5614 quod
1644 5544 1821 5599 habet
1932 5561 2148 5601 nomen
2174 5545 2521 5599 Wiercourt
2543 5542 2847 5598 remansit.
2882 5543 2968 5597 LE
3006 5542 3189 5597 GLAY.

190 5609 346 5689 charta
376 5616 711 5688 originaria
744 5609 937 5689 adhuc
982 5615 1284 5689 Cameraci
1316 5609 1611 5689 exstans,_
1651 5616 1821 5689 locus
1939 5684 1973 5689 _
2003 5617 2151 5689 (156)
2183 5615 2585 5684 Honnechies,
2648 5632 2833 5686 prope
2873 5611 3480 5669 Cateau-Cambresis.
3512 5613 3599 5665 Ln

191 5679 273 5757 i_uit
294 5687 384 5741 ubi
414 5679 632 5757 povstea
664 5687 1012 5741 aedificatum
1045 5689 1136 5741 est
1165 5679 1819 5757 Chateau-Carnbrésis.
1929 5679 2113 5744 va.

192 5748 431 5831 fortasse
445 5764 650 5815 autem
662 5759 1030 5831 significatur
1040 5756 1795 5829 Vendegies-sur—Ecaillon
1805 5800 1817 5813 .
2003 5762 2021 5827 (
2034 5760 2048 5831 1
2064 5758 2156 5831 5:7)
2187 5757 2486 5831 Maroilles
2496 5798 2508 5812 .

194 5820 261 5878 LI
287 5827 455 5885 Guy.
721 5820 752 5831 ν
1249 5820 1281 5829 ⁷
2005 5820 2153 5898 (158)
2183 5829 2421 5900 Crepin,
2452 5843 2640 5901 prope
2670 5826 2891 5885 Condé.
