4098 6196
434 375 510 443 '71

1291 374 1568 438 GESTA
1612 369 2144 435 PONTIFICUM
2191 366 2986 432 CAMERACENSIUM.

3792 364 3880 429 '72

438 578 498 633 in
530 594 684 651 pago
725 577 1066 632 Hainoense
1095 589 1280 645 super
1309 574 1523 628 ﬂuenta
1537 572 1772 641 Helpraa
1805 567 2101 623 abbatiun-
2126 548 2182 608 Α
2281 564 2368 621 69.
2394 565 2530 635 (68.)
2552 566 2812 621 Domnus
2867 567 3205 638 Stephanus
3242 582 3422 620 cursu
3478 571 3878 621 consummato

440 668 633 722 culam
663 668 876 722 dictam
908 663 1203 718 Marellias
1234 660 1331 731 “3,
1365 662 1466 716 ubi
1479 662 1637 733 jacet
1658 662 1900 715 sanctus
1936 658 2099 710 Hun-

408 814 409 817 η
437 759 645 812 bartus
669 769 941 825 corpore,
963 754 1022 805 in
1035 752 1308 807 aacclesia
1329 767 1462 822 quae
1493 754 1585 805 est
1605 749 1898 803 inhonore
1915 744 2100 799 sancti

357 836 361 849 ’
440 846 602 901 Petri
616 841 1242 911 dedicata.Nositaque
1260 840 1494 894 illorum
1518 839 1953 909 cognoscentes
1975 849 2107 887 con-

444 948 657 1005 gruam
687 947 825 987 esse
857 930 1216 1000 petitionem,
1265 928 1475 982 devote
1498 926 1742 981 eandem
1792 922 2104 976 abbatiun-

444 1023 635 1076 culam
658 1037 790 1074 cum
809 1021 938 1074 suis
962 1019 1236 1073 omnibus
1265 1015 1616 1088 adjacentiis
1640 1015 1985 1084 delegamus
2033 1010 2104 1064 ad

444 1110 766 1181 predictam
802 1109 1003 1163 sedem
1037 1109 1258 1160 sanctae
1292 1106 1491 1159 Mariae
1548 1100 1966 1173 perpetualiter
2023 1099 2106 1153 ibi

443 1199 794 1255 habendam.
830 1197 1053 1251 Dehinc
1083 1199 1139 1251 et
1162 1193 1520 1248 venerabilis
1539 1207 1740 1246 comes
1764 1188 2103 1244 Sechardus

447 1288 686 1357 expetiit
718 1287 865 1355 ipse,
900 1288 962 1338 ut
987 1285 1046 1337 in
1068 1299 1221 1354 pago
1244 1282 1468 1352 prefato
1501 1281 1731 1334 Hainou
1785 1293 1965 1347 super
1995 1277 2105 1330 flu-

446 1392 580 1431 men
614 1376 745 1429 Hon
763 1371 1240 1426 abbatiunculam
1274 1371 1485 1424 dictum
1508 1368 1744 1438 Crispin
1765 1365 1791 1407 6
1823 1368 1923 1422 ubi
1948 1365 2108 1436 jacet

448 1466 691 1519 sanctus
723 1461 1086 1515 Landelinus
1108 1460 1166 1513 in
1196 1459 1468 1514 aecclesia
1517 1459 1740 1513 honore
1773 1456 1961 1512 sancti
1992 1456 2107 1508 Pe-

447 1553 522 1607 tri
569 1553 779 1619 dicata,
831 1565 1006 1621 quam
1038 1548 1556 1602 abbatiunculuam
1592 1548 1747 1600 idem
1780 1546 1977 1598 dictus
2029 1542 2132 1596 Se-

447 1641 704 1695 chardus
736 1638 1022 1693 beneﬁcio
1051 1638 1324 1704 habebat,
1362 1636 1827 1691 concederemus
1878 1634 2100 1687 sanctae

451 1730 648 1784 Mariae
680 1729 751 1782 ad
784 1728 1175 1798 prescriptam
1211 1726 1414 1779 sedem
1445 1724 1953 1789 Cameracensem,
1974 1737 2106 1790 pcr-

446 1818 775 1889 petualiter,
810 1812 1326 1869 ibihabendam113
1345 1829 1476 1866 cum
1490 1813 1619 1867 suis
1643 1812 1914 1866 omnibus
1943 1810 2109 1881 adja-

451 1907 682 1961 centiis.
708 1904 779 1957 Et
807 1905 883 1957 ita
907 1903 1176 1957 fecimus.
1214 1903 1429 1956 Verum
1454 1904 1693 1970 precatu
1715 1901 2112 1969 predirtorum

454 1996 730 2050 comitum
759 1993 1154 2063 permittimus
1185 1992 1259 2045 ob
1291 1991 1614 2046 remedium
1650 1990 1861 2043 animae
1894 1991 2114 2043 nostrae

452 2083 778 2154 prescripto
796 2081 1045 2135 antistiti
1067 2080 1383 2149 Stephano,
1408 2080 1468 2132 in
1482 2080 1630 2133 locis
1647 2095 1772 2133 suae
1804 2075 2115 2132 concessis

452 2170 744 2226 aecclesiae
769 2168 844 2210 “4
878 2170 991 2223 hoc
1022 2171 1113 2221 est
1145 2168 1441 2222 Marellias
1474 2183 1581 2222 seu
1611 2167 2117 2236 Crispin,merca-

450 2265 573 2315 tum
607 2262 865 2313 statuere
900 2262 955 2312 et
982 2257 1276 2311 teloneum
1291 2256 1425 2311 inde
1442 2272 1675 2326 capere.
1712 2255 1782 2309 Et
1797 2254 2119 2309 circumis-

449 2350 667 2416 taloca,
685 2351 966 2418 quantum
981 2346 1363 2416 uniusleugze
1384 2345 1693 2400 tetenderit
1715 2344 1987 2415 spatium,
2024 2358 2122 2396 ne-

451 2453 564 2508 que
578 2451 779 2491 comes
799 2450 989 2505 neque
1012 2433 1436 2504 ullajudiciara
1456 2437 1757 2504 postestas
1778 2432 1938 2487 freda
1963 2447 2126 2486 exer-

452 2526 625 2580 cendi
675 2526 1026 2594 potestatem
1064 2523 1307 2588 habeat;
1360 2538 1552 2594 neque
1592 2522 1839 2592 quilibet
1869 2535 2123 2590 presen-

2211 655 2496 726 migravit
2525 672 2556 709 a
2596 656 2812 710 seculo.
2849 657 3182 726 Episcopus
3214 655 3326 709 iste
3357 671 3432 709 ex
3460 654 3685 709 Alsatio
3716 670 3876 726 pago

2212 747 2405 813 natus,
2441 759 2514 797 ex
2548 744 2728 798 rebus
2752 745 2845 797 sui
2863 743 3019 815 juris
3038 743 3371 798 aecclesiam
3394 748 3617 798 sancta;
3642 744 3748 797 Dei
3764 759 3877 815 ge-

2212 832 2440 886 nitricis
2473 832 2695 902 Μαι-ἰαὶ,
2727 834 2822 887 cui
2852 834 2981 903 ipse
3018 834 3136 887 Deo
3159 836 3398 887 auctore
3421 836 3676 902 preerat,
3696 832 3876 887 here-

2212 921 2343 975 dem
2402 921 2558 976 fecit.
2621 921 2670 974 Α
2728 922 2973 993 regibus
3019 921 3195 975 multa
3228 922 3653 992 Optinuit,qusa
3684 921 3879 976 eidem

2211 1009 2504 1064 aeeclesias
2548 1010 2929 1079 contradidit;
2963 1010 3240 1063 familiam
3289 1010 3530 1064 multam
3579 1009 3825 1063 contulit
3861 1025 3876 1079 ;

2212 1113 2308 1151 res
2340 1102 2606 1168 preterea
2637 1099 2945 1169 quasdam,
2979 1116 3111 1170 quae
3143 1099 3200 1151 in
3241 1100 3522 1169 episcOpo
3553 1099 3879 1152 subtracta

2211 1187 2445 1241 fuerant
2473 1187 2786 1256 (ecclesiae,
2814 1188 3206 1259 redintegrari
3230 1188 3538 1242 laboravit.
3561 1187 3748 1241 Hicin
3762 1188 3883 1240 ter-

2215 1276 2615 1330 ranativitatis
2629 1292 2756 1330 suae
2779 1279 2964 1331 morte
2996 1280 3336 1344 preventus.
3354 1276 3425 1330 de
3455 1291 3570 1346 qua
3589 1292 3656 1330 se
3688 1274 3759 1329 ad
3773 1290 3881 1328 se-

2216 1364 2347 1417 dem
2359 1364 2654 1434 propriam
2675 1365 2963 1433 reportari
2981 1364 3186 1435 jussit,
3202 1364 3415 1419 clausit
3437 1365 3590 1418 diem
3604 1378 3756 1417 anno
3770 1362 3885 1416 Do-

2217 1453 2366 1507 nicas
2390 1453 2948 1508 incarnationi3934.
2969 1454 3177 1509 3.1dus
3196 1453 3501 1509 Februarii
3525 1452 3696 1523 (159).

2287 1541 2376 1597 '70.
2429 1542 2565 1611 (69.)
2626 1542 3154 1597 Subintroducitur
3201 1541 3526 1597 .Fulbertus
3548 1543 3879 1613 episcopus.

2217 1632 2465 1687 Domino
2497 1631 2792 1701 Stephano
2817 1631 3132 1685 Fulbertus
3166 1631 3519 1701 succedens,
3554 1629 3807 1684 faventis
3823 1630 3885 1683 et

2212 1720 2598 1791 suffragantis
2628 1719 3412 1790 Gislebertﬁducisobtcntu,
3430 1720 3725 1775 cathedrae
3739 1736 3885 1790 pon-

2207 1810 2442 1863 tiﬁcalis
2474 1809 2931 1879 praerogativam
2964 1809 3212 1878 adeptus
3246 1812 3355 1863 est.
3390 1809 3500 1863 Hic
3532 1808 3610 1851 “8
3636 1826 3884 1885 expago

2210 1897 2581 1966 Brabatensi,
2616 1898 2688 1951 de
2722 1897 2859 1951 villa
2891 1897 3166 1952 videlicet
3220 1898 3460 1952 Wiluva
3506 1898 3654 1969 (160)
3685 1904 3882 1972 ortus,

2211 1987 2303 2040 vir
2333 1986 2512 2057 quide
2544 2002 2599 2039 m
2618 1986 2792 2040 bonis
2823 1987 3091 2040 moribus
3120 1986 3474 2055 instructus,
3499 1992 3723 2043 sanctae
3767 1990 3877 2044 Dei

2214 2075 2506 2129 aacclesiaa
2552 2075 2757 2129 sedem
2803 2074 3005 2128 multis
3037 2075 3361 2129 commodis
3385 2076 3612 2131 munire
3646 2092 3888 2148 semper

2217 2164 2524 2224 laboravit.

2283 2252 2371 2306 Ἠ.
2406 2250 2516 2321 (70)
2552 2251 2864 2306 Contentio
2887 2253 3048 2306 inter
3068 2251 3237 2306 Isaac
3258 2252 3576 2324 superbum
3600 2255 3878 2310 comitem

2218 2341 2282 2395 eI
2292 2340 2639 2395 Fulbertum
2656 2342 3010 2412 episcopum;
3037 2347 3232 2396 tamen
3260 2342 3484 2397 victore
3506 2344 3773 2415 episcopo
3789 2361 3883 2399 co-

2217 2446 2345 2484 mes
2361 2430 2605 2501 expellit
2615 2430 2872 2485 ur.'l‘unc
2890 2431 3174 2499 temporis
3188 2431 3353 2484 Isaac
3367 2446 3566 2484 eomes
3579 2431 3887 2487 abbatiun-

2223 2518 2411 2573 culam
2426 2519 2579 2573 beati
2594 2519 2902 2587 Hunberti,
2920 2519 3032 2588 cui,
3052 2523 3111 2573 ut
3132 2519 3303 2589 paulo
3320 2520 3600 2588 superius
3621 2520 3887 2576 diximus

459 2614 601 2668 tium
621 2614 715 2666 vel
749 2612 1192 2666 succedentium
1225 2612 1295 2664 de
1327 2611 1444 2664 illis
1476 2611 1650 2665 dictis
1681 2608 2116 2664 abbatiunculis
2152 2656 2200 2679 η
2226 2608 2300 2677 (υ.
2324 2607 2435 2675 68),
2480 2608 2827 2678 episcopum
2848 2607 3208 2676 Stephanum
3250 2624 3355 2662 rex
3386 2607 3640 2663 Karolus
3687 2607 3892 2679 prefe-

457 2705 679 2756 sanctte
714 2700 914 2754 Mariae
946 2700 1396 2754 Cameracencis
1437 2699 1728 2753 (ecclesiae
1759 2700 1998 2766 temptet
2030 2696 2117 2749 fa-

457 2805 596 2845 cere
621 2789 1096 2852 abstractionem,
1135 2787 1598 2857 subreptionem,
1624 2787 1996 2854 divisionem,
2030 2801 2121 2838 rc-

455 2878 871 2950 fragationem,
897 2876 1381 2947 inquietudinem,
1407 2876 1952 2942 contradictionem,
1987 2889 2120 2944 pre-

452 2967 766 3038 judicium,
798 2965 1157 3029 violentiam;
1176 2966 1281 3018 sed
1302 2981 1435 3018 cum
1454 2964 1673 3018 villulis
1697 2964 1824 3017 suis
1838 2979 1906 3016 ac
1920 2978 2120 3016 earum

455 3054 833 3110 continentiis
861 3095 875 3122 ,
911 3054 1194 3111 videlicet
1231 3054 1546 3121 (ecclesiis,
1597 3052 1886 3121 aediﬁciis,
1926 3051 2119 3119 silvis,

452 3142 1318 3214 pratis,pascuis,terris,aquis
1344 3157 1748 3212 aquarumque
1766 3140 2122 3195 decursibus

456 3231 779 3299 farinariis,
813 3231 1532 3301 piscationibus,perviis,
1566 3231 1779 3299 vineis,
1815 3228 2123 3297 mancipiis

456 3321 717 3391 desuper
746 3320 1275 3386 commanentibus,
1298 3323 1353 3374 et
1369 3319 1649 3390 quicquid
1666 3319 1746 3372 ibi
1766 3318 1824 3371 in
1848 3317 2124 3372 omnibus

455 3408 819 3478 rebusjuste
842 3413 897 3462 et
929 3408 1201 3479 legaliter
1230 3409 1524 3478 appendit,
1560 3409 1895 3462 habendum
1938 3406 2126 3476 possi-

458 3498 716 3551 dendum
744 3494 823 3572 115
853 3501 1073 3550 sanctae
1106 3497 1306 3551 Mariae
1358 3497 1430 3549 ad
1464 3497 1861 3566 supradictam
1920 3480 2121 3549 sedem

478 3585 780 3652 radimus;
841 3584 1171 3655 faciantque
1219 3588 1485 3638 rectores
1534 3584 1669 3655 ejus
1714 3585 1990 3639 ecclesiae
2022 3583 2118 3652 116,

2151 2656 2201 2717 C

2228 2700 2407 2765 cerat,
2440 2696 2804 2766 possidebat,
2854 2697 3164 2768 ipsamque
3185 2694 3410 2769 regiam
3440 2712 3508 2750 ac
3540 2696 3890 2767 locupletem

2227 2784 2518 2838 abbatiam
2532 2785 2899 2839 sanctissimi
2916 2785 3230 2856 Gaugerici
3245 2800 3377 2839 cum
3392 2785 3667 2839 omnibus
3681 2801 3893 2855 appen-

2232 2872 2404 2926 diciis
2431 2873 2546 2927 sibi
2594 2874 3003 2928 beneﬁciatam
3034 2874 3106 2928 de
3157 2874 3321 2945 regio
3375 2872 3513 2944 jure
3536 2875 3770 2928 tenebat
3794 2871 3889 2942 “9,

2232 2961 2534 3015 dimidium
2568 2962 2798 3015 scilicet
2833 2963 3168 3016 Cameracaa
3197 2962 3365 3016 urbis
3396 2962 3725 3031 castellum,
3758 2978 3891 3016 cum

2232 3050 2542 3104 medietate
2563 3065 2798 3121 quoque
2819 3036 3580 3122 publicorumvectigalium
3595 3051 3891 3121 simulque

2233 3139 2557 3193 etiamcum
2602 3140 2782 3194 altera
2831 3143 3083 3194 moneta.
3136 3139 3204 3193 Et
3250 3139 3389 3210 quia
3444 3140 3589 3193 urbs
3633 3139 3745 3194 sub
3802 3140 3897 3193 di-

2232 3228 2511 3282 versitate
2530 3228 2776 3282 biremis
2795 3229 3036 3282 dominii
3051 3228 3357 3300 agebatur;
3375 3243 3445 3282 ea
3455 3227 3745 3298 siquidem
3760 3244 3900 3283 nau-

2234 3315 2319 3369 fra
2329 3319 2501 3386 gante
2520 3316 2833 3387 aliquando
2848 3320 3112 3371 rectores
3142 3317 3256 3387 ipsi
3272 3315 3423 3371 inter
3439 3333 3505 3371 se
3522 3316 3668 3371 ortis
3690 3315 3897 3370 simul-

2236 3404 2453 3458 tatibus
2486 3405 2932 3459 collidebantur.
2957 3405 3203 3474 Semper
3223 3406 3378 3460 enim
3419 3405 3572 3459 inter
3590 3404 3897 3458 ministros

2235 3509 2437 3546 eorum
2470 3509 2573 3564 pro
2604 3494 2786 3548 rebus
2816 3493 3129 3565 exigendis
3161 3495 3508 3548 audiebatur
3538 3493 3898 3563 confragosa

2237 3583 2470 3650 seditio,
2506 3598 2745 3653 semper
2771 3583 3163 3637 excrescebat
3190 3583 3444 3636 violenta
3489 3586 3662 3652 atque
3692 3579 3896 3652 gravis

458 3674 689 3742 exinde,
711 3673 1104 3745 quodcunque
1136 3690 1245 3728 sua
1265 3690 1626 3745 suorumque
1655 3673 2121 3743 poposcerituti-
2151 3709 2206 3770 D
2238 3672 2534 3742 utrimque
2566 3672 2952 3737 tumultuatio;
2987 3687 3121 3742 quae
3143 3672 3418 3741 paulatim
3439 3671 3714 3742 graviore
3736 3672 3899 3723 motu

459 3763 617 3817 titas.
652 3761 821 3816 Unde
845 3763 957 3816 hoc
989 3766 1333 3832 preceptum
1365 3763 1656 3818 ﬁrmitatis
1713 3763 2003 3817 industria
2034 3762 2122 3815 fa-

463 3852 639 3919 cium,
664 3867 838 3904 manu
861 3851 1162 3905 ﬁrmamus
1187 3855 1391 3906 nostra
1412 3852 1482 3905 ad
1506 3867 1655 3921 Opus
1687 3857 1909 3905 sanctae
1927 3851 2125 3904 Maria:

460 3939 558 4008 11⁷,
580 3943 635 3993 et
657 3939 833 3993 anulo
848 3939 1360 4010 nostrojussimus
1374 3940 1647 4011 sigillari.
1663 3940 1910 4011 Signum
1929 3939 2128 3993 Karoli

466 4029 631 4099 regis
664 4027 1241 4096 incliti,Gauzelinus
1271 4029 1646 4083 notatorvice
1680 4027 2127 4099 ltotgeriarchi-

466 4116 731 4187 episcOpi
748 4118 1081 4187 summique
1097 4117 1438 4171 cancellarii
1454 4117 1821 4188 recognovit.
1844 4117 2051 4170 Datum
2070 4118 2127 4172 6.

2239 3761 2507 3830 excitata,
2540 3777 2610 3815 eo
2641 3777 2831 3832 usque
2861 3762 3158 3831 processit
3186 3764 3249 3815 ut
3281 3761 3338 3813 in
3368 3775 3531 3813 arma
3553 3759 3901 3830 plerumque

2236 3854 2632 3904 moverentur.
2669 3850 2812 3903 Haec
2850 3850 3047 3919 itaque
3075 3853 3132 3903 et
3161 3848 3504 3919 hujusmodi
3537 3861 3736 3901 comes
3766 3861 3887 3898 ma-

2234 3939 2930 4010 gnanimusjmpatienter
2950 3938 3271 4008 accipiens,
3305 3938 3364 3990 in
3395 3938 3517 3991 itas
3540 3934 3901 3990 furibundus

2234 4043 2339 4098 pre
2369 4026 2961 4098 nimiaindignatione
2984 4026 3296 4095 excandut,
3327 4024 3587 4095 tantique
3630 4022 3901 4095 turgoris

2238 4116 2533 4170 cervicem
2551 4116 2843 4169 adversus
2900 4115 3180 4169 domuum
3211 4115 3549 4185 pontificem
3595 4112 3801 4180 erexit,
3836 4113 3900 4165 ut

461 4204 596 4258 idus
627 4204 1013 4275 Septembris,
1050 4206 1369 4260 indictione
1397 4206 1449 4273 8,
1484 4221 1637 4259 anno
1695 4204 1785 4275 28,
1838 4211 2126 4277 regnante
2239 4221 2370 4259 eum
2393 4205 2644 4275 quadam
2674 4205 2767 4258 die
2791 4219 3049 4259 unacum
3065 4205 3195 4258 suis
3209 4204 3352 4257 sedc
3373 4203 3577 4257 relicta
3595 4201 3905 4254 mandaret

462 4293 680 4347 Karolo
710 4309 852 4365 rege
893 4294 1182 4364 glorioso,
1216 4294 1660 4366 redintegrante
1721 4296 1808 4364 23,
1872 4296 2129 4366 largiore
2239 4296 2577 4365 quantotius
2608 4293 2919 4366 aufugere,
2953 4293 3122 4347 solus
3153 4293 3426 4347 videlicet
3455 4296 3658 4361 postea
3714 4290 3899 4344 totius

382 4370 397 4381 ’
461 4397 603 4435 vero
636 4381 961 4436 hereditate
992 4382 1224 4452 indepta
1254 4383 1288 4437 9
1316 4385 1433 4452 (an.
1459 4382 1584 4452 921,
1621 4383 1788 4455 Sept.
1822 4383 1898 4453 8).
1925 4385 2131 4439 Actum
2242 4384 2413 4438 urbis
2442 4383 2763 4437 indiscrete
2792 4383 3029 4454 negotia
3058 4397 3481 4453 possessurus.
3510 4380 3677 4435 Unde
3698 4380 3909 4450 presul

465 4470 524 4524 in
548 4470 761 4540 palatio
796 4470 1116 4543 Heristallo
1150 4471 1422 4527 feliciter.
1457 4473 1665 4527 Amen.
1714 4493 1736 4520 ι
2244 4472 2616 4544 perterritus,
2639 4474 2833 4527 tamen
2859 4473 2963 4525 Dei
2980 4472 3287 4527 clementia
3312 4473 3610 4537 tisus,tam
3626 4467 3911 4539 superbas

1767 4595 2056 4659 VARLE
2089 4597 2447 4665 LECTION
2457 4597 2574 4657 ES.

537 4748 665 4822 (111)
683 4750 766 4804 ita
781 4763 983 4822 omnes
997 4747 1234 4822 codices
1248 4753 1326 4816 et,
1347 4747 1599 4822 alterum
1615 4764 1691 4804 ex
1710 4751 2068 4822 apograplus
2092 4753 2322 4808 chartae
2341 4769 2466 4822 qua:
2492 4752 2642 4807 vidit
2663 4751 3391 4806 Colvenerius.Maricolas
3406 4748 3798 4822 npograpiium
3816 4747 3917 4822 In-

537 4770 665 4820 (³⁸⁸)
683 4770 766 4804 ιιᾶ
781 4770 983 4804 01111188
997 4770 1233 4802 συιιισθδ
1248 4770 1326 4816 ει,
1347 4770 1599 4803 alterum
1615 4770 1691 4804 ΒΧ
1710 4770 2068 4822 apograpms
2092 4770 2322 4808 cnartae
2382 4770 2466 4807 UIL‘
2492 4770 2641 4807 νΙαη
2663 4770 2767 4806 ιιοι
2778 4770 3391 4806 VGHBI'IUSJVIRI‘ICUIHS
3406 4770 3512 4821 Ηρο
3554 4770 3798 4819 ΓΗρΙΗΗΗ
3816 4770 3913 4801 III-

466 4820 705 4895 sulense
736 4826 794 4875 et
827 4819 1066 4873 altirum
1089 4818 1637 4895 quyenezji.f’os_t
1666 4821 1815 4895 lianc
1853 4838 2046 4895 vocem
2080 4824 2284 4879 eadem
2315 4770 2417 4878 iYIa
2449 4839 2717 4895 manuss.
2751 4822 2913 4877 XIII.
2948 4823 3113 4878 addit
3134 4823 3405 4895 tuendam
3429 4840 3447 4885 ,-
3469 4770 3625 4895 ijeiu
3648 4817 3913 4895 habet}:

473 4892 734 4965 ejusdem
764 4907 979 4965 manus
1001 4907 1051 4944 s.
1076 4889 1272 4965 XIII
1297 4888 1424 4965 et3.
1548 4889 1627 4932 “3
1647 4892 2081 4961 respiciendum
2132 4895 2181 4949 1.
2218 4912 2249 4949 e
2273 4911 2431 4949 corr.
2467 4892 2545 4935 114
2573 4895 2655 4948 ita
2678 4894 2728 4947 1.
2749 4895 3102 4965 scripserat.
3119 4893 3473 4965 Sedmanus
3515 4889 3699 4965 illas.
3736 4888 3911 4965 lel.

472 4959 668 5035 erasis
685 4961 900 5035 verbis
928 4963 1004 5016 ob
1027 4959 1424 5035 eaecclesiae,
1457 4961 1521 5014 in
1543 4959 2034 5035 rasura—scripsit
2056 4967 2130 5019 ob
2162 4982 2210 5020 r.
2244 4982 2297 5019 a.
2331 4982 2388 5019 n.
2423 4959 3019 5034 duabusprescr'iptis
3037 4963 3332 5035 ecclesiis.
3370 4964 3605 5035 hoeest
3636 4961 3711 5035 Μ.
3746 4960 3917 5035 idem

446 5031 648 5107 ‘habet
679 5032 731 5084 3.
765 5030 844 5107 “‘5
877 5033 1073 5087 erasis
1119 5032 1253 5107 hab.
1289 5048 1455 5102 poss.
1487 5050 1695 5107 manus
1736 5033 1846 5107 illa
1870 5029 2119 5107 scripsit
2152 5037 2629 5091 conservandum
2667 5029 3354 5107 ampliﬁcandum._idcm
3400 5032 3710 5107 haben_t_3.
3743 5032 3797 5084 5.
3834 5029 3921 5072 116

473 5101 671 5176 erasis
697 5105 964 5176 rectores
995 5120 1048 5158 e.
1081 5120 1132 5157 a.
1172 5101 1515 5176 iiia’manus
1542 5105 1791 5176 scripsit
1821 5101 2041 5161 fratres
2073 5107 2337 5176 ipsarum
2373 5101 2787 5163 ecclesiarum:
2820 5107 2978 5161 Idem
3004 5106 3057 5160 3.
3091 5107 3144 5159 5.
3170 5104 3245 5145 “7
3270 5105 3467 5159 erasis
3510 5120 3558 5158 s.
3593 5103 3668 5156 M.
3702 5118 3923 5157 manus

474 5171 577 5226 illa
608 5173 853 5243 scripsit
876 5173 1142 5229 fratrum.
1178 5175 1341 5230 Idem
1369 5174 1423 5229 3.
1456 5177 1509 5231 5.
1543 5173 1621 5216 “3
1651 5171 1800 5230 Hinc
1833 5177 1884 5231 1.
1920 5176 1999 5219 “9
2025 5171 2371 5248 possidebat
2400 5209 2470 5219 —
2489 5179 2726 5234 tenebat
2754 5178 3041 5233 inrasura
3063 5181 3267 5231 auctor
3297 5177 3444 5247 ipse.

1952 5301 2231 5364 NOTAE.

553 5479 704 5549 (159)
740 5478 1024 5552 Eumdem
1054 5481 1207 5535 diem
1239 5476 1415 5537 habet
1444 5484 1681 5539 Necrol.
1717 5485 1913 5538 Beata:
1946 5483 2149 5539 Mariaa
2262 5487 2467 5539 noster
2497 5500 2527 5537 a
2557 5482 2865 5552 nativitate
2886 5480 3128 5551 Christi,
3153 5496 3271 5536 non
3303 5498 3332 5534 a
3364 5481 3586 5552 pascha
3615 5480 3846 5551 incipit.

475 5550 925 5605 Cameracensis
958 5567 1009 5605 s.
1043 5569 1143 5605 xu.
1178 5552 1295 5607 Sed
1316 5554 1686 5610 Flodoardus
1719 5556 1779 5608 in
1812 5555 2142 5608 Annalibus
2327 5555 2475 5622 (160)
2505 5554 2661 5607 Infra
2692 5570 2773 5622 in,
2808 5550 2895 5607 19.
2960 5550 3195 5607 Wileve
3223 5550 3457 5606 dicitur.
3494 5550 3778 5606 Fortasse
3834 5556 3951 5608 est

477 5622 621 5697 haec
654 5622 833 5677 habet
877 5622 1005 5697 sub
1043 5639 1095 5697 a.
1126 5622 1267 5676 933:
1321 5626 1612 5680 Artoldus
1658 5627 2141 5697 archiepiscopus
2250 5624 2959 5697 parochiaUWoAluensis,
2980 5624 3077 5678 ubi
3127 5625 3306 5678 situm
3358 5628 3448 5678 est
3484 5624 3943 5697 monasterium

474 5692 832 5767 Emperth
868 5693 1005 5767 zzbe
1044 5693 1468 5767 Cameracenci
1498 5695 1818 5767 praesulem
1862 5692 2136 5761 ordinat;
2250 5692 2634 5752 Rubaevallis.
2668 5695 2839 5751 Com.
2893 5692 3080 5750 Rivus
3125 5709 3361 5765 quoque
3396 5710 3579 5765 prope
3627 5693 3945 5749 Vilvorde

479 5763 554 5821 cf.
590 5763 755 5822 Flod.
786 5766 857 5821 A.
885 5766 1054 5823 Rem.
1088 5783 1167 5836 1v,
1201 5763 1270 5820 24
1303 5769 1360 5821 et
1409 5763 1779 5824 Flddoardus
1822 5784 2040 5824 annum
2086 5773 2147 5823 ut
2257 5768 2535 5823 Woluwe
2567 5768 2913 5838 appellatur.

2262 5487 2467 5539 noster
2497 5500 2527 5537 a
2557 5482 2856 5537 nativitate
2886 5480 3128 5551 Christi,
3153 5496 3271 5536 non
3303 5498 3332 5534 a
