4098 6196
222 347 277 409 73
1596 331 1854 396 LIBER
1893 329 2222 396 PRIMUS
3528 331 3609 393 74

223 541 396 598 ussioni
428 539 969 607 obtemperaturum
1001 551 1066 589 se
1087 550 1153 590 es
1179 551 1245 589 se
1281 534 1624 604 spopondit;
1646 533 1754 588 sed
1775 535 1836 586 ut
1867 516 1924 576 Α
1957 535 2090 585 vato
2125 531 2352 600 comite,
2379 530 2668 585 abbatiam
2702 532 2892 586 sancti
2919 530 3231 604 Gaugerici
3260 549 3334 588 ex
3370 535 3615 607 integri-

225 637 368 685 tamen
379 627 712 696 probrosus
727 627 820 679 sui
833 625 1088 694 perfugii
1106 624 1296 692 pudor
1307 623 1588 693 populum
1609 624 1834 689 lateret,

230 715 544 786 velusquein
559 719 791 768 noctem
823 713 1080 766 indutias
1101 713 1393 782 poposcit.
1427 711 1537 776 Qui
1557 726 1665 764 nec
1688 710 1839 763 difﬁ-

227 808 308 862 cile
354 806 424 857 ita
483 803 729 870 accedit,
780 817 849 854 eo
882 816 1023 854 sane
1054 802 1252 868 tutior,
1305 801 1440 870 quia
1471 813 1841 868 nequaquam

229 911 325 950 eum
352 893 484 945 tanti
517 891 847 957 estimabat,
891 893 952 942 ut
993 905 1100 942 sua
1120 888 1299 958 jussa
1322 888 1561 941 auderet
1582 887 1840 940 eludere.

228 985 323 1036 Hoc
346 983 520 1050 igitur
553 979 882 1046 impetrato,
918 979 977 1031 in
1011 977 1282 1031 diversas
1303 981 1502 1045 partes
1527 976 1844 1044 episcopus

227 1070 492 1140 ancipitem
536 1068 794 1120 animum
841 1067 1024 1134 rapit;
1077 1065 1354 1135 quidnam
1383 1065 1550 1132 prius
1581 1063 1641 1115 in
1669 1063 1846 1116 tantis

227 1167 268 1214 et
289 1161 385 1212 tam
414 1156 630 1210 subitis
662 1154 1207 1224 perturbationibus
1252 1154 1557 1207 intendere
1616 1151 1844 1222 possit,

227 1247 413 1318 quaerit.
435 1245 559 1298 Nec
575 1243 965 1311 mora,divino
981 1242 1229 1296 consilio
1246 1257 1392 1296 usus
1407 1255 1612 1295 omnes
1627 1239 1849 1293 amicos

225 1338 362 1404 atque
377 1333 582 1386 ﬁdeles
613 1331 766 1385 infra
787 1331 1133 1384 indutiolam
1150 1331 1303 1384 hanc
1321 1345 1454 1383 cum
1477 1327 1632 1383 omni
1657 1325 1851 1381 studio

223 1423 368 1494 jussit
399 1421 615 1474 tacitus
648 1419 981 1484 convocari,
1019 1435 1341 1488 eorumque
1394 1415 1676 1488 suffragio
1728 1430 1854 1468 suae

233 1526 360 1564 cura:
373 1507 686 1562 consuluit.
711 1507 859 1560 Nam
883 1523 1000 1561 nox
1021 1507 1120 1559 illa
1148 1507 1291 1559 tanti
1313 1506 1540 1575 copiam
1557 1503 1856 1558 exercitus

237 1599 275 1653 ei
301 1598 531 1668 peperit,
549 1600 630 1664 ut,
657 1596 778 1650 Deo
810 1596 1062 1662 volente,
1097 1611 1275 1648 versa
1306 1593 1596 1648 sententia
1626 1592 1860 1645 hostem

231 1688 489 1740 incautum
508 1684 769 1738 diluculo
784 1687 950 1738 extra
970 1683 1264 1736 civitatem
1287 1681 1684 1751 compelleret,
1710 1681 1863 1748 ipse-

225 1790 318 1844 que
331 1789 451 1827 cum
466 1773 598 1826 suis
610 1772 671 1824 in
694 1771 938 1841 propria
957 1771 1098 1824 sede
1113 1785 1337 1839 conpos
1351 1770 1528 1823 animi
1549 1767 1857 1822 resideret.

230 1863 347 1915 Post
381 1861 506 1915 haec
535 1875 678 1914 vero
721 1859 944 1929 aliquot
989 1859 1201 1912 diebus
1252 1857 1617 1927 interpositis
1659 1871 1861 1910 comes

223 1965 496 2016 reversus,
531 1948 779 2002 collecta
811 1947 1001 2000 valida
1031 1963 1226 2014 manu,
1263 1946 1588 2015 resumptis
1633 1945 1860 1998 viribus

223 2038 403 2091 urbem
437 2037 690 2105 repetiit,
725 2035 1059 2105 multasque
1090 2035 1526 2104 inquietudines
1558 2033 1856 2104 ingerens,

227 2127 546 2195 episcopum
585 2123 926 2194 aliquandiu
979 2123 1304 2177 lacessivit.
1362 2123 1628 2192 Denique
1689 2119 1862 2174 etiam

222 2214 436 2268 alternis
466 2212 846 2267 conﬂictibus
877 2213 1080 2282 gravis
1113 2212 1266 2264 inter
1303 2225 1370 2264 se
1423 2209 1716 2264 contentio
1757 2207 1862 2261 ad-

228 2302 399 2357 olevit.

280 2390 510 2459 72.01.)
539 2389 718 2454 Quod,
748 2388 850 2442 ubi
867 2389 1192 2458 imperator
1221 2386 1354 2442 Otto
1368 2387 1655 2459 precibus
1698 2386 1867 2457 regis

228 2479 709 2548 Luduwicisuper
721 2477 928 2531 hostes
947 2475 1266 2540 satisfecit,
1290 2475 1582 2530 Caemraci
1617 2473 1868 2528 Fulber-

223 2574 326 2619 tum
352 2567 521 2620 visita
534 2566 875 2619 vitJnterea
895 2566 990 2633 (an
1006 2563 1433 2632 938)Gallorum
1449 2562 1870 2632 princeps,Hu-

226 2670 292 2726 go
313 2655 581 2708 videlicet
603 2654 705 2724 qui
728 2653 1035 2706 dicebatur
1053 2653 1327 2724 Magnus,
1361 2652 1698 2723 Willelmus
1728 2666 1871 2733 quo-

224 2759 324 2812 que
345 2742 870 2814 Rotomagensium
892 2742 1008 2795 dux
1022 2741 1454 2808 ferocissimus,
1477 2755 1676 2811 regem
1701 2754 1874 2793 suum

227 2830 596 2884 Luduwicum
628 2830 872 2884 assidua
905 2829 1277 2882 infestatione
1309 2829 1729 2898 inpugnabant,
1755 2827 1876 2880 diu-

225 2933 322 2988 que
342 2920 490 2973 inter
507 2935 578 2972 se
593 2919 866 2987 utrinque
887 2917 1014 2970 sine
1038 2917 1476 2970 intermissione
1500 2916 1871 2970 dimicabant.

229 3005 425 3060 Videns
457 3009 659 3060 autem
689 3021 794 3059 rex
825 3021 941 3059 non
971 3021 1151 3074 posse
1175 3021 1240 3059 se
1280 3005 1505 3075 absque
1543 3005 1730 3059 aliena
1767 3020 1875 3073 ope

1957 623 2070 673 tate
2105 619 2577 688 supradictarum
2609 635 2827 689 rerum,
2858 621 3011 674 unde
3031 622 3303 677 videlicet
3320 625 3614 680 contentio

1961 711 2236 777 coeperat,
2273 708 2379 761 sed
2425 711 2480 761 et
2535 707 2776 761 alteram
2831 709 3143 779 abbatiam,
3205 728 3379 781 quam
3435 728 3618 782 supra

1961 796 2216 849 diximus
2274 795 2451 864 (161),
2509 800 2730 850 sanctae
2792 797 2896 851 Dei
2963 798 3252 852 mcclesiee
3308 799 3618 870 genitricis

1963 883 2162 935 Mariae
2194 883 2251 935 in
2281 887 2626 952 perpetuum
2671 884 2972 938 habendas
3005 886 3372 940 contradidit.
3433 885 3623 956 Super

1965 971 2122 1040 quod
2155 970 2374 1038 scripta
2408 972 2774 1026 conﬁrmavit
2802 973 3183 1044 hujusmodi:
3224 996 3246 1026 «
3286 975 3349 1029 In
3389 977 3625 1030 nomine

1965 1061 2186 1111 sanctae
2217 1060 2272 1110 et
2294 1058 2612 1111 individuae
2643 1058 2964 1129 Trinitatis,
2998 1061 3149 1131 Otto,
3194 1062 3392 1117 divina
3429 1063 3623 1133 propi-

1967 1147 2157 1200 ciante
2181 1146 2490 1200 clementia
2511 1162 2635 1200 rex.
2664 1147 2952 1202 Noverint
2974 1164 3180 1204 omnes
3204 1151 3410 1205 ﬁdeles
3433 1151 3626 1206 nostri

1967 1237 2296 1302 praesentes
2326 1234 2576 1287 scillicet
2610 1236 2667 1287 et
2692 1232 2772 1276 120
2802 1235 3001 1308 futuri,
3053 1239 3306 1309 qualiter
3361 1255 3467 1310 pro
3523 1238 3631 1294 Dei

1969 1336 2170 1375 amore
2200 1325 2255 1376 et
2288 1327 2509 1375 sanctae
2548 1326 2605 1375 et
2643 1323 3002 1379 intemeratae
3071 1341 3304 1396 semper
3360 1328 3631 1400 Virginis

1973 1409 2194 1479 Mariae,
2221 1410 2529 1480 genitricis
2554 1409 2824 1480 ejusdem
2847 1412 2954 1466 Dei
2967 1414 3023 1467 et
3035 1414 3268 1468 Domini
3280 1417 3468 1470 nostri
3484 1417 3517 1470 J
3523 1433 3635 1472 esu

1974 1497 2218 1565 Christi,
2258 1513 2487 1552 necnon
2527 1502 2592 1569 et.
2617 1500 2825 1554 animae
2839 1505 3059 1556 nostrae
3073 1504 3282 1582 salute,
3304 1504 3638 1559 interventu

1977 1601 2212 1656 quoque
2243 1586 2502 1646 ﬁdelium
2531 1591 2891 1658 nostrorum,
2927 1591 3155 1645 scilicet
3201 1592 3496 1647 Fridurici
3543 1606 3636 1647 ar-

1979 1673 2344 1744 chiepiscopi
2368 1679 2422 1728 et
2453 1675 2656 1728 dilecti
2686 1678 2953 1748 germani
2985 1679 3171 1732 nostri
3222 1680 3522 1736 Brunonis
3579 1684 3637 1736 et

1981 1762 2272 1816 Cuonradi
2291 1763 2459 1816 ducis
2476 1766 2650 1834 atque
2674 1764 3015 1819 Herimanni
3033 1768 3202 1820 ducis
3227 1770 3282 1821 et
3303 1774 3638 1823 ceterorum

1897 1820 1950 1881 B
1981 1850 2264 1920 ﬁdelium,
2296 1820 2678 1906 concedimus
2697 1869 2730 1906 a
2752 1854 2846 1906 die
2863 1857 3140 1922 presente
3163 1860 3220 1910 et
3239 1820 3389 1910 hora

1982 1939 2182 1992 Mariae
2213 1939 2285 1992 ad
2316 1940 2980 1996 sedemCameracensis
3003 1943 3314 2013 eecclesiaa,
3342 1945 3440 1998 cui
3467 1961 3644 2000 vene-

1979 2027 2188 2081 rabilis
2207 2027 2522 2082 Fulbertus
2541 2030 3010 2100 episcopus;Deo
3023 2033 3645 2104 annuente,presidere

1981 2116 2238 2186 videtur,
2263 2116 2495 2170 abbatia
2541 2119 2731 2172 sancti
2781 2118 3096 2190 Gaugerici
3145 2137 3378 2176 omnem
3429 2139 3504 2176 ex
3549 2123 3642 2176 in-

1984 2208 2175 2276 tegro,
2211 2221 2344 2258 cum
2374 2205 2646 2260 omnibus
2677 2207 2858 2260 rebus
2890 2210 2946 2260 et
2974 2210 3466 2278 possessionibus
3490 2211 3649 2264 domi

1989 2296 2271 2363 extraque
2301 2295 2750 2362 pertinentibus,
2785 2295 2997 2365 sicutij
3009 2297 3132 2349 uris
3150 2299 3338 2351 nostri
3361 2298 3648 2352 hactenus

1981 2380 2147 2451 juste
2177 2397 2244 2434 ac
2273 2382 2544 2452 legaliter
2576 2383 2705 2436 visa
2735 2385 2827 2436 est
2857 2383 3068 2448 fuisse;
3101 2400 3392 2440 concessa
3427 2387 3648 2456 pariter

1989 2469 2146 2523 omni
2167 2470 2402 2537 publica
2437 2470 2734 2524 iunctione
2770 2472 2863 2525 vel
2887 2474 3192 2527 exactione
3222 2473 3443 2545 adjam
3464 2474 3646 2528 fatum

1991 2559 2182 2611 sancti
2253 2559 2595 2612 monasterii
2656 2560 2851 2613 locum
2908 2562 3255 2630 pertinente.
3318 2563 3394 2616 Ut
3449 2563 3649 2618 nullus

1993 2661 2192 2700 comes
2223 2648 2316 2700 vel
2349 2647 2593 2717 quilibet
2614 2648 2700 2701 rei
2728 2649 2980 2716 publicae
3010 2650 3279 2704 minister
3315 2650 3437 2704 illic
3481 2654 3651 2720 pote-

1993 2739 2203 2789 statem
2233 2735 2444 2790 habeat
2463 2741 2558 2790 aut
2590 2738 2828 2791 mallum
2855 2739 3094 2792 tenendi
3124 2739 3218 2793 vel
3254 2739 3516 2794 bannum
3556 2739 3654 2795 vel

1995 2824 2161 2878 freda
2200 2826 2475 2896 exigendi
2503 2829 2601 2879 aut
2630 2827 2885 2896 aliquam
2916 2827 3343 2882 districtionem
3373 2828 3649 2901 faciendi,

1994 2914 2101 2966 sed
2131 2929 2237 2982 per
2264 2915 2456 2967 omnia
2487 2915 2565 2966 ita
2595 2915 2708 2968 sub
2738 2918 3027 2984 potestate
3060 2917 3177 2970 sint
3205 2919 3492 2987 episcopi,
3527 2918 3648 2988 qui,

1994 3003 2116 3055 Deo
2148 3005 2466 3072 prestante,
2500 3019 2607 3072 per
2635 3005 3085 3058 successionem
3136 3005 3324 3058 cidem
3367 3005 3655 3075 prefuerit

227 3092 586 3148 inimicorum
604 3109 889 3163 superare
913 3094 1222 3163 saevitiam,
1257 3093 1688 3162 imperatorem,
1714 3093 1875 3146 Otto-
1911 3063 1960 3124 Ο
2000 3090 2314 3157 aecclesiae,
2350 3091 2632 3159 deinceps
2663 3095 2718 3144 et
2765 3092 2823 3144 in
2856 3094 3100 3161 perenni
3130 3096 3416 3162 tempore,
3476 3094 3653 3148 sicuti

223 3197 342 3235 nem
370 3183 648 3237 videlicet
682 3182 944 3235 Heinrici
973 3183 1136 3252 regis
1167 3182 1368 3250 ﬁlium,
1403 3183 1579 3252 cujus
1611 3196 1876 3235 sororem

227 3267 583 3343 Gerbergam
595 3270 966 3324 matrimonio
980 3270 1144 3323 duxit
1157 3270 1272 3323 sibi
1287 3269 1379 3340 adj
1390 3274 1618 3323 utorem
1633 3269 1878 3322 adstrin-

218 3373 349 3428 gere
369 3360 690 3423 estimavit,
724 3358 1050 3428 missisque
1089 3358 1429 3412 oratoribus
1461 3358 1532 3411 ad
1565 3358 1622 3411 id
1653 3359 1877 3429 negotii

215 3462 335 3499 cum
355 3448 648 3516 precibus
671 3447 954 3500 invitavit.
970 3446 1079 3510 Qui
1097 3446 1373 3500 continuo
1397 3446 1673 3500 fraternis
1693 3447 1879 3500 moni-

216 3534 362 3589 tibus
383 3536 760 3590 familiariter
774 3536 1096 3600 accinctus,
1123 3535 1306 3589 duces
1330 3549 1474 3588 suos
1497 3551 1563 3588 ac
1577 3535 1878 3604 principes

218 3623 360 3676 bello
391 3625 597 3693 parari
633 3624 928 3693 precepit;
969 3625 1308 3693 paratisque
1351 3623 1606 3692 viaticis,
1653 3624 1879 3693 absque

215 3711 482 3766 dilatione
531 3713 705 3783 juxta
743 3715 1044 3782 precatum
1085 3717 1279 3766 castra
1326 3712 1506 3765 movit
1564 3713 1680 3781 (an.
1713 3711 1879 3781 9-16);

218 3801 414 3869 sicque
445 3801 646 3870 primo
675 3800 990 3869 Parisium,
1026 3800 1236 3854 deinde
1269 3801 1659 3871 Rotomagum
1690 3817 1880 3873 usque

212 3889 594 3957 perveniens,
628 3904 834 3942 omnes
855 3889 1105 3942 vicinias
1124 3889 1470 3959 devastavit,
1505 3890 1704 3960 ibique
1737 3892 1883 3944 satis

218 3977 618 4030 miserandam
649 3981 880 4046 pestem
899 3977 1099 4031 edidit.
1124 3977 1274 4030 Exin
1296 3993 1439 4032 vero
1469 3979 1776 4034 exhaustis
1800 3981 1884 4033 ul-

213 4064 360 4118 tione
383 4065 699 4136 hostibus,
725 4082 859 4120 cum
887 4067 1212 4135 repatriare
1235 4067 1496 4136 deberet,
1519 4069 1577 4121 in
1599 4069 1728 4137 ipso
1750 4070 1884 4139 qui-

218 4152 341 4206 dem
364 4155 574 4209 reditu
601 4156 661 4207 in
684 4154 890 4208 urbem
908 4153 1424 4209 Cameracensium
1453 4161 1646 4210 castra
1675 4159 1886 4211 metari

215 4240 896 4312 disposuit,visitaturus
915 4244 1151 4314 quippe,
1171 4245 1463 4314 quomodo
1487 4245 1736 4300 domnus
1760 4246 1886 4301 Ful-

215 4329 412 4385 bet-tus
435 4333 777 4402 episcopus
796 4333 852 4384 in
869 4313 1051 4386 rebus
1074 4333 1518 4388 aecclesiasticis
1539 4350 1602 4389 se
1621 4335 1884 4391 haberet.
1916 4313 1970 4373 D

278 4416 361 4473 73.
379 4419 528 4490 ('72.)
551 4419 697 4474 Otto
709 4421 1034 4491 imperator
1050 4420 1346 4475 abbatiam
1360 4425 1556 4477 sancti
1572 4423 1891 4496 Gazigerici

217 4509 481 4579 episcopo
500 4510 748 4563 confert
762 4515 820 4563 et
837 4509 978 4564 inde
993 4517 1335 4582 preceptum
1353 4512 1678 4584 subiectum
1694 4530 1892 4570 corro-

213 4593 394 4650 borat.
426 4597 550 4652 Ubi
588 4613 726 4650 cum
757 4602 1108 4666 perventum
1141 4603 1253 4669 est,
1288 4601 1542 4655 domnus
1574 4603 1892 4674 episcopus

216 4699 377 4753 quam
412 4686 804 4739 familiariter
825 4701 956 4740 eum
971 4688 1219 4758 excepit,
1245 4689 1569 4760 amicisque
1590 4693 1894 4763 obsequiis

219 4787 438 4828 summa
464 4790 618 4829 cum
643 4775 1024 4830 veneratione
1052 4776 1403 4831 deserviens
1435 4779 1506 4832 de
1535 4780 1897 4835 incussioni-

215 4859 316 4914 bus
346 4879 380 4916 a
412 4863 650 4916 comite
679 4863 972 4931 prelibato
1004 4863 1120 4918 sibi
1150 4865 1441 4937 inrogatis
1473 4884 1607 4921 cum
1637 4870 1892 4940 supplici

219 4951 595 5018 querimonia
631 4952 1036 5020 proclamavit.
1083 4952 1193 5017 Qui
1242 4956 1442 5008 causis
1491 4957 1724 5024 auditis,
1778 4974 1897 5012 mo-

220 5037 413 5093 lestias
447 5041 758 5110 episcopo
791 5040 1004 5109 illatas,
1041 5041 1215 5096 sicuti
1246 5043 1401 5112 pius,
1435 5046 1676 5113 perinde
1727 5049 1899 5118 atque

220 5127 536 5198 episcopus
604 5129 739 5196 ipse
797 5127 1064 5197 indoluit;
1113 5146 1486 5203 suorumque
1551 5137 1902 5204 competenti

221 5218 458 5272 consilio
475 5231 672 5286 usus,
690 5217 1023 5271 secundum
1044 5218 1197 5289 legis
1210 5220 1765 5292 publicaejudicium
1779 5225 1900 5294 pri-

1998 3194 2187 3248 usque
2221 3180 2392 3234 modo
2419 3179 2576 3249 juris
2606 3181 2844 3234 fuerunt
2871 3181 3180 3250 potestatis
3212 3185 3454 3237 nostrae.
3503 3183 3572 3236 Et
3595 3186 3658 3237 ut

1999 3266 2127 3320 haec
2155 3271 2374 3321 nostrae
2407 3268 2817 3322 concessionis
2848 3270 3167 3324 auctoritas
3199 3285 3303 3339 per
3333 3271 3655 3326 succeden-

1996 3357 2142 3410 tium
2157 3357 2446 3410 curricula
2470 3359 2798 3426 temporum
2820 3358 3319 3429 inrefragabiliter
3336 3360 3659 3415 ﬁrmiorem

1999 3446 2057 3498 in
2088 3446 2191 3499 Dei
2224 3446 2458 3499 nomine
2478 3446 2733 3515 optineat
2763 3448 3051 3518 vigorem,
3073 3464 3249 3501 manu
3277 3450 3516 3519 propria
3548 3465 3657 3505 no-

1999 3537 2122 3588 stra
2152 3533 2364 3587 subtus
2387 3549 2514 3587 eam
2546 3535 2930 3606 ﬁrmavimus,
2949 3540 3004 3590 et
3025 3537 3184 3590 anuli
3203 3540 3394 3592 nostri
3412 3539 3660 3608 impres-

2001 3623 2168 3676 sione
2193 3622 2571 3676 corroborari
2600 3625 2982 3693 procipimus.
3018 3625 3265 3697 Signum
3295 3628 3493 3682 domni
3508 3627 3662 3682 Otto-

2001 3712 2094 3765 nis
2115 3711 2493 3765 invictissimi
2521 3713 2706 3784 regis.
2739 3715 2902 3768 Brun
2934 3716 3324 3770 cancellarius
3355 3717 3428 3770 ad
3470 3718 3662 3772 vicem

2005 3802 2272 3857 Rotberti
2302 3803 2758 3873 archicapellani
2790 3805 3131 3876 recognovi.
3165 3806 3360 3860 Data?
3388 3805 3663 3862 Kal.Maii

2003 3911 2154 3949 anno
2187 3896 2506 3950 Dominicae
2557 3896 2986 3952 Incarnationis
3045 3897 3170 3970 947,
3230 3901 3547 3960 indictione
3605 3905 3660 3976 6,

2002 3990 2287 4057 reggante
2315 3987 2409 4054 pio
2441 4002 2587 4058 rege
2629 3987 2836 4042 Ottono
2893 4005 3045 4043 anno
3094 3989 3181 4044 14.
3212 3992 3424 4047 Actum
3455 3994 3665 4066 Aquis-

2003 4076 2170 4146 grani
2200 4075 2413 4144 palacii
2444 4075 2503 4128 in
2535 4076 2782 4131 Domino
2817 4078 3087 4132 feliciter.
3113 4082 3353 4135 Amen.»

2072 4163 2691 4233 74.(73.)Amu1ricu1n
2716 4167 2981 4220 comitem
3016 4167 3087 4220 of
3104 4167 3284 4221 filiam
3315 4170 3484 4225 Isaac
3497 4189 3664 4243 quam

2003 4252 2376 4306 matrimonio
2388 4252 2508 4304 sibi
2526 4253 2714 4323 duxit,
2725 4255 3030 4324 episcopus
3036 4258 3136 4326 pio
3150 4261 3666 4330 consanguinitate

2004 4342 2288 4413 sejunxit.
2313 4340 2477 4395 Alter
2496 4341 2694 4396 itidem
2717 4358 2916 4397 comes
2935 4360 3006 4397 ex
3023 4361 3174 4418 pago
3200 4347 3453 4420 I’Iainou,
3472 4350 3667 4406 Amul-

2004 4431 2166 4484 ricus
2197 4431 2451 4501 nomine,
2478 4431 2567 4484 vir
2598 4447 2815 4503 genere
2850 4434 3261 4491 nobilissimus
3294 4439 3540 4510 etjuxta
3571 4457 3666 4495 se-

2003 4520 2220 4574 cularis
2243 4521 2448 4591 gloriae
2466 4537 2737 4591 pompam
2759 4523 3284 4596 fortunatissimus,
3302 4529 3478 4583 ﬁliam
3501 4530 3667 4585 Isaac

2002 4625 2170 4679 aeque
2204 4609 2435 4663 comitis
2481 4610 2690 4678 prefati
2722 4613 2886 4666 duxit
2918 4601 3192 4670 uxorem.
3228 4617 3426 4671 Multis
3473 4623 3668 4673 autem

2003 4698 2544 4752 internoscentibus
2620 4705 2792 4772 atquc
2851 4702 3256 4758 deferentibus
3315 4707 3667 4774 conperiens

2004 4786 2322 4840 Fulbertus
2354 4787 2695 4858 episcopus,
2759 4806 2882 4859 eos,
2933 4807 3218 4861 sponsum
3281 4795 3555 4850 videlicet
3613 4801 3673 4852 et

2007 4890 2309 4944 sponsam,
2330 4877 2613 4944 proximas
2635 4878 2992 4948 cognitionis
3017 4883 3528 4952 consanguinitate
3541 4901 3673 4955 pro-

2006 4963 2260 5033 pinquos
2293 4967 2348 5017 et
2379 4964 2509 5018 ideo
2542 4970 2743 5019 contra
2765 4967 2956 5036 legem
2991 4969 3314 5039 cOpulatos,
3343 4971 3495 5027 facto
3531 4990 3669 5030 con-

2008 5051 2141 5104 silio
2174 5054 2457 5107 canonice
2487 5056 2559 5108 ab
2591 5055 2844 5107 invicem
2874 5055 3156 5126 sejunxit,
3209 5059 3461 5131 datoque
3511 5065 3670 5132 poeni

2008 5141 2206 5194 tentiae
2229 5142 2424 5210 modo,
2450 5143 2561 5196 hoc
2592 5145 2815 5196 tantum
2856 5145 3056 5199 scelus
3087 5146 3416 5204 admissum
3448 5152 3675 5221 expiari

2009 5230 2289 5300 precepit.
2325 5230 2491 5294 Quod
2510 5233 2786 5301 parentes
2819 5235 2993 5304 atque
3026 5235 3198 5290 amici
3229 5238 3474 5295 moleste
3493 5240 3675 5298 sedet

1553 5412 1848 5481 VARIIE
1891 5416 2256 5485 LECTION
2265 5418 2359 5482 ES

1817 5570 2072 5637 NOTZE
2086 5620 2102 5638 .

285 5483 360 5540 ΗΟ
389 5499 575 5556 deest
613 5488 673 5553 1.

287 5651 436 5728 (161)
468 5643 854 5728 Marseilleg,
889 5658 940 5705 c.
975 5637 1063 5706 68.

810 5718 1068 5803 Paraon.
1101 5718 1360 5782 CXLIX.
