4098 6196
411 397 493 460 ’75
1328 387 1599 451 GESTA
1641 382 2169 449 PONTIFICUM
2214 381 2944 446 CAMERACENSIUM
3767 379 3847 441 76

412 591 681 647 dolenter
709 590 990 658 ferentes,
1031 587 1205 644 modo
1254 587 1542 642 minarum
1585 585 1900 656 asperitate
1948 583 2069 653 epi-
2097 562 2154 623 Α
2183 581 2400 651 ciores,
2439 578 2658 649 quibus
2699 576 2946 633 affectus
2984 577 3188 647 patriae
3226 577 3416 633 ruinae
3447 580 3841 647 contemptum

412 695 661 750 scopum
708 677 1219 750 perterrefaciunt,
1269 676 1443 731 modo
1481 678 1674 728 tamen
1704 672 1983 744 precibus
2012 673 2069 725 et

405 768 702 840 preciosis
733 765 1078 821 muneribus
1111 765 1484 828 conveniunt;
1520 764 1660 834 quin
1691 764 1863 816 etiam
1893 759 2067 814 uber-

406 859 592 913 rimas
625 855 984 910 hereditates
1016 856 1238 908 sanctae
1264 853 1364 908 Dei
1397 851 1689 906 mcclesiae
1729 847 2070 919 promittunt

403 948 468 999 ut
498 945 626 998 sive
657 943 888 998 scilicet
912 957 1119 997 eorum
1148 941 1326 996 minis
1356 944 1617 1008 coactus,
1651 939 1779 994 sive
1808 937 2066 1006 promis-

405 1047 614 1087 sorum
644 1046 954 1088 munerum
985 1029 1349 1086 affectatione
1378 1029 1438 1082 in
1487 1027 1658 1082 aliam
1717 1025 2067 1080 sententiam

403 1122 618 1190 ﬂexus,
635 1119 971 1193 disjunctos
988 1120 1246 1173 fortasse
1268 1117 1746 1188 reconjungeret,
1763 1113 2066 1168 inconvul-

402 1224 628 1280 sesque
656 1207 866 1263 amodo
896 1222 1134 1262 manere
1155 1207 1540 1276 permitteret.
1576 1202 1772 1273 Hujus
1803 1202 1887 1256 rei
1916 1217 2066 1273 sug-

405 1297 678 1368 gestione
709 1296 1027 1367 episcopus
1059 1296 1404 1350 commotior
1435 1293 1648 1360 factus,
1680 1291 1816 1362 quia
1847 1291 1904 1344 in
1935 1291 2064 1360 ipso

402 1385 584 1438 timor
612 1385 844 1439 Domini
876 1381 1371 1452 preponderahat,
1396 1381 1588 1435 minas
1617 1378 1977 1449 posthabuit,
2008 1381 2065 1432 et

401 1487 476 1526 ne
535 1488 569 1526 a
623 1487 828 1531 norma
887 1471 1187 1526 canonica
1245 1469 1399 1540 legis
1429 1469 1615 1538 pretio
1647 1470 1878 1536 emptus
1910 1466 2062 1521 forte

396 1558 781 1630 descisceret,
813 1559 1113 1629 promissa
1143 1557 1414 1627 calcavit;
1447 1558 1622 1610 immo
1645 1558 1702 1610 et
1721 1555 1890 1625 juxta
1919 1570 2061 1624 pro-

394 1647 588 1716 pheta
604 1647 1086 1717 increpationem,
1102 1645 1313 1701 nolens
1327 1647 1552 1713 animas
1571 1660 1703 1714 quae
1728 1643 2060 1698 moriuntur

394 1735 696 1791 viviﬁcare
744 1735 1128 1804 (Ezech.xm,
1157 1734 1265 1803 19),
1290 1734 1569 1803 precibus
1601 1747 1804 1786 eorum
1821 1732 2060 1786 minime

394 1823 714 1892 adquievit,
739 1823 846 1877 sed
878 1823 1059 1878 totius
1079 1822 1444 1876 auctoritatis
1459 1820 1683 1891 judicio
1703 1821 1760 1874 in
1777 1822 2058 1890 perpetuo

394 1911 759 1982 segregavit.
778 1910 946 1965 Unde
967 1910 1193 1982 liquido
1223 1913 1461 1979 apparet
1479 1910 1634 1980 quod
1657 1909 1856 1962 nullus
1886 1909 2058 1963 turbo

393 1998 688 2053 minarum
715 2015 749 2052 a
765 1998 1070 2068 proposito
1089 1998 1245 2069 legis
1265 2013 1506 2052 movere
1521 1996 2057 2068 valebat,nulloque

395 2087 654 2157 appetitu
666 2102 974 2142 munerum
997 2087 1376 2142 saecularium
1393 2086 2054 2156 captabatur,quomodo

395 2174 476 2242 hi,
537 2191 688 2246 quos
748 2175 921 2230 hodie
968 2178 1064 2230 aut
1094 2180 1319 2230 terrore
1349 2176 1442 2230 vel
1474 2175 1674 2230 favore
1706 2174 2054 2243 potentioris

390 2276 667 2331 personae
698 2266 957 2331 coactos,
992 2266 1092 2318 aut
1121 2263 1306 2317 lucris
1339 2263 1600 2317 avaritiae
1631 2263 2056 2330 inhiantes,au-

391 2349 507 2404 sim
537 2350 756 2421 dicere,
781 2351 1225 2406 aacclesiasticae
1263 2350 1650 2405 institutionis
1683 2351 2053 2420 disciplinam

388 2438 560 2492 malis
592 2439 875 2509 operibus
907 2439 1232 2509 depravare
1265 2455 1427 2509 saepe
1455 2439 1879 2509 conspicimus.

461 2525 548 2580 75.
580 2527 717 2597 ('74.)
739 2528 901 2592 Quod
923 2527 1337 2599 Hungari,bac
1362 2527 1577 2580 vicinia
1611 2527 1942 2596 devastata,
1977 2527 2054 2581 ad

394 2613 599 2668 urbem
621 2630 799 2685 usque
828 2614 1326 2679 venerunt.Quam
1340 2631 1464 2668 cum
1481 2631 1591 2669 non
1606 2621 1850 2685 possent
1875 2631 2051 2686 expu-

386 2717 578 2771 gnare
595 2717 762 2757 omne
784 2703 1130 2758 suburbium
1149 2719 1274 2756 cum
1298 2703 1510 2773 templo
1523 2704 1716 2756 sancti
1733 2703 1814 2757 Ga
1823 2704 2052 2775 ugerici

389 2788 862 2846 combusserant.
887 2791 1008 2844 Sub
1030 2791 1240 2846 iisdem
1262 2791 1472 2844 diebus
1495 2792 1610 2859 (an,
1633 2789 1757 2860 953)
1784 2792 2049 2863 Hungari

385 2893 493 2946 per
547 2879 824 2950 regiones
883 2878 1065 2947 hujus
1132 2880 1455 2949 provinciae
1515 2879 1663 2933 male
1723 2881 2050 2935 saeviebant

385 2962 758 3020 Christianos
779 2967 1168 3036 captivabant,
1190 2967 1634 3038 profanatisque
1667 2969 1860 3020 sacris
1888 2968 2049 3023 culti-

383 3052 520 3121 bus,
555 3055 864 3108 aecclesias
895 3055 1306 3110 incendebant.
1340 3055 1465 3120 Quo
1497 3057 1844 3125 perterritus
1904 3055 2044 3111 Ful-

381 3140 586 3196 bertus
605 3143 949 3212 cpiscopus,
977 3143 1226 3215 impigre
1249 3144 1648 3198 imminentem
1671 3145 1899 3198 ruinam
1922 3162 2046 3215 pre-

381 3229 615 3298 videns,
641 3231 846 3285 urbem
868 3233 1179 3286 attentiore
1210 3249 1350 3286 cura
1378 3233 1594 3287 muniri
1619 3235 1887 3287 exercuit
1908 3237 1964 3288 et
1984 3235 2042 3286 in

381 3321 810 3373 monasterium
843 3326 1066 3374 sanctae
1098 3321 1299 3374 Mariae
1321 3322 1734 3375 beatissimum
1781 3321 2040 3392 Gaugeri

380 3421 534 3475 cum,
568 3407 915 3461 thesaurum
944 3408 1219 3462 videlicet
1248 3409 1781 3478 preciosissimum,
1835 3426 2038 3464 recon-

379 3493 559 3562 didit;
609 3510 866 3564 presaga
921 3496 1217 3566 siquidem
1263 3502 1456 3550 mente
1489 3499 1850 3565 suspicatus,
1882 3500 2039 3568 quod

376 3595 514 3634 mox
543 3581 629 3633 rei
661 3582 932 3650 probavit
961 3586 1230 3637 eventus.
1266 3584 1415 3636 Nam
1438 3585 1657 3654 aliquot
1678 3588 1811 3654 post
1827 3585 2038 3641 diebus

373 3667 739 3739 interlapsis,
773 3687 925 3726 anno
957 3673 1230 3726 videlicet
1260 3673 1332 3726 ab
1365 3674 1767 3727 Incarnatione
1808 3675 2034 3727 Domini

373 3755 498 3824 953,
533 3758 565 3810 8
596 3757 734 3810 Idus
768 3760 1011 3828 Aprilis,
1044 3761 1156 3830 ipsi
1189 3761 1456 3832 I-Iungari
1513 3763 1872 3832 promptiore
1930 3762 2036 3816 im-

373 3848 511 3913 petu
541 3847 908 3901 bellatoriam
932 3849 1308 3918 disciplinam
1326 3851 1716 3920 preferentes,
1743 3851 1878 3904 huic
1903 3851 2036 3906 urbi

371 3933 742 3998 advolarunt,
814 3936 1124 4007 triduoque
1186 3939 1495 4007 immorati,
1557 3940 1735 3993 totius
1793 3940 2033 4010 generis

278 4052 280 4054 τ
369 4023 597 4090 pestem
622 4023 948 4078 ediderunt.
973 4023 1274 4096 Siquidem
1297 4029 1539 4096 nostris,
1561 4028 1695 4098 quia
1716 4027 2032 4082 adversum

368 4110 454 4162 tot
483 4115 649 4164 erant
679 4111 1046 4181 paucissimi,
1083 4113 1232 4167 intra
1265 4117 1386 4169 tuta
1417 4131 1714 4170 murorum
1747 4117 2028 4187 receptis,

368 4197 709 4252 suburbana
750 4199 927 4254 nullis
977 4202 1399 4256 resistentibus
1459 4204 1711 4256 adurunt
1759 4204 2026 4275 aedificia,

367 4287 645 4356 diripiunt
713 4287 927 4342 civium
986 4290 1354 4360 patrimonia;
1401 4293 1654 4362 denique
1720 4298 2028 4364 prosperis

365 4376 756 4430 successibus
786 4377 904 4431 laeti
937 4379 1132 4432 studia
1176 4381 1343 4448 prelii
1392 4381 1819 4435 munitionibus
1858 4383 2027 4436 urbis

359 4463 716 4530 advertunt,
776 4467 1246 4536 temptantesque
1305 4470 1693 4538 irruptionem
1728 4510 1741 4536 ,
1803 4470 2026 4523 nostris

363 4552 560 4603 tamen
591 4551 809 4603 acriter
864 4552 1333 4620 defensantibus,
1397 4556 1632 4608 minime
1689 4556 2020 4623 proficiunt.

358 4637 560 4708 Itaque
593 4638 840 4708 fatigati,
866 4655 979 4692 non
1003 4642 1205 4708 procul
1240 4643 1312 4695 ab
1333 4643 1477 4697 urbe
1501 4643 1634 4696 ﬁxis
1664 4644 1932 4696 tentoriis
1964 4645 2024 4699 in

355 4730 520 4795 prata
550 4726 1016 4797 videlicetjuxta
1064 4729 1260 4782 Scalth
1310 4732 1550 4783 fluvium
1601 4731 2018 4803 concedebant,

356 4814 551 4884 quiete
576 4814 826 4885 ciboque
851 4816 1366 4886 curandi,posthac
1380 4819 1544 4872 urbis
1568 4819 1798 4873 excidio
1823 4837 2018 4875 rever-

355 4902 509 4954 suri.
540 4902 672 4955 Non
707 4920 1132 4974 usquequaque
1164 4909 1358 4959 tamen
1390 4908 1576 4960 nostri
1609 4909 1819 4962 octiosi
1852 4909 2018 4964 fuere

350 5003 459 5043 nec
490 4989 670 5043 inulta
695 4993 947 5046 civitatis
992 4982 1228 5047 omnino
1273 4997 1457 5063 passi,
1511 4996 1839 5066 dispendia.
1903 4998 2017 5053 Ubi

307 5141 310 5143 Α
353 5079 507 5130 enim
539 5079 812 5160 ho_stibus
845 5082 1147 5150 paululum
1176 5084 1443 5154 remotis,
1478 5089 1748 5154 nepotem
1782 5087 2014 5158 regium

350 5165 524 5234 cujus
547 5182 758 5220 nomen
783 5170 1213 5239 excidit,virum
1234 5172 1508 5228 videlicet
1525 5174 1756 5229 bellicis
1787 5176 2011 5230 artibus

344 5255 661 5324 prcditum,
708 5273 840 5310 eum
896 5261 1102 5326 paucis
1160 5260 1554 5315 novissimum
1615 5263 1887 5318 incedere
1939 5264 2009 5317 de

344 5344 533 5398 muris
563 5346 975 5414 prospiciunt:
1013 5363 1151 5402 mox
1201 5350 1436 5419 quidem
1503 5351 1646 5420 Odo,
1708 5352 1798 5404 vir
1851 5353 2006 5406 acris

345 5433 576 5487 consilii
605 5438 660 5487 et
695 5437 886 5489 mente
910 5439 1253 5507 promptior,
1281 5441 1579 5494 sociorum
1598 5440 1818 5511 aliquot
1838 5441 2008 5496 auda-

2181 669 2388 722 mortis
2419 667 2731 733 infuderat,
2753 667 2913 738 legit,
2938 665 3285 736 hostemque
3311 668 3368 720 in
3400 666 3839 735 compendiario

2181 758 2567 825 interceptum
2612 756 2840 809 tramite
2875 755 3072 810 subito
3120 757 3527 824 persecuntur.
3563 754 3673 819 Qui
3718 755 3838 807 cir-

2181 845 2493 899 cumfusus
2515 844 2904 910 multitudine,
2925 843 3061 898 dum
3095 844 3306 898 cedere
3335 844 3579 913 pudoris
3611 844 3842 897 estima-

2180 934 2282 1001 vit,
2315 937 2510 1002 utpote
2544 933 2634 986 vir
2663 933 2839 986 animi
2870 932 3242 1000 immodicus,
3277 931 3712 1002 refugientibus
3744 947 3842 986 so-

2181 1021 2290 1076 ciis
2314 1022 2371 1074 in
2393 1022 2645 1090 prelium
2667 1021 2782 1074 ruit
2803 1039 2816 1086 ;
2851 1036 3106 1091 moxque
3123 1037 3156 1074 a
3173 1021 3353 1074 latere
3377 1021 3836 1088 circumventus,

2179 1113 2521 1164 nostrorum
2544 1113 2737 1163 tamen
2755 1109 3087 1178 dispendio,
3114 1109 3354 1163 absciso
3377 1109 3562 1177 capite
3589 1109 3838 1162 obtrun-

2180 1201 2364 1253 catur.
2400 1199 2567 1253 Unde
2597 1199 2907 1253 victoriam
2939 1197 3152 1267 adepti,
3196 1199 3368 1266 caput
3398 1200 3543 1251 astas
3577 1197 3837 1250 deﬁxum

2177 1287 2238 1341 in
2271 1303 2502 1342 summo
2533 1303 2720 1356 muro,
2754 1287 2872 1340 illis
2906 1285 3123 1354 laetum,
3145 1287 3274 1339 suis
3298 1285 3634 1340 miserabile
3666 1301 3840 1355 spee-

2177 1376 2455 1442 taculum,
2490 1376 2950 1445 suspenderunt.
2987 1375 3221 1443 Audito,
3263 1389 3368 1428 rex
3408 1363 3617 1444 Belgio
3646 1403 3715 1414 -
3745 1375 3836 1428 sic

2177 1465 2331 1518 enim
2362 1465 2668 1519 dicebatur
2713 1494 2785 1503 —
2833 1462 3031 1519 furore
3068 1477 3382 1530 accensus,
3426 1477 3629 1516 casum
3661 1463 3834 1516 amici

2175 1553 2595 1607 miserabiliter
2622 1552 2946 1623 ingemuit;
2979 1551 3272 1621 solitoque
3309 1551 3582 1605 acerbior
3601 1551 3833 1620 nepotis

2174 1644 2420 1696 mortem
2450 1641 2659 1694 ulcisci
2692 1641 2982 1712 gestiens,
3014 1641 3224 1694 urbem
3256 1655 3387 1693 cum
3419 1639 3548 1693 suis
3577 1639 3831 1708 repetiit.

2173 1729 2320 1783 Tum
2343 1745 2483 1784 vero
2507 1729 2652 1783 satis
2670 1729 2887 1782 acriter
2907 1728 3024 1782 illis
3043 1728 3278 1798 quidem
3300 1727 3449 1782 foris
3470 1727 3829 1796 furentibus,

2173 1817 2305 1872 istis
2335 1833 2477 1872 vero
2511 1818 2668 1871 intus
2697 1817 2930 1870 fortiter
2949 1815 3387 1883 resistentibus,
3411 1815 3707 1885 utrimque
3731 1815 3831 1870 diu

2172 1908 2446 1974 certatur,
2483 1905 2757 1976 omnique
2791 1920 3009 1976 genere
3039 1904 3290 1958 telorum
3307 1904 3660 1958 decernitur.
3687 1903 3831 1958 Illos

2170 1994 2338 2048 dolor
2370 1994 2613 2048 fraterni
2645 1993 2854 2061 capitis
2895 1992 3270 2062 pertinaciter
3307 1992 3684 2060 accendebat,
3735 1992 3832 2047 his

2171 2099 2337 2138 amor
2374 2083 2575 2152 patriae
2607 2087 2662 2137 et
2692 2082 2894 2135 ultima
2927 2097 3067 2150 spes
3107 2081 3409 2134 audaciam
3439 2080 3828 2136 ministrabat.

2173 2171 2243 2226 Et
2273 2172 2412 2226 dum
2442 2171 2500 2224 id
2532 2171 2776 2242 geritur,
2800 2185 3037 2224 merens
3056 2169 3375 2239 episcopus
3395 2169 3568 2224 modo
3593 2169 3696 2222 Dei
3719 2183 3831 2240 ge-

2169 2261 2440 2314 nitricem
2491 2259 2766 2329 precibus
2816 2259 3090 2329 exagitat,
3144 2273 3460 2328 coramque
3499 2257 3829 2312 beatissimi

2169 2347 2480 2418 Gaugerici
2524 2347 2739 2400 feretro
2780 2347 3199 2416 procumbens,
3242 2347 3518 2418 dignetur
3550 2362 3688 2400 esse
3720 2347 3828 2400 de-

2167 2435 2373 2491 fensor
2393 2437 2602 2490 crebro
2621 2436 2970 2507 ingeminat;
3001 2436 3174 2490 modo
3193 2451 3335 2490 vero
3357 2450 3464 2504 per
3483 2450 3828 2506 prepugna-

2168 2526 2298 2578 cula
2330 2525 2647 2591 cursitans,
2697 2540 2843 2578 suos
2894 2524 3113 2576 viritim
3157 2523 3447 2578 confortat
3477 2526 3534 2576 et
3563 2523 3823 2592 instruit,

2166 2613 2413 2667 viriliter
2453 2614 2749 2681 dimicent,
2792 2612 3165 2665 invincibiles
3196 2615 3458 2683 pugnent
3485 2626 3498 2679 ;
3533 2610 3637 2664 Dei
3667 2611 3827 2664 enim

2166 2717 2304 2756 esse
2338 2706 2538 2756 contra
2561 2702 2926 2771 alienigenas
2956 2717 3234 2770 pugnam,
3259 2701 3340 2752 illi
3361 2701 3616 2753 futuram
3633 2701 3826 2754 victo-

2165 2790 2330 2843 riam.
2377 2791 2604 2844 Interea
2652 2789 2834 2843 fessis
2886 2790 3021 2842 dum
3053 2790 3125 2842 ad
3161 2788 3644 2857 interruptionem
3677 2787 3824 2841 nihil

2164 2879 2533 2942 succederet,
2570 2879 2804 2931 solvere
2835 2877 3205 2930 obsidionem
3227 2876 3556 2930 consultius
3579 2877 3826 2929 estima-

2164 2969 2297 3020 runt
2321 2981 2335 3034 ;
2366 2982 2651 3036 suamque
2684 2966 2856 3019 tidem
2879 2966 3066 3019 veniae
3090 2969 3144 3018 et
3168 2965 3376 3018 salutis
3397 2964 3664 3018 obsidem
3687 2962 3828 3018 offe-

2163 3058 2381 3123 rentes,
2417 3055 2588 3108 istam
2619 3055 2987 3123 pactionem,
3039 3054 3328 3106 incertum
3361 3052 3572 3106 dolone
3605 3069 3676 3105 an
3708 3051 3827 3106 fide

2161 3144 2525 3211 conpositam
2557 3143 2996 3211 pretenderunt,
3023 3146 3103 3210 ut,
3131 3143 3182 3194 si
3204 3141 3478 3194 videlicet
3504 3141 3618 3194 sibi
3648 3142 3830 3208 caput

2157 3231 2524 3298 redderetur,
2545 3231 2658 3298 ipsi
2687 3245 2918 3284 omnem
2940 3230 3178 3299 predam
3203 3241 3260 3282 et
3287 3245 3495 3283 omnes
3529 3229 3821 3297 captivos,

2159 3320 2263 3372 sed
2296 3323 2352 3373 et
2381 3320 2574 3373 omnia
2607 3333 2995 3389 quaecumque
3019 3319 3076 3370 in
3101 3317 3207 3370 hac
3232 3317 3444 3370 vicinia
3475 3319 3822 3384 rapuerant,

2156 3423 2345 3477 usque
2363 3408 2434 3460 ad
2454 3408 2755 3460 minimum
2772 3407 3168 3474 restituerent,
3187 3406 3379 3475 posita
3392 3405 3602 3458 deinde
3619 3419 3824 3474 pugna

2155 3511 2358 3563 pacem
2390 3496 2793 3563 composituri.
2841 3496 2911 3547 Hi
2952 3510 3093 3548 vero
3136 3494 3327 3565 magis
3360 3493 3493 3547 dolo
3526 3492 3820 3560 suspecti,

2153 3587 2388 3636 exorata
2421 3584 2693 3636 refutant.
2732 3583 2856 3647 Quo
2900 3582 3169 3654 Hungari
3199 3581 3451 3650 amplius
3483 3583 3540 3634 et
3567 3579 3820 3632 inratio-

2152 3672 2422 3724 nabiliter
2442 3670 2685 3736 efferati,
2715 3671 3029 3725 incendere
3053 3670 3330 3738 templum
3349 3669 3556 3722 leviori
3575 3668 3822 3737 negotio

2149 3759 2412 3813 arbitrati
2445 3762 2608 3822 sunt;
2646 3774 3066 3828 murorumque
3100 3758 3595 3828 expugnationem
3626 3755 3819 3809 decli-

2150 3850 2379 3916 nantes,
2400 3847 2473 3900 ad
2499 3848 2732 3918 fastigia
2763 3847 2962 3916 templi
2989 3847 3105 3900 tela
3139 3846 3398 3899 ardentia
3429 3844 3689 3898 certatim
3711 3843 3823 3912 ja-

2151 3937 2441 3990 culantur.
2476 3937 2564 3989 Ad
2589 3936 2699 3989 hoc
2722 3936 2944 3989 nostris
2966 3935 3200 3988 tandem
3231 3933 3502 4004 quaedam
3531 3933 3822 3986 mentium

2150 4023 2259 4077 fuit
2304 4025 2700 4078 consternatio
2728 4066 2741 4092 ,
2789 4025 3112 4094 gravisque
3157 4038 3262 4092 pre
3307 4022 3514 4075 timore
3559 4019 3820 4074 defectio

2149 4112 2453 4181 prevalere
2468 4113 2695 4182 hostes,
2714 4129 2829 4167 non
2849 4113 3068 4166 habere
3083 4113 3197 4165 sibi
3211 4112 3403 4165 locum
3419 4108 3817 4164 defensionis.

2148 4199 2300 4254 Sane
2331 4201 2449 4254 illis
2481 4201 2609 4256 sine
2639 4201 3081 4255 intermissione
3103 4199 3530 4270 jaculantibus,
3551 4197 3673 4268 jam
3695 4197 3823 4250 vic-

2147 4293 2237 4342 tor
2266 4290 2424 4361 ignis
2456 4305 2605 4359 pene
2645 4289 3194 4359 inrecuperabiliter
3232 4291 3382 4341 tecta
3414 4290 3654 4354 teneret,
3688 4286 3816 4339 nisi

2146 4378 2382 4446 quidam
2412 4393 2485 4431 ex
2516 4377 2753 4431 clericis
2779 4420 2793 4446 ,
2842 4377 3123 4431 Seraldus
3166 4377 3438 4444 nomine,
3489 4375 3595 4429 Dei
3627 4373 3815 4428 credo

2144 4467 2360 4519 virtute
2382 4466 2722 4534 roboratus,
2748 4469 2982 4536 sumpto
3003 4482 3206 4520 secum
3232 4481 3400 4535 aquae
3424 4463 3666 4517 vasculo
3690 4462 3816 4516 cito

2145 4569 2326 4623 super
2364 4554 2646 4623 templum
2689 4555 3056 4608 ascenderet.
3094 4554 3205 4618 Qui
3250 4553 3551 4607 resticulis
3590 4551 3765 4604 nixus
3790 4592 3808 4619 ,

2142 4658 2290 4711 quas
2324 4643 2584 4711 desuper
2609 4643 2880 4697 trabibus
2922 4643 3212 4714 clangorii
3251 4642 3433 4711 (162)
3478 4639 3812 4693 artificiose

2141 4730 2423 4798 innexuit,
2451 4747 2661 4800 sparso
2683 4732 2853 4785 latice
2885 4733 3083 4802 ignem
3111 4730 3515 4801 extinguebat,
3543 4727 3808 4782 volucri-

2138 4834 2251 4889 que
2271 4819 2465 4874 studio
2485 4835 2664 4889 super
2682 4819 2931 4873 culmina
2958 4820 3278 4887 cursitans,
3305 4834 3543 4888 operam
3565 4829 3808 4870 omnem

2136 4907 2394 4961 hostium
2417 4908 2706 4961 eludebat.
2733 4907 2997 4961 Mirabile
3019 4907 3196 4961 dictu.
3222 4907 3374 4960 Sane
3397 4907 3455 4959 in
3474 4905 3806 4972 conspectu

2135 4996 2614 5050 adversariorum
2656 4995 3001 5050 discurrens
3041 5000 3095 5049 et
3135 4996 3368 5049 vulneri
3412 4999 3654 5064 patens,
3688 4992 3809 5046 sed

2133 5101 2284 5154 quos
2314 5101 2412 5138 res
2445 5085 2571 5154 ipsa
2601 5085 2835 5152 indicat,
2864 5085 3089 5138 meritis
3111 5083 3476 5138 beatissimae
3494 5082 3599 5136 Dei
3621 5079 3805 5152 geni-

2131 5173 2296 5226 tricis
2338 5175 2393 5226 et
2437 5174 2624 5226 sancti
2665 5172 2978 5242 Gaugerici
3011 5173 3436 5226 intervenlione
3468 5172 3803 5240 protectus,

2131 5278 2238 5314 sua
2270 5277 2445 5330 opera
2479 5261 2551 5314 ab
2585 5262 2813 5314 excidio
2845 5261 3121 5330 templum
3165 5261 3396 5330 eripuit.
3433 5260 3586 5313 Hinc
3615 5257 3806 5316 animi

2127 5355 2462 5402 nostrorum
2498 5349 2698 5417 erecti,
2724 5349 2985 5402 divinum
3016 5349 3309 5420 siquidem
3342 5349 3623 5402 auxilium
3654 5361 3801 5399 sen-

2123 5439 2358 5505 tientes,
2392 5437 2760 5492 formidinem
2792 5441 3035 5508 ponunt,
3063 5453 3130 5492 ac
3152 5436 3543 5491 validioribus
3576 5433 3801 5490 animis

1929 5629 2186 5695 ΝΟΤΛΕ

416 5701 563 5778 (162)
594 5703 934 5781 Campanile
