4098 6196
156 428 228 490 77
1548 418 1804 483 LIBER
1871 415 2204 482 PRIMUS
2490 442 2497 450 ·
3522 418 3601 485 78

149 619 215 675 ad
241 619 613 676 renitendum
653 619 1017 674 incombunt.
1067 617 1268 689 Itaque
1299 616 1507 673 hostes
1536 633 1671 673 eum
1702 617 1813 671 im-
1847 599 1908 662 Α
1933 617 2249 688 processit.
2305 618 2748 672 Rotnascenses
2806 621 3002 673 autem
3057 620 3306 678 consilio
3364 621 3601 679 saniore

154 709 596 779 possibilitatem
627 708 902 763 vincendi
944 707 1063 762 ullo
1103 707 1276 761 modo
1320 711 1648 775 cernerent,
1684 723 1817 760 cum

151 797 357 868 pudore
385 800 441 851 et
472 796 687 852 dolore
719 798 791 851 ab
826 796 1137 851 obsidione
1160 797 1491 865 desistunt;
1525 798 1632 851 sed
1664 796 1820 867 quod

148 889 200 939 in
228 886 513 940 suburbio
546 887 835 939 intactum
872 888 1005 938 ante
1032 885 1417 955 reliquerant,
1456 901 1588 938 cum
1620 884 1824 938 furore

150 978 439 1045 perurunt.
482 974 549 1028 Si
585 991 745 1045 quos
776 978 970 1028 autem
999 973 1156 1027 bello
1188 974 1416 1027 habiles
1440 974 1598 1027 forte
1631 973 1835 1043 depre_

160 1064 515 1130 hendissent,
557 1064 842 1117 continuo
869 1062 1251 1133 jugulabant;
1285 1062 1441 1131 quod
1465 1077 1605 1115 vero
1629 1061 1836 1127 ueciet

164 1153 273 1223 igni
303 1152 739 1220 superfuisset,
767 1150 1084 1220 captivitati
1106 1151 1514 1204 reservabant.
1541 1150 1683 1203 Post
1706 1151 1835 1204 haec

157 1242 331 1307 etiam,
370 1241 535 1311 quod
572 1241 827 1312 gravius
860 1243 951 1293 est
980 1243 1037 1293 et
1068 1239 1262 1310 magis
1291 1239 1633 1310 lugendum,
1656 1239 1836 1292 deco-

155 1345 263 1381 ram
292 1334 347 1382 et
374 1329 794 1382 venerabilem
828 1327 1135 1382 basilicam
1174 1328 1365 1382 sancti
1393 1326 1736 1398 Gaugerici,
1776 1326 1839 1381 ut

155 1417 365 1471 scilicet
411 1417 711 1487 superbis
768 1416 1017 1469 ediﬁciis
1065 1417 1329 1470 exterius
1356 1416 1721 1487 insignitam,
1756 1415 1833 1469 ita

159 1505 311 1558 etiam
340 1506 607 1559 interius
642 1504 845 1558 multis
886 1505 1157 1574 pecuniis
1200 1505 1307 1559 rati
1341 1503 1641 1573 refertam,
1676 1504 1829 1558 facto

156 1593 367 1665 agmine
400 1593 759 1648 nitebantur
791 1594 1161 1663 irrumpere;
1215 1593 1322 1647 sed
1355 1593 1827 1647 obstinatissime

157 1682 534 1735 renitentibus
571 1682 884 1735 canonicis
917 1698 1048 1736 cum
1090 1682 1458 1737 multitudine
1490 1682 1674 1753 vulgi,
1708 1697 1825 1735 non

155 1774 401 1840 poterant
436 1768 728 1825 effectum
762 1770 1000 1824 habere.
1038 1770 1206 1824 Unde
1239 1770 1474 1841 quidam
1504 1771 1823 1824 ineenden-
1854 1754 1907 1815 Β

158 1859 276 1911 dum
299 1860 691 1913 minabantur
717 1877 730 1923 ;
766 1859 928 1912 multi
951 1874 1093 1913 vero
1116 1863 1356 1929 prepter
1374 1858 1649 1928 plumbea
1672 1862 1823 1913 tecta

157 1945 547 2002 difﬁcultatem
600 1947 901 2016 videntes,
951 1947 1148 2017 potius
1194 1948 1643 2019 relinquendum
1675 1948 1819 2002 esti-

154 2036 387 2090 mabant.
439 2036 762 2091 Cedebant
811 2052 954 2107 ergo
998 2039 1174 2089 tanta:
1222 2035 1570 2106 difﬁcultati,
1616 2041 1672 2090 et
1696 2035 1820 2107 jam

155 2124 566 2191 abseedebant,
615 2141 757 2178 cum
807 2124 1072 2179 furiosus
1121 2124 1359 2195 quidam
1390 2140 1466 2179 ex
1495 2124 1731 2178 clericis
1762 2126 1821 2178 in

152 2213 435 2284 clangorio
486 2213 726 2267 sedens
766 2212 825 2266 in
870 2213 1061 2266 medio
1108 2213 1381 2284 sagittam
1431 2216 1817 2267 contorserat.

152 2300 261 2365 Quo
287 2302 507 2355 acriter
538 2301 887 2370 exasperati
917 2301 1197 2368 ampliore
1229 2317 1473 2355 numero
1508 2317 1611 2371 pro
1643 2300 1820 2356 ulcis-

154 2391 316 2443 cenda
366 2390 597 2460 injuria
652 2390 729 2442 ad
774 2390 1195 2443 monasterium
1225 2389 1514 2443 refluunt:
1551 2389 1822 2461 factoque

156 2479 239 2531 diu
266 2479 507 2549 impetu,
533 2478 788 2531 tandem
812 2478 1226 2547 irrumpentes,
1252 2478 1468 2532 multos
1491 2478 1561 2532 de
1584 2479 1819 2548 populo,

154 2583 284 2637 quos
314 2568 475 2621 intus
509 2569 933 2637 reppererant,
968 2569 1271 2635 sternunt;
1306 2582 1379 2620 ex
1413 2567 1647 2621 clericis
1680 2583 1824 2637 quo-

155 2671 251 2724 que
280 2656 667 2723 Ansfridum,
708 2655 1076 2722 Anselmum,
1110 2654 1505 2724 Grinbertum,
1541 2655 1822 2709 Tooderi-

156 2760 286 2813 cum,
329 2743 697 2799 Gentionem
743 2744 1097 2797 exanimant.
1131 2743 1472 2797 Novissime
1504 2759 1644 2797 vero
1674 2745 1823 2797 intra

155 2831 426 2903 laquearia
458 2833 677 2903 ignem
712 2834 1023 2901 ponentes,
1058 2832 1392 2886 venerabile
1425 2832 1701 2902 templum
1732 2835 1822 2885 ta-

157 2935 265 2975 men
296 2922 587 2975 diuturno
614 2925 675 2974 et
701 2920 928 2994 difﬁpili
952 2921 1187 2991 negotio
1211 2920 1650 2990 subverterunt,
1677 2921 1822 2975 adeo

156 3025 297 3075 sane,
327 3015 385 3063 ut
414 3009 737 3063 ambustis
772 3007 1046 3061 sublimis
1075 3011 1392 3062 structura:
1425 3009 1714 3077 aediﬁciis,
1748 3010 1825 3062 la-

157 3098 442 3153 mentabile
477 3098 677 3165 dictu,
718 3097 972 3151 eulmina
1001 3113 1133 3151 eum
1166 3100 1333 3151 vasta
1363 3097 1531 3150 ruina
1556 3097 1826 3151 devolve-

158 3192 352 3254 rentur,
384 3187 780 3256 plumbique,
816 3202 934 3255 quo
963 3201 1191 3238 summa
1223 3185 1479 3253 desuper
1507 3188 1654 3240 tecta
1688 3202 1820 3240 eoo-

158 3274 536 3344 periebantur,
576 3274 893 3344 liquefaeti
924 3275 1091 3327 rivus
1119 3273 1234 3327 huc
1267 3274 1402 3327 illuc
1442 3290 1547 3343 per
1575 3274 1824 3329 declivia
1854 3296 1906 3359 ο

156 3378 379 3435 quaeque
414 3365 796 3430 decurrens,
830 3362 1039 3432 plateis
1071 3362 1306 3432 quidem
1328 3363 1682 3432 natantibus,
1706 3364 1824 3418 fos-

159 3465 239 3503 sas
266 3452 539 3522 impleret
571 3453 641 3505 in
676 3450 952 3505 circuitu.
976 3450 1252 3504 Posthaec
1270 3452 1653 3523 congregatis
1686 3469 1825 3521 cap-

155 3539 286 3607 tivis,
319 3558 457 3595 cum
493 3541 745 3594 inﬁnita
776 3539 955 3608 preda
986 3542 1433 3594 abscesserunt.

212 3628 289 3681 76.
319 3628 434 3698 (75)
476 3629 608 3683 Ubi
644 3634 918 3683 sanctum
942 3627 1282 3682 llormetem
1297 3627 1560 3698 pristino
1580 3628 1704 3683 Ioco
1723 3644 1827 3682 re-

161 3718 385 3773 stituere
407 3718 680 3773 studuit.
712 3716 895 3770 Danis
929 3731 1162 3787 quoque
1195 3718 1351 3770 circa
1380 3716 1553 3771 istam
1583 3717 1827 3788 provin-

164 3805 286 3859 ciam
314 3824 428 3861 non
465 3808 683 3861 minus
720 3804 1078 3872 furentibus,
1113 3808 1168 3859 et
1198 3808 1259 3859 ut
1290 3806 1471 3875 liquet
1501 3806 1666 3876 ipsas
1699 3806 1828 3859 his-

163 3895 315 3949 torias
344 3896 735 3968 legentibus,
772 3897 1009 3946 sanctas
1034 3894 1139 3947 Dei
1160 3909 1332 3948 casas
1354 3894 1825 3964 ineendentibus,

162 3980 340 4038 beatus
373 3985 653 4039 Hermes
688 3981 898 4036 martir
925 3981 1163 4051 Christi,
1198 3997 1371 4053 quem
1402 3999 1550 4052 papa
1579 3984 1829 4037 Alexan-

165 4068 248 4123 der
274 4072 477 4128 Romae
512 4070 877 4142 baptizavit,
928 4070 998 4124 de
1032 4071 1302 4125 Ronasee
1335 4070 1482 4139 (163)
1514 4072 1651 4124 villa
1684 4072 1831 4125 Bra—

166 4157 399 4229 batensc,
461 4162 540 4215 de
619 4160 996 4215 monasterio
1063 4158 1335 4212 videlicet
1400 4159 1558 4230 quod
1621 4158 1831 4213 beatus

167 4246 438 4304 Amandus
472 4249 853 4316 construxit,
899 4247 972 4301 ad
1016 4248 1438 4301 monasterium
1481 4248 1637 4301 villae
1668 4246 1831 4301 Ende

168 4334 306 4406 (161),
338 4355 475 4410 quae
503 4338 696 4408 juxta
730 4336 1176 4407 Aquisgranum
1216 4336 1327 4389 sita
1368 4339 1478 4405 est,
1512 4336 1701 4405 primo
1730 4351 1833 4389 as-

171 4428 436 4497 portatur;
471 4425 708 4481 deinde
741 4440 888 4479 vero
918 4422 1220 4478 Coloniam
1258 4440 1449 4495 usque
1489 4424 1830 4493 translatus,

171 4528 263 4565 non
286 4532 471 4583 pauco
509 4515 751 4569 ibidem
782 4516 1045 4584 tempore
1077 4512 1430 4567 demoratur.
1467 4513 1634 4567 Unde
1665 4514 1837 4567 inter-

176 4603 493 4658 cedentibus
512 4605 760 4674 aliquot
777 4617 1065 4655 annorum
1084 4602 1417 4671 curriculis,
1439 4602 1590 4656 inter
1607 4604 1835 4656 utrum-

175 4705 263 4758 que
290 4693 537 4756 clerum,
577 4692 649 4745 id
684 4695 801 4759 est,
843 4691 995 4744 inter
1036 4691 1477 4746 Rotnascenses
1508 4696 1683 4762 atque
1714 4691 1835 4744 En-

182 4777 386 4850 denses,
419 4797 661 4853 magna
692 4783 900 4834 exorta
936 4781 1030 4833 est
1068 4779 1433 4849 disceptatio.
1469 4780 1651 4833 Danis
1685 4780 1837 4833 enim

1934 707 2220 775 preventi,
2256 705 2535 760 domnum
2566 704 2907 761 Fulbertum
2939 707 3274 777 pontiﬁcem
3313 715 3600 783 supplici-

1937 798 2029 848 ter
2057 794 2362 864 adierunt;
2410 811 2655 866 suaeque
2700 795 3121 865 deplorationis
3167 799 3384 853 seriem
3416 802 3603 857 incul-

1941 888 2165 951 cantes,
2198 883 2411 937 obnixe
2441 884 2848 953 implorarunt,
2896 889 2957 938 ut
3004 886 3141 956 quia
3188 887 3261 941 de
3290 890 3603 958 parrochia

1943 970 2077 1040 ejus
2112 971 2430 1025 translatus
2464 972 2673 1041 fuerat,
2716 973 2797 1026 ibi
2831 974 3002 1027 etiam
3036 991 3069 1028 a
3101 976 3375 1031 violentis
3405 981 3607 1035 extor—

1942 1062 2065 1112 tum
2098 1064 2364 1114 sanctum
2397 1062 2695 1114 martirem
2736 1063 3021 1132 reportari
3054 1080 3187 1118 cum
3216 1068 3375 1120 omni
3403 1068 3606 1125 labore

1948 1150 2347 1202 contenderet.
2402 1148 2626 1203 Horum
2675 1150 2870 1221 itaque
2914 1166 3152 1206 causam
3184 1158 3610 1226 competentem

1948 1237 2265 1306 previdens
2311 1238 2650 1307 episcopus,
2704 1240 3034 1294 omnimodo
3084 1241 3393 1316 laboravit,
3435 1263 3613 1317 quoa-

1949 1324 2179 1396 dusque
2211 1326 2364 1378 beati
2397 1326 2654 1380 martiris
2686 1327 2918 1398 glebam
2963 1330 3033 1383 ad
3081 1333 3385 1401 proprium
3414 1335 3611 1391 locum

1948 1414 2159 1468 referri
2195 1415 2406 1486 coegit.
2442 1414 2559 1468 Pro
2591 1417 2730 1468 tanti
2764 1433 2907 1488 ergo
2938 1416 3212 1474 beneﬁcii
3256 1437 3611 1494 recompen-

1947 1502 2173 1557 satione
2201 1503 2447 1572 predieti
2480 1503 2697 1557 fratres
2727 1505 2944 1575 villam,
2981 1524 3113 1578 quae
3146 1509 3219 1564 ab
3249 1510 3461 1567 incolis
3492 1512 3610 1568 Ne-

1942 1590 2192 1644 wehova
2223 1590 2371 1660 (165)
2401 1595 2792 1663 nuncupatur,
2838 1597 3059 1649 sanctae
3100 1598 3273 1652 matri
3313 1600 3608 1658 aecclesim

1938 1679 2453 1733 Cameracensium
2483 1680 2735 1735 libenter
2766 1684 3156 1740 contulerunt.

2005 1768 2093 1822 '77.
2128 1766 2241 1838 (76)
2277 1767 2411 1822 Otto
2441 1784 2555 1823 rex
2581 1769 2983 1825 immunitates
3011 1779 3236 1829 sanctas
3262 1774 3477 1833 Mariae
3511 1795 3601 1836 re-

1935 1873 2181 1925 uovaus,
2218 1856 2503 1912 teloueum
2528 1857 2703 1927 hujus
2733 1859 3002 1913 civitatis
3023 1877 3149 1915 cum
3179 1872 3411 1919 moneta
3445 1869 3601 1938 epis-

1935 1962 2074 2016 copo
2100 1945 2364 2000 contulit.
2392 1946 2629 2000 Petente
2652 1946 2782 2016 ipso
2809 1948 3104 2020 pontiﬁce,
3128 1950 3257 2006 Otto
3281 1953 3601 2024 imperator

1934 2035 2337 2088 auctoritatem
2388 2034 2789 2102 immunitatis,
2840 2052 3012 2107 quam
3058 2042 3407 2098 antecessor
3448 2061 3597 2101 suus

1934 2121 2191 2176 Karolus
2225 2138 2405 2191 super
2437 2123 2639 2177 sedem
2670 2124 3183 2182 Cameracensium
3218 2130 3364 2200 ﬁxit,
3400 2133 3599 2188 inreﬁ-

1935 2210 2188 2282 gendam
2219 2212 2389 2264 etiam
2423 2212 2788 2266 conﬁrmavit
2812 2232 2826 2278 ;
2861 2215 3031 2285 eique
3052 2217 3299 2287 insuper
3320 2235 3491 2276 omne
3516 2227 3596 2277 te-

1935 2299 2168 2353 loneum
2218 2315 2350 2354 cum
2396 2304 2629 2355 moneta
2674 2302 2866 2371 ipsius
2914 2304 3165 2358 civitatis
3217 2310 3592 2380 contradens,

1936 2389 2308 2456 postmodum
2331 2404 2536 2443 omnes
2570 2390 2859 2444 ﬁscalium
2882 2392 3245 2447 functionum
3276 2398 3594 2453 mutilatio-

1936 2492 2042 2529 nes
2078 2492 2184 2545 per
2223 2476 2550 2546 subjectum
2589 2477 2929 2549 hujusmodi
2959 2483 3293 2537 testamenti
3319 2486 3594 2556 paginam

1937 2566 2333 2635 sequestravit
2358 2582 2369 2619 :
2408 2589 2429 2611 ‹‹
2452 2566 2515 2619 In
2538 2567 2771 2620 nomine
2796 2570 3015 2623 sancta)
3039 2572 3095 2623 et
3120 2570 3437 2627 individua
3460 2575 3594 2629 Tri-

1936 2654 2133 2706 nitatis
2159 2654 2288 2707 Otto
2322 2654 2517 2707 divina
2550 2655 2914 2726 prepiciante
2949 2658 3257 2713 clementia
3290 2677 3415 2717 rex.
3450 2664 3597 2719 Cum

1934 2742 2313 2811 petitionibus
2342 2758 2652 2800 servorum
2684 2744 2790 2797 Dei
2815 2744 2999 2815 justis
3028 2750 3081 2800 et
3111 2749 3591 2822 rationabilibus,

1935 2830 2118 2884 divini
2149 2831 2342 2884 cultus
2390 2846 2590 2885 amore
2632 2830 2920 2903 favemus,
2973 2850 3231 2905 superna
3261 2840 3453 2908 gratia
3483 2857 3595 2896 nos

1933 2919 2150 2973 muniri
2180 2935 2549 2990 nequaquam
2579 2920 2922 2975 difﬁdimus.
2956 2923 3211 2979 Proinde
3242 2930 3473 2982 noverit
3500 2930 3595 2983 in-

1935 3006 2161 3060 dustria
2193 3023 2301 3061 seu
2331 3008 2627 3078 sagacitas
2660 3008 2918 3063 omnium
2940 3010 3201 3067 ﬁdelium
3230 3020 3590 3087 nostrorum,

1934 3099 2051 3149 tam
2082 3095 2445 3165 presentium
2475 3112 2651 3165 quam
2680 3099 2734 3150 et
2763 3097 3112 3168 futurorum,
3138 3102 3275 3171 quia
3297 3103 3389 3155 vir
3415 3120 3596 3160 vene-

1933 3184 2138 3238 rabilis
2179 3183 2514 3254 Fulbertus,
2555 3183 3001 3240 Cameracensis
3043 3189 3211 3243 urbis
3251 3190 3591 3265 episcopus,

1935 3273 2144 3327 obtulit
2168 3272 2469 3326 obtutibus
2496 3273 2722 3326 nostris
2745 3274 3136 3330 immunitates
3157 3277 3344 3333 beatae
3367 3296 3594 3337 memo-

1932 3362 2038 3415 riaa
2070 3360 2473 3415 antecessoris
2506 3361 2695 3415 nostri
2724 3361 2944 3432 Karoli,
2979 3364 3036 3416 in
3068 3365 3284 3434 quibus
3328 3370 3593 3425 contine-

1931 3450 2104 3504 batur
2132 3450 2441 3517 insertum,
2468 3449 2718 3520 qualiter
2744 3451 3050 3520 predictus
3080 3457 3430 3510 antecessor
3449 3474 3595 3512 nos-

1932 3542 2021 3593 ter
2049 3538 2302 3593 Karolus
2334 3554 2439 3592 rex
2469 3539 2824 3593 nominatam
2856 3540 3079 3609 sedem,
3115 3558 3247 3612 quae
3280 3547 3372 3598 est
3400 3545 3462 3599 in
3482 3546 3594 3601 ho-

1934 3643 2077 3682 nore
2108 3630 2329 3681 sanctae
2354 3627 2458 3680 Dei
2476 3626 2781 3698 genitricis
2806 3627 3004 3683 Mariae
3028 3645 3381 3703 semperque
3404 3633 3596 3706 Virgi-

1935 3716 2050 3784 nis,
2069 3715 2141 3769 ob
2156 3731 2415 3769 amorem
2432 3715 2532 3769 Dei
2546 3719 2602 3769 et
2619 3716 3095 3787 tranquillitatem
3116 3718 3362 3775 fratrum
3378 3722 3598 3777 ibidem

1938 3804 2427 3874 consistentium,
2460 3820 2696 3875 semper
2736 3806 2847 3859 sub
2884 3805 3229 3876 plenissima
3259 3810 3501 3865 tuitione
3542 3816 3600 3867 et

1937 3893 2318 3946 immunitatis
2352 3892 2697 3948 defensxone
2720 3893 3029 3950 habuisset
3051 3893 3153 3952 191.
3184 3897 3298 3952 Pro
3326 3898 3598 3956 ﬁrmitate

1938 3986 2131 4035 tamen
2153 3982 2237 4035 rei
2255 3981 2570 4051 postulavit
2586 3998 2697 4037 nos
2714 3982 2981 4052 prefatus
3005 3985 3325 4057 episcopus
3351 3986 3600 4045 Fulber-

1938 4073 2055 4138 tus,
2105 4074 2165 4124 ut
2217 4069 2487 4141 ejusdem
2529 4072 2692 4142 regis
2740 4072 3146 4127 auctoritatem
3192 4075 3253 4129 in
3302 4092 3499 4133 amore
3546 4081 3602 4133 et

1939 4159 2268 4213 reverentia
2301 4163 2522 4213 sanctae
2552 4159 2658 4213 Dei
2688 4161 2997 4231 genitricis
3030 4162 3229 4217 Mariae
3259 4167 3464 4219 nostra
3502 4182 3602 4220 au-

1942 4248 2205 4301 ctoritate
2235 4247 2741 4302 conﬁrmaremus.
2766 4248 2931 4312 Quod
2963 4249 3039 4302 ita
3070 4265 3175 4317 per
3207 4237 3619 4307 interventum-

1941 4336 2137 4390 dilecti
2171 4335 2435 4405 episcopi
2483 4336 2672 4390 nostri
2714 4336 2979 4389 Hihharii
3028 4335 3175 4405 (166)
3214 4338 3468 4394 libenter
3496 4341 3602 4395 ad-

1941 4424 2294 4494 quievimus,
2327 4426 2383 4477 et
2412 4424 2491 4476 ita
2518 4424 2930 4478 concessimus
2970 4427 3144 4495 atque
3183 4442 3289 4496 per
3319 4427 3433 4482 hoc
3462 4444 3602 4499 pre—

1944 4514 2174 4582 ceptum
2221 4516 2442 4566 nostrae
2486 4512 2851 4567 auctoritatis
2903 4513 3338 4571 roboravimus.
3397 4517 3604 4572 Preci-

1943 4601 2170 4671 pientes
2204 4615 2346 4671 ergo
2369 4599 2654 4670 jubemus
2686 4605 2746 4656 ut
2777 4601 2973 4656 nullus
2996 4601 3185 4673 judex
3204 4604 3480 4674 publicus
3510 4605 3608 4660 vel

1945 4689 2225 4760 quislibet
2275 4704 2346 4742 ex
2382 4688 2701 4759 judiciaria
2743 4693 3029 4761 potestate
3061 4693 3121 4746 in
3151 4694 3458 4748 aecclesias
3508 4695 3607 4748 aut

1945 4778 2076 4832 loca
2108 4777 2201 4831 vel
2230 4792 2410 4848 agros
2443 4793 2549 4833 seu
2583 4779 2840 4849 reliquas
2871 4782 3295 4850 possessiones
3326 4781 3607 4851 predictae

180 4874 387 4924 remotis
420 4841 756 4939 rebusque
790 4871 1010 4922 sanctae
1042 4869 1147 4922 Dei
1177 4868 1468 4923 azcclesiae
1498 4868 1557 4921 in
1586 4884 1838 4937 prospe-
1863 4841 1918 4902 D
1949 4866 2270 4934 aacelesim,
2323 4882 2471 4936 quas
2516 4867 2794 4922 moderno
2837 4871 3097 4938 tempore
3146 4870 3205 4923 in
3245 4869 3610 4939 quibuslibet

186 4956 313 5011 ritate
340 4960 679 5025 restitutis,
720 4958 1162 5011 Romascenses
1195 4973 1370 5011 suum
1400 4956 1720 5010 moliuntur
1740 4971 1839 5009 re-

185 5042 305 5100 ferre
333 5052 711 5118 patronum;
744 5045 1057 5100 Endenses
1090 5061 1231 5100 vero
1263 5046 1618 5100 unanimiter
1648 5044 1841 5098 refra-

190 5135 277 5198 ειῐί
291 5139 547 5192 retinere
568 5135 964 5203 contendunt,
991 5137 1185 5204 utpote
1207 5134 1481 5189 videlicet
1500 5134 1843 5203 preciosum

190 5218 516 5282 thesaurum.
547 5225 712 5280 Hec
728 5223 911 5295 igitur
930 5222 1229 5279 altercatio
1250 5224 1403 5278 inter
1419 5239 1520 5278 sea
1540 5222 1844 5293 liquandiu

1947 4955 2120 5026 pagis
2158 4955 2253 5008 vel
2288 4955 2603 5010 territoriis
2643 4956 2794 5010 infra
2837 4956 3114 5010 ditionem
3156 4958 3386 5027 imperii
3418 4960 3610 5013 nostri

1945 5044 2107 5115 juste
2130 5042 2470 5114 otlegaliter
2492 5048 2808 5098 memorata
2826 5048 2980 5098 tenet
3001 5045 3093 5099 vel
3114 5046 3382 5115 possidet
3403 5047 3610 5102 accele-

1951 5133 2062 5200 sia,
2084 5131 2179 5186 vel
2197 5147 2264 5185 ea
2285 5147 2419 5202 quae
2442 5132 2724 5202 deinceps
2753 5128 2883 5185 a122
2903 5132 3210 5188 catholicis
3241 5135 3389 5189 viris
3420 5136 3613 5191 eidem

1954 5220 2163 5275 collata
2204 5220 2423 5275 fuerint
2453 5220 2765 5289 aecclesice,
2800 5220 2873 5274 ad
2905 5236 3121 5277 causas
3142 5223 3489 5297 audiendas,
3515 5228 3615 5280 aut

1494 5396 1790 5468 VARIJE
1833 5401 2196 5467 LECTION
2205 5401 2301 5463 ES

1772 5553 2028 5619 ΝΟΤᾹΞ

244 5480 311 5528 ω
338 5486 720 5544 habuissent
752 5484 805 5556 1,
831 5483 886 5541 3.
915 5474 997 5527 ηε
1024 5482 1195 5540 deest
1225 5481 1276 5539 1.

248 5732 377 5811 (163)
406 5738 685 5809 Renaix,
708 5734 1018 5794 Flandrice
1052 5736 1291 5811 House;
1322 5737 1476 5794 inter
1501 5732 1848 5793 Oudenarde

198 5809 237 5859 et
259 5805 623 5867 Grammont.

247 5878 377 5955 (164)
408 5882 560 5941 Inda
591 5880 707 5941 vel
734 5879 1301 5942 Cornelismunster.

1960 5805 2006 5861 Ο
2030 5732 2178 5806 (165)
2208 5728 2717 5806 Nieuwenhoven,
2738 5749 2919 5807 prope
2941 5710 3284 5791 Grammont
3300 5732 3356 5787 et
3372 5725 3619 5785 Ninove

2009 5822 2140 5861 OLV.

2009 5822 2140 5862 OLV.

2029 5876 2181 5952 (166)
2209 5877 2585 5937 Leodiensis.
2617 5876 2796 5941 Conv.
