4098 6196
488 404 568 466 79
868 350 875 353 ἦ
1364 393 1639 457 GESTA
1691 391 2223 457 PONTIFICUM
2277 388 3039 456 CAMERACENSIUM.
3794 395 3859 457 ao

480 604 650 660 freda
670 602 765 657 vel
786 598 1132 655 mansiones
1152 597 1246 651 vel
1268 597 1503 666 paratas
1522 593 1843 661 faciendas,
1869 595 1967 647 aut
1996 592 2142 647 ﬁde-
2171 573 2231 635 Α
2257 598 2434 653 dibus
2467 592 2742 663 conditis,
2778 590 3069 663 quandam
3110 588 3284 644 etiam
3314 588 3676 660 metropolim
3699 589 3860 663 Musa-

469 694 757 765 jussores
772 687 1088 757 tollendos,
1110 688 1208 740 aut
1223 685 1494 740 homines
1512 684 1704 754 ipsius
1724 681 2015 737 aacelesiaa
2028 685 2145 735 tam

477 782 775 852 ingenuos
799 794 974 849 quam
997 791 1209 831 servos
1234 790 1414 844 super
1434 777 1649 828 terram
1674 772 1865 842 ipsius
1889 785 2143 824 comma-

476 873 688 925 nentes
710 881 1081 938 nequaquam
1105 862 1571 935 distringendos,
1597 861 1688 915 vel
1712 860 1863 913 ullas
1885 858 2143 913 retribu-

474 959 672 1012 tiones
696 960 794 1011 aut
813 955 1071 1009 inlicitas
1099 953 1448 1007 occasiones
1481 948 1890 1020 requirendas,
1918 948 2141 1001 nostris

475 1050 531 1102 et
554 1045 769 1101 futuris
791 1043 1158 1113 temporibus
1182 1041 1411 1111 ingredi
1434 1039 1664 1105 audeat,
1680 1035 1773 1091 vel
1793 1051 1860 1090 ea
1883 1050 2018 1106 quae
2042 1052 2143 1088 su-

475 1151 582 1206 pra
612 1136 933 1188 memorata
964 1134 1121 1198 sunt,
1155 1130 1389 1199 penitus
1422 1127 1661 1198 exigere
1681 1128 2002 1195 presumat.
2024 1123 2141 1177 Sed

474 1222 648 1277 liceat
676 1223 996 1276 memorato
1030 1217 1254 1289 presuli
1286 1217 1533 1285 suisque
1557 1212 2019 1268 successoribus
2041 1227 2139 1266 res

476 1311 757 1382 predictaa
776 1307 1089 1375 aacclesiae,
1107 1321 1240 1359 cum
1264 1303 1495 1358 cellulis
1519 1308 1574 1356 et
1605 1303 1787 1356 rebus
1818 1301 1914 1355 vel
1944 1300 2137 1355 homi-

474 1399 652 1453 nibus
671 1398 788 1452 sibi
815 1396 1087 1467 legaliter
1106 1392 1419 1464 subjectis,
1446 1392 1559 1445 sub
1592 1390 1974 1444 immunitatis
2006 1404 2139 1443 nos-

468 1491 575 1541 trae
606 1485 954 1540 defensione
995 1484 1191 1554 quieto
1234 1481 1439 1535 ordine
1479 1480 1811 1549 possidere,
1847 1480 1903 1531 et
1930 1481 2134 1532 nostro

469 1576 722 1630 ﬁdeliter
749 1588 959 1643 parere
989 1571 1259 1640 imperio,
1293 1573 1466 1640 atque
1504 1584 1613 1638 pro
1645 1567 1957 1621 stabilitate
1988 1582 2132 1619 nos-

466 1667 557 1718 tra
586 1664 679 1717 vel
710 1662 891 1716 totius
921 1659 1149 1728 imperii
1195 1674 1229 1711 a
1269 1658 1390 1711 Deo
1432 1657 1605 1711 nobis
1636 1655 1830 1709 collati
1861 1656 1954 1708 vel
1988 1670 2132 1708 con-

469 1750 746 1807 servandi
778 1765 895 1803 una
926 1762 1059 1801 cum
1089 1747 1247 1800 clero
1280 1749 1335 1799 et
1364 1744 1581 1815 populo
1615 1744 1731 1797 sibi
1764 1742 2036 1812 subjecto
2067 1743 2134 1795 li-

466 1839 609 1894 bere
635 1838 742 1892 Dei
758 1835 1228 1891 misericordiam
1245 1848 1516 1888 exorare.
1538 1832 1607 1886 Et
1624 1831 1903 1902 quicquid
1923 1830 2133 1885 exinde

423 1945 435 1955 δ
469 1928 660 1982 ﬁscus
681 1929 887 1981 noster
908 1925 1149 1995 exigere
1167 1926 1412 1992 poterat,
1438 1923 1495 1974 in
1519 1921 1908 1975 luminaribus
1939 1921 2133 1989 ipsius

470 2017 764 2071 aacclesiae
814 2012 1217 2069 concinnanda
1261 2009 1679 2080 perpetualiter
1717 2009 2129 2063 concessimus

466 2105 539 2159 ad
570 2104 925 2159 habendum.
962 2101 1215 2169 Insuper
1253 2102 1458 2153 nostra
1496 2097 1807 2169 largitione
1849 2096 2127 2150 concedi-

464 2210 599 2249 mus
629 2191 857 2263 prefato
891 2189 1172 2259 episc0po
1202 2192 1257 2241 et
1296 2186 1759 2240 successoribus
1792 2184 1925 2255 ejus
1955 2199 2127 2238 omne

463 2282 760 2337 teloneum
792 2295 924 2333 cum
955 2280 1187 2330 moneta
1217 2275 1473 2329 civitatis
1506 2290 1632 2328 suae
1655 2273 2125 2341 Cameracensis,

466 2387 536 2425 eo
566 2368 841 2422 videlicet
870 2371 1095 2435 tenore,
1139 2367 1201 2418 ut
1239 2380 1450 2417 novem
1480 2365 1680 2432 partes
1712 2362 2127 2431 episcoporum

466 2459 678 2512 usibus
709 2457 1078 2525 deputentur,
1113 2452 1338 2506 decima
1370 2467 1512 2504 vero
1544 2467 1685 2520 pars
1716 2450 1787 2502 ad
1822 2466 1970 2503 usus
2005 2449 2126 2502 fra-

462 2549 618 2601 trum
650 2544 921 2615 ejusdem
953 2540 1436 2611 congregationis
1465 2538 1887 2608 perpetualiter
1914 2540 1978 2590 in
2010 2538 2123 2591 ele-

2161 1618 2214 1679 Β

2256 687 2519 744 daburch
2532 683 2822 739 vocabulo
2837 680 3070 735 struxit.
3089 677 3195 733 Cui
3213 694 3345 732 cum
3360 678 3432 732 ab
3467 679 3741 749 episcopis
3753 681 3855 734 suis

2252 778 2431 833 multa
2463 779 2805 829 sanctorum
2836 771 3081 842 pignera
3114 769 3524 838 impetrasset,
3570 768 3859 824 Fulbertum

2251 868 2596 937 episcopum
2613 868 2953 919 sanctorum
2971 858 3286 930 Gaugerici
3298 857 3573 913 videlicet
3615 860 3758 930 atque
3771 859 3866 912 Au-

2249 956 2399 1010 berti
2424 970 2674 1024 corpora
2692 951 2809 1006 sibi
2826 950 2951 1004 dari
2972 947 3318 1017 postulavit;
3341 947 3728 1001 felicissimam
3743 962 3862 1000 sane

2249 1044 2570 1098 arbitratus
2603 1057 2771 1096 suam
2804 1041 2929 1093 fore
2951 1036 3344 1106 metropolim,
3374 1036 3427 1089 si
3447 1037 3718 1089 tantorum
3741 1051 3861 1090 con-

2246 1131 2548 1186 fessorum
2579 1128 2922 1200 patrociniis
2947 1126 3272 1181 fulciretur.
3308 1123 3506 1195 Hujus
3529 1139 3665 1178 vero
3683 1125 3867 1195 petitio-

2246 1235 2382 1274 nem
2407 1219 2730 1290 episcopus
2758 1216 3055 1271 declinare
3076 1213 3422 1281 formidans,
3444 1212 3666 1267 incerto
3685 1212 3829 1267 haesit
3852 1229 3865 1282 ;

2248 1309 2355 1362 sed
2377 1311 2570 1362 tamen
2592 1305 2921 1374 beneﬁciis,
2947 1320 3078 1374 quae
3100 1302 3281 1356 multa
3308 1301 3432 1373 jam
3463 1302 3517 1354 ei
3547 1301 3864 1371 prestiterat,

2244 1399 2307 1450 ut
2337 1396 2617 1465 diximus,
2651 1411 2724 1449 ne
2756 1392 2830 1434 137
2863 1392 3167 1446 videretur
3182 1392 3473 1461 ingratus,
3495 1405 3622 1444 suae
3640 1390 3864 1459 petitioni

2244 1482 2515 1538 effectum
2545 1484 2836 1555 promisit.
2870 1482 2993 1546 Qua
3027 1481 3086 1534 in
3113 1495 3178 1534 re
3208 1478 3411 1549 presul
3440 1478 3682 1546 anxius,
3710 1478 3761 1532 in
3787 1478 3871 1532 di-

2242 1587 2419 1627 versa
2460 1576 2626 1642 parte
2672 1571 2930 1626 animum
2968 1568 3281 1637 ancipitem
3323 1567 3539 1631 ﬂectit;
3572 1566 3866 1638 vidensque

2243 1661 2645 1715 difﬁcultatem
2677 1659 2920 1731 negotii,
2947 1658 3075 1712 sive
3108 1657 3285 1712 donet
3305 1656 3434 1710 sive
3457 1658 3651 1727 neget,
3673 1659 3870 1709 utrum-

2241 1765 2355 1820 que
2387 1749 2503 1803 sibi
2544 1749 2670 1804 fore
2709 1747 3114 1820 periculosum
3143 1744 3411 1799 advertit.
3446 1743 3507 1798 Si
3539 1743 3687 1798 enim
3716 1747 3874 1814 neget

2240 1838 2620 1907 imperatoris
2650 1836 3048 1892 benivolentia
3080 1833 3370 1889 offensum
3390 1833 3462 1886 iri
3490 1850 3503 1898 ;
3538 1832 3589 1885 si
3621 1847 3747 1885 vero
3775 1832 3875 1886 do-

2237 1931 2365 1996 net,
2400 1943 2526 1981 suae
2557 1926 2883 1995 provinciae
2914 1924 3167 1978 futuram
3199 1920 3547 1992 perniciem,
3591 1922 3771 1991 utpote
3797 1920 3877 1973 vi-

2236 2016 2427 2069 duatae
2460 2014 2746 2085 patronis,
2780 2029 2890 2084 per
2920 2028 3072 2083 quos
3102 2014 3158 2066 et
3174 2010 3558 2080 temporalem
3582 2009 3776 2063 meruit
3796 2025 3879 2063 sa-

2230 2101 2410 2156 lutem
2442 2108 2498 2157 et
2531 2103 2812 2157 celestem
2863 2104 3064 2171 sperat
3105 2098 3548 2155 beatitudinem.
3583 2098 3729 2152 Inter
3754 2097 3875 2152 haec

2231 2191 2459 2245 medius
2493 2191 2776 2261 pontifex,
2810 2190 3044 2245 tandem
3075 2188 3190 2242 sibi
3222 2187 3465 2257 provida
3497 2186 3715 2240 ratione
3743 2201 3879 2239 con-

2230 2279 2433 2346 suluit,
2467 2280 2793 2349 paucisque
2824 2293 3067 2332 suorum
3099 2276 3317 2347 quibus
3360 2279 3590 2329 secreta
3619 2274 3879 2328 credebat

2229 2366 2530 2436 abhibitis,
2559 2368 2708 2420 clam
2728 2367 2981 2420 duorum
3005 2365 3381 2419 sacerdotum
3412 2378 3679 2432 corpora,
3702 2364 3882 2417 sancti

2226 2455 2502 2509 videlicet
2531 2455 2837 2511 Teoderici
2872 2453 3156 2523 episcopi,
3193 2452 3406 2523 de,quo
3434 2467 3613 2521 supra
3642 2451 3886 2505 diximus

2228 2544 2302 2613 (c.
2347 2542 2458 2613 49),
2502 2548 2560 2598 et
2599 2544 2844 2598 alterius
2889 2543 3065 2612 cujus
3097 2558 3308 2595 nomen
3344 2540 3561 2595 excidit
3591 2538 3751 2609 (16⁸7),
3781 2539 3886 2594 de-

463 2634 695 2688 mosina
728 2635 928 2685 nostra
957 2630 1242 2698 proﬁciat.
1281 2630 1571 2682 Praeterea
1592 2627 2025 2694 constituimus,
2052 2640 2124 2679 ne
2154 2663 2203 2724 C
2229 2634 2403 2685 tectis
2427 2632 2765 2702 sepulchris
2786 2632 3012 2702 accepit
3038 2650 3051 2697 ;
3088 2629 3441 2700 feretris,un
3464 2627 3779 2682 honoriﬁce
3802 2628 3887 2681 in-

464 2724 599 2794 quis
630 2722 750 2775 dux
775 2720 867 2773 vel
900 2733 1101 2772 comes
1119 2720 1292 2786 atque
1317 2716 1575 2770 vicarius
1608 2730 1715 2769 seu
1748 2715 2029 2785 quislibet
2051 2730 2124 2768 ex
2161 2715 2199 2724 '
2231 2720 2448 2784 voluta,
2474 2736 2605 2773 cum
2628 2720 2850 2790 aliquot
2881 2720 3055 2773 etiam
3087 2718 3350 2772 articulis
3379 2717 3573 2770 sancti
3602 2716 3886 2785 Autberti,

450 2809 771 2882 judiciaria
795 2809 1083 2877 potestate
1108 2810 1372 2858 nostram
1388 2803 1482 2858 vel
1505 2807 1951 2857 antecessorum
1976 2818 2121 2856 nos-

459 2898 685 2953 trorum
715 2910 924 2967 regum
956 2894 1177 2947 violare
1198 2896 1503 2963 presumat
1528 2892 2004 2946 constitutionem
2022 2888 2120 2944 1'23.

458 2985 624 3051 Quod
654 2985 709 3039 si
741 2984 965 3051 fecerit,
1012 2984 1212 3036 causis
1254 2980 1558 3051 regalibus
1600 2980 1677 3034 sit
1717 2980 2032 3047 obnoxius,
2066 2982 2124 3033 et

457 3073 705 3143 insuper
734 3073 943 3126 solidis
977 3070 1277 3124 sexcentis
1319 3068 1630 3138 culpabilis
1654 3067 1997 3138 judicetur;
2029 3067 2120 3119 vi-

457 3162 670 3216 delicet
702 3163 762 3214 ut
791 3161 922 3213 duae
955 3162 1154 3229 partes
1186 3158 1243 3211 in
1275 3156 1581 3210 archivum
1603 3157 1793 3225 ipsius
1824 3156 2118 3210 mcclesiae

455 3250 853 3316 admittantur,
898 3252 954 3301 et
993 3248 1227 3300 tertiam
1265 3246 1450 3300 fiscus
1482 3244 1703 3315 regalis
1737 3248 1941 3297 noster
1969 3244 2117 3297 reci-

453 3339 601 3407 piat;
649 3340 710 3390 ut
759 3337 957 3390 nullus
1009 3336 1121 3389 tale
1169 3335 1309 3405 quid
1341 3334 1557 3387 audere
1590 3334 1869 3400 deinceps
1902 3348 2115 3401 presu-

451 3428 590 3478 mat.
623 3425 790 3488 Quod
821 3425 898 3477 ita
940 3426 996 3475 et
1035 3439 1146 3476 nos
1186 3437 1292 3490 per
1322 3422 1473 3474 hanc
1502 3424 1763 3474 nostram
1796 3420 2114 3474 auctorita-

453 3517 571 3567 tem
603 3511 1042 3577 conﬁrmamus,
1077 3514 1138 3564 ut
1169 3512 1321 3563 sicut
1350 3526 1382 3562 a
1414 3510 1598 3563 beataa
1622 3509 1920 3562 memoria
1952 3510 2110 3562 ante-

454 3616 702 3656 cessore
742 3602 948 3654 nostro
987 3599 1266 3669 predictae
1310 3597 1601 3651 recclesia)
1634 3596 1908 3650 collatum
1938 3600 2111 3665 atque

451 3688 745 3744 ﬁrmatum
776 3694 886 3751 est,
920 3688 996 3740 ita
1027 3687 1306 3756 deinceps
1339 3684 1754 3739 inviolabiliter
1786 3698 2108 3738 conserve-

449 3781 561 3832 tur.
595 3776 668 3830 Et
694 3780 756 3831 ut
787 3776 916 3829 haec
948 3779 1151 3829 nostra
1181 3774 1495 3827 auctoritas
1517 3789 1548 3826 a
1580 3772 1855 3826 ﬁdelibus
1887 3776 2109 3826 sanetae

452 3866 557 3919 Dei
588 3865 879 3919 aecclesiae
902 3868 959 3917 et
978 3863 1203 3917 nostris
1228 3863 1428 3916 verius
1454 3862 1790 3930 certiusque
1814 3861 2104 3928 credatur,

446 3969 624 4008 manu
640 3953 877 4024 propria
896 3952 1126 4005 subiter
1144 3966 1271 4005 eam
1289 3950 1677 4018 ﬁrmavimus,
1699 3953 1754 4003 et
1772 3949 1945 4002 anulo
1965 3964 2107 4001 nos-

444 4047 537 4097 tro
556 4042 853 4113 jussimus
877 4039 1187 4111 insignari.
1213 4039 1459 4110 Signum
1476 4038 1704 4091 Ottonis
1735 4037 2107 4091 serenissimi

446 4131 631 4203 regis.
656 4131 854 4184 Bruno
879 4129 1268 4184 cancellarius
1291 4127 1365 4181 ad
1388 4127 1579 4181 vicem
1614 4125 1876 4180 Rotberti
1909 4122 1987 4165 124
2013 4142 2105 4179 ar-

388 4282 392 4293 ,
442 4219 830 4290 chicapellani
863 4217 1185 4289 recognovi
1217 4213 1314 4270 125.
1340 4218 1509 4270 Anno
1531 4216 1866 4286 firegnantc
1895 4213 2103 4269 Ottone

440 4309 830 4363 serenissimo
864 4322 1004 4378 rege
1036 4309 1151 4375 (an.
1185 4303 1331 4373 940).
1367 4306 1577 4359 Actum
1609 4307 1701 4358 est
1741 4302 2100 4374 Ingeleheim

437 4394 516 4438 126
544 4398 604 4451 in
634 4398 738 4450 Dei
771 4396 1004 4449 nomine
1036 4396 1304 4449 feliciter.
1339 4394 1546 4447 Amen.
1587 4417 1608 4441 η

506 4485 617 4559 ['78.
650 4484 784 4553 ('77.)
812 4483 973 4549 Quod
987 4485 1221 4554 petenti
1251 4483 1387 4553 regi
1418 4486 1681 4536 sanctum
1707 4480 2096 4551 Gaugericum

435 4582 495 4631 et
512 4579 777 4630 sanctum
791 4573 840 4626 A
852 4572 1152 4625 ntbertum
1174 4572 1479 4641 episcopus
1495 4574 1757 4624 sanetum
1784 4567 2096 4622 Theoderi-

434 4681 561 4720 cum
593 4668 651 4718 et
681 4661 787 4716 alii
820 4662 936 4715 viri
963 4675 1176 4731 corpus
1203 4658 1447 4713 contulit
1474 4661 1498 4726 (
1514 4657 1572 4711 V.
1596 4658 1807 4725 Anth.)
1824 4655 1954 4710 Otto
1981 4655 2093 4710 iste

431 4754 734 4822 gloriosus
748 4751 1024 4820 princeps
1044 4764 1113 4803 eo
1132 4751 1393 4817 tempore
1414 4746 1568 4800 circa
1587 4745 2008 4799 instructiones
2023 4761 2091 4799 ac

429 4842 896 4894 restaurationes
928 4837 1335 4892 aecclesiarum
1365 4835 1756 4889 exercebatur
1777 4834 2087 4903 attentior;

424 4926 665 4998 jamque
679 4928 1149 4998 quattuordecim
1162 4924 1513 4994 pontiﬁcalis
1528 4923 1978 4995 magniﬁcentiae
1993 4938 2087 4976 se-

2217 2809 2569 2877 imperatori
2599 2807 2944 2879 concessit.]
2974 2807 3138 2871 Quod
3172 2807 3223 2860 si
3255 2808 3389 2878 quis
3412 2805 3588 2860 latius
3610 2806 3764 2859 scire
3786 2804 3891 2859 de-

2226 2897 2467 2965 siderat,
2502 2896 2716 2950 ]ibrum
2747 2913 2920 2967 quem
2956 2896 3274 2949 Fulberths
3296 2895 3503 2948 doctor
3532 2894 3890 2949 karissimus

2224 2984 2295 3038 de
2328 2985 2444 3037 vita
2475 2985 2667 3039 sancti
2699 2984 2962 3039 Autberti
2991 3026 3004 3051 ,
3044 2983 3294 3054 jubente
3343 2983 3556 3036 domno
3607 2984 3890 3053 episcopo

2224 3072 2512 3141 Gerardo,
2542 3073 2935 3142 inscripserit,
2968 3072 3144 3143 legat.
3178 3072 3303 3125 Hoc
3322 3074 3515 3125 autem
3534 3073 3759 3142 absque
3782 3071 3891 3126 Dei

2223 3160 2314 3228 pia
2349 3161 2739 3230 dispositione
2780 3160 3109 3231 contigisse
3150 3176 3265 3214 non
3307 3160 3517 3227 dicam,
3552 3176 3683 3213 cum
3716 3160 3896 3214 etiam

2222 3249 2432 3303 beatus
2462 3250 2555 3302 vir
2585 3249 2815 3303 Domini
2849 3249 3253 3303 Theodericus
3285 3248 3436 3302 hanc
3467 3250 3897 3303 remuneratio-

2224 3352 2356 3390 nem
2378 3354 2408 3390 a
2428 3337 2674 3392 Domino
2697 3341 2754 3391 et
2772 3338 3209 3391 venerationem
3233 3353 3265 3390 a
3287 3336 3503 3407 populo
3540 3340 3896 3409 mereretur,

2222 3428 2278 3477 et
2294 3440 2366 3479 ne
2390 3428 2591 3479 nostra
2614 3424 2918 3494 provincia
2936 3425 3065 3478 suis
3084 3424 3502 3479 defensoribus
3521 3426 3898 3495 privaretur;

2221 3528 2373 3582 quos
2395 3513 2565 3567 etiam
2590 3513 2639 3565 si
2666 3513 3000 3567 subducere
3023 3513 3217 3582 vellet,
3252 3513 3440 3567 fateor
3461 3513 3698 3584 quidem
3724 3514 3899 3568 nullo

2222 3600 2394 3654 modo
2427 3603 2652 3670 posset.
2686 3600 2868 3665 Quem
2909 3601 3063 3655 enim
3105 3616 3350 3655 sensum
3380 3602 3544 3656 cives
3576 3601 3904 3657 habituros

2221 3688 2564 3757 existimas,
2620 3690 2670 3741 si
2716 3689 3065 3743 advocatum
3104 3705 3277 3744 suum
3310 3690 3709 3761 Gaugericum
3740 3691 3909 3761 eripi

2221 3777 2335 3830 sibi
2367 3780 2704 3845 cernerent,
2738 3792 2844 3846 per
2890 3793 3064 3847 quem
3112 3777 3251 3831 felix
3284 3777 3493 3831 civitas
3524 3776 3908 3833 Cameracus

2217 3864 2466 3919 feliciter
2496 3864 2802 3933 illustrata,
2836 3881 3047 3919 nomen
3079 3881 3253 3919 suum
3282 3867 3630 3936 propagavit
3661 3866 3909 3937 ubique

2213 3953 2476 4023 gentium
2498 3954 2526 4006 ἱ)
2560 3952 2740 4006 Immo
2771 3968 2843 4007 ne
2873 3952 2987 4028 ipsi
3019 3952 3255 4024 quidem
3287 3953 3646 4023 imperatori,
3674 3954 3905 4025 credo,

2212 4041 2333 4094 vivi
2366 4041 2662 4095 cederent.

2280 4127 2390 4201 ['79.
2424 4127 2560 4198 (78.)
2587 4130 2748 4194 Quod
2768 4146 2830 4183 1n
2851 4129 3061 4185 sinodo
3081 4130 3234 4201 apud
3253 4130 3676 4202 anulenbein
3703 4133 3915 4186 testi-

2205 4218 2399 4273 monio
2431 4223 2490 4271 et
2520 4217 2742 4273 auxilio
2780 4217 3059 4273 Fulberti
3085 4218 3378 4274 Artoldus
3412 4219 3800 4290 restituitur,
3845 4227 3916 4276 et

2203 4306 2375 4378 Hugo
2403 4306 2726 4377 expellitur
2756 4306 2957 4376 (FLon.
2992 4324 3070 4377 1v,
3101 4307 3214 4377 35).
3249 4308 3418 4378 Apud
3456 4307 3914 4379 Engulenhein

2203 4393 2414 4448 sinodo
2438 4399 2818 4466 congregatae
2840 4411 3038 4450 coram
3062 4397 3350 4450 ambobus
3374 4396 3646 4468 regibus,
3665 4395 3921 4453 Ottone

2199 4481 2475 4535 videlicet
2489 4485 2544 4535 et
2558 4483 2905 4553 Luduwico,
2923 4499 3055 4538 cum
3069 4484 3294 4539 Marino
3312 4485 3592 4539 Romanae
3612 4486 3804 4541 sedis
3820 4487 3927 4541 vi-

2199 4586 2264 4624 ca
2273 4569 2356 4624 rio
2370 4585 2602 4641 unaque
2616 4571 2787 4625 etiam
2802 4588 2935 4626 cum
2949 4573 3146 4627 multis
3163 4574 3535 4643 coepiscopis
3549 4573 3874 4631 Fulbertu
3886 4594 3929 4632 s

2196 4657 2459 4712 interfuit
2482 4659 2598 4727 (an.
2622 4659 2779 4729 948);
2804 4660 2907 4715 ubi
2923 4660 3115 4716 series
3138 4662 3258 4717 litis
3280 4678 3385 4731 pro
3410 4662 3726 4733 episcopio
3768 4664 3932 4720 Re-

2196 4747 2488 4801 mensium
2509 4748 2662 4801 inter
2684 4748 2991 4803 Artoldum
3013 4753 3067 4803 et
3094 4748 3404 4821 Hugonem
3444 4750 3737 4806 ventilata
3775 4755 3931 4809 est.

2196 4835 2309 4890 Ubi
2328 4851 2469 4889 vero
2485 4836 2759 4905 cumipse
2773 4837 3074 4907 Artoldus,
3092 4839 3337 4893 absente
3351 4839 3588 4910 quidem
3611 4838 3931 4912 Hugone

2193 4924 2424 4992 aemulo,
2460 4940 2656 4978 coram
2685 4926 2931 4996 regibus
2965 4929 3020 4981 et
3041 4927 3318 4983 omnibus
3340 4928 3439 4998 qui
3466 4927 3730 4983 aderant
3760 4945 3935 4985 sum

1722 5111 2015 5174 VARl/E
2062 5110 2552 5177 LECTIONES.

492 5295 572 5338 123
601 5296 769 5351 deest
803 5297 853 5366 l,
894 5296 947 5350 3.
991 5294 1068 5337 1⁵24
1100 5267 1423 5367 Ruodperti
1464 5294 1669 5349 charta
1698 5290 1966 5367 inrigetis”)
1989 5293 2251 5366 posthaec
2282 5296 2488 5350 charta
2521 5295 2851 5366 originaria
2882 5302 3035 5354 teste
3069 5298 3423 5357 Colvenerio
3454 5297 3633 5358 habet
3672 5323 3695 5357 :
3738 5298 3951 5359 Data

422 5369 501 5422 III
532 5367 658 5421 Kal.
692 5368 870 5433 Junii,
908 5383 1072 5441 anno,
1092 5373 1282 5441 autem
1317 5368 1388 5441 ab
1422 5366 1824 5441 incarnatione
1854 5366 2085 5441 Domini
2119 5368 2571 5441 nongentesimo
2592 5368 2710 5441 _X_l_i
2733 5408 2761 5441 ,_
2783 5369 3099 5441 indictione
3143 5372 3273 5425 XIII
3300 5415 3313 5441 ,

3397 5391 3481 5428 uae
3513 5379 3746 5428 noster
3800 5381 3957 5429 mi-

417 5456 529 5493 nus
559 5444 871 5493 accuratus
900 5439 1117 5492 omisit.
1154 5439 1278 5492 Sed
1306 5440 1366 5491 in
1398 5438 1496 5491 die
1528 5453 1795 5491 errorem
1839 5438 2040 5491 inesse
2080 5443 2327 5508 oportet.
2370 5438 2521 5492 Nam
2566 5438 2604 5492 4
2646 5437 2775 5493 Kal.
2802 5440 2942 5508 Jun.
2985 5440 3119 5496 Otto
3147 5437 3568 5499 duas'cbartas
3597 5444 3811 5501 dedit
3856 5447 3954 5501 in

416 5511 666 5566 civitate
696 5509 893 5579 Salze,
931 5523 1111 5580 quare
1146 5509 1243 5564 die
1272 5509 1546 5580 sequenti
1577 5524 1690 5562 non
1712 5508 1906 5579 potuit
1935 5508 2087 5578 apud
2113 5507 2445 5579 'Ingellieim
2481 5510 2735 5565 versari.
2766 5507 2845 5552 ηδ
2873 5512 3068 5585 ingele
3102 5512 3154 5568 1.
3186 5511 3262 5555 ¹²⁷
3296 5515 3467 5571 deest
3499 5515 3549 5570 1.

2018 5674 2294 5741 NOTAE.

479 5842 637 5940 (167)
664 5863 929 5940 Rotradi,
962 5862 1294 5922 secundum
1325 5858 1640 5918 Molanum.
1675 5857 1864 5917 Natal.
1896 5857 2002 5917 SS.
2034 5856 2245 5935 Belgii,
2276 5861 2311 5917 5
2338 5862 2494 5939 Aug.
