4106 6184
264 219 335 283 8t
1654 212 1913 275 LIBER
1964 212 2314 277 PRIMUS.
3638 215 3717 280 82

261 416 707 472 reclamationis
766 413 1044 486 querelas
1095 414 1462 483 protulisset,
1518 414 1933 485 introgressus
1961 394 2019 456 Α
2048 416 2140 467 ter
2161 414 2375 469 civium
2408 414 2863 484 repugnantium
2904 415 3267 471 ferocitatem
3304 421 3478 488 atque
3499 418 3707 474 inobe-

260 506 505 577 quidam
522 503 904 576 Sigebaldus,
930 503 1209 573 premissi
1242 502 1515 574 Hugonis
1538 503 1813 571 clericus,
1854 506 1937 556 at-

258 595 657 663 tulitlitteras,
682 608 833 663 quas
855 593 1038 646 Roma
1060 592 1366 658 detulerat,
1392 606 1660 661 quasque
1703 590 1829 661 jam
1877 591 1934 644 in

260 682 374 736 alia
398 682 611 737 sinodo
636 681 885 735 Mosomi
906 681 1320 750 propalaverat
1337 695 1351 749 ;
1370 695 1656 734 asserens
1693 680 1932 733 easdem

254 770 490 825 litteras
511 771 630 825 sibi
645 771 848 824 Romae
865 770 939 823 ab
960 769 1090 839 ipso
1114 768 1211 839 qui
1237 768 1436 823 aderat
1456 768 1683 821 Marino
1705 768 1930 821 vicario

256 859 449 913 datas.
469 858 581 923 Qui
600 860 854 913 domnus
870 854 1228 928 precepit128
1267 872 1369 911 eas
1393 872 1591 911 coram
1613 857 1821 910 sinodo
1843 872 1937 909 re-

256 948 447 1001 citari.
492 947 561 1001 In
601 963 850 1018 quarum
892 947 1233 1001 recitatione
1271 950 1565 1014 repertum
1608 948 1718 1012 est,
1758 946 1932 1015 prout

252 1037 400 1107 ipsa
418 1036 636 1092 litterae
658 1036 1012 1103 fatebantur,
1032 1034 1189 1105 quod
1208 1032 1387 1087 Wido
1416 1033 1736 1104 episcopus
1758 1032 1931 1087 Sues-

252 1125 525 1192 sonicus,
548 1124 934 1195 Hildegarius
958 1138 1193 1195 quoque
1225 1122 1595 1191 Belvaencis,
1632 1121 1926 1176 Rodulfus

253 1213 683 1267 Laudunensis
705 1255 720 1281 ,
754 1213 1071 1267 Fulbertus
1110 1211 1584 1278 Cameracensis,
1628 1212 1925 1281 ceterique

251 1302 453 1355 cuncti
465 1302 793 1356 Remensis
807 1302 1118 1356 dioceseos
1133 1300 1418 1372 episcopi,
1438 1300 1674 1355 easdem
1694 1299 1885 1354 littera
1896 1316 1926 1353 s

246 1391 316 1444 ad
340 1390 554 1444 sedem
577 1389 985 1462 delegaverint
998 1390 1380 1460 apostolicam
1399 1406 1506 1460 pro
1541 1390 1923 1443 restauratio-

246 1494 317 1533 ne
345 1479 592 1551 Hugoni
620 1480 680 1533 in
710 1480 851 1533 sede
876 1478 1157 1533 Remensi
1195 1482 1252 1533 et
1282 1477 1633 1549 expulsione
1670 1477 1916 1531 Artoldi.

243 1568 384 1621 Post
394 1584 658 1638 quarum
672 1568 983 1622 lectionem
996 1582 1299 1640 exurgens
1314 1567 1631 1621 Fulbcrtus
1645 1583 1780 1620 cum
1793 1582 1920 1636 pre-

242 1656 376 1709 fatis
391 1657 999 1727 ceterispresulibus,
1024 1657 1124 1727 qui
1148 1658 1204 1710 in
1238 1656 1464 1710 eisdem
1482 1656 1695 1710 litteris
1732 1656 1913 1709 nomi-

241 1744 560 1815 nabantur,
583 1746 928 1800 easlitteras
946 1745 1237 1814 re‘futavit,
1257 1750 1533 1799 astruens
1551 1745 1785 1815 quippe,
1811 1760 1913 1797 eas

2049 501 2383 569 didentiam,
2411 503 2562 556 inter
2584 519 2649 556 se
2684 503 2946 557 difficilis
2983 505 3280 559 oriebatur
3319 507 3562 574 seditio;
3603 508 3705 561 ali-

2044 592 2275 661 quando
2292 607 2433 645 vero
2447 592 2725 646 intererat
2742 592 3132 662 implacabilis
3152 597 3523 665 congressio.
3539 595 3706 660 Quod

2043 682 2236 733 autem
2255 683 2445 733 tantas
2485 680 2892 735 infestationes
2934 682 3161 750 edebat,
3198 684 3349 752 quod
3380 686 3572 739 tantas
3611 688 3706 740 in-

2041 768 2415 838 quietudines
2438 769 2755 839 irrogabat,
2781 770 2891 823 hoc
2906 770 3184 824 nimirum
3207 787 3323 825 non
3361 773 3558 841 potius
3581 775 3703 844 epi-

2041 857 2227 926 scopi,
2263 873 2437 928 quam
2473 857 2805 912 insolentiis
2833 874 3078 913 suorum
3118 859 3334 914 civium
3372 875 3711 929 possumus

2038 946 2349 1015 imputare,
2376 962 2526 1016 quos
2567 962 2805 1016 semper
2826 963 2929 1016 pre
2949 947 3252 1003 ferocitate
3288 948 3696 1004 inobedientes

2039 1035 2314 1087 omnibus
2354 1035 2481 1088 suis
2517 1036 2817 1105 episcopis
2849 1036 3181 1091 audivimus
3218 1040 3391 1108 atque
3440 1037 3698 1093 rebelles

2038 1122 2316 1176 existere.

2107 1211 2194 1265 81.
2219 1210 2356 1280 (80.)
2382 1212 2497 1265 Ubi
2503 1213 2834 1283 principum
2855 1218 3111 1283 terrore,
3134 1231 3275 1286 quos
3295 1231 3492 1270 secum
3515 1216 3698 1271 addu-

2036 1299 2224 1364 cebat,
2248 1300 2415 1354 cives
2435 1300 2730 1354 Immihati
2752 1303 3079 1372 episcopum
3108 1310 3510 1374 receperunt..
3542 1302 3696 1368 Quo-

2034 1387 2166 1441 dam
2185 1405 2327 1442 vcro
2352 1392 2632 1459 tempore,
2675 1406 2803 1443 cum
2827 1391 2885 1443 in
2908 1390 3275 1445 Germaniam
3312 1396 3555 1462 propter
3584 1393 3695 1448 ob-

2032 1478 2304 1547 sequium
2321 1479 2564 1533 czesaris
2579 1480 2883 1547 profectus
2901 1480 3238 1550 aliquandiu
3256 1484 3587 1535 moraretur
3612 1482 3694 1536 in-

2028 1566 2199 1620 terim
2218 1567 2381 1620 cives
2396 1583 2507 1619 una
2531 1567 2851 1638 eademque
2888 1569 3183 1623 voluntate
3228 1570 3478 1638 collecti,
3502 1570 3689 1625 facta-

2028 1670 2141 1725 que
2168 1656 2521 1708 unanimiter
2557 1657 3015 1725 conspiratione,
3060 1658 3202 1710 adco
3240 1660 3377 1712 sunt
3414 1659 3567 1713 inter
3620 1675 3686 1713 se

2028 1744 2352 1810 constricti,
2378 1746 2437 1797 ut
2452 1745 2784 1812 pontificem
2802 1760 3183 1799 reversurum
3207 1750 3420 1817 negato
3449 1747 3682 1818 ingres-

238 1836 406 1887 antea
429 1850 743 1904 nunquam
762 1849 829 1888 se
851 1835 1080 1888 vidisse
1104 1834 1194 1888 vel
1214 1834 1477 1903 audisse,
1504 1850 1695 1906 neque
1739 1833 1797 1887 in
1817 1849 1907 1887 ea-
1941 1839 1996 1903 Β
2028 1848 2098 1886 su
2118 1833 2188 1886 ab
2222 1834 2367 1886 urbe
2387 1832 2785 1887 excluderent.
2804 1832 2914 1898 Qui
2939 1850 3068 1887 cum
3101 1835 3350 1903 expletis
3376 1836 3558 1889 rebus
3583 1852 3684 1890 se-

236 1938 363 1975 rum
403 1922 788 1992 delegatione
830 1938 1191 1977 consensum
1229 1923 1565 1993 prebuisse.
1613 1920 1721 1975 Cui
1774 1922 1913 1976 dum

235 2010 387 2064 idem
406 2011 679 2065 clericus
700 2012 993 2065 contraire
1017 2027 1134 2066 non
1157 2015 1382 2082 posset,
1420 2012 1557 2065 licet
1593 2012 1650 2064 in
1683 2027 1787 2065 eos
1811 2027 1911 2065 ca-

234 2099 480 2154 lumniis
505 2100 888 2171 obstrepens,
921 2101 1187 2171 precepit
1206 2102 1461 2155 domnus
1480 2101 1743 2155 Marinus
1769 2117 1910 2171 sug-

234 2204 454 2258 gerens
475 2190 780 2244 universm
798 2190 1031 2258 sinodo,
1053 2196 1112 2244 ut
1133 2190 1249 2245 sibi
1271 2190 1585 2244 consilium
1608 2195 1661 2244 et
1684 2195 1908 2243 rectum

224 2276 518 2346 judicium
540 2278 883 2348 proferrent
904 2294 1087 2348 super
1107 2278 1448 2350 hujusmodi
1485 2279 1905 2332 calumniatore

229 2369 282 2419 et
301 2367 738 2421 calumniarum
760 2367 819 2421 in
847 2369 1165 2437 episcopos
1202 2368 1484 2421 delatore.
1523 2367 1592 2421 At
1616 2367 1719 2433 illi,
1752 2370 1906 2436 post-

229 2454 653 2524 quamdelator
673 2456 908 2524 publice
933 2457 1268 2510 confutatus
1305 2460 1396 2510 est
1427 2456 1575 2509 falsa
1616 2456 1903 2510 detulisse

229 2541 392 2596 lectis
408 2544 694 2613 capitulis
710 2544 781 2598 de
804 2544 1057 2616 hujusce
1074 2544 1619 2613 calumniatoribus,
1634 2544 1907 2615 judicent

229 2634 278 2683 et
292 2632 655 2686 unanimiter
668 2637 934 2701 censent,
955 2649 1087 2688 eum
1102 2650 1216 2704 quo
1232 2634 1776 2688 fruebaturhonore
1790 2633 1905 2701 pri-

230 2720 351 2772 vari
380 2713 613 2775 debé’re
654 2738 723 2776 ac
759 2722 1086 2776 secundum
1119 2724 1507 2793 capitulorum
1544 2726 1806 2777 tenorem
1840 2722 1899 2775 in

228 2808 465 2863 exilium
490 2812 740 2865 retrudi.
774 2811 1130 2866 Diaconatus
1171 2812 1350 2884 igitur
1386 2829 1501 2883 quo
1540 2800 1899 2884 fungebatur

226 2897 554 2954 ministerio
578 2902 882 2972 multatus,
920 2918 951 2954 a
973 2906 1293 2972 conspectu
1322 2903 1517 2956 sinodi
1539 2902 1894 2972 reprobatus

2024 1922 2155 1975 dem
2185 1922 2575 1991 pontiﬁcalem
2594 1925 2905 1991 repeteret,
2927 1923 2985 1976 in
3004 1923 3133 1991 ipso
3157 1924 3393 1993 quidem
3416 1924 3607 1979 reditu
3628 1925 3684 1979 ei

2020 2010 2269 2064 innotuit
2299 2011 2492 2064 civilis
2522 2011 2905 2081 conspiratio.
2926 2011 3131 2065 Statim
3163 2028 3326 2083 ergo,
3363 2013 3500 2083 quia
3533 2029 3680 2067 suos

2018 2102 2132 2152 tam
2156 2099 2369 2153 virtute
2389 2116 2562 2171 quam
2582 2116 2825 2154 numero
2846 2101 3138 2155 adversus
3161 2102 3303 2155 tanti
3324 2102 3523 2171 populi
3552 2104 3680 2156 tur-

2014 2188 2147 2240 bam
2164 2187 2480 2242 inferiores
2502 2188 2757 2256 videbat,
2775 2205 2907 2241 cum
2923 2190 3166 2259 grandis
3191 2190 3530 2261 ignominiae
3550 2206 3682 2260 pro-

2012 2276 2118 2330 bro
2144 2278 2252 2330 iter
2273 2277 2487 2329 factum
2512 2293 2846 2345 remensus,
2894 2278 3233 2331 Brunoncm
3274 2283 3412 2332 tunc
3448 2281 3677 2347 tempo-

2012 2365 2096 2418 ris
2122 2366 2519 2419 monarchiam
2552 2367 2723 2437 regni
2758 2367 2870 2418 sub
2908 2365 3085 2419 fratre
3126 2369 3415 2419 tenentem
3452 2383 3675 2437 aggre-

2012 2454 2165 2506 ditur
2190 2469 2203 2521 ;
2225 2454 2473 2524 suisque
2496 2456 2696 2509 causis
2728 2454 3108 2508 declamando
3150 2455 3414 2523 prolatis,
3452 2456 3669 2511 obnixe

2010 2543 2382 2611 deprecatur,
2404 2544 2464 2595 ut
2483 2559 2592 2597 suo
2616 2542 3206 2613 videlicetjuvamine
3247 2543 3430 2597 fultus
3467 2544 3672 2598 sedem

2009 2631 2267 2703 clausam
2289 2631 2575 2686 violent-er
2596 2632 2788 2701 possit
2808 2632 3155 2701 irrumpere,
3178 2632 3551 2702 debitamque
3582 2633 3670 2686 ul-

2006 2720 2222 2773 tionem
2244 2736 2351 2789 pro
2375 2724 2612 2789 accepta
2629 2721 2845 2793 injuria
2864 2721 2923 2773 in
2944 2722 3159 2789 populo
3195 2721 3518 2775 rebellante
3542 2718 3672 2776 eXe-

2004 2823 2155 2862 rere.
2182 2808 2303 2862 Nec
2340 2809 2579 2863 difficile
2612 2810 2854 2879 cepioso
2887 2810 3196 2879 impetrato
3233 2811 3516 2864 exercitu.
3558 2812 3665 2864 Ar-

2003 2897 2229 2950 nulfum
2267 2914 2501 2968 quoque
2551 2898 2976 2953 Flandrensem
3013 2899 3281 2952 comitem
3324 2898 3521 2966 adivit,
3553 2899 3665 2952 vil-

226 2986 510 3042 abcessit.
536 2990 783 3043 Artaldo
798 3006 939 3045 vero
954 2991 1198 3060 presuli,
1225 2991 1326 3061 qui
1347 2991 1623 3044 omnibus
1648 3006 1712 3045 se
1734 2992 1893 3043 sino-
1964 2985 3141 3084 damqueLambrasU69)pollicitus,eum
3161 2986 3275 3039 sibi
3297 2989 3663 3056 consocium,

226 3074 311 3129 dis
345 3078 818 3145 presentabilem
856 3079 1097 3147 fecerat,
1130 3095 1246 3133 non
1285 3079 1593 3150 refugiens
1627 3079 1892 3133 sinodalc
1964 3062 2178 3127 “Immo
2196 3077 2252 3127 et
2273 3074 2600 3144 adjutorem
2626 3075 2909 3129 adhibuit.
2931 3074 3108 3129 Cives
3139 3088 3280 3127 vero
3325 3091 3458 3129 cum
3503 3078 3661 3129 tanto

219 3162 532 3234 judicium,
560 3168 932 3237 episcopium
957 3169 1251 3223 Remense
1269 3167 1437 3238 juxta
1455 3183 1747 3222 canonum
1777 3169 1894 3222 ins-

2002 3162 2219 3216 auxilio
2250 3163 2462 3216 reverti
2498 3165 2947 3233 comperientcs,
2998 3164 3114 3218 sibi
3163 3164 3475 3222 consulere
3514 3164 3661 3218 esti-

223 3252 379 3307 tituta
400 3256 461 3309 et
483 3258 830 3311 sanctorum
851 3258 1089 3311 Patrum
1120 3258 1354 3312 decreta
1384 3258 1619 3311 omnino
1644 3258 1893 3311 retinen-
1920 3289 1975 3355 c
2002 3254 2250 3319 marunt,
2273 3252 2563 3351 longeque
2578 3252 2967 3353 dissimulatis
2989 3255 3331 3311 rebellionis
3359 3253 3654 3355 ‘motibuéi

225 3341 354 3396 dum
385 3348 567 3415 atque
604 3345 1037 3416 disponendum
1072 3347 1416 3415 decernunt,
1449 3346 1688 3400 laudant
1717 3350 1889 3419 atque

224 3432 640 3487 corroborant.
657 3433 676 3505 ]

284 3520 371 3573 80.
396 3519 541 3591 (79.)
555 3521 707 3577 Post
725 3522 1073 3578 Fulbertum
1086 3524 1355 3578 succedit
1380 3524 1720 3595 Berengari
1726 3541 1792 3579 us
1828 3525 1889 3578 in

222 3608 730 3679 sedepontiﬁcali.
746 3612 1191 3683 Bernengarius
1211 3613 1368 3667 hunc
1385 3614 1445 3667 in
1469 3615 1770 3684 cpiscopio
1794 3630 1887 3669 se-

224 3700 389 3751 cutus
411 3714 711 3753 summam
738 3702 1051 3774 regiminis
1075 3703 1328 3774 sumpsit
1351 3704 1466 3769 (an.
1492 3701 1617 3773 956)
1643 3719 1657 3770 ;
1683 3703 1775 3756 vir
1799 3703 1885 3757 si-

222 3785 452 3854 quidem
465 3802 543 3839 ex
556 3787 741 3841 nobili
753 3793 1051 3859 parentela
1065 3791 1393 3846 Germaniae
1409 3795 1577 3846 ortus
1590 3792 1637 3858 (l
1650 3791 1760 3861 68),
1779 3794 1885 3847 sed

218 3876 270 3926 et
288 3874 521 3929 Ottonis
543 3876 920 3946 imperatoris
938 3880 1204 3950 proxime
1229 3881 1731 3953 consanguineus.
1775 3881 1885 3946 Qui

217 3964 493 4032 quoniam
513 3966 711 4036 magis
732 3968 1104 4024 secularibus
1123 3986 1298 4040 quam
1318 3970 1765 4025 aecclesiasticis
1789 3986 1884 4024 ne-

215 4052 391 4122 gotiis
406 4052 773 4123 implicatus,
800 4071 906 4125 per
926 4058 1271 4113 excellentis
1289 4060 1585 4129 prosapiae
1604 4060 1879 4115 sublimi-

213 4141 385 4195 tatem
422 4141 692 4196 animum
732 4145 985 4215 quodam
1019 4149 1197 4217 pulsu
1218 4146 1519 4218 jactantiae
1560 4148 1877 4223 attollebat,

213 4245 439 4284 morum
458 4234 518 4284 et
539 4230 676 4285 vitae
694 4233 1234 4306 obpugnationibus
1259 4241 1493 4308 sumpto
1512 4237 1709 4293 ofﬁcio
1743 4255 1878 4295 con-

209 4318 439 4372 traibat.
488 4318 602 4373 Hic
632 4321 808 4375 etiam
846 4326 1021 4380 tanta;
1056 4324 1305 4381 feritatis
1334 4328 1604 4384 extitisse
1643 4330 1875 4402 dicitur,

208 4408 267 4459 ut
284 4423 403 4460 non
420 4408 602 4463 modo
625 4409 829 4482 lingua
867 4416 923 4468 et
961 4415 1216 4484 natione,
1261 4416 1367 4471 sed
1402 4417 1575 4472 etiam
1612 4419 1877 4476 moribus

207 4495 421 4564 populo
447 4498 868 4556 suobarbarus
886 4518 1025 4558 esse
1048 4504 1367 4561 videretur.
1401 4506 1627 4572 Quanto
1661 4513 1877 4567 etenim

205 4585 353 4655 regii
371 4587 624 4657 generis
646 4590 699 4642 ei
730 4591 1028 4660 aspirabat
1048 4596 1387 4666 auctoritas,
1428 4599 1590 4654 tanto
1619 4599 1879 4658 ferocior

202 4674 483 4742 pOpulum
498 4690 661 4746 saepe
675 4679 947 4735 vexabat.
963 4680 1134 4752 Saepe
1148 4683 1363 4756 itaque,
1396 4689 1606 4758 partim
1636 4695 1878 4761 propter

1998 3342 2225 3411 absque
2255 3340 2654 3409 suscipicione
2703 3342 2948 3413 veniret,
2991 3346 3244 3400 nuncios
3284 3343 3653 3414 ablegarunt.

1997 3427 2141 3483 Cum
2166 3428 2501 3500 suisitaque
2520 3432 2759 3497 tantum,
2794 3433 3010 3488 ceteris
3043 3434 3338 3504 siquidem
3367 3430 3654 3499 reversis,

1997 3519 2204 3571 urbem
2227 3520 2318 3571 est
2337 3518 2564 3588 absque
2587 3518 2929 3574 difficultate
2951 3538 3295 3593 regressus.

2067 3599 2154 3653 82.
2180 3600 2265 3667 (81
2278 3601 2316 3669 .)
2332 3600 2546 3653 Comiti
2556 3600 2814 3655 Arnulfo
2831 3603 3118 3658 Lambras
3134 3604 3413 3672 extorsit,
3434 3608 3494 3657 et
3511 3602 3660 3656 duas

1996 3683 2172 3739 villas
2197 3682 2471 3753 Coureng
2501 3678 2580 3723 139
2600 3689 2657 3755 et
2680 3682 2978 3739 Ferroras
2999 3685 3074 3739 ab
3107 3685 3359 3740 ecclesia
3382 3685 3444 3739 di
3452 3683 3653 3739 vulsit.

1995 3768 2119 3821 Nec
2141 3764 2321 3818 multo
2340 3765 2473 3832 post
2501 3779 2605 3832 pre
2627 3764 2860 3820 levitate
2892 3781 3021 3820 suae
3051 3767 3383 3822 insolentia;
3425 3766 3655 3835 prefato

1995 3845 2190 3902 comiti
2214 3842 2482 3911 A‘rnulfo,
2505 3846 2679 3917 cujus
2697 3848 2916 3901 auxilio
2935 3849 3142 3903 urbem
3173 3849 3402 3918 repetit,
3452 3845 3655 3904 villam

1993 3928 2302 3995 Lambras,
2324 3942 2438 3997 qua
2456 3942 2589 3982 eum
2612 3929 2909 3999 conduxit,
2944 3931 3000 3983 vi
3032 3932 3370 4000 reextorsit,
3396 3929 3653 3986 minatus

1992 4024 2157 4074 sane,
2181 4009 2340 4080 quod
2357 4008 2411 4062 si
2431 4025 2560 4063 eam
2580 4010 2881 4066 vindicare
2899 4016 3287 4083 presumeret,
3305 4017 3457 4070 totas
3479 4012 3652 4069 Flau-

1991 4092 2130 4145 dras
2148 4091 2200 4145 ei
2223 4089 2616 4146 combureret.
2639 4094 2917 4149 Preterea
2937 4095 3086 4150 duas
3132 4096 3323 4165 villas,
3376 4094 3653 4168 Coureng

1990 4172 2345 4227 etFerroras
2367 4172 2534 4242 (170),
2555 4175 2628 4228 ab
2648 4176 2919 4231 aecclcsia
2943 4180 3166 4231 sanctas
3188 4178 3294 4232 Dei
3325 4177 3531 4232 Matris
3566 4177 3651 4232 di-

1988 4252 2170 4308 vulsit
2191 4257 2247 4307 et
2267 4254 2503 4325 quidam
2523 4255 2691 4310 militi
2709 4256 3102 4311 beneﬁciavit.

2058 4340 2146 4398 83.
2168 4341 2279 4411 (82)
2318 4341 2434 4396 Ubi
2446 4343 2614 4397 cives
2632 4344 2694 4396 in
2707 4345 2878 4413 vasit,
2905 4345 3128 4400 etalios
3146 4344 3479 4416 interfecit,
3497 4345 3650 4402 alios

1989 4446 2203 4486 exceca
2214 4431 2273 4484 vi
2277 4435 2317 4484 t.
2335 4429 2528 4485 Evolu
2539 4434 2597 4485 to
2609 4434 2800 4487 autem
2814 4433 3009 4505 aliquo
3022 4435 3304 4506 temporis
3317 4433 3646 4505 intervallo,

1987 4519 2104 4575 sibi
2125 4537 2157 4573 a
2176 4519 2391 4590 populo
2408 4518 2577 4575 factae
2596 4521 3081 4578 debonorationis
3100 4524 3515 4595 reminiscens,
3541 4540 3645 4579 so-

1987 4609 2075 4662 cia
2096 4609 2331 4681 agmina
2354 4610 2640 4681 evocavit,
2663 4611 2946 4683 civesque
2990 4612 3259 4668 incautos
3309 4613 3505 4668 subita
3550 4613 3644 4668 in-

1987 4697 2266 4753 cursione
2295 4698 2530 4769 invasit,
2590 4701 2974 4771 palantesque
3023 4702 3287 4757 feriendo
3332 4718 3525 4773 usque
3571 4703 3645 4757 ad

206 4760 334 4832 ejus
356 4762 543 4818 animi
563 4764 1005 4824 immoderatam
1024 4770 1320 4828 levitatem
1336 4760 1666 4849 partimque
1687 4760 1871 4852 prop-
1900 4793 1957 4856 D
1987 4788 2415 4842 monasterium
2444 4760 2633 4843 sancti
2664 4760 2978 4863 Gangarici
3009 4794 3362 4861 persecutus
3392 4760 3485 4846 est
3518 4791 3644 4847 No-

1521 4947 1814 5025 VARUE
1862 4952 2327 5016 LECTIONES

271 5083 349 5126 ω
407 5084 538 5140 haec
573 5103 688 5142 vox
714 5090 885 5146 deest
918 5091 968 5147 1.

1001 5096 1751 5191 qunindge‘._q.us.‘1;.njussit
1773 5108 1825 5161 3.
1857 5109 2042 5181 quid.
2076 5111 2339 5166 Marinus
2364 5129 2401 5191 p_
2441 5114 2683 5191 ~iferens
2716 5114 2962 5191 litteras,
2997 5130 3146 5191 quas
3179 5115 3643 5191 idem_Sigebal-

212 5153 335 5256 22,3“
619 5153 1039 5256 ientglgl‘ettgi
1055 5165 1442 5256 loggardus.
1466 5153 1686 5256 129nvin.
1719 5178 1771 5232 2.
1806 5153 2400 5254 sz$2rsézvzﬁ'dii"2s'i
2441 5153 2696 5240 563d???)
2705 5153 2966 5256 §,"2‘n"ié
2997 5153 3146 5242 Ὶδδῖ
3140 5153 3193 5242 v:
3201 5153 3645 5248 “3315;260:528

205 5232 361 5294 putat
397 5226 829 5303 Gundrcceias,
864 5226 1041 5307 sup'ra
1072 5254 1123 5292 c.
1156 5240 1243 5310 6‘7,
1276 5226 1675 5303 memoratam.

1787 5372 2063 5437 NOTIE.

269 5531 413 5600 (168)
447 5531 761 5616 Flodoardi
794 5537 903 5592 An.
938 5556 988 5616 εξ.
1021 5559 1073 5616 a.
1125 5544 1252 5614 956)
1289 5562 1301 5601 :
1362 5547 1694 5606 Fulbertus
1756 5554 1861 5608 Ca-

209 5611 905 5695 meracensis'episcrgpus
934 5611 1298 5695 (Ie/ungitur,
1353 5625 1412 5695 et
1466 5622 1655 5690 ipsum
1698 5627 1853 5695 epis-

204 5675 687 5765 copiumgcuidam
701 5753 714 5765 ι
725 5675 1226 5765 βρθηῃθρίιξιιςα
1234 5675 1596 5765 ῃένὴθηέηὲί
1624 5675 1849 5751 c'IéFiEo

208 5744 508 5836 tur,
545 5749 871 5836 nepotinBo
879 5744 1045 5833 venis
1065 5744 1532 5836 Catalaunensis
1544 5744 1563 5747 ⁷
1576 5744 1863 5836 :32

203 5814 450 5887 θΡίεοοΡί
484 5814 695 5891 quique
725 5820 932 5878 Remis
969 5827 1284 5886 ordinatur
1320 5814 1856 5893 abiii-téicifézli

1976 5559 2365 5633 c_liie1,iscopo.
2386 5560 2811 5633 Necrologium
2832 5567 3020 5622 beatae
3040 5568 3242 5622 Mariae
3262 5567 3648 5625 Cameracen-

1967 5631 2075 5697 sis,
2096 5646 2146 5685 ς.
2179 5649 2261 5685 xu
2381 5632 2574 5711 habet:
2599 5631 2811 5690 160a].
2834 5636 3001 5711 Sept.
3024 5638 3503 5695 obiitFulbertus
3526 5642 3641 5711 cpi-

1959 5703 2295 5779 scopus,qu
2308 5703 2448 5758 dedi
2448 5710 2479 5779 ξ
2493 5710 2719 5759 terram
2732 5723 2763 5761 a
2766 5703 3043 5779 pudDuri
3049 5711 3130 5765 th.
3148 5712 3412 5766 cantoris
3425 5713 3487 5766 in
3502 5703 3643 5766 usus

2046 5772 2414 5843 (l69)’Pr0pe
2447 5776 2729 5832 Duacum.

1973 5874 1978 5879 -
2043 5841 2189 5915 (170)
2222 5841 2527 5903 Ferrieres
2567 5864 2751 5922 prope
2800 5850 3412 5909 Gateau-Cambrésis.
3456 5853 3633 5907 Conv.
