4098 6196
387 280 467 345 83
1270 277 1544 340 GESTA
1595 277 2123 345 PONTIFICUM
2178 277 2940 345 CAMERACENSIUM.
3731 284 3803 348 84

369 496 509 537 vum
523 495 716 553 genus
738 479 1061 550 spectaculi
1088 479 1100 535 l
1127 478 1415 534 Continuo
1448 477 1720 551 namque:
1736 479 1944 533 armati
1984 480 2047 534 li-
2075 462 2133 523 Α
2160 480 2385 536 relictis
2409 481 2645 553 quidem
2682 482 3120 553 pontificalibus
3171 482 3532 537 ornamentis
3576 483 3798 556 aufuge-

365 586 500 626 men
523 569 918 625 sanctissimae
943 569 1090 623 aedis
1111 569 1340 640 absque
1365 569 1715 623 reverentiae
1748 569 1919 623 modo
1958 570 2041 623 ir-

364 660 728 729 rumpentes,
752 657 1367 727 aliosinterfccerunt,
1392 657 1542 712 alios
1576 658 1865 712 truncatis
1915 674 2043 712 ma-

373 748 550 803 nibus
590 747 919 818 etpedibus
964 746 1851 817 demembrarunt;quibusdam
1898 762 2043 800 vero

370 837 577 892 oculos
602 835 920 904 fodiebant,
942 835 1297 905 quibusdam
1321 834 1547 889 frontes
1595 836 1750 889 ferro
1801 835 2041 889 ardente

368 925 665 979 notabant.
689 924 911 978 Deinde
960 925 1155 978 autem
1202 925 1440 977 lanceas
1487 924 1932 977 interfectorum
1984 928 2041 978 et

369 1014 620 1068 aliorum
650 1017 870 1083 captas,
907 1012 1081 1067 sicuti
1128 1013 1396 1067 furiosus
1446 1014 1589 1081 erat,
1644 1016 1922 1082 carpento
1966 1013 2039 1067 ad

373 1103 670 1156 cumulum
693 1101 912 1172 imponi
936 1102 1216 1171 precepit,
1251 1103 1308 1155 et
1338 1101 1409 1154 ad
1452 1100 1865 1155 insinuandam
1912 1118 2039 1156 suae

370 1192 611 1247 ultionis
632 1192 806 1262 atque
823 1191 1088 1244 victoriae
1111 1206 1382 1259 pompam
1416 1190 1488 1243 ad
1527 1189 1798 1259 predium
1841 1206 2036 1259 suum,

371 1280 432 1334 in
453 1280 652 1333 villam
683 1278 956 1333 videlicet
992 1279 1089 1333 cui
1120 1295 1333 1334 nomen
1356 1278 1717 1333 Betendorth
1742 1276 1823 1320 1³0
1849 1320 1864 1348 ,
1912 1279 2039 1334 suis

372 1368 765 1423 familiaribus
786 1368 1015 1421 mittere
1040 1367 1362 1422 festinavit.

444 1458 531 1512 84.
560 1458 695 1526 (83.)
717 1456 880 1521 Quod
899 1463 1068 1511 nocte
1086 1474 1117 1509 a
1134 1462 1340 1511 sancto
1362 1457 1693 1528 Gaugerico
1717 1472 2044 1529 percussus

374 1545 542 1600 obiit.
566 1545 692 1599 Nec
710 1544 893 1616 hujus
914 1545 1211 1615 pontificis
1238 1545 1454 1599 factum
1486 1546 1695 1600 desino
1740 1546 2038 1616 demit-ari,

375 1634 474 1705 qui
496 1634 777 1704 templum
799 1634 1132 1688 beatissimi
1151 1634 1521 1689 confesso;ls
1548 1635 1764 1688 vlulare
1810 1651 1926 1689 non
1972 1636 2039 1689 ti-

374 1723 537 1791 muit,
573 1738 749 1794 quem
778 1723 1052 1778 Valterus
1102 1724 1479 1793 castellanus,
1526 1725 1637 1778 tiro
1670 1724 2040 1779 inhumanis-

2159 574 2315 625 runt.

2226 660 2313 713 85.
2334 660 2470 730 (84.)
2492 660 2857 731 Engrannus
2887 660 3293 717 substituitur.
3327 662 3468 717 Post
3499 662 3681 733 hujus
3708 677 3799 716 ex-

2153 764 2391 802 cessum
2416 748 2793 820 Engrannus,
2818 754 2951 805 ante
2972 749 3321 805 Corbiensis
3353 750 3587 806 cenobii
3633 750 3802 804 sancti

2152 837 2312 892 Petri
2327 838 2674 908 monachus,
2696 839 2935 894 obtentu
2956 838 3251 893 Brunonis
3290 840 3503 910 prefati
3549 839 3806 909 archipa-

2150 929 2280 995 tris,
2308 942 2440 980 cum
2459 942 2574 998 quo
2605 943 2713 997 pro
2745 927 2929 981 rebus
2962 927 3211 982 fratrum
3254 944 3405 999 quas
3457 932 3620 981 trans
3661 928 3806 981 Rhe-

2150 1031 2289 1068 num
2309 1015 2686 1085 procurabat,
2706 1016 2969 1071 notitiam
2992 1019 3048 1070 et
3072 1016 3521 1072 familiaritatem
3546 1016 3804 1084 habebat,

2149 1102 2220 1155 ad
2236 1104 2569 1173 episcOpale
2594 1104 2808 1159 solium
2829 1107 3228 1175 promovetur.
3254 1105 3362 1158 Hic
3382 1108 3499 1158 tam
3521 1104 3811 1159 ecclesia-

2154 1192 2321 1246 sticis
2339 1209 2513 1263 quam
2537 1193 2929 1247 saecularibus
2960 1186 3297 1263 disciplinis
3330 1192 3697 1247 sufﬁcienter
3739 1192 3814 1246 in-

2156 1284 2422 1336 structus
2440 1282 2585 1336 mira
2608 1298 2752 1353 erga
2774 1299 3022 1354 gregem
3041 1282 3287 1336 karitate
3320 1282 3609 1351 pollebat;
3637 1280 3810 1335 omni-

2154 1386 2268 1440 que
2293 1371 2742 1425 mansuetudine
2764 1371 2997 1441 plenus,
3031 1374 3189 1425 tanto
3244 1371 3463 1424 ambitu
3506 1369 3810 1441 religionis

2154 1459 2437 1529 episcopii
2462 1460 2804 1530 dignitatem
2825 1459 3121 1529 implebat,
3156 1459 3601 1529 utpropositum
3632 1474 3813 1512 mona-

2156 1548 2250 1601 chi
2268 1548 2425 1601 nullo
2448 1548 2620 1602 modo
2643 1548 2930 1602 excedere
2949 1548 3267 1602 videretur.
3295 1547 3547 1616 Semper
3570 1562 3813 1617 namque

2157 1637 2216 1689 in
2240 1636 2681 1691 aacclesiasticaa
2704 1636 2948 1691 culturae
2971 1636 3165 1691 studio
3187 1635 3523 1705 insudabat,
3551 1650 3816 1707 gregem-

2159 1741 2273 1796 que
2292 1726 2679 1780 commissum
2692 1725 2962 1795 exemplo
2981 1726 3115 1779 vitae
3130 1724 3462 1779 innocentis
3476 1738 3816 1794 morumque

378 1813 588 1880 simus,
606 1812 666 1867 in
688 1812 865 1867 simili
887 1814 1136 1883 negoeio
1160 1814 1386 1868 nostris
1409 1814 1620 1868 diebus
1645 1829 1759 1867 non
1777 1813 2041 1868 revereri
2158 1814 2448 1869 bonorum
2469 1814 2880 1870 informatione
2898 1814 3287 1868 doctrinabat.

378 1901 652 1955 nescivit.
677 1900 937 1965 Quadam
974 1917 1226 1972 namque
1273 1903 1365 1956 die
1415 1902 1685 1957 alicunde
1734 1918 1866 1957 cum
1912 1902 2041 1958 suis

380 1989 648 2055 veniens,
671 1989 822 2045 duos
844 1990 1080 2059 fratres,
1105 1991 1390 2045 Aldonem
1414 1991 1687 2045 videlicet
1718 1995 1774 2045 et
1803 1990 2042 2045 Baldui-

380 2095 520 2133 num
536 2079 651 2133 sibi
668 2078 1115 2133 inimicissimos
1134 2080 1284 2134 forte
1306 2081 1518 2135 obvios
1536 2080 1768 2147 habuit;
1791 2096 2046 2151 moxque

381 2168 607 2223 caballo
631 2168 727 2222 cui
747 2167 1055 2223 insedebat
1076 2169 1407 2225 calcaribus
1425 2170 1593 2225 fosso
1615 2186 1721 2225 eos
1753 2171 2042 2237 involans,

383 2259 671 2329 hastaque
691 2258 891 2313 dorsis
910 2273 1060 2327 pene
1111 2260 1388 2332 contigua
1428 2259 1675 2332 jamjam
1710 2260 2046 2329 imminens,

376 2346 623 2419 jamjam
646 2351 895 2401 mortem
914 2346 1210 2416 minitans,
1246 2347 1513 2418 adusque
1544 2349 1803 2403 radicem
1835 2349 2050 2403 montis

382 2436 680 2508 fugientes
703 2437 1105 2507 persequitur,
1133 2437 1420 2492 distantes
1453 2453 1595 2492 sane
1627 2455 1659 2493 a
1689 2438 2051 2493 monasterio

384 2525 507 2579 fere
532 2541 742 2579 novem
764 2526 1069 2594 passibus.
1097 2526 1319 2580 Videns
1341 2530 1534 2581 autem
1558 2542 1663 2581 eos
1687 2526 1904 2599 effugio
1925 2542 2054 2581 san-

386 2614 639 2668 ctissimi
653 2614 852 2684 templi
864 2615 1327 2685 prepinquantes
1341 2617 2053 2688 sanctumquezconfesso-

388 2719 512 2757 rem
543 2702 760 2756 auxilio
792 2704 1181 2774 geminantes,
1216 2706 1388 2775 sequi
1419 2705 1666 2760 ulterius
1716 2705 2055 2759 formidavit

387 2792 739 2861 tandemque
752 2807 1145 2861 prorumpens
1163 2795 1223 2847 in
1235 2794 1344 2847 hac
1366 2810 1533 2863 voce,
1559 2795 1638 2848 ait
1662 2810 1673 2849 :
1702 2794 1930 2848 Scitote
1955 2811 2057 2848 vos

389 2880 725 2935 IlOdiOlDibi
737 2888 976 2951 ereptos
988 2881 1151 2936 beati
1167 2881 1489 2954 Gaugerici
1502 2881 1790 2956 sulfragio
1804 2885 1823 2937 .’
1836 2884 1896 2938 Si
1910 2899 2055 2956 ergo

390 2969 483 3023 vir
498 2968 696 3023 multae
718 2969 1095 3026 immanitatis
1119 2973 1193 3025 ob
1212 2988 1470 3027 amorem
1494 2974 1598 3027 Dei
1630 2977 1683 3028 et
1736 2974 2058 3029 veneratio-

2229 1901 2318 1957 86.
2344 1903 2479 1973 (85.)
2501 1904 2599 1957 Ad
2614 1910 2964 1958 conventum
2981 1902 3323 1975 generalem
3365 1900 3563 1956 villam
3600 1900 3822 1956 Perro-

2161 2010 2293 2046 num
2311 1992 2493 2047 clama
2503 1998 2670 2048 turus
2676 1994 2928 2064 perrexi
2934 1999 2974 2061 t,
2996 2007 3214 2064 suoque
3227 1990 3465 2060 clerico,
3483 1991 3614 2063 quia
3629 2006 3821 2045 secum

2153 2089 2495 2153 preceptum
2510 2098 2619 2136 non
2631 2081 2835 2153 gressi
2841 2087 2879 2147 ι,
2894 2080 3227 2135 aecclesiam
3243 2079 3509 2135 abstulit.
3531 2079 3640 2133 Hie
3653 2079 3823 2133 etiam

2157 2170 2415 2240 propriis
2431 2171 2613 2224 rebus
2646 2171 2981 2225 mcclesiam
3012 2169 3287 2241 augebat,
3320 2172 3377 2222 et
3424 2169 3477 2222 si
3524 2184 3639 2239 qua
3685 2168 3823 2221 sub-

2156 2260 2551 2329 traherentur,
2578 2259 3056 2331 publicojudicio
3076 2258 3411 2312 evindicare
3434 2260 3491 2311 et
3512 2257 3824 2311 restituere

2161 2349 2485 2419 satagebat.
2534 2348 2836 2419 Siquidem
2853 2364 2923 2402 eo
2944 2352 3205 2417 tempore
3224 2346 3423 2401 Bruno
3447 2346 3564 2399 dux
3588 2346 3716 2400 sive
3740 2361 3831 2398 ar-

2161 2437 2582 2507 chiepiscopus
2635 2439 2990 2492 conventum
3039 2438 3381 2508 generalem
3433 2452 3566 2489 cum
3623 2434 3825 2489 multis

2160 2526 2530 2596 principibus
2549 2528 2603 2579 et
2616 2526 2916 2598 episcOpis
2930 2526 3081 2597 apud
3101 2526 3394 2597 quandam
3408 2524 3621 2593 villam,
3650 2523 3828 2595 cujus

2163 2630 2377 2669 nomen
2399 2630 2513 2669 non
2536 2615 2813 2670 subvenit
2833 2614 3001 2685 (173),
3023 2615 3309 2670 habuisse
3340 2613 3573 2683 dicitur,
3608 2614 3666 2667 in
3709 2629 3829 2684 quo

2165 2704 2236 2756 de
2258 2719 2400 2773 pace
2421 2707 2477 2758 et
2499 2703 2785 2775 religione
2816 2707 3039 2758 sanctae
3073 2704 3178 2758 Dei
3208 2702 3501 2758 aacclesim
3547 2704 3823 2772 statuque

2164 2794 2335 2863 regni
2366 2792 2681 2847 salubriter
2711 2795 2768 2847 et
2805 2795 3204 2862 competenter
3225 2796 3534 2846 tractatum
3566 2794 3677 2846 est.
3714 2790 3829 2845 Ubi

2167 2881 2338 2935 etiam
2354 2881 2709 2952 Engrannus
2732 2882 3050 2952 episcopus
3082 2883 3168 2935 ire
3198 2881 3511 2952 disposuit,
3547 2879 3833 2933 clamatu-

2167 2985 2271 3024 rus
2293 2971 2565 3024 videlicet
2587 2970 2785 3024 villam
2808 2976 3027 3025 sanctae
3049 2971 3250 3024 Mariae
3292 2970 3612 3025 Perronam
3659 2968 3832 3039 (1'74),

390 3074 522 3110 nom
547 3059 636 3111 sui
660 3058 1028 3113 confessoris
1051 3060 1304 3116 inimicis
1341 3077 1593 3131 parcens
1644 3064 1862 3119 habere
1904 3064 2054 3118 tole-
2089 3048 2143 3115 Ο
2170 3075 2343 3129 quam
2366 3060 2812 3114 Hasbanienses
2834 3074 3000 3114 more
3018 3059 3347 3114 beneficiali
3366 3059 3670 3127 tenebant;
3700 3073 3835 3126 pre-

390 3149 634 3201 rantiam
659 3149 878 3217 didicit,
904 3155 1121 3219 quanto
1143 3152 1335 3222 magis
1364 3153 1625 3221 pontifex
1656 3155 1747 3207 vel
1798 3159 2055 3209 contem-

388 3239 642 3310 platione
657 3239 1043 3294 sacerdotalis
1059 3238 1259 3307 ofﬁcii,
1281 3256 1396 3311 quo
1429 3242 1803 3313 fungebatur,
1839 3244 2055 3299 debue-

390 3331 464 3383 rit
478 3331 504 3381 '?
517 3329 782 3383 Attamen
800 3329 935 3397 quia
948 3331 1105 3382 tanto
1124 3330 1339 3383 sceleri
1356 3329 1636 3401 effugium
1652 3335 1749 3386 aut
1767 3332 2057 3388 latebrum

392 3420 483 3472 vel
502 3434 610 3487 per
630 3419 883 3487 aliquem
915 3419 1273 3486 poenitentiae
1305 3420 1542 3475 modum
1592 3437 1709 3477 non
1757 3425 2054 3493 quaesivit,

393 3508 638 3577 dignum
662 3522 805 3559 sane
829 3507 1222 3574 conpendium
1254 3508 1530 3579 supplicii
1552 3525 1670 3564 non
1701 3511 1878 3581 longo
1927 3516 2061 3580 post

392 3599 656 3663 tempore
685 3594 880 3648 solvit.
932 3594 1234 3650 Coloniam
1274 3612 1524 3669 namque
1574 3600 1880 3669 profectus
1928 3617 2060 3655 cum

394 3683 645 3754 quadam
663 3686 835 3737 nocte
854 3684 916 3737 in
935 3684 1150 3739 lectulo
1173 3690 1469 3756 pausaret,
1494 3689 1763 3759 apparuit
1791 3690 1843 3742 ei
1878 3692 2061 3744 semi-

393 3771 665 3844 vigilanti
679 3772 889 3827 beatus
910 3771 1301 3845 Gaugericus,
1328 3776 1543 3847 quippe
1565 3777 1736 3831 visus
1787 3793 1921 3833 eum
1954 3796 2061 3847 pro

395 3862 678 3917 admissis
700 3862 1027 3932 increpare,
1052 3863 1418 3936 baceuloque
1436 3881 1609 3937 quem
1630 3883 1806 3921 manu
1855 3874 2059 3938 gesta-

392 3951 512 4019 bat,
536 3951 912 4021 postmodum
932 3953 1192 4023 graviter
1214 3954 1472 4023 pulsare.
1507 3954 1617 4019 Qui
1660 3971 1794 4010 mox
1843 3973 2058 4028 exper-

395 4040 691 4112 gefactus,
717 4056 851 4095 cum
873 4042 1041 4113 gravi
1073 4041 1312 4112 planctu
1359 4043 1665 4115 ingemuit,
1713 4047 2059 4117 vocatisque

396 4128 783 4184 cubiculariis
800 4130 1093 4186 visionem
1110 4131 1168 4184 in
1194 4131 1402 4187 ordine
1425 4133 1713 4203 pandens,
1739 4151 1943 4190 casum
1966 4137 2061 4191 sui

396 4217 647 4289 periculi
668 4218 964 4274 indicavit.
991 4219 1077 4273 Ex
1124 4236 1239 4291 qua
1286 4224 1678 4291 percussione
1723 4225 2060 4297 aliquandiu

2172 3149 2440 3219 cepitque
2464 3148 2705 3203 Widoni
2733 3164 2843 3203 suo
2866 3148 3238 3217 cancellario,
3286 3150 3349 3201 ut
3391 3148 3614 3200 kartam
3662 3146 3837 3217 ejus-

2172 3238 2302 3291 dem
2325 3238 2501 3306 villae,
2528 3254 2700 3308 quam
2718 3239 2776 3291 in
2795 3238 3036 3291 archivo
3055 3237 3346 3292 aacclesiae
3360 3238 3719 3305 reppererat,
3746 3250 3840 3288 se-

2164 3342 2300 3380 cum
2320 3332 2572 3397 gereret,
2599 3332 2659 3381 ut
2679 3342 2786 3396 per
2800 3327 2952 3380 hanc
2975 3326 3235 3396 apertius
3258 3326 3597 3395 certiusque
3620 3324 3837 3377 clama-

2171 3431 2237 3469 re
2250 3415 2568 3469 videretur.
2589 3414 2714 3480 Quo
2733 3432 2865 3470 cum
2881 3416 3238 3484 perveniens
3261 3416 3316 3470 et
3344 3414 3418 3468 ad
3449 3412 3841 3469 evolvendam

2171 3503 2649 3558 declamationem
2664 3508 2927 3573 paratus,
2952 3503 3180 3557 kartam
3210 3503 3510 3573 capellano
3541 3505 3780 3573 rogaret
3821 3516 3835 3553 :

2169 3593 2444 3647 nimirum
2467 3609 2532 3647 se
2552 3593 2692 3647 erile
2708 3596 3047 3662 preceptum
3069 3592 3349 3646 oblivioni
3380 3590 3697 3645 tradidisse
3725 3588 3840 3643 ad-

2168 3684 2429 3749 vertens,
2481 3680 2707 3751 ingenti
2760 3685 3002 3751 stupore
3046 3679 3307 3753 diriguit,
3360 3679 3709 3749 tandemque
3770 3692 3843 3733 se

2171 3770 2415 3825 oblitum
2438 3770 2630 3824 fuisse
2645 3769 2969 3840 respondit.
2996 3768 3165 3824 Unde
3196 3768 3486 3823 confusus
3516 3768 3843 3838 episcopus

2170 3858 2243 3913 ad
2266 3875 2374 3914 sua
2396 3858 2681 3913 remeavit
2704 3874 2717 3928 ;
2737 3858 2969 3928 hocque
2987 3858 3358 3928 impatienter
3388 3856 3608 3923 ferens,
3643 3855 3843 3926 capel-

2169 3950 2302 4003 lano
2322 3947 2823 4020 aecclesiam,quaa
2846 3947 3013 4001 estin
3043 3945 3179 3999 villa
3209 3944 3460 4000 Salliaco
3490 3945 3659 4015 (175),
3692 3944 3845 3999 abs-

2171 4038 2321 4093 tulit.

2245 4144 2332 4200 87.
2356 4144 2493 4215 (86.)
2519 4144 2743 4199 Clausit
2766 4143 2920 4198 diem
2970 4142 3335 4215 Engrannus
3382 4141 3711 4213 episcopus,
3765 4139 3849 4194 ab

2176 4234 2432 4289 Hadull'o
2454 4232 2936 4288 Noviomensium
2958 4231 3228 4302 episcopo
3248 4230 3532 4302 sepultus.
3573 4229 3849 4300 Denique

395 4308 711 4365 elaborans
730 4339 803 4349 —
818 4312 979 4365 certa
996 4324 1097 4364 res
1118 4312 1212 4365 est
1227 4341 1294 4350 —
1315 4328 1433 4367 non
1457 4312 1638 4368 multo
1660 4317 1795 4385 post
1844 4316 2064 4370 interiit
2089 4292 2145 4356 Ῑ)
2177 4339 2340 4392 vero,
2365 4338 2499 4377 cum
2521 4320 2941 4377 monasterium
2955 4322 3176 4375 sanctae
3226 4320 3427 4374 Maria
3474 4335 3608 4374 cum
3657 4319 3850 4373 ιοῑίυε

395 4402 565 4475 (171),
590 4404 651 4459 in
666 4404 914 4459 basilica
945 4405 1181 4476 quidem
1212 4408 1403 4463 sancti
1432 4406 1724 4465 Gereonis
1768 4412 2059 4482 sepultus.

396 4493 696 4566 Capellani
710 4509 876 4562 vero,
894 4493 1075 4566 hujus
1089 4493 1237 4565 (1'72)
1248 4496 1525 4552 videlicet
1545 4498 1817 4555 ecclesia)
1836 4501 2060 4571 clerici,

397 4584 603 4639 nescio
648 4581 870 4654 quibus
918 4582 1462 4640 insimulationibus
1511 4589 1730 4643 temere
1772 4590 2061 4660 suspecti,

2176 4413 2356 4467 studii
2377 4411 2642 4466 accinetu
2658 4410 2730 4465 ad
2764 4409 3184 4464 occidentalem
3229 4409 3463 4481 plagam
3508 4407 3845 4478 ampliaret,

2175 4502 2367 4571 culpis
2386 4500 2622 4571 quidem
2644 4499 2861 4553 civium
2883 4498 3282 4569 exigentibus,
3308 4499 3493 4552 morte
3512 4499 3850 4567 preventus

2173 4606 2323 4661 opus
2342 4590 2749 4660 imperfectum
2782 4588 3045 4659 reliquit;
3087 4587 3458 4658 triennioque
3502 4584 3851 4640 aecclesiam

1701 4760 1996 4827 VARle
2040 4761 2529 4845 LEpTIONEs.

488 4933 566 4977 ‘30
638 4938 743 4993 ita.
776 4935 829 4992 1.
862 4935 916 4993 3.
950 4937 1305 4995 Betencorth
1334 4939 1537 5011 Conv.,
1573 4942 1724 5014 quod
1752 4943 1911 5000 foret
1942 4944 2340 5001 Béthencourt
2372 4947 2536 5001 inter
2560 4944 2938 5000 Cameracum
2971 4947 3030 4996 et
3057 4938 3669 4996 Gateau-Cambrésis.

1993 5038 2271 5103 NOTAE}.

468 5138 620 5212 (171)
649 5139 798 5215 Eum
828 5157 881 5215 a7.
912 5142 1018 5215 958
1049 5144 1240 5198 adhuc
1271 5143 1519 5215 vixisse,
1558 5144 1847 5200 discimus
1894 5161 1926 5201 e
1975 5147 2066 5200 di-

398 5211 653 5289 plomate
666 5211 970 5289 _OttonisI,
996 5217 1151 5289 quod
1175 5216 1404 5289 primus
1429 5211 1684 5289 protulit
1714 5217 1935 5289 Leglay
1994 5234 2067 5272 ex

400 5284 644 5340 archivo
655 5283 1090 5352 Cameracensi,
1116 5283 1373 5340 coloniae
1388 5283 1631 5341 ld‘Junii
1651 5286 1754 5341 958
1778 5283 2066 5343 concesso

401 5355 674 5411 ecclesia)
687 5355 1121 5424 Cameracensi,
1139 5357 1240 5411 ubi
1259 5358 1627 5431 venerabilis
1638 5361 1946 5431 episcOpus
1960 5360 2070 5414 Be-

402 5442 726 5509 rengerius
767 5442 1037 5509 praeesse
1068 5429 1464 5509 cognoscitur.
1500 5429 1856 5509 Engrannus
1890 5432 1941 5484 si
1976 5448 2063 5509 re-

400 5515 546 5554 vera
576 5499 829 5553 triennio
860 5501 1084 5552 tantum
1114 5500 1288 5567 sedit,
1332 5504 1392 5554 ut
1421 5499 1627 5555 noster
1657 5519 1705 5554 e.
1740 5502 1810 5557 87
1871 5502 2063 5569 tradit,

400 5571 813 5643 Berengerum
844 5569 1072 5643 obiisse
1127 5574 1356 5643 oportet
1398 5588 1451 5627 a.
1480 5572 1586 5628 962
1618 5574 1709 5626 vel
1770 5573 2062 5643 sequenti.

399 5642 570 5700 Diem
600 5642 792 5701 autem
823 5642 1020 5701 obitus
1046 5642 1108 5701 in
1138 5642 1513 5716 Neerologiis
1533 5642 2065 5699 Cameracensibus

2172 5147 2394 5221 frustra
2416 5146 2703 5221 εῐιιωξίνίτ
2794 5215 2846 5221 __
2931 5215 2941 5221 .
3037 5214 3071 5221 -
3433 5210 3443 5221 .

2245 5219 2392 5287 (172)
2416 5214 2463 5272 Ιῖ
2490 5234 2545 5271 e.
2576 5218 2765 5271 beatae
2794 5214 3501 5287 Mariaaicameracensis.

2244 5279 2392 5359 (1'73)
2412 5290 2701 5343 Fortasse
2733 5286 3176 5357 Compendium,
3210 5300 3263 5339 a.
3312 5281 3451 5351 959;
3504 5279 3659 5335 conf.
3714 5279 3860 5334 Flo-

2173 5360 2374 5414 doardi
2408 5359 2691 5414 Annales.

2244 5430 2391 5501 (173)
2424 5431 2616 5500 Prope
2664 5429 2905 5501 Binc‘he,
2967 5428 3121 5483 inter
3170 5426 3344 5481 Mons
3401 5426 3458 5477 et
3512 5422 3861 5477 Charleroi.

2173 5498 2261 5556 LE
2296 5498 2478 5556 GLAY.
2513 5498 2602 5556 Cf.
2638 5517 2689 5555 c.
2724 5498 2846 5553 119..

2245 5570 2393 5642 (175)
2426 5572 2626 5643 Sailly.
