4106 6184
214 314 296 376 85
1629 303 1884 366 LIBER
1939 301 2291 366 PRIMUS.

214 510 578 579 moderatus,
602 506 1276 580 migravitadCbristum
1297 505 1468 577 (1'76).
1506 505 1702 576 Hujus
1720 504 1887 558 fune-

211 599 410 655 britati
451 597 723 653 interfuit
755 596 1051 651 Hadulqu
1083 595 1510 650 Noviomensis
1542 593 1884 663 episcopus,

214 689 311 759 qui
343 703 481 742 eum
510 688 573 740 in
622 686 987 740 monasterio
1037 687 1260 738 sanctae
1305 684 1412 738 Dei
1441 681 1760 738 Genitricis
1817 679 1890 735 ad

214 777 538 830 australem
560 779 788 845 partem
821 773 1143 828 honoriﬁce
1167 771 1459 842 sepelivit.

285 865 374 918 88.
407 862 548 932 (87.)
589 863 739 916 Huic
780 863 1045 916 succedit
1066 863 1129 914 in
1180 861 1476 932 episcOpio
1523 858 1890 926 Ansbertus,

212 954 309 1024 qui
339 954 402 1006 in
423 952 700 1006 eecclesia
723 951 976 1005 sanctiA
990 951 1215 1004 utberti
1237 956 1364 1004 octo
1397 948 1712 1002 canonicos
1729 963 1894 1001 cons-

208 1041 390 1094 tituit.
425 1041 709 1110 Sequitur
731 1040 1086 1106 Ansbertus,
1112 1040 1208 1091 vir
1237 1037 1513 1091 videlicet
1545 1035 1881 1090 literalibus

207 1129 546 1198 disciplinis
571 1129 858 1194 eruditus,
879 1129 977 1198 qui
1000 1131 1139 1182 tunc
1169 1127 1578 1180 Atrebatensis
1599 1129 1892 1178 monaste-

209 1219 274 1271 rii
300 1233 476 1287 aeque
507 1217 836 1271 monachus
885 1219 1058 1286 atque
1099 1215 1550 1269 Cameracencis
1591 1213 1883 1268 eecclesiae

205 1306 690 1373 archidiaconus,
721 1305 1096 1374 postmodum
1126 1319 1267 1358 vero
1298 1319 1407 1373 pro
1450 1303 1634 1356 rebus
1685 1302 1876 1357 sancti

207 1393 472 1462 Vedasti,
505 1409 658 1464 quas
688 1394 748 1446 in
778 1408 930 1464 pago
951 1393 1248 1446 Baduensi
1268 1391 1654 1462 prmvidebat,
1690 1392 1874 1461 impe-

206 1484 380 1536 ratori
403 1487 607 1549 notus,
644 1481 879 1536 culmen
910 1481 1268 1551 episcopalis
1299 1480 1596 1534 cathedrae
1629 1482 1877 1550 adeptus

206 1574 310 1623 est.
343 1571 452 1624 Ille
485 1586 628 1624 vero
677 1571 932 1639 propriis
965 1587 1070 1640 pro
1129 1569 1560 1640 opportunitate
1620 1571 1872 1641 collatis,

203 1662 407 1729 quater
437 1659 619 1713 binos
651 1660 970 1713 canonicos
997 1660 1055 1712 in
1079 1658 1353 1712 aeeclesia
1386 1658 1572 1710 sancti
1608 1659 1876 1713 Autberti

205 1747 525 1816 deputavit.
564 1747 672 1800 Hic
704 1750 916 1815 autem,
949 1750 1010 1800 ut
1028 1751 1443 1801 antecessores
1467 1747 1592 1816 jam
1615 1747 1873 1801 diximus

206 1840 255 1888 et
284 1841 344 1888 ut
379 1851 781 1890 successores
814 1836 1114 1905 posterius
1145 1836 1357 1890 dicturi
1387 1850 1618 1903 sumus,
1655 1853 1872 1908 graves

204 1927 372 1992 atque
405 1925 626 1977 multas
651 1923 903 1995 injurias
926 1925 1000 1979 ab
1033 1925 1182 1994 ipsis
1216 1925 1344 1977 suis
1377 1925 1660 1980 militibus
1692 1928 1872 1980 susti-

202 2014 340 2078 nuit,
372 2012 822 2083 adversumque
855 2028 1058 2067 eorum
1082 2013 1482 2066 contumacius
1502 2014 1600 2067 diu
1633 2017 1871 2068 conten-

202 2100 298 2154 dit.
334 2102 426 2154 Ad
450 2101 667 2155 horum
691 2102 884 2172 itaque
913 2101 1619 2170 insolentiassopiendas,
1658 2102 1870 2156 Arnul-

201 2188 630 2258 fumquendam
661 2191 950 2244 illustrem
983 2191 1257 2244 comitem
1287 2189 1436 2259 (177)
1463 2190 1664 2244 multis
1686 2190 1872 2245 bene-

201 2277 343 2331 ﬁciis
385 2278 748 2332 conductum
781 2279 895 2333 sibi
941 2278 1216 2345 adscivit,
1276 2279 1495 2348 illoque
1555 2278 1874 2348 adjuvante

204 2367 533 2421 cervicatos
551 2367 702 2435 (178)
726 2383 1040 2436 superans,
1062 2367 1403 2436 aliquandiu
1428 2368 1672 2438 quievit.
1701 2368 1877 2422 Rexit

204 2455 378 2526 igitur
398 2456 667 2526 quinque
700 2457 871 2510 annis
904 2456 1257 2523 eecclesiam,
1283 2455 1353 2508 ad
1377 2461 1694 2525 patresque
1725 2471 1872 2510 suos

211 2544 616 2612 appositus,in
636 2545 907 2598 aecclesia
936 2543 1197 2613 praefata,
1228 2545 1417 2597 sancti
1437 2543 1713 2598 videlicet
1725 2545 1872 2598 Aut-

207 2632 372 2699 berti,
411 2633 743 2686 honoriﬁce
766 2633 1069 2701 sepelitur.

274 2721 362 2773 89.
388 2720 530 2789 (88.)
563 2720 874 2775 W'iboldus
893 2720 1274 2792 subi-agatur,
1300 2726 1357 2774 et
1379 2719 1554 2774 ludus
1570 2720 1872 2790 regularis

212 2825 366 2878 quem
389 2808 538 2862 feeit
552 2809 979 2862 subscribitur.
999 2809 1279 2879 Sequitur
1297 2808 1634 2875 VViboldus,
1653 2808 1868 2862 Novio-

209 2899 424 2951 mensis
460 2897 758 2952 ecclesia
789 2897 1264 2966 archidiaconus,
1318 2897 1412 2949 vir
1442 2897 1716 2951 videlicet
1753 2900 1868 2950 tam

209 2986 580 3040 secularibus
614 3001 790 3057 quam
836 2985 1284 3039 aecclesiasticis
1338 2985 1670 3054 disciplinis
1723 2987 1868 3039 satis
1901 3023 1951 3084 C

207 3073 595 3128 inbutus.Iste
609 3074 902 3144 siquidem
917 3074 1155 3128 clericis
1169 3074 1312 3128 aleae
1325 3073 1690 3127 amatoribus
1702 3089 1872 3146 regu-

208 3161 383 3216 larem
405 3163 614 3216 ludum
641 3162 963 3217 artiﬁciose
986 3162 1319 3232 conposuit,
1371 3177 1488 3232 quo
1510 3162 1785 3216 videlicet
1814 3163 1873 3216 in

212 3251 391 3304 scolis
423 3266 494 3304 se
526 3255 902 3319 exercentes,
934 3251 1182 3305 karitate
1212 3251 1352 3304 vitia
1370 3251 1610 3304 vincere
1657 3267 1875 3304 assue-

212 3342 470 3408 scerent,
506 3339 978 3409 smcularemque
1001 3339 1402 3410 etjurgiosam
1433 3339 1617 3393 aleam
1631 3338 1874 3410 refuge-

211 3433 356 3481 rent.
388 3428 582 3492 Quem
611 3426 812 3482 ludum
845 3427 958 3482 hoc
981 3428 1155 3482 modo
1185 3428 1403 3497 incepit
1435 3426 1627 3496 (1'79).‘

457 3517 510 3570 1.
555 3517 607 3570 1.
650 3516 700 3569 1.
777 3515 1042 3570 Karitas.
1559 3515 1612 3570 3.

463 3604 515 3658 1.
563 3605 614 3657 1.
655 3604 708 3656 2.
787 3603 991 3658 Fides.
1573 3605 1626 3657 4.

459 3693 512 3746 1.
556 3693 608 3746 1.
649 3691 702 3746 3.
781 3691 954 3762 Spes.
1573 3690 1626 3746 5.

459 3781 512 3833 1.
557 3781 609 3833 1.
650 3780 702 3834 4.
782 3779 1044 3834 Justitia.
1573 3781 1626 3834 6.

465 3869 517 3922 1.
564 3869 615 3921 1.
656 3870 708 3921 5.
789 3867 1138 3922 Prudentia.
1572 3869 1624 3922 7.

461 3957 514 4010 1.
560 3957 611 4010 1.
650 3956 703 4010 6.
792 3955 1226 4026 Temperantia,
1571 3958 1624 4010 8.

457 4044 512 4096 1.
553 4043 605 4096 2.
647 4041 702 4098 2.
780 4041 1113 4097 Fortitudo.
1571 4045 1623 4098 5.

459 4133 516 4185 1.
557 4129 611 4185 2.
653 4131 704 4184 3.
783 4129 934 4184 Pax.
1570 4132 1622 4185 6.

459 4221 513 4274 1.
554 4219 610 4273 2.
651 4220 702 4274 4.
786 4219 1068 4274 Castitas.
1569 4221 1623 4274 7.

458 4309 514 4362 1.
555 4306 609 4362 2.
651 4309 702 4362 5.
780 4308 1224 4363 Misericordia.
1568 4307 1622 4366 8.

461 4398 516 4450 1.
554 4393 610 4450 2.
651 4395 703 4451 6.
787 4395 1162 4451 Obedientia.
1570 4397 1624 4453 9.

1912 553 1971 616 A

1900 1790 1957 1855 Β

3583 299 3666 367 86

2250 504 2300 557 1.
2341 502 2394 556 3.
2435 503 2488 556 3.
2575 501 2789 556 Timor.
3354 501 3385 555 7

2246 592 2296 645 1.
2337 591 2390 644 3.
2431 591 2485 644 4.
2563 589 2981 644 Providentia.
3344 590 3397 644 8.

2248 680 2296 732 1.
2338 679 2391 733 3.
2433 679 2485 732 5°
2564 678 2884 732 Discretio.
3349 679 3404 732 9.

2246 767 2298 821 1.
2339 767 2390 820 3.
2433 765 2485 820 6.
2563 766 3057 820 Perseverantia.
3315 767 3402 819 10.

2244 857 2294 910 1.
2336 855 2388 909 4.
2432 856 2484 908 4.
2563 855 2832 908 Bonitas.
3349 853 3404 906 9.

2243 944 2292 997 1.
2336 943 2387 997 4.
2429 941 2482 997 5.
2559 943 2876 996 Modestia.
3310 941 3397 996 10.

2242 1032 2292 1086 1.
2333 1032 2386 1085 4.
2427 1032 2480 1085 6.
2560 1031 3024 1102 Longanimitas.
3305 1031 3392 1083 11.

2239 1121 2288 1173 1.
2332 1121 2384 1172 5.
2426 1121 2480 1174 5.
2558 1119 2969 1174 Mansuetudo.
3311 1118 3398 1171 11.

2239 1191 2288 1242 1.
2331 1191 2383 1243 5.
2425 1190 2478 1243 6.
2556 1190 2931 1260 Benignitas.
3310 1189 3395 1242 12.

2236 1277 2285 1330 1.
2327 1278 2381 1332 6.
2422 1276 2476 1332 6.
2554 1277 2882 1347 Sapientia.
3308 1275 3396 1330 13.

2232 1366 2286 1421 2.
2327 1367 2380 1420 2.
2421 1363 2474 1418 2.
2557 1364 2950 1434 Compunctio.
3338 1364 3370 1416 6

2231 1452 2286 1510 2.
2327 1455 2381 1509 2.
2421 1452 2473 1507 3.
2557 1452 2860 1506 Gaudium.
3335 1453 3367 1505 7

2189 1579 2191 1582 -
2231 1543 2282 1596 2.
2325 1543 2379 1597 2.
2420 1541 2471 1595 4.
2549 1540 2885 1594 Sobrietas.
3335 1540 3388 1592 8.

2228 1629 2282 1684 2.
2323 1630 2375 1684 2.
2418 1631 2469 1683 5.
2549 1629 2899 1682 Delectatio.
3333 1627 3387 1680 9.

2227 1718 2283 1773 2.
2324 1717 2377 1772 2.
2419 1717 2471 1772 6.
2549 1717 2850 1771 Suavitas.
3300 1715 3387 1768 10.

2229 1807 2282 1860 2.
2325 1807 2378 1860 3.
2421 1805 2475 1862 3.
2550 1805 2812 1859 Astutia.
3332 1801 3366 1857 8

2229 1896 2282 1949 2.
2324 1894 2378 1949 3.
2419 1893 2471 1947 4.
2550 1893 2937 1964 Simplicitas.
3332 1888 3386 1944 9.

2227 1983 2280 2036 2.
2321 1982 2376 2036 3.
2418 1984 2470 2036 5.
2548 1980 2958 2052 Hospita/itas.
3300 1979 3386 2032 10.

2226 2070 2278 2126 2.
2320 2070 2374 2124 3.
2416 2070 2469 2125 6.
2547 2070 2846 2123 Parcitas.
3300 2066 3385 2120 11.

2223 2159 2276 2213 2.
2317 2158 2370 2212 4.
2413 2158 2466 2212 4.
2547 2157 2866 2210 Patientia.
3302 2155 3386 2208 10.

2225 2227 2278 2282 2.
2318 2228 2372 2282 4.
2415 2229 2468 2282 5.
2547 2226 2744 2280 Zelus.
3298 2226 3384 2279 11.

2225 2315 2278 2370 2.
2319 2316 2372 2369 4.
2413 2315 2467 2369 6.
2545 2314 2900 2384 Paupertas.
3299 2313 3386 2365 12.

2225 2404 2276 2457 2.
2311 2406 2362 2456 5.
2405 2404 2458 2456 5.
2536 2403 2802 2456 Lenitas.
3296 2400 3383 2452 12.

2222 2491 2274 2545 2.
2317 2493 2369 2544 5.
2412 2490 2463 2543 6.
2558 2489 2904 2560 Virginitas.
3295 2487 3380 2540 13.

2221 2579 2274 2634 2.
2317 2579 2369 2632 6.
2411 2578 2464 2631 6.
2542 2577 2928 2631 Reverentia.
3283 2572 3370 2628 14.

2224 2650 2276 2704 3.
2320 2647 2372 2703 3.
2417 2650 2470 2703 3.
2548 2648 2778 2702 Pietas.
3329 2646 3382 2699 9.

2224 2736 2276 2792 3.
2317 2736 2372 2792 3.
2413 2737 2466 2791 4.
2546 2733 2941 2806 Indulgentia.
3299 2733 3385 2786 10.

2224 2826 2277 2880 3.
2319 2826 2371 2879 3.
2412 2825 2466 2880 5.
2548 2823 2772 2878 Oratio.
3297 2823 3384 2876 11.

2226 2913 2278 2968 3.
2320 2914 2374 2966 3.
2417 2911 2469 2966 6.
2545 2913 2776 2966 Amor..
3298 2909 3385 2964 12.

2227 3001 2279 3055 3.
2320 3000 2374 3054 4.
2416 3001 2470 3054 4.
2549 3000 2842 3054 Judicium
3297 2999 3384 3051 11.

2222 3089 2276 3143 3.
2318 3089 2370 3141 4.
2412 3089 2465 3142 5.
2557 3086 2896 3158 Vigilantia.
3297 3084 3382 3139 12.

2223 3175 2274 3230 3.
2317 3177 2370 3230 4.
2411 3176 2464 3230 6.
2543 3172 2947 3228 Mortiﬁcatio.
3297 3172 3385 3227 13.

2219 3264 2273 3319 3.
2316 3266 2368 3318 5.
2411 3265 2462 3317 5.
2541 3262 2905 3316 Innocentia.
3294 3261 3381 3315 13.

2220 3353 2274 3407 3.
2317 3353 2369 3406 5.
2411 3351 2465 3406 6.
2547 3350 2860 3405 Contritio.
3294 3349 3382 3402 14.

2223 3441 2276 3495 3.
2319 3438 2372 3493 6.
2411 3439 2465 3494 6.
2548 3437 2878 3492 Confessio.
3296 3437 3382 3491 15.

2223 3529 2277 3584 4.
2316 3528 2372 3583 4.
2413 3527 2466 3582 4.
2544 3527 2886 3580 Maturitas.
3296 3524 3381 3578 12.

2222 3618 2276 3672 4.
2316 3615 2370 3670 4.
2412 3617 2464 3669 5.
2549 3613 2921 3669 Sollicitudo.
3297 3611 3384 3668 13.

2223 3705 2276 3759 4.
2317 3705 2371 3758 4.
2412 3703 2465 3757 6.
2547 3703 2912 3757 Constantia.
3298 3702 3384 3756 14.

2225 3794 2278 3846 4.
2319 3793 2372 3845 5.
2414 3793 2469 3846 5.
2546 3789 2914 3845 Intellectus.
3295 3789 3382 3844 14.

2221 3880 2274 3935 4.
2317 3880 2369 3933 5.
2411 3879 2464 3933 6.
2543 3878 2900 3948 Suspiratio.
3295 3878 3382 3931 15.

2223 3967 2276 4022 4.
2321 3967 2373 4022 6.
2417 3967 2470 4022 6.
2550 3965 2777 4020 Fletus.
3297 3965 3385 4020 16.

2223 4056 2276 4110 5.
2317 4056 2370 4110 5.
2412 4055 2465 4109 5.
2541 4053 2857 4108 Hilaritas.
3300 4053 3386 4109 15.

2224 4145 2279 4199 5.
2321 4145 2373 4198 5.
2415 4143 2469 4197 6.
2549 4141 2906 4214 Compassio.
3266 4141 3386 4196 '16.

2223 4233 2276 4286 5.
2317 4230 2371 4285 6.
2411 4228 2465 4285 6.
2547 4228 2945 4284 Coutinentia.
3299 4229 3386 4282 1'7.

2224 4318 2278 4372 6.
2319 4318 2374 4373 6.
2415 4317 2467 4372 6.
2545 4315 2884 4370 Humilitas.
3300 4315 3386 4369 18.

1808 4555 2086 4620 NOTAE.

279 4706 430 4775 (176)
465 4705 793 4781 Folcpinus
818 4705 1004 4781 abbas
1036 4705 1371 4781 Lebiensis,
1406 4707 1580 4781 testis
1599 4708 1669 4763 de
1689 4724 1876 4763 seme-
1903 4691 1956 4751 D
1985 4709 2222 4781 legitur,
2257 4704 2673 4781 utin‘Bruxell.
2705 4703 2954 4781 n._2688,
2986 4705 3338 4781 plerumque
3368 4705 3636 4781 tVib‘oIdi

214 4780 367 4849 tipso
400 4782 562 4830 certe
595 4777 708 4849 fide
739 4777 1152 4849 dignissimus.
1188 4779 1245 4830 in
1261 4779 1460 4832 Gestis
1503 4781 1635 4833 abb.
1665 4781 1871 4848 Laub.,

215 4846 392 4914 (£28,
425 4849 555 4901 haec
589 4847 761 4900 tradit
797 4846 848 4915 a,
882 4846 987 4900 965
1018 4847 1167 4900 facta
1230 4864 1240 4902 :
1293 4849 1638 4902 Iv‘olnuinum
1682 4893 1694 4904 .
1743 4893 1753 4903 .
1801 4892 1812 4903 .
1860 4846 1872 4902 ζ

221 4920 474 4972 Coloniae
507 4919 892 4988 inpresentia
921 4918 1220 4988 imperiali
1255 4960 1266 4972 .
1304 4960 1316 4972 .
1356 4961 1366 4972 .
1403 4921 1676 4974 ordinari
1708 4920 1872 4975 fecit.

219 4991 545 5062 Ordinatus
583 4996 674 5041 est
688 5005 846 5062 ergo,
865 4989 938 5062 ab
957 4988 1254 5062 Ingranno
1288 4989 1707 5062 Camreracensi
1726 4993 1876 5062 epis-

217 5077 370 5130 c0po,
412 5061 476 5113 in
512 5061 638 5130 ipso
674 5058 1246 5130 Dominirna’talicio,
1282 5061 1437 5129 quod
1471 5062 1687 5115 festum
1747 5058 1876 5115 Otto

217 5128 419 5203 revera
452 5128 605 5183 anno
663 5133 884 5183 tantum
914 5128 1018 5184 965
1048 5128 1457 5203 Coloniajegit.
1493 5133 1642 5203 Iiinc
1674 5134 1878 5201 sequi-

223 5206 314 5254 tur
346 5200 733 5272 Engrannum
768 5217 883 5272 non
913 5203 1072 5272 fante
1102 5202 1158 5254 d.
1193 5201 1260 5254 26
1295 5200 1430 5256 Déc.
1477 5202 1580 5256 965
1629 5200 1874 5256 obiisse.

217 5275 287 5324 At
318 5287 427 5324 nec
453 5271 632 5324 multo
665 5275 798 5340 post
827 5271 1141 5324 defunctus
1175 5287 1311 5324 esse
1342 5279 1554 5342 potest,
1589 5273 1640 5326 si
1671 5289 1878 5327 revera

218 5344 554 5395 Ansbertus
612 5342 871 5412 quinque
909 5343 1080 5395 annis
1141 5343 1311 5412 sedit,
1361 5344 1678 5398 Wiboldus
1738 5361 1874 5412 uno,

218 5419 274 5466 ut
304 5417 514 5466 noster
546 5428 595 5465 c.
625 5412 692 5465 88
715 5416 771 5465 et
800 5412 862 5465 91
901 5413 1095 5466 tradit.

284 5483 434 5549 (177')
467 5485 584 5535 Aut
618 5483 923 5536 Arnulfum
945 5484 1270 5551 Juniorem,
1292 5485 1581 5539 Flandriee
1607 5485 1880 5540 comitem

216 5554 346 5626 inde
361 5553 532 5626 1191.27
549 5552 738 5606 Martii
752 5553 981 5623 965,aut
995 5569 1126 5608 eum
1141 5557 1239 5626 qui
1259 5557 1410 5609 infra
1430 5556 1553 5610 c.95
1567 5557 1876 5610 indicatur.

281 5623 433 5693 (178)
468 5624 513 5677 Ι.
548 5639 600 5678 e.
662 5627 1059 5694 contumaces;
1113 5623 1186 5681 cf.
1249 5625 1597 5682 Ecclesiast.
1632 5643 1753 5695 xvx,
1789 5627 1876 5680 12.

217 5694 298 5749 [ιε
329 5695 518 5749 (Ξωιῖ.

284 5764 434 5837 (179)
466 5765 697 5840 Seqens
725 5767 924 5839 ludus,
967 5767 1028 5825 in
1075 5767 1382 5827 codicibus
1413 5770 1514 5827 ubi
1562 5768 1880 5843 separatim

1981 4775 2108 4834 aléa
2131 4775 2434 4850 regularis
2456 4776 3224 4850 dictus,_originemdebere
3246 4776 3477 4830 videtur
3498 4775 3638 4850 ludo

1978 4845 2373 4920 Pythagorico
2405 4864 2512 4903 seu
2542 4845 3097 4920 ,Hythmomachiap,
3142 4846 3219 4920 de
3269 4845 3642 4920 quamegiin

1979 4915 2350 4974 Animalibus
2370 4919 2588 4973 nostris
2612 4915 2762 4985 VIII,
2786 4915 2909 4982 383,
2943 4916 3066 4982 488,
3101 4917 3152 4970 si
3169 4920 3360 4971 tamen
3387 4915 3640 4971 illa’Wi-

1978 4992 2154 5045 boldo
2186 4991 2480 5059 antiquior
2511 4994 2620 5043 est.
2646 4989 2817 5041 Hunc
2851 4987 3113 5059 V‘Viboldi
3145 4987 3347 5040 ludum
3378 4988 3639 5042 carmine

1978 5063 2200 5116 Gallico
2235 5058 2506 5114 tractavit
2531 5060 2828 5126 Houillon,
2862 5058 3060 5129 Lejeu
3092 5059 3167 5111 du
3189 5059 3474 5130 seigneur
3519 5059 3641 5112 Wi-

1979 5132 2137 5187 bold.
2172 5132 2442 5186 Cambrai
2477 5130 2632 5199 1832,
2659 5131 2711 5184 8.

2050 5205 2067 5223 ‘
2099 5203 2363 5258 Seorsim
2384 5203 2511 5272 jam
2544 5202 2812 5256 dedimus
2845 5201 2908 5272 in
2961 5201 3271 5272 \Viuoapo,
3333 5199 3403 5272 ad
3428 5217 3645 5272 annum

1979 5273 2103 5341 965,
2137 5271 2529 5343 PaserIOgiae
2563 5277 2701 5326 tom.
2763 5271 3074 5339 CXXXIV,
3111 5271 3222 5326 col.
3260 5271 3416 5339 1007,
3470 5271 3644 5342 juxta

1981 5345 2294 5399 editionem
2329 5344 2395 5396 V.
2431 5344 2504 5397 cl.
2541 5344 2607 5396 D.
2643 5343 2884 5414 Leglay;
2917 5343 3023 5396 sed
3069 5359 3140 5396 ne
3202 5343 3426 5397 omisso
3458 5345 3639 5410 textu,

1981 5420 2037 5470 et
2069 5416 2302 5485 quidem
2333 5414 2711 5482 brevissimo,
2743 5413 2897 5466 notae
2931 5415 3104 5467 simul
3152 5414 3482 5468 doctissimi
3515 5413 3640 5467 edi-

1979 5488 2125 5540 toris
2157 5485 2485 5539 Germanici
2513 5485 2942 5551 desiderentur,
2979 5486 3132 5538 unde
3193 5485 3376 5538 textui
3427 5499 3640 5554 magna

1982 5558 2339 5612 obscuritate
2369 5557 2628 5610 involuto
2661 5557 2759 5608 lux
2778 5571 2895 5609 non
2914 5571 3094 5624 parva
3113 5554 3372 5681 aifqéget,
3406 5557 3639 5624 iterum,

1982 5629 2076 5681 hic
2089 5628 2374 5681 recudere
2395 5642 2591 5681 operae
2610 5627 2861 5681 pretium
2881 5626 3174 5681 ducimus.
3259 5644 3372 5681 mr.
3406 5627 3639 5681 Parne-

1981 5629 2076 5682 hic
2089 5628 2374 5682 recudere
2395 5642 2591 5697 operae
2610 5627 2861 5697 pretium
2881 5626 3174 5683 ducimus.
3208 5626 3372 5681 Em.
3406 5627 3640 5681 Parne-

1981 5715 2188 5754 LOGL‘E.
