4098 6196
370 298 451 364 87
1277 294 1552 358 GESTA
1594 293 2121 361 PONTIFICUM
2160 294 2894 361 CAMERAC’ENSIUM
2914 343 2928 358 .
3727 297 3804 362 88

452 520 475 547 ‹‹
507 498 714 555 Cleros
745 496 953 565 eolice,
976 494 1249 551 latialiter
1278 510 1415 550 sors
1436 495 1669 562 dicitur;
1695 495 1831 549 hinc
1853 495 2035 550 clero-
2058 476 2117 537 Α
2146 494 2402 566 singulae
2418 494 2537 549 sibi
2550 494 2854 564 virtutum,
2869 495 3118 550 virtutes
3141 497 3318 569 legat.
3340 498 3535 553 Prima
3547 498 3802 569 quidem,

379 587 575 644 nomia
617 586 941 655 hereditas,
985 585 1363 639 cleronomus
1404 584 1605 649 heres;
1666 584 1801 638 inde
1833 584 2034 638 clerici

376 676 809 744 nuncupantur,
842 689 913 727 eo
944 673 1101 744 quod
1131 673 1250 727 sint
1278 673 1350 726 de
1381 676 1543 726 sorte
1566 672 1815 726 Domini.
1835 672 2037 727 Canon

378 762 588 832 Grece,
621 763 828 815 Latine
860 762 1091 832 regula;
1116 761 1189 815 ab
1222 777 1290 815 eo
1308 762 1577 815 canonici
1606 761 1916 832 regulares
1935 777 2035 815 no-

380 851 701 906 minantur.
724 848 884 920 Ergo
916 849 1052 919 quia
1071 849 1228 903 idem
1258 864 1446 904 canon
1468 879 1537 889 —
1565 850 1843 920 quoniam
1864 865 1896 903 a
1913 865 2042 919 per-

382 938 519 992 ﬁdis
550 941 608 991 et
636 952 743 1006 spe
762 937 903 991 boni
925 937 1264 992 carentibus
1294 938 1421 991 alea
1438 940 1671 1007 reperta
1701 941 1875 1008 atque
1907 954 2039 1006 pra-

380 1042 456 1081 ve
486 1024 700 1080 usitata
726 1028 819 1079 est
838 1028 986 1079 —ut
1015 1025 1400 1095 discordiam,
1432 1024 1697 1096 perjuria
1727 1028 2039 1095 ceteraque

379 1114 543 1183 vitia,
568 1112 820 1167 clericos
852 1114 1146 1167 interdicit
1166 1113 1458 1167 aleatores
1489 1113 1616 1168 fore
1652 1130 1663 1166 :
1700 1114 1874 1184 opido
1904 1130 2041 1168 con-

382 1203 571 1271 decet,
602 1204 665 1255 ut
695 1202 919 1255 relictis
966 1202 1126 1256 vitiis
1150 1203 1513 1255 examussim
1544 1202 1660 1256 sibi
1691 1203 1909 1274 quique
1928 1204 2044 1256 vir-

383 1292 543 1345 tutes
564 1289 906 1367 sortiantur.
940 1289 1111 1343 Libet
1133 1289 1349 1359 itaque,
1382 1306 1456 1343 ex
1503 1291 1707 1345 eadem
1737 1307 1852 1361 qua
1889 1308 2041 1361 prae-

381 1378 487 1432 fati
501 1393 710 1432 sumus
742 1377 868 1432 alea
896 1377 1189 1448 quendam
1222 1377 1552 1432 clericalem
1577 1382 1632 1432 et
1646 1382 1705 1433 ut
1726 1379 1804 1433 ita
1836 1379 2045 1434 dixeri-

382 1482 552 1519 musr
564 1467 1015 1537 egularem,non
1030 1466 1342 1520 cavillandi
1356 1466 1608 1537 aliquem
1623 1484 1819 1533 causa,
1830 1469 1932 1522 sed
1951 1483 2046 1522 ex-

384 1554 666 1608 ercitandi
694 1554 905 1624 gratia,
927 1569 1163 1609 comere
1184 1555 1406 1609 ludum.
1445 1555 1765 1611 Karitatem
1784 1557 2043 1612 omnium

380 1642 772 1713 principatum
804 1642 1069 1698 obtinere
1121 1644 1420 1712 virtutum,
1481 1660 1653 1699 nemo
1712 1646 1813 1717 qui
1859 1646 2044 1700 verba

386 1730 675 1802 Evangeli
705 1731 992 1785 dicentis:
1050 1754 1070 1777 «ι
1105 1732 1167 1784 ln
1205 1732 1300 1785 his
1352 1733 1583 1787 duobus
1634 1735 1911 1789 universa
1948 1735 2044 1790 lex

2148 583 2429 652 secunda,
2462 583 2663 637 ultima
2694 585 2751 636 et
2778 582 3096 653 penultima
3130 585 3401 657 singulas
3433 585 3605 657 (185);
3637 588 3801 640 tertia

2144 674 2202 726 et
2228 671 2688 741 antepenultima
2745 672 2941 740 binas;
2998 688 3252 744 quaeque
3305 675 3455 728 intra
3487 675 3616 745 ipsa
3646 678 3799 745 sunt,

2144 760 2476 836 similitera
2502 760 2792 831 principio
2834 763 2891 815 et
2923 760 3036 814 fine
3068 777 3259 831 usque
3293 763 3365 815 ad
3395 765 3648 833 quatuor
3675 779 3799 817 me-

2142 848 2389 919 diasque
2423 864 2602 902 senas
2619 849 2865 919 junctm,
2888 851 3112 917 ternas,
3141 852 3460 920 quaternas
3480 851 3572 905 vel
3587 852 3798 922 quinas

2141 938 2429 1007 recipiunt
2456 938 2737 1005 virtutes,
2773 940 2829 991 et
2884 938 3243 1008 vigesimum
3272 940 3527 1009 primum
3555 940 3616 993 in
3665 955 3801 995 sese

2140 1026 2395 1081 invicem
2425 1041 2662 1095 semper
2677 1025 3012 1095 exprimunt
3024 1041 3352 1081 numerum.
3373 1027 3519 1082 Sunt
3549 1028 3730 1099 igitur
3742 1029 3807 1097 3,-

2140 1116 2194 1184 4,
2230 1114 2316 1184 17,
2348 1117 2405 1168 et
2424 1113 2511 1183 18,
2549 1115 2650 1185 qui
2679 1114 2950 1185 singulas
2980 1115 3319 1183 metiuntur,
3354 1115 3676 1169 Karitatem
3709 1116 3802 1169 vi-

2143 1203 2375 1272 delicet,
2409 1202 2631 1272 Fidem,
2664 1201 3091 1257 Continentiam
3127 1207 3183 1256 et
3214 1203 3635 1273 Humilitatem;
3675 1202 3709 1258 5
3740 1207 3798 1258 et

2144 1291 2231 1361 16,
2266 1292 2366 1361 qui
2394 1291 2587 1359 binas,
2608 1290 2783 1361 Spem
2802 1292 2859 1345 et
2874 1290 3271 1359 For-tudinem,
3307 1291 3533 1346 Fletum
3556 1296 3612 1346 et
3631 1290 3799 1346 Com-

2142 1380 2506 1450 passionem;
2537 1378 2570 1434 6
2594 1381 2651 1432 et
2680 1379 2748 1432 15
2768 1381 2988 1448 ternas,
3011 1380 3311 1433 Justitiam
3327 1380 3542 1434 Pacem
3569 1382 3627 1434 et
3639 1379 3805 1434 Com-

2144 1468 2543 1539 punctionem;
2558 1466 3011 1522 Confessionem
3024 1467 3493 1538 Suspirationem
3515 1472 3572 1522 et
3584 1469 3803 1521 Hilari-

2145 1559 2342 1627 tatem;
2373 1556 2405 1609 Ἵ
2437 1560 2493 1611 et
2543 1555 2629 1625 14,
2664 1560 3004 1626 quaternas,
3050 1557 3430 1611 Prudentium
3469 1555 3809 1611 Castitatem

2148 1646 2443 1699 Timorem
2475 1647 2530 1698 et
2558 1643 2865 1714 Gaudium,
2910 1644 3337 1698 Reverenciam
3377 1643 3811 1699 Contricionem

2151 1732 2554 1788 Constantiam
2603 1735 2661 1786 et
2691 1732 3076 1796 Intellectum;
3109 1733 3142 1785 8
3171 1736 3227 1786 et
3256 1733 3323 1787 13
3354 1733 3585 1803 quinas,
3636 1732 3815 1787 Tem-

387 1819 604 1888 pendet
623 1821 680 1873 et
689 1820 994 1889 prophetae
1011 1820 1247 1890 (Matth.
1264 1838 1409 1890 xxn,
1433 1822 1546 1893 40),
1566 1844 1587 1872 η
1604 1823 1900 1896 intelligit,
1916 1839 2047 1878 nes-
2071 1821 2125 1884 B
2150 1821 2474 1893 perantiam
2492 1820 2957 1875 Misericordiam
2975 1819 3411 1875 Providentiam
3425 1819 3815 1875 Sobrietatem

392 1907 489 1961 cit.
506 1906 782 1978 Ubiergo
808 1911 963 1962 tanta
994 1909 1363 1978 profunditas
1392 1914 1588 1966 manet
1608 1916 1834 1966 vastam
1865 1913 2045 1967 uber-

389 1994 719 2066 rimamque
736 1996 1016 2050 virtutum
1027 1999 1411 2071 propaginem
1425 1999 1497 2055 de
1516 2016 1582 2054 se
1596 2015 1702 2070 pro
1711 2000 2047 2072 fert.Itaque

389 2098 679 2154 ponamus
710 2083 1033 2138 Karitatem
1051 2102 1183 2140 cum
1214 2102 1321 2141 sua
1353 2089 1690 2143 multimoda
1721 2090 1931 2144 subole
1948 2107 2051 2144 no-

390 2170 688 2243 minatam,
723 2176 779 2226 et
811 2173 1135 2244 singularis
1164 2175 1500 2246 quibusque
1556 2193 1836 2232 numeros
1871 2180 2051 2232 sorti-

390 2259 506 2313 bus
555 2258 656 2313 tali
709 2260 1108 2316 moderamine
1160 2278 1460 2334 congruos
1508 2268 1798 2336 aptemus,
1844 2269 1907 2320 ut
1937 2267 2051 2321 isto

390 2346 696 2416 contineri,
712 2349 870 2417 quod
899 2348 999 2402 illa
1030 2351 1386 2421 examinare,
1418 2367 1611 2423 neque
1651 2353 1762 2408 hac
1794 2355 2047 2419 ostendi,

390 2435 549 2506 quod
578 2434 674 2489 hic
697 2435 788 2490 fas
818 2437 896 2491 sit
925 2444 1177 2509 nequeat
1200 2440 1463 2494 invenire
1482 2440 1649 2511 (180).
1675 2444 1724 2496 A
1742 2443 2051 2513 principali

342 2554 345 2559 ~
391 2523 685 2594 siquidem
713 2526 1060 2596 principalis
1116 2527 1472 2599 principium
1522 2531 1792 2601 inicians,
1827 2547 2051 2602 perque

388 2608 685 2667 binarium
714 2629 783 2667 ac
839 2617 1069 2670 ceteros
1100 2633 1292 2687 usque
1323 2618 1397 2671 ad
1447 2620 1749 2674 senarium
1772 2636 2048 2690 currens,

392 2700 607 2755 suimet
637 2717 959 2774 eorumque
998 2706 1365 2760 revolutione
1394 2707 1703 2778 tripertita,
1737 2706 1807 2764 20
1822 2714 2051 2763 sanctae

388 2789 595 2843 matris
622 2791 918 2846 contineat
947 2792 1099 2846 ﬁlias
1130 2795 1186 2846 et
1223 2793 1283 2846 in
1313 2793 1610 2865 Sapientia
1641 2796 1848 2851 limitet
1877 2799 2047 2869 (181).

389 2878 650 2949 Postque
676 2879 944 2933 binarius
974 2878 1415 2950 Conpunctione
1448 2884 1756 2954 inchoans,
1790 2885 1859 2940 15
1881 2887 2052 2959 ejus-

389 2966 542 3037 dem,
570 2968 960 3033 Reverentiaa;
995 2968 1135 3023 hinc
1166 2971 1487 3042 ternarius,
1522 2989 1554 3026 a
1601 2975 1888 3043 principio
1921 2976 2050 3031 Pie-

387 3055 545 3110 tatis.
579 3054 667 3127 10,
703 3056 1191 3128 Exmologeseos;
1219 3060 1424 3131 sicque
1448 3064 1858 3131 quaternarius
1880 3081 1913 3118 a
1929 3065 2049 3118 Ma-

2154 1913 2212 1966 et
2235 1910 2529 1978 astutiam,
2564 1909 2919 1978 Sapientiam
2951 1909 3360 1981 Virginitatem
3387 1906 3462 1948 131
3496 1908 3805 1963 Mortifica-

2151 2000 2371 2054 tionem
2402 1998 2803 2052 Innocentiam
2832 2000 2889 2051 et
2932 1996 3421 2067 Sollicitudinem;
3451 1997 3485 2051 9
3535 2000 3591 2051 et
3613 1994 3689 2038 13’
3713 1996 3804 2066 10,

2154 2089 2216 2143 11
2251 2091 2308 2142 et
2338 2085 2404 2141 12
2437 2101 2613 2141 senas
2645 2087 3008 2154 discernunt,
3033 2086 3459 2140 Obmdientiam
3491 2085 3814 2140 Discretio-

2152 2193 2288 2233 nem
2318 2176 2644 2231 Bonitatem
2659 2175 3114 2230 Delectationem
3132 2174 3575 2244 Simplicitatem
3596 2177 3653 2228 et
3673 2174 3811 2228 Pie-

2152 2269 2349 2334 tatem,
2380 2264 2895 2319 Perseverantiam
2925 2263 3277 2317 Modestiam
3298 2262 3661 2316 Suavitatem
3693 2263 3823 2317 Ho-

2156 2354 2471 2424 spitalitem
2500 2352 2845 2411 Patientiam
2865 2352 3096 2407 scilicet
3112 2356 3167 2405 et
3188 2351 3636 2423 lndulgentiam,
3654 2352 3813 2406 Lon-

2155 2443 2554 2514 ganimitatem
2619 2441 3131 2495 Mansuetudinem
3198 2440 3550 2495 Parcitatem
3610 2440 3813 2494 Zelum

2154 2531 2487 2585 Orationem
2516 2545 2751 2601 quoque
2767 2532 2825 2583 et
2853 2529 3172 2597 Judicium,
3198 2528 3627 2600 Benignitatem
3656 2529 3817 2582 Pau-

2153 2622 2438 2689 pertatem
2459 2619 2786 2674 Lenitatem
2816 2619 3093 2672 Amorem
3124 2617 3500 2689 Vigilantiam
3532 2616 3817 2687 utiqueac

2154 2708 2562 2761 Maturitatem.
2603 2706 2673 2761 Et
2703 2710 2765 2760 ut
2794 2722 2901 2776 per
2949 2706 3186 2777 singula
3240 2705 3553 2759 redeamus
3589 2721 3601 2759 :
3635 2704 3817 2775 cujus

2153 2812 2261 2866 per
2287 2795 2628 2866 ternarium,
2687 2793 2803 2848 nisi
2833 2793 3310 2848 sanctificatricis
3341 2796 3399 2847 et
3427 2793 3487 2847 in
3544 2792 3818 2863 ejusdem

2154 2884 2456 2940 redeuntis
2504 2884 2773 2952 principii
2827 2884 3107 2937 unitatem
3153 2881 3508 2935 vocabulum
3547 2881 3821 2952 signabi-

2154 2989 2288 3027 mus
2320 2971 2654 3026 Trinitatis?
2682 2970 2833 3035 Quid
2856 2974 3049 3025 autem
3078 2985 3186 3040 per
3201 2970 3664 3039 quaternarium,
3699 2970 3826 3023 nisi

2156 3066 2406 3134 quatuor
2437 3060 2941 3131 evangelistarum
2969 3058 3144 3113 tubas
3176 3056 3256 3100 133
3278 3060 3307 3112 ?
3366 3058 3441 3111 Hi
3486 3058 3664 3113 simul
3694 3058 3821 3112 col-

389 3143 643 3214 turitate,
677 3144 728 3210 6,
755 3143 977 3212 Fletus;
1002 3148 1075 3202 ab
1100 3147 1402 3204 Hilaritate
1435 3166 1669 3222 quoque
1719 3153 2048 3224 quinarius,
2080 3160 2134 3223 ο
2157 3151 2278 3221 lati,
2311 3150 2471 3204 illam
2524 3148 2985 3216 sanctissimam,
3019 3146 3253 3217 plenam
3302 3146 3477 3201 donis
3520 3146 3820 3200 karisma-

390 3232 424 3285 3
458 3233 864 3303 conplectens,
909 3234 1296 3292 Continentiee
1345 3239 1459 3294 ﬁne
1517 3239 1823 3296 claudetur
1878 3242 2048 3311 (182).

392 3319 675 3376 Senarius
698 3338 842 3377 vero
872 3323 1136 3393 ultimus,
1167 3327 1229 3379 ut
1260 3326 1488 3396 primus
1507 3327 1888 3398 Simplicitate
1916 3346 2057 3401 gau-

389 3408 539 3463 dens
555 3407 730 3479 (183);
753 3412 1059 3466 custodem
1088 3412 1368 3468 virtutum
1408 3417 1717 3485 possideat
1736 3417 2053 3483 Humilita-

387 3498 527 3551 tem.
561 3496 922 3563 Quaeisimul
945 3498 1168 3569 juncta
1197 3501 1267 3556 56
1288 3501 1453 3557 ﬁunt.
1485 3502 1555 3557 Et
1611 3503 1664 3558 si
1711 3504 2055 3577 diligentius

388 3584 802 3656 respiciamus,
821 3586 1198 3656 intuebimur,
1231 3589 1389 3660 quod
1421 3590 1550 3646 haec
1570 3594 1925 3664 progressio
1942 3612 2049 3650 nu-

391 3688 711 3745 merorum,
742 3690 777 3730 a
805 3675 1063 3731 ternario
1111 3677 1490 3735 ocdenarium
1549 3681 1846 3738 scandens
1880 3680 2053 3754 (184),

2160 3244 2301 3306 tum,
2362 3238 2769 3308 septiformem
2817 3235 3066 3308 gratiam
3136 3236 3563 3290 demonstrant.
3614 3233 3824 3304 Septe-

2160 3329 2364 3383 narius
2394 3343 2538 3381 vero
2594 3326 2689 3380 bis
2732 3324 2948 3393 dictus,
2991 3327 3047 3379 et
3091 3328 3398 3393 assumpto
3438 3323 3694 3378 ternario
3751 3321 3824 3376 17

2162 3416 2656 3488 quaternarioque
2714 3413 2801 3481 18,
2842 3427 2984 3466 ecce
3014 3412 3284 3483 qualiter,
3305 3412 3360 3480 3,
3382 3412 3415 3465 Ἷ
3477 3414 3649 3482 atque
3678 3411 3712 3464 4
3761 3410 3828 3464 in

2163 3520 2301 3561 sese
2332 3504 2600 3559 redeunt.
2632 3502 2968 3556 Possumus
2997 3500 3170 3554 etiam
3193 3500 3280 3571 10,
3294 3500 3563 3572 decalogi
3576 3499 3826 3554 manda-

2161 3599 2283 3649 tum
2301 3592 2458 3663 quod
2487 3592 2600 3646 sub
2631 3592 2764 3664 lege
2797 3590 3093 3661 quondam
3122 3592 3180 3644 et
3207 3605 3364 3644 nunc
3392 3586 3473 3631 1³4
3491 3590 3603 3644 sub
3629 3588 3829 3660 gratia

2164 3684 2459 3754 operatur,
2484 3683 2561 3752 et,
2595 3680 2647 3752 8,
2665 3683 2934 3736 octavam
2945 3695 3079 3752 quae
3092 3678 3346 3735 necdum
3361 3678 3558 3752 agitur
3569 3680 3798 3734 aetatem
3808 3719 3825 3748 ,

1700 3848 1996 3912 VARIIE
2024 3848 2503 3915 LECTIONES.

458 4020 534 4107 iiii
579 4024 937 4107 virginitatis
967 4023 1135 4107 11.133
1161 4024 1230 4107 I_I.
1275 4042 1478 4086 omnes
1506 4031 1765 4087 correxit
1796 4030 1962 4092 Colv.
1996 4030 2077 4076 133
2104 4031 2484 4107 evangelicae
2512 4030 2688 4087 tubas
2717 4028 2773 4085 3.
2824 4026 3224 4102 evangelistas
3261 4026 3468 4083 turbas
3499 4024 3550 4082 1.
3582 4024 3662 4070 134
3690 4045 3725 4080 ιι
3763 4024 3791 4080 1
3811 4068 3826 4083 .

392 4114 452 4156 n.
488 4096 543 4155 5.
575 4096 753 4169 non2;
785 4096 1055 4156 correxit
1087 4097 1253 4155 001v.

1968 4227 2243 4291 ΝΟΤΛΕ.

459 4375 586 4449 (180
615 4373 991 4433 Constructio
1020 4376 1150 4432 haec
1172 4393 1312 4435 esse
1341 4379 1577 4435 videtur
1619 4397 1631 4436 :
1660 4387 1720 4437 ut
1741 4382 1858 4437 isto
1912 4382 2048 4449 (nu-

385 4447 576 4517 mero)
595 4448 895 4503 contineri
910 4456 1191 4524 nequeat,
1221 4451 1370 4524 quod
1390 4450 1691 4524 i11a_(sors)
1706 4447 2052 4524 examinare

385 4467 553 4503 mero
557 4467 576 4517 )
595 4467 890 4503 contineri
922 4467 1190 4521 nequeat,
1261 4467 1367 4506 uoa
1390 4467 1488 4506 ma
1507 4467 1691 4524 (sors)
1706 4468 2052 4508 examinare

385 4524 662 4595 nequeat,-
680 4533 869 4595 neque
898 4520 1009 4595 hac
1050 4467 1259 4590 (sorte!)
1281 4522 1519 4577 ostendi
1546 4522 1643 4577 fas
1680 4524 1762 4578 sit
1784 4523 1934 4595 quod
1954 4524 2053 4577 hic

386 4589 718 4714 (numerus)
734 4589 797 4643 in
807 4590 1015 4644 venire
1031 4589 1303 4662 nequeat;
1328 4598 1387 4646 et
1409 4594 1700 4648 sententia
1724 4610 1736 4649 :
1764 4589 1909 4649 aleae
1924 4609 2056 4664 quo-

410 4661 538 4714 ibet
553 4660 723 4714 modo
740 4663 925 4714 jactaa
958 4677 1244 4714 nunquam
1286 4679 1564 4714 numeros
1605 4665 1753 4714 dare
1814 4669 2054 4714 nossunt

410 4660 538 4735 'ibet
553 4660 925 4735 modo‘jactaa
958 4660 1245 4735 nunquam
1262 4679 1564 4735 Anumeros
1605 4665 1753 4721 dare
1808 4660 2054 4735 possunt

388 4731 488 4803 qui
517 4746 629 4786 non
653 4731 830 4786 etiam
860 4732 922 4785 in
965 4731 1193 4786 una‘ex
1217 4731 1287 4786 56
1322 4733 1590 4789 sortibus
1627 4731 2017 4790 inveniantur
2036 4754 2052 4794 .-

389 4817 582 4874 ueque
627 4818 924 4874 qumquam
970 4818 1049 4856 ex
1092 4803 1193 4874 [iis
1233 4804 1503 4859 sortibus
1552 4822 1831 4861 numeros
1879 4806 2053 4861 exhi-

385 4872 507 4940 bet,
522 4872 751 4948 quinam
766 4872 952 4948 etiam
964 4874 1027 4948 in
1049 4873 1201 4928 aleis
1216 4874 1432 4948 cadere
1453 4875 1765 4948 aliquando
1778 4877 2014 4948 possint
2037 4896 2053 4931 .-

390 4956 500 5022 seu
521 4945 583 4995 ut
610 4943 874 5022 breviter
922 4944 1226 5022 dicamus:
1264 4947 1413 5022 quod
1442 4943 1702 5022 aiearum
1760 4943 2053 5022 combina-

388 5016 602 5091 tiones,
639 5018 722 5091 to_t
755 5021 955 5091 sortes
984 5016 1300 5091 habentur.
1336 5018 1577 5091 Boetius
1602 5019 1747 5089 Epo,
1781 5036 1814 5073 a
1845 5018 2053 5091 Golve-

386 5082 554 5135 nerio
568 5081 867 5159 laudatus,
900 5087 1200 5159 italocum
1233 5088 1485 5159 explicat
1519 5106 1530 5142 ε
1571 5113 1591 5135 «ε
1615 5081 1709 5143 Α’ἱὶ
1732 5081 2051 5144 Wiboldus

388 5167 457 5207 se
476 5152 701 5276 cuique
730 5152 929 5210 virtuti
964 5157 1233 5213 daturum
1264 5152 1576 5214 numerum
1625 5161 1899 5232 aliquem,
1952 5162 2051 5231 qui

388 5239 490 5276 um
520 5238 590 5276 80
618 5240 633 5275 ι
665 5229 972 5276 congruat.
1009 5245 1301 5276 mlemmm
1332 5230 1553 5276 frustra
1589 5231 1722 5276 ιιιίἣί
1755 5232 2045 5276 νρηιιίιιρς,

383 5229 490 5303 uni
520 5229 633 5303 soli
665 5229 990 5303 congruat,
1009 5245 1306 5303 quemque
1332 5230 1556 5285 frustra
1589 5229 2047 5303 alibi'requiras.

389 5268 490 5278 ..---
520 5268 633 5277 ην--
668 5268 777 5278 νυ..
826 5268 955 5280 ...μυ
1053 5268 1182 5284 μυ...
1231 5268 1300 5284 ..υ
1335 5268 1556 5285 nam...
1589 5268 1725 5287 ...ιω
1756 5268 1817 5286 ,υ
1868 5268 2047 5286 unus.

387 5295 450 5348 Id
471 5296 664 5375 autem
685 5268 1092 5375 sicoin‘teliigie,
1126 5268 1504 5375 ut‘cub‘orum
1534 5268 1886 5372 superficieis
1944 5319 2049 5375 su-

427 5368 654 5454 eriores
687 5368 976 5454 attendas,
1007 5368 1257 5451 quarum
1287 5368 1657 5454 singularum
1680 5374 2049 5454 numerosin

409 5440 569 5516 atere
591 5439 872 5516 virtutum
883 5440 1188 5516 requirere
1211 5439 1468 5516 cogaris.
1490 5444 1568 5499 Ut
1584 5445 1814 5500 siverbi
1839 5445 2044 5516 gratia,

375 5506 562 5584 iactis
596 5507 768 5584 cubis
816 5506 1039 5584 habeas
1084 5513 1210 5584 tres
1266 5506 1549 5584 b'inarios,
1614 5516 1724 5569 bos
1767 5506 1872 5569 adw
1894 5506 2048 5569 latus

384 5576 869 5656 Compunctionis
901 5581 1187 5656 reperies,
1224 5584 1363 5637 alibi
1394 5576 1706 5656 nusquam.
1741 5586 1975 5655 Alioqui
1995 5585 2048 5638 si

381 5650 508 5702 tres
538 5648 1194 5727 binariosprousenario
1223 5669 1468 5710 numero
1481 5648 1765 5727 accipias,“
1797 5648 2045 5710 eundem

382 5720 655 5789 reperies
684 5720 745 5774 in
776 5720 1012 5777 Justitia
1043 5726 1098 5777 et
1129 5723 1302 5780 Pace.
1343 5745 1365 5775 ν

455 5791 604 5866 (181)
634 5792 695 5845 Id
726 5795 819 5848 est
851 5810 861 5847 :
895 5794 1240 5866 principalis
1300 5811 1605 5866 numerus,
1641 5798 1692 5865 1,
1738 5798 1919 5852 currit
1975 5798 2045 5851 ad

384 5862 703 5937 senarium,
734 5862 926 5940 primo
954 5881 1061 5939 per
1091 5862 1120 5923 1
1156 5866 1228 5925 ab
1255 5866 1371 5923 1-
1420 5865 1473 5936 6,
1507 5862 1717 5925 deinde
1748 5884 1855 5940 per
1883 5868 1916 5925 2
1951 5884 1984 5923 a
2012 5868 2044 5923 2

2079 4633 2133 4694 D

2169 4380 2308 4450 —6,
2343 4381 2465 4434 tum
2494 4392 2601 4448 per
2628 4374 2661 4432 3
2691 4392 2724 4430 a
2753 4373 2874 4450 3T
2901 4374 2957 4445 6;
2990 4379 3048 4431 et
3075 4376 3169 4450 sic
3211 4372 3512 4450 deinceps
3532 4371 3687 4426 linea
3716 4370 3835 4450 tri-

2167 4444 2376 4520 partita
2431 4444 2776 4520 decurrens,
2815 4446 2879 4501 21
2905 4444 3409 4520 Acombinationes
3436 4444 3593 4520 “sive
3628 4444 3836 4520 sortes

2171 4516 2371 4588 efficit,
2405 4536 2538 4591 quae
2569 4518 2870 4591 continent
2898 4516 2968 4571 20
3017 4518 3268 4572 virtutes
3307 4516 3524 4585 praeter
3580 4516 3839 4567 matrem

2167 4590 2439 4646 omnium’
2454 4590 2785 4645 Caritatem.

2239 4661 2389 4732 (182)
2418 4663 2481 4717 Id
2511 4664 2603 4717 est
2634 4659 2942 4732 :Postque
2980 4657 3274 4732 binarius,
3298 4672 3331 4732 a
3392 4654 3838 4732 Conpunctjone

2166 4723 2471 4806 inchoans,
2491 4730 2824 4806 quindecim
2842 4723 3112 4806 ejusdem
3142 4723 3388 4806 (sanctae
3423 4723 3628 4806 matris
3658 4723 3837 4806 Rari-

2168 4806 2302 4859 tatis
2326 4793 2764 4859 ﬁlias'virtutes
2796 4793 3241 4869 complectens),
3275 4797 3660 4869 Reverentia;
3689 4793 3840 4869 (ﬁne

2166 4876 2512 4945 claudetur);
2560 4874 2701 4928 hinc
2759 4865 3082 4945 tertiarius,
3139 4886 3171 4924 a
3202 4865 3535 4945 principio»
3569 4865 3843 4945 Pietatis

2166 4936 2520 5015 (inchoans),
2553 4945 2773 5015 decem,
2816 4936 3088 5015 (virtutes
3121 4936 3842 5015 complectens)_Exom_o-

2163 5006 2434 5088 Iogescos
2454 5006 2592 5088 (fine
2612 5006 2958 5088 claudatur);
2975 5012 3176 5088 sicque
3206 5006 3696 5088 quaterparius,la
3709 5006 3853 5088 1M8-

2167 5075 2413 5143 tu'ritate
2435 5075 2790 5158 (inchoans),
2808 5075 3682 5158 sex'(virt_'ut_es'complectens(,
3702 5075 3848 5158 Ie-

2166 5165 2259 5214 tus
2306 5147 2453 5229 (fine‘
2487 5147 2865 5222 Claudetur);
2919 5147 2993 5208 ab
3052 5147 3391 5205 Hilarilaté
3433 5163 3654 5272 quoque
3712 5147 3848 5227 (in-

2166 5230 2412 5272 nhnnnn)
2446 5228 2772 5272 mn'nnrins_
2808 5230 2938 5272 tres
2969 5222 3385 5272 comnlectens.
3482 5223 3848 5272 οηιωθηιιεθ

2163 5222 2412 5299 choans)
2446 5228 2772 5299 quinarius,
2808 5230 2938 5278 tres
2969 5222 3385 5294 complectens,
3433 5222 3849 5275 Continentiaa

2162 5301 2278 5356 line
2300 5301 2627 5356 claudatur.

2231 5372 2377 5439 (183)
2410 5372 2452 5424 Ι.
2488 5386 2539 5425 e.
2576 5370 2634 5422 in
2694 5366 2806 5419 alia
2839 5368 3024 5439 sorte
3079 5378 3198 5439 non
3242 5374 3594 5439 occurrens;
3626 5374 3831 5439 neque

2160 5430 2312 5497 enim
2340 5430 2397 5520 .6.
2433 5442 2485 5520 6.
2515 5441 2568 5496 6.
2604 5453 2796 5520 neque
2829 5436 2916 5520 18,
2970 5450 3078 5506 per
3099 5436 3278 5489 totam
3308 5430 3569 5520 tabulam
3597 5430 3847 5520 uspiam

2158 5514 2538 5583 reperiuntur
2595 5501 2719 5564 nisi
2758 5509 2812 5560 in
2872 5501 2990 5560 hac
3042 5520 3156 5560 une
3222 5504 3406 5571 sorte)
3430 5501 3533 5583 .uti
3590 5516 3846 5570 quoque

2160 5584 2212 5637 1.
2246 5585 2297 5637 1.
2332 5584 2382 5637 1.
2419 5587 2475 5637 et
2502 5583 2552 5637 3.
2581 5579 2764 5635 semel
2814 5580 3035 5633 tantum
3082 5576 3392 5637 habentur,
3425 5589 3485 5626 1n
3515 5587 3631 5627 una
3662 5573 3842 5625 sorte

2200 5626 2212 5638 .
2246 5599 2297 5637 ’l.
2332 5599 2382 5637 ’l.
2419 5599 2475 5637 et
2502 5599 2552 5647 ὅ,
2581 5599 2764 5635 semel
2814 5599 3035 5633 tantum
3082 5599 3392 5642 nuueutur,

2198 5671 2363 5709 rima.

2158 5671 2378 5794 prirtngf’i)
2410 5724 2450 5778 Ι.
2484 5739 2534 5778 e.
2569 5724 2777 5794 quarta
2827 5721 3119 5788 columna,
3179 5730 3469 5773 summam
3503 5712 3847 5785 cujuslibet.

2159 5797 2340 5852 sortis
2372 5795 2702 5851 continens.

2229 5868 2375 5938 (185)
2404 5866 2543 5925 Scil.
2575 5864 2873 5938 recipiunt
2910 5863 3185 5918 virtutes.
3226 5858 3424 5915 Prima
3459 5872 3688 5914 summa
3718 5854 3842 5926 (3.)
