4106 6184
214 240 289 305 89
1631 241 1889 306 LIBER
1923 243 2251 309 PRIMUS
3590 244 3673 311 90

222 441 586 496 asscribere.
639 442 754 498 Sed
804 444 936 497 haec
984 442 1096 498 tria
1151 442 1327 498 modo
1384 441 1637 513 amplius
1693 442 1890 497 decuit
1917 425 2300 499 Aoctenario
2348 459 2531 516 posse
2575 445 2864 514 conferri,
2915 446 3069 501 sicut
3098 446 3165 501 10
3193 447 3445 504 inferius
3477 446 3661 506 aﬁ'ore

223 546 712 586 commemorare.
763 531 923 604 Ergo
974 532 1316 603 clangorem
1359 532 1550 585 sancti
1585 531 1889 603 Evangelii

220 618 493 672 tubarum
515 660 529 686 ,
582 620 683 689 qui
730 635 871 674 aure
905 621 1103 674 cordis
1136 622 1400 674 sanctam
1432 620 1772 675 Trinitatem
1804 621 1890 674 in-

219 708 357 760 timo
386 722 593 762 amore
641 708 832 779 diligit
879 710 1187 780 gratiaque
1236 708 1568 779 septiformi
1597 708 1889 763 finetenus

220 797 367 849 tueri
401 797 586 865 cupit,
621 797 943 862 caritatem,
996 799 1055 851 in
1103 813 1216 868 qua
1249 797 1529 851 universa
1560 796 1655 851 lex
1684 797 1887 867 imple-

222 888 313 938 tur
343 884 538 952 (Rom.
590 902 713 952 xm,
763 885 840 954 8),
891 887 1086 955 ﬁdem,
1120 886 1251 939 sine
1282 901 1396 955 qua
1428 883 1505 926 135
1533 885 1890 956 inpossibile

220 977 305 1027 est
336 973 582 1042 placere
614 973 737 1028 Deo
768 973 981 1042 (Hebr.
1016 991 1095 1039 xi,
1126 972 1201 1043 6),
1237 974 1673 1043 continentiam,
1705 978 1769 1029 ut
1796 975 1895 1029 ab-

220 1062 435 1114 stineat
489 1076 560 1115 se
610 1077 642 1114 a
693 1062 874 1131 vitiis,
917 1077 1034 1132 quo
1064 1062 1312 1117 virtutes
1342 1063 1644 1118 continere
1675 1063 1887 1132 valeat,

186 1192 191 1195 .
219 1149 611 1204 humilitatem
634 1192 647 1218 ,
699 1166 815 1221 qua
854 1148 933 1191 136
973 1150 1101 1206 sine
1130 1150 1233 1221 qui
1257 1150 1508 1205 virtutes
1540 1155 1887 1224 congregat,

216 1239 386 1308 quasi
414 1239 482 1292 in
511 1242 693 1293 vento
722 1239 1027 1309 pulverem
1057 1242 1249 1309 portat
1296 1239 1526 1309 (Gnsc.
1578 1240 1733 1296 120m.
1764 1242 1797 1295 '7
1825 1242 1890 1295 in

217 1328 354 1395 ein),
405 1327 638 1382 habere
686 1331 945 1398 quierat;
996 1327 1193 1382 habita
1237 1328 1561 1398 caritative,
1613 1329 1884 1398 ﬁdeliter,

216 1415 610 1485 continenter,
661 1420 836 1487 atque
864 1416 1166 1471 humiliter
1195 1432 1479 1472 exercere
1510 1419 1740 1489 satagat
1762 1460 1776 1488 ,
1825 1420 1889 1473 ut

2000 534 2278 587 rebamur
2311 549 2323 588 :
2357 535 2495 588 huic
2540 535 2740 605 utique
2787 534 2840 588 si
2884 534 3169 589 addantur
3197 535 3259 606 5,
3296 535 3363 592 13
3395 538 3661 609 explica-

1998 620 2161 676 bunt.
2195 622 2354 676 Bene
2385 623 2559 677 etiam
2590 623 2851 693 quinque
2883 637 3102 676 sensus
3125 629 3347 680 octavae
3369 627 3504 681 vitae
3527 642 3662 696 sup-

1998 713 2312 780 ponuntur,
2346 711 2482 781 quia
2515 727 2631 765 non
2664 710 2856 765 solum
2887 711 3016 766 haec
3043 752 3056 779 ,
3105 712 3223 766 nisi
3269 713 3661 783 voluptuosus

1999 813 2200 853 eorum
2234 801 2525 869 appetitus
2556 798 2631 841 141
2665 815 2830 854 camo
2863 802 2920 854 et
2942 800 3110 856 freno
3133 800 3458 870 spiritualis
3488 803 3662 858 modo

1998 887 2327 955 disciplinae
2361 890 2707 943 coerceatur
2734 884 2829 957 “2,
2875 890 2981 943 sed
3009 905 3118 944 nec
3150 905 3219 944 ea
3250 905 3382 960 quae
3414 890 3485 944 ab
3515 891 3665 945 Abel

2000 975 2369 1046 singularum
2392 975 2471 1017 143
2488 976 2720 1031 datione
2743 976 3048 1049 stolarum,
3074 978 3261 1032 donec
3277 977 3508 1049 justitia
3527 995 3662 1032 con-

1997 1067 2264 1118 vertatur
2308 1065 2367 1118 in
2404 1064 2698 1135 judicium
2746 1066 3054 1137 sanctique
3103 1067 3162 1119 in
3216 1069 3371 1120 terra
3410 1066 3662 1137 duplicia

1998 1153 2344 1221 possideant
2373 1153 2512 1222 (Isa.
2534 1171 2647 1221 LXI,
2669 1152 2743 1223 7),
2769 1155 2984 1224 agitur,
3018 1158 3277 1209 meretur
3296 1153 3465 1223 (188).
3493 1155 3665 1209 Nunc

1998 1246 2190 1294 autem
2218 1241 2271 1310 9,
2309 1241 2391 1307 10,
2430 1241 2491 1295 11
2528 1246 2584 1296 ct
2624 1241 2689 1296 12
2729 1244 2996 1313 supremi
3035 1246 3374 1308 remanent;
3409 1258 3663 1313 quorum

1998 1330 2228 1398 primus
2259 1345 2471 1384 novem
2502 1332 2879 1386 celicolarum
2911 1332 3241 1400 ordinibus,
3263 1331 3565 1386 secundus
3588 1329 3663 1372 1“

2000 1417 2203 1472 decem
2235 1418 2528 1490 legalibus
2562 1420 2794 1488 verbis,
2835 1421 3047 1474 tertius
3077 1420 3275 1491 dignis
3306 1420 3662 1489 pmnitentim

216 1504 284 1557 ad
312 1520 528 1558 eorum
558 1505 858 1558 cumulum
888 1505 1200 1575 pervenire
1238 1507 1431 1575 queat.
1464 1487 1742 1570 Quinario
1764 1487 1884 1561 nu-
1917 1487 1970 1549 Β
2000 1487 2321 1576 fructibus,
2348 1511 2593 1576 quartus
2624 1487 3092 1562 noviduodenis
3140 1487 3473 1561 testamenti
3513 1523 3659 1575 prae-

217 1608 374 1647 mero
414 1595 687 1663 quinque
726 1609 948 1647 sensus
989 1593 1354 1664 conjungere
1385 1609 1751 1665 possumus;
1787 1595 1887 1666 qui

220 1681 405 1734 ﬂuiter
454 1679 535 1721 137
585 1682 800 1735 ductus
846 1685 904 1736 et
951 1682 1171 1736 unitate
1201 1686 1526 1752 assumpta,
1561 1683 1622 1737 in
1651 1687 1887 1739 sextum

217 1769 514 1823 decimum
543 1771 760 1841 surgit.
791 1770 855 1825 Si
884 1772 1042 1825 enim
1072 1769 1186 1825 bos
1207 1771 1242 1824 5
1261 1786 1370 1840 per
1386 1772 1699 1842 phisicam,
1732 1773 1887 1844 logi-

219 1875 338 1912 cam
370 1864 432 1912 et
463 1859 722 1913 ethicam
752 1860 1138 1931 castigamus,
1172 1863 1235 1913 ut
1265 1860 1337 1913 ad
1366 1861 1647 1916 unitatem
1680 1863 1886 1916 carita-

216 1949 308 2018 tis,
340 1963 482 2017 qum
513 1948 675 2002 Deus
714 1951 808 2002 est
855 1948 911 2017 (I
950 1947 1116 2003 Joan.
1168 1965 1246 2017 1v,
1298 1948 1375 2019 8),
1423 1965 1663 2020 semper
1688 1950 1890 2004 redea-

216 2052 380 2090 mus:
414 2036 531 2089 bas
560 2035 830 2106 profecto
864 2036 1139 2106 virtutes,
1172 2052 1306 2108 quae
1337 2037 1397 2091 in
1428 2038 1661 2092 duobus
1692 2053 1890 2092 nume-

216 2125 297 2179 ris
343 2125 656 2197 insignitae
698 2124 992 2194 videntur,
1046 2125 1411 2197 naturaliter,
1458 2127 1890 2183 rationabiliter

216 2213 637 2285 mon-aliterque
664 2214 1132 2283 possidebimus.
1166 2214 1472 2283 Senarius,
1509 2216 1687 2286 cuius
1719 2220 1887 2270 sexta

218 2318 353 2373 pars
377 2344 394 2371 ,
450 2304 477 2356 1
507 2345 521 2372 ,
572 2304 633 2357 in
676 2303 847 2357 tertia
876 2302 1182 2372 medietas,
1214 2303 1248 2357 3
1281 2301 1378 2372 138,
1411 2304 1552 2375 quia
1582 2304 1885 2374 perfectus

217 2396 304 2445 est
331 2406 650 2460 numerus,
685 2391 816 2446 suis
846 2392 999 2446 bene
1027 2394 1310 2446 constans
1339 2393 1629 2462 partibus,
1663 2393 1886 2462 perfec-

216 2480 291 2534 tio
322 2481 529 2550 operis
559 2480 614 2534 ei
646 2480 913 2550 deputari
940 2482 1155 2550 potest.
1191 2481 1298 2534 His
1330 2481 1513 2552 igitur
1554 2481 1668 2535 sibi
1708 2481 1885 2551 repli-

218 2547 379 2636 catis,
411 2567 517 2637 139,
552 2547 809 2622 ternario
839 2547 1057 2638 addito,
1085 2569 1152 2622 15
1172 2567 1331 2624 facit.
1354 2547 1554 2624 Simus
1585 2584 1729 2641 ergo
1760 2547 1885 2639 per-
1917 2547 1967 2608 θ

216 2655 349 2711 fecti
378 2657 671 2726 cperibus
700 2657 876 2711 bona
903 2656 1175 2725 actionis,
1211 2658 1269 2710 et
1305 2657 1559 2712 nitamur
1588 2673 1882 2712 conscen-

216 2745 349 2800 dere
380 2746 452 2799 15
480 2745 929 2817 psalmographi
972 2747 1231 2817 gradus,
1278 2749 1340 2799 ut
1388 2748 1654 2800 sanctam
1693 2747 1885 2801 Trini-

213 2838 383 2888 tatem
411 2835 476 2888 in
509 2833 653 2888 Sion
683 2849 933 2888 cernere
964 2848 1300 2888 mereamus
1333 2833 1768 2903 (Psalmxxxm,
1803 2835 1880 2904 8),

210 2928 265 2977 et
290 2924 505 2977 horum
536 2922 749 2992 procul
782 2922 959 2976 dubio
988 2937 1369 2977 numerorum
1399 2926 1675 2993 expertes
1705 2924 1886 2978 virtu-

208 3014 330 3066 tum
360 3027 482 3066 non
512 3012 740 3065 erimus
770 3010 943 3080 (186).
976 3011 1164 3066 Adest
1196 3013 1407 3066 iterum
1436 3011 1467 3064 7
1486 3054 1500 3081 ,
1533 3012 1724 3084 gratia
1755 3013 1883 3082 spi-

208 3100 403 3155 rituali
430 3100 721 3168 refertus,
756 3098 823 3153 14
854 3100 1213 3170 depromens
1243 3116 1351 3170 per
1378 3100 1693 3155 binarium.
1726 3100 1884 3156 Eun-

206 3190 338 3244 dem
386 3191 591 3260 itaque
635 3202 950 3258 precemur
994 3187 1297 3259 Spiritum,
1331 3192 1393 3243 ut
1418 3204 1526 3259 per
1562 3190 1884 3260 practicam

205 3278 378 3333 nobis
408 3278 487 3331 ad
516 3277 845 3332 theoricam
873 3277 1050 3332 vitam
1071 3276 1383 3346 pervenire
1403 3278 1707 3349 largiatur,
1742 3294 1883 3349 qua-

206 3369 364 3421 tinus
414 3365 743 3420 virtutibus
785 3365 922 3437 ejus
966 3366 1187 3420 ascisci
1240 3382 1591 3420 mereamur.
1643 3366 1761 3420 Sed
1805 3365 1885 3407 140

206 3456 337 3527 quia
369 3470 558 3525 supra
591 3454 903 3510 retulimus
933 3455 1317 3509 aeternitatem
1355 3455 1535 3525 (187),
1569 3454 1641 3509 de
1669 3470 1785 3525 qua
1816 3455 1884 3509 ti-

205 3544 359 3599 tulus
390 3542 769 3616 psalmorum
797 3542 832 3597 6
862 3543 1069 3613 inquit.
1107 3564 1130 3593 α
1166 3543 1228 3595 Ιη
1260 3543 1435 3597 tinem
1466 3559 1573 3613 pro
1594 3546 1821 3613 octava,
1851 3565 1873 3590 ιι

2000 1596 2250 1649 conibus
2284 1596 2616 1649 consecrati
2648 1594 2950 1667 effulgent.
2974 1596 3245 1664 Quintus,
3270 1595 3568 1666 quoniam,
3601 1597 3662 1649 ut

1998 1683 2288 1753 scriptum
2310 1686 2432 1737 est:
2473 1705 2495 1730 «
2516 1684 2580 1737 In
2612 1684 2811 1737 multis
2846 1684 3240 1756 delinquimus
3273 1699 3481 1738 omnes
3512 1683 3658 1751 (Jac.

1996 1788 2080 1841 In,
2113 1770 2189 1841 2),
2237 1794 2257 1819 η
2304 1770 2582 1843 quisquis
2623 1772 2888 1827 instituta
2927 1772 3129 1826 decem
3161 1772 3660 1843 praetergrediens

1994 1860 2055 1914 in
2086 1860 2394 1914 undecimo
2426 1859 2686 1929 offendit,
2720 1860 3036 1929 splendore
3069 1861 3136 1915 12
3164 1876 3532 1932 gemmarum
3556 1858 3660 1930 ju-

1992 1948 2161 2003 baris
2190 1948 2498 2003 redimitus
2529 1949 2745 2018 (Exod.
2782 1965 2986 2016 xxvm,
3019 1949 3129 2018 21),
3150 1951 3213 2002 ut
3229 1948 3303 2002 ad
3334 1947 3662 2018 reparanda

1993 2037 2025 2092 9
2056 2037 2307 2108 pristina
2343 2038 2593 2108 dampna
2639 2041 3045 2106 succrescant,
3098 2054 3205 2108 per
3242 2036 3468 2092 denarii
3498 2052 3657 2090 man-

1994 2126 2125 2181 data
2173 2127 2561 2197 regrediens,
2611 2126 2865 2179 undcnis
2912 2125 3205 2180 aecclesiae
3237 2126 3490 2179 cilicinis
3523 2140 3658 2194 ope-

1992 2215 2178 2269 riatur
2207 2213 2396 2285 sagis,
2428 2217 2489 2268 ut
2516 2214 2711 2284 possit
2741 2214 3093 2284 quandoque
3111 2214 3307 2267 dicere
3331 2229 3464 2267 cum
3492 2212 3657 2282 psal-

1991 2303 2166 2357 mista
2198 2300 2275 2343 144
2308 2318 2320 2356 :
2368 2325 2388 2349 α
2424 2302 2781 2356 Convertisti
2826 2302 3121 2371 planctum
3172 2317 3365 2355 meum
3408 2302 3469 2354 in
3505 2316 3655 2371 gau-

1993 2391 2171 2460 dium,
2207 2395 2265 2445 et
2294 2390 2521 2461 reliqua
2549 2389 2737 2459 (Psal.
2772 2407 2933 2460 xxix,
2970 2389 3079 2460 12).
3118 2409 3140 2438 ι

2069 2503 2090 2526 ιι
2125 2479 2312 2551 Igitur
2342 2480 2477 2550 quia
2508 2479 2755 2532 virtutes
2791 2493 3190 2548 numerosque
3239 2476 3655 2548 qualicumque

1992 2567 2166 2622 modo
2199 2567 2600 2621 ordinavimus
2626 2608 2638 2635 ,
2683 2567 2933 2636 qualiter
2961 2582 3116 2620 nunc
3148 2565 3351 2621 sortiri
3382 2565 3652 2633 debeant,

1993 2671 2365 2711 censeamus.
2414 2656 2563 2709 Tres
2616 2656 2809 2726 itaque
2855 2670 3161 2710 sumamus
3201 2658 3489 2722 tesseras,
3521 2670 3655 2724 quae

1994 2744 2247 2816 singulae
2276 2760 2456 2799 senas
2488 2744 2672 2798 facies
2704 2743 2991 2813 habeant,
3044 2745 3226 2797 variis
3271 2746 3515 2810 notatas
3541 2759 3654 2797 nu-

1991 2834 2173 2888 meris
2200 2864 2272 2872 —
2301 2849 2419 2904 quo
2451 2833 2661 2903 major,
2695 2833 2972 2887 senarius
2997 2851 3010 2898 ;
3055 2832 3154 2886 alii
3192 2833 3252 2885 in
3293 2833 3507 2887 ceteris
3539 2848 3655 2886 uno

1992 2937 2231 2992 semper
2258 2923 2523 2976 minores
2554 2937 2745 2992 usque
2786 2922 2860 2975 ad
2896 2937 3134 2990 assem;
3175 2921 3274 2992 qui
3307 2921 3482 2975 simul
3513 2921 3660 2975 fiunt

1990 3009 2056 3064 21
2084 3027 2099 3079 ;
2148 3041 2218 3049 —
2267 3014 2324 3064 et
2365 3010 2591 3064 nostris
2623 3009 2931 3063 vocalibus
2964 3009 3244 3079 quinque,
3280 3008 3554 3062 videlicet
3583 3014 3653 3077 A,

1994 3099 2059 3167 E,
2096 3100 2138 3168 l,
2173 3098 2239 3167 Ο,
2274 3099 2343 3167 V,
2380 3097 2652 3168 singulas
2684 3098 2891 3151 eodem
2923 3098 3129 3151 ordine
3160 3095 3572 3167 depmgamus,
3595 3101 3658 3149 ut

1991 3190 2200 3258 quater
2227 3186 2525 3255 replicata:
2557 3186 2808 3239 eundem
2840 3186 3222 3254 equiperent;
3256 3199 3324 3238 eo
3355 3186 3548 3239 tamen
3577 3187 3655 3238 te-

1991 3290 2155 3345 nore,
2187 3279 2251 3328 ut
2279 3276 2339 3328 in
2367 3274 2555 3343 prima
2587 3275 2654 3342 A,
2688 3274 2747 3326 in
2779 3273 3041 3328 secunda
3073 3272 3137 3336 Ε,
3161 3272 3331 3327 tertia
3352 3272 3394 3342 Ι,
3419 3272 3492 3326 ab
3514 3287 3653 3326 asse

1991 3364 2304 3434 incipiens,
2340 3363 2562 3417 directo
2595 3377 2835 3433 semper
2857 3361 3155 3415 scribatur
3172 3360 3442 3430 tramine,
3475 3362 3532 3415 et
3562 3375 3654 3416 eo-

1992 3453 2125 3508 dem
2153 3452 2320 3523 apice
2352 3452 2587 3505 ﬁniatur
2613 3452 2690 3505 ita
2724 3467 2736 3506 :

2913 4116 3119 4131 —

1026 3753 1059 3792 0
1213 3752 1577 3794 ιαθιι
1810 3752 1886 3794 11

2056 3752 2417 3794 16111
2653 3752 2742 3794 18
2893 3752 3089 3794 Ιιο

839 3862 1820 3919 alvlillel

2055 3862 3039 3919 lollilelu

1132 3999 1300 4040 810
1380 3999 1577 4040 VII
1811 3999 1820 4040 Ι

1997 3999 2416 4040 2111311
2653 3999 2660 4040 Ι
2848 3999 3090 4040 uae

750 4111 1461 4134 —I—II*I
1569 4111 2276 4134 l—|u_]——l

786 4208 820 4248 e
970 4189 1059 4248 le
1167 4189 1462 4248 ilaeil
1568 4189 1645 4248 Ii
1811 4189 1886 4248 Ι.

1997 4189 2306 4248 ›ΙθὶοΙ
2409 4189 2501 4248 Io
2651 4189 3106 4248 Iovliou

1734 4450 2253 4491 οινθιναθ

1550 4636 1844 4698 νΑΗΙιἘ
1885 4636 2346 4698 LECTIONES

276 4738 365 4814 τῇ
394 4754 513 4811 que
554 4741 605 4794 1.
648 4739 727 4783 1³6
766 4741 1028 4814 fortasse
1071 4742 1300 4797 scilicet
1336 4746 1430 4796 ter
1458 4742 1791 4814 legendum.
1825 4742 1901 4786 137
1934 4744 2009 4797 ΙΙΙ
2037 4753 2070 4814 ἦ
2090 4744 2273 4814 habet
2304 4744 2353 4797 1.
2388 4742 2466 4786 138
2494 4742 2809 4813 replicatos
2835 4740 2890 4814 1.
2923 4739 2980 4814 2.
3012 4739 3091 4782 139
3120 4756 3186 4795 se
3218 4740 3269 4795 1.
3301 4736 3381 4781 “0
3407 4740 3653 4809 appetus

212 4810 258 4862 1.
288 4809 369 4851 1-“
404 4809 832 4867 coexerceatur
861 4813 912 4867 1.
943 4810 1023 4853 142
1051 4814 1431 4885 singulorum
1460 4809 1627 4868 1:143
1653 4814 1823 4869 sedm
1854 4815 1907 4869 1.
1941 4816 1993 4869 3.
2026 4812 2105 4855 144
2133 4831 2189 4885 p.
2223 4815 2441 4886 qduoq.
2476 4809 2664 4868 dic-em
2696 4829 2788 4883 ps.
2823 4812 2875 4882 1,
2907 4812 2960 4867 4.

1808 4911 2065 4973 ΝΟΤιἘ

205 5032 469 5086 secunda
504 5047 735 5085 summa
766 5031 864 5101 (4),
898 5031 1100 5086 ultima
1131 5030 1266 5103 (18),
1300 5032 1621 5102 penultima
1641 5031 1755 5103 (17)
1779 5049 1880 5087 se-
1912 5015 1966 5075 D
1991 5035 2052 5087 ut
2084 5049 2263 5103 supra
2294 5036 2500 5089 noster
2545 5033 2790 5088 eandem
2836 5029 3156 5101 expressit.
3191 5029 3325 5086 Non
3355 5045 3508 5100 opus
3538 5030 3656 5101 igi-

206 5104 313 5155 mel
347 5107 579 5156 tantum
611 5118 863 5173 quaeque
894 5104 952 5156 in
981 5106 1102 5157 tota
1133 5102 1404 5157 columna
1436 5107 1774 5173 occurrunt,
1824 5107 1882 5158 et

206 5173 259 5226 in
308 5173 592 5244 singulas
637 5189 887 5244 quaeque
933 5174 1185 5227 virtutes
1218 5174 1572 5242 metiuntur;
1603 5175 1773 5228 tertia
1805 5175 1881 5244 (5)

205 5247 265 5315 et
283 5245 752 5314 antepenultima
782 5248 799 5309 (
825 5244 927 5314 16)
968 5245 1061 5298 bis
1094 5259 1346 5315 qumque
1380 5247 1731 5315 occurrunt;
1765 5245 1799 5299 6
1827 5249 1884 5299 et

207 5312 268 5386 15
296 5319 395 5369 ter
424 5312 751 5369 occurrunt
774 5331 788 5385 ;
821 5315 853 5368 '7
876 5312 931 5386 et
954 5314 1019 5368 14
1043 5312 1280 5386 quater}
1301 5315 1335 5386 8
1353 5318 1411 5370 et
1433 5314 1499 5368 13
1521 5316 1837 5386 quinquies
1862 5331 1876 5383 ς

207 5330 268 5367 Ia
296 5330 395 5369 ter
424 5330 788 5385 occurrunt;
822 5330 851 5368 ⁷ι
876 5330 931 5369 et
954 5330 1019 5368 14
1043 5330 1280 5438 quater;
1302 5330 1335 5368 δ
1353 5330 1411 5370 et
1433 5330 1499 5368 1:5
1521 5331 1837 5386 quinquies
1862 5331 1876 5383 ;

203 5385 253 5449 9,
285 5387 376 5456 10,
414 5387 503 5453 11,
544 5386 610 5440 12
639 5385 863 5440 sexies.
898 5385 1059 5439 Simu
1114 5400 1256 5440 vero
1297 5385 1356 5439 hi
1390 5386 1639 5455 numeri,
1674 5386 1726 5440 si
1755 5387 1881 5440 bini

204 5458 659 5529 conjunguntur
697 5457 815 5510 sibi
857 5457 1398 5529 correspondentes
1431 5458 1681 5529 (primus
1714 5460 1770 5511 et
1800 5458 1880 5511 ul-

202 5529 405 5596 timus,
441 5527 746 5599 secundus
794 5531 849 5599 et
896 5527 1275 5599 penultimus,
1327 5530 1382 5581 et
1423 5529 1511 5582 sic
1552 5528 1878 5599 deinceps),

206 5614 444 5653 semper
475 5598 743 5653 efﬁciunt
772 5598 861 5651 21.

268 5669 425 5739 (186)
454 5670 499 5722 Ι.
535 5685 586 5723 e.
621 5686 737 5723 non
769 5670 994 5723 erimus
1026 5672 1301 5740 expertes
1334 5685 1537 5725 earum
1567 5669 1876 5739 virtutum,

205 5755 334 5810 qua:
368 5742 468 5811 his
500 5741 767 5796 numeris
800 5741 1228 5811 exprimuntur.

1990 5107 2087 5158 tur
2116 5107 2208 5158 est
2239 5107 2300 5159 ut
2328 5120 2463 5159 cum
2483 5104 2832 5159 Colvenerio
2857 5103 3191 5157 scribamus
3225 5108 3488 5157 octavam
3516 5109 3657 5156 (eta-

1995 5182 2134 5228 tem.

2063 5244 2211 5315 (188)
2244 5247 2285 5299 Ι.
2321 5261 2372 5300 e.
2411 5247 2597 5300 nisi...
2633 5246 2994 5316 appetitus...
3029 5250 3395 5316 coerceatur,
3432 5259 3544 5316 non
3574 5257 3661 5316 so-

1991 5314 2107 5369 lum
2151 5317 2276 5371 haec
2323 5320 2554 5387 (octava
2604 5314 2742 5385 vita,
2793 5331 2901 5370 seu
2951 5319 3116 5384 mtas,
3168 5316 3205 5369 i.
3258 5330 3310 5383 e,
3358 5314 3658 5387 beatitudo

1992 5389 2212 5441 aeterna
2265 5384 2537 5457 corporis
2583 5390 2639 5441 et
2682 5384 2917 5456 animae)
2964 5389 3128 5456 (non)
3176 5391 3446 5457 meretur
3486 5384 3660 5457 (δεκνίνᾴ

1989 5458 2297 5529 verdient;
2333 5454 2502 5512 «(non
2529 5479 2551 5506 »
2589 5474 2662 5512 ex
2691 5454 3020 5528 sequentia
3047 5454 3155 5512 nec
3182 5476 3204 5504 ιο
3242 5454 3658 5529 supplendum)

1993 5529 2103 5608 sed
2141 5526 2368 5608 peace
2417 5530 2556 5608 (vita
2600 5526 2797 5608 solius
2836 5530 3050 5608 animae
3100 5530 3379 5608 meretur)
3414 5526 3660 5608 queenab

1994 5599 2154 5654 Abel
2178 5601 2380 5671 agitur
2409 5599 2777 5671 singularum
2810 5600 3048 5655 datione
3077 5598 3362 5671 stolarum
3392 5597 3475 5671 (_in
3505 5597 3659 5650 albis

1988 5703 2059 5710 —
2091 5671 2173 5725 cf.
2204 5668 2447 5741 Apocal.
2480 5668 2535 5737 6,
2569 5670 2628 5724 11
2656 5687 2669 5740 ;
2701 5670 2754 5739 7,
2791 5670 2877 5724 13.
2910 5701 2981 5710 ——
3018 5684 3211 5741 usque
3243 5669 3312 5741 ad
3345 5668 3657 5741 adventum

1990 5744 2215 5797 octavae
2246 5739 2406 5796 illius
2437 5739 2791 5811 aetatis,seu
2835 5741 2990 5796 diem
3027 5739 3442 5806 novissimum)
3474 5739 3658 5793 donec

268 5809 425 5882 (187)
455 5812 502 5868 Ι.
535 5827 587 5866 e.
622 5809 894 5868 octavam
937 5829 1061 5886 quae
1110 5811 1359 5869 necdum
1407 5813 1607 5884 agitur
1642 5817 1879 5869 aetatem
1972 5812 2219 5885 justitia
2252 5809 2643 5869 convertatur
2668 5814 2732 5868 in
2749 5812 3064 5885 judicium.
