4098 6196
209 343 265 405 93

1500 318 1757 384 LIBER
1802 313 2122 383 PRIMUS

3485 299 3566 365 94

210 555 330 606 nem;
378 550 419 590 si
458 530 733 600 vincaris,
782 544 898 583 non
951 527 1201 581 habebis
1251 522 1681 579 confusionem.
1723 518 1786 574 Si
1816 514 1875 576 A
1903 516 2063 571 tanto
2110 527 2357 568 munere
2396 513 2676 582 suscepto
2706 509 2942 578 rediret,
2989 508 3134 563 adeo
3164 507 3381 606 quippe
3410 500 3561 604 metu

206 629 321 685 enim
368 623 538 677 minus
584 620 830 689 adeptus
889 616 1108 684 fueris,
1161 612 1476 676 obediens;
1520 610 1579 665 si
1630 610 1785 680 plus,

214 715 510 772 obedientem
539 708 724 762 debes
764 721 901 762 esse
942 705 1198 775 diligens
1246 701 1532 757 Omnibus
1581 699 1690 752 has
1728 697 1788 751 in

210 804 391 879 Christo
414 800 649 851 virtutes
673 794 1057 860 sectantibus,
1083 796 1251 845 actus
1274 795 1329 845 et
1349 789 1613 844 moribus
1630 800 1791 841 reco-

211 891 408 947 lentibus
422 888 489 941 sit
517 886 709 957 gratia
740 888 797 938 et
826 899 940 954 pax
961 883 1021 936 in
1050 884 1351 936 aeternum.

210 1040 226 1065 υ
255 1016 429 1069 Onoma
454 1008 741 1064 dactilicis
773 1008 989 1062 actoris
1010 1005 1298 1077 quaeritur
1327 1004 1497 1074 ipsis.

211 1099 516 1159 Sinumeris‘?
543 1098 798 1168 primum
819 1096 1055 1163 faciunt,
1074 1094 1416 1164 apicemque
1435 1090 1781 1159 secundum,

207 1192 532 1258 Octavumque
562 1186 769 1241 decem
797 1185 893 1239 bis
921 1183 1101 1251 ducti,
1135 1182 1342 1252 sicque
1373 1170 1622 1235 novenis

199 1280 375 1333 Tertius
404 1276 697 1346 ingeritur,
733 1276 982 1345 quartus
1011 1271 1151 1326 hinc
1180 1285 1319 1325 esse
1348 1270 1603 1337 duobus,

205 1367 421 1432 Quattuor
444 1366 496 1417 et
524 1363 694 1417 denis
725 1362 986 1433 quintus,
1019 1376 1155 1414 mox
1184 1359 1438 1429 denique
1469 1360 1678 1412 sextus

200 1454 405 1511 Undenis
429 1450 658 1523 legitur,
692 1451 789 1506 bis
816 1450 974 1504 binis
1007 1451 1316 1518 septimus,
1353 1451 1526 1517 atque

199 1543 374 1597 Limitat
402 1541 451 1593 in
478 1540 742 1594 numeris
772 1543 861 1594 ter
890 1538 1053 1594 senis
1084 1538 1325 1592 ultimus
1356 1535 1523 1592 ordo.

195 1630 328 1695 Queis
350 1629 506 1684 simul
537 1628 717 1691 illatis
749 1628 1012 1683 theorica
1041 1641 1272 1680 summa
1301 1626 1572 1679 sacratur

196 1718 450 1789 Virginitas
476 1717 709 1787 animae,
731 1717 1116 1786 mandataque
1145 1714 1296 1769 dena
1325 1711 1643 1783 refulgent,

193 1806 298 1871 Quae
322 1807 407 1876 qui
424 1805 675 1860 custodit
697 1805 831 1859 caeli
861 1805 977 1859 sibi
1005 1802 1221 1876 gaudia
1252 1802 1411 1856 sistit
1440 1798 1610 1869 (194).

196 1895 420 1949 Admonet
446 1895 538 1948 hic
569 1893 748 1949 ludus
779 1893 1099 1949 tabulatum
1128 1907 1379 1963 pergere
1409 1889 1656 1958 clerum,

242 1983 447 2038 Nomina
470 1983 752 2037 virtutum
782 1982 1036 2037 condere
1066 1996 1184 2052 quo
1214 1981 1466 2035 valeant.
1501 2002 1522 2027 ιι

235 2106 305 2160 90.
331 2105 448 2175 (89.)
497 2106 616 2160 Ubi
636 2106 939 2177 primores
989 2104 1505 2160 Cameracensium
1546 2102 1779 2157 Wilbo-

184 2196 280 2249 dum
303 2196 406 2249 sibi
448 2195 583 2249 dari
622 2195 952 2265 episcopum
996 2210 1027 2247 a
1067 2209 1213 2265 rege
1246 2194 1572 2265 petierunt.
1610 2192 1781 2246 Hunc

189 2284 423 2351 primores
450 2282 967 2337 Cameracensium
994 2313 1063 2321 —
1092 2297 1163 2336 ex
1194 2282 1289 2336 his
1334 2282 1490 2336 enim
1527 2280 1779 2353 originis

185 2372 348 2425 claram
374 2372 749 2442 propaginem
776 2371 1044 2425 trahebat
1070 2401 1142 2410 —
1170 2387 1287 2425 una
1317 2370 1639 2442 eademque
1668 2386 1779 2426 vo-

184 2459 346 2513 luntate
372 2460 708 2528 acclamant,
743 2459 1102 2532 directisque
1132 2460 1467 2530 imperatori
1509 2461 1777 2532 epistolis

187 2563 282 2602 cum
304 2549 460 2603 multo
491 2550 697 2603 favore
728 2548 849 2603 sibi
877 2549 1083 2603 donari
1114 2550 1460 2619 episcopum
1489 2552 1777 2619 expostu-

185 2634 283 2689 lant.
309 2637 417 2692 Nec
444 2638 685 2691 difﬁcile
734 2637 1068 2707 imperator,
1106 2640 1404 2709 comperta
1452 2638 1608 2692 bona
1648 2638 1777 2708 opi-

189 2725 318 2779 nione
335 2725 494 2793 illius,
518 2742 658 2781 mox
678 2726 960 2796 precibus
977 2742 1185 2781 eorum
1208 2727 1535 2781 voluntario
1568 2725 1801 2795 affectu.

188 2812 435 2883 adquievit,
466 2831 907 2885 assensumque
950 2815 1239 2883 tribuens,
1292 2830 1497 2869 eorum
1528 2815 1780 2887 legatio-

185 2914 282 2954 nem
305 2902 532 2957 libenter
557 2904 845 2973 implevit.

228 2986 429 3060 9l.(90.)
460 2991 692 3046 Italiam
719 2992 923 3063 pergit
961 2992 1036 3047 ad
1068 3007 1272 3064 regem
1297 3009 1410 3063 pro
1440 2992 1589 3047 dono
1618 2993 1779 3063 epis-

182 3077 295 3146 copii
306 3097 318 3141 ;
337 3081 432 3133 sed
446 3081 663 3136 aestivo
678 3082 901 3135 itinere
917 3080 1220 3152 fatigatus,
1240 3089 1546 3153 postquam
1568 3097 1638 3136 re
1648 3098 1779 3137 ver-

178 3180 250 3218 sas
271 3173 364 3235 est,
388 3186 491 3224 non
511 3170 699 3224 multo
711 3176 848 3240 post
872 3170 1035 3225 obiit.
1060 3169 1266 3223 Statim
1287 3185 1432 3241 ergo
1456 3170 1776 3225 Wiboldus

180 3252 229 3303 de
244 3269 507 3312 consensu
528 3260 908 3329 imperatoris
930 3260 1148 3314 certior
1169 3259 1381 3329 factus,
1403 3258 1777 3329 pulsantibus

178 3341 305 3395 etiam
330 3346 555 3413 prefutaa
604 3347 778 3402 urbis
826 3348 1192 3417 primatibus.
1229 3348 1295 3400 ad
1341 3348 1776 3419 imperatorem,

178 3430 246 3496 qui
258 3434 373 3486 tunc
388 3437 668 3505 temporis
681 3437 743 3490 in
759 3437 1029 3506 partibus
1043 3436 1223 3491 Italiae
1250 3437 1592 3489 morabatur
1608 3437 1777 3507 (195),

177 3516 226 3570 ad
248 3522 435 3576 tantum
466 3540 686 3579 munus
719 3526 1166 3593 suscipiendum
1213 3526 1296 3578 ire
1340 3524 1598 3579 festinat.
1644 3526 1783 3579 Erat

179 3613 319 3662 autem
345 3612 609 3666 aestivum
631 3616 888 3683 tempus,
908 3614 1061 3683 quod
1094 3614 1149 3667 ei
1181 3614 1431 3667 maxime
1465 3616 1594 3683 ipso
1618 3615 1676 3667 in
1699 3614 1783 3667 iti-

177 3709 275 3751 nere
291 3698 465 3754 abitus
486 3705 544 3756 et
562 3701 796 3756 reditus
829 3701 1115 3758 obfuerat.
1152 3701 1298 3755 Nam
1316 3702 1454 3755 dum
1477 3703 1779 3773 dignitatis

1807 3217 1859 3280 Ο

1898 607 2159 660 torrente
2209 600 2289 644 1⁵6
2318 602 2597 673 fatigatus
2648 602 2739 654 est
2768 640 2782 668 ,
2828 600 2890 651 ut
2933 613 3065 651 cum
3109 596 3182 650 ad
3227 592 3563 651 aecclesiam

1898 708 2089 763 usque
2108 691 2462 762 pervenerit,
2489 690 2591 743 vix
2611 702 2950 757 campanam
2972 683 3145 755 (196),
3172 685 3349 756 cuius
3370 682 3561 737 tintin-

1895 782 2113 835 nabulo
2148 778 2435 851 episcOpii
2457 777 2800 849 dignitatem
2831 772 3244 829 vindicandam
3273 773 3388 827 sibi
3416 771 3563 825 indi-

1895 884 2029 923 care
2049 868 2306 935 deberet,
2333 868 2453 937 vix,
2475 868 2733 936 inquam,
2758 878 2863 935 pre
2885 862 3155 917 molestia
3178 858 3554 931 egritudinis

1891 972 2132 1011 movere
2153 956 2429 1025 potuerit.
2456 955 2704 1009 Textum
2725 968 2869 1007 vero
2900 949 3310 1022 evangelicum
3332 961 3475 1001 auro
3496 948 3552 1001 et

1891 1045 2187 1115 lapidibus
2204 1044 2450 1113 pulchre
2470 1041 2836 1114 insignitum,
2854 1040 2961 1095 sed
2984 1038 3270 1094 etmultos
3293 1034 3553 1103 codices,

1890 1149 2043 1204 quos
2075 1148 2281 1187 secum
2300 1131 2507 1200 attulit,
2543 1130 2833 1185 aecclesiae
2858 1130 2963 1183 Dei
2990 1126 3196 1181 matris
3229 1123 3553 1179 concessit.

1886 1219 1997 1286 Qui
2024 1223 2230 1291 postea
2261 1220 2319 1275 in
2340 1220 2468 1289 ipsa
2489 1219 2808 1272 valitudine
2831 1219 2888 1271 in
2913 1219 3133 1271 tantum
3152 1212 3463 1281 laboravit,
3498 1213 3561 1264 ut

1889 1310 1990 1363 vix
2021 1310 2197 1364 unius
2241 1310 2380 1363 anni
2425 1306 2721 1362 curriculo
2762 1306 2985 1361 rexerit
3034 1303 3403 1371 aecclesiam;
3451 1299 3558 1353 mi-

1888 1413 2191 1470 gransque
2210 1415 2241 1452 a
2272 1397 2516 1466 seculo,
2536 1397 2595 1451 in
2615 1396 2821 1450 eadem
2849 1394 3098 1449 basilica
3112 1395 3335 1447 sancte
3354 1389 3556 1445 Maria

1890 1488 1961 1541 ad
1990 1487 2373 1541 meridianam
2392 1486 2628 1557 plagam
2661 1483 2998 1539 tumulatur.

1934 1575 2167 1644 92.(91.)
2187 1574 2485 1629 Precibus
2504 1574 2784 1628 Rotbcrti
2795 1571 3066 1626 monachi
3077 1569 3345 1642 rejectis,
3376 1566 3557 1621 Tetdo

1891 1663 2201 1734 episcopus
2234 1662 2616 1733 subrogalur.
2665 1661 2771 1716 Illo
2816 1663 3009 1715 autem
3056 1660 3148 1714 die
3178 1673 3305 1711 suae
3335 1655 3556 1709 dormi-

1889 1752 2069 1806 tionis
2101 1765 2233 1805 cum
2266 1751 2537 1820 patribus
2568 1750 2800 1819 sortito,
2824 1749 3061 1820 quidam
3096 1747 3417 1801 Rotbertus
3450 1759 3553 1798 no-

1891 1839 2067 1909 mine,
2091 1840 2419 1894 monachus
2449 1840 2508 1893 in
2538 1838 2674 1893 villa
2695 1838 2968 1905 Solemia,
2995 1851 3128 1907 qu'e
3160 1835 3232 1888 ab
3265 1834 3411 1888 urbe
3445 1832 3556 1885 hac

1892 1931 2022 1983 octo
2054 1927 2314 1981 millibus
2336 1928 2531 1996 distat,
2553 1942 2650 1981 res
2681 1927 2870 1980 sancti
2888 1924 3154 1995 Dyonisii
3172 1920 3550 1992 procurabat.

1888 2015 1999 2080 Qui
2026 2016 2459 2087 depositionem
2481 2015 2744 2086 episcopi
2768 2014 3034 2082 audiens,
3070 2014 3297 2067 honore
3315 2010 3552 2082 quidem

1888 2109 2163 2163 smculari
2208 2113 2435 2180 captus,
2468 2110 2753 2181 primates
2814 2107 3067 2162 civitatis
3111 2105 3297 2176 pretio
3329 2118 3551 2158 conve-

1885 2198 2135 2253 niendos
2169 2199 2484 2267 estimavit,
2518 2201 2575 2251 et
2620 2202 2683 2251 ut
2726 2196 2890 2251 illum
2934 2194 3230 2250 communi
3262 2190 3550 2263 suffragio

1885 2286 2231 2357 episcopum
2248 2287 2366 2341 sibi
2386 2287 2459 2340 ab
2490 2286 2841 2356 imperatore
2875 2285 3000 2339 fieri
3018 2284 3406 2353 postularent,
3429 2295 3543 2333 ma-

1884 2390 2001 2445 gna
2030 2376 2285 2447 largitus
2317 2376 2405 2429 eis
2438 2389 2700 2442 munera,
2734 2374 2916 2427 multo
2956 2372 3180 2442 majora
3212 2367 3546 2440 spopondit.

1883 2461 1993 2527 Qui
2024 2464 2221 2517 statim
2254 2463 2481 2518 oberati
2513 2460 2589 2504 157
2612 2463 2967 2534 legationem
2996 2457 3333 2529 imperatori
3365 2455 3548 2509 mise-

1883 2554 2036 2619 runt,
2057 2555 2113 2605 et
2134 2553 2195 2605 ut
2216 2552 2332 2605 sibi
2354 2566 2528 2622 quem
2547 2552 2818 2621 legerunt
2842 2548 3195 2623 pontiﬁcem,
3220 2547 3350 2616 ipse
3373 2544 3547 2598 etiam

1884 2640 2267 2695 consentiens
2281 2639 2558 2711 dignetur
2570 2637 3308 2707 concedere,rogaverunt.
3324 2632 3548 2687 Videas

1884 2743 2027 2783 vero
2058 2729 2380 2799 imperator
2409 2729 2587 2800 quod,
2613 2728 2747 2799 quia
2772 2732 2941 2781 antea
2960 2723 3306 2779 Wiboldum
3334 2736 3547 2776 secun-

1883 2817 2022 2871 dum
2044 2832 2213 2871 suam
2226 2817 2574 2873 electionem
2596 2817 2755 2871 facili
2776 2831 3033 2870 assensu
3045 2829 3249 2869 eorum
3263 2810 3544 2882 precibus

1882 2904 2164 2974 attribuit,
2186 2905 2318 2959 ideo
2348 2906 2523 2959 etiam
2538 2903 2619 2946 158
2641 2904 2978 2961 admittendi
3001 2902 3347 2973 episcOpum
3364 2897 3547 2953 facul-

1882 2996 2057 3048 tatem
2088 3009 2199 3049 suo
2222 2994 2439 3049 vellent
2470 2994 2725 3048 fortasse
2758 2992 3001 3047 arbitrio
3037 2989 3332 3045 reservari
3367 3004 3378 3041 :
3414 3002 3549 3040 cum

1885 3083 2043 3136 omni
2076 3082 2339 3152 profecto
2385 3082 2783 3152 refragatione
2814 3095 3020 3135 eorum
3065 3075 3345 3149 legationi
3375 3074 3545 3129 effec-

1884 3173 2006 3225 tum
2018 3172 2314 3240 impertire
2329 3170 2812 3242 negavit.Verum
2824 3169 3058 3239 quidem
3071 3166 3277 3219 altiore
3291 3162 3546 3217 consilio

1883 3265 2223 3329 proventus,
2274 3261 2614 3328 Tetdonem,
2662 3252 2854 3313 sacris
2905 3256 3168 3309 moribus
3212 3256 3545 3319 strenuum,

1885 3364 2000 3403 non
2050 3349 2276 3403 modice
2334 3350 2647 3417 literatum,
2718 3347 2926 3417 primis
2984 3347 3157 3414 atque
3213 3340 3545 3412 majoribus

1885 3436 2157 3492 Saxoniae
2188 3439 2584 3509 progenitum,
2617 3434 2991 3492 Coloniensis
3034 3431 3325 3487 aecclesiae
3356 3426 3548 3483 sancti

1884 3525 2154 3580 Severini
2182 3527 2570 3596 prepositum,
2595 3527 2730 3582 licet
2759 3525 3124 3585 renitentem,
3160 3519 3297 3592 quia
3323 3530 3547 3587 pravos

1884 3630 2083 3669 mores
2103 3618 2159 3670 et
2181 3615 2545 3671 ferocitatem
2568 3615 2832 3669 audierat
2852 3608 3391 3673 Cameracensium,
3416 3619 3550 3659 con-

1883 3707 2151 3773 petenter
2179 3709 2373 3760 tamen
2402 3705 2475 3759 ad
2512 3703 2827 3774 pastoralis
2867 3698 3177 3773 regiminis
3206 3692 3547 3751 sublimavit

1432 3844 1721 3906 VARIE
1767 3844 2254 3908 LECTIONES.

224 3972 281 4015 αἱ
301 3979 610 4034 torrentem
640 3977 691 4032 1.
770 3976 847 4019 15⁷
877 3977 1133 4033 oberrati
1163 3975 1214 4032 1.
1294 3975 1371 4021 1⁵8
1392 3983 1530 4050 post
1559 3978 1709 4033 banc
1743 3993 1853 4033 una

1701 4094 1980 4162 NOTIE.

177 4212 314 4291 Porro
339 4219 392 4272 in
410 4220 556 4275 aleis
588 4225 716 4275 tres
751 4221 971 4276 faciunt
991 4221 1247 4275 unitates
1277 4221 1336 4274 in
1357 4221 1546 4290 prima
1559 4220 1684 4274 alea
1702 4221 1772 4289 A,

176 4299 215 4337 In
236 4291 460 4344 secunda
492 4292 558 4356 E,
586 4293 647 4345 in
679 4294 849 4346 tertia
871 4297 1063 4347 autem
1093 4292 1136 4346 1.
1171 4292 1296 4345 Nec
1326 4294 1520 4361 potest
1549 4291 1773 4345 contin-

192 4365 424 4437 geresorte
446 4362 705 4437 Karitas,
727 4362 849 4437 nisi
867 4363 1010 4417 aleae
1027 4364 1087 4417 in
1104 4360 1415 4437 superiore
1434 4378 1542 4437 sua
1565 4377 1773 4437 super-
1805 4360 1858 4421 D

206 4429 269 4480 cie
292 4429 384 4485 has
402 4436 524 4487 tres
547 4429 807 4488 unitates
836 4436 1090 4488 teneant.
1115 4429 1243 4487 dam
1266 4436 1459 4487 autem
1483 4433 1535 4486 si
1566 4429 1773 4503 exigas

178 4511 327 4553 omnes
368 4505 605 4559 vocales
637 4507 805 4559 vocis
836 4505 1100 4572 Karitas,
1144 4504 1374 4557 deficiet
1402 4506 1458 4557 te
1488 4518 1671 4557 unum
1700 4504 1771 4571 A,

181 4580 270 4645 μειβ
292 4578 501 4645 constat
531 4576 772 4630 duobus
804 4576 908 4628 AA
937 4580 993 4630 et
1024 4591 1139 4629 uno
1160 4576 1214 4645 l.
1248 4574 1411 4628 Facit
1439 4574 1633 4645 itaque
1664 4590 1774 4643 po-

179 4640 380 4720 testatem
416 4645 757 4720 _Wiboldu_s
796 4648 1010 4720 iterum
1040 4644 1413 4720 projiciendi,
1449 4648 1505 4699 et
1534 4640 1773 4720 pericli-

179 4710 583 4791 tandiasijactis
603 4717 767 4791 aleis
804 4710 1103 4791 dabuntur:
1117 4710 1187 4791 in
1218 4710 1426 4769 harum
1457 4710 1773 4791 superficie

184 4786 407 4856 superiori
427 4786 565 4840 bina
582 4788 710 4856 AA,
736 4791 792 4841 et
812 4804 990 4841 unum
1013 4789 1053 4841 l.
1082 4786 1186 4840 Vel
1210 4791 1368 4841 certe
1390 4787 1563 4840 unica
1581 4787 1773 4840 solum

182 4846 421 4927 itaque:
449 4846 726 4912 vocalem
757 4857 804 4912 E
835 4858 1010 4913 habet
1037 4859 1097 4912 in
1146 4857 1415 4925 monade,
1448 4857 1657 4911 iterum
1684 4856 1773 4927 ja-

182 4922 333 4998 cicada
350 4930 453 4995 est,
488 4933 551 4982 ut
598 4929 655 4983 si
703 4928 799 4983 det
829 4929 1096 4984 vocalem
1130 4929 1199 4995 A,
1234 4922 1567 4982 confeceris
1614 4922 1773 4998 quod

185 4994 325 5068 galliae!
346 4998 410 5051 ad
430 5000 677 5055 vocales
708 5015 914 5055 vocem
938 4994 1217 5065 Karitas;
1251 4999 1345 5053 sin
1366 4999 1583 5068 minus,
1616 4994 1773 5053 totus

181 5066 317 5141 λεςειξεξ
344 5069 509 5141 fuerit
538 5070 761 5125 inanis.
793 5070 971 5125 Conv.

232 5131 404 5212 71.901.
448 5156 500 5195 e.
534 5141 610 5195 Si
657 5157 857 5212 onorma
888 5143 1150 5211 (nomen)
1200 5141 1422 5196 actoris
1469 5141 1774 5212 (auctoris)

186 5211 289 5281 ίρξις
310 5213 557 5266 numeris
577 5211 884 5267 dactilicis
899 5213 1202 5281 (versibus
1224 5211 1609 5281 hexametris)
1633 5229 1777 5281 quae-

188 5280 294 5354 βίον
308 5280 518 5351 (supple
541 5303 562 5348 ;
584 5284 686 5337 hic
699 5280 943 5354 accipe).
959 5280 1775 5354 Primum,apiccmi(nominis

188 5338 469 5426 Ῑξίῑοξὰωίὲι
489 5338 1045 5426 εὲουηᾱιιιίθίοοιθ
1060 5372 1184 5409 vum
1208 5338 1778 5426 faciuntdecembis

187 5408 297 5470 ducti
329 5408 589 5495 (numeri,
628 5426 669 5477 i.
702 5408 755 5479 e.
799 5408 1082 5480 vicesima
1115 5425 1408 5496 alphabeti
1441 5425 1632 5478 littera
1664 5425 1773 5494 V);

189 5496 563 5569 {mneterlius
595 5496 774 5569 (apex
803 5497 1085 5569 nominis)
1115 5495 1418 5567 ingeritur
1450 5495 1775 5569 (scribitur)

189 5566 381 5640 {Unguis
404 5568 575 5634 (nona
590 5567 803 5640 littera
828 5567 909 5640 '1)";
944 5568 1082 5623 hinc
1114 5566 1359 5640 quartus
1390 5581 1524 5620 esse
1552 5566 1779 5640 legitur

189 5622 348 5713 {lgibus
366 5622 649 5713 (secunda
668 5622 961 5710 littera'B):
990 5645 1054 5713 et
1060 5622 1306 5713 quintus
1328 5622 1779 5713 qzzattuorcleuis

192 5691 265 5762 ἱ0),
287 5691 399 5762 moi:
416 5691 675 5783 denique
704 5691 1200 5768 saturatam
1215 5691 1354 5783 (ως
1368 5691 1665 5781 septimus
1679 5691 1779 5765 bis

1887 3994 2001 4034 vox
2022 3995 2195 4035 erasa
2223 3981 2283 4034 in
2322 3981 2374 4035 Ι.

1892 4219 2058 4292 binis
2077 4220 2205 4290 (D);
2238 4227 2410 4292 atque
2434 4222 2671 4276 ultimus
2683 4224 2827 4277 ordo
2843 4223 3014 4292 (apex
3036 4218 3548 4292 nominis)limitat

1891 4291 1955 4344 in
1988 4291 2252 4346 numeris
2282 4289 2679 4360 tersenis(S).
2701 4289 2880 4357 Queis
2893 4289 3073 4347 simul
3086 4291 3275 4344 illatis
3305 4289 3547 4359 (quibus

1892 4362 2175 4416 versibus
2200 4361 2410 4433 decem
2433 4363 2609 4417 simul
2641 4364 2907 4433 scriptis)
2932 4362 3195 4417 theorica
3214 4375 3437 4433 summa
3454 4375 3547 4433 sa-

1892 4438 2099 4505 cratur
2126 4432 2379 4505 efficitur
2406 4449 2576 4487 sacra
2600 4431 2829 4488 summa
2861 4431 3126 4505 mystica,
3152 4431 3379 4505 scilicet
3408 4431 3546 4498 vox)

1904 4501 2235 4575 Virginitas
2262 4503 2281 4569 (
2307 4524 2326 4549 α
2354 4503 2483 4558 haec
2512 4521 2628 4560 vox
2660 4506 2815 4560 enim
2837 4501 3043 4560 decem
3072 4504 3283 4559 litteris
3314 4516 3548 4575 compo-

1888 4573 2062 4649 nitur.
2101 4597 2122 4621 η
2156 4574 2360 4641 Conv.)
2390 4576 2622 4631 Animae
2643 4577 3030 4649 mandataque
3062 4576 3212 4649 dena
3244 4573 3548 4649 refulgent

1945 4665 1966 4693 α
2005 4646 2210 4719 decem
2258 4660 2472 4719 versus
2529 4663 2838 4702 numerum
2885 4646 3151 4719 decalogi
3202 4646 3482 4719 referunt.
3514 4667 3541 4719 _»

1938 4718 2115 4783 0Lv.);
2166 4731 2290 4789 qua?
2322 4717 2427 4789 qui,
2463 4719 2737 4785 custodit,
2790 4719 2925 4774 caeli
2971 4714 3334 4789 sibi'gaudia
3381 4714 3548 4768 sistit

1888 4786 2227 4856 (procurat).
2260 4786 2342 4839 Ita
2370 4788 2625 4844 efficitur
2655 4789 3047 4844 VIBOLDVS.

1961 4856 2109 4927 (195)
2160 4855 2243 4912 Ibi
2292 4856 2402 4912 fuit
2442 4860 2572 4915 Otto
2617 4877 2669 4914 a.
2721 4861 2842 4915 962-
2862 4860 2965 4914 964
3014 4864 3070 4913 et
3114 4855 3361 4913 967-972
3390 4856 3545 4911 med.

1887 4926 2034 5002 cum
2084 4926 2275 5002 autem
2328 4927 2683 5002 Engrannus
2733 4932 2788 4985 d.
2838 4931 2908 5002 25
2950 4930 3087 4997 Dec,
3120 4926 3225 5002 965
3270 4927 3459 4985 adhuc
3492 4928 3549 4982 in

1890 4998 2046 5074 vivis
2092 4999 2286 5071 fuerit,
2334 4998 2586 5074 ejusque
2638 4998 2960 5074 successor
3017 5000 3353 5074 Ansbertus
3399 5002 3548 5074 teste

1890 5072 2094 5125 nostro
2150 5073 2410 5143 quinque
2468 5070 2640 5128 annis
2689 5072 2927 5139 sederit,
2989 5086 3169 5143 porro
3202 5070 3548 5143 rWiboldus

1889 5156 2090 5213 unum,
2117 5141 2297 5213 hujus
2321 5143 2431 5198 iter
2450 5160 2569 5199 non
2601 5144 2809 5197 cadere
2842 5144 3034 5211 potest
3055 5141 3172 5213 nisi
3195 5142 3255 5196 in
3285 5145 3549 5196 aestatem

1890 5228 1942 5265 a.
2000 5210 2097 5266 9⁸71
2152 5210 2250 5268 aut
2292 5213 2416 5270 972.
2476 5215 2642 5279 Quod
2686 5214 2736 5267 si
2787 5210 3004 5266 annum
3048 5211 3152 5265 97'2
3212 5214 3546 5280 statuimus,

1892 5283 2180 5367 Wilboldi
2231 5287 2429 5367 obitus
2462 5286 2704 5367 caderet
2725 5284 2783 5337 in
2815 5284 3072 5367 medium
3104 5300 3155 5337 a.
3188 5283 3313 5365 9'73,
3348 5285 3550 5367 itaque

1890 5358 2025 5437 post
2058 5356 2279 5412 obitum
2308 5356 2535 5412 Ottonis
2567 5356 2608 5409 Ι.
2658 5355 2876 5409 Verum
2925 5356 2997 5409 ab
3041 5356 3153 5409 hoc
3185 5356 3314 5424 ipso
3344 5355 3550 5408 Ottone

1891 5425 1975 5478 illi
2024 5443 2443 5483 successorem
2492 5427 2683 5481 adhuc
2714 5426 2909 5481 datum
2940 5426 3261 5480 Tetdonem
3292 5427 3549 5496 legimus

1893 5499 2079 5569 capite
2113 5500 2415 5569 sequenti;
2448 5498 2599 5569 unde
2634 5497 2912 5552 Wiboldo
2943 5513 3136 5552 annus
3164 5496 3263 5551 971
3300 5498 3453 5550 mod.
3482 5526 3552 5535 --

1891 5566 1995 5621 97:2
2026 5569 2178 5623 med.
2203 5566 2562 5624 tribuendus
2595 5568 2846 5623 videtur.

1966 5637 2114 5713 (196)
2146 5640 2288 5713 Haec
2331 5654 2613 5713 campana
2660 5640 3027 5713 Aldegundis
3057 5642 3284 5713 vocata,
3318 5636 3551 5708 quando

1893 5712 2212 5780 episcopus
2240 5710 2543 5768 Cameraci
2572 5710 2846 5784 praesens
2875 5714 3017 5782 erat,
3053 5710 3267 5782 quovis
3299 5717 3550 5775 veSpere
