4098 6196
432 291 513 354 95
1338 285 1610 349 GESTA
1654 285 1908 348 PONTI
1919 285 2182 348 FICUM
2228 282 2972 348 CAMERACENSIUM
3779 283 3846 346 96

433 473 712 530 ofﬁcium.
747 471 1123 527 Ordinatione
1153 471 1349 544 itaque
1371 474 1626 540 peracta,
1659 468 1752 522 vir
1781 469 1885 522 Dei
1917 484 2090 522 vene-
2123 465 2183 527 Α
2211 467 2439 521 viribus
2470 469 2678 522 urbem
2709 472 3048 523 constanter
3076 469 3392 526 adversum
3414 471 3693 541 impetum
3715 470 3847 523 illius

429 563 656 630 rabilis,
683 561 1028 632 compositis
1052 560 1413 614 necessariis
1447 561 1648 628 rebus,
1674 575 1817 613 sane
1850 574 2096 630 gregem

433 652 819 706 commissum
873 651 1215 703 visitaturus
1258 648 1328 702 ad
1361 649 1565 702 sedem
1597 649 1712 701 sibi
1751 663 2103 701 concessam

433 740 690 795 devenit.
727 738 841 792 Sed
889 738 988 790 vix
1038 752 1312 791 sermone
1343 738 1554 806 poterit
1603 737 1904 805 explicari,
1964 726 2110 806 quot

435 831 645 898 postea
693 827 964 896 injurias,
1001 831 1140 895 quot
1171 826 1578 895 contumelias,
1611 831 1752 896 quot
1794 825 1967 879 etiam
1991 825 2105 902 Vad-

445 917 760 970 versitates
790 931 821 968 a
851 916 980 969 suis
1012 930 1338 985 perpessus
1371 919 1461 968 est
1489 913 1500 966 l
1993 903 1996 905 Α

510 1003 597 1058 93.
637 1001 771 1072 (92.)
801 1003 890 1057 De
921 1004 1179 1074 injuriis,
1234 1018 1375 1075 quas
1405 1004 1712 1073 episwpus
1743 1019 1772 1055 a
1804 1001 2101 1055 militibus

441 1093 570 1147 suis
591 1093 894 1146 sustinuit.
928 1092 1047 1146 Sub
1071 1093 1276 1146 eodem
1307 1107 1556 1161 namque
1587 1097 1847 1160 tempore
1867 1093 1990 1145 erat
2011 1090 2104 1143 vir

432 1181 677 1251 quidam
709 1181 1012 1236 Johannes
1045 1181 1298 1247 nomine,
1332 1183 1542 1249 potens
1569 1184 1683 1233 tam
1714 1179 2099 1234 Cameracen-

433 1271 588 1324 sium
619 1285 794 1340 quam
826 1269 1357 1324 Vermandensium
1387 1284 1628 1340 genere,
1673 1270 1772 1340 qui
1804 1270 2098 1340 majordo-

432 1361 592 1412 matu
617 1359 832 1412 ceteris
853 1358 1156 1426 prestabat
1177 1359 1234 1411 in
1257 1359 1402 1412 urbe
1428 1358 1540 1412 sub
1560 1359 1877 1429 pontificali
1899 1361 2096 1414 aucto-

434 1445 625 1498 ritate.
660 1447 774 1499 Sed
806 1461 921 1516 quo
950 1445 1142 1516 major
1160 1447 1374 1500 ceteris
1398 1451 1569 1516 atque
1602 1449 1911 1518 potentior,
1937 1452 2094 1503 tanto

431 1533 602 1603 pejor
631 1533 894 1603 pontifici
926 1540 1098 1604 atque
1122 1535 1394 1589 ferocior.
1423 1536 1626 1604 Porro,
1661 1539 1722 1590 ut
1752 1538 1822 1591 de
1849 1537 2094 1607 reliquis

434 1624 678 1689 taceam,
711 1623 803 1675 vir
851 1623 956 1676 Dei
997 1624 1198 1689 prcsul
1245 1624 1624 1690 venerabilis,
1668 1625 1924 1694 lapidum
1958 1643 2096 1680 con-

431 1711 740 1781 gestiones
771 1714 827 1764 et
859 1712 1100 1778 calcem,
1138 1728 1367 1766 omnem
1401 1729 1635 1784 quoque
1668 1719 1971 1770 materiam
2002 1733 2094 1785 pa-

436 1804 686 1865 raverat,
711 1799 861 1853 unde
883 1800 1414 1854 azcclesiambeatze
1441 1803 1543 1854 Dei
1568 1803 1874 1872 genitricis
1891 1805 2092 1859 Mariae

435 1887 794 1955 amplificare
808 1887 1202 1956 disposuerat.
1220 1889 1332 1943 Sed
1349 1891 1500 1944 inter
1513 1891 1802 1963 agendam
1820 1895 2093 1964 exigente

437 1975 520 2027 rei
552 1975 906 2028 necessitate
939 1977 1011 2029 ad
1040 1978 1452 2047 imperatorem
1493 1981 1796 2048 profectus
1836 1986 1944 2036 cst.
1980 1983 2092 2037 Ubi

435 2077 598 2129 vero,
624 2063 759 2116 dum
791 2069 1140 2133 moraretur,
1159 2067 1390 2120 interim
1409 2069 1709 2138 predictus
1734 2071 2094 2126 castellanus

435 2150 598 2219 ipsas
631 2153 961 2206 materiales
1012 2155 1280 2208 cumulos
1314 2156 1429 2208 sibi
1461 2159 1711 2212 convehi
1744 2159 1898 2228 fecit,
1937 2165 1992 2214 et
2022 2176 2097 2214 ex

437 2237 531 2292 his
565 2240 801 2294 domum
834 2257 966 2294 cum
1015 2258 1243 2296 summo
1277 2244 1524 2298 aedificio
1572 2246 1628 2299 in
1662 2247 1864 2301 eodem
1901 2252 2095 2302 castro

440 2327 690 2382 fundari.
719 2329 844 2382 Hoc
869 2331 969 2384 ubi
993 2331 1207 2384 factum
1229 2348 1470 2386 reverso
1494 2335 1752 2403 pontifici
1777 2336 2093 2406 nuntiatur,

435 2416 608 2470 altius
666 2417 970 2488 ingemuit,
1021 2421 1394 2491 divinamque
1453 2423 1819 2477 clementiam
1876 2426 2098 2480 diutina

436 2505 842 2561 lamentatione
875 2507 944 2560 ad
978 2509 1376 2563 ulciscendam
1411 2514 1584 2565 tanta)
1617 2514 1958 2568 temeritatis
1989 2531 2095 2570 au-

433 2593 659 2646 daciam
717 2596 1011 2649 excitavit.
1069 2597 1191 2650 Nec
1239 2600 1419 2653 multo
1467 2604 1600 2668 post
1632 2605 1834 2656 coacto
1868 2605 2095 2672 cepiosi

435 2681 732 2735 exercitus
763 2685 1002 2752 auxilio,
1044 2688 1451 2741 exterminavit
1483 2705 1614 2742 eum
1647 2691 1720 2742 ab
1752 2692 1918 2744 urbis
1952 2709 2093 2745 con-

433 2769 592 2822 finio.
647 2769 754 2834 Qui
815 2770 1052 2842 fugiens
1111 2774 1169 2827 in
1214 2792 1430 2845 pagum
1477 2777 2000 2847 Vermandensem,
2035 2783 2094 2834 in

435 2861 694 2911 castrum
743 2859 1016 2914 videlicet
1063 2864 1250 2916 sancti
1288 2864 1568 2934 Quintini,
1603 2869 1810 2922 amicis
1858 2871 2094 2940 quidem

433 2948 488 2999 et
519 2946 787 3016 cognatis
821 2947 1308 3021 suifragantibus,
1345 2953 1456 3006 sub
1489 2955 1728 3009 Alberto
1760 2959 1970 3012 comite
1991 2960 2095 3013 ali-

432 3035 690 3104 quandiu
721 3040 1054 3106 reccptatur
1080 3055 1092 3106 ;
1140 3039 1337 3110 ibique
1378 3048 1584 3114 rogato
1615 3045 1850 3115 auxilio,
1878 3052 2094 3102 tantam

431 3123 752 3177 satellitum
786 3127 1014 3194 copiam
1046 3127 1161 3180 sibi
1207 3129 1532 3200 conjunxit,
1567 3133 1957 3205 utaliquando
1990 3154 2094 3191 oc-

2213 556 2539 626 tyrannidis
2589 558 2944 626 defensaret,
2998 559 3309 629 ipsumque
3356 560 3647 630 frequenti
3685 574 3846 627 expu-

2215 645 2488 715 gnatione
2520 646 2878 700 devinceret.
2929 647 3121 711 Quare
3167 647 3319 702 lctus
3361 650 3678 718 episcopus
3710 647 3846 700 illum

2218 735 2460 803 recepit,
2496 735 2603 788 sed
2635 737 2692 789 et
2723 736 2876 806 quod
2908 737 3155 807 rogabat
3186 737 3412 808 absque
3451 737 3779 790 difficultate
3805 735 3852 790 ei

2217 822 2583 877 contradidit.
2617 823 2724 888 Qui
2757 829 2947 878 tamen
2981 829 3184 892 postea
3203 826 3403 879 verbis
3422 825 3698 895 predictaa
3729 841 3849 894 pro-

2215 912 2522 965 missionis
2563 912 2738 967 fidem
2768 913 3086 985 derogans,
3121 929 3238 968 non
3269 917 3492 968 tantum
3523 915 3851 985 episeOpum

2211 1016 2328 1053 non
2353 1000 2578 1070 juravit
2606 1000 2702 1070 160,
2736 1002 2842 1056 sed
2873 1003 3042 1055 etiam
3085 1003 3280 1070 priore
3310 1003 3633 1069 molestior,
3668 1003 3852 1072 plures

2211 1092 2266 1143 et
2297 1089 2567 1144 diversas
2613 1090 2862 1160 injurias
2907 1091 3223 1145 adversum
3255 1091 3592 1160 pontificem
3622 1094 3678 1145 et
3724 1106 3849 1144 suc-

2211 1194 2490 1234 cessores
2505 1179 2639 1250 ejus
2657 1181 2938 1234 exercuit.
2961 1180 3265 1234 Johannes
3287 1195 3428 1232 vero
3441 1179 3851 1248 possessiones

2210 1283 2352 1322 suas
2382 1267 2572 1322 alieno
2596 1268 2810 1322 herede
2829 1283 3116 1338 pervasus
3137 1269 3564 1339 ingemiscens,
3599 1268 3857 1338 asperior

2208 1357 2401 1410 factus
2433 1373 2549 1411 non
2581 1361 2712 1412 ante
2745 1358 3128 1427 compescuit,
3163 1358 3350 1412 donec
3383 1358 3700 1427 cpiscopus
3731 1372 3851 1410 cre-

2208 1446 2312 1499 bra
2362 1447 2734 1500 infestatione
2784 1449 3045 1514 coactus,
3079 1446 3437 1500 tantumdem
3469 1461 3634 1515 paene
3683 1446 3854 1500 benc-

2209 1535 2325 1589 ficii
2356 1535 2409 1589 ei
2441 1535 2713 1590 restituit.

2278 1623 2365 1676 94.
2383 1623 2520 1693 (93.)
2537 1624 2622 1678 De
2635 1625 2732 1679 obi
2738 1629 2796 1677 tu
2817 1623 3051 1678 Ottonis
3065 1624 3448 1694 imperatoris
3462 1630 3520 1677 et
3543 1623 3617 1678 de
3635 1639 3860 1678 succes-

2209 1716 2374 1767 sione
2397 1712 2509 1766 lilii
2539 1714 2634 1766 sui
2667 1713 2918 1767 Ottonis.
2946 1713 3167 1766 Eodem
3197 1716 3457 1782 tempore
3475 1713 3604 1766 Otto
3627 1713 3860 1781 impera-

2209 1808 2300 1856 tor
2329 1803 2769 1868 sanctissimus,
2802 1806 2959 1856 tutor
2982 1802 3332 1869 fidissimus,
3360 1816 3566 1855 norma
3590 1800 3854 1872 justitiaa,

2209 1893 2400 1945 cultor
2429 1892 2678 1945 devotus
2710 1891 3019 1957 Ecclesiae,
3065 1905 3206 1959 spes
3252 1890 3437 1959 pacis,
3474 1893 3696 1943 amator
3725 1889 3858 1943 reli-

2208 1981 2424 2052 gionis,
2459 1985 2774 2048 provectus
2797 1984 2964 2033 aetate
2998 1980 3326 2050 plenusque
3359 1979 3585 2032 dierum
3621 1979 3861 2032 feliciter

2207 2070 2484 2141 migravit
2515 2070 2586 2122 ad
2625 2069 2924 2123 Christum
2955 2068 3070 2137 (an.
3107 2067 3229 2135 973,
3282 2068 3426 2122 Mai.
3479 2067 3553 2136 7).
3589 2069 3731 2121 Post
3758 2083 3858 2120 cu-

2200 2157 2305 2228 jus
2336 2174 2651 2212 excessum
2681 2158 2809 2212 Otto
2837 2158 2995 2211 filius
3029 2173 3176 2210 suus
3208 2157 3707 2226 gloriosissimus,
3730 2156 3862 2210 licet

2204 2248 2486 2316 primaevo
2539 2248 2682 2300 ﬂore
2732 2247 3098 2317 tyrunculus,
3137 2251 3327 2300 tamen
3367 2246 3614 2300 consilio
3646 2245 3858 2313 bonus,

2203 2336 2357 2391 bello
2389 2339 2692 2404 strenuus,
2713 2339 2788 2403 et,
2827 2338 2888 2388 ut
2917 2336 3124 2403 paucis
3155 2335 3523 2403 concludam,
3547 2334 3727 2404 patris
3749 2338 3860 2387 tam

2204 2430 2259 2479 et
2289 2425 2554 2480 moribus
2603 2441 2778 2495 quam
2813 2425 3047 2478 nomine
3079 2425 3334 2478 imitator
3364 2423 3722 2492 simillimus,
3756 2423 3862 2477 ha-

2202 2515 2386 2568 benas
2408 2515 2637 2582 imperii
2658 2513 3048 2568 moderandas
3067 2509 3352 2582 suscepit.
3381 2513 3493 2572 Sed
3517 2511 3863 2583 quiajunior

2201 2607 2346 2669 erat,
2381 2603 2675 2656 Henricus
2707 2603 2827 2655 dux
2857 2602 3266 2672 Bajoariorum
3290 2617 3421 2655 cum
3445 2601 3583 2655 totis
3604 2601 3706 2654 sed
3732 2617 3862 2670 pre-

2203 2693 2453 2762 sumptis
2488 2691 2787 2745 renisibus
2819 2695 3018 2744 contra
3052 2707 3117 2745 se
3141 2691 3434 2744 cervicem
3470 2690 3677 2757 erexit,
3703 2689 3862 2743 dedi-

2203 2785 2414 2850 gnatus
2448 2780 2674 2834 scilicet
2707 2778 2840 2848 ejus
2890 2779 3134 2849 imperio
3169 2778 3502 2850 subjugari.
3540 2779 3706 2832 Unde
3751 2778 3862 2831 ali-

2202 2871 2416 2939 quanto
2478 2869 2757 2936 temporis
2808 2869 3114 2922 intervallo
3163 2868 3317 2921 inter
3357 2882 3422 2921 se
3462 2865 3534 2908 ίθί
3569 2867 3862 2921 contentio

2202 2972 2390 3027 usque
2423 2957 2492 3009 ad
2524 2957 2740 3010 bellum
2771 2958 3095 3026 processit;
3128 2957 3233 3010 sed
3263 2972 3372 3010 nec
3404 2957 3580 3027 longo
3612 2959 3764 3024 post,
3802 2961 3866 3009 ut

2201 3047 2499 3116 posterius
2543 3046 2754 3114 dicam,
2791 3047 2886 3100 illo
2930 3047 3000 3100 ad
3033 3046 3349 3100 deditionis
3375 3044 3589 3117 jugum
3619 3045 3862 3113 reflexo,

2207 3136 2358 3189 facta
2390 3150 2534 3205 pace
2566 3135 2882 3189 concordia
2913 3134 3268 3189 intercessit.

430 3212 605 3266 cultis
636 3213 871 3267 insidiis
905 3215 1062 3269 hunc
1095 3217 1166 3270 de
1187 3217 1514 3287 improviso
1548 3237 1887 3294 erumpens,
1923 3227 2094 3280 villas
2127 3227 2177 3288 C
2275 3225 2362 3278 95.
2395 3223 2531 3294 \94.)
2556 3225 2638 3278 De
2660 3224 2830 3278 rabie
2855 3224 3106 3278 Raineri
3135 3229 3193 3278 et
3225 3222 3756 3277 Lantberticontra
3785 3223 3869 3276 im

429 3300 610 3372 hujus
641 3303 874 3357 viciniae
931 3305 1149 3358 misera
1208 3309 1581 3376 populatione
1614 3316 1889 3368 vastaret.
1927 3315 2094 3370 Unde

427 3390 690 3457 pontifex
710 3391 1053 3462 plerumque
1077 3396 1419 3463 exterritus,
1449 3414 1703 3466 quonam
1727 3401 1898 3456 modo
1917 3405 2092 3458 tantas

429 3477 785 3532 inmanitatis
803 3479 1088 3534 latronem
1111 3484 1430 3552 reprimere
1453 3489 1664 3556 possit,
1688 3489 1947 3545 diversae
1971 3507 2092 3546 mo-

429 3565 588 3618 tibus
607 3567 998 3622 meditationis
1033 3572 1338 3626 excitatur.
1368 3574 1684 3630 Haecillum
1712 3579 2087 3651 cogitantem,

430 3652 733 3708 \Valterus
756 3655 989 3725 quidam
1013 3657 1303 3715 Lenensis
1327 3665 1507 3717 castri
1527 3665 1674 3735 (197)
1694 3669 2090 3740 vasallus,!ju-

429 3743 524 3795 xta
553 3742 924 3797 eminentiam
955 3749 1245 3802 secularis
1269 3753 1541 3819 potentiae
1575 3754 1792 3824 clarus,
1819 3758 1927 3811 sed
1958 3773 2086 3812 ver-

428 3829 577 3884 sutia
613 3828 690 3872 159
718 3836 773 3886 et
803 3832 1114 3890 calliditate
1138 3837 1358 3909 ingenii
1390 3841 1621 3910 plenus,
1651 3843 1968 3899 factionum
1991 3849 2088 3901 sti-

427 3919 656 3986 pamine
675 3920 1078 3992 circumvenit,
1100 3925 1394 3993 pollicitus
1410 3946 1571 3998 sane,
1594 3933 1749 4003 quod
1769 3935 1821 3988 si
1837 3936 1952 3989 ﬁlio
1977 3953 2085 3991 suo

427 4008 733 4094 aequivoco
751 4010 1031 4081 quicquid
1049 4013 1349 4070 Johannes
1371 4020 2081 4094 tenebatbeneficiaverit,

427 4087 677 4168 elﬁnque
724 4099 854 4154 vice
902 4100 1191 4158 Johannis
1248 4106 1587 4164 adsciscere
1633 4111 1901 4179 voluerit,
1943 4087 2084 4170 totis

2197 3320 2559 3384 peratorem.
2586 3313 2796 3366 Audita
2819 3311 3187 3383 igitur-longe
3221 3311 3451 3380 lateque
3486 3311 3872 3379 morteimpe-

2203 3402 2437 3468 ratoris,
2487 3403 2776 3456 Rainerus
2828 3406 2999 3471 atque
3047 3400 3421 3468 Lantbertus,
3456 3400 3560 3453 ﬁlii
3593 3399 3874 3454 videlicet

2203 3491 2442 3545 Raineri
2497 3490 2664 3558 (198),
2725 3506 2898 3562 quem
2956 3491 3189 3543 vivente
3259 3487 3452 3543 adhuc
3511 3489 3870 3557 imperatore

2201 3581 2689 3650 archiepiscopus
2721 3579 2938 3646 Bruno,
2971 3578 3073 3648 qui
3101 3579 3214 3632 sub
3246 3577 3425 3632 fratre
3459 3578 3871 3632 monarchiam

2200 3671 2462 3736 tenebat,"
2487 3685 2594 3738 pro
2645 3669 3000 3736 insolentiis,
3035 3683 3140 3738 pro
3172 3667 3415 3736 rapinis,
3449 3683 3556 3736 pro
3587 3665 3870 3721 ecclesia

2200 3758 2668 3826 incussionibus,
2700 3773 2810 3827 pro
2860 3757 3057 3810 multis
3095 3756 3266 3809 etiam
3316 3756 3650 3810 sceleribus
3700 3771 3873 3825 saepe

2199 3847 2502 3919 arguendo
2517 3847 2870 3917 corrigebat,
2891 3861 3053 3915 saepe
3069 3845 3380 3900 beneficiis
3401 3844 3874 3916 ejusjservitiam

2199 3937 2484 4006 placando
2533 3935 2819 4002 leniebat;
2853 3935 2959 3988 sed
3016 3951 3148 3988 cum
3176 3938 3371 3988 tamen
3403 3933 3536 4005 ejus
3569 3934 3872 3988 feritatem

2200 4026 2458 4082 siriatico
2503 4031 2747 4097 turgere
2781 4025 3034 4078 inﬂatam
3065 4023 3224 4078 nullo
3256 4024 3426 4078 modo
3458 4039 3728 4092 premere
3761 4041 3874 4094 po-

2199 4117 2393 4186 tuerit,
2429 4118 2486 4172 in
2517 4115 2694 4170 exilio
2727 4114 2960 4169 tandem
2979 4115 3262 4184 perpetuo
3293 4113 3666 4182 dampnatum
3691 4113 3878 4167 fratri

1739 4287 2030 4350 VARIE
2075 4288 2542 4352 LECTIONES

491 4487 570 4530 159
599 4489 842 4540 versuta
873 4484 924 4538 1.
1003 4484 1079 4527 160
1099 4485 1332 4556 juvavit
1367 4506 1524 4546 corr.
1553 4492 1708 4563 juvit
1742 4495 1790 4550 1.

1872 4496 1944 4538 161
1978 4512 2123 4552 ense
2155 4496 2206 4552 1.
2242 4496 2296 4552 3.

2013 4622 2269 4730 Neris

421 4870 787 4947 pulsabatur.
823 4869 1156 4947 Episcopus
1198 4870 1389 4925 factus
1421 4888 1551 4947 cum
1587 4873 1792 4947 prima,
1826 4874 1954 4947 vice
1987 4891 2081 4930 ec-
2114 4877 2166 4937 D
2198 4877 2332 4930 abb.
2368 4876 2538 4945 Lob.,
2590 4893 2640 4931 c.
2691 4875 2779 4932 26.
2831 4875 3029 4931 Codici
3081 4875 3539 4947 Evangeliorum
3580 4874 3886 4931 ecclesiae

423 4941 663 5016 clesiam
711 4941 979 5016 intrabat,
1015 4943 1142 5011 ipse
1175 4958 1304 5016 eam
1346 4941 1635 5013 pulsabat,
1685 4941 2080 5016 jurejurando

423 5011 783 5066 confirmans
815 5029 880 5065 se
921 5013 1078 5066 illam
1110 5011 1516 5068 restituturum
1551 5011 1866 5071 cum'fortve
1897 5017 2077 5072 fracta

425 5082 592 5158 foret.
625 5080 791 5158 Quod
838 5084 1055 5158 factum
1096 5088 1187 5158 est
1218 5101 1273 5158 a.
1321 5086 1459 5158 1396
1487 5089 1543 5140 et
1572 5086 1746 5151 1416;
1780 5104 1896 5158 quo
1927 5104 2079 5143 anno

423 5151 628 5206 refusa
659 5152 808 5205 hanc
841 5156 1065 5224 accepit
1095 5156 1544 5226 inscriptionem
1579 5174 1590 5212 :

494 5259 835 5336 Serasono,
869 5260 1252 5336 dumprzesul
1277 5263 1464 5325 adest,
1505 5265 1745 5336 ejusque
1760 5266 2012 5335 periclis

494 5329 767 5410 gaudeo;
793 5329 1097 5410 tunealiis
1121 5350 1233 5410 pro
1262 5336 1458 5389 causis
1491 5329 1687 5406 oblig'o
1718 5329 1946 5410 castum.

492 5401 620 5476 Per
631 5401 806 5476 prius
827 5401 1201 5476 Aldegunﬂis
1219 5412 1368 5471 erat,
1387 5412 1560 5476 prout
1576 5401 1666 5460 est
1688 5407 1835 5460 milii
1854 5423 2078 5461 nomen.

493 5473 634 5547 Sum
665 5471 836 5547 refici
853 5473 1046 5547 jussu,
1074 5473 1362 5529 Ploncliet
1387 5471 1687 5530 fabricam
1709 5477 2079 5547 moderante,

489 5544 560 5597 Μ
584 5543 773 5598 semel
798 5547 855 5596 et
891 5541 935 5596 C
958 5549 1164 5614 quater
1196 5552 1323 5601 octo
1356 5563 1469 5618 per
1490 5554 1618 5602 octo
1647 5548 1941 5602 redactis.

1557 5637 1641 5689 LE
1672 5637 1851 5691 ϐων.

489 5729 640 5798 (197)
673 5730 851 5785 Lens.

491 5799 867 5875 (l98)_Tertii
912 5816 1019 5856 seu
1071 5801 1422 5875 Longicolli,
1467 5805 1698 5860 comitis
1731 5807 2077 5861 Hannoniaa.

420 5871 640 5929 Eodem
660 5873 790 5929 loco
813 5871 1270 5946 conquerentem
1284 5871 1415 5948 lege
1433 5875 1779 5933 Folcuinum
1801 5879 1861 5934 in
1881 5877 2079 5933 Gestis

2191 4948 2638 5002 Cameracensis
2670 4965 2744 5015 n._
2771 4947 2893 5014 309,
2931 4963 3070 5000 saec.
3105 4963 3163 5012 x,
3200 4957 3409 5000 manus
3432 4947 3698 5017 quaedam
3737 4964 3796 5002 s.
3839 4967 3888 5002 x

2192 5034 2285 5086 ex,
2320 5019 2412 5072 vel
2447 5037 2501 5072 xi
2536 5020 2650 5072 inc.
2698 5020 2757 5071 in
2790 5019 2904 5072 line
2948 5019 3076 5072 haec
3122 5018 3426 5087 inscripsit
3463 5034 3473 5070 :
3527 5017 3667 5072 Haec
3720 5025 3889 5072 sunt

2192 5101 2423 5152 nomina
2458 5098 2920 5161 malefactorum,
2959 5099 3056 5168 qui
3086 5097 3374 5152 ecclesias
3400 5089 3696 5152 ms.....7e
3735 5115 3888 5152 cum

2191 5169 2402 5224 comite
2418 5169 2678 5223 Raiuero
2689 5168 3124 5223 succenderunt
3141 5190 3156 5221 :
3176 5168 3466 5222 Albertus
3480 5185 3693 5235 comes,
3715 5169 3814 5222 Pa
3825 5170 3885 5222 i-

2193 5241 2442 5302 nuwalo,
2499 5240 2843 5293 RotbertuS'
2889 5241 3214 5303 Setwinus,
3262 5239 3600 5306 Baldricus,
3649 5239 3888 5294 Hilde-

2190 5311 2475 5378 brandus,
2511 5310 2778 5373 Rat/1010,
2813 5311 3169 5379 Fastradus,
3203 5310 3548 5381 Fulcuinus,
3588 5310 3895 5381 Boi-gur—

2191 5382 2320 5446 dus,
2339 5381 2825 5448 Tetmarus,Sara
2841 5381 3005 5435 ward
3013 5380 3362 5448 us,Rotland
3368 5397 3452 5445 us,
3471 5380 3766 5434 Lietselin
3777 5399 3887 5450 us,

2189 5452 2502 5521 Arnull‘us,
2540 5453 2855 5516 Johannes,
2885 5453 3024 5506 item
3062 5452 3380 5515 Johannes,
3419 5451 3715 5514 Otmarus,
3762 5453 3902 5506 Ro-

2191 5523 2482 5589 tmumlus,
2529 5523 2898 5591 Tietselmus,
2927 5522 3289 5592 Lochardus,
3337 5523 3692 5588 l/Viamarus,
3727 5523 3901 5577 Stc-

2183 5595 2436 5664 plianus,
2471 5594 2858 5662 Euremarus,
2893 5593 3248 5662 Amolricus,
3291 5593 3617 5661 Gerardus,
3645 5593 3906 5650 Gente-

2191 5680 2311 5727 rus,
2360 5665 2718 5733 Amolricus,
2753 5665 3108 5732 Fulcradus,
3160 5664 3486 5731 Hubaldus,
3535 5665 3898 5730 Arnull‘us,

2189 5735 2574 5807 Fredericus,
2637 5737 2980 5803 Rotbertus,
3044 5736 3396 5802 Landricus,
3465 5735 3899 5807 01selmus,...

2193 5806 2473 5876 Oliuldus,
2517 5808 2886 5876 Tietselmus,
2927 5807 3332 5872 Goismondus,
3372 5807 3570 5863 Gonzo
3601 5815 3659 5862 et
3689 5806 3900 5864 filius

2189 5878 2336 5950 ejus,
2369 5878 2732 5948 Harduinus,
2777 5879 3150 5949 Gontmarus,
3181 5877 3437 5935 Gotselo.
