  <div class='ocr_page' id='page_1' title='image "/cluster/home/n/w/nwhite01/storage/ocr_20150623/149/hvd.32044054760079/054.png"; bbox 0 0 4098 6196; ppageno 0'>
   <div class='ocr_carea' id='block_1_1' title="bbox 268 347 3629 482">
    <p class='ocr_par' dir='ltr' id='par_1_1' title="bbox 268 347 3629 482">
     <span class='ocr_line' id='line_1_1' title="bbox 268 347 3629 482; baseline 0.001 -21"><span class='ocrx_word' id='word_1_1' title='bbox 268 413 328 477; x_wconf 70' lang='lat' dir='ltr'>gz</span> <span class='ocrx_word' id='word_1_2' title='bbox 1585 394 1838 464; x_wconf 75' lang='lat' dir='ltr'><strong>LIBER</strong></span> <span class='ocrx_word' id='word_1_3' title='bbox 1878 396 2226 464; x_wconf 83' lang='lat' dir='ltr'>PRIMUS.</span> <span class='ocrx_word' id='word_1_4' title='bbox 3549 347 3629 482; x_wconf 64' lang='grc' dir='ltr'>θές</span> 
     </span>
    </p>
   </div>
   <div class='ocr_carea' id='block_1_2' title="bbox 272 582 3627 657">
    <p class='ocr_par' dir='ltr' id='par_1_2' title="bbox 272 582 3627 657">
     <span class='ocr_line' id='line_1_2' title="bbox 272 582 3627 657; baseline 0.001 -7"><span class='ocrx_word' id='word_1_5' title='bbox 272 590 555 650; x_wconf 85' lang='lat' dir='ltr'>contradidit</span> <span class='ocrx_word' id='word_1_6' title='bbox 613 590 726 656; x_wconf 84' lang='lat' dir='ltr'>(an.</span> <span class='ocrx_word' id='word_1_7' title='bbox 786 587 933 657; x_wconf 81' lang='lat'>957),</span> <span class='ocrx_word' id='word_1_8' title='bbox 996 591 1332 656; x_wconf 79' lang='lat' dir='ltr'>terramque</span> <span class='ocrx_word' id='word_1_9' title='bbox 1391 597 1560 636; x_wconf 87' lang='lat' dir='ltr'>suam</span> <span class='ocrx_word' id='word_1_10' title='bbox 1603 582 1860 651; x_wconf 89' lang='lat' dir='ltr'>primum</span> <span class='ocrx_word' id='word_1_11' title='bbox 1889 583 1945 644; x_wconf 80' lang='grc' dir='ltr'><strong>Α</strong></span> <span class='ocrx_word' id='word_1_12' title='bbox 1971 583 2113 651; x_wconf 90' lang='lat' dir='ltr'>fum,</span> <span class='ocrx_word' id='word_1_13' title='bbox 2148 583 2300 638; x_wconf 87' lang='lat' dir='ltr'>facto</span> <span class='ocrx_word' id='word_1_14' title='bbox 2322 585 2542 656; x_wconf 89' lang='lat' dir='ltr'>impetu</span> <span class='ocrx_word' id='word_1_15' title='bbox 2570 587 2890 645; x_wconf 89' lang='lat' dir='ltr'>irruerunt.</span> <span class='ocrx_word' id='word_1_16' title='bbox 2916 590 3003 646; x_wconf 92' lang='lat' dir='ltr'>Illi</span> <span class='ocrx_word' id='word_1_17' title='bbox 3023 596 3216 648; x_wconf 88' lang='lat' dir='ltr'>tamen</span> <span class='ocrx_word' id='word_1_18' title='bbox 3255 609 3371 649; x_wconf 93' lang='lat' dir='ltr'>non</span> <span class='ocrx_word' id='word_1_19' title='bbox 3401 596 3627 654; x_wconf 86' lang='lat' dir='ltr'>minore</span> 
     </span>
    </p>
   </div>
   <div class='ocr_carea' id='block_1_3' title="bbox 274 670 1858 745">
    <p class='ocr_par' dir='ltr' id='par_1_3' title="bbox 274 670 1858 745">
     <span class='ocr_line' id='line_1_3' title="bbox 274 670 1858 745; baseline -0.009 -7"><span class='ocrx_word' id='word_1_20' title='bbox 274 681 492 739; x_wconf 84' lang='lat' dir='ltr'>Richario</span> <span class='ocrx_word' id='word_1_21' title='bbox 519 676 590 719; x_wconf 62' lang='lat'>16?</span> <span class='ocrx_word' id='word_1_22' title='bbox 616 677 798 732; x_wconf 89' lang='lat' dir='ltr'>nobili</span> <span class='ocrx_word' id='word_1_23' title='bbox 820 679 970 745; x_wconf 90' lang='lat' dir='ltr'>viro,</span> <span class='ocrx_word' id='word_1_24' title='bbox 1005 677 1110 730; x_wconf 93' lang='lat' dir='ltr'>sed</span> <span class='ocrx_word' id='word_1_25' title='bbox 1134 676 1244 729; x_wconf 92' lang='lat' dir='ltr'>hoc</span> <span class='ocrx_word' id='word_1_26' title='bbox 1264 672 1538 728; x_wconf 83' lang='lat' dir='ltr'>defuncto</span> <span class='ocrx_word' id='word_1_27' title='bbox 1565 670 1858 724; x_wconf 91' lang='lat' dir='ltr'>Warnero</span> 
     </span>
    </p>
   </div>
   <div class='ocr_carea' id='block_1_4' title="bbox 269 759 1858 840">
    <p class='ocr_par' dir='ltr' id='par_1_4' title="bbox 269 759 1858 840">
     <span class='ocr_line' id='line_1_4' title="bbox 269 759 1858 840; baseline -0.01 -13"><span class='ocrx_word' id='word_1_28' title='bbox 269 780 310 829; x_wconf 87' lang='lat' dir='ltr'>et</span> <span class='ocrx_word' id='word_1_29' title='bbox 347 768 619 840; x_wconf 76' lang='lat' dir='ltr'>Raynaldo,</span> <span class='ocrx_word' id='word_1_30' title='bbox 668 767 886 836; x_wconf 88' lang='lat' dir='ltr'>quibus</span> <span class='ocrx_word' id='word_1_31' title='bbox 934 766 1108 820; x_wconf 89' lang='lat' dir='ltr'>etiam</span> <span class='ocrx_word' id='word_1_32' title='bbox 1138 762 1438 817; x_wconf 82' lang='lat' dir='ltr'>defunctis</span> <span class='ocrx_word' id='word_1_33' title='bbox 1469 759 1640 828; x_wconf 85' lang='grc'>(199),</span> <span class='ocrx_word' id='word_1_34' title='bbox 1664 759 1858 812; x_wconf 91' lang='lat' dir='ltr'>Gode-</span> 
     </span>
    </p>
   </div>
   <div class='ocr_carea' id='block_1_5' title="bbox 269 848 1854 928">
    <p class='ocr_par' dir='ltr' id='par_1_5' title="bbox 269 848 1854 928">
     <span class='ocr_line' id='line_1_5' title="bbox 269 848 1854 928; baseline -0.01 -12"><span class='ocrx_word' id='word_1_35' title='bbox 269 862 382 916; x_wconf 81' lang='lat' dir='ltr'>iride</span> <span class='ocrx_word' id='word_1_36' title='bbox 397 866 540 928; x_wconf 89' lang='lat' dir='ltr'>atque</span> <span class='ocrx_word' id='word_1_37' title='bbox 569 856 816 910; x_wconf 84' lang='lat' dir='ltr'>Arnulfo</span> <span class='ocrx_word' id='word_1_38' title='bbox 838 854 1154 908; x_wconf 81' lang='lat' dir='ltr'>comitibus</span> <span class='ocrx_word' id='word_1_39' title='bbox 1177 849 1570 907; x_wconf 86' lang='lat' dir='ltr'>nobilissimis</span> <span class='ocrx_word' id='word_1_40' title='bbox 1591 848 1854 913; x_wconf 79' lang='lat' dir='ltr'>contulit,</span> 
     </span>
    </p>
   </div>
   <div class='ocr_carea' id='block_1_6' title="bbox 268 937 1859 1018">
    <p class='ocr_par' dir='ltr' id='par_1_6' title="bbox 268 937 1859 1018">
     <span class='ocr_line' id='line_1_6' title="bbox 268 937 1859 1018; baseline -0.011 -14"><span class='ocrx_word' id='word_1_41' title='bbox 268 951 479 1018; x_wconf 85' lang='lat' dir='ltr'>ﬁliosque</span> <span class='ocrx_word' id='word_1_42' title='bbox 506 945 631 1016; x_wconf 78' lang='lat' dir='ltr'>ejus</span> <span class='ocrx_word' id='word_1_43' title='bbox 666 945 946 1014; x_wconf 81' lang='lat' dir='ltr'>praefatos</span> <span class='ocrx_word' id='word_1_44' title='bbox 977 960 1009 996; x_wconf 89' lang='lat' dir='ltr'>a</span> <span class='ocrx_word' id='word_1_45' title='bbox 1033 943 1236 1012; x_wconf 83' lang='lat' dir='ltr'>patriis</span> <span class='ocrx_word' id='word_1_46' title='bbox 1256 941 1473 994; x_wconf 83' lang='lat' dir='ltr'>finibus</span> <span class='ocrx_word' id='word_1_47' title='bbox 1506 954 1611 1008; x_wconf 91' lang='lat' dir='ltr'>pro</span> <span class='ocrx_word' id='word_1_48' title='bbox 1635 937 1859 990; x_wconf 85' lang='lat' dir='ltr'>eisdem</span> 
     </span>
    </p>
   </div>
   <div class='ocr_carea' id='block_1_7' title="bbox 266 1027 1858 1100">
    <p class='ocr_par' dir='ltr' id='par_1_7' title="bbox 266 1027 1858 1100">
     <span class='ocr_line' id='line_1_7' title="bbox 266 1027 1858 1100; baseline -0.009 -8"><span class='ocrx_word' id='word_1_49' title='bbox 266 1036 532 1094; x_wconf 79' lang='lat' dir='ltr'>insolentiis</span> <span class='ocrx_word' id='word_1_50' title='bbox 560 1033 880 1087; x_wconf 89' lang='lat' dir='ltr'>eliminavit</span> <span class='ocrx_word' id='word_1_51' title='bbox 904 1049 917 1100; x_wconf 84' lang='grc'>;</span> <span class='ocrx_word' id='word_1_52' title='bbox 941 1031 1131 1099; x_wconf 92' lang='lat' dir='ltr'>—illi,</span> <span class='ocrx_word' id='word_1_53' title='bbox 1159 1031 1414 1100; x_wconf 89' lang='lat' dir='ltr'>inquam,</span> <span class='ocrx_word' id='word_1_54' title='bbox 1441 1027 1634 1080; x_wconf 86' lang='lat' dir='ltr'>audita</span> <span class='ocrx_word' id='word_1_55' title='bbox 1673 1027 1858 1078; x_wconf 90' lang='lat' dir='ltr'>morte</span> 
     </span>
    </p>
   </div>
   <div class='ocr_carea' id='block_1_8' title="bbox 265 1115 1858 1196">
    <p class='ocr_par' dir='ltr' id='par_1_8' title="bbox 265 1115 1858 1196">
     <span class='ocr_line' id='line_1_8' title="bbox 265 1115 1858 1196; baseline -0.009 -16"><span class='ocrx_word' id='word_1_56' title='bbox 265 1123 585 1196; x_wconf 78' lang='lat' dir='ltr'>imperatoris,</span> <span class='ocrx_word' id='word_1_57' title='bbox 623 1121 1046 1192; x_wconf 85' lang='lat' dir='ltr'>revocantibus</span> <span class='ocrx_word' id='word_1_58' title='bbox 1068 1119 1306 1191; x_wconf 87' lang='lat' dir='ltr'>quidem</span> <span class='ocrx_word' id='word_1_59' title='bbox 1344 1115 1699 1187; x_wconf 89' lang='lat' dir='ltr'>quibusdam</span> <span class='ocrx_word' id='word_1_60' title='bbox 1722 1130 1858 1168; x_wconf 88' lang='lat' dir='ltr'>sce-</span> 
     </span>
    </p>
   </div>
   <div class='ocr_carea' id='block_1_9' title="bbox 261 1203 1858 1282">
    <p class='ocr_par' dir='ltr' id='par_1_9' title="bbox 261 1203 1858 1282">
     <span class='ocr_line' id='line_1_9' title="bbox 261 1203 1858 1282; baseline -0.009 -13"><span class='ocrx_word' id='word_1_61' title='bbox 261 1215 428 1269; x_wconf 88' lang='lat' dir='ltr'>lerosis</span> <span class='ocrx_word' id='word_1_62' title='bbox 462 1226 653 1282; x_wconf 87' lang='lat' dir='ltr'>pacem</span> <span class='ocrx_word' id='word_1_63' title='bbox 685 1210 818 1264; x_wconf 93' lang='lat' dir='ltr'>odio</span> <span class='ocrx_word' id='word_1_64' title='bbox 849 1209 1226 1275; x_wconf 78' lang='lat' dir='ltr'>habentibus,</span> <span class='ocrx_word' id='word_1_65' title='bbox 1261 1206 1400 1259; x_wconf 82' lang='lat' dir='ltr'>filiis</span> <span class='ocrx_word' id='word_1_66' title='bbox 1441 1204 1715 1258; x_wconf 82' lang='lat' dir='ltr'>videlicet</span> <span class='ocrx_word' id='word_1_67' title='bbox 1744 1203 1858 1256; x_wconf 87' lang='lat' dir='ltr'>Be-</span> 
     </span>
    </p>
   </div>
   <div class='ocr_carea' id='block_1_10' title="bbox 256 1292 1860 1372">
    <p class='ocr_par' dir='ltr' id='par_1_10' title="bbox 256 1292 1860 1372">
     <span class='ocr_line' id='line_1_10' title="bbox 256 1292 1860 1372; baseline -0.008 -16"><span class='ocrx_word' id='word_1_68' title='bbox 256 1305 343 1371; x_wconf 88' lang='lat' dir='ltr'>lial,</span> <span class='ocrx_word' id='word_1_69' title='bbox 367 1301 555 1372; x_wconf 89' lang='lat' dir='ltr'>patrios</span> <span class='ocrx_word' id='word_1_70' title='bbox 586 1300 736 1354; x_wconf 78' lang='lat' dir='ltr'>fines</span> <span class='ocrx_word' id='word_1_71' title='bbox 770 1298 1060 1369; x_wconf 80' lang='lat' dir='ltr'>regressi,</span> <span class='ocrx_word' id='word_1_72' title='bbox 1095 1302 1312 1350; x_wconf 89' lang='lat' dir='ltr'>terram</span> <span class='ocrx_word' id='word_1_73' title='bbox 1328 1294 1512 1364; x_wconf 83' lang='lat' dir='ltr'>patris</span> <span class='ocrx_word' id='word_1_74' title='bbox 1569 1292 1860 1346; x_wconf 85' lang='lat' dir='ltr'>violenter</span> 
     </span>
    </p>
   </div>
   <div class='ocr_carea' id='block_1_11' title="bbox 261 1383 1858 1457">
    <p class='ocr_par' dir='ltr' id='par_1_11' title="bbox 261 1383 1858 1457">
     <span class='ocr_line' id='line_1_11' title="bbox 261 1383 1858 1457; baseline -0.008 -13"><span class='ocrx_word' id='word_1_75' title='bbox 261 1392 470 1446; x_wconf 86' lang='lat' dir='ltr'>volentes</span> <span class='ocrx_word' id='word_1_76' title='bbox 497 1392 778 1457; x_wconf 84' lang='lat' dir='ltr'>repetere,</span> <span class='ocrx_word' id='word_1_77' title='bbox 814 1402 996 1456; x_wconf 86' lang='lat' dir='ltr'>super</span> <span class='ocrx_word' id='word_1_78' title='bbox 1026 1385 1298 1456; x_wconf 87' lang='lat' dir='ltr'>Hagnam</span> <span class='ocrx_word' id='word_1_79' title='bbox 1337 1383 1579 1436; x_wconf 86' lang='lat' dir='ltr'>ﬂuvium</span> <span class='ocrx_word' id='word_1_80' title='bbox 1598 1386 1858 1435; x_wconf 89' lang='lat' dir='ltr'>castrum</span> 
     </span>
    </p>
   </div>
   <div class='ocr_carea' id='block_1_12' title="bbox 261 1469 1857 1546">
    <p class='ocr_par' dir='ltr' id='par_1_12' title="bbox 261 1469 1857 1546">
     <span class='ocr_line' id='line_1_12' title="bbox 261 1469 1857 1546; baseline -0.008 -13"><span class='ocrx_word' id='word_1_81' title='bbox 261 1479 447 1534; x_wconf 88' lang='lat' dir='ltr'>Bussud</span> <span class='ocrx_word' id='word_1_82' title='bbox 461 1475 594 1546; x_wconf 73' lang='grc'>(200)</span> <span class='ocrx_word' id='word_1_83' title='bbox 612 1476 970 1541; x_wconf 90' lang='lat' dir='ltr'>munierunt,</span> <span class='ocrx_word' id='word_1_84' title='bbox 1009 1474 1211 1543; x_wconf 85' lang='lat' dir='ltr'>ibique</span> <span class='ocrx_word' id='word_1_85' title='bbox 1247 1471 1396 1527; x_wconf 87' lang='lat' dir='ltr'>satis</span> <span class='ocrx_word' id='word_1_86' title='bbox 1417 1473 1474 1524; x_wconf 91' lang='lat' dir='ltr'>et</span> <span class='ocrx_word' id='word_1_87' title='bbox 1510 1485 1691 1539; x_wconf 89' lang='lat' dir='ltr'>super</span> <span class='ocrx_word' id='word_1_88' title='bbox 1722 1469 1857 1522; x_wconf 91' lang='lat' dir='ltr'>dum</span> 
     </span>
    </p>
   </div>
   <div class='ocr_carea' id='block_1_13' title="bbox 260 1559 1860 1630">
    <p class='ocr_par' dir='ltr' id='par_1_13' title="bbox 260 1559 1860 1630">
     <span class='ocr_line' id='line_1_13' title="bbox 260 1559 1860 1630; baseline -0.007 -10"><span class='ocrx_word' id='word_1_89' title='bbox 260 1566 316 1610; x_wconf 69' lang='lat'><strong><em>153</em></strong></span> <span class='ocrx_word' id='word_1_90' title='bbox 336 1566 470 1620; x_wconf 89' lang='lat' dir='ltr'>licuit</span> <span class='ocrx_word' id='word_1_91' title='bbox 498 1565 816 1619; x_wconf 88' lang='lat' dir='ltr'>sevicruut.</span> <span class='ocrx_word' id='word_1_92' title='bbox 851 1563 977 1616; x_wconf 89' lang='lat' dir='ltr'>Hoc</span> <span class='ocrx_word' id='word_1_93' title='bbox 1025 1565 1220 1616; x_wconf 91' lang='lat' dir='ltr'>autem</span> <span class='ocrx_word' id='word_1_94' title='bbox 1255 1560 1498 1630; x_wconf 85' lang='lat' dir='ltr'>juvenis</span> <span class='ocrx_word' id='word_1_95' title='bbox 1542 1559 1860 1626; x_wconf 91' lang='lat' dir='ltr'>imperator</span> 
     </span>
    </p>
   </div>
   <div class='ocr_carea' id='block_1_14' title="bbox 259 1645 1856 1710">
    <p class='ocr_par' dir='ltr' id='par_1_14' title="bbox 259 1645 1856 1710">
     <span class='ocr_line' id='line_1_14' title="bbox 259 1645 1856 1710; baseline -0.008 -2"><span class='ocrx_word' id='word_1_96' title='bbox 259 1655 457 1710; x_wconf 87' lang='lat' dir='ltr'>audiens</span> <span class='ocrx_word' id='word_1_97' title='bbox 485 1653 725 1706; x_wconf 88' lang='lat' dir='ltr'>collecto</span> <span class='ocrx_word' id='word_1_98' title='bbox 743 1651 1009 1706; x_wconf 85' lang='lat' dir='ltr'>exercitu</span> <span class='ocrx_word' id='word_1_99' title='bbox 1031 1649 1336 1704; x_wconf 85' lang='lat' dir='ltr'>castellum</span> <span class='ocrx_word' id='word_1_100' title='bbox 1358 1647 1670 1702; x_wconf 89' lang='lat' dir='ltr'>obsidione</span> <span class='ocrx_word' id='word_1_101' title='bbox 1694 1645 1856 1698; x_wconf 92' lang='lat' dir='ltr'>clau-</span> 
     </span>
    </p>
   </div>
   <div class='ocr_carea' id='block_1_15' title="bbox 256 1735 1852 1812">
    <p class='ocr_par' dir='ltr' id='par_1_15' title="bbox 256 1735 1852 1812">
     <span class='ocr_line' id='line_1_15' title="bbox 256 1735 1852 1812; baseline -0.008 -15"><span class='ocrx_word' id='word_1_102' title='bbox 256 1745 326 1810; x_wconf 87' lang='lat' dir='ltr'>sit,</span> <span class='ocrx_word' id='word_1_103' title='bbox 361 1743 513 1796; x_wconf 85' lang='lat' dir='ltr'>diruit</span> <span class='ocrx_word' id='word_1_104' title='bbox 550 1743 873 1812; x_wconf 90' lang='lat' dir='ltr'>captosque</span> <span class='ocrx_word' id='word_1_105' title='bbox 922 1739 1176 1794; x_wconf 88' lang='lat' dir='ltr'>rebelles</span> <span class='ocrx_word' id='word_1_106' title='bbox 1225 1739 1284 1791; x_wconf 90' lang='lat' dir='ltr'>in</span> <span class='ocrx_word' id='word_1_107' title='bbox 1325 1737 1499 1791; x_wconf 87' lang='lat' dir='ltr'>exilio</span> <span class='ocrx_word' id='word_1_108' title='bbox 1545 1735 1706 1788; x_wconf 91' lang='lat' dir='ltr'>misit</span> <span class='ocrx_word' id='word_1_109' title='bbox 1737 1736 1852 1800; x_wconf 86' lang='lat' dir='ltr'>(an.</span> 
     </span>
    </p>
   </div>
   <div class='ocr_carea' id='block_1_16' title="bbox 253 1822 1856 1898">
    <p class='ocr_par' dir='ltr' id='par_1_16' title="bbox 253 1822 1856 1898">
     <span class='ocr_line' id='line_1_16' title="bbox 253 1822 1856 1898; baseline -0.007 -13"><span class='ocrx_word' id='word_1_110' title='bbox 253 1832 345 1894; x_wconf 66' lang='lat'>974,</span> <span class='ocrx_word' id='word_1_111' title='bbox 384 1830 626 1898; x_wconf 81' lang='lat' dir='ltr'>Jan.)Ad</span> <span class='ocrx_word' id='word_1_112' title='bbox 662 1830 813 1882; x_wconf 89' lang='lat' dir='ltr'>hanc</span> <span class='ocrx_word' id='word_1_113' title='bbox 849 1829 1020 1883; x_wconf 89' lang='lat' dir='ltr'>etiam</span> <span class='ocrx_word' id='word_1_114' title='bbox 1058 1827 1427 1881; x_wconf 90' lang='lat' dir='ltr'>obsidionem</span> <span class='ocrx_word' id='word_1_115' title='bbox 1476 1823 1679 1877; x_wconf 90' lang='lat' dir='ltr'>Tietdo</span> <span class='ocrx_word' id='word_1_116' title='bbox 1737 1822 1856 1889; x_wconf 92' lang='lat' dir='ltr'>epi-</span> 
     </span>
    </p>
   </div>
   <div class='ocr_carea' id='block_1_17' title="bbox 1969 673 3627 749">
    <p class='ocr_par' dir='ltr' id='par_1_17' title="bbox 1969 673 3627 749">
     <span class='ocr_line' id='line_1_17' title="bbox 1969 673 3627 749; baseline 0.01 -25"><span class='ocrx_word' id='word_1_117' title='bbox 1969 673 2178 742; x_wconf 91' lang='lat' dir='ltr'>spiritu</span> <span class='ocrx_word' id='word_1_118' title='bbox 2229 675 2482 745; x_wconf 77' lang='lat' dir='ltr'>excitati,</span> <span class='ocrx_word' id='word_1_119' title='bbox 2519 678 2646 730; x_wconf 90' lang='lat' dir='ltr'>suis</span> <span class='ocrx_word' id='word_1_120' title='bbox 2678 694 2830 748; x_wconf 88' lang='lat' dir='ltr'>quos</span> <span class='ocrx_word' id='word_1_121' title='bbox 2860 684 3170 749; x_wconf 88' lang='lat' dir='ltr'>presentes</span> <span class='ocrx_word' id='word_1_122' title='bbox 3200 683 3493 739; x_wconf 85' lang='lat' dir='ltr'>habebant</span> <span class='ocrx_word' id='word_1_123' title='bbox 3523 703 3627 742; x_wconf 91' lang='lat' dir='ltr'>co-</span> 
     </span>
    </p>
   </div>
   <div class='ocr_carea' id='block_1_18' title="bbox 1967 762 3628 845">
    <p class='ocr_par' dir='ltr' id='par_1_18' title="bbox 1967 762 3628 845">
     <span class='ocr_line' id='line_1_18' title="bbox 1967 762 3628 845; baseline 0.01 -32"><span class='ocrx_word' id='word_1_124' title='bbox 1967 762 2136 830; x_wconf 88' lang='lat' dir='ltr'>actis,</span> <span class='ocrx_word' id='word_1_125' title='bbox 2161 766 2323 816; x_wconf 83' lang='lat' dir='ltr'>extra</span> <span class='ocrx_word' id='word_1_126' title='bbox 2343 765 2723 820; x_wconf 89' lang='lat' dir='ltr'>munitionem</span> <span class='ocrx_word' id='word_1_127' title='bbox 2743 773 3085 838; x_wconf 90' lang='lat' dir='ltr'>emergunt;</span> <span class='ocrx_word' id='word_1_128' title='bbox 3112 775 3504 843; x_wconf 90' lang='lat' dir='ltr'>preruptoque</span> <span class='ocrx_word' id='word_1_129' title='bbox 3527 792 3628 845; x_wconf 90' lang='lat' dir='ltr'>pe-</span> 
     </span>
    </p>
   </div>
   <div class='ocr_carea' id='block_1_19' title="bbox 1967 850 3628 925">
    <p class='ocr_par' dir='ltr' id='par_1_19' title="bbox 1967 850 3628 925">
     <span class='ocr_line' id='line_1_19' title="bbox 1967 850 3628 925; baseline 0.01 -23"><span class='ocrx_word' id='word_1_130' title='bbox 1967 850 2152 905; x_wconf 92' lang='lat' dir='ltr'>riculo</span> <span class='ocrx_word' id='word_1_131' title='bbox 2209 868 2348 906; x_wconf 91' lang='lat' dir='ltr'>sese</span> <span class='ocrx_word' id='word_1_132' title='bbox 2405 852 2738 923; x_wconf 69' lang='lat' dir='ltr'>otierentes,</span> <span class='ocrx_word' id='word_1_133' title='bbox 2775 855 3142 925; x_wconf 89' lang='lat' dir='ltr'>inexpectato</span> <span class='ocrx_word' id='word_1_134' title='bbox 3185 859 3340 912; x_wconf 92' lang='lat' dir='ltr'>omni</span> <span class='ocrx_word' id='word_1_135' title='bbox 3373 863 3489 914; x_wconf 90' lang='lat' dir='ltr'>nisi</span> <span class='ocrx_word' id='word_1_136' title='bbox 3523 864 3628 918; x_wconf 90' lang='lat' dir='ltr'>Dei</span> 
     </span>
    </p>
   </div>
   <div class='ocr_carea' id='block_1_20' title="bbox 1965 942 3625 1020">
    <p class='ocr_par' dir='ltr' id='par_1_20' title="bbox 1965 942 3625 1020">
     <span class='ocr_line' id='line_1_20' title="bbox 1965 942 3625 1020; baseline 0.009 -30"><span class='ocrx_word' id='word_1_137' title='bbox 1965 942 2186 992; x_wconf 91' lang='lat' dir='ltr'>tantum</span> <span class='ocrx_word' id='word_1_138' title='bbox 2217 942 2457 1010; x_wconf 88' lang='lat' dir='ltr'>auxilio,</span> <span class='ocrx_word' id='word_1_139' title='bbox 2493 959 2704 996; x_wconf 89' lang='lat' dir='ltr'>manus</span> <span class='ocrx_word' id='word_1_140' title='bbox 2737 950 3079 1014; x_wconf 88' lang='lat' dir='ltr'>conserunt,</span> <span class='ocrx_word' id='word_1_141' title='bbox 3105 945 3322 1017; x_wconf 90' lang='lat' dir='ltr'>diuque</span> <span class='ocrx_word' id='word_1_142' title='bbox 3354 949 3625 1020; x_wconf 90' lang='lat' dir='ltr'>utrinque</span> 
     </span>
    </p>
   </div>
   <div class='ocr_carea' id='block_1_21' title="bbox 1966 1029 3630 1104">
    <p class='ocr_par' dir='ltr' id='par_1_21' title="bbox 1966 1029 3630 1104">
     <span class='ocr_line' id='line_1_21' title="bbox 1966 1029 3630 1104; baseline 0.008 -24"><span class='ocrx_word' id='word_1_143' title='bbox 1966 1032 2209 1096; x_wconf 86' lang='lat' dir='ltr'>certato,</span> <span class='ocrx_word' id='word_1_144' title='bbox 2273 1034 2464 1084; x_wconf 88' lang='lat' dir='ltr'>tamen</span> <span class='ocrx_word' id='word_1_145' title='bbox 2517 1029 2712 1085; x_wconf 87' lang='lat' dir='ltr'>fructu</span> <span class='ocrx_word' id='word_1_146' title='bbox 2769 1033 3033 1087; x_wconf 88' lang='lat' dir='ltr'>victoriae</span> <span class='ocrx_word' id='word_1_147' title='bbox 3064 1037 3380 1104; x_wconf 90' lang='lat' dir='ltr'>potiuntur.</span> <span class='ocrx_word' id='word_1_148' title='bbox 3417 1037 3526 1092; x_wconf 89' lang='lat' dir='ltr'>His</span> <span class='ocrx_word' id='word_1_149' title='bbox 3558 1039 3630 1093; x_wconf 90' lang='lat' dir='ltr'>ad</span> 
     </span>
    </p>
   </div>
   <div class='ocr_carea' id='block_1_22' title="bbox 1965 1119 3687 1194">
    <p class='ocr_par' dir='ltr' id='par_1_22' title="bbox 1965 1119 3687 1194">
     <span class='ocr_line' id='line_1_22' title="bbox 1965 1119 3687 1194; baseline 0.008 -24"><span class='ocrx_word' id='word_1_150' title='bbox 1965 1133 2073 1170; x_wconf 89' lang='lat' dir='ltr'>sua</span> <span class='ocrx_word' id='word_1_151' title='bbox 2103 1119 2380 1187; x_wconf 88' lang='lat' dir='ltr'>receptis,</span> <span class='ocrx_word' id='word_1_152' title='bbox 2417 1135 2525 1172; x_wconf 90' lang='lat' dir='ltr'>nec</span> <span class='ocrx_word' id='word_1_153' title='bbox 2548 1120 2810 1192; x_wconf 87' lang='lat' dir='ltr'>longum,</span> <span class='ocrx_word' id='word_1_154' title='bbox 2834 1122 2964 1176; x_wconf 91' lang='lat' dir='ltr'>Otto</span> <span class='ocrx_word' id='word_1_155' title='bbox 2997 1121 3148 1192; x_wconf 69' lang='lat'>(201)</span> <span class='ocrx_word' id='word_1_156' title='bbox 3188 1125 3455 1194; x_wconf 90' lang='lat' dir='ltr'>predium</span> <span class='ocrx_word' id='word_1_157' title='bbox 3487 1127 3629 1182; x_wconf 91' lang='lat' dir='ltr'>illud</span> <span class='ocrx_word' id='word_1_158' title='bbox 3684 1188 3687 1189; x_wconf 24' lang='grc' dir='ltr'><em>ν</em></span> 
     </span>
    </p>
   </div>
   <div class='ocr_carea' id='block_1_23' title="bbox 1963 1205 3628 1283">
    <p class='ocr_par' dir='ltr' id='par_1_23' title="bbox 1963 1205 3628 1283">
     <span class='ocr_line' id='line_1_23' title="bbox 1963 1205 3628 1283; baseline 0.008 -25"><span class='ocrx_word' id='word_1_159' title='bbox 1963 1205 2250 1275; x_wconf 90' lang='lat' dir='ltr'>Gogicum</span> <span class='ocrx_word' id='word_1_160' title='bbox 2281 1207 2450 1278; x_wconf 74' lang='lat'>(202),</span> <span class='ocrx_word' id='word_1_161' title='bbox 2484 1209 2618 1277; x_wconf 88' lang='lat' dir='ltr'>quia</span> <span class='ocrx_word' id='word_1_162' title='bbox 2651 1210 2767 1263; x_wconf 90' lang='lat' dir='ltr'>sibi</span> <span class='ocrx_word' id='word_1_163' title='bbox 2797 1215 2960 1264; x_wconf 89' lang='lat' dir='ltr'>esset</span> <span class='ocrx_word' id='word_1_164' title='bbox 2991 1213 3353 1283; x_wconf 90' lang='lat' dir='ltr'>contiguum,</span> <span class='ocrx_word' id='word_1_165' title='bbox 3380 1215 3628 1272; x_wconf 86' lang='lat' dir='ltr'>Arnulfo</span> 
     </span>
    </p>
   </div>
   <div class='ocr_carea' id='block_1_24' title="bbox 1963 1296 3621 1371">
    <p class='ocr_par' dir='ltr' id='par_1_24' title="bbox 1963 1296 3621 1371">
     <span class='ocr_line' id='line_1_24' title="bbox 1963 1296 3621 1371; baseline 0.007 -24"><span class='ocrx_word' id='word_1_166' title='bbox 1963 1298 2302 1364; x_wconf 88' lang='lat' dir='ltr'>presumpta</span> <span class='ocrx_word' id='word_1_167' title='bbox 2360 1296 2765 1351; x_wconf 89' lang='lat' dir='ltr'>vendicatione</span> <span class='ocrx_word' id='word_1_168' title='bbox 2823 1299 3054 1368; x_wconf 85' lang='lat' dir='ltr'>eripuit,</span> <span class='ocrx_word' id='word_1_169' title='bbox 3116 1300 3314 1371; x_wconf 88' lang='lat' dir='ltr'>ibique</span> <span class='ocrx_word' id='word_1_170' title='bbox 3373 1304 3621 1358; x_wconf 86' lang='lat' dir='ltr'>castello</span> 
     </span>
    </p>
   </div>
   <div class='ocr_carea' id='block_1_25' title="bbox 1964 1383 3630 1460">
    <p class='ocr_par' dir='ltr' id='par_1_25' title="bbox 1964 1383 3630 1460">
     <span class='ocr_line' id='line_1_25' title="bbox 1964 1383 3630 1460; baseline 0.007 -25"><span class='ocrx_word' id='word_1_171' title='bbox 1964 1383 2205 1449; x_wconf 89' lang='lat' dir='ltr'>munito,</span> <span class='ocrx_word' id='word_1_172' title='bbox 2266 1383 2473 1438; x_wconf 91' lang='lat' dir='ltr'>urbem</span> <span class='ocrx_word' id='word_1_173' title='bbox 2532 1385 2702 1453; x_wconf 87' lang='lat' dir='ltr'>hanc,</span> <span class='ocrx_word' id='word_1_174' title='bbox 2736 1387 2873 1456; x_wconf 88' lang='lat' dir='ltr'>quia</span> <span class='ocrx_word' id='word_1_175' title='bbox 2902 1403 3008 1441; x_wconf 90' lang='lat' dir='ltr'>nec</span> <span class='ocrx_word' id='word_1_176' title='bbox 3069 1387 3246 1460; x_wconf 88' lang='lat' dir='ltr'>longe</span> <span class='ocrx_word' id='word_1_177' title='bbox 3278 1390 3472 1460; x_wconf 87' lang='lat' dir='ltr'>distat,</span> <span class='ocrx_word' id='word_1_178' title='bbox 3508 1391 3630 1446; x_wconf 83' lang='lat' dir='ltr'>fre-</span> 
     </span>
    </p>
   </div>
   <div class='ocr_carea' id='block_1_26' title="bbox 1964 1471 2907 1542">
    <p class='ocr_par' dir='ltr' id='par_1_26' title="bbox 1964 1471 2907 1542">
     <span class='ocr_line' id='line_1_26' title="bbox 1964 1471 2907 1542; baseline 0.005 -18"><span class='ocrx_word' id='word_1_179' title='bbox 1964 1473 2164 1542; x_wconf 89' lang='lat' dir='ltr'>quenti</span> <span class='ocrx_word' id='word_1_180' title='bbox 2196 1471 2537 1527; x_wconf 87' lang='lat' dir='ltr'>incursione</span> <span class='ocrx_word' id='word_1_181' title='bbox 2572 1475 2907 1529; x_wconf 89' lang='lat' dir='ltr'>concitavit.</span> 
     </span>
    </p>
   </div>
   <div class='ocr_carea' id='block_1_27' title="bbox 2033 1559 3628 1637">
    <p class='ocr_par' dir='ltr' id='par_1_27' title="bbox 2033 1559 3628 1637">
     <span class='ocr_line' id='line_1_27' title="bbox 2033 1559 3628 1637; baseline 0.006 -25"><span class='ocrx_word' id='word_1_182' title='bbox 2033 1559 2122 1613; x_wconf 78' lang='lat'>97.</span> <span class='ocrx_word' id='word_1_183' title='bbox 2150 1559 2285 1628; x_wconf 86' lang='lat'>(96.)</span> <span class='ocrx_word' id='word_1_184' title='bbox 2309 1561 2441 1614; x_wconf 81' lang='lat' dir='ltr'>Rex</span> <span class='ocrx_word' id='word_1_185' title='bbox 2465 1561 2844 1616; x_wconf 82' lang='lat' dir='ltr'>Karlensium</span> <span class='ocrx_word' id='word_1_186' title='bbox 2864 1564 3183 1619; x_wconf 77' lang='lat' dir='ltr'>Lotharius</span> <span class='ocrx_word' id='word_1_187' title='bbox 3205 1566 3628 1637; x_wconf 81' lang='lat' dir='ltr'>imperatorem</span> 
     </span>
    </p>
   </div>
   <div class='ocr_carea' id='block_1_28' title="bbox 1969 1648 3631 1727">
    <p class='ocr_par' dir='ltr' id='par_1_28' title="bbox 1969 1648 3631 1727">
     <span class='ocr_line' id='line_1_28' title="bbox 1969 1648 3631 1727; baseline 0.006 -26"><span class='ocrx_word' id='word_1_188' title='bbox 1969 1648 2238 1702; x_wconf 82' lang='lat' dir='ltr'>Ottonem</span> <span class='ocrx_word' id='word_1_189' title='bbox 2257 1650 2552 1702; x_wconf 82' lang='lat' dir='ltr'>incautum</span> <span class='ocrx_word' id='word_1_190' title='bbox 2575 1651 2828 1719; x_wconf 80' lang='lat' dir='ltr'>invadit,</span> <span class='ocrx_word' id='word_1_191' title='bbox 2862 1659 2922 1705; x_wconf 88' lang='lat' dir='ltr'>et</span> <span class='ocrx_word' id='word_1_192' title='bbox 2945 1654 3080 1707; x_wconf 88' lang='lat' dir='ltr'>ideo</span> <span class='ocrx_word' id='word_1_193' title='bbox 3114 1655 3248 1710; x_wconf 88' lang='lat' dir='ltr'>Otto</span> <span class='ocrx_word' id='word_1_194' title='bbox 3266 1655 3510 1710; x_wconf 89' lang='lat' dir='ltr'>collecto</span> <span class='ocrx_word' id='word_1_195' title='bbox 3531 1673 3631 1727; x_wconf 86' lang='lat' dir='ltr'>ag-</span> 
     </span>
    </p>
   </div>
   <div class='ocr_carea' id='block_1_29' title="bbox 1966 1738 3632 1808">
    <p class='ocr_par' dir='ltr' id='par_1_29' title="bbox 1966 1738 3632 1808">
     <span class='ocr_line' id='line_1_29' title="bbox 1966 1738 3632 1808; baseline 0.005 -18"><span class='ocrx_word' id='word_1_196' title='bbox 1966 1739 2123 1792; x_wconf 88' lang='lat' dir='ltr'>mine</span> <span class='ocrx_word' id='word_1_197' title='bbox 2141 1752 2388 1806; x_wconf 83' lang='lat' dir='ltr'>regnum</span> <span class='ocrx_word' id='word_1_198' title='bbox 2409 1738 2600 1808; x_wconf 86' lang='lat' dir='ltr'>ipsius</span> <span class='ocrx_word' id='word_1_199' title='bbox 2617 1739 2690 1793; x_wconf 84' lang='lat' dir='ltr'>de</span> <span class='ocrx_word' id='word_1_200' title='bbox 2703 1747 2864 1794; x_wconf 85' lang='lat' dir='ltr'>vasta</span> <span class='ocrx_word' id='word_1_201' title='bbox 2879 1742 2978 1795; x_wconf 85' lang='lat' dir='ltr'>vit.</span> <span class='ocrx_word' id='word_1_202' title='bbox 3001 1741 3142 1796; x_wconf 88' lang='lat' dir='ltr'>Post</span> <span class='ocrx_word' id='word_1_203' title='bbox 3171 1743 3299 1797; x_wconf 87' lang='lat' dir='ltr'>haec</span> <span class='ocrx_word' id='word_1_204' title='bbox 3317 1747 3510 1798; x_wconf 89' lang='lat' dir='ltr'>autem</span> <span class='ocrx_word' id='word_1_205' title='bbox 3532 1745 3632 1799; x_wconf 85' lang='lat' dir='ltr'>im-</span> 
     </span>
    </p>
   </div>
   <div class='ocr_carea' id='block_1_30' title="bbox 1967 1826 3630 1899">
    <p class='ocr_par' dir='ltr' id='par_1_30' title="bbox 1967 1826 3630 1899">
     <span class='ocr_line' id='line_1_30' title="bbox 1967 1826 3630 1899; baseline 0.004 -20"><span class='ocrx_word' id='word_1_206' title='bbox 1967 1829 2221 1896; x_wconf 89' lang='lat' dir='ltr'>perator,</span> <span class='ocrx_word' id='word_1_207' title='bbox 2277 1826 2400 1896; x_wconf 83' lang='lat' dir='ltr'>jam</span> <span class='ocrx_word' id='word_1_208' title='bbox 2455 1831 2660 1895; x_wconf 88' lang='lat' dir='ltr'>pacato</span> <span class='ocrx_word' id='word_1_209' title='bbox 2718 1844 2904 1899; x_wconf 87' lang='lat' dir='ltr'>regno</span> <span class='ocrx_word' id='word_1_210' title='bbox 2957 1834 3012 1883; x_wconf 91' lang='lat' dir='ltr'>ct</span> <span class='ocrx_word' id='word_1_211' title='bbox 3043 1831 3318 1886; x_wconf 89' lang='lat' dir='ltr'>omnibus</span> <span class='ocrx_word' id='word_1_212' title='bbox 3351 1833 3466 1887; x_wconf 89' lang='lat' dir='ltr'>sibi</span> <span class='ocrx_word' id='word_1_213' title='bbox 3497 1836 3630 1886; x_wconf 87' lang='lat' dir='ltr'>ante</span> 
     </span>
    </p>
   </div>
   <div class='ocr_carea' id='block_1_31' title="bbox 255 1911 3630 1994">
    <p class='ocr_par' dir='ltr' id='par_1_31' title="bbox 255 1911 3630 1994">
     <span class='ocr_line' id='line_1_31' title="bbox 255 1911 3630 1994; baseline 0 -21"><span class='ocrx_word' id='word_1_214' title='bbox 255 1936 428 1990; x_wconf 88' lang='lat' dir='ltr'>scopus</span> <span class='ocrx_word' id='word_1_215' title='bbox 466 1919 745 1972; x_wconf 79' lang='lat' dir='ltr'>interfuit.</span> <span class='ocrx_word' id='word_1_216' title='bbox 801 1918 908 1970; x_wconf 85' lang='lat' dir='ltr'>His</span> <span class='ocrx_word' id='word_1_217' title='bbox 939 1918 1017 1970; x_wconf 89' lang='lat' dir='ltr'>ita</span> <span class='ocrx_word' id='word_1_218' title='bbox 1060 1917 1273 1987; x_wconf 81' lang='lat' dir='ltr'>gestis,</span> <span class='ocrx_word' id='word_1_219' title='bbox 1304 1913 1616 1984; x_wconf 72' lang='lat' dir='ltr'>prmfatum</span> <span class='ocrx_word' id='word_1_220' title='bbox 1647 1911 1856 1964; x_wconf 89' lang='lat' dir='ltr'>ducem</span> <span class='ocrx_word' id='word_1_221' title='bbox 1889 1932 1941 1994; x_wconf 78' lang='grc' dir='ltr'>Β</span> <span class='ocrx_word' id='word_1_222' title='bbox 1967 1915 2389 1969; x_wconf 88' lang='lat' dir='ltr'>resistentibus</span> <span class='ocrx_word' id='word_1_223' title='bbox 2432 1917 2644 1969; x_wconf 87' lang='lat' dir='ltr'>virtute</span> <span class='ocrx_word' id='word_1_224' title='bbox 2679 1917 2921 1986; x_wconf 89' lang='lat' dir='ltr'>sedatis,</span> <span class='ocrx_word' id='word_1_225' title='bbox 2973 1919 3208 1988; x_wconf 91' lang='lat' dir='ltr'>quietus</span> <span class='ocrx_word' id='word_1_226' title='bbox 3240 1923 3295 1973; x_wconf 89' lang='lat' dir='ltr'>et</span> <span class='ocrx_word' id='word_1_227' title='bbox 3325 1936 3458 1974; x_wconf 91' lang='lat' dir='ltr'>cum</span> <span class='ocrx_word' id='word_1_228' title='bbox 3490 1936 3630 1990; x_wconf 87' lang='lat' dir='ltr'>pro-</span> 
     </span>
    </p>
   </div>
   <div class='ocr_carea' id='block_1_32' title="bbox 251 2004 1856 2078">
    <p class='ocr_par' dir='ltr' id='par_1_32' title="bbox 251 2004 1856 2078">
     <span class='ocr_line' id='line_1_32' title="bbox 251 2004 1856 2078; baseline -0.006 -18"><span class='ocrx_word' id='word_1_229' title='bbox 251 2008 656 2078; x_wconf 77' lang='lat' dir='ltr'>Bajuvariorum,</span> <span class='ocrx_word' id='word_1_230' title='bbox 717 2007 800 2058; x_wconf 92' lang='lat' dir='ltr'>illi</span> <span class='ocrx_word' id='word_1_231' title='bbox 857 2010 918 2059; x_wconf 92' lang='lat' dir='ltr'>ut</span> <span class='ocrx_word' id='word_1_232' title='bbox 977 2006 1235 2058; x_wconf 79' lang='lat' dir='ltr'>diximus</span> <span class='ocrx_word' id='word_1_233' title='bbox 1284 2004 1684 2068; x_wconf 90' lang='lat' dir='ltr'>resistentem,</span> <span class='ocrx_word' id='word_1_234' title='bbox 1721 2015 1856 2052; x_wconf 91' lang='lat' dir='ltr'>cum</span> 
     </span>
    </p>
   </div>
   <div class='ocr_carea' id='block_1_33' title="bbox 254 2088 1856 2161">
    <p class='ocr_par' dir='ltr' id='par_1_33' title="bbox 254 2088 1856 2161">
     <span class='ocr_line' id='line_1_33' title="bbox 254 2088 1856 2161; baseline -0.006 -12"><span class='ocrx_word' id='word_1_235' title='bbox 254 2098 351 2150; x_wconf 86' lang='lat' dir='ltr'>suis</span> <span class='ocrx_word' id='word_1_236' title='bbox 376 2097 555 2151; x_wconf 85' lang='lat' dir='ltr'>adiens</span> <span class='ocrx_word' id='word_1_237' title='bbox 588 2096 828 2161; x_wconf 86' lang='lat' dir='ltr'>invasit,</span> <span class='ocrx_word' id='word_1_238' title='bbox 863 2095 968 2148; x_wconf 89' lang='lat' dir='ltr'>sed</span> <span class='ocrx_word' id='word_1_239' title='bbox 1019 2094 1266 2148; x_wconf 91' lang='lat' dir='ltr'>Domino</span> <span class='ocrx_word' id='word_1_240' title='bbox 1297 2092 1528 2146; x_wconf 89' lang='lat' dir='ltr'>volente</span> <span class='ocrx_word' id='word_1_241' title='bbox 1571 2088 1856 2153; x_wconf 86' lang='lat' dir='ltr'>citissime</span> 
     </span>
    </p>
   </div>
   <div class='ocr_carea' id='block_1_34' title="bbox 254 2176 1857 2252">
    <p class='ocr_par' dir='ltr' id='par_1_34' title="bbox 254 2176 1857 2252">
     <span class='ocr_line' id='line_1_34' title="bbox 254 2176 1857 2252; baseline -0.003 -18"><span class='ocrx_word' id='word_1_242' title='bbox 254 2187 426 2238; x_wconf 84' lang='lat' dir='ltr'>victum</span> <span class='ocrx_word' id='word_1_243' title='bbox 453 2189 502 2237; x_wconf 91' lang='lat' dir='ltr'>et</span> <span class='ocrx_word' id='word_1_244' title='bbox 528 2185 597 2237; x_wconf 88' lang='lat' dir='ltr'>ad</span> <span class='ocrx_word' id='word_1_245' title='bbox 643 2184 1000 2238; x_wconf 89' lang='lat' dir='ltr'>deditionem</span> <span class='ocrx_word' id='word_1_246' title='bbox 1048 2185 1313 2252; x_wconf 89' lang='lat' dir='ltr'>paratum</span> <span class='ocrx_word' id='word_1_247' title='bbox 1362 2178 1611 2249; x_wconf 87' lang='lat' dir='ltr'>imperio</span> <span class='ocrx_word' id='word_1_248' title='bbox 1645 2176 1857 2246; x_wconf 77' lang='lat' dir='ltr'>subju-</span> 
     </span>
    </p>
   </div>
   <div class='ocr_carea' id='block_1_35' title="bbox 253 2274 392 2342">
    <p class='ocr_par' dir='ltr' id='par_1_35' title="bbox 253 2274 392 2342">
     <span class='ocr_line' id='line_1_35' title="bbox 253 2274 392 2342; baseline 0.014 -19"><span class='ocrx_word' id='word_1_249' title='bbox 253 2274 392 2342; x_wconf 82' lang='lat' dir='ltr'>gavit.</span> 
     </span>
    </p>
   </div>
   <div class='ocr_carea' id='block_1_36' title="bbox 301 2355 1860 2430">
    <p class='ocr_par' dir='ltr' id='par_1_36' title="bbox 301 2355 1860 2430">
     <span class='ocr_line' id='line_1_36' title="bbox 301 2355 1860 2430; baseline -0.005 -16"><span class='ocrx_word' id='word_1_250' title='bbox 301 2359 372 2414; x_wconf 84' lang='lat'>96.</span> <span class='ocrx_word' id='word_1_251' title='bbox 400 2361 517 2428; x_wconf 82' lang='lat'>(95).</span> <span class='ocrx_word' id='word_1_252' title='bbox 546 2361 664 2414; x_wconf 86' lang='lat' dir='ltr'>Ubi</span> <span class='ocrx_word' id='word_1_253' title='bbox 692 2361 850 2414; x_wconf 89' lang='lat' dir='ltr'>idem</span> <span class='ocrx_word' id='word_1_254' title='bbox 872 2360 1250 2430; x_wconf 64' lang='lat' dir='ltr'>rapinatores</span> <span class='ocrx_word' id='word_1_255' title='bbox 1287 2363 1490 2411; x_wconf 72' lang='lat' dir='ltr'>contra</span> <span class='ocrx_word' id='word_1_256' title='bbox 1516 2355 1726 2410; x_wconf 79' lang='lat' dir='ltr'>ﬁdeles</span> <span class='ocrx_word' id='word_1_257' title='bbox 1755 2355 1860 2407; x_wconf 85' lang='lat' dir='ltr'>im-</span> 
     </span>
    </p>
   </div>
   <div class='ocr_carea' id='block_1_37' title="bbox 249 2443 1860 2520">
    <p class='ocr_par' dir='ltr' id='par_1_37' title="bbox 249 2443 1860 2520">
     <span class='ocr_line' id='line_1_37' title="bbox 249 2443 1860 2520; baseline -0.004 -19"><span class='ocrx_word' id='word_1_258' title='bbox 249 2450 496 2518; x_wconf 86' lang='lat' dir='ltr'>peratoris</span> <span class='ocrx_word' id='word_1_259' title='bbox 509 2450 565 2502; x_wconf 89' lang='lat' dir='ltr'>in</span> <span class='ocrx_word' id='word_1_260' title='bbox 573 2449 773 2520; x_wconf 75' lang='lat' dir='ltr'>prelio</span> <span class='ocrx_word' id='word_1_261' title='bbox 785 2449 1096 2518; x_wconf 86' lang='lat' dir='ltr'>congressi</span> <span class='ocrx_word' id='word_1_262' title='bbox 1111 2454 1279 2518; x_wconf 83' lang='lat' dir='ltr'>terga</span> <span class='ocrx_word' id='word_1_263' title='bbox 1301 2450 1608 2500; x_wconf 82' lang='lat' dir='ltr'>verterunt</span> <span class='ocrx_word' id='word_1_264' title='bbox 1618 2486 1629 2497; x_wconf 93' lang='lat'>.</span> <span class='ocrx_word' id='word_1_265' title='bbox 1639 2443 1860 2496; x_wconf 90' lang='lat' dir='ltr'>Interea</span> 
     </span>
    </p>
   </div>
   <div class='ocr_carea' id='block_1_38' title="bbox 249 2534 1861 2606">
    <p class='ocr_par' dir='ltr' id='par_1_38' title="bbox 249 2534 1861 2606">
     <span class='ocr_line' id='line_1_38' title="bbox 249 2534 1861 2606; baseline -0.002 -17"><span class='ocrx_word' id='word_1_266' title='bbox 249 2552 358 2590; x_wconf 81' lang='lat' dir='ltr'>vero</span> <span class='ocrx_word' id='word_1_267' title='bbox 377 2538 599 2606; x_wconf 90' lang='lat' dir='ltr'>predicti</span> <span class='ocrx_word' id='word_1_268' title='bbox 623 2538 840 2591; x_wconf 86' lang='lat' dir='ltr'>fratres</span> <span class='ocrx_word' id='word_1_269' title='bbox 868 2536 1157 2590; x_wconf 84' lang='lat' dir='ltr'>Rainerus</span> <span class='ocrx_word' id='word_1_270' title='bbox 1176 2540 1232 2589; x_wconf 90' lang='lat' dir='ltr'>et</span> <span class='ocrx_word' id='word_1_271' title='bbox 1273 2535 1648 2602; x_wconf 89' lang='lat' dir='ltr'>Lantbertus,</span> <span class='ocrx_word' id='word_1_272' title='bbox 1675 2534 1861 2587; x_wconf 91' lang='lat' dir='ltr'>coacti</span> 
     </span>
    </p>
   </div>
   <div class='ocr_carea' id='block_1_39' title="bbox 251 2623 1862 2696">
    <p class='ocr_par' dir='ltr' id='par_1_39' title="bbox 251 2623 1862 2696">
     <span class='ocr_line' id='line_1_39' title="bbox 251 2623 1862 2696; baseline -0.002 -19"><span class='ocrx_word' id='word_1_273' title='bbox 251 2626 406 2694; x_wconf 90' lang='lat' dir='ltr'>inopia</span> <span class='ocrx_word' id='word_1_274' title='bbox 448 2641 759 2696; x_wconf 89' lang='lat' dir='ltr'>moresque</span> <span class='ocrx_word' id='word_1_275' title='bbox 780 2623 1335 2695; x_wconf 88' lang='lat' dir='ltr'>patriosimitantes,</span> <span class='ocrx_word' id='word_1_276' title='bbox 1370 2623 1594 2693; x_wconf 85' lang='lat' dir='ltr'>rapinis</span> <span class='ocrx_word' id='word_1_277' title='bbox 1625 2623 1862 2675; x_wconf 87' lang='lat' dir='ltr'>insiste-</span> 
     </span>
    </p>
   </div>
   <div class='ocr_carea' id='block_1_40' title="bbox 247 2711 1862 2789">
    <p class='ocr_par' dir='ltr' id='par_1_40' title="bbox 247 2711 1862 2789">
     <span class='ocr_line' id='line_1_40' title="bbox 247 2711 1862 2789; baseline -0.002 -24"><span class='ocrx_word' id='word_1_278' title='bbox 247 2711 374 2779; x_wconf 87' lang='lat' dir='ltr'>bant,</span> <span class='ocrx_word' id='word_1_279' title='bbox 418 2715 782 2784; x_wconf 90' lang='lat' dir='ltr'>quietemque</span> <span class='ocrx_word' id='word_1_280' title='bbox 830 2713 1125 2782; x_wconf 91' lang='lat' dir='ltr'>publicam</span> <span class='ocrx_word' id='word_1_281' title='bbox 1175 2712 1624 2780; x_wconf 88' lang='lat' dir='ltr'>interpolantcs,</span> <span class='ocrx_word' id='word_1_282' title='bbox 1663 2711 1862 2789; x_wconf 88' lang='lat' dir='ltr'>minus</span> 
     </span>
    </p>
   </div>
   <div class='ocr_carea' id='block_1_41' title="bbox 249 2800 1862 2872">
    <p class='ocr_par' dir='ltr' id='par_1_41' title="bbox 249 2800 1862 2872">
     <span class='ocr_line' id='line_1_41' title="bbox 249 2800 1862 2872; baseline -0.002 -18"><span class='ocrx_word' id='word_1_283' title='bbox 249 2804 470 2868; x_wconf 85' lang='lat' dir='ltr'>potentes</span> <span class='ocrx_word' id='word_1_284' title='bbox 509 2806 830 2872; x_wconf 90' lang='lat' dir='ltr'>utcumque</span> <span class='ocrx_word' id='word_1_285' title='bbox 879 2801 1192 2854; x_wconf 85' lang='lat' dir='ltr'>vexabant.</span> <span class='ocrx_word' id='word_1_286' title='bbox 1242 2801 1510 2870; x_wconf 88' lang='lat' dir='ltr'>Denique</span> <span class='ocrx_word' id='word_1_287' title='bbox 1567 2800 1626 2852; x_wconf 91' lang='lat' dir='ltr'>in</span> <span class='ocrx_word' id='word_1_288' title='bbox 1664 2802 1862 2867; x_wconf 87' lang='lat' dir='ltr'>partes</span> 
     </span>
    </p>
   </div>
   <div class='ocr_carea' id='block_1_42' title="bbox 252 2887 1862 2958">
    <p class='ocr_par' dir='ltr' id='par_1_42' title="bbox 252 2887 1862 2958">
     <span class='ocr_line' id='line_1_42' title="bbox 252 2887 1862 2958; baseline -0.001 -18"><span class='ocrx_word' id='word_1_289' title='bbox 252 2887 568 2944; x_wconf 81' lang='lat' dir='ltr'>Karlensium</span> <span class='ocrx_word' id='word_1_290' title='bbox 601 2890 1023 2957; x_wconf 89' lang='lat' dir='ltr'>concedentes,</span> <span class='ocrx_word' id='word_1_291' title='bbox 1059 2889 1357 2956; x_wconf 89' lang='lat' dir='ltr'>Karolum,</span> <span class='ocrx_word' id='word_1_292' title='bbox 1391 2888 1554 2958; x_wconf 85' lang='lat' dir='ltr'>regis</span> <span class='ocrx_word' id='word_1_293' title='bbox 1601 2887 1862 2940; x_wconf 89' lang='lat' dir='ltr'>Lotharii</span> 
     </span>
    </p>
   </div>
   <div class='ocr_carea' id='block_1_43' title="bbox 252 2975 1866 3047">
    <p class='ocr_par' dir='ltr' id='par_1_43' title="bbox 252 2975 1866 3047">
     <span class='ocr_line' id='line_1_43' title="bbox 252 2975 1866 3047; baseline 0.001 -20"><span class='ocrx_word' id='word_1_294' title='bbox 252 2975 442 3030; x_wconf 77' lang='lat' dir='ltr'>fratrem</span> <span class='ocrx_word' id='word_1_295' title='bbox 469 2979 673 3047; x_wconf 78' lang='lat' dir='ltr'>pravis</span> <span class='ocrx_word' id='word_1_296' title='bbox 706 2978 972 3031; x_wconf 90' lang='lat' dir='ltr'>moribus</span> <span class='ocrx_word' id='word_1_297' title='bbox 1031 2977 1312 3042; x_wconf 91' lang='lat' dir='ltr'>deditum,</span> <span class='ocrx_word' id='word_1_298' title='bbox 1346 2976 1684 3045; x_wconf 88' lang='lat' dir='ltr'>pariterque</span> <span class='ocrx_word' id='word_1_299' title='bbox 1714 2975 1866 3028; x_wconf 89' lang='lat' dir='ltr'>Otto-</span> 
     </span>
    </p>
   </div>
   <div class='ocr_carea' id='block_1_44' title="bbox 251 3063 1863 3130">
    <p class='ocr_par' dir='ltr' id='par_1_44' title="bbox 251 3063 1863 3130">
     <span class='ocr_line' id='line_1_44' title="bbox 251 3063 1863 3130; baseline 0 -15"><span class='ocrx_word' id='word_1_300' title='bbox 251 3079 367 3130; x_wconf 89' lang='lat' dir='ltr'>nem,</span> <span class='ocrx_word' id='word_1_301' title='bbox 397 3067 609 3120; x_wconf 80' lang='lat' dir='ltr'>Alberti</span> <span class='ocrx_word' id='word_1_302' title='bbox 647 3065 1176 3120; x_wconf 85' lang='lat' dir='ltr'>Vermandensium</span> <span class='ocrx_word' id='word_1_303' title='bbox 1210 3065 1443 3118; x_wconf 91' lang='lat' dir='ltr'>comitis</span> <span class='ocrx_word' id='word_1_304' title='bbox 1476 3063 1679 3128; x_wconf 81' lang='lat' dir='ltr'>ﬁlium,</span> <span class='ocrx_word' id='word_1_305' title='bbox 1731 3079 1863 3115; x_wconf 90' lang='lat' dir='ltr'>cum</span> 
     </span>
    </p>
   </div>
   <div class='ocr_carea' id='block_1_45' title="bbox 248 3152 1863 3225">
    <p class='ocr_par' dir='ltr' id='par_1_45' title="bbox 248 3152 1863 3225">
     <span class='ocr_line' id='line_1_45' title="bbox 248 3152 1863 3225; baseline 0.001 -22"><span class='ocrx_word' id='word_1_306' title='bbox 248 3152 350 3205; x_wconf 86' lang='lat' dir='ltr'>aliis</span> <span class='ocrx_word' id='word_1_307' title='bbox 375 3170 591 3225; x_wconf 87' lang='lat' dir='ltr'>quoque</span> <span class='ocrx_word' id='word_1_308' title='bbox 626 3155 829 3208; x_wconf 90' lang='lat' dir='ltr'>multis</span> <span class='ocrx_word' id='word_1_309' title='bbox 861 3153 1204 3223; x_wconf 87' lang='lat' dir='ltr'>raptoribus</span> <span class='ocrx_word' id='word_1_310' title='bbox 1260 3168 1370 3206; x_wconf 93' lang='lat' dir='ltr'>suo</span> <span class='ocrx_word' id='word_1_311' title='bbox 1417 3153 1632 3205; x_wconf 89' lang='lat' dir='ltr'>auxilio</span> <span class='ocrx_word' id='word_1_312' title='bbox 1664 3152 1863 3204; x_wconf 91' lang='lat' dir='ltr'>adsci-</span> 
     </span>
    </p>
   </div>
   <div class='ocr_carea' id='block_1_46' title="bbox 250 3241 1945 3336">
    <p class='ocr_par' dir='ltr' id='par_1_46' title="bbox 250 3241 1945 3336">
     <span class='ocr_line' id='line_1_46' title="bbox 250 3241 1945 3336; baseline 0.002 -47"><span class='ocrx_word' id='word_1_313' title='bbox 250 3246 449 3308; x_wconf 77' lang='lat' dir='ltr'>verunt;</span> <span class='ocrx_word' id='word_1_314' title='bbox 474 3259 640 3297; x_wconf 90' lang='lat' dir='ltr'>suam</span> <span class='ocrx_word' id='word_1_315' title='bbox 665 3243 880 3313; x_wconf 88' lang='lat' dir='ltr'>quippe</span> <span class='ocrx_word' id='word_1_316' title='bbox 904 3241 1112 3294; x_wconf 88' lang='lat' dir='ltr'>callide</span> <span class='ocrx_word' id='word_1_317' title='bbox 1136 3241 1512 3309; x_wconf 90' lang='lat' dir='ltr'>deplorantes</span> <span class='ocrx_word' id='word_1_318' title='bbox 1537 3255 1860 3294; x_wconf 90' lang='lat' dir='ltr'>erumnam:</span> <span class='ocrx_word' id='word_1_319' title='bbox 1899 3275 1945 3336; x_wconf 72' lang='grc' dir='ltr'><strong>Ο</strong></span> 
     </span>
    </p>
   </div>
   <div class='ocr_carea' id='block_1_47' title="bbox 248 3329 1866 3398">
    <p class='ocr_par' dir='ltr' id='par_1_47' title="bbox 248 3329 1866 3398">
     <span class='ocr_line' id='line_1_47' title="bbox 248 3329 1866 3398; baseline 0.001 -19"><span class='ocrx_word' id='word_1_320' title='bbox 248 3343 296 3380; x_wconf 90' lang='lat' dir='ltr'>se</span> <span class='ocrx_word' id='word_1_321' title='bbox 320 3329 566 3384; x_wconf 90' lang='lat' dir='ltr'>videlicet</span> <span class='ocrx_word' id='word_1_322' title='bbox 597 3329 936 3384; x_wconf 84' lang='lat' dir='ltr'>exheredes</span> <span class='ocrx_word' id='word_1_323' title='bbox 961 3333 1015 3382; x_wconf 91' lang='lat' dir='ltr'>et</span> <span class='ocrx_word' id='word_1_324' title='bbox 1044 3332 1256 3383; x_wconf 88' lang='lat' dir='ltr'>exutos</span> <span class='ocrx_word' id='word_1_325' title='bbox 1274 3329 1646 3398; x_wconf 90' lang='lat' dir='ltr'>patrimoniis</span> <span class='ocrx_word' id='word_1_326' title='bbox 1678 3329 1866 3381; x_wconf 90' lang='lat' dir='ltr'>factos</span> 
     </span>
    </p>
   </div>
   <div class='ocr_carea' id='block_1_48' title="bbox 241 3416 1863 3488">
    <p class='ocr_par' dir='ltr' id='par_1_48' title="bbox 241 3416 1863 3488">
     <span class='ocr_line' id='line_1_48' title="bbox 241 3416 1863 3488; baseline 0 -20"><span class='ocrx_word' id='word_1_327' title='bbox 241 3419 458 3471; x_wconf 83' lang='lat' dir='ltr'>extorres</span> <span class='ocrx_word' id='word_1_328' title='bbox 500 3425 765 3488; x_wconf 62' lang='lat' dir='ltr'>paternae</span> <span class='ocrx_word' id='word_1_329' title='bbox 815 3418 1215 3486; x_wconf 88' lang='lat' dir='ltr'>habitationis,</span> <span class='ocrx_word' id='word_1_330' title='bbox 1249 3420 1472 3470; x_wconf 89' lang='lat' dir='ltr'>terram</span> <span class='ocrx_word' id='word_1_331' title='bbox 1501 3418 1561 3470; x_wconf 92' lang='lat' dir='ltr'>in</span> <span class='ocrx_word' id='word_1_332' title='bbox 1593 3433 1711 3486; x_wconf 92' lang='lat' dir='ltr'>qua</span> <span class='ocrx_word' id='word_1_333' title='bbox 1743 3416 1863 3469; x_wconf 92' lang='lat' dir='ltr'>nati</span> 
     </span>
    </p>
   </div>
   <div class='ocr_carea' id='block_1_49' title="bbox 248 3504 1869 3578">
    <p class='ocr_par' dir='ltr' id='par_1_49' title="bbox 248 3504 1869 3578">
     <span class='ocr_line' id='line_1_49' title="bbox 248 3504 1869 3578; baseline 0.002 -22"><span class='ocrx_word' id='word_1_334' title='bbox 248 3504 338 3558; x_wconf 89' lang='lat' dir='ltr'>sint</span> <span class='ocrx_word' id='word_1_335' title='bbox 363 3506 466 3560; x_wconf 88' lang='lat' dir='ltr'>sibi</span> <span class='ocrx_word' id='word_1_336' title='bbox 496 3507 727 3578; x_wconf 83' lang='lat' dir='ltr'>negari,</span> <span class='ocrx_word' id='word_1_337' title='bbox 761 3506 834 3560; x_wconf 89' lang='lat' dir='ltr'>ad</span> <span class='ocrx_word' id='word_1_338' title='bbox 866 3506 1267 3561; x_wconf 90' lang='lat' dir='ltr'>ulciscendam</span> <span class='ocrx_word' id='word_1_339' title='bbox 1290 3521 1433 3576; x_wconf 89' lang='lat' dir='ltr'>ergo</span> <span class='ocrx_word' id='word_1_340' title='bbox 1456 3505 1733 3575; x_wconf 72' lang='lat' dir='ltr'>injuriam</span> <span class='ocrx_word' id='word_1_341' title='bbox 1766 3521 1869 3559; x_wconf 92' lang='lat' dir='ltr'>so-</span> 
     </span>
    </p>
   </div>
   <div class='ocr_carea' id='block_1_50' title="bbox 247 3592 1869 3666">
    <p class='ocr_par' dir='ltr' id='par_1_50' title="bbox 247 3592 1869 3666">
     <span class='ocr_line' id='line_1_50' title="bbox 247 3592 1869 3666; baseline 0.002 -23"><span class='ocrx_word' id='word_1_342' title='bbox 247 3592 313 3644; x_wconf 89' lang='lat' dir='ltr'>cia</span> <span class='ocrx_word' id='word_1_343' title='bbox 339 3609 486 3648; x_wconf 89' lang='lat' dir='ltr'>arma</span> <span class='ocrx_word' id='word_1_344' title='bbox 503 3596 760 3664; x_wconf 90' lang='lat' dir='ltr'>precari.</span> <span class='ocrx_word' id='word_1_345' title='bbox 787 3595 898 3648; x_wconf 88' lang='lat' dir='ltr'>His</span> <span class='ocrx_word' id='word_1_346' title='bbox 921 3610 1064 3666; x_wconf 90' lang='lat' dir='ltr'>ergo</span> <span class='ocrx_word' id='word_1_347' title='bbox 1086 3594 1469 3648; x_wconf 78' lang='lat' dir='ltr'>inicientibus</span> <span class='ocrx_word' id='word_1_348' title='bbox 1491 3598 1664 3663; x_wconf 90' lang='lat' dir='ltr'>atque</span> <span class='ocrx_word' id='word_1_349' title='bbox 1683 3593 1869 3647; x_wconf 88' lang='lat' dir='ltr'>comi-</span> 
     </span>
    </p>
   </div>
   <div class='ocr_carea' id='block_1_51' title="bbox 247 3682 1871 3753">
    <p class='ocr_par' dir='ltr' id='par_1_51' title="bbox 247 3682 1871 3753">
     <span class='ocr_line' id='line_1_51' title="bbox 247 3682 1871 3753; baseline 0.001 -21"><span class='ocrx_word' id='word_1_350' title='bbox 247 3682 479 3749; x_wconf 78' lang='lat' dir='ltr'>tantibus,</span> <span class='ocrx_word' id='word_1_351' title='bbox 540 3683 884 3737; x_wconf 87' lang='lat' dir='ltr'>reformatis</span> <span class='ocrx_word' id='word_1_352' title='bbox 945 3683 1179 3753; x_wconf 90' lang='lat' dir='ltr'>quidem</span> <span class='ocrx_word' id='word_1_353' title='bbox 1235 3683 1470 3736; x_wconf 90' lang='lat' dir='ltr'>bellicis</span> <span class='ocrx_word' id='word_1_354' title='bbox 1528 3683 1762 3749; x_wconf 91' lang='lat' dir='ltr'>usibus,</span> <span class='ocrx_word' id='word_1_355' title='bbox 1797 3682 1871 3734; x_wconf 91' lang='lat' dir='ltr'>ad</span> 
     </span>
    </p>
   </div>
   <div class='ocr_carea' id='block_1_52' title="bbox 248 3770 1870 3842">
    <p class='ocr_par' dir='ltr' id='par_1_52' title="bbox 248 3770 1870 3842">
     <span class='ocr_line' id='line_1_52' title="bbox 248 3770 1870 3842; baseline 0.002 -22"><span class='ocrx_word' id='word_1_356' title='bbox 248 3774 456 3824; x_wconf 88' lang='lat' dir='ltr'>montem</span> <span class='ocrx_word' id='word_1_357' title='bbox 476 3770 756 3826; x_wconf 84' lang='lat' dir='ltr'>Castrum</span> <span class='ocrx_word' id='word_1_358' title='bbox 772 3776 1086 3842; x_wconf 90' lang='lat' dir='ltr'>properato</span> <span class='ocrx_word' id='word_1_359' title='bbox 1101 3772 1476 3834; x_wconf 88' lang='lat' dir='ltr'>contendunt,</span> <span class='ocrx_word' id='word_1_360' title='bbox 1498 3771 1697 3840; x_wconf 90' lang='lat' dir='ltr'>ibique</span> <span class='ocrx_word' id='word_1_361' title='bbox 1718 3786 1870 3824; x_wconf 90' lang='lat' dir='ltr'>anno</span> 
     </span>
    </p>
   </div>
   <div class='ocr_carea' id='block_1_53' title="bbox 249 3853 1870 3928">
    <p class='ocr_par' dir='ltr' id='par_1_53' title="bbox 249 3853 1870 3928">
     <span class='ocr_line' id='line_1_53' title="bbox 249 3853 1870 3928; baseline 0.003 -21"><span class='ocrx_word' id='word_1_362' title='bbox 249 3853 525 3915; x_wconf 66' lang='lat' dir='ltr'>Dominicm</span> <span class='ocrx_word' id='word_1_363' title='bbox 564 3857 998 3914; x_wconf 85' lang='lat' dir='ltr'>lncarnationis</span> <span class='ocrx_word' id='word_1_364' title='bbox 1033 3859 1138 3913; x_wconf 87' lang='lat'>976</span> <span class='ocrx_word' id='word_1_365' title='bbox 1168 3875 1351 3928; x_wconf 89' lang='lat' dir='ltr'>super</span> <span class='ocrx_word' id='word_1_366' title='bbox 1379 3859 1585 3912; x_wconf 81' lang='lat' dir='ltr'>fideles</span> <span class='ocrx_word' id='word_1_367' title='bbox 1617 3859 1870 3928; x_wconf 88' lang='lat' dir='ltr'>impera-</span> 
     </span>
    </p>
   </div>
   <div class='ocr_carea' id='block_1_54' title="bbox 246 3945 1871 4018">
    <p class='ocr_par' dir='ltr' id='par_1_54' title="bbox 246 3945 1871 4018">
     <span class='ocr_line' id='line_1_54' title="bbox 246 3945 1871 4018; baseline 0.002 -21"><span class='ocrx_word' id='word_1_368' title='bbox 246 3945 380 4016; x_wconf 87' lang='lat' dir='ltr'>toris,</span> <span class='ocrx_word' id='word_1_369' title='bbox 411 3951 656 4005; x_wconf 89' lang='lat' dir='ltr'>comites</span> <span class='ocrx_word' id='word_1_370' title='bbox 710 3949 988 4003; x_wconf 85' lang='lat' dir='ltr'>videlicet</span> <span class='ocrx_word' id='word_1_371' title='bbox 1017 3947 1403 4004; x_wconf 86' lang='lat' dir='ltr'>Godefridum</span> <span class='ocrx_word' id='word_1_372' title='bbox 1455 3950 1628 4018; x_wconf 77' lang='lat' dir='ltr'>atque</span> <span class='ocrx_word' id='word_1_373' title='bbox 1659 3947 1871 4002; x_wconf 86' lang='lat' dir='ltr'>Arnul-</span> 
     </span>
    </p>
   </div>
   <div class='ocr_carea' id='block_1_55' title="bbox 1970 2004 3634 2078">
    <p class='ocr_par' dir='ltr' id='par_1_55' title="bbox 1970 2004 3634 2078">
     <span class='ocr_line' id='line_1_55' title="bbox 1970 2004 3634 2078; baseline 0.003 -21"><span class='ocrx_word' id='word_1_374' title='bbox 1970 2004 2248 2073; x_wconf 91' lang='lat' dir='ltr'>speritate</span> <span class='ocrx_word' id='word_1_375' title='bbox 2307 2019 2439 2074; x_wconf 58' lang='lat' dir='ltr'>quae</span> <span class='ocrx_word' id='word_1_376' title='bbox 2471 2004 2577 2057; x_wconf 91' lang='lat' dir='ltr'>Dei</span> <span class='ocrx_word' id='word_1_377' title='bbox 2616 2008 2754 2058; x_wconf 91' lang='lat' dir='ltr'>sunt</span> <span class='ocrx_word' id='word_1_378' title='bbox 2811 2009 3093 2076; x_wconf 90' lang='lat' dir='ltr'>tractans,</span> <span class='ocrx_word' id='word_1_379' title='bbox 3153 2009 3307 2078; x_wconf 91' lang='lat' dir='ltr'>apud</span> <span class='ocrx_word' id='word_1_380' title='bbox 3355 2009 3634 2078; x_wconf 90' lang='lat' dir='ltr'>palatium</span> 
     </span>
    </p>
   </div>
   <div class='ocr_carea' id='block_1_56' title="bbox 1970 2092 3637 2162">
    <p class='ocr_par' dir='ltr' id='par_1_56' title="bbox 1970 2092 3637 2162">
     <span class='ocr_line' id='line_1_56' title="bbox 1970 2092 3637 2162; baseline 0.004 -17"><span class='ocrx_word' id='word_1_381' title='bbox 1970 2093 2330 2162; x_wconf 89' lang='lat' dir='ltr'>Aquisgrani</span> <span class='ocrx_word' id='word_1_382' title='bbox 2364 2093 2520 2146; x_wconf 90' lang='lat' dir='ltr'>circa</span> <span class='ocrx_word' id='word_1_383' title='bbox 2552 2092 2929 2148; x_wconf 89' lang='lat' dir='ltr'>festivitatem</span> <span class='ocrx_word' id='word_1_384' title='bbox 2963 2096 3153 2150; x_wconf 91' lang='lat' dir='ltr'>sancti</span> <span class='ocrx_word' id='word_1_385' title='bbox 3182 2097 3474 2151; x_wconf 81' lang='lat' dir='ltr'>Johannis</span> <span class='ocrx_word' id='word_1_386' title='bbox 3506 2113 3637 2152; x_wconf 92' lang='lat' dir='ltr'>mo-</span> 
     </span>
    </p>
   </div>
   <div class='ocr_carea' id='block_1_57' title="bbox 1967 2179 3639 2252">
    <p class='ocr_par' dir='ltr' id='par_1_57' title="bbox 1967 2179 3639 2252">
     <span class='ocr_line' id='line_1_57' title="bbox 1967 2179 3639 2252; baseline 0.002 -17"><span class='ocrx_word' id='word_1_387' title='bbox 1967 2181 2210 2235; x_wconf 87' lang='lat' dir='ltr'>rabatur</span> <span class='ocrx_word' id='word_1_388' title='bbox 2259 2183 2376 2244; x_wconf 86' lang='lat' dir='ltr'>(an.</span> <span class='ocrx_word' id='word_1_389' title='bbox 2441 2179 2566 2251; x_wconf 79' lang='lat'>9&#39;78)</span> <span class='ocrx_word' id='word_1_390' title='bbox 2611 2198 2624 2250; x_wconf 85' lang='lat'><strong>;</strong></span> <span class='ocrx_word' id='word_1_391' title='bbox 2685 2199 2816 2236; x_wconf 89' lang='lat' dir='ltr'>cum</span> <span class='ocrx_word' id='word_1_392' title='bbox 2863 2189 3104 2252; x_wconf 87' lang='lat' dir='ltr'>repente</span> <span class='ocrx_word' id='word_1_393' title='bbox 3160 2186 3473 2241; x_wconf 87' lang='lat' dir='ltr'>Lotharius</span> <span class='ocrx_word' id='word_1_394' title='bbox 3532 2203 3639 2240; x_wconf 87' lang='lat' dir='ltr'>rex</span> 
     </span>
    </p>
   </div>
   <div class='ocr_carea' id='block_1_58' title="bbox 1970 2269 3636 2342">
    <p class='ocr_par' dir='ltr' id='par_1_58' title="bbox 1970 2269 3636 2342">
     <span class='ocr_line' id='line_1_58' title="bbox 1970 2269 3636 2342; baseline 0.004 -20"><span class='ocrx_word' id='word_1_395' title='bbox 1970 2269 2369 2337; x_wconf 83' lang='lat' dir='ltr'>Karlensium,</span> <span class='ocrx_word' id='word_1_396' title='bbox 2427 2285 2613 2338; x_wconf 89' lang='lat' dir='ltr'>nepos</span> <span class='ocrx_word' id='word_1_397' title='bbox 2662 2271 2936 2326; x_wconf 89' lang='lat' dir='ltr'>videlicet</span> <span class='ocrx_word' id='word_1_398' title='bbox 2974 2288 3144 2342; x_wconf 92' lang='lat' dir='ltr'>suus,</span> <span class='ocrx_word' id='word_1_399' title='bbox 3204 2275 3366 2328; x_wconf 91' lang='lat' dir='ltr'>illum</span> <span class='ocrx_word' id='word_1_400' title='bbox 3427 2275 3636 2328; x_wconf 91' lang='lat' dir='ltr'>volens</span> 
     </span>
    </p>
   </div>
   <div class='ocr_carea' id='block_1_59' title="bbox 1971 2358 3636 2428">
    <p class='ocr_par' dir='ltr' id='par_1_59' title="bbox 1971 2358 3636 2428">
     <span class='ocr_line' id='line_1_59' title="bbox 1971 2358 3636 2428; baseline 0.004 -18"><span class='ocrx_word' id='word_1_401' title='bbox 1971 2358 2205 2426; x_wconf 85' lang='lat' dir='ltr'>privare</span> <span class='ocrx_word' id='word_1_402' title='bbox 2230 2358 2495 2426; x_wconf 91' lang='lat' dir='ltr'>imperio,</span> <span class='ocrx_word' id='word_1_403' title='bbox 2521 2360 2748 2412; x_wconf 89' lang='lat' dir='ltr'>occulta</span> <span class='ocrx_word' id='word_1_404' title='bbox 2771 2361 3142 2428; x_wconf 89' lang='lat' dir='ltr'>expeditione</span> <span class='ocrx_word' id='word_1_405' title='bbox 3165 2362 3312 2416; x_wconf 91' lang='lat' dir='ltr'>adeo</span> <span class='ocrx_word' id='word_1_406' title='bbox 3336 2364 3636 2416; x_wconf 89' lang='lat' dir='ltr'>incautum</span> 
     </span>
    </p>
   </div>
   <div class='ocr_carea' id='block_1_60' title="bbox 1969 2446 3637 2520">
    <p class='ocr_par' dir='ltr' id='par_1_60' title="bbox 1969 2446 3637 2520">
     <span class='ocr_line' id='line_1_60' title="bbox 1969 2446 3637 2520; baseline 0.003 -21"><span class='ocrx_word' id='word_1_407' title='bbox 1969 2447 2195 2515; x_wconf 89' lang='lat' dir='ltr'>paravit</span> <span class='ocrx_word' id='word_1_408' title='bbox 2225 2446 2524 2514; x_wconf 88' lang='lat' dir='ltr'>invadere,</span> <span class='ocrx_word' id='word_1_409' title='bbox 2549 2451 2609 2500; x_wconf 93' lang='lat' dir='ltr'>ut</span> <span class='ocrx_word' id='word_1_410' title='bbox 2630 2447 2818 2516; x_wconf 90' lang='lat' dir='ltr'>pridie</span> <span class='ocrx_word' id='word_1_411' title='bbox 2851 2452 3162 2519; x_wconf 91' lang='lat' dir='ltr'>antequam</span> <span class='ocrx_word' id='word_1_412' title='bbox 3203 2465 3637 2520; x_wconf 87' lang='lat' dir='ltr'>preoccupare-</span> 
     </span>
    </p>
   </div>
   <div class='ocr_carea' id='block_1_61' title="bbox 1967 2533 3639 2609">
    <p class='ocr_par' dir='ltr' id='par_1_61' title="bbox 1967 2533 3639 2609">
     <span class='ocr_line' id='line_1_61' title="bbox 1967 2533 3639 2609; baseline 0.002 -21"><span class='ocrx_word' id='word_1_413' title='bbox 1967 2537 2081 2601; x_wconf 87' lang='lat' dir='ltr'>tur,</span> <span class='ocrx_word' id='word_1_414' title='bbox 2141 2539 2348 2604; x_wconf 90' lang='lat' dir='ltr'>posset</span> <span class='ocrx_word' id='word_1_415' title='bbox 2405 2536 2700 2589; x_wconf 89' lang='lat' dir='ltr'>resiscere</span> <span class='ocrx_word' id='word_1_416' title='bbox 2751 2533 2847 2589; x_wconf 61' lang='lat'>164.</span> <span class='ocrx_word' id='word_1_417' title='bbox 2882 2536 2990 2600; x_wconf 91' lang='lat' dir='ltr'>Qui</span> <span class='ocrx_word' id='word_1_418' title='bbox 3030 2538 3306 2608; x_wconf 90' lang='lat' dir='ltr'>quoniam</span> <span class='ocrx_word' id='word_1_419' title='bbox 3337 2539 3520 2609; x_wconf 79' lang='lat' dir='ltr'>hujus</span> <span class='ocrx_word' id='word_1_420' title='bbox 3550 2539 3639 2592; x_wconf 88' lang='lat' dir='ltr'>rei</span> 
     </span>
    </p>
   </div>
   <div class='ocr_carea' id='block_1_62' title="bbox 1970 2623 3640 2695">
    <p class='ocr_par' dir='ltr' id='par_1_62' title="bbox 1970 2623 3640 2695">
     <span class='ocr_line' id='line_1_62' title="bbox 1970 2623 3640 2695; baseline 0.004 -21"><span class='ocrx_word' id='word_1_421' title='bbox 1970 2623 2338 2692; x_wconf 88' lang='lat' dir='ltr'>improvidus</span> <span class='ocrx_word' id='word_1_422' title='bbox 2371 2623 2609 2692; x_wconf 88' lang='lat' dir='ltr'>putabat</span> <span class='ocrx_word' id='word_1_423' title='bbox 2641 2639 2706 2678; x_wconf 90' lang='lat' dir='ltr'>se</span> <span class='ocrx_word' id='word_1_424' title='bbox 2764 2641 2882 2678; x_wconf 91' lang='lat' dir='ltr'>non</span> <span class='ocrx_word' id='word_1_425' title='bbox 2925 2625 3144 2680; x_wconf 88' lang='lat' dir='ltr'>habere</span> <span class='ocrx_word' id='word_1_426' title='bbox 3177 2627 3234 2680; x_wconf 90' lang='lat' dir='ltr'>in</span> <span class='ocrx_word' id='word_1_427' title='bbox 3285 2641 3535 2695; x_wconf 90' lang='lat' dir='ltr'>presens</span> <span class='ocrx_word' id='word_1_428' title='bbox 3567 2626 3640 2680; x_wconf 88' lang='lat' dir='ltr'>ad</span> 
     </span>
    </p>
   </div>
   <div class='ocr_carea' id='block_1_63' title="bbox 1969 2711 3640 2782">
    <p class='ocr_par' dir='ltr' id='par_1_63' title="bbox 1969 2711 3640 2782">
     <span class='ocr_line' id='line_1_63' title="bbox 1969 2711 3640 2782; baseline 0.002 -18"><span class='ocrx_word' id='word_1_429' title='bbox 1969 2712 2340 2765; x_wconf 90' lang='lat' dir='ltr'>renitendum</span> <span class='ocrx_word' id='word_1_430' title='bbox 2371 2711 2618 2781; x_wconf 89' lang='lat' dir='ltr'>copiam,</span> <span class='ocrx_word' id='word_1_431' title='bbox 2653 2728 2901 2767; x_wconf 85' lang='lat' dir='ltr'>movens</span> <span class='ocrx_word' id='word_1_432' title='bbox 2933 2729 3000 2766; x_wconf 90' lang='lat' dir='ltr'>se</span> <span class='ocrx_word' id='word_1_433' title='bbox 3049 2729 3080 2766; x_wconf 91' lang='lat' dir='ltr'>a</span> <span class='ocrx_word' id='word_1_434' title='bbox 3128 2713 3280 2782; x_wconf 92' lang='lat' dir='ltr'>loco,</span> <span class='ocrx_word' id='word_1_435' title='bbox 3316 2731 3450 2768; x_wconf 87' lang='lat' dir='ltr'>cum</span> <span class='ocrx_word' id='word_1_436' title='bbox 3481 2714 3640 2769; x_wconf 90' lang='lat' dir='ltr'>omni</span> 
     </span>
    </p>
   </div>
   <div class='ocr_carea' id='block_1_64' title="bbox 1970 2799 3639 2872">
    <p class='ocr_par' dir='ltr' id='par_1_64' title="bbox 1970 2799 3639 2872">
     <span class='ocr_line' id='line_1_64' title="bbox 1970 2799 3639 2872; baseline 0.002 -19"><span class='ocrx_word' id='word_1_437' title='bbox 1970 2801 2226 2853; x_wconf 90' lang='lat' dir='ltr'>secessit</span> <span class='ocrx_word' id='word_1_438' title='bbox 2250 2799 2468 2852; x_wconf 85' lang='lat' dir='ltr'>familia</span> <span class='ocrx_word' id='word_1_439' title='bbox 2488 2800 2789 2854; x_wconf 84' lang='lat' dir='ltr'>Coloniam</span> <span class='ocrx_word' id='word_1_440' title='bbox 2815 2817 2829 2869; x_wconf 70' lang='grc' dir='ltr'>ς</span> <span class='ocrx_word' id='word_1_441' title='bbox 2864 2818 3008 2856; x_wconf 90' lang='lat' dir='ltr'>sane</span> <span class='ocrx_word' id='word_1_442' title='bbox 3039 2803 3356 2857; x_wconf 89' lang='lat' dir='ltr'>arbitratus</span> <span class='ocrx_word' id='word_1_443' title='bbox 3377 2819 3442 2858; x_wconf 92' lang='lat' dir='ltr'>se</span> <span class='ocrx_word' id='word_1_444' title='bbox 3461 2818 3639 2872; x_wconf 90' lang='lat' dir='ltr'>opor-</span> 
     </span>
    </p>
   </div>
   <div class='ocr_carea' id='block_1_65' title="bbox 1971 2883 3641 2961">
    <p class='ocr_par' dir='ltr' id='par_1_65' title="bbox 1971 2883 3641 2961">
     <span class='ocr_line' id='line_1_65' title="bbox 1971 2883 3641 2961; baseline 0.003 -20"><span class='ocrx_word' id='word_1_445' title='bbox 1971 2892 2094 2942; x_wconf 87' lang='lat' dir='ltr'>tere</span> <span class='ocrx_word' id='word_1_446' title='bbox 2126 2889 2363 2958; x_wconf 89' lang='lat' dir='ltr'>quidcm</span> <span class='ocrx_word' id='word_1_447' title='bbox 2393 2889 2463 2941; x_wconf 89' lang='lat' dir='ltr'>ad</span> <span class='ocrx_word' id='word_1_448' title='bbox 2495 2892 2730 2958; x_wconf 90' lang='lat' dir='ltr'>tempus</span> <span class='ocrx_word' id='word_1_449' title='bbox 2765 2891 2998 2959; x_wconf 91' lang='lat' dir='ltr'>cedere,</span> <span class='ocrx_word' id='word_1_450' title='bbox 3049 2894 3110 2944; x_wconf 93' lang='lat' dir='ltr'>ut</span> <span class='ocrx_word' id='word_1_451' title='bbox 3165 2883 3539 2961; x_wconf 88' lang='lat' dir='ltr'>postmodum</span> <span class='ocrx_word' id='word_1_452' title='bbox 3569 2907 3641 2946; x_wconf 85' lang='lat' dir='ltr'>ex</span> 
     </span>
    </p>
   </div>
   <div class='ocr_carea' id='block_1_66' title="bbox 1972 2977 3643 3046">
    <p class='ocr_par' dir='ltr' id='par_1_66' title="bbox 1972 2977 3643 3046">
     <span class='ocr_line' id='line_1_66' title="bbox 1972 2977 3643 3046; baseline 0.002 -18"><span class='ocrx_word' id='word_1_453' title='bbox 1972 2977 2260 3030; x_wconf 89' lang='lat' dir='ltr'>industria</span> <span class='ocrx_word' id='word_1_454' title='bbox 2289 2977 2486 3046; x_wconf 91' lang='lat' dir='ltr'>potius</span> <span class='ocrx_word' id='word_1_455' title='bbox 2537 2982 2740 3046; x_wconf 89' lang='lat' dir='ltr'>posset</span> <span class='ocrx_word' id='word_1_456' title='bbox 2770 2980 3073 3033; x_wconf 89' lang='lat' dir='ltr'>resistere.</span> <span class='ocrx_word' id='word_1_457' title='bbox 3108 2980 3252 3034; x_wconf 92' lang='lat' dir='ltr'>Cum</span> <span class='ocrx_word' id='word_1_458' title='bbox 3310 2985 3502 3034; x_wconf 91' lang='lat' dir='ltr'>autem</span> <span class='ocrx_word' id='word_1_459' title='bbox 3533 2995 3643 3034; x_wconf 88' lang='lat' dir='ltr'>rex</span> 
     </span>
    </p>
   </div>
   <div class='ocr_carea' id='block_1_67' title="bbox 1972 3064 3642 3137">
    <p class='ocr_par' dir='ltr' id='par_1_67' title="bbox 1972 3064 3642 3137">
     <span class='ocr_line' id='line_1_67' title="bbox 1972 3064 3642 3137; baseline 0.003 -21"><span class='ocrx_word' id='word_1_460' title='bbox 1972 3064 2289 3118; x_wconf 85' lang='lat' dir='ltr'>Lotharius</span> <span class='ocrx_word' id='word_1_461' title='bbox 2314 3065 2449 3118; x_wconf 90' lang='lat' dir='ltr'>illuc</span> <span class='ocrx_word' id='word_1_462' title='bbox 2475 3066 2849 3134; x_wconf 90' lang='lat' dir='ltr'>perveniens,</span> <span class='ocrx_word' id='word_1_463' title='bbox 2876 3067 3005 3121; x_wconf 89' lang='lat' dir='ltr'>suis</span> <span class='ocrx_word' id='word_1_464' title='bbox 3035 3068 3273 3137; x_wconf 90' lang='lat' dir='ltr'>quidem</span> <span class='ocrx_word' id='word_1_465' title='bbox 3305 3067 3642 3136; x_wconf 86' lang='lat' dir='ltr'>dispositio-</span> 
     </span>
    </p>
   </div>
   <div class='ocr_carea' id='block_1_68' title="bbox 1971 3153 3636 3225">
    <p class='ocr_par' dir='ltr' id='par_1_68' title="bbox 1971 3153 3636 3225">
     <span class='ocr_line' id='line_1_68' title="bbox 1971 3153 3636 3225; baseline 0.001 -20"><span class='ocrx_word' id='word_1_466' title='bbox 1971 3154 2148 3206; x_wconf 90' lang='lat' dir='ltr'>nibus</span> <span class='ocrx_word' id='word_1_467' title='bbox 2172 3153 2359 3206; x_wconf 90' lang='lat' dir='ltr'>elusis</span> <span class='ocrx_word' id='word_1_468' title='bbox 2383 3153 2544 3206; x_wconf 91' lang='lat' dir='ltr'>illum</span> <span class='ocrx_word' id='word_1_469' title='bbox 2575 3154 2812 3206; x_wconf 90' lang='lat' dir='ltr'>minime</span> <span class='ocrx_word' id='word_1_470' title='bbox 2846 3153 3192 3222; x_wconf 87' lang='lat' dir='ltr'>offenderet,</span> <span class='ocrx_word' id='word_1_471' title='bbox 3230 3155 3428 3225; x_wconf 90' lang='lat' dir='ltr'>ibique</span> <span class='ocrx_word' id='word_1_472' title='bbox 3451 3154 3636 3208; x_wconf 89' lang='lat' dir='ltr'>Gallis</span> 
     </span>
    </p>
   </div>
   <div class='ocr_carea' id='block_1_69' title="bbox 1972 3237 3638 3312">
    <p class='ocr_par' dir='ltr' id='par_1_69' title="bbox 1972 3237 3638 3312">
     <span class='ocr_line' id='line_1_69' title="bbox 1972 3237 3638 3312; baseline 0.002 -19"><span class='ocrx_word' id='word_1_473' title='bbox 1972 3241 2364 3294; x_wconf 90' lang='lat' dir='ltr'>bachantibus</span> <span class='ocrx_word' id='word_1_474' title='bbox 2396 3237 2472 3280; x_wconf 71' lang='lat'>165</span> <span class='ocrx_word' id='word_1_475' title='bbox 2501 3245 2674 3310; x_wconf 91' lang='lat' dir='ltr'>atque</span> <span class='ocrx_word' id='word_1_476' title='bbox 2708 3241 3213 3309; x_wconf 88' lang='lat' dir='ltr'>latrocinantibus,</span> <span class='ocrx_word' id='word_1_477' title='bbox 3248 3244 3428 3296; x_wconf 88' lang='lat' dir='ltr'>multa</span> <span class='ocrx_word' id='word_1_478' title='bbox 3458 3259 3638 3312; x_wconf 88' lang='lat' dir='ltr'>popu-</span> 
     </span>
    </p>
   </div>
   <div class='ocr_carea' id='block_1_70' title="bbox 1973 3328 3642 3385">
    <p class='ocr_par' dir='ltr' id='par_1_70' title="bbox 1973 3328 3642 3385">
     <span class='ocr_line' id='line_1_70' title="bbox 1973 3328 3642 3385; baseline 0.002 -4"><span class='ocrx_word' id='word_1_479' title='bbox 1973 3330 2186 3383; x_wconf 91' lang='lat' dir='ltr'>latione</span> <span class='ocrx_word' id='word_1_480' title='bbox 2237 3329 2384 3381; x_wconf 90' lang='lat' dir='ltr'>satis</span> <span class='ocrx_word' id='word_1_481' title='bbox 2441 3328 2778 3383; x_wconf 90' lang='lat' dir='ltr'>desevisset</span> <span class='ocrx_word' id='word_1_482' title='bbox 2817 3331 2939 3383; x_wconf 90' lang='lat' dir='ltr'>:illi</span> <span class='ocrx_word' id='word_1_483' title='bbox 2986 3331 3263 3384; x_wconf 89' lang='lat' dir='ltr'>nimirum</span> <span class='ocrx_word' id='word_1_484' title='bbox 3321 3331 3642 3385; x_wconf 88' lang='lat' dir='ltr'>revertenti</span> 
     </span>
    </p>
   </div>
   <div class='ocr_carea' id='block_1_71' title="bbox 1971 3417 3642 3488">
    <p class='ocr_par' dir='ltr' id='par_1_71' title="bbox 1971 3417 3642 3488">
     <span class='ocr_line' id='line_1_71' title="bbox 1971 3417 3642 3488; baseline 0.001 -17"><span class='ocrx_word' id='word_1_485' title='bbox 1971 3418 2102 3471; x_wconf 91' lang='lat' dir='ltr'>Otto</span> <span class='ocrx_word' id='word_1_486' title='bbox 2135 3418 2490 3488; x_wconf 77' lang='lat' dir='ltr'>legationem</span> <span class='ocrx_word' id='word_1_487' title='bbox 2514 3417 2771 3488; x_wconf 85' lang='lat' dir='ltr'>dirigere</span> <span class='ocrx_word' id='word_1_488' title='bbox 2795 3417 3113 3487; x_wconf 89' lang='lat' dir='ltr'>festinavit,</span> <span class='ocrx_word' id='word_1_489' title='bbox 3139 3422 3339 3488; x_wconf 89' lang='lat' dir='ltr'>aperte</span> <span class='ocrx_word' id='word_1_490' title='bbox 3369 3419 3642 3472; x_wconf 89' lang='lat' dir='ltr'>videlicet</span> 
     </span>
    </p>
   </div>
   <div class='ocr_carea' id='block_1_72' title="bbox 1946 3505 3641 3577">
    <p class='ocr_par' dir='ltr' id='par_1_72' title="bbox 1946 3505 3641 3577">
     <span class='ocr_line' id='line_1_72' title="bbox 1946 3505 3641 3577; baseline 0.001 -18"><span class='ocrx_word' id='word_1_491' title='bbox 1946 3506 2348 3573; x_wconf 83' lang='lat' dir='ltr'>denuntians,</span> <span class='ocrx_word' id='word_1_492' title='bbox 2384 3505 2540 3575; x_wconf 91' lang='lat' dir='ltr'>quod</span> <span class='ocrx_word' id='word_1_493' title='bbox 2571 3509 2810 3574; x_wconf 89' lang='lat' dir='ltr'>propter</span> <span class='ocrx_word' id='word_1_494' title='bbox 2830 3507 3107 3560; x_wconf 90' lang='lat' dir='ltr'>ultionem</span> <span class='ocrx_word' id='word_1_495' title='bbox 3149 3522 3275 3561; x_wconf 86' lang='lat' dir='ltr'>suae</span> <span class='ocrx_word' id='word_1_496' title='bbox 3299 3510 3473 3560; x_wconf 84' lang='lat' dir='ltr'>tantae</span> <span class='ocrx_word' id='word_1_497' title='bbox 3503 3523 3641 3577; x_wconf 89' lang='lat' dir='ltr'>per-</span> 
     </span>
    </p>
   </div>
   <div class='ocr_carea' id='block_1_73' title="bbox 1972 3593 3643 3662">
    <p class='ocr_par' dir='ltr' id='par_1_73' title="bbox 1972 3593 3643 3662">
     <span class='ocr_line' id='line_1_73' title="bbox 1972 3593 3643 3662; baseline 0.001 -14"><span class='ocrx_word' id='word_1_498' title='bbox 1972 3594 2128 3648; x_wconf 58' lang='lat' dir='ltr'>ﬁdiae</span> <span class='ocrx_word' id='word_1_499' title='bbox 2159 3594 2353 3648; x_wconf 88' lang='lat' dir='ltr'>nullos</span> <span class='ocrx_word' id='word_1_500' title='bbox 2411 3594 2464 3647; x_wconf 93' lang='lat' dir='ltr'>ci</span> <span class='ocrx_word' id='word_1_501' title='bbox 2496 3593 2664 3648; x_wconf 91' lang='lat' dir='ltr'>dolos</span> <span class='ocrx_word' id='word_1_502' title='bbox 2721 3599 2820 3648; x_wconf 90' lang='lat' dir='ltr'>aut</span> <span class='ocrx_word' id='word_1_503' title='bbox 2851 3595 3098 3648; x_wconf 90' lang='lat' dir='ltr'>insidias</span> <span class='ocrx_word' id='word_1_504' title='bbox 3147 3595 3489 3662; x_wconf 87' lang='lat' dir='ltr'>innecteret,</span> <span class='ocrx_word' id='word_1_505' title='bbox 3525 3610 3643 3649; x_wconf 91' lang='lat' dir='ltr'>non</span> 
     </span>
    </p>
   </div>
   <div class='ocr_carea' id='block_1_74' title="bbox 1973 3682 3648 3750">
    <p class='ocr_par' dir='ltr' id='par_1_74' title="bbox 1973 3682 3648 3750">
     <span class='ocr_line' id='line_1_74' title="bbox 1973 3682 3648 3750; baseline 0 -14"><span class='ocrx_word' id='word_1_506' title='bbox 1973 3683 2180 3736; x_wconf 85' lang='lat' dir='ltr'>fraude</span> <span class='ocrx_word' id='word_1_507' title='bbox 2213 3682 2568 3750; x_wconf 89' lang='lat' dir='ltr'>subriperet,</span> <span class='ocrx_word' id='word_1_508' title='bbox 2605 3683 2711 3736; x_wconf 88' lang='lat' dir='ltr'>sed</span> <span class='ocrx_word' id='word_1_509' title='bbox 2747 3683 2998 3736; x_wconf 89' lang='lat' dir='ltr'>sublatis</span> <span class='ocrx_word' id='word_1_510' title='bbox 3020 3684 3293 3737; x_wconf 90' lang='lat' dir='ltr'>omnibus</span> <span class='ocrx_word' id='word_1_511' title='bbox 3316 3683 3648 3736; x_wconf 83' lang='lat' dir='ltr'>fraudulen-</span> 
     </span>
    </p>
   </div>
   <div class='ocr_carea' id='block_1_75' title="bbox 1970 3769 3643 3842">
    <p class='ocr_par' dir='ltr' id='par_1_75' title="bbox 1970 3769 3643 3842">
     <span class='ocr_line' id='line_1_75' title="bbox 1970 3769 3643 3842; baseline -0.001 -18"><span class='ocrx_word' id='word_1_512' title='bbox 1970 3772 2090 3839; x_wconf 89' lang='lat' dir='ltr'>tiis,</span> <span class='ocrx_word' id='word_1_513' title='bbox 2128 3770 2410 3824; x_wconf 87' lang='lat' dir='ltr'>Kalendis</span> <span class='ocrx_word' id='word_1_514' title='bbox 2440 3769 2800 3825; x_wconf 89' lang='lat' dir='ltr'>Octobribus</span> <span class='ocrx_word' id='word_1_515' title='bbox 2823 3771 2892 3824; x_wconf 91' lang='lat' dir='ltr'>ad</span> <span class='ocrx_word' id='word_1_516' title='bbox 2913 3771 3331 3825; x_wconf 88' lang='lat' dir='ltr'>debilitandum</span> <span class='ocrx_word' id='word_1_517' title='bbox 3356 3771 3451 3825; x_wconf 89' lang='lat' dir='ltr'>sui</span> <span class='ocrx_word' id='word_1_518' title='bbox 3473 3771 3643 3842; x_wconf 80' lang='lat' dir='ltr'>regni</span> 
     </span>
    </p>
   </div>
   <div class='ocr_carea' id='block_1_76' title="bbox 1972 3859 3642 3929">
    <p class='ocr_par' dir='ltr' id='par_1_76' title="bbox 1972 3859 3642 3929">
     <span class='ocr_line' id='line_1_76' title="bbox 1972 3859 3642 3929; baseline 0.001 -16"><span class='ocrx_word' id='word_1_519' title='bbox 1972 3860 2283 3929; x_wconf 80' lang='lat' dir='ltr'>imperium</span> <span class='ocrx_word' id='word_1_520' title='bbox 2306 3859 2672 3928; x_wconf 89' lang='lat' dir='ltr'>procederet.</span> <span class='ocrx_word' id='word_1_521' title='bbox 2703 3859 2929 3913; x_wconf 90' lang='lat' dir='ltr'>Interea</span> <span class='ocrx_word' id='word_1_522' title='bbox 2948 3859 3145 3928; x_wconf 89' lang='lat' dir='ltr'>itaque</span> <span class='ocrx_word' id='word_1_523' title='bbox 3167 3859 3486 3928; x_wconf 90' lang='lat' dir='ltr'>imperator</span> <span class='ocrx_word' id='word_1_524' title='bbox 3516 3875 3642 3914; x_wconf 86' lang='lat' dir='ltr'>suae</span> 
     </span>
    </p>
   </div>
   <div class='ocr_carea' id='block_1_77' title="bbox 1974 3947 3646 4018">
    <p class='ocr_par' dir='ltr' id='par_1_77' title="bbox 1974 3947 3646 4018">
     <span class='ocr_line' id='line_1_77' title="bbox 1974 3947 3646 4018; baseline -0.001 -17"><span class='ocrx_word' id='word_1_525' title='bbox 1974 3950 2150 4002; x_wconf 86' lang='lat' dir='ltr'>terrae</span> <span class='ocrx_word' id='word_1_526' title='bbox 2181 3948 2366 4002; x_wconf 91' lang='lat' dir='ltr'>duces</span> <span class='ocrx_word' id='word_1_527' title='bbox 2395 3953 2452 4002; x_wconf 88' lang='lat' dir='ltr'>et</span> <span class='ocrx_word' id='word_1_528' title='bbox 2480 3947 2784 4018; x_wconf 90' lang='lat' dir='ltr'>principes</span> <span class='ocrx_word' id='word_1_529' title='bbox 2807 3948 2962 4002; x_wconf 91' lang='lat' dir='ltr'>bello</span> <span class='ocrx_word' id='word_1_530' title='bbox 2997 3947 3297 4003; x_wconf 89' lang='lat' dir='ltr'>accinctos</span> <span class='ocrx_word' id='word_1_531' title='bbox 3331 3948 3646 4004; x_wconf 88' lang='lat' dir='ltr'>convocari</span> 
     </span>
    </p>
   </div>
   <div class='ocr_carea' id='block_1_78' title="bbox 1510 4134 2337 4199">
    <p class='ocr_par' dir='ltr' id='par_1_78' title="bbox 1510 4134 2337 4199">
     <span class='ocr_line' id='line_1_78' title="bbox 1510 4134 2337 4199; baseline 0 -2"><span class='ocrx_word' id='word_1_532' title='bbox 1510 4134 1803 4198; x_wconf 65' lang='lat' dir='ltr'>VARIIE</span> <span class='ocrx_word' id='word_1_533' title='bbox 1848 4137 2337 4199; x_wconf 83' lang='lat' dir='ltr'>LECTIONES.</span> 
     </span>
    </p>
   </div>
   <div class='ocr_carea' id='block_1_79' title="bbox 299 4314 3644 4390">
    <p class='ocr_par' dir='ltr' id='par_1_79' title="bbox 299 4314 3644 4390">
     <span class='ocr_line' id='line_1_79' title="bbox 299 4314 3644 4390; baseline 0.001 -19"><span class='ocrx_word' id='word_1_534' title='bbox 299 4314 362 4390; x_wconf 59' lang='lat' dir='ltr'>“i3</span> <span class='ocrx_word' id='word_1_535' title='bbox 389 4323 519 4390; x_wconf 83' lang='lat' dir='ltr'>ante</span> <span class='ocrx_word' id='word_1_536' title='bbox 571 4318 853 4375; x_wconf 85' lang='lat' dir='ltr'>Richario</span> <span class='ocrx_word' id='word_1_537' title='bbox 904 4319 1112 4390; x_wconf 82' lang='lat' dir='ltr'>signo:</span> <span class='ocrx_word' id='word_1_538' title='bbox 1145 4317 1320 4390; x_wconf 74' lang='lat' dir='ltr'>facta,</span> <span class='ocrx_word' id='word_1_539' title='bbox 1372 4324 1576 4373; x_wconf 80' lang='lat' dir='ltr'>auctor</span> <span class='ocrx_word' id='word_1_540' title='bbox 1623 4320 1754 4390; x_wconf 85' lang='lat' dir='ltr'>ipse</span> <span class='ocrx_word' id='word_1_541' title='bbox 1784 4317 1975 4374; x_wconf 85' lang='lat' dir='ltr'>eidem</span> <span class='ocrx_word' id='word_1_542' title='bbox 2011 4317 2138 4374; x_wconf 82' lang='lat' dir='ltr'>voci</span> <span class='ocrx_word' id='word_1_543' title='bbox 2159 4335 2170 4374; x_wconf 92' lang='lat'>:</span> <span class='ocrx_word' id='word_1_544' title='bbox 2211 4316 2693 4390; x_wconf 78' lang='lat' dir='ltr'>duciGodefrido</span> <span class='ocrx_word' id='word_1_545' title='bbox 2717 4316 3177 4390; x_wconf 71' lang='lat' dir='ltr'>snperseripsit:</span> <span class='ocrx_word' id='word_1_546' title='bbox 3210 4315 3644 4390; x_wconf 85' lang='lat' dir='ltr'>primumduce</span> 
     </span>
    </p>
   </div>
   <div class='ocr_carea' id='block_1_80' title="bbox 246 4383 3645 4446">
    <p class='ocr_par' dir='ltr' id='par_1_80' title="bbox 246 4383 3645 4446">
     <span class='ocr_line' id='line_1_80' title="bbox 246 4383 3645 4446; baseline 0.002 -10"><span class='ocrx_word' id='word_1_547' title='bbox 246 4383 520 4444; x_wconf 83' lang='lat' dir='ltr'>Godefrido</span> <span class='ocrx_word' id='word_1_548' title='bbox 583 4391 864 4445; x_wconf 82' lang='lat' dir='ltr'>Richario</span> <span class='ocrx_word' id='word_1_549' title='bbox 921 4383 985 4444; x_wconf 65' lang='grc' dir='ltr'>Ξῖ</span> <span class='ocrx_word' id='word_1_550' title='bbox 1022 4392 1074 4444; x_wconf 89' lang='lat'>3.</span> <span class='ocrx_word' id='word_1_551' title='bbox 1126 4389 1262 4443; x_wconf 92' lang='lat' dir='ltr'>duci</span> <span class='ocrx_word' id='word_1_552' title='bbox 1308 4383 1806 4445; x_wconf 58' lang='lat' dir='ltr'>Godefrido&#39;alias</span> <span class='ocrx_word' id='word_1_553' title='bbox 1857 4391 2134 4446; x_wconf 81' lang='lat' dir='ltr'>Ricbario</span> <span class='ocrx_word' id='word_1_554' title='bbox 2163 4393 2216 4446; x_wconf 88' lang='grc'>5.</span> <span class='ocrx_word' id='word_1_555' title='bbox 2294 4389 2374 4431; x_wconf 71' lang='grc'>163</span> <span class='ocrx_word' id='word_1_556' title='bbox 2401 4392 2538 4446; x_wconf 91' lang='lat' dir='ltr'>dum</span> <span class='ocrx_word' id='word_1_557' title='bbox 2569 4391 2708 4445; x_wconf 91' lang='lat' dir='ltr'>dum</span> <span class='ocrx_word' id='word_1_558' title='bbox 2740 4383 2800 4444; x_wconf 81' lang='grc'>1.’</span> <span class='ocrx_word' id='word_1_559' title='bbox 2868 4387 2947 4430; x_wconf 59' lang='grc'>164</span> <span class='ocrx_word' id='word_1_560' title='bbox 2977 4383 3260 4445; x_wconf 74' lang='lat' dir='ltr'>resistere</span> <span class='ocrx_word' id='word_1_561' title='bbox 3290 4391 3342 4444; x_wconf 77' lang='lat'>2.</span> <span class='ocrx_word' id='word_1_562' title='bbox 3375 4389 3428 4444; x_wconf 86' lang='lat'>8.</span> <span class='ocrx_word' id='word_1_563' title='bbox 3462 4389 3514 4444; x_wconf 89' lang='lat'>8.</span> <span class='ocrx_word' id='word_1_564' title='bbox 3549 4406 3645 4444; x_wconf 90' lang='lat' dir='ltr'>re-</span> 
     </span>
    </p>
   </div>
   <div class='ocr_carea' id='block_1_81' title="bbox 244 4458 1506 4516">
    <p class='ocr_par' dir='ltr' id='par_1_81' title="bbox 244 4458 1506 4516">
     <span class='ocr_line' id='line_1_81' title="bbox 244 4458 1506 4516; baseline 0.005 -8"><span class='ocrx_word' id='word_1_565' title='bbox 244 4458 367 4513; x_wconf 88' lang='lat' dir='ltr'>scire</span> <span class='ocrx_word' id='word_1_566' title='bbox 399 4461 449 4516; x_wconf 88' lang='lat'>3.</span> <span class='ocrx_word' id='word_1_567' title='bbox 526 4459 608 4503; x_wconf 66' lang='grc'>165</span> <span class='ocrx_word' id='word_1_568' title='bbox 635 4463 674 4516; x_wconf 92' lang='lat' dir='ltr'>i.</span> <span class='ocrx_word' id='word_1_569' title='bbox 710 4461 932 4516; x_wconf 90' lang='lat' dir='ltr'>francis</span> <span class='ocrx_word' id='word_1_570' title='bbox 965 4461 1432 4516; x_wconf 89' lang='lat' dir='ltr'>debachantibus</span> <span class='ocrx_word' id='word_1_571' title='bbox 1453 4462 1506 4514; x_wconf 92' lang='lat'>8.</span> 
     </span>
    </p>
   </div>
   <div class='ocr_carea' id='block_1_82' title="bbox 1783 4631 2060 4698">
    <p class='ocr_par' dir='ltr' id='par_1_82' title="bbox 1783 4631 2060 4698">
     <span class='ocr_line' id='line_1_82' title="bbox 1783 4631 2060 4698; baseline 0.007 -2"><span class='ocrx_word' id='word_1_572' title='bbox 1783 4631 2060 4698; x_wconf 73' lang='lat' dir='ltr'>NOT/E.</span> 
     </span>
    </p>
   </div>
   <div class='ocr_carea' id='block_1_83' title="bbox 299 4808 3648 4885">
    <p class='ocr_par' dir='ltr' id='par_1_83' title="bbox 299 4808 3648 4885">
     <span class='ocr_line' id='line_1_83' title="bbox 299 4808 3648 4885; baseline -0.002 -13"><span class='ocrx_word' id='word_1_573' title='bbox 299 4808 424 4882; x_wconf 75' lang='grc'>(199)</span> <span class='ocrx_word' id='word_1_574' title='bbox 452 4815 877 4872; x_wconf 90' lang='lat' dir='ltr'>Contradicunt</span> <span class='ocrx_word' id='word_1_575' title='bbox 910 4813 1170 4868; x_wconf 79' lang='lat' dir='ltr'>Annales</span> <span class='ocrx_word' id='word_1_576' title='bbox 1220 4813 1609 4882; x_wconf 90' lang='lat' dir='ltr'>Leodienses,</span> <span class='ocrx_word' id='word_1_577' title='bbox 1645 4814 1873 4869; x_wconf 88' lang='lat' dir='ltr'>Floref-</span> <span class='ocrx_word' id='word_1_578' title='bbox 1901 4823 1953 4882; x_wconf 85' lang='lat' dir='ltr'>D</span> <span class='ocrx_word' id='word_1_579' title='bbox 1985 4815 2236 4869; x_wconf 91' lang='lat' dir='ltr'>Hainaut</span> <span class='ocrx_word' id='word_1_580' title='bbox 2295 4812 2365 4884; x_wconf 90' lang='lat' dir='ltr'>II,</span> <span class='ocrx_word' id='word_1_581' title='bbox 2424 4814 2548 4883; x_wconf 70' lang='lat'>208,</span> <span class='ocrx_word' id='word_1_582' title='bbox 2583 4817 2746 4885; x_wconf 88' lang='lat' dir='ltr'>putat</span> <span class='ocrx_word' id='word_1_583' title='bbox 2802 4831 2940 4869; x_wconf 90' lang='lat' dir='ltr'>esse</span> <span class='ocrx_word' id='word_1_584' title='bbox 2982 4814 3164 4868; x_wconf 83' lang='lat' dir='ltr'>filium</span> <span class='ocrx_word' id='word_1_585' title='bbox 3195 4812 3383 4885; x_wconf 61' lang='lat' dir='ltr'>Issaei</span> <span class='ocrx_word' id='word_1_586' title='bbox 3415 4810 3648 4867; x_wconf 91' lang='lat' dir='ltr'>comitis</span> 
     </span>
    </p>
   </div>
   <div class='ocr_carea' id='block_1_84' title="bbox 247 4879 1874 4953">
    <p class='ocr_par' dir='ltr' id='par_1_84' title="bbox 247 4879 1874 4953">
     <span class='ocr_line' id='line_1_84' title="bbox 247 4879 1874 4953; baseline 0.003 -20"><span class='ocrx_word' id='word_1_587' title='bbox 247 4879 429 4939; x_wconf 82' lang='lat' dir='ltr'>ﬁenses</span> <span class='ocrx_word' id='word_1_588' title='bbox 449 4893 504 4940; x_wconf 90' lang='lat' dir='ltr'>et</span> <span class='ocrx_word' id='word_1_589' title='bbox 537 4889 1046 4953; x_wconf 85' lang='lat' dir='ltr'>Marchianenscs,</span> <span class='ocrx_word' id='word_1_590' title='bbox 1081 4901 1155 4939; x_wconf 87' lang='lat' dir='ltr'>ex</span> <span class='ocrx_word' id='word_1_591' title='bbox 1185 4901 1300 4938; x_wconf 90' lang='lat' dir='ltr'>uno</span> <span class='ocrx_word' id='word_1_592' title='bbox 1324 4886 1482 4939; x_wconf 89' lang='lat' dir='ltr'>fonte</span> <span class='ocrx_word' id='word_1_593' title='bbox 1506 4879 1874 4939; x_wconf 88' lang='lat' dir='ltr'>deductiom-</span> 
     </span>
    </p>
   </div>
   <div class='ocr_carea' id='block_1_85' title="bbox 249 4956 1872 5027">
    <p class='ocr_par' dir='ltr' id='par_1_85' title="bbox 249 4956 1872 5027">
     <span class='ocr_line' id='line_1_85' title="bbox 249 4956 1872 5027; baseline 0.002 -23"><span class='ocrx_word' id='word_1_594' title='bbox 249 4966 417 5027; x_wconf 84' lang='lat' dir='ltr'>nes_,_a.</span> <span class='ocrx_word' id='word_1_595' title='bbox 439 4958 564 5012; x_wconf 76' lang='lat'>973.</span> <span class='ocrx_word' id='word_1_596' title='bbox 592 4959 822 5013; x_wconf 84' lang='lat' dir='ltr'>Bellum</span> <span class='ocrx_word' id='word_1_597' title='bbox 836 4959 949 5011; x_wconf 86' lang='lat' dir='ltr'>luit</span> <span class='ocrx_word' id='word_1_598' title='bbox 971 4959 1030 5010; x_wconf 88' lang='lat' dir='ltr'>in</span> <span class='ocrx_word' id='word_1_599' title='bbox 1044 4956 1317 5027; x_wconf 87' lang='lat' dir='ltr'>Perrona</span> <span class='ocrx_word' id='word_1_600' title='bbox 1336 4958 1499 5009; x_wconf 87' lang='lat' dir='ltr'>inter</span> <span class='ocrx_word' id='word_1_601' title='bbox 1513 4957 1872 5027; x_wconf 80' lang='lat' dir='ltr'>Haginerum</span> 
     </span>
    </p>
   </div>
   <div class='ocr_carea' id='block_1_86' title="bbox 249 5025 1874 5097">
    <p class='ocr_par' dir='ltr' id='par_1_86' title="bbox 249 5025 1874 5097">
     <span class='ocr_line' id='line_1_86' title="bbox 249 5025 1874 5097; baseline 0.003 -21"><span class='ocrx_word' id='word_1_602' title='bbox 249 5031 290 5097; x_wconf 59' lang='lat' dir='ltr'>et</span> <span class='ocrx_word' id='word_1_603' title='bbox 319 5025 684 5097; x_wconf 81' lang='lat' dir='ltr'>Warnerum.</span> <span class='ocrx_word' id='word_1_604' title='bbox 714 5029 856 5083; x_wconf 83' lang='lat' dir='ltr'>Haec</span> <span class='ocrx_word' id='word_1_605' title='bbox 886 5044 1019 5082; x_wconf 90' lang='lat' dir='ltr'>cum</span> <span class='ocrx_word' id='word_1_606' title='bbox 1048 5030 1253 5081; x_wconf 89' lang='lat' dir='ltr'>nostro</span> <span class='ocrx_word' id='word_1_607' title='bbox 1270 5025 1620 5097; x_wconf 85' lang='lat' dir='ltr'>Sigebertus</span> <span class='ocrx_word' id='word_1_608' title='bbox 1641 5027 1718 5080; x_wconf 89' lang='lat' dir='ltr'>ita</span> <span class='ocrx_word' id='word_1_609' title='bbox 1737 5042 1874 5081; x_wconf 88' lang='lat' dir='ltr'>con-</span> 
     </span>
    </p>
   </div>
   <div class='ocr_carea' id='block_1_87' title="bbox 249 5092 1873 5170">
    <p class='ocr_par' dir='ltr' id='par_1_87' title="bbox 249 5092 1873 5170">
     <span class='ocr_line' id='line_1_87' title="bbox 249 5092 1873 5170; baseline 0.004 -27"><span class='ocrx_word' id='word_1_610' title='bbox 249 5092 374 5149; x_wconf 80' lang='lat' dir='ltr'>ﬂavit</span> <span class='ocrx_word' id='word_1_611' title='bbox 394 5100 501 5152; x_wconf 90' lang='lat' dir='ltr'>sub</span> <span class='ocrx_word' id='word_1_612' title='bbox 525 5116 579 5154; x_wconf 87' lang='lat' dir='ltr'>a.</span> <span class='ocrx_word' id='word_1_613' title='bbox 605 5101 709 5154; x_wconf 77' lang='lat'><strong>973</strong></span> <span class='ocrx_word' id='word_1_614' title='bbox 734 5115 746 5155; x_wconf 91' lang='lat'>:</span> <span class='ocrx_word' id='word_1_615' title='bbox 769 5101 1108 5170; x_wconf 78' lang='lat' dir='ltr'>Raginerus</span> <span class='ocrx_word' id='word_1_616' title='bbox 1125 5103 1182 5151; x_wconf 87' lang='lat' dir='ltr'>et</span> <span class='ocrx_word' id='word_1_617' title='bbox 1210 5092 1575 5170; x_wconf 62' lang='lat' dir='ltr'>Lantbertus</span> <span class='ocrx_word' id='word_1_618' title='bbox 1590 5097 1873 5170; x_wconf 55' lang='lat' dir='ltr'>pautatim</span> 
     </span>
    </p>
   </div>
   <div class='ocr_carea' id='block_1_88' title="bbox 247 5168 1877 5240">
    <p class='ocr_par' dir='ltr' id='par_1_88' title="bbox 247 5168 1877 5240">
     <span class='ocr_line' id='line_1_88' title="bbox 247 5168 1877 5240; baseline 0.004 -24"><span class='ocrx_word' id='word_1_619' title='bbox 247 5172 529 5240; x_wconf 79' lang='lat' dir='ltr'>resumptis</span> <span class='ocrx_word' id='word_1_620' title='bbox 558 5171 791 5225; x_wconf 84' lang='lat' dir='ltr'>viribus</span> <span class='ocrx_word' id='word_1_621' title='bbox 813 5187 844 5223; x_wconf 88' lang='lat' dir='ltr'>a</span> <span class='ocrx_word' id='word_1_622' title='bbox 862 5168 1116 5223; x_wconf 79' lang='lat' dir='ltr'>Francia</span> <span class='ocrx_word' id='word_1_623' title='bbox 1146 5168 1420 5236; x_wconf 84' lang='lat' dir='ltr'>redeunt,</span> <span class='ocrx_word' id='word_1_624' title='bbox 1446 5174 1503 5222; x_wconf 90' lang='lat' dir='ltr'>et</span> <span class='ocrx_word' id='word_1_625' title='bbox 1535 5185 1660 5222; x_wconf 87' lang='lat' dir='ltr'>cum</span> <span class='ocrx_word' id='word_1_626' title='bbox 1697 5168 1877 5222; x_wconf 86' lang='lat' dir='ltr'>Guar-</span> 
     </span>
    </p>
   </div>
   <div class='ocr_carea' id='block_1_89' title="bbox 254 5240 1875 5312">
    <p class='ocr_par' dir='ltr' id='par_1_89' title="bbox 254 5240 1875 5312">
     <span class='ocr_line' id='line_1_89' title="bbox 254 5240 1875 5312; baseline 0.004 -26"><span class='ocrx_word' id='word_1_627' title='bbox 254 5250 368 5291; x_wconf 85' lang='lat' dir='ltr'>nero</span> <span class='ocrx_word' id='word_1_628' title='bbox 383 5249 435 5292; x_wconf 86' lang='lat' dir='ltr'>et</span> <span class='ocrx_word' id='word_1_629' title='bbox 457 5241 874 5312; x_wconf 82' lang='lat' dir='ltr'>Rainaldo,qui</span> <span class='ocrx_word' id='word_1_630' title='bbox 887 5240 1238 5312; x_wconf 84' lang='lat' dir='ltr'>comitatum</span> <span class='ocrx_word' id='word_1_631' title='bbox 1251 5241 1670 5312; x_wconf 14' lang='lat' dir='ltr'>patrisreorum</span> <span class='ocrx_word' id='word_1_632' title='bbox 1711 5255 1875 5293; x_wconf 88' lang='lat' dir='ltr'>occu-</span> 
     </span>
    </p>
   </div>
   <div class='ocr_carea' id='block_1_90' title="bbox 245 5310 1877 5383">
    <p class='ocr_par' dir='ltr' id='par_1_90' title="bbox 245 5310 1877 5383">
     <span class='ocr_line' id='line_1_90' title="bbox 245 5310 1877 5383; baseline 0.004 -25"><span class='ocrx_word' id='word_1_633' title='bbox 245 5318 518 5380; x_wconf 80' lang='lat' dir='ltr'>paverant,</span> <span class='ocrx_word' id='word_1_634' title='bbox 542 5312 705 5366; x_wconf 80' lang='lat' dir='ltr'>bello</span> <span class='ocrx_word' id='word_1_635' title='bbox 744 5310 895 5383; x_wconf 64' lang='lat' dir='ltr'>apud</span> <span class='ocrx_word' id='word_1_636' title='bbox 921 5310 1628 5383; x_wconf 48' lang='lat' dir='ltr'>Perronanrconﬂigunt,</span> <span class='ocrx_word' id='word_1_637' title='bbox 1659 5326 1877 5383; x_wconf 83' lang='lat' dir='ltr'>eosque</span> 
     </span>
    </p>
   </div>
   <div class='ocr_carea' id='block_1_91' title="bbox 249 5380 1873 5455">
    <p class='ocr_par' dir='ltr' id='par_1_91' title="bbox 249 5380 1873 5455">
     <span class='ocr_line' id='line_1_91' title="bbox 249 5380 1873 5455; baseline 0 -21"><span class='ocrx_word' id='word_1_638' title='bbox 249 5383 571 5455; x_wconf 58' lang='lat' dir='ltr'>cauimultis</span> <span class='ocrx_word' id='word_1_639' title='bbox 582 5380 908 5455; x_wconf 51' lang='lat' dir='ltr'>perim&#39;nnt,</span> <span class='ocrx_word' id='word_1_640' title='bbox 945 5389 1002 5455; x_wconf 78' lang='lat' dir='ltr'>et</span> <span class='ocrx_word' id='word_1_641' title='bbox 1023 5380 1496 5455; x_wconf 7' lang='lat' dir='ltr'>supergHagnani</span> <span class='ocrx_word' id='word_1_642' title='bbox 1517 5381 1597 5455; x_wconf 72' lang='lat' dir='ltr'>[In</span> <span class='ocrx_word' id='word_1_643' title='bbox 1608 5382 1757 5434; x_wconf 86' lang='lat' dir='ltr'>vium</span> <span class='ocrx_word' id='word_1_644' title='bbox 1777 5380 1873 5455; x_wconf 80' lang='lat' dir='ltr'>ca-</span> 
     </span>
    </p>
   </div>
   <div class='ocr_carea' id='block_1_92' title="bbox 250 5450 1878 5522">
    <p class='ocr_par' dir='ltr' id='par_1_92' title="bbox 250 5450 1878 5522">
     <span class='ocr_line' id='line_1_92' title="bbox 250 5450 1878 5522; baseline 0.002 -20"><span class='ocrx_word' id='word_1_645' title='bbox 250 5450 389 5522; x_wconf 57' lang='lat' dir='ltr'>stella</span> <span class='ocrx_word' id='word_1_646' title='bbox 416 5450 670 5508; x_wconf 74' lang='lat' dir='ltr'>Buxzide</span> <span class='ocrx_word' id='word_1_647' title='bbox 700 5456 924 5507; x_wconf 84' lang='lat' dir='ltr'>munito</span> <span class='ocrx_word' id='word_1_648' title='bbox 971 5450 1444 5522; x_wconf 9' lang='lat' dir='ltr'>Lotharingiamr</span> <span class='ocrx_word' id='word_1_649' title='bbox 1476 5452 1783 5520; x_wconf 79' lang='lat' dir='ltr'>infestant,</span> <span class='ocrx_word' id='word_1_650' title='bbox 1818 5453 1878 5505; x_wconf 89' lang='lat' dir='ltr'>in</span> 
     </span>
    </p>
   </div>
   <div class='ocr_carea' id='block_1_93' title="bbox 249 5521 1873 5604">
    <p class='ocr_par' dir='ltr' id='par_1_93' title="bbox 249 5521 1873 5604">
     <span class='ocr_line' id='line_1_93' title="bbox 249 5521 1873 5604; baseline 0.004 -35"><span class='ocrx_word' id='word_1_651' title='bbox 249 5521 428 5604; x_wconf 72' lang='lat' dir='ltr'>quibus</span> <span class='ocrx_word' id='word_1_652' title='bbox 459 5526 687 5604; x_wconf 76' lang='lat' dir='ltr'>ni_l_nisi</span> <span class='ocrx_word' id='word_1_653' title='bbox 717 5525 900 5604; x_wconf 76' lang='lat' dir='ltr'>verba</span> <span class='ocrx_word' id='word_1_654' title='bbox 934 5539 1144 5604; x_wconf 82' lang='lat' dir='ltr'>eosque</span> <span class='ocrx_word' id='word_1_655' title='bbox 1167 5521 1307 5604; x_wconf 35' lang='lat' dir='ltr'>cum.</span> <span class='ocrx_word' id='word_1_656' title='bbox 1327 5521 1530 5604; x_wconf 79' lang='lat' dir='ltr'>multis</span> <span class='ocrx_word' id='word_1_657' title='bbox 1550 5524 1873 5603; x_wconf 80' lang='lat' dir='ltr'>perimunt,</span> 
     </span>
    </p>
   </div>
   <div class='ocr_carea' id='block_1_94' title="bbox 250 5587 1874 5663">
    <p class='ocr_par' dir='ltr' id='par_1_94' title="bbox 250 5587 1874 5663">
     <span class='ocr_line' id='line_1_94' title="bbox 250 5587 1874 5663; baseline 0.002 -21"><span class='ocrx_word' id='word_1_658' title='bbox 250 5587 304 5663; x_wconf 71' lang='lat' dir='ltr'>de</span> <span class='ocrx_word' id='word_1_659' title='bbox 329 5608 424 5647; x_wconf 87' lang='lat' dir='ltr'>suo</span> <span class='ocrx_word' id='word_1_660' title='bbox 453 5597 698 5650; x_wconf 92' lang='lat' dir='ltr'>addidit.</span> <span class='ocrx_word' id='word_1_661' title='bbox 716 5627 787 5635; x_wconf 92' lang='lat'>-—</span> <span class='ocrx_word' id='word_1_662' title='bbox 805 5595 932 5650; x_wconf 90' lang='lat' dir='ltr'>Hoc</span> <span class='ocrx_word' id='word_1_663' title='bbox 964 5587 1200 5649; x_wconf 81' lang='lat' dir='ltr'>unicum</span> <span class='ocrx_word' id='word_1_664' title='bbox 1223 5596 1333 5662; x_wconf 80' lang='lat' dir='ltr'>est,</span> <span class='ocrx_word' id='word_1_665' title='bbox 1359 5587 1637 5663; x_wconf 79' lang='lat' dir='ltr'>quantum</span> <span class='ocrx_word' id='word_1_666' title='bbox 1669 5587 1874 5661; x_wconf 78' lang='lat' dir='ltr'>sciam,</span> 
     </span>
    </p>
   </div>
   <div class='ocr_carea' id='block_1_95' title="bbox 251 5661 1878 5729">
    <p class='ocr_par' dir='ltr' id='par_1_95' title="bbox 251 5661 1878 5729">
     <span class='ocr_line' id='line_1_95' title="bbox 251 5661 1878 5729; baseline 0.006 -20"><span class='ocrx_word' id='word_1_667' title='bbox 251 5661 616 5720; x_wconf 84' lang='lat' dir='ltr'>testimonium</span> <span class='ocrx_word' id='word_1_668' title='bbox 647 5673 851 5722; x_wconf 87' lang='lat' dir='ltr'>nostro</span> <span class='ocrx_word' id='word_1_669' title='bbox 900 5661 1331 5721; x_wconf 81' lang='lat' dir='ltr'>contradicens.</span> <span class='ocrx_word' id='word_1_670' title='bbox 1365 5661 1530 5729; x_wconf 83' lang='lat' dir='ltr'>Quod</span> <span class='ocrx_word' id='word_1_671' title='bbox 1589 5664 1641 5718; x_wconf 90' lang='lat' dir='ltr'>si</span> <span class='ocrx_word' id='word_1_672' title='bbox 1673 5679 1878 5718; x_wconf 91' lang='lat' dir='ltr'>verum</span> 
     </span>
    </p>
   </div>
   <div class='ocr_carea' id='block_1_96' title="bbox 254 5734 1878 5809">
    <p class='ocr_par' dir='ltr' id='par_1_96' title="bbox 254 5734 1878 5809">
     <span class='ocr_line' id='line_1_96' title="bbox 254 5734 1878 5809; baseline 0.006 -28"><span class='ocrx_word' id='word_1_673' title='bbox 254 5735 338 5799; x_wconf 86' lang='lat' dir='ltr'>est,</span> <span class='ocrx_word' id='word_1_674' title='bbox 363 5734 718 5809; x_wconf 62' lang='lat' dir='ltr'>Codefridus</span> <span class='ocrx_word' id='word_1_675' title='bbox 747 5742 920 5809; x_wconf 90' lang='lat' dir='ltr'>atque</span> <span class='ocrx_word' id='word_1_676' title='bbox 953 5736 1239 5809; x_wconf 86' lang='lat' dir='ltr'>Arnult&#39;us</span> <span class='ocrx_word' id='word_1_677' title='bbox 1260 5750 1377 5790; x_wconf 91' lang='lat' dir='ltr'>non</span> <span class='ocrx_word' id='word_1_678' title='bbox 1396 5734 1518 5806; x_wconf 85' lang='lat' dir='ltr'>jam</span> <span class='ocrx_word' id='word_1_679' title='bbox 1548 5750 1581 5788; x_wconf 90' lang='lat' dir='ltr'>a</span> <span class='ocrx_word' id='word_1_680' title='bbox 1604 5735 1878 5809; x_wconf 79' lang='lat' dir='ltr'>Brunone</span> 
     </span>
    </p>
   </div>
   <div class='ocr_carea' id='block_1_97' title="bbox 255 5806 1878 5878">
    <p class='ocr_par' dir='ltr' id='par_1_97' title="bbox 255 5806 1878 5878">
     <span class='ocr_line' id='line_1_97' title="bbox 255 5806 1878 5878; baseline 0.002 -21"><span class='ocrx_word' id='word_1_681' title='bbox 255 5806 556 5878; x_wconf 66' lang='lat' dir='ltr'>gomitatum</span> <span class='ocrx_word' id='word_1_682' title='bbox 619 5806 944 5864; x_wconf 72' lang='lat' dir='ltr'>Hannohiaa</span> <span class='ocrx_word' id='word_1_683' title='bbox 993 5808 1325 5878; x_wconf 14' lang='lat' dir='ltr'>accepisse,</span> <span class='ocrx_word' id='word_1_684' title='bbox 1359 5810 1634 5878; x_wconf 87' lang='lat' dir='ltr'>possunt,</span> <span class='ocrx_word' id='word_1_685' title='bbox 1669 5807 1878 5878; x_wconf 83' lang='lat' dir='ltr'>sebab</span> 
     </span>
    </p>
   </div>
   <div class='ocr_carea' id='block_1_98' title="bbox 255 5848 1882 5936">
    <p class='ocr_par' dir='ltr' id='par_1_98' title="bbox 255 5848 1882 5936">
     <span class='ocr_line' id='line_1_98' title="bbox 255 5848 1882 5936; baseline 0.004 -11"><span class='ocrx_word' id='word_1_686' title='bbox 255 5848 556 5932; x_wconf 53' lang='grc' dir='ltr'>ὸὶὦῖῒῖ</span> <span class='ocrx_word' id='word_1_687' title='bbox 597 5848 1882 5936; x_wconf 50' lang='grc' dir='ltr'>ᾱὲιέἱῖιῖιῗὲοέἔῖὲῖἇῖἴίεῗέῒίὲἴιὶὶᾱενῖιῖἦ</span> 
     </span>
    </p>
   </div>
   <div class='ocr_carea' id='block_1_99' title="bbox 254 5948 1881 6024">
    <p class='ocr_par' dir='ltr' id='par_1_99' title="bbox 254 5948 1881 6024">
     <span class='ocr_line' id='line_1_99' title="bbox 254 5948 1881 6024; baseline 0.004 -22"><span class='ocrx_word' id='word_1_688' title='bbox 254 5955 421 6008; x_wconf 76' lang='lat' dir='ltr'>comes</span> <span class='ocrx_word' id='word_1_689' title='bbox 443 5948 878 6024; x_wconf 79' lang='lat' dir='ltr'>Virdunensis;</span> <span class='ocrx_word' id='word_1_690' title='bbox 907 5951 1227 6013; x_wconf 75' lang='lat' dir='ltr'>Amulium</span> <span class='ocrx_word' id='word_1_691' title='bbox 1247 5949 1591 6010; x_wconf 83' lang='lat' dir='ltr'>Delewarde</span> <span class='ocrx_word' id='word_1_692' title='bbox 1621 5949 1776 6009; x_wconf 82' lang='lat' dir='ltr'>Hist.</span> <span class='ocrx_word' id='word_1_693' title='bbox 1808 5949 1881 6009; x_wconf 85' lang='lat' dir='ltr'>de</span> 
     </span>
    </p>
   </div>
   <div class='ocr_carea' id='block_1_100' title="bbox 1985 4883 3648 4940">
    <p class='ocr_par' dir='ltr' id='par_1_100' title="bbox 1985 4883 3648 4940">
     <span class='ocr_line' id='line_1_100' title="bbox 1985 4883 3648 4940; baseline -0.001 -1"><span class='ocrx_word' id='word_1_694' title='bbox 1985 4888 2436 4940; x_wconf 75' lang='lat' dir='ltr'>Cameracensis</span> <span class='ocrx_word' id='word_1_695' title='bbox 2459 4889 2515 4940; x_wconf 89' lang='lat' dir='ltr'>et</span> <span class='ocrx_word' id='word_1_696' title='bbox 2534 4883 3028 4940; x_wconf 51' lang='lat' dir='ltr'>\ialentianensis.</span> <span class='ocrx_word' id='word_1_697' title='bbox 3074 4885 3286 4937; x_wconf 88' lang='lat' dir='ltr'>Comes</span> <span class='ocrx_word' id='word_1_698' title='bbox 3322 4883 3648 4938; x_wconf 88' lang='lat' dir='ltr'>Flandren-</span> 
     </span>
    </p>
   </div>
   <div class='ocr_carea' id='block_1_101' title="bbox 1987 4955 3650 5096">
    <p class='ocr_par' dir='ltr' id='par_1_101' title="bbox 1987 4955 3650 5096">
     <span class='ocr_line' id='line_1_101' title="bbox 1987 4955 3650 5026; baseline -0.001 -17"><span class='ocrx_word' id='word_1_699' title='bbox 1987 4959 2096 5026; x_wconf 92' lang='lat' dir='ltr'>sis,</span> <span class='ocrx_word' id='word_1_700' title='bbox 2113 4962 2174 5009; x_wconf 91' lang='lat' dir='ltr'>ut</span> <span class='ocrx_word' id='word_1_701' title='bbox 2193 4956 2724 5026; x_wconf 74' lang='lat' dir='ltr'>Mejerus,Lipsius</span> <span class='ocrx_word' id='word_1_702' title='bbox 2742 4957 2903 5010; x_wconf 90' lang='lat' dir='ltr'>etalii</span> <span class='ocrx_word' id='word_1_703' title='bbox 2929 4955 3148 5022; x_wconf 91' lang='lat' dir='ltr'>volunt,</span> <span class='ocrx_word' id='word_1_704' title='bbox 3166 4970 3304 5009; x_wconf 90' lang='lat' dir='ltr'>esse</span> <span class='ocrx_word' id='word_1_705' title='bbox 3319 4955 3650 5025; x_wconf 84' lang='lat' dir='ltr'>nequitjam</span> 
     </span>
     <span class='ocr_line' id='line_1_102' title="bbox 1987 5025 3647 5096; baseline -0.001 -16"><span class='ocrx_word' id='word_1_706' title='bbox 1987 5028 2061 5080; x_wconf 91' lang='lat' dir='ltr'>ob</span> <span class='ocrx_word' id='word_1_707' title='bbox 2097 5028 2348 5096; x_wconf 90' lang='lat' dir='ltr'>diploma</span> <span class='ocrx_word' id='word_1_708' title='bbox 2379 5028 2608 5081; x_wconf 90' lang='lat' dir='ltr'>Ottonis</span> <span class='ocrx_word' id='word_1_709' title='bbox 2639 5027 2791 5080; x_wconf 89' lang='lat' dir='ltr'>infra</span> <span class='ocrx_word' id='word_1_710' title='bbox 2822 5043 2872 5079; x_wconf 94' lang='lat' dir='ltr'>c.</span> <span class='ocrx_word' id='word_1_711' title='bbox 2908 5025 3010 5078; x_wconf 77' lang='grc'>112</span> <span class='ocrx_word' id='word_1_712' title='bbox 3041 5027 3289 5079; x_wconf 90' lang='lat' dir='ltr'>relatum</span> <span class='ocrx_word' id='word_1_713' title='bbox 3318 5027 3456 5079; x_wconf 89' lang='lat' dir='ltr'>anni</span> <span class='ocrx_word' id='word_1_714' title='bbox 3490 5027 3647 5096; x_wconf 84' lang='grc'>1001,</span> 
     </span>
    </p>
   </div>
   <div class='ocr_carea' id='block_1_102' title="bbox 1986 5068 3648 5161">
    <p class='ocr_par' dir='ltr' id='par_1_102' title="bbox 1986 5068 3648 5161">
     <span class='ocr_line' id='line_1_103' title="bbox 1986 5068 3648 5161; baseline 0 -11"><span class='ocrx_word' id='word_1_715' title='bbox 1986 5099 2086 5151; x_wconf 90' lang='lat' dir='ltr'>ubi</span> <span class='ocrx_word' id='word_1_716' title='bbox 2119 5068 2256 5152; x_wconf 57' lang='lat' dir='ltr'>item</span> <span class='ocrx_word' id='word_1_717' title='bbox 2288 5099 2575 5152; x_wconf 83' lang='lat' dir='ltr'>Arnulfus</span> <span class='ocrx_word' id='word_1_718' title='bbox 2624 5112 2823 5151; x_wconf 89' lang='lat' dir='ltr'>comes</span> <span class='ocrx_word' id='word_1_719' title='bbox 2881 5097 3156 5161; x_wconf 84' lang='lat' dir='ltr'>occurrit,</span> <span class='ocrx_word' id='word_1_720' title='bbox 3193 5112 3326 5150; x_wconf 90' lang='lat' dir='ltr'>cum</span> <span class='ocrx_word' id='word_1_721' title='bbox 3360 5068 3648 5150; x_wconf 67' lang='lat' dir='ltr'>Arnulfus</span> 
     </span>
    </p>
   </div>
   <div class='ocr_carea' id='block_1_103' title="bbox 1986 5167 3237 5238">
    <p class='ocr_par' dir='ltr' id='par_1_103' title="bbox 1986 5167 3237 5238">
     <span class='ocr_line' id='line_1_104' title="bbox 1986 5167 3237 5238; baseline -0.002 -16"><span class='ocrx_word' id='word_1_722' title='bbox 1986 5169 2199 5223; x_wconf 81' lang='lat' dir='ltr'>Junior</span> <span class='ocrx_word' id='word_1_723' title='bbox 2230 5169 2612 5222; x_wconf 84' lang='lat' dir='ltr'>Flandrensis</span> <span class='ocrx_word' id='word_1_724' title='bbox 2637 5168 2762 5238; x_wconf 80' lang='lat' dir='ltr'>jam</span> <span class='ocrx_word' id='word_1_725' title='bbox 2785 5167 2974 5238; x_wconf 18' lang='lat'>$7988</span> <span class='ocrx_word' id='word_1_726' title='bbox 3006 5167 3237 5221; x_wconf 80' lang='lat' dir='ltr'>obterit.</span> 
     </span>
    </p>
   </div>
   <div class='ocr_carea' id='block_1_104' title="bbox 2058 5237 3652 5309">
    <p class='ocr_par' dir='ltr' id='par_1_104' title="bbox 2058 5237 3652 5309">
     <span class='ocr_line' id='line_1_105' title="bbox 2058 5237 3652 5309; baseline -0.001 -16"><span class='ocrx_word' id='word_1_727' title='bbox 2058 5239 2204 5309; x_wconf 76' lang='grc'>(200)</span> <span class='ocrx_word' id='word_1_728' title='bbox 2238 5240 2517 5294; x_wconf 86' lang='lat' dir='ltr'>Boussoit</span> <span class='ocrx_word' id='word_1_729' title='bbox 2539 5237 2718 5309; x_wconf 86' lang='lat' dir='ltr'>super</span> <span class='ocrx_word' id='word_1_730' title='bbox 2752 5239 2822 5309; x_wconf 82' lang='grc'>11.</span> <span class='ocrx_word' id='word_1_731' title='bbox 2845 5237 3052 5305; x_wconf 89' lang='lat' dir='ltr'>Haine,</span> <span class='ocrx_word' id='word_1_732' title='bbox 3085 5254 3267 5308; x_wconf 90' lang='lat' dir='ltr'>prope</span> <span class='ocrx_word' id='word_1_733' title='bbox 3297 5238 3540 5292; x_wconf 88' lang='lat' dir='ltr'>Binche.</span> <span class='ocrx_word' id='word_1_734' title='bbox 3566 5239 3652 5291; x_wconf 81' lang='lat' dir='ltr'>LE</span> 
     </span>
    </p>
   </div>
   <div class='ocr_carea' id='block_1_105' title="bbox 1986 5308 3648 5379">
    <p class='ocr_par' dir='ltr' id='par_1_105' title="bbox 1986 5308 3648 5379">
     <span class='ocr_line' id='line_1_106' title="bbox 1986 5308 3648 5379; baseline -0.001 -15"><span class='ocrx_word' id='word_1_735' title='bbox 1986 5310 2168 5364; x_wconf 77' lang='lat' dir='ltr'>GLAY.</span> <span class='ocrx_word' id='word_1_736' title='bbox 2226 5310 2498 5364; x_wconf 87' lang='lat' dir='ltr'>Castrum</span> <span class='ocrx_word' id='word_1_737' title='bbox 2555 5310 2609 5362; x_wconf 89' lang='lat' dir='ltr'>d.</span> <span class='ocrx_word' id='word_1_738' title='bbox 2671 5308 2734 5363; x_wconf 75' lang='grc'>21</span> <span class='ocrx_word' id='word_1_739' title='bbox 2793 5308 2923 5362; x_wconf 80' lang='lat' dir='ltr'>Jan.</span> <span class='ocrx_word' id='word_1_740' title='bbox 2966 5309 3091 5379; x_wconf 78' lang='lat' dir='ltr'>jam</span> <span class='ocrx_word' id='word_1_741' title='bbox 3148 5313 3380 5379; x_wconf 87' lang='lat' dir='ltr'>captum</span> <span class='ocrx_word' id='word_1_742' title='bbox 3439 5309 3648 5363; x_wconf 84' lang='lat' dir='ltr'>fuisse.</span> 
     </span>
    </p>
   </div>
   <div class='ocr_carea' id='block_1_106' title="bbox 1989 5380 3653 5450">
    <p class='ocr_par' dir='ltr' id='par_1_106' title="bbox 1989 5380 3653 5450">
     <span class='ocr_line' id='line_1_107' title="bbox 1989 5380 3653 5450; baseline 0 -17"><span class='ocrx_word' id='word_1_743' title='bbox 1989 5381 2246 5435; x_wconf 90' lang='lat' dir='ltr'>ostendit</span> <span class='ocrx_word' id='word_1_744' title='bbox 2279 5381 2478 5434; x_wconf 88' lang='lat' dir='ltr'>charta</span> <span class='ocrx_word' id='word_1_745' title='bbox 2509 5380 2758 5448; x_wconf 89' lang='lat' dir='ltr'>Ottonis,</span> <span class='ocrx_word' id='word_1_746' title='bbox 2793 5395 2967 5450; x_wconf 88' lang='lat' dir='ltr'>quam</span> <span class='ocrx_word' id='word_1_747' title='bbox 3000 5380 3244 5450; x_wconf 15' lang='lat' dir='ltr'>iGandze</span> <span class='ocrx_word' id='word_1_748' title='bbox 3294 5381 3353 5434; x_wconf 92' lang='lat' dir='ltr'>in</span> <span class='ocrx_word' id='word_1_749' title='bbox 3411 5380 3653 5434; x_wconf 88' lang='lat' dir='ltr'>archivo</span> 
     </span>
    </p>
   </div>
   <div class='ocr_carea' id='block_1_107' title="bbox 1991 5449 3650 5520">
    <p class='ocr_par' dir='ltr' id='par_1_107' title="bbox 1991 5449 3650 5520">
     <span class='ocr_line' id='line_1_108' title="bbox 1991 5449 3650 5520; baseline -0.001 -14"><span class='ocrx_word' id='word_1_750' title='bbox 1991 5453 2050 5506; x_wconf 89' lang='lat' dir='ltr'>S.</span> <span class='ocrx_word' id='word_1_751' title='bbox 2112 5453 2370 5505; x_wconf 89' lang='lat' dir='ltr'>Bavonis</span> <span class='ocrx_word' id='word_1_752' title='bbox 2416 5451 2732 5520; x_wconf 85' lang='lat' dir='ltr'>descripsi,</span> <span class='ocrx_word' id='word_1_753' title='bbox 2786 5449 2921 5505; x_wconf 85' lang='lat' dir='ltr'>data</span> <span class='ocrx_word' id='word_1_754' title='bbox 2955 5449 3020 5504; x_wconf 72' lang='lat'>12</span> <span class='ocrx_word' id='word_1_755' title='bbox 3068 5451 3199 5505; x_wconf 86' lang='lat' dir='ltr'>Kal.</span> <span class='ocrx_word' id='word_1_756' title='bbox 3233 5451 3386 5506; x_wconf 87' lang='lat' dir='ltr'>Feb.</span> <span class='ocrx_word' id='word_1_757' title='bbox 3420 5467 3471 5504; x_wconf 90' lang='lat' dir='ltr'>a.</span> <span class='ocrx_word' id='word_1_758' title='bbox 3516 5451 3574 5505; x_wconf 90' lang='lat' dir='ltr'>d.</span> <span class='ocrx_word' id='word_1_759' title='bbox 3608 5451 3650 5504; x_wconf 92' lang='lat' dir='ltr'>i.</span> 
     </span>
    </p>
   </div>
   <div class='ocr_carea' id='block_1_108' title="bbox 1988 5520 3651 5603">
    <p class='ocr_par' dir='ltr' id='par_1_108' title="bbox 1988 5520 3651 5603">
     <span class='ocr_line' id='line_1_109' title="bbox 1988 5520 3651 5603; baseline -0.001 -27"><span class='ocrx_word' id='word_1_760' title='bbox 1988 5523 2113 5603; x_wconf 61' lang='lat'>974,</span> <span class='ocrx_word' id='word_1_761' title='bbox 2174 5524 2285 5603; x_wconf 46' lang='lat' dir='ltr'>iug‘</span> <span class='ocrx_word' id='word_1_762' title='bbox 2333 5521 2386 5590; x_wconf 68' lang='lat'>2,</span> <span class='ocrx_word' id='word_1_763' title='bbox 2447 5522 2808 5603; x_wconf 53' lang='lat' dir='ltr'>annonregni</span> <span class='ocrx_word' id='word_1_764' title='bbox 2859 5523 2915 5576; x_wconf 92' lang='lat' dir='ltr'>d.</span> <span class='ocrx_word' id='word_1_765' title='bbox 2953 5520 3302 5603; x_wconf 42' lang='lat' dir='ltr'>13,‘i_n_7p.</span> <span class='ocrx_word' id='word_1_766' title='bbox 3367 5522 3651 5603; x_wconf 38' lang='lat' dir='ltr'>autem}.</span> 
     </span>
    </p>
   </div>
   <div class='ocr_carea' id='block_1_109' title="bbox 1990 5590 3651 5664">
    <p class='ocr_par' dir='ltr' id='par_1_109' title="bbox 1990 5590 3651 5664">
     <span class='ocr_line' id='line_1_110' title="bbox 1990 5590 3651 5664; baseline -0.001 -17"><span class='ocrx_word' id='word_1_767' title='bbox 1990 5595 2202 5647; x_wconf 86' lang='lat' dir='ltr'>Actum</span> <span class='ocrx_word' id='word_1_768' title='bbox 2234 5593 2457 5664; x_wconf 83' lang='lat' dir='ltr'>Bosgut</span> <span class='ocrx_word' id='word_1_769' title='bbox 2489 5594 2549 5646; x_wconf 90' lang='lat' dir='ltr'>in</span> <span class='ocrx_word' id='word_1_770' title='bbox 2580 5592 2651 5664; x_wconf 77' lang='grc' dir='ltr'>Β.</span> <span class='ocrx_word' id='word_1_771' title='bbox 2685 5590 2728 5646; x_wconf 75' lang='grc' dir='ltr'>ιῖ</span> <span class='ocrx_word' id='word_1_772' title='bbox 2763 5609 2935 5647; x_wconf 87' lang='lat' dir='ltr'>amen</span> <span class='ocrx_word' id='word_1_773' title='bbox 2974 5593 3149 5664; x_wconf 88' lang='lat' dir='ltr'>(apud</span> <span class='ocrx_word' id='word_1_774' title='bbox 3181 5590 3447 5647; x_wconf 64' lang='lat' dir='ltr'>Mirmum</span> <span class='ocrx_word' id='word_1_775' title='bbox 3477 5590 3529 5662; x_wconf 87' lang='grc'>1,</span> <span class='ocrx_word' id='word_1_776' title='bbox 3562 5591 3651 5660; x_wconf 77' lang='grc'>49,</span> 
     </span>
    </p>
   </div>
   <div class='ocr_carea' id='block_1_110' title="bbox 1991 5663 3657 5734">
    <p class='ocr_par' dir='ltr' id='par_1_110' title="bbox 1991 5663 3657 5734">
     <span class='ocr_line' id='line_1_111' title="bbox 1991 5663 3657 5734; baseline 0 -16"><span class='ocrx_word' id='word_1_777' title='bbox 1991 5664 2143 5718; x_wconf 88' lang='lat' dir='ltr'>falso</span> <span class='ocrx_word' id='word_1_778' title='bbox 2188 5663 2446 5734; x_wconf 83' lang='lat' dir='ltr'>Bosgrat</span> <span class='ocrx_word' id='word_1_779' title='bbox 2489 5663 2748 5734; x_wconf 85' lang='lat' dir='ltr'>legitur).</span> <span class='ocrx_word' id='word_1_780' title='bbox 2811 5663 3039 5718; x_wconf 84' lang='lat' dir='ltr'>Natale</span> <span class='ocrx_word' id='word_1_781' title='bbox 3074 5663 3307 5719; x_wconf 91' lang='lat' dir='ltr'>Domini</span> <span class='ocrx_word' id='word_1_782' title='bbox 3335 5664 3657 5734; x_wconf 83' lang='lat' dir='ltr'>imperator</span> 
     </span>
    </p>
   </div>
   <div class='ocr_carea' id='block_1_111' title="bbox 1991 5734 2920 5790">
    <p class='ocr_par' dir='ltr' id='par_1_111' title="bbox 1991 5734 2920 5790">
     <span class='ocr_line' id='line_1_112' title="bbox 1991 5734 2920 5790; baseline -0.001 -1"><span class='ocrx_word' id='word_1_783' title='bbox 1991 5734 2184 5789; x_wconf 90' lang='lat' dir='ltr'>adhuc</span> <span class='ocrx_word' id='word_1_784' title='bbox 2207 5734 2464 5790; x_wconf 81' lang='lat' dir='ltr'>Traiecti</span> <span class='ocrx_word' id='word_1_785' title='bbox 2494 5735 2920 5790; x_wconf 89' lang='lat' dir='ltr'>celebraverat.</span> 
     </span>
    </p>
   </div>
   <div class='ocr_carea' id='block_1_112' title="bbox 2085 5804 3368 5873">
    <p class='ocr_par' dir='ltr' id='par_1_112' title="bbox 2085 5804 3368 5873">
     <span class='ocr_line' id='line_1_113' title="bbox 2085 5804 3368 5873; baseline 0.005 -15"><span class='ocrx_word' id='word_1_786' title='bbox 2085 5804 2214 5873; x_wconf 78' lang='grc'>201)</span> <span class='ocrx_word' id='word_1_787' title='bbox 2253 5804 2475 5860; x_wconf 84' lang='lat' dir='ltr'>Alberti</span> <span class='ocrx_word' id='word_1_788' title='bbox 2507 5806 2958 5862; x_wconf 84' lang='lat' dir='ltr'>Virmandensis</span> <span class='ocrx_word' id='word_1_789' title='bbox 2987 5805 3167 5864; x_wconf 81' lang='lat' dir='ltr'>ﬁlius.</span> <span class='ocrx_word' id='word_1_790' title='bbox 3191 5805 3368 5864; x_wconf 69' lang='lat' dir='ltr'>Conv.</span> 
     </span>
    </p>
   </div>
   <div class='ocr_carea' id='block_1_113' title="bbox 2085 5874 3070 5953">
    <p class='ocr_par' dir='ltr' id='par_1_113' title="bbox 2085 5874 3070 5953">
     <span class='ocr_line' id='line_1_114' title="bbox 2085 5874 3070 5953; baseline 0.009 -22"><span class='ocrx_word' id='word_1_791' title='bbox 2085 5874 2212 5950; x_wconf 74' lang='lat'><strong>202)</strong></span> <span class='ocrx_word' id='word_1_792' title='bbox 2248 5877 2415 5953; x_wconf 74' lang='lat' dir='ltr'>Gouy</span> <span class='ocrx_word' id='word_1_793' title='bbox 2444 5894 2518 5936; x_wconf 88' lang='lat' dir='ltr'>en</span> <span class='ocrx_word' id='word_1_794' title='bbox 2549 5879 2859 5938; x_wconf 83' lang='lat' dir='ltr'>Arouaise.</span> <span class='ocrx_word' id='word_1_795' title='bbox 2894 5877 3070 5940; x_wconf 69' lang='lat' dir='ltr'>Conv.</span> 
     </span>
    </p>
   </div>
  </div>
