4098 6196
404 330 512 448 .99

1315 377 1590 442 GESTA
1632 378 2158 444 PONTIFICUM
2204 377 2967 455 CAMERACENSIUM.

3735 382 3860 447 100

401 583 686 659 precepit,
717 580 1066 651 vocatisque
1093 578 1287 633 omnis
1318 579 1404 634 rei
1437 592 1679 634 causam
1700 594 1832 634 cum
1863 579 2063 650 gravi-
2094 574 2153 635 A
2183 578 2370 648 lapsis
2383 577 2618 634 viribus
2631 580 2842 635 mortui
2857 579 3286 652 dimerguntur.
3305 581 3439 650 Ipsa
3452 584 3664 639 etenim
3676 590 3851 643 nocte

398 677 516 730 tate
546 669 1030 744 proclamationis
1058 668 1339 723 intimans
1358 664 1460 737 166,
1493 668 1923 739 expeditionem
1956 684 2062 723 su—

397 780 506 834 per
534 760 877 817 Lotharium
907 758 1124 812 ducere
1150 757 1486 812 destinavit.
1508 756 1596 810 Ad
1620 754 1795 827 cujus
1841 754 2061 811 exhor-

397 851 678 907 tationem
728 848 922 902 cuncti
960 847 1190 900 animos
1245 845 1503 913 ﬂectunt,
1563 845 2059 916 indignantesque

399 940 516 995 sibi
547 938 764 992 factum
796 936 1079 1004 dedecus,
1113 949 1318 988 omnes
1350 933 1702 989 unanimiter
1748 933 1919 1003 quasi
1966 931 2060 985 vir

393 1044 551 1083 unus
582 1026 832 1081 invicem
866 1023 1362 1093 conspirationem
1393 1022 1634 1090 faciunt,
1667 1024 1721 1075 et
1750 1036 1857 1090 pro
1881 1020 2059 1074 ﬁdeli-

390 1119 507 1171 tate
537 1116 741 1185 patris,
775 1114 873 1184 qui
908 1127 1013 1167 eos
1045 1111 1408 1165 familiariter
1441 1108 1735 1177 enutrivit,
1759 1100 1951 1179 usque
1981 1107 2055 1161 ad

292 1202 297 1215 “
390 1206 611 1260 exitum
660 1204 796 1256 vita,
841 1216 979 1256 sese
1019 1199 1384 1254 deservitum
1411 1198 1499 1252 ire
1528 1198 1889 1268 promittunt.
1941 1196 2053 1250 His

390 1309 534 1366 ergo
565 1290 811 1347 adscitis
842 1292 1015 1360 atque
1045 1287 1287 1356 coactis,
1310 1289 1486 1341 tantae
1517 1286 1703 1356 copiae
1726 1285 2052 1341 exercitum

389 1382 590 1449 movit,
623 1383 687 1435 ut
713 1394 884 1435 nemo
912 1381 1130 1431 tantam
1158 1379 1366 1446 postea
1413 1376 1507 1429 vel
1545 1378 1678 1430 ante
1725 1373 1954 1428 vidisse
1982 1388 2049 1428 se

388 1470 734 1525 meminisse
763 1466 1036 1537 potuerit.
1070 1464 1142 1518 Et
1170 1479 1243 1518 ne
1275 1480 1383 1518 sua
1406 1463 1701 1533 premissa
1730 1461 1947 1533 legatio
1964 1476 2052 1516 re-

384 1575 520 1632 gem
579 1556 922 1612 Lotharium
966 1553 1145 1620 fallat,
1195 1552 1524 1622 proscripta
1579 1549 1815 1622 quidem
1866 1547 1960 1604 die
1988 1547 2049 1603 in

381 1663 636 1720 regnum
664 1646 803 1717 ejus
830 1642 1103 1715 pervenit
1128 1658 1142 1706 ;
1165 1640 1592 1711 prosperisque
1621 1653 1771 1692 usus
1794 1653 2044 1692 succes-

2178 667 2240 721 in
2259 669 2485 721 tantum
2504 669 3067 737 excrevitalveolus,
3083 671 3146 723 ut
3166 668 3508 726 difﬁcultate
3526 672 3849 742 importuo-

2177 755 2229 810 si
2252 756 2466 812 littoris
2483 759 2691 812 neuter
2709 757 2873 812 alteri
2900 774 3136 812 manum
3153 757 3425 813 conferre
3443 764 3716 831 potuerit;
3731 764 3847 819 hoc

2174 843 2253 897 ita
2277 860 2440 913 sane,
2467 846 2668 914 credo,
2693 846 2797 900 Dei
2816 847 3111 901 voluntate
3133 846 3443 915 disposito,
3481 864 3553 903 ne
3603 855 3845 924 strages

2173 932 2623 988 innumerabilis
2655 935 2930 989 ederetur
2956 935 3270 1005 utrimque.
3304 935 3468 990 Licet
3507 938 3660 992 enim
3691 941 3844 996 infe-

2172 1020 2295 1075 rior
2308 1021 2648 1091 Lotharius,
2674 1023 2961 1089 utferunt,
2987 1039 3124 1077 sese
3143 1026 3449 1078 certamini
3469 1026 3837 1099 miscuisset,

2170 1110 2325 1179 cepit
2381 1114 2572 1165 tamen
2622 1111 2909 1181 jumenta,
2975 1112 3315 1166 comminuit
3361 1114 3653 1185 vehicula,
3706 1133 3842 1187 quae

2168 1199 2361 1270 magis
2420 1199 2585 1253 oneri
2614 1216 2787 1271 quam
2818 1200 2953 1254 usui
3002 1201 3059 1254 in
3113 1202 3396 1270 periculis
3438 1202 3832 1259 habebantur.

2167 1287 2375 1341 Parata
2404 1303 2546 1342 vero
2569 1289 2856 1358 navicula,
2881 1304 2986 1357 per
3006 1288 3403 1345 internuntios
3446 1286 3575 1345 Otto
3609 1293 3838 1347 Lotha-

2163 1376 2253 1431 rio
2284 1377 2520 1431 mandat
2548 1379 2629 1445 ut,
2650 1378 2705 1431 si
2726 1378 2780 1431 ei
2811 1377 3124 1431 dimicandi
3147 1378 3435 1433 sedulitas
3465 1384 3830 1450 suppeteret,

2164 1468 2260 1518 aut
2276 1465 2370 1519 ille
2391 1465 2655 1535 profecto
2678 1466 2930 1534 sumptis
2945 1466 3277 1534 obsidibus,
3299 1483 3370 1521 ne
3390 1467 3539 1522 forte
3553 1469 3834 1524 videlicet

2162 1553 2358 1624 aliqua
2380 1568 2625 1608 suorum
2644 1557 2807 1624 parte
2837 1556 3153 1623 transacta,
3172 1555 3444 1624 pluribus
3461 1572 3605 1611 vero
3628 1563 3833 1613 trans-

2159 1641 2420 1713 igendis,
2471 1641 2604 1697 dolo
2661 1642 2775 1697 iter
2817 1642 3327 1697 intercludendum
3386 1646 3825 1716 suspicaretur,

381 1735 754 1807 sibusprimo
769 1732 1174 1799 Remensium,
1194 1729 1405 1783 deinde
1419 1725 2044 1796 Laudunensium,sed
2156 1735 2479 1802 pugnatum
2512 1729 2765 1786 transire
2794 1730 3135 1803 festinaret;
3190 1734 3290 1786 aut
3319 1737 3554 1788 econtra
3586 1734 3715 1805 ipse
3750 1735 3829 1791 ab

379 1826 437 1879 et
464 1821 1012 1889 Suessionensium,
1033 1818 1359 1873 novissime
1380 1831 1522 1870 vero
1552 1819 1753 1885 partes
1785 1814 2041 1870 Parisio-
2071 1812 2125 1875 B
2156 1832 2227 1872 eo
2240 1820 2493 1889 sumptis
2510 1835 2743 1890 quoque
2766 1819 3099 1889 obsidibus,
3120 1835 3395 1875 remenso
3415 1822 3592 1877 ﬂuvio
3615 1826 3830 1878 adt-er.

376 1926 509 1966 rum
525 1912 763 1966 diversa
780 1912 949 1981 peste
969 1907 1241 1962 vastavit.
1266 1904 1538 1959 Paternis
1558 1908 1750 1957 tamen
1773 1903 2040 1959 moribus

374 2001 725 2068 instructus,
761 1997 1069 2052 eecclesias
1087 1994 1447 2062 observavit,
1467 1992 1644 2046 immo
1664 1993 1836 2046 etiam
1858 2007 2040 2061 oppu-

373 2089 551 2144 lentis
563 2085 912 2143 muneribus
925 2085 1110 2139 ditare
1120 2084 1317 2153 potius
1329 2082 1643 2136 estimavit.
1660 2080 1881 2135 Deinde
1894 2096 2037 2135 vero

373 2177 445 2231 ad
475 2176 865 2247 pompandam
909 2173 1175 2228 victoriae
1206 2188 1334 2226 sum
1365 2171 1612 2242 gloriam
1643 2169 1902 2240 Hugoni,
1935 2168 2038 2239 qui

374 2266 651 2319 Parisius
711 2262 1044 2331 residebat,
1094 2277 1201 2330 per
1248 2260 1599 2332 legationem
1645 2258 2029 2327 denuncians,

368 2354 525 2425 quod
554 2354 613 2406 in
639 2355 855 2408 tantam
879 2351 1299 2405 sublimitatem
1325 2347 1577 2402 Alleluia
1599 2346 1821 2401 faceret
1850 2346 1905 2400 ei
1927 2346 2032 2400 de-

369 2442 611 2510 cantari,
627 2442 686 2495 in
706 2443 920 2511 quanta
934 2455 1051 2494 non
1064 2438 1333 2504 audierit,
1358 2436 1563 2490 accitis
1581 2434 2028 2507 quampluribus

366 2530 605 2585 clericis
626 2529 885 2584 Alleluia
910 2533 966 2583 te
989 2529 1299 2581 martirum
1314 2527 1372 2579 in
1387 2526 1516 2579 loco
1531 2524 1837 2595 quidictur
1856 2539 2028 2577 mons

359 2616 687 2686 Martirum,
711 2618 771 2670 in
790 2619 1013 2669 tantum
1035 2615 1205 2669 elatis
1229 2615 1480 2668 vocibus
1498 2613 1795 2666 decantari
1815 2626 2025 2680 prece-

360 2708 462 2775 pit,
487 2709 549 2760 ut
577 2705 840 2759 attonitis
863 2704 1107 2757 auribus
1165 2704 1293 2773 ipse
1321 2702 1495 2773 Hugo
1544 2704 1602 2755 et
1632 2700 1825 2754 omnis
1854 2700 2024 2754 Pari-

362 2795 588 2849 siorum
616 2793 787 2862 plebs
819 2793 1134 2846 miraretur
1161 2787 1261 2845 16⁷.

427 2880 517 2936 98.
542 2881 680 2951 (9Ἷ.)
712 2880 829 2935 Ubi
855 2880 1176 2934 Lotharius
1194 2878 1465 2934 Ottonem
1503 2877 1852 2949 insequitur,
1890 2876 2016 2944 sed,

356 2970 568 3026 Axona
588 2969 767 3023 fluvio
803 2970 1273 3037 intercurrente,
1319 2983 1513 3039 pugna
1559 2964 1860 3021 dill'ertnr.
1910 2964 2019 3031 Qui

2156 1923 2264 1962 sus
2292 1908 2455 1963 illum
2486 1911 2793 1975 remearet,
2830 1908 3267 1979 commissaque
3312 1909 3565 1965 invicem
3593 1927 3820 1983 pugna,

2155 1996 2247 2050 cui
2279 1995 2439 2050 Deus
2457 1998 2757 2066 annuerat,
2782 1996 3080 2051 laureatus
3107 1998 3279 2068 regni
3323 1999 3569 2069 imperio
3591 2002 3824 2068 potire-

2154 2088 2271 2138 tur.
2300 2085 2423 2138 Hoc
2437 2085 2655 2155 audito,
2681 2099 2885 2139 comes
2905 2085 3142 2156 quidam
3163 2084 3507 2142 Goisfridus
3537 2088 3686 2156 (203)
3704 2104 3821 2144 no-

2153 2172 2307 2227 mine
2326 2189 2717 2243 prorumpens
2735 2173 2952 2226 invoce
2973 2173 3085 2228 ait:
3114 2173 3301 2239 «Quid
3342 2177 3426 2229 tot
3460 2176 3532 2231 ab
3568 2179 3822 2247 utraque

2150 2263 2316 2331 parte
2332 2263 2672 2317 caedentur‘?
2695 2261 2945 2316 Veniant
2971 2262 3143 2317 ambo
3173 2278 3355 2334 reges
3387 2263 3446 2318 in
3477 2280 3656 2319 unum
3680 2268 3820 2320 tan-

2148 2351 2468 2418 tummodo,
2494 2351 2785 2421 nobisque
2824 2350 3031 2419 procul
3067 2352 3494 2422 spectantibus,
3521 2369 3819 2409 summam

2146 2438 2393 2508 periculi
2407 2440 2519 2493 soli
2537 2439 2865 2494 subeuntes
2878 2455 2994 2494 una
3006 2439 3404 2510 conferantur,
3423 2457 3659 2512 unoque
3672 2442 3821 2499 fuso

2146 2527 2330 2581 ceteri
2346 2528 2638 2582 reservati
2658 2528 2867 2582 victori
2882 2528 3295 2598 subjiciantur.
3322 2552 3343 2576 ιο
3364 2529 3455 2583 Ad
3475 2529 3603 2585 hac
3623 2530 3818 2586 Gode-

2143 2614 2335 2670 fridus
2356 2617 2555 2670 itidem
2599 2632 2799 2670 comes
2845 2632 2980 2672 cum
3014 2617 3453 2689 indignatione:
3490 2619 3810 2689 «Semper,

2140 2703 2347 2775 inquit,
2372 2708 2634 2776 vestrum
2648 2720 2853 2776 regem
2870 2705 3044 2759 vobis
3057 2705 3233 2760 vilem
3246 2706 3453 2762 haberi
3469 2707 3811 2764 audivimus

2138 2809 2253 2847 non
2277 2793 2586 2848 credentes
2612 2809 2626 2863 ;
2651 2808 2805 2847 nunc
2822 2796 3037 2863 autem,
3062 2794 3512 2864 vobismetipsis
3570 2796 3810 2851 fatenti-

2134 2880 2269 2949 bus,
2298 2881 2541 2936 credere
2564 2881 2655 2935 fas
2675 2884 2786 2936 est.
2807 2882 3142 2952 Numquam
3163 2884 3337 2937 nobis
3352 2882 3809 2953 quiescentibus

2134 2974 2339 3024 noster
2354 2970 2669 3039 imperator
2686 2971 2996 3041 pugnabit,
3016 2987 3335 3042 numquam
3354 2972 3530 3027 nobis
3552 2972 3806 3043 sospiti-

357 3074 490 3113 cum
510 3055 591 3100 168
612 3058 761 3112 satis
783 3057 1071 3111 exhausta
1088 3056 1307 3111 ultione
1322 3070 1645 3126 congruam
1658 3054 2020 3108 vicissitudi-
2051 3074 2101 3136 ο
2129 3056 2244 3125 bus
2266 3058 2324 3111 in
2344 3058 2540 3128 prelio
2588 3059 3036 3127 periclitabitur.
3071 3060 3199 3115 Hoc
3246 3062 3443 3115 tamen
3486 3076 3623 3116 eum
3671 3061 3805 3118 fore

354 3161 489 3201 nem
512 3162 580 3200 se
601 3145 952 3215 rependisse
973 3147 1221 3215 putaret,
1247 3145 1320 3199 ad
1351 3144 1598 3198 hiberna
1646 3146 1920 3213 oportere
1953 3158 2021 3197 se

353 3236 681 3289 concedere
697 3237 882 3301 ratus,
907 3234 1043 3288 inde
1067 3233 1241 3288 simul
1264 3235 1544 3287 revocato
1563 3231 1842 3302 equitatu,
1864 3232 2020 3284 circa

349 3322 729 3378 festivitatem
746 3322 937 3377 sancti
950 3322 1201 3375 Andreae
1221 3321 1336 3390 (N0
1346 3338 1394 3375 ν.
1411 3318 1655 3391 29),jam
1671 3319 1863 3373 hieme
1886 3319 2022 3373 sub-

344 3414 537 3482 eunte,
562 3412 815 3466 reditum
836 3411 1132 3481 disposuit
1156 3428 1167 3464 :
1191 3424 1590 3480 remensoque
1616 3409 1842 3477 itinere,
1861 3408 2017 3462 bono

344 3514 638 3555 successu
672 3504 977 3572 gestarum
1010 3515 1209 3553 rerum
1228 3498 1520 3570 gaudens,
1545 3511 1728 3565 super
1751 3497 2017 3550 Axonam

340 3588 585 3643 ﬂuvium
608 3590 806 3643 castra
827 3587 1033 3642 metari
1056 3588 1336 3657 precepit.
1371 3585 1487 3640 Sed
1510 3589 1704 3639 tamen
1735 3586 1871 3654 quia
1901 3584 2015 3639 iste

342 3675 580 3744 ﬂuvius,
639 3677 693 3730 si
746 3676 982 3748 quando
1038 3674 1261 3729 imbres
1318 3674 1619 3744 incubant,
1678 3674 1736 3726 in
1792 3674 2013 3726 tantum

341 3778 696 3820 exarescere
732 3766 902 3834 solet,
951 3767 1014 3819 ut
1058 3764 1285 3835 absque
1325 3765 1561 3834 navigio
1609 3761 1860 3816 eﬂ‘retari
1893 3778 2010 3817 non

342 3854 538 3923 possit
568 3867 579 3908 :
617 3856 980 3926 suggerente
1010 3857 1185 3924 atque
1218 3852 1561 3907 exhortante
1580 3852 1791 3905 comite
1820 3851 2008 3906 Gode-

334 3941 490 3995 frido
510 3941 678 4010 (203),
695 3957 767 3996 ne
785 3942 922 4011 quid
942 3941 1219 3995 videlicet
1234 3938 1802 4011 inpedimentitantae
1821 3939 2006 4008 copiae

332 4029 583 4083 militum
601 4030 658 4083 in
679 4029 903 4084 difficili
922 4030 1173 4083 transitu
1188 4029 1578 4099 contingeret,
1604 4026 2002 4099 proterlegere

330 4116 654 4187 festinavit,
686 4118 896 4188 paucis
920 4121 1114 4172 tamen
1137 4116 1491 4171 famulorum
1532 4115 1996 4185 remanentibus,

332 4207 435 4278 qui
466 4207 969 4278 retrogradientes
990 4238 1058 4246 —
1072 4223 1204 4260 nam
1223 4205 1492 4259 sarcinas
1507 4205 1738 4259 bellicae
1758 4204 1992 4285 suppel-

2126 3146 2425 3201 victurum
2455 3146 2803 3216 difﬁdimus,
2839 3148 2893 3202 si
2929 3149 3131 3204 vestro
3162 3164 3296 3203 cum
3324 3164 3468 3221 rege
3499 3149 3804 3206 conferre-

2126 3238 2222 3289 tur
2242 3235 2531 3306 singulari
2555 3235 2873 3290 certamine
2900 3232 3001 3291 169.
3038 3259 3061 3285 ιι

2193 3321 2281 3378 99.
2308 3323 2444 3393 (98.)
2461 3324 2671 3378 Multis
2682 3324 2817 3379 sedi
2822 3325 3008 3379 tiomb
3016 3340 3082 3382 us
3103 3325 3286 3381 Tetdo
3299 3327 3607 3398 episcoiius
3617 3334 3800 3400 atque

2118 3411 2415 3466 molestiis
2435 3428 2467 3466 a
2490 3413 2617 3467 suis
2644 3412 2919 3467 vassallis
2940 3414 3290 3469 concutitur.
3316 3414 3443 3470 Hoc
3465 3415 3796 3487 igitur-mo-

2121 3501 2195 3555 do
2215 3500 2462 3572 regibus
2475 3503 2630 3555 inter
2642 3516 2708 3556 se
2722 3501 3356 3573 discordantibus,jam
3371 3503 3532 3559 dictu
3544 3504 3794 3560 difﬁcile

2119 3591 2232 3658 est,
2262 3593 2404 3660 quot
2430 3589 2712 3660 procellis
2745 3590 3068 3645 factionum
3098 3591 3498 3647 intonantibus
3530 3593 3602 3647 ab
3632 3594 3792 3664 ipsis

2117 3678 2248 3732 suis
2276 3678 2535 3732 vassalis
2558 3678 2815 3733 afﬁcitur
2842 3679 3067 3734 Tethdo
3099 3680 3438 3750 episcopus.
3498 3680 3791 3745 Quoniam

2117 3781 2370 3836 namque
2426 3765 2861 3838 imperatorem,
2897 3768 3183 3822 malorum
3213 3768 3443 3823 scilicet
3479 3772 3786 3839 tortorem,

2116 3855 2174 3909 in
2196 3854 2444 3924 predicti
2474 3853 2616 3908 belli
2645 3855 2902 3927 negotiis
2924 3857 3273 3925 occupatum
3302 3862 3607 3927 noverant,
3648 3859 3788 3914 ideo

2114 3942 2458 4012 inpunitatis
2476 3943 2855 3998 securitatem
2870 3944 3240 4016 colligentes,
3260 3946 3562 4017 episcopo,
3581 3949 3785 4018 utpote

2111 4030 2366 4101 simplici
2394 4031 2522 4085 viro
2544 4033 2601 4086 et
2642 4031 2864 4103 linguae
2912 4032 3179 4104 regionis
3227 4034 3459 4106 ignaro,
3502 4036 3779 4091 subdolis

2110 4119 2606 4192 suggestionibus
2619 4119 2871 4190 injurias
2886 4135 3048 4191 saepe
3066 4121 3426 4194 irrogabant.
3443 4124 3806 4195 Aliquando-

2108 4208 2323 4262 etenim
2352 4208 2680 4277 Walterus,
2702 4209 2881 4263 totius
2895 4210 3160 4265 veritatis
3179 4209 3411 4266 effectus
3436 4211 3603 4283 (205),
3619 4229 3775 4283 prm-

327 4295 542 4350 lectilis
574 4296 1000 4350 convectabant
1016 4326 1084 4334 —
1104 4310 1212 4365 pre
1230 4294 1570 4365 fatigatione
1592 4293 1815 4361 oneris,
1841 4296 1993 4348 tene-
2018 4334 2073 4396 Β
2104 4299 2262 4351 tenta
2280 4312 2386 4366 per
2406 4296 2604 4352 dolum
2623 4296 2736 4351 fide
2759 4296 3093 4353 devotionis
3116 4302 3407 4355 terrorem
3428 4301 3776 4357 verisimilis

324 4383 455 4439 bris
479 4383 912 4455 siquidemjam
933 4386 1125 4439 noctis
1148 4383 1646 4451 incumbentibus,
1678 4383 1991 4436 transitum

327 4472 387 4526 in
421 4473 681 4526 crastino
700 4471 940 4526 differre
962 4473 1225 4526 arbitrati
1248 4474 1402 4526 sunt.
1436 4471 1713 4541 Sequenti
1734 4486 1874 4525 vero
1896 4471 1989 4525 die

327 4561 594 4617 collectis
628 4576 777 4631 quos
809 4562 1013 4629 potuit,
1048 4560 1383 4629 Lotharius,
1416 4560 1553 4613 licet
1599 4558 1847 4613 inferior
1877 4575 1989 4613 nu-

324 4666 511 4720 mero,
544 4666 615 4704 ex
628 4649 875 4720 pudoris
893 4651 1085 4702 tamen
1104 4649 1465 4702 conscientia
1486 4648 1989 4717 presumptionem

323 4738 634 4810 colligens,
670 4738 896 4793 occulte
928 4752 1119 4808 usque
1150 4737 1223 4789 ad
1251 4736 1578 4805 predictum
1608 4736 1849 4790 ﬂuvium
1883 4736 1986 4791 ho-

2104 4400 2303 4440 causa
2319 4385 2612 4440 incutiens
2634 4385 2914 4440 illudebat
2939 4402 2953 4456 ;
2972 4386 3374 4444 fraudulenter
3390 4406 3536 4444 sane
3552 4390 3778 4445 denun-

2099 4473 2274 4544 tians,
2325 4473 2669 4528 Lotharium
2699 4488 2903 4545 regem
2958 4475 3031 4529 ad
3085 4476 3294 4532 urbem
3343 4478 3772 4534 incendendam

2099 4561 2346 4616 collecta
2375 4576 2552 4616 manu
2580 4562 2784 4617 venire
2813 4567 3099 4635 paratum,
3133 4569 3188 4620 et
3228 4582 3460 4621 omnem
3491 4568 3768 4621 viciniam

2097 4650 2329 4705 excidio
2361 4651 2728 4706 collaturum.
2760 4651 2885 4716 Qua
2915 4653 2985 4709 de
3040 4670 3104 4707 re
3151 4655 3353 4724 presul
3395 4657 3766 4728 perterritus,

2097 4738 2431 4794 Walterum
2452 4739 2634 4794 multa
2664 4741 2936 4795 mercede
2968 4741 3242 4812 donabat,
3274 4744 3408 4813 plus
3439 4745 3766 4816 pollicitus,

322 4829 447 4881 stes
475 4828 879 4899 prosequitur.
912 4825 1101 4897 Cujus
1132 4824 1456 4894 improviso
1486 4825 1707 4895 impetu
1740 4825 1856 4894 ipsi
1898 4825 1983 4879 rei
2093 4827 2147 4882 si
2164 4826 2382 4898 quovis
2396 4828 2571 4884 modo
2592 4830 3281 4899 tantaepestismolimina
3295 4837 3567 4903 epacaret
3587 4834 3762 4903 (206).

319 4913 551 4969 bellicae
582 4920 915 4986 portatores
944 4913 1258 4986 perterriti,
1294 4912 1431 4966 dum
1464 4912 1578 4967 sibi
1610 4916 1809 4967 natatu
1839 4929 1983 4967 con-

318 5000 519 5056 sulere
576 5005 937 5075 estimarent,
984 5003 1180 5059 subito
1242 5001 1730 5057 excrescentibus
1782 5002 1979 5069 undis,

2090 4916 2199 4982 Qui
2229 4916 2464 4989 ﬁngens
2522 4910 2590 4972 se
2620 4918 2848 4990 mittere
2887 4917 3246 4990 legationem
3300 4922 3371 4976 ad
3423 4921 3646 4977 amicos
3701 4925 3764 4977 et

2091 5006 2458 5077 prepinquos
2518 5006 2578 5059 in
2625 4980 2799 5062 domo
2857 5009 3024 5080 regia
3078 5013 3412 5083 versantes,
3465 5011 3637 5082 quasi
3694 5015 3764 5066 ut

1611 5114 1904 5205 VARle
1956 5143 2426 5208 LECTIONES

347 5294 461 5386 .166
490 5296 802 5386 insinuans
833 5304 885 5359 8.
916 5294 995 5348 167
1021 5298 1418 5386 admiraretur
1443 5300 1497 5360 8.
1529 5292 1610 5346 168
1637 5298 2126 5386 imperator‘dum‘
2149 5302 2201 5359 8.
2352 5302 2451 5360 hic
2489 5298 2543 5360 8.
2579 5302 2786 5386 addit;
2820 5298 2977 5365 Inter
3006 5302 3135 5386 haec
3164 5306 3402 5383 quidam
3442 5310 3502 5369 in
3546 5310 3749 5371 reclu-

308 5374 478 5431 sione
510 5375 692 5430 multo
721 5378 984 5445 tempore
1015 5376 1330 5431 famulatus
1363 5377 1484 5430 Deo
1514 5374 1786 5445 predixit,
1820 5375 1979 5446 quod
2010 5376 2209 5431 nullus
2240 5377 2497 5444 illorum,
2531 5379 2631 5449 qui
2661 5379 2698 5432 h
2751 5379 2842 5434 'us
2873 5382 3141 5437 scandali
3179 5374 3456 5442 auctores
3488 5386 3729 5442 fuerunt

308 5447 459 5503 ultra
491 5447 865 5503 septennium
892 5447 1140 5501 viveret.
1174 5446 1343 5503 Quod
1373 5450 1431 5502 et
1458 5461 1559 5501 res
1583 5445 1877 5503 probavit.
1915 5445 2006 5501 Cf.
2038 5445 2329 5503 Alnertus
2358 5448 2540 5503 (Men.
2576 5394 2827 5503 SS.vV.
2859 5448 3006 5503 697).
3732 5430 3749 5458 ’

306 5447 459 5503 ultra
491 5447 865 5518 septennium
892 5447 1140 5501 viveret.
1174 5446 1343 5512 Quod
1373 5450 1431 5502 et
1458 5461 1559 5501 res
1583 5445 1877 5517 probavit.
1915 5445 2006 5501 Cf.
2038 5445 2329 5518 Alpertus
2358 5445 2689 5518 (Mem—SS.

2768 5451 2827 5505 ν.
2859 5448 3006 5523 697).

1922 5538 2200 5606 NOTAE.

392 5651 521 5722 203)
562 5650 792 5722 Vetulo,
825 5650 1038 5706 comite
1058 5650 1436 5706 Ardennensi
1461 5655 1518 5708 et
1531 5649 1962 5707 Hannoniensi.

369 5654 522 5796 €204)
560 5722 989 5796 Grisagonella.
1131 5793 1167 5796 μ
1316 5792 1326 5796 Α
1506 5794 1533 5796 η
1712 5793 1743 5796 Α
1858 5793 1870 5796 Α

395 5724 522 5797 204)
560 5722 989 5797 Grisaeonalla-

378 5792 526 5871 (205)
557 5794 667 5867 Qui
686 5792 1049 5873 ja'mfcetum
1077 5793 1277 5868 edidit,
1300 5792 1429 5868 jam
1459 5794 1540 5852 nil
1570 5793 1825 5869 amplius
1856 5793 1961 5852 ha-

2074 5650 2192 5708 bet.
2216 5649 2396 5708 Conv.

2144 5722 2293 5795 (206)
2334 5724 2376 5781 Ι.
2411 5738 2464 5782 e.
2501 5723 2739 5782 omnino
2761 5731 3018 5799 pacaret.
3050 5728 3230 5791 Conv.
