4098 6196
177 411 287 475 101

1571 386 1831 452 LIBER
1879 383 2227 449 PRIMUS.

3512 401 3630 466 102

184 623 385 681 regem
417 606 778 677 mitigarent,
811 597 1176 668 interpositis
1231 593 1454 664 aliquot
1511 590 1723 681 diebus
1781 587 1849 640 ad
1879 566 1940 627 Α
1967 599 2298 681 properans
2316 585 2547 681 dicebat
2610 586 2975 681 «‘Quid_tu,_o
3005 593 3369 650 misserrime
3401 597 3620 670 Teddo,

182 679 526 768 episcopum
551 693 765 747 iterum
797 689 1090 753 veniebat,
1125 685 1374 752 suisque
1404 679 1684 750 precibus
1705 692 1851 768 suo-

177 766 285 857 quo
306 785 553 855 ingenio
614 783 877 851 paratam
923 774 1381 844 expeditionem,
1430 785 1573 839 rege
1616 766 1854 857 quidem

178 853 602 937 mansuefacto,
654 869 962 939 quievisse
1008 863 1279 919 referens
1331 858 1660 930 jactitabat.
1723 853 1846 906 Hac

181 962 377 1016 fraude
393 959 666 1030 episcopi
690 957 938 1028 gratiam
957 957 1219 1023 captans,
1243 948 1556 1002 maximam
1610 943 1850 1012 opulen-

175 1053 305 1104 tiam
320 1050 617 1104 donorum
633 1045 985 1114 excipiebat,
1007 1042 1184 1095 immo
1201 1054 1342 1093 vero
1362 1051 1496 1090 cum
1515 1033 1648 1087 aliis
1679 1033 1851 1085 bene-

174 1140 324 1195 ﬁciis
343 1139 551 1192 villam
567 1138 663 1190 cui
685 1151 903 1190 nomen
915 1131 1203 1186 Lambras
1227 1127 1578 1181 extorserat.
1612 1121 1675 1174 Id
1697 1136 1848 1190 quo-

173 1244 279 1300 que
302 1225 705 1281 Heriwardus
723 1222 1057 1293 aliquando.
1081 1219 1190 1272 Hic
1223 1219 1354 1270 ante
1372 1229 1477 1285 pre
1507 1209 1847 1300 inﬁdelitate

172 1296 369 1370 relicto
393 1316 707 1385 episcopo,
729 1311 1068 1382 raptoribus
1091 1321 1343 1378 quorum
1361 1296 1847 1366 mentionemjam

171 1406 440 1473 fecimus,
468 1404 732 1458 Rainero
753 1399 1030 1454 videlicet
1050 1400 1225 1466 atque
1243 1391 1582 1457 Lantberto,
1603 1402 1668 1441 se
1683 1385 1844 1439 addi-

167 1495 710 1561 dit;verumtamen
733 1490 846 1544 sub
880 1489 972 1542 his
1005 1499 1211 1556 parum
1252 1479 1594 1552 proficiens,
1638 1476 1843 1544 postea

166 1582 231 1636 ad
259 1582 619 1652 episcopum
651 1580 763 1632 sub
799 1576 998 1648 specie
1039 1571 1335 1628 fidelitatis
1387 1566 1687 1623 remeavit.
1732 1561 1839 1652 Qui

170 1651 331 1724 etiam
353 1669 628 1724 versutis
647 1667 1004 1721 factionibus
1034 1667 1206 1732 atque
1239 1656 1672 1713 adulationibus
1722 1651 1834 1706 sub

169 1760 415 1830 quadam
441 1759 649 1828 specie
680 1754 1093 1810 familiaritatis
1126 1750 1373 1822 gratiam
1413 1743 1680 1817 episcopi
1721 1740 1837 1794 sibi

1966 675 2103 746 quid
2127 677 2186 728 tu
2208 674 2393 744 patria
2411 674 2611 728 relicta
2633 676 2785 728 inter
2803 677 3092 733 barbaros
3112 682 3402 738 devenisti
3419 687 3447 739 ‘?
3470 687 3622 743 Ecce

1963 765 2080 818 tuis
2099 765 2291 834 plana,
2317 764 2423 816 sed
2461 768 2515 817 et
2533 764 2711 834 digna
2730 769 3179 836 reconpensatio
3198 773 3443 843 meritis,
3466 778 3623 845 quod

1960 857 2122 906 tuum
2147 855 2370 922 patrem
2393 855 2663 906 sanctum
2683 853 3032 910 Severinum
3053 858 3362 929 reliquisti.
3403 884 3423 910 »
3467 864 3623 918 Inter

1961 942 2089 995 haec
2103 957 2246 1012 ergo
2268 942 2605 1011 episcopus,
2631 957 2662 994 a
2681 944 2840 998 tanto
2854 945 3163 1017 naufragio
3184 953 3418 1004 enatare
3442 966 3620 1005 cona-

1959 1033 2074 1097 tus,
2110 1028 2410 1084 Coloniam
2428 1031 2773 1101 revertitur;
2807 1035 2862 1085 et
2891 1050 2964 1087 ne
2997 1035 3216 1090 diutius
3267 1039 3444 1092 tantis
3491 1055 3621 1094 ver-

1956 1119 2201 1172 beribus
2235 1123 2594 1189 quateretur,
2631 1122 2827 1189 credo,
2872 1122 2991 1176 Deo
3043 1126 3362 1180 miserante
3412 1129 3618 1183 morbo

1957 1211 2266 1277 correptus
2288 1208 2564 1279 migravit
2596 1225 2626 1261 a
2663 1211 2904 1279 saeculo,
2950 1215 3006 1265 et
3039 1213 3096 1265 in
3134 1214 3380 1269 basilica
3428 1219 3616 1271 sancti

1957 1296 2223 1350 Severini
2262 1298 2529 1367 sepultus
2566 1301 2674 1351 est.
2697 1298 2819 1354 Nec
2844 1298 2926 1340 170
2943 1304 3417 1373 pretereundum,
3461 1307 3618 1376 quod

1954 1385 2006 1437 ei
2029 1401 2059 1437 a
2084 1400 2345 1454 superna
2369 1387 2581 1454 pietate
2606 1403 2963 1442 concessum
2986 1406 3018 1442 a
3054 1391 3230 1445 certis
3260 1393 3615 1450 relatoribus

1953 1474 2312 1542 accepimus.
2337 1474 2596 1538 Quadam
2617 1492 2868 1546 namque
2887 1477 3000 1547 die,
3019 1479 3155 1532 dum
3173 1480 3232 1532 in
3254 1484 3614 1538 monasterio

1951 1565 2174 1615 sanctae
2199 1562 2401 1617 Maria:
2417 1579 2598 1632 super
2619 1565 2798 1620 altare
2823 1567 3012 1619 sancti
3029 1566 3352 1622 Salvatoris
3376 1585 3613 1624 sacrum

1949 1651 2295 1720 mysterium
2329 1651 2680 1723 celebraret,
2711 1659 2766 1708 et
2792 1655 2891 1708 ubi
2914 1658 3171 1726 ventum,
3198 1658 3352 1727 quod
3393 1673 3611 1728 corpus

1949 1739 2321 1794 Dominicum
2345 1740 2416 1794 de
2437 1756 2603 1795 more
2626 1743 2978 1796 sacerdotali
2996 1743 3069 1797 ad
3105 1760 3172 1798 os
3206 1744 3415 1800 offerre
3452 1747 3606 1801 debe

166 1813 597 1916 emercabatur,
631 1847 803 1916 eique
836 1843 1148 1913 aliquando
1171 1837 1507 1910 suspiciosa
1531 1841 1586 1890 et
1615 1831 1834 1886 verisi-
1865 1813 1916 1874 Β
1949 1832 2036 1881 ret
2061 1845 2071 1882 :
2096 1845 2230 1882 mox
2252 1829 2537 1883 mirumin
2574 1831 2810 1885 modum
2842 1833 2971 1902 ipsa
3010 1835 3375 1887 sacrosancti
3403 1851 3610 1904 corpo-

165 1938 280 1990 mili
300 1935 805 1991 commentatione
828 1933 1000 1986 dolos
1030 1931 1496 1996 machinabatur,
1548 1942 1834 1982 asserens

162 2027 435 2080 videlicet
460 2025 806 2095 Raynerum
826 2025 998 2092 atque
1013 2019 1400 2074 Lantbertum
1421 2018 1492 2070 ad
1523 2017 1679 2070 bona
1710 2016 1835 2084 epi—

162 2114 712 2183 scopidevastanda
747 2111 965 2181 parari.
999 2111 1164 2163 Hanc
1193 2109 1390 2178 itaque
1422 2106 1572 2160 false
1603 2120 1835 2174 compo-

161 2205 325 2256 sitam
357 2203 828 2274 suggestionem
858 2198 1061 2268 presul
1092 2212 1236 2250 vere
1295 2195 1618 2264 accipiens,
1677 2192 1835 2246 haud

160 2289 876 2346 mediocrisollicitatione
923 2285 1462 2356 constringebatur,
1514 2283 1733 2352 illique,
1784 2281 1835 2334 si

161 2397 268 2450 quo
289 2395 520 2451 genere
543 2378 770 2450 ingenii
797 2391 900 2431 eos
913 2376 1182 2446 mitigare
1205 2373 1428 2427 valeret
1475 2387 1545 2425 ne
1577 2372 1831 2439 veniant,

161 2469 680 2523 commutationem
703 2466 900 2520 multae
933 2463 1228 2518 mercedis
1273 2461 1681 2532 pollicebatur.
1725 2459 1832 2524 Qui

161 2559 428 2626 protinus
449 2556 526 2610 ad
547 2555 824 2609 falsitatis
842 2554 1014 2607 illatae
1039 2552 1443 2620 suspicionem
1476 2548 1830 2603 confirman-

161 2645 279 2698 dam
327 2646 475 2699 illos
498 2644 739 2714 quidem
789 2641 1146 2712 mitigandos
1195 2640 1357 2694 adire
1405 2654 1472 2694 se
1517 2639 1828 2705 simulans,

156 2733 438 2787 aliorsum
457 2732 734 2799 declinat,
752 2736 807 2785 et
824 2731 998 2800 paulo
1017 2733 1438 2800 postrcmeans
1457 2727 1627 2798 quasi
1648 2726 1831 2795 impe-

156 2825 290 2874 trata
309 2837 466 2890 pace
490 2863 505 2888 ,
533 2820 831 2890 promissa
851 2819 965 2872 sibi
989 2817 1272 2887 reposcit.
1324 2817 1476 2871 Huic
1526 2817 1723 2886 itaque
1775 2805 1856 2870 et'

158 2909 281 2963 aliis
296 2909 644 2978 perniciose
680 2908 1060 2962 illudentibus
1074 2911 1226 2960 tanta
1240 2907 1541 2975 impendit,
1556 2907 1620 2958 ut
1639 2904 1832 2958 adhuc

156 2998 325 3052 sedes
342 2997 734 3067 episcopalis,
759 2997 866 3051 sed
890 3000 945 3051 et
965 2996 1158 3050 omnis
1177 2995 1510 3065 parrochia,
1536 3009 1602 3048 se
1634 2994 1828 3047 divul—

153 3101 270 3139 sam
288 3088 704 3158 ingemiscere
735 3085 1024 3138 videatur.
1073 3084 1194 3138 Sub
1245 3084 1355 3138 hac
1406 3085 1581 3138 etiam
1625 3084 1826 3151 specie
1855 3116 1908 3181 ο

155 3175 272 3242 ipse
291 3174 699 3229 Heriwardus
721 3174 1058 3228 advocatias
1082 3174 1512 3244 aliquantarum
1552 3171 1827 3226 villarum

156 3263 450 3333 quasipro
474 3262 828 3317 defensione
875 3263 1257 3332 presumpsit,
1311 3262 1418 3315 sed
1469 3261 1603 3330 plus
1651 3277 1826 3330 quam

151 3353 424 3406 inimicus
450 3351 656 3420 praedo
679 3351 944 3405 assiduis
967 3349 1378 3405 exactionibus
1401 3350 1752 3403 devastavit.

211 3438 613 3508 100.(99.)De
637 3440 801 3494 obitu
842 3438 1124 3494 Totdom's
1151 3439 1430 3510 episcOpi,
1486 3444 1545 3492 et
1583 3439 1720 3509 quid
1767 3437 1828 3490 in

153 3528 386 3582 celebra
397 3530 568 3582 tione
587 3528 788 3582 missae
801 3528 1006 3582 divina
1014 3529 1213 3598 pietas
1230 3528 1306 3582 ad
1324 3532 1522 3581 nutum
1546 3527 1676 3598 ejus
1698 3542 1828 3597 ape-

154 3623 330 3670 ratur.
358 3616 492 3671 Sub
511 3615 694 3686 huius
713 3619 908 3670 autem
925 3619 1207 3686 tempore,
1231 3615 1478 3670 Arnulfo
1494 3631 1637 3669 sene
1659 3615 1828 3669 Flan-

153 3704 463 3758 dransium
495 3705 710 3758 comite
740 3709 988 3773 mortuo,
1023 3721 1161 3759 mox
1207 3705 1446 3758 irruens
1505 3704 1827 3759 Lotharius

151 3807 244 3844 rex
256 3792 434 3862 (207),
455 3794 932 3861 possessionnes
950 3793 1128 3863 illius,
1150 3794 1376 3847 abatias
1395 3793 1670 3848 videlicet
1693 3809 1828 3846 san-

155 3881 221 3932 cti
243 3881 531 3946 Amandi,
559 3881 866 3952 sanctique
886 3882 1126 3935 Vedasti
1146 3898 1279 3936 cum
1301 3882 1567 3949 castello,
1605 3883 1825 3936 Duvai-

153 3983 274 4022 cum
296 3985 570 4041 quoque,
607 3970 714 4023 sed
747 3974 802 4023 et
851 3971 1044 4024 omnia
1095 3986 1286 4042 usque
1328 3973 1398 4026 ad
1441 3973 1685 4026 fluvium
1723 3973 1826 4026 Lis

153 4072 271 4110 cum
303 4060 475 4112 omni
507 4059 894 4127 occupatione
927 4060 1161 4114 invasit.
1213 4060 1378 4124 Quod
1430 4065 1586 4116 certe
1636 4063 1822 4116 maxi-

151 4161 296 4200 mum
320 4152 557 4201 metum
583 4148 837 4201 incussit
859 4149 1160 4218 episcopo,
1187 4149 1528 4219 conjicienti
1550 4150 1825 4205 videlicet

148 4234 299 4288 illum
324 4251 542 4307 regem
562 4252 696 4289 mox
719 4236 976 4290 fortasse
994 4253 1163 4291 suam
1182 4238 1360 4292 etiam
1389 4239 1617 4309 urbem,
1663 4241 1821 4310 quod

1948 1917 2034 1970 ris
2065 1918 2354 1971 confectio
2381 1919 2453 1971 ad
2485 1922 2690 1972 nutum
2725 1919 2989 1990 episcopi
3018 1921 3245 1974 caelitus
3277 1922 3606 1994 sublevate,

1947 2007 2218 2059 manibus
2241 2006 2395 2076 ejus,
2422 2008 2712 2061 ministris
2736 2008 3109 2077 mirantibus,
3131 2009 3377 2064 insiluit.

2019 2111 2137 2166 iOt.
2160 2112 2330 2182 (100.)
2351 2105 2740 2167 Karolusdux
2757 2129 2929 2168 causa
2964 2116 3197 2170 titionis
3230 2116 3610 2172 Cameracum

1943 2202 2258 2274 ingressus
2288 2202 2465 2256 multa
2506 2202 2657 2255 mala
2691 2202 2900 2256 edidit.
2932 2202 3056 2267 Quo
3090 2204 3388 2273 defuncto,
3428 2206 3611 2262 multo

1942 2291 2267 2360 asperioris
2300 2291 2652 2359 pestilentiae
2685 2306 2863 2344 causa
2908 2293 3192 2361 exoritur,
3245 2294 3427 2348 multo
3468 2299 3612 2348 tem-

1941 2379 2422 2448 pestuosioribus
2453 2379 2730 2448 procellis
2769 2380 3041 2433 ecclaesia
3090 2380 3608 2436 Cameracensium

1941 2467 2343 2538 naufragatur.
2360 2466 2662 2536 Siquidem
2683 2469 3000 2536 imperator
3017 2485 3048 2521 a
3068 2469 3288 2523 finibus
3311 2471 3406 2524 sui
3437 2472 3610 2542 regni

1939 2556 2144 2626 procul
2181 2557 2476 2620 remotus,
2511 2571 2692 2624 super
2733 2555 3056 2610 Sclavones
3096 2573 3247 2626 quos
3290 2558 3609 2613 adversum

1937 2645 2085 2698 ierat
2106 2644 2533 2715 expugnandos
2553 2644 2919 2714 morabatur;
2955 2645 3261 2716 relictique
3300 2647 3606 2716 principes

1939 2733 2415 2802 Lothariensum,
2478 2733 2755 2802 quidnam
2805 2733 2876 2786 de
2912 2734 3286 2788 restitutione
3337 2735 3606 2806 episcopi

1939 2821 2218 2890 facerent,
2243 2821 2640 2893 ambigebant.
2672 2821 2803 2874 Jam
2837 2837 2979 2875 vero
3021 2822 3366 2876 Lotharium
3401 2839 3607 2895 regem

1939 2925 2036 2964 res
2082 2909 2496 2963 Atrebatensis
2545 2909 2828 2979 episcOpii
2879 2924 3209 2979 occupasse
3261 2912 3598 2982 audierant,

1939 3001 2187 3068 ideoque
2212 2999 2372 3050 illum
2396 2998 2654 3052 fortasse
2673 2999 2868 3051 subita
2890 2999 3229 3053 incursione
3249 3000 3457 3053 urbem
3477 2999 3559 3054 Ca
3573 3031 3602 3041 -

1939 3087 2369 3142 meracensium
2384 3101 2775 3155 pervasurum
2789 3101 2927 3140 esse
2949 3086 3366 3141 formidabant.
3407 3088 3600 3152 Quare

1937 3178 2201 3244 comites,
2237 3174 2591 3229 Godefridus
2613 3174 2902 3242 videlicet,
2929 3190 3044 3244 quo
3066 3175 3348 3246 dignitate
3371 3191 3601 3230 morum

1933 3267 2080 3320 alter
2107 3263 2411 3331 illustrior,
2448 3262 2595 3316 alter
2624 3279 2743 3316 non
2774 3265 2898 3315 erat
2932 3263 3184 3316 consilio
3215 3265 3592 3334 prestantior,

1933 3354 2218 3408 Arnulfus
2265 3367 2526 3422 quoque,
2581 3351 2893 3404 admodum
2938 3351 3264 3420 sollicitati,
3315 3352 3596 3407 Karolum

1934 3443 2142 3497 ducem
2163 3441 2326 3513 regis
2353 3440 2650 3493 Lhotharii
2668 3439 2928 3506 fratrem,
2945 3453 3119 3508 quem
3135 3438 3264 3493 Otto
3279 3441 3598 3509 imperator

1933 3531 2132 3585 multis
2170 3529 2476 3584 beneficiis
2510 3529 2883 3597 conductum,
2935 3531 2996 3581 ut
3032 3526 3308 3581 fraternis
3339 3530 3596 3583 motibus

1935 3635 2140 3675 secum
2163 3619 2374 3673 fortior
2393 3618 2720 3685 resisteret,
2759 3615 3015 3670 citeriori
3048 3616 3452 3688 Lotharingiaa
3481 3618 3594 3672 sub

1933 3724 2000 3764 se
2029 3709 2362 3779 prefecerat
2391 3737 2459 3746 —
2490 3705 2678 3772 hunc,
2728 3705 2967 3775 inquam
2987 3746 3000 3773 ,
3046 3705 3255 3760 collato
3303 3706 3597 3777 utrimque

1934 3797 2182 3852 consilio
2215 3796 2414 3849 adorsi
2445 3797 2823 3861 monuerunt,
2869 3797 2928 3848 ut
2966 3795 3175 3848 urbem
3211 3809 3320 3848 suo
3356 3798 3595 3864 pastore

1933 3887 2195 3942 orbatam
2209 3884 2556 3938 festinanter
2572 3883 2908 3954 ingressus,
2935 3882 3006 3936 ab
3032 3883 3369 3937 incursione
3391 3883 3590 3937 fratris

1932 3976 2270 4041 immunem,
2298 3972 2404 4026 sed
2424 3988 2455 4025 a
2487 3972 2715 4025 cunctis
2752 3986 2987 4042 quoque
3021 3971 3446 4040 pervasoribus
3485 3971 3591 4027 de-

1932 4064 2211 4132 fensaret,
2245 4061 2658 4131 vassallosque
2693 4058 2963 4130 ejusdem
2997 4060 3113 4114 loci
3150 4061 3222 4114 ad
3254 4061 3594 4116 ﬁdelitatem

1931 4152 2305 4221 imperatoris
2325 4152 2694 4203 sacramento
2713 4151 2768 4201 et
2791 4147 3103 4202 obsidibus
3127 4149 3588 4220 constringeret,

1932 4241 2068 4295 dum
2095 4241 2412 4309 imperator
2448 4252 2804 4291 reversurus
2835 4236 2894 4289 in
2938 4237 3201 4303 patriam,
3243 4236 3592 4304 episcopum

146 4326 410 4391 proxima
447 4327 631 4392 esset,
668 4330 1110 4394 occupaturum.
1144 4326 1254 4380 His
1287 4328 1469 4397 igitur
1498 4331 1554 4382 et
1596 4329 1812 4400 hujus-
1842 4365 1900 4427 Β
1930 4329 2244 4384 rediberet.
2270 4327 2422 4380 Huic
2451 4325 2698 4379 consilio
2731 4323 2985 4376 Karolus
3035 4323 3284 4377 libenter
3333 4324 3589 4377 accessit

148 4413 293 4466 modi
326 4413 598 4467 motibus
631 4429 869 4483 semper
916 4413 1182 4484 affectus,
1234 4431 1488 4471 maerore
1543 4417 1812 4473 tabesce-

147 4499 252 4569 bat,
275 4502 524 4572 sibique
555 4501 869 4573 aliquando
901 4519 1034 4557 cum
1063 4503 1244 4558 flebili
1284 4506 1650 4575 querimonia
1697 4509 1809 4562 im—

1929 4418 2037 4473 sed
2075 4415 2224 4470 male
2257 4418 2535 4481 tractans,
2565 4428 2682 4466 non
2714 4427 2900 4482 aequae
2940 4411 3308 4465 executionis
3342 4413 3475 4465 actu
3514 4411 3587 4464 li-

1925 4507 2139 4562 bravit.
2169 4505 2318 4558 Nam
2349 4503 2592 4573 copioso
2627 4501 2863 4573 agmine
2890 4501 3200 4555 comitatus
3233 4515 3367 4554 cum
3395 4498 3586 4571 prefa-

1438 4615 1729 4678 VARI/E
1784 4615 2275 4680 LECTIONES.

228 4712 307 4794 τῖ’)
336 4716 479 4795 Nec
499 4745 572 4754 --
599 4716 824 4805 insiluit
853 4723 1056 4805 auctor
1076 4719 1212 4805 ipse,
1219 4725 1426 4801 postea
1448 4722 1509 4774 in
1529 4725 2022 4805 marginesupgle
2034 4723 2113 4777 vit
2129 4741 2146 4786 ;
2165 4720 2273 4803 sed
2292 4736 2458 4793 quum
2479 4718 2666 4805 codex
2682 4735 2733 4805 ἀ
2773 4717 3125 4805 bibliOpega‘
3143 4715 3582 4805 concideretur,

154 4788 356 4867 primae
381 4786 870 4867 cujusque/inea
900 4786 1124 4867 litteraé
1152 4786 1403 4867 abscisae
1435 4799 1592 4867 sunt,
1624 4786 1686 4848 ἱῖ)
1709 4786 1905 4867 prima

1938 4797 2060 4850 Nec
2091 4811 2147 4863 p,
2182 4795 2242 4846 in
2273 4791 2528 4846 secunda
2547 4791 2701 4863 quod
2734 4791 2786 4845 ei
2817 4806 2869 4859 a,
2903 4791 2965 4863 in
3007 4791 3186 4863 tertia
3233 4791 3288 4863 te
3340 4802 3470 4863 c_on_.
3522 4791 3584 4841 in

177 4865 338 4938 parta
361 4859 544 4938 relat,_
561 4865 619 4911 et
635 4859 724 4912 sic
741 4859 1041 4930 deinceps.
1075 4861 1294 4914 Damus
1324 4858 1727 4938 (iaslacunas;
1754 4873 1929 4938 prout
1963 4858 2498 4938 Calveneriuseas
2522 4858 2619 4938 ex
2655 4862 2707 4915 2.
2750 4859 3074 4938 supplevit;
3117 4859 3168 4913 3.
3223 4860 3306 4911 ita
3355 4858 3579 4938 habet:

142 4929 258 4980 Non
289 4945 348 5004 p_.
385 4929 549 5004 quod
580 4945 840 4999 superna
871 4947 927 4999 p.
952 4929 1098 5004 ’c._a.
1136 4948 1186 4985 c.
1220 4932 1548 5004 majoribus
1593 4952 1646 4990 a.
1679 4929 1839 5002 an.
1873 4939 1930 4992 d.
1965 4938 2020 4991 d.
2057 4938 2094 4990 i.
2129 4952 2204 4989 m.
2239 4951 2290 4988 s.
2326 4934 2402 4987 M.
2437 4936 2570 4986 ante
2600 4949 2652 4986 a.
2685 4949 2741 5004 s.
2770 4929 2832 4999 S,
2855 4929 2917 4985 ’s.
2953 4945 3028 5004 m.
3052 4946 3101 4983 c.
3129 4945 3180 5004 e.
3217 4945 3363 5004 u.__v.
3397 4932 3580 5004 esset,

146 5011 195 5064 q.
224 5013 275 5052 c.
310 5000 678 5074 dominicum
707 5016 868 5054 more
901 5017 960 5072 s,
987 5000 1198 5074 offerre
1230 5004 1285 5058 d.
1317 4999 1530 5060 mirum
1548 5007 1610 5061 in
1638 4999 1721 5064 In.
1749 5008 1824 5064 de
1852 5006 2225 5064 sacrosancti
2255 5022 2306 5060 c.
2339 5005 2620 5074 mysterio
2677 5003 2749 5056 ad
2782 5018 2837 5056 n.
2887 5000 3152 5071 episcopi
3195 4999 3424 5072 reliqua
3482 4999 3584 5057 de-

149 5075 292 5138 sunt,
330 5072 509 5124 unius
539 5070 713 5126 lineae
743 5070 1186 5142 spatio'reIicto.

1739 5173 1996 5237 NOTIE

207 5270 354 5341 (9.07)
389 5272 528 5344 Hic,
563 5273 834 5344 quaedam
893 5274 1201 5331 confundit
1241 5282 1466 5332 noster.
1525 5281 1815 5336 Arnulfus

148 5354 323 5421 senex
337 5343 483 5396 obiit
671 5346 864 5399 Martii
888 5345 1016 5421 965,
1043 5351 1107 5421 et»
1130 5348 1446 5421 Letharius
1480 5350 1814 5406 Flandriam

146 5409 728 5491 Gallicanam'eodem
747 5409 1154 5491 annoingvaisit.
1189 5419 1304 5491 sed
1337 5424 1397 5474 ut
1427 5437 1607 5491 supra
1644 5440 1695 5476 c.
1738 5425 1804 5477 8'7

145 5489 588 5561 pertoAconstare
603 5487 860 5542 vidimus
891 5489 945 5561 d'
967 5489 1035 5542 25
1048 5489 1298 5544 Dec.965
1314 5487 1670 5561 Engrahnus
1701 5495 1800 5548 ad-

145 5550 247 5634 buc
277 5554 1009 5634 qameracensemsedem
1025 5561 1229 5634 tenuit.
1243 5550 1464 5634 itaque
1495 5580 1604 5619 nec
1636 5580 1800 5620 mors

146 5622 518 5707 Arnnlﬁmec
531 5627 1077 5707 l_..ot_ha_riiincursio
1097 5632 1207 5707 sul;
1239 5622 1520 5707 Tetdonis
1542 5641 1812 5707 tempore

144 5697 432 5779 accidisse
461 5702 686 5779 potest._
708 5699 989 5779 Fortasse
1020 5719 1152 5779 cum
1185 5703 1296 5779 hac
1311 5705 1508 5775 priore
1540 5697 1802 5779 Lotl'iarii

143 5767 513 5838 expeditione
557 5775 764 5831 noster
823 5773 1130 5832 confundit
1188 5767 1431 5834 alteram
1488 5793 1639 5837 anno
1698 5777 1802 5837 978

1924 5283 2617 5355 Aquisgranum_versus
2651 5278 3009 5355 susceptam.
3039 5275 3229 5355 ferro
3255 5276 3581 5355 :l‘etdonem

1923 5349 2082 5409 metu
2097 5349 2357 5408 Uotharii
2369 5352 2670 5407 Coloniam
2684 5349 3023 5403 secessisse
3036 5349 3580 5420 ibiquedefunctum

1915 5429 2286 5480 essenarrat.
2311 5424 2426 5479 Sed
2451 5437 2654 5476 mense
2672 5421 2863 5474 adhuc
2896 5419 3174 5474 Januario
3207 5437 3259 5474 a.
3292 5419 3416 5490 974,
3450 5421 3490 5475 i.
3523 5437 3574 5475 θ.

1910 5512 2124 5551 novem
2164 5497 2336 5550 annis
2381 5497 2516 5565 post
2577 5492 2737 5546 illam
2771 5492 3201 5565 incursionem,
3246 5492 3576 5565 episcopus

1913 5582 2047 5622 cum
2078 5563 2725 5637 imperatoregcastrum
2767 5563 3035 5637 Buxudis
3078 5563 3338 5629 obsedit;
3392 5563 3578 5637 igitur

1919 5641 2125 5708 poster
2159 5633 2394 5692 demum
2435 5635 2736 5708 Coloniam
2779 5635 3118 5690 secessisse
3156 5636 3379 5708 potest;
3417 5633 3576 5708 quod

1911 5703 2085 5764 taedio
2116 5708 2477 5764 incursionis
2509 5722 2562 5761 a.
2595 5703 2700 5760 965

1912 5778 2108 5839 facere
2140 5781 2318 5837 nimis
2349 5779 2502 5838 foret
2529 5777 2860 5836 ridiculum.

1822 5968 1888 6053 Ο

2770 5710 2970 5763 atratae
3001 5702 3290 5763 anno—975
3321 5702 3454 5762 seu_
3467 5702 3574 5770 978
