4098 6196
456 405 570 468 103

1394 395 1669 458 GESTA
1713 389 2244 457 PONTIFICUM
2289 388 3044 456 CAMERACENSIUM.

3781 389 3904 452 104

453 603 695 676 prefatis
713 601 885 657 etiam
908 597 1220 654 comitibus
1242 597 1302 650 in
1323 595 1529 650 urbem
1553 596 1744 664 venit;
1773 593 1879 648 sed
1896 596 2111 663 tamen,
2145 575 2204 636 Α
2234 594 2496 647 castrum
2518 593 2746 647 munire
2777 592 3094 646 festinabat
3115 610 3129 658 ;
3168 594 3225 647 et
3253 591 3499 647 fecisset
3529 592 3784 663 quidem,
3839 595 3899 646 ni

455 693 628 747 sicuti
677 694 802 745 erat
846 689 1022 758 inepti
1083 689 1253 758 atque
1298 685 1451 739 tardi
1491 685 1732 755 ingenii,
1793 683 2113 737 destandas

454 780 875 852 usurpationes
905 777 1186 844 exercuit,
1213 775 1358 828 adeo
1387 778 1447 828 ut
1479 776 1680 843 raptor
1714 773 1908 842 potius
1941 787 2116 841 quam

453 874 629 939 tutor,
650 869 844 937 potius
867 870 1184 920 temerator
1201 880 1374 934 quam
1397 863 1746 916 observator
1787 875 1925 914 esse
1956 859 2116 912 vide-

453 962 632 1013 retur.
660 957 826 1010 Unde
849 953 1374 1025 indignatiprmfati
1398 952 1643 1004 comites
1669 953 1723 1002 et
1751 949 1945 1001 iniras
1977 947 2119 1000 moti

455 1047 554 1102 illo
577 1045 812 1116 quidem
831 1058 900 1097 eo
921 1043 1034 1097 loci
1053 1042 1278 1108 relicto,
1304 1040 1376 1093 ad
1400 1056 1506 1094 sua
1529 1038 1760 1092 reversi
1779 1039 1937 1090 sunt.
1971 1037 2122 1088 Por-

455 1152 522 1190 ro
556 1135 650 1188 ille
681 1134 964 1201 deinceps
996 1130 1486 1200 Opportunitatem
1521 1131 1576 1181 et
1606 1126 1852 1198 gratiam
1885 1124 1998 1178 loci
2039 1125 2120 1176 at-

457 1239 570 1296 que
598 1222 1010 1278 sufficientiam
1056 1220 1236 1273 totius
1293 1217 1551 1270 alimenti
1589 1219 1818 1280 nactus,
1875 1226 2124 1267 uxorem

457 1313 573 1368 sibi
630 1311 959 1366 adfuturam
1025 1323 1164 1362 esse
1229 1305 1544 1374 mandavit,
1601 1303 1693 1358 cui
1744 1303 1800 1357 in
1851 1300 2123 1356 cubiculo

457 1400 723 1470 episcopi
799 1414 931 1452 cum
975 1397 1092 1451 tota
1146 1395 1610 1466 praesumptione
1673 1393 1888 1446 lectum
1937 1389 2126 1444 sterni

455 1488 746 1559 precepit;
810 1499 1136 1554 omnesque
1182 1498 1324 1553 opes
1366 1483 1423 1535 in
1461 1481 1674 1536 usibus
1719 1478 1985 1548 episcopi
2023 1493 2122 1531 ex-
2161 1549 2172 1557 .

456 1576 744 1630 hibendas
775 1574 835 1628 in
866 1572 1186 1643 superﬂuis
1221 1566 1861 1625 commessationnibus
1892 1569 2009 1620 tota
2040 1564 2125 1619 ef-

458 1665 691 1720 fusione
726 1661 1113 1732 consumpsit.
1148 1661 1520 1714 Thesaurum
1553 1657 1828 1711 ecclesiae
1859 1655 2124 1724 dissipa-

456 1755 576 1823 bat,
596 1753 929 1823 prebendas
951 1750 1244 1804 vendebat
1266 1749 1442 1801 immo
1466 1749 1522 1800 et
1561 1743 1973 1801 tecclesiastici
2013 1742 2124 1795 mi-

458 1842 690 1898 nisterii
721 1839 957 1912 negotia
999 1840 1230 1908 emptus
1260 1837 1448 1906 pretio
1479 1834 1686 1905 largiri
1725 1831 2124 1887 mercantibus

2233 681 2552 751 episcopus
2584 684 2843 750 tempore
2865 681 3234 735 rescivisset.
3269 681 3370 735 Illo
3403 696 3653 751 namque
3685 681 3742 734 id
3774 698 3899 734 mu-

2235 772 2430 824 niente
2449 774 2504 824 et
2536 771 2774 824 diversa
2807 771 3164 840 operositate
3193 771 3571 839 pertinaciter
3598 770 3897 837 moliente,

2236 859 2482 913 sinistro
2509 860 2723 912 nuncio
2755 860 3019 929 pontifex
3048 860 3358 927 excitatus,
3391 875 3498 912 nec
3528 874 3711 927 mora,
3746 874 3906 928 prae-

2236 947 2373 1000 fatis
2405 948 2720 1002 comitibus
2751 947 3067 1002 Godefrido
3101 951 3273 1018 atque
3305 947 3551 1000 Arnulfo
3585 963 3716 1000 cum
3765 947 3902 1000 aliis

2240 1037 2728 1091 liothariensibus
2749 1037 3104 1108 legationem
3139 1037 3317 1106 misit,
3371 1041 3449 1102 ut,
3487 1039 3686 1090 coacto
3719 1036 3905 1090 milite

2238 1125 2749 1181 addestrueudum
2782 1142 2932 1196 opus
2966 1127 3078 1180 sibi
3112 1127 3412 1180 inimicum
3435 1126 3637 1179 venire
3658 1125 3905 1178 festina-

2238 1219 2386 1269 rent.
2409 1214 2519 1280 Qui
2542 1219 2707 1269 caute
2739 1216 2964 1286 absque
2999 1215 3611 1285 comperendinatione
3643 1215 3902 1283 sumptis

2239 1303 2445 1358 cuneis
2459 1309 2628 1358 nocte
2645 1304 2717 1357 ad
2747 1304 3089 1374 episcopum
3122 1305 3383 1372 veniunt,
3407 1307 3581 1374 eique
3611 1303 3905 1357 auxilium

2238 1393 2413 1446 nimis
2433 1393 2738 1462 copiosum
2768 1395 2942 1462 atque
2975 1394 3154 1447 armis
3186 1394 3648 1448 munitissimum
3681 1393 3907 1447 ferunt.

2239 1482 2613 1552 Maneitaque
2636 1481 3145 1551 facto,episc0pus
3178 1486 3332 1536 tanta
3364 1498 3473 1552 ope
3505 1484 3903 1549 sustentatus,

2241 1571 2474 1624 civibus
2488 1587 2720 1641 quoque
2734 1572 2862 1626 suis
2892 1575 3064 1643 atque
3083 1573 3324 1626 rusticis
3345 1572 3655 1625 comitatus
3705 1571 3905 1625 locum

2241 1659 2580 1713 munitionis
2611 1659 2846 1729 invasit,
2908 1663 3283 1730 castrumque
3340 1660 3613 1714 turritum
3669 1663 3725 1712 et
3775 1657 3908 1728 jam

2239 1764 2387 1817 pene
2426 1747 2772 1818 perfectum,
2806 1749 2926 1802 Deo
2958 1749 3292 1820 adjuvante,
3341 1748 3618 1803 demolito
3675 1762 3906 1818 aggere

2241 1834 2321 1876 173
2347 1837 2676 1907 coaequavit
2721 1837 2938 1890 arenis.
3001 1837 3126 1891 Hoc
3184 1837 3235 1891 ei
3292 1838 3606 1890 maximam
3661 1836 3909 1889 virtutis

459 1930 812 2000 usurpabat;
847 1928 1054 1998 sicque
1083 1926 1263 1980 totius
1295 1925 1552 1978 infamiaa
1586 1921 1880 1977 sarcinam
1907 1919 2126 1974 tamdiu
2158 1938 2212 1999 Β
2244 1926 2488 1997 gloriam
2502 1927 2744 1995 peperit.
2778 1927 2922 1980 Dein
2953 1942 3094 1980 vero
3124 1930 3434 1996 tyrannum
3466 1926 3638 1979 modo
3668 1925 3909 1980 viribus

461 2021 672 2091 gessit,
744 2019 928 2073 donec
1014 2016 1331 2085 imperator
1414 2027 1699 2067 reversus
1785 2011 1859 2064 ad
1916 2008 2127 2062 melius

460 2107 735 2162 restituit.

531 2196 651 2250 102.
703 2194 874 2263 (101.)
931 2192 1238 2247 Rhotardu
1299 2188 1688 2261 episcopalem
1747 2185 2126 2242 casthedram

461 2284 742 2354 suscepit.
788 2284 916 2336 Jam
958 2297 1100 2336 vero
1143 2279 1432 2334 brumalis
1463 2275 1863 2346 intemperieri
1899 2273 2132 2344 pruinis

459 2372 956 2437 incumbentibus,
983 2371 1302 2440 imperator
1330 2369 1610 2422 revocata
1642 2380 1816 2418 manu
1861 2381 1892 2416 a
1940 2363 2127 2431 bello,

455 2463 525 2515 ad
557 2460 761 2514 villam
791 2459 1076 2527 Polidam,
1113 2457 1414 2527 propriam
1463 2453 1737 2508 videlicet
1795 2452 2021 2520 sedem,
2069 2451 2128 2503 in

455 2550 642 2603 natale
667 2548 899 2601 Domini
921 2551 1310 2601 estreversus
1333 2541 1482 2612 (208)
1513 2543 1630 2611 (an.
1667 2539 1812 2610 9'19).
1850 2540 1963 2594 Ubi
1997 2555 2131 2592 cum

457 2637 509 2692 ei
532 2637 758 2690 vacatio
779 2633 1228 2688 Cameracensis
1260 2631 1553 2686 zecclesiae
1585 2629 1951 2702 suggeritur,
1974 2643 2130 2681 com-

458 2727 620 2778 muni
670 2723 979 2794 sulfragio,
1037 2725 1092 2776 et
1147 2719 1569 2775 acclamatione
1630 2717 2127 2783 Lothariensium,

459 2813 637 2867 immo
659 2816 714 2866 et
751 2812 991 2866 obtentu
1025 2809 1284 2864 Nocheri
1321 2806 1792 2862 Leodecensium
1836 2805 2126 2874 episcOpi,

463 2901 765 2955 Rothardo
799 2916 872 2954 ex
917 2899 1196 2970 prosapia
1243 2896 1425 2951 nobili
1470 2898 1617 2964 orto,
1681 2894 1795 2962 piis
1862 2893 2129 2946 moribus

461 2991 763 3059 adornato,
826 2988 1070 3041 infulam
1111 2987 1446 3056 presulatus
1496 2982 1844 3054 impertivit;
1909 2981 2128 3051 quippe

462 3079 766 3135 aestimans
797 3077 960 3130 illum
989 3075 1311 3129 lenitudine
1353 3072 1574 3144 ingenii
1625 3069 1873 3125 sevitias
1919 3070 2129 3122 Came-

463 3168 798 3223 racensium
828 3180 1010 3236 posse
1041 3178 1392 3234 pressurum
1423 3161 1589 3230 (209).
1627 3159 1823 3229 leius
1855 3158 1993 3211 doni
2023 3173 2128 3210 su-

461 3256 741 3311 blimitate
771 3254 998 3324 adepta,
1034 3252 1192 3305 circa
1224 3252 1451 3304 initium
1502 3247 1976 3320 quadragesimae
2009 3247 2126 3315 (an.

461 3344 612 3414 980.)
647 3345 1030 3399 commissum
1090 3355 1337 3412 gregem
1394 3340 1621 3404 visens,
1681 3337 1889 3390 urbem
1931 3335 2125 3403 petiit;

461 3449 571 3488 nec
601 3433 780 3486 multo
812 3433 946 3499 post
976 3430 1047 3482 ab
1103 3429 1398 3482 Alberoue
1455 3426 1840 3480 Remensium
1889 3422 2125 3476 archie—

462 3521 710 3592 piscopo
770 3535 998 3572 summa
1049 3532 1183 3570 cum
1241 3515 1632 3568 veneracione
1693 3512 1999 3568 ordinatus
2039 3514 2132 3563 est

468 3611 668 3678 utpote
701 3623 834 3660 cum
865 3621 980 3676 quo
1011 3604 1321 3658 amicitiam
1355 3605 1410 3656 et
1441 3601 1893 3655 familiaritatem
1927 3616 1958 3652 a
1997 3613 2134 3667 pue-

468 3713 535 3752 ro
568 3697 821 3762 tenebat,
855 3709 929 3748 ex
959 3709 1073 3764 quo
1119 3692 1392 3746 videlicet
1423 3692 1481 3743 in
1514 3689 1740 3744 scholis
1779 3687 2133 3758 Gorgiensis

475 3783 628 3856 (210)
655 3783 998 3838 monasterii
1029 3781 1250 3852 pariter
1278 3779 1668 3848 condiscipuli
1701 3776 2035 3830 extiterant.

539 3873 660 3928 103.
695 3873 843 3943 (102)
879 3871 1040 3936 Quod
1070 3870 1226 3924 idem
1269 3870 1575 3940 episcopus
1631 3864 1936 3920 castellum
2006 3864 2135 3917 Vin-

465 3963 685 4018 ciacum
719 3961 927 4017 diruit.
961 3959 1308 4028 Suscipiens
1366 3958 1560 4028 itaque
1618 3955 1710 4007 vir
1768 3952 2130 4007 venerabilis

469 4065 758 4106 summam
781 4048 1111 4120 regiminis,
1133 4045 1618 4100 contumeliarum
1648 4041 2136 4097 exacerbationes
2178 4064 2181 4067 ·

463 4141 681 4198 multas
699 4141 755 4193 et
785 4136 1233 4207 inexplicabiles
1265 4134 1540 4204 repperit.
1578 4133 1737 4187 Urbs
1772 4132 1986 4186 etenim
2017 4133 2139 4184 tota

468 4229 707 4285 diverso
740 4227 913 4282 modo
945 4239 1061 4280 non
1094 4227 1314 4278 tantum
1346 4222 1588 4291 exteris,
1624 4221 1731 4275 sed
1792 4220 1974 4274 etiam
2024 4219 2134 4273 do-

467 4315 1222 4382 mesticisincussionibus,
1262 4316 1323 4366 ut
1361 4328 1540 4380 supra
1565 4311 1784 4364 dictum
1815 4314 1905 4363 est
1935 4309 2007 4378 (c.
2041 4307 2130 4362 93.

469 4409 582 4478 99),
615 4407 950 4474 laborabat;
985 4405 1143 4459 nulla
1199 4418 1309 4472 pax
1371 4400 1816 4455 interveniebat.
1879 4396 2016 4463 Sed,
2077 4399 2138 4450 ut

472 4497 700 4566 reliqua
714 4498 958 4561 taceam,
979 4492 1404 4562 nihilgravius,
1431 4505 1606 4560 quam
1636 4491 1838 4541 contra
1867 4485 2136 4538 Ottonem

470 4585 764 4657 prefatum
792 4581 1148 4652 Gogicensis
1208 4579 1387 4632 castri
1416 4573 1494 4618 171
1560 4576 1803 4642 ferebat,
1839 4574 1938 4644 qui
1979 4576 2132 4628 tanta

2241 2015 2590 2082 terrificans,
2607 2015 2780 2069 modo
2795 2015 3139 2069 muneribus
3158 2016 3405 2082 lactans,
3426 2015 3752 2068 novissime
3772 2029 3910 2067 om-

2240 2105 2474 2158 nimodo
2494 2105 2789 2158 devictum
2807 2105 2919 2158 sibi
2945 2105 3208 2173 pacavit;
3244 2105 3450 2174 sicque
3470 2118 3674 2172 pacem
3703 2107 3758 2156 et
3790 2102 3906 2157 be-

2240 2194 2637 2260 nivolentiam,
2690 2196 2887 2261 preter
2913 2192 3247 2248 Walterum
3282 2209 3456 2247 suum
3495 2191 3908 2258 castellanum,

2239 2282 2545 2336 convertit.
2603 2283 2789 2336 Porro
2828 2283 2940 2335 iste
2971 2283 3182 2336 multas
3223 2283 3516 2335 adversus
3548 2281 3910 2350 episcopum

2239 2370 2536 2438 excitavit,
2610 2371 3046 2442 inquietudines
3123 2370 3424 2441 irrogavit,
3486 2369 3758 2439 quamvis
3852 2369 3911 2421 ei

2241 2460 2557 2529 episcopus
2616 2459 2795 2512 multa
2853 2459 3136 2513 donasset
3190 2459 3509 2528 multisque
3594 2456 3914 2511 beneﬁciis

2241 2563 2382 2600 suas
2415 2548 2879 2616 possessionnes
2912 2547 3198 2601 auxisset.
3235 2548 3449 2600 Postea
3479 2545 3740 2616 pontifex
3797 2559 3915 2598 ve-

2239 2636 2520 2690 nerabilis
2579 2636 3000 2690 monasterium
3059 2641 3279 2689 sanetae
3354 2635 3554 2688 Mariae
3614 2633 3905 2703 perfecit,

2239 2725 2414 2795 quod,
2450 2727 2512 2778 ut
2541 2725 2796 2778 diximus
2853 2726 2926 2794 (ο.
2979 2721 3091 2794 87),
3152 2724 3506 2794 Engrannus
3559 2724 3915 2792 episcopum

2239 2815 2432 2882 coepit,
2469 2813 2574 2867 sed
2593 2814 2818 2868 eisdem
2849 2813 3170 2883 prenotatis
3203 2813 3596 2866 seditionibus
3635 2810 3912 2880 prepedi-

2238 2905 2334 2956 tus
2357 2917 2424 2955 ac
2449 2903 2644 2956 statim
2675 2906 2861 2956 morte
2889 2905 3235 2970 preveutus,
3293 2900 3702 2968 imperfectum
3760 2897 3914 2952 reli-

2239 2991 2380 3060 quit.
2415 2991 2590 3044 Aram
2621 2994 2843 3044 sanctae
2875 2990 2981 3043 Dei
3016 2989 3324 3060 genitricis
3356 2989 3557 3042 Mariae
3590 3003 3765 3041 aurea
3815 2989 3914 3039 ta-

2239 3079 2377 3133 bula
2408 3095 2483 3133 ex
2510 3079 2803 3148 lapidibus
2833 3078 3126 3148 preciosis
3156 3078 3436 3149 insignita
3477 3076 3749 3139 vestivit;
3804 3090 3914 3128 ca-

2239 3167 2413 3222 licem
2433 3168 2606 3221 etiam
2637 3167 2921 3237 majorem
2954 3183 3087 3221 cum
3143 3170 3352 3236 patena
3411 3165 3733 3235 purissimo
3766 3163 3918 3218 fecit

2242 3272 2312 3310 ex
2335 3271 2496 3310 auro.
2542 3255 2817 3309 Geminas
2867 3271 3101 3325 quoque
3159 3269 3475 3324 campanas
3533 3269 3780 3325 magnas
3832 3255 3928 3305 at-

2243 3361 2356 3415 que
2390 3346 2534 3398 satis
2568 3359 2838 3414 sonoras,
2875 3360 3006 3414 quae
3028 3343 3219 3397 adhuc
3251 3345 3307 3396 in
3339 3344 3484 3396 turri
3525 3359 3699 3414 quam
3748 3345 3916 3396 stru—

2243 3434 2327 3486 xit
2357 3434 2703 3502 dependent,
2752 3448 2822 3486 ex
2868 3433 3126 3502 propriis
3187 3432 3521 3500 sumptibus
3569 3431 3914 3485 fabricavit.

2242 3522 2451 3575 Villam
2486 3538 2626 3576 vero
2656 3538 2787 3592 quae
2817 3523 3032 3574 dicitur
3063 3521 3300 3574 V’illaris
3331 3521 3500 3588 (212),
3535 3520 3699 3573 altari
3735 3535 3920 3572 sanc-

2242 3615 2284 3668 ti
2315 3613 2600 3668 Johannis
2633 3612 2690 3665 in
2740 3611 2951 3665 usibus
3009 3609 3254 3662 fratrum
3285 3607 3556 3678 ejusdem
3615 3607 3924 3662 aecclesia:

2248 3707 2469 3757 sanctae
2499 3701 2697 3754 Mariae
2730 3699 3046 3768 deputavit.

2322 3848 2442 3903 104.
2477 3845 2648 3916 (103.)
2681 3847 3012 3918 Imperator
3041 3851 3244 3899 contra
3277 3843 3646 3897 Sarracenos
3691 3839 3924 3895 bellum

2249 3939 2449 3992 iniens
2486 3938 2763 4001 vincitur,
2798 3951 2904 3990 nec
2934 3933 3114 3987 multo
3136 3939 3270 4003 post
3295 3931 3462 3986 obiit.
3497 3930 3780 3984 Decursis
3816 3946 3928 3983 au-

2249 4029 2366 4082 tem
2382 4031 2710 4096 temporum
2725 4024 2966 4093 spaciis,
2981 4022 3110 4075 Otto
3127 4023 3440 4088 imperator
3455 4023 3511 4072 et
3533 4035 3638 4072 rex
3655 4018 3927 4072 Lhotha—

2250 4117 2542 4171 riusinter
2574 4130 2639 4170 se
2661 4113 2904 4168 federati
2919 4114 3219 4180 pacantur,
3244 4113 3300 4164 et
3321 4111 3634 4178 utrumque
3657 4122 3928 4177 regnum

2250 4205 2401 4260 facta
2444 4203 2855 4274 tranquillitate
2891 4201 3110 4272 quievit
3154 4201 3267 4267 (an.
3321 4197 3468 4264 980).
3517 4198 3739 4250 Interea
3779 4196 3929 4251 Otto

2253 4299 2496 4351 Romam
2538 4292 2837 4362 profectus
2881 4291 3242 4344 Sarracenos
3287 4302 3394 4356 per
3449 4288 3639 4340 terras
3680 4285 3928 4354 Apuliae

2249 4384 2521 4440 desevire
2550 4382 2843 4444 audierat;
2887 4383 2941 4433 et
2973 4378 3150 4432 sicuti
3190 4375 3436 4447 juvenis
3486 4375 3697 4442 audax,
3738 4389 3932 4428 manu

2247 4473 2502 4541 validus,
2523 4471 2716 4523 animo
2735 4472 3042 4535 exaestuat,
3068 4481 3266 4520 moras
3287 4464 3600 4534 precipitat
3617 4465 3731 4530 (an.
3757 4460 3926 4529 981).

2247 4563 2476 4628 Quinec
2497 4575 2814 4626 mora,non
2862 4557 3062 4610 multis
3111 4570 3260 4624 quos
3304 4556 3616 4622 presentes
3659 4549 3934 4605 habebat

470 4642 527 4729 et
552 4677 670 4728 tam
688 4671 864 4726 creba
885 4642 1236 4722 incursione
1268 4667 1537 4738 urgebat,
1573 4669 1633 4717 ut
1665 4642 1875 4718 omnes
1904 4663 2134 4733 agrico-
2165 4642 2218 4702 D
2251 4653 2451 4721 fultus,
2481 4652 2631 4704 facto
2651 4649 2857 4702 itinere
2879 4646 3013 4699 illuc
3033 4642 3406 4714 pertransiit;
3443 4656 3551 4694 nec
3581 4654 3800 4708 passus
3845 4656 3932 4693 se

469 4764 561 4818 las
594 4763 883 4828 villarum,
920 4757 1027 4812 sed
1059 4760 1115 4811 et
1145 4756 1322 4810 totius
1366 4755 1535 4808 urbis
1578 4753 1847 4806 homines
1891 4751 2136 4805 fecisset

472 4853 591 4906 sibi
621 4849 986 4905 tributarios.
1011 4847 1160 4910 Quin
1184 4845 1355 4899 etiam
1379 4846 1439 4896 ut
1469 4842 1727 4914 graviori
1759 4840 2134 4894 infestatione

471 4939 969 5011 premeret,juxta
999 4935 1278 5000 viculum,
1314 4933 1640 5002 quinomen
1664 4929 2133 4997 Vinciacus(211)

472 5058 543 5068 ——
572 5027 748 5081 distat
777 5031 970 5081 autem
998 5026 1070 5079 ab
1101 5023 1247 5077 urbe
1296 5022 1406 5076 hac
1435 5023 1710 5090 quattuor
1762 5019 1999 5072 milibus
2063 5046 2131 5056 —-

2248 4743 2558 4812 expectare
2579 4753 2722 4794 suos
2745 4752 2850 4806 per
2873 4733 3175 4788 intervalla
3207 4731 3479 4784 itinerum
3525 4730 3930 4798 sequuturos,

2247 4849 2385 4886 mox
2403 4835 2605 4886 contra
2637 4828 2869 4881 hostem
2913 4822 3162 4893 prelium
3211 4818 3542 4872 inconsulte
3593 4815 3926 4870 commisit.

2245 4920 2526 4975 Armabat
2560 4917 2713 4971 enim
2737 4911 3104 4969 consuetudo
3153 4908 3427 4962 vincendi
3478 4911 3533 4959 et
3578 4903 3936 4976 ignorantia

2248 5004 2846 5076 cedendi.Sequidem
2869 5014 3200 5070 congressu
3222 4996 3419 5050 habito
3451 4996 3566 5064 (an.
3600 4992 3748 5062 982),
3773 4991 3938 5048 licet

1766 5131 2060 5192 VARI/E
2113 5122 2602 5190 LECTIONES.

541 5217 620 5264 171
683 5219 984 5277 excidisse
1019 5219 1255 5275 videtur
1283 5216 1640 5283 invasorem,
1683 5212 1780 5267 vel
1809 5212 1924 5266 tale
1958 5209 2136 5283 quid;
2171 5207 2248 5265 cf.
2277 5226 2325 5263 c.
2357 5207 2446 5261 96.
2477 5201 2556 5243 172
2621 5214 2797 5270 agerc
2829 5195 2879 5250 1.

2050 5305 2327 5369 NOT/E.

543 5430 691 5506 (208)
722 5431 852 5506 Dite
886 5427 1020 5506 in
1058 5426 1270 5506 palatio
1303 5425 1482 5506 Polde
1513 5417 1842 5506 blrs‘Natale
1901 5417 2133 5506 Domini

474 5489 614 5580 egit,
640 5489 821 5558 a'.'9'l4
845 5489 1298 5580 et979.:Ver‘i_1_m
1329 5499 1531 5580 contra
1563 5495 1773 5580 S‘lavos
1805 5505 1921 5580 n‘on
1951 5489 2139 5580 a.‘974

471 5562 795 5650 profectus
811 5575 920 5650 est,
951 5568 1064 5650 sed
1095 5567 1283 5650 a.‘975
1315 5571 1372 5650 et
1410 5566 1534 5622 9'77.
1595 5565 1779 5638 Igitur
1835 5563 1948 5618 hoc
2006 5562 2136 5615 loco

441 5661 446 5666 '
474 5638 665 5708 annus
694 5644 800 5706 9'19
829 5638 1250 5718 intelligendus
1273 5640 1384 5696 est.

2316 5410 2460 5484 (209)
2495 5404 2717 5484 Werde
2749 5402 3022 5476 swingen
3046 5400 3298 5459 konnen.

2345 5484 2469 5550 210)
2499 5480 2727 5536 Gorzia.

2341 5553 2467 5622 211)
2501 5550 2748 5622 Vinchy.

2317 5612 2466 5702 (212)
2500 5612 2886 5690 Villers-Pol,
2921 5630 3102 5692 prope
3132 5615 3414 5687 Quesnoi.
3445 5612 3621 5673 Conv.
