4106 6184
216 383 335 444 105

1616 376 1874 438 LIBER
1910 377 2262 442 PRIMUS.

3546 384 3664 447 106

216 562 659 633 numerolonge
681 560 947 631 inferior,
964 560 1202 615 multam
1225 558 1451 614 cladem
1474 559 1737 615 hostium
1759 558 1879 613 edi-
1905 557 1964 619 A
1992 561 2305 627 mutantes,
2339 563 2396 614 et
2439 562 2595 631 quod
2638 566 2801 632 patre
2844 563 2975 617 vivo
3009 581 3124 618 non
3156 570 3443 635 poterant,
3480 569 3653 623 modo

217 651 312 721 dit,
348 650 458 705 sed
489 654 688 705 tamen
733 650 987 721 gloriam
1017 649 1281 703 victoriae
1310 651 1629 718 superatus
1661 648 1875 702 amisit.

216 740 359 794 Nam
387 739 521 793 sine
545 738 797 793 consilio
830 737 1108 794 fortitudo
1137 738 1199 792 in
1230 738 1557 792 temeritate
1588 738 1880 793 converti.

218 832 327 883 tur.
372 827 487 893 Qui
517 826 600 869 173
625 827 968 899 transfugio
1026 827 1143 882 sibi
1185 827 1503 882 consulere
1550 827 1878 893 aestimans,

215 917 341 989 quia
371 920 537 972 terra
560 918 819 972 evadere
841 932 958 971 non
983 920 1209 987 posset,
1242 915 1532 971 velociter
1552 924 1619 970 Se
1634 917 1793 970 misit
1822 916 1882 969 in

215 1008 371 1073 mari,
389 1005 707 1077 visamque
728 1005 1471 1073 naviculaminimicorum,
1487 1020 1663 1076 quam
1684 1008 1883 1074 preter

215 1096 384 1149 ullam
406 1096 807 1165 suspitionem
830 1096 980 1150 forte
1006 1110 1125 1150 non
1143 1095 1405 1163 procula
1437 1093 1606 1148 litore
1629 1109 1882 1164 conspe-

214 1187 389 1250 xerat,
444 1184 633 1239 alacri
689 1184 798 1239 sed
847 1187 905 1240 et
961 1183 1287 1239 difficillmo
1337 1184 1534 1238 natatu
1592 1182 1880 1238 ascendit.

216 1272 379 1327 Hune
410 1273 577 1328 enim
602 1272 728 1345 jam
756 1289 925 1342 paene
953 1272 1390 1343 lapsabundum
1411 1271 1675 1327 miserati
1709 1271 1881 1326 remi-

213 1377 331 1433 ges,
366 1362 613 1417 admoto
643 1361 884 1434 navigio
915 1363 1330 1431 susceperunt,
1362 1360 1662 1433 longeque
1694 1361 1881 1429 dissi-

212 1450 400 1505 milem
414 1454 475 1505 et
486 1451 761 1522 ignotum
774 1450 1149 1519 arbitrantes,
1167 1466 1382 1505 causas
1396 1449 1701 1505 infortunii
1714 1465 1885 1522 roga-

210 1545 433 1595 verunt.
452 1539 560 1594 Ille
582 1555 725 1595 vero
748 1539 982 1596 tandem
993 1555 1199 1594 eorum
1216 1539 1466 1595 barbara
1489 1540 1881 1594 colloculione

209 1628 525 1683 advertens
576 1643 645 1684 se
684 1628 959 1684 hostibus
1001 1628 1234 1684 incaute
1275 1628 1555 1698 oblatum,
1590 1642 1729 1683 mox
1756 1644 1882 1698 prae

210 1717 523 1772 formidine
557 1716 766 1773 fallere
796 1717 1028 1786 doctus,
1080 1719 1280 1789 utpote
1319 1718 1476 1772 inter
1505 1718 1713 1772 hostes
1744 1718 1881 1772 vitae

210 1807 566 1879 naufragus,
618 1822 857 1877 quoquo
913 1806 1085 1862 modo
1133 1807 1321 1877 potuit
1367 1807 1670 1863 evasionis
1711 1822 1881 1877 opem

210 1896 510 1967 qusivit.
567 1895 762 1950 Finxit
798 1896 954 1950 enim
1003 1909 1071 1950 se
1102 1896 1396 1967 quendam
1429 1897 1553 1950 fore
1585 1896 1882 1951 hominem

210 2001 273 2038 ex
286 1986 423 2055 ipsa
443 1984 569 2038 Bar
586 1984 876 2039 maritima
894 1984 1040 2039 urbe
1061 1985 1261 2039 multis
1280 1985 1493 2056 opibus
1516 1985 1877 2056 affluentem,

207 2089 409 2128 verum
432 2089 649 2128 errore
664 2075 780 2128 vita
794 2074 1079 2129 incidisse
1097 2075 1497 2146 naufragium.
1522 2075 1664 2129 Illos
1685 2078 1879 2130 tamen

209 2162 453 2216 ditatum
486 2162 561 2216 iri
593 2178 702 2232 pro
734 2162 1083 2232 conpendio,
1110 2163 1164 2217 si
1186 2162 1443 2217 illaesum
1464 2164 1877 2233 perducerent.

206 2250 324 2315 Quo
343 2252 621 2323 remiges
643 2252 823 2322 empti
847 2267 979 2306 cum
1011 2252 1083 2306 ad
1112 2256 1314 2307 votum
1336 2253 1582 2308 caesaris
1597 2253 1882 2323 prodictas

208 2340 425 2394 civitati
461 2341 877 2395 admovissent
906 2341 1255 2411 naviculam,
1285 2341 1669 2397 statimlaetus
1701 2343 1884 2412 impe-

207 2431 360 2483 rator
410 2428 750 2484 Teoderico
784 2429 1158 2484 Mettensium
1189 2431 1471 2501 episcopo
1526 2432 1881 2502 caeterisque

209 2520 331 2572 suis
354 2518 867 2589 principibus,qui
891 2519 948 2574 in
966 2519 1157 2590 ipsius
1177 2520 1344 2574 urbis
1366 2520 1610 2574 tuitione
1634 2521 1878 2590 recepti,

208 2607 367 2678 regis
384 2607 728 2677 periculum
746 2608 1151 2678 condolentes,
1176 2609 1372 2678 ipsum
1393 2609 1629 2680 quidem
1648 2612 1881 2678 captum

208 2695 509 2765 putabant,
544 2695 729 2750 totius
760 2697 847 2751 rei
878 2698 1093 2752 seriem
1134 2712 1243 2768 per
1273 2698 1671 2752 internuntios
1706 2697 1881 2752 tacite

207 2784 549 2853 inculcavit,
574 2786 706 2839 etut
734 2786 908 2857 quasi
937 2786 1011 2839 ad
1046 2786 1513 2841 remunerandos
1531 2789 1742 2841 nautas
1764 2786 1882 2841 sibi

207 2874 451 2941 praemia
482 2872 763 2929 afferrent
791 2875 1000 2930 callide
1032 2875 1372 2930 ammonuit.
1415 2876 1523 2941 Qui
1557 2890 1711 2945 mox,
1746 2877 1880 2931 ino-

207 2963 342 3032 pina
369 2962 655 3016 mandata
685 2964 1014 3035 gaudenter
1034 2964 1307 3036 amplexi,
1339 2965 1564 3019 scrinia
1596 2966 1879 3020 ceteram-

204 3066 319 3122 que
374 3051 818 3121 supellectilem
872 3054 1099 3125 regiam
1156 3054 1230 3107 ad
1285 3054 1482 3107 navim
1541 3054 1880 3124 imperatori

206 3142 493 3208 tulerunt,
552 3150 791 3210 unaque
858 3142 1033 3195 etiam
1107 3141 1556 3197 velocissimum
1612 3143 1880 3196 cabalum

208 3229 626 3299 adduxerunt;
656 3230 853 3285 nautis
874 3245 1020 3285 vero
1041 3230 1112 3285 ad
1126 3234 1409 3286 convecta
1427 3246 1671 3287 munera
1692 3232 1879 3286 inten-

1993 648 2294 718 superstiti
2320 649 2504 704 libero
2527 651 2834 721 aequivoco
2859 653 3029 724 regni
3061 657 3515 726 praerogativam
3545 658 3657 713 eri-

1986 732 2130 807 pere
2188 738 2461 805 nitentes,
2524 739 2595 793 ad
2656 741 2979 810 usurpandi
3043 742 3269 812 imperii
3336 746 3659 813 potentiam

1991 825 2297 882 intendere
2354 827 2723 883 estimarunt.
2775 829 2927 883 Huic
2956 830 3111 884 enim
3140 832 3487 901 proximitas
3518 835 3655 903 loci,

1990 915 2073 969 illi
2144 930 2288 970 vero
2363 916 2745 971 necessitudo
2829 919 3071 988 generis
3144 920 3465 991 aspirabat.
3526 921 3660 976 Dux

1991 1004 2269 1059 nimirum
2308 1005 2628 1060 Heinrieus
2686 1007 2915 1078 regium
2959 1024 3208 1078 puerum
3263 1009 3512 1065 factiose
3561 1028 3659 1064 ra-

1991 1096 2153 1164 ptum
2200 1095 2436 1149 tenebat
2491 1095 2552 1149 in
2592 1097 2941 1165 custodiam,
2994 1099 3187 1169 eique,
3224 1100 3441 1154 ceteris
3491 1099 3657 1169 prin-

1993 1181 2226 1252 cipibus
2258 1183 2460 1238 invitis
2518 1189 2693 1255 atque
2732 1185 3090 1257 dolentibus,
3126 1188 3483 1256 imperialem
3517 1204 3659 1260 gra-

1988 1271 2129 1326 tiam
2186 1273 2499 1329 adimebat.
2562 1272 2794 1329 Interea
2841 1280 3071 1330 mortuo
3139 1276 3397 1331 \Vifrido
3440 1276 3657 1332 Virdu-

1991 1362 2268 1416 nensium
2319 1363 2600 1433 episcopo
2645 1372 2761 1432 (an.
2794 1362 2899 1418 982
2948 1364 3215 1436 ve1983),
3268 1365 3468 1421 multis
3514 1382 3657 1435 pro-

1992 1449 2145 1504 fecto
2185 1450 2612 1521 episcopalium
2662 1451 2908 1506 militum
2960 1452 3401 1522 resistentibus,
3436 1454 3659 1525 aliquot

1992 1554 2133 1593 vero
2167 1540 2699 1609 consentientibus,
2733 1540 2942 1595 urbem
2972 1557 3105 1596 cum
3136 1545 3478 1612 presumpta
3509 1558 3657 1597 ven-

1992 1627 2280 1682 dicatione
2365 1628 2688 1683 Lotharius
2747 1629 3075 1700 ingreditur
3137 1633 3235 1702 (an
3289 1629 3436 1700 984).
3507 1631 3656 1686 Dein

1991 1733 2227 1790 quoque
2258 1717 2663 1788 episcopatum
2685 1717 3203 1773 Cameracensium
3232 1735 3301 1775 se
3332 1723 3649 1790 occupatu-

1990 1823 2121 1862 rum
2159 1822 2299 1861 esse
2330 1808 2604 1861 minatur.
2636 1807 2759 1871 Qua
2808 1806 2868 1860 in
2906 1823 2973 1862 re
3008 1809 3346 1863 Rothardus
3394 1809 3657 1878 pontifex

2205 1896 2486 1951 mediocri
2526 1898 2754 1951 terrore
2801 1901 3150 1967 commotus,
3212 1897 3655 1968 sapientissimo

1992 1991 2180 2012 -..
2219 1986 2463 2012 ...-...
2497 2001 2643 2012 ...-..
2710 2001 2909 2012 ..-..
2955 1986 3252 2012 1....212..
3285 1987 3631 2012 ...-...--..

1992 1991 2185 2042 tamen
2216 1986 2465 2041 consilio
2497 2001 2666 2055 usus,
2710 2001 2914 2058 regem
2955 1986 3252 2041 humiliter
3282 1987 3653 2058 aggreditur,

1992 2080 2047 2131 et
2077 2076 2138 2130 in
2156 2078 2379 2130 tantum
2401 2074 2534 2145 ejus
2564 2076 2813 2146 gratiam
2844 2075 3005 2129 molli
3032 2091 3209 2146 prece
3242 2079 3554 2145 mercatur,
3592 2079 3657 2130 ut

1990 2165 2156 2236 prius
2176 2165 2320 2219 urbe
2341 2163 2807 2219 Leodecensium
2826 2168 3012 2234 capta,
3033 2166 3319 2236 priusque
3333 2165 3653 2236 aliquantis

1990 2254 2322 2325 principum
2352 2253 2831 2307 Lothariensium
2860 2253 3222 2324 subjugatis,
3256 2254 3386 2322 ipse
3416 2269 3655 2323 quoque

1990 2343 2365 2414 postmodum
2395 2342 2622 2412 absque
2668 2341 3011 2396 difficultate
3043 2342 3464 2412 subjiceretur.
3496 2344 3653 2396 Pace

1990 2434 2186 2502 itaque
2207 2432 2532 2501 impetrata,
2559 2445 2666 2501 spe
2684 2434 2879 2485 tamen
2901 2445 3221 2499 suspensa,
3237 2430 3467 2484 interim
3489 2430 3654 2500 quie-

1988 2522 2090 2588 vit,
2127 2520 2264 2575 dum
2297 2520 2543 2574 Domino
2573 2519 2889 2591 adjuvante
2920 2534 3165 2590 puerum
3200 2522 3433 2588 captum
3463 2520 3652 2590 impe-

1990 2610 2207 2664 ratoris
2236 2609 2420 2663 filium
2452 2608 2545 2663 sui
2578 2608 2874 2678 principes
2914 2609 2986 2663 de
3020 2624 3195 2662 manu
3224 2608 3481 2663 tenentis
3512 2623 3648 2661 cum

1988 2700 2202 2753 virtute
2261 2697 2619 2753 extorserint
2665 2701 2721 2751 et
2765 2697 2825 2751 in
2849 2696 2986 2767 jure
3035 2700 3276 2767 paterno
3304 2697 3648 2752 locaverint.

1991 2788 2101 2843 Hic
2117 2787 2267 2858 (218)
2282 2789 2507 2857 postea,
2543 2790 2661 2841 tam
2681 2786 2896 2841 virtute
2913 2802 3088 2857 quam
3111 2788 3278 2840 astate
3305 2786 3648 2856 prociens,

1987 2877 2134 2932 adeo
2180 2876 2370 2947 viguit
2399 2878 2462 2930 ut
2491 2875 2546 2931 ei
2576 2890 2683 2930 rex
2728 2875 3049 2930 Lotharius
3080 2875 3288 2929 urbem
3320 2874 3650 2930 Virdunen-

1987 2966 2142 3021 sium
2162 2969 2387 3035 captam
2405 2968 2464 3019 et
2474 2963 2863 3020 Godefridum
2882 2963 3153 3019 comitem
3166 2963 3488 3018 reddiderit
3500 2961 3650 3032 (214)

1987 3053 2385 3212 (826:.8365.)
2429 3141 2699 3214 Epistula
2746 3157 2912 3212 quam
2968 3098 3351 3195 Laubienses.
3382 3140 3654 3195 monachi

1986 3233 2279 3286 miserunt
2337 3230 2631 3302 episwpis
2678 3228 2985 3283 Ret/lardo
3017 3226 3554 3297 Cameracensium,
3590 3233 3650 3283 et

201 3316 505 3386 dentibus,
540 3317 862 3389 imperator
894 3323 1057 3374 extra
1087 3320 1421 3374 naviculam
1450 3321 1737 3375 vivaciter
1757 3321 1881 3374 exi-
2284 3319 2766 3374 Leodecensium.
2791 3318 2916 3372 Nec
2938 3316 3263 3372 absurdum
3279 3317 3468 3371 videri
3490 3318 3652 3386 puta-

204 3405 286 3475 lit,
317 3422 607 3478 equoque
640 3421 919 3477 ascenso,
954 3408 1031 3462 ita
1078 3408 1307 3464 delusis
1355 3409 1649 3476 hostibus,
1681 3412 1884 3480 preter

206 3510 392 3565 spem,
417 3496 628 3565 credo,
644 3496 961 3567 adiuvante
983 3498 1453 3552 Dominoillesus
1476 3499 1684 3552 evasit.
1712 3499 1882 3554 Unde

210 3596 336 3639 eam
364 3584 599 3655 probro
632 3585 987 3655 abscedens,
1020 3587 1245 3657 pudore
1275 3602 1629 3656 succensus,
1654 3587 1883 3641 meliori

210 3673 465 3728 consilio
496 3673 811 3729 militarem
834 3676 1063 3745 cepiam
1086 3676 1205 3730 sibi
1235 3676 1309 3730 ad
1341 3677 1734 3747 reparandum
1753 3691 1883 3746 pre-

213 3760 353 3816 lium
409 3778 688 3834 qumrere
743 3763 1059 3819 estimavit.
1129 3764 1567 3821 Verumtamem
1648 3765 1884 3820 interim

212 3854 397 3906 morte
460 3856 809 3921 preventus,
840 3852 1016 3924 paulo
1071 3857 1208 3924 post
1261 3853 1568 3909 intervallo
1608 3854 1887 3910 occubuit

216 3938 330 4005 (an.
362 3940 497 4009 988,
539 3940 684 3996 Dec.
733 3941 809 4011 7),
844 3942 1050 3998 Roma:
1079 3942 1318 4014 quidem
1346 3944 1406 3998 in
1434 3943 1665 4015 porticu
1695 3943 1883 3999 sancti

220 4029 378 4084 Petri
408 4030 708 4099 sepultus.

276 4119 403 4173 105.
428 4119 613 4189 (104.)
632 4119 952 4175 Lotharius
970 4135 1089 4175 rex
1101 4120 1481 4177 Karlensium
1511 4128 1570 4177 et
1597 4121 1887 4177 Einrieus

221 4208 341 4262 dux
348 4207 769 4280 quoariorum
782 4211 1027 4283 quisque
1033 4226 1146 4282 pro
1158 4227 1224 4266 se
1237 4211 1485 4267 tendunt
1497 4211 1886 4283 adimperium

213 4295 723 4363 Lotharieusium,
745 4313 1011 4371 puerque
1027 4300 1237 4371 regius
1259 4299 1333 4354 ab
1355 4299 1609 4355 Einrico
1628 4301 1882 4371 rapitur,

213 4385 322 4439 sed
324 4391 543 4456 postea
565 4386 626 4439 vi
634 4387 912 4458 eripitur.
932 4387 1059 4452 Quo
1071 4389 1296 4459 passim
1315 4392 1885 4460 comperto,repente

218 4474 455 4543 gemina
476 4473 647 4529 labes
665 4476 803 4530 mali
833 4490 1017 4548 regno
1040 4478 1325 4533 exoritur.
1358 4478 1507 4531 Nam
1529 4480 1592 4532 ut
1613 4493 1680 4532 se
1710 4477 1887 4533 habet

216 4561 562 4634 inquietudo
619 4580 869 4633 morum,
901 4567 1083 4621 immo
1127 4571 1227 4620 aut
1274 4566 1588 4623 smeularis
1619 4566 1882 4636 ambitio,

220 4651 541 4707 Lotharius
572 4668 695 4721 rex,
731 4654 1030 4710 Henricus
1062 4672 1297 4728 quoque
1330 4657 1451 4712 dux
1478 4656 1888 4729 Bajoariorum

221 4739 277 4794 in
306 4742 517 4811 prisca
531 4742 664 4797 odia
686 4744 1119 4802 recrudescunt
1138 4743 1237 4817 14,
1256 4758 1463 4816 pacem
1483 4747 1721 4819 quidem
1733 4748 1888 4803 bello

1988 3426 2122 3463 mus
2145 3409 2416 3463 inserere
2430 3408 2584 3478 quod
2601 3406 2972 3462 Laubienses
2995 3405 3413 3476 monachihiam
3431 3406 3651 3461 dudum

1987 3501 2225 3568 pastore
2247 3497 2487 3566 viduati,
2515 3497 2793 3551 domuum
2826 3495 3191 3550 llothardum
3221 3495 3567 3565 episcopum
3596 3497 3655 3549 et

1986 3588 2327 3643 Nocherum
2349 3584 2816 3641 Leodecensium
2840 3585 3237 3653 epistolariter
3253 3584 3533 3656 aggressi
3553 3583 3652 3655 (an

1984 3677 2133 3745 990),
2195 3675 2512 3747 subrogari
2563 3674 2680 3728 sibi
2723 3673 2977 3728 abbaten
3027 3673 3385 3744 Herigerum
3428 3672 3653 3743 scripto

1985 3764 2332 3837 hujusmodi
2371 3763 2666 3834 petierunt
2700 3778 2711 3815 :
2808 3761 3079 3817 Dominis
3109 3763 3164 3815 et
3194 3762 3462 3831 patribus
3492 3761 3652 3832 epis-

1988 3854 2154 3924 copis
2193 3852 2635 3909 venerabilibus
2680 3850 2978 3906 Rothardo
3010 3853 3066 3904 et
3096 3851 3377 3919 Notkero,
3411 3849 3653 3904 humilis

1987 3942 2374 3998 Lobiensium
2391 3943 2629 3996 caterva
2649 3939 3036 3995 devotissima
3053 3939 3312 3995 delium
3324 3938 3655 3994 orationum

1990 4032 2205 4087 munia.
2240 4030 2593 4090 Jamdudum
2619 4032 2859 4099 pastore
2880 4029 3120 4096 viduati,
3156 4029 3490 4084 diutissime
3511 4042 3656 4084 vero

1990 4121 2242 4177 rectoris
2291 4118 2529 4174 solliciti
2561 4118 2865 4190 diligentia
2902 4117 3189 4187 destituti,
3219 4119 3484 4172 vestram
3512 4133 3659 4173 con-

1989 4210 2264 4266 venimus
2312 4206 2721 4279 paternitatem
2760 4206 3069 4273 submissi,
3104 4206 3384 4275 quoniam
3422 4206 3659 4275 quidem

1992 4299 2241 4355 alterum
2280 4299 2545 4351 vestrum
2589 4295 2921 4362 animabus,
2967 4294 3213 4348 alterum
3264 4293 3425 4347 Deus
3470 4293 3659 4354 voluit

1997 4386 2418 4443 subintendere
2447 4383 2799 4454 corporibus
2831 4380 2999 4453 (215),
3024 4383 3088 4435 ut
3103 4396 3237 4435 eum
3258 4380 3434 4435 nobis
3463 4380 3660 4449 provi-

1997 4476 2187 4533 deatis
2224 4476 2515 4542 abbatem,
2566 4473 2668 4545 qui
2708 4472 2821 4527 hoc
2866 4472 2944 4526 sit
2981 4471 3139 4541 quod
3172 4470 3418 4540 dicatur,
3453 4469 3513 4524 id
3545 4473 3657 4540 est,

1998 4570 2063 4621 ut
2091 4569 2149 4620 et
2168 4563 2519 4635 corporibus
2541 4567 2784 4633 paterno
2806 4559 3020 4617 all'ectu
3040 4560 3444 4617 necessariam
3457 4574 3662 4614 curam

2000 4655 2316 4727 impendat,
2349 4655 2406 4708 et
2434 4653 2763 4707 animarum
2792 4652 3041 4707 salutem
3064 4651 3324 4721 pastoris
3356 4650 3662 4722 vigilantia

1998 4763 2114 4802 non
2145 4742 2456 4817 neglegat;
2494 4741 2688 4813 sitque
2708 4741 3054 4798 interiorum
3085 4756 3285 4795 curam
3320 4739 3378 4793 in
3408 4738 3659 4793 exterio-

1531 4895 1828 4957 VARI/E
1875 4893 2236 4957 LECTION
2246 4893 2344 4954 ES

397 5019 514 5108 Qui
528 5021 825 5103 :illesus
845 5023 1249 5108 evasitprimo
1272 5041 1384 5079 non
1408 5032 1581 5108 erant
1674 5028 1849 5108 i,sed
1864 5026 2066 5108 statim
2080 5025 2375 5108 pergebat
2395 5025 2775 5108 convertitur.
2793 5022 2961 5108 Unde
2978 5038 3107 5108 com
3125 5022 3341 5108 probro
3363 5027 3421 5077 et
3438 5027 3661 5108 cetera.

216 5090 331 5145 Sed
340 5098 558 5146 auctor
573 5092 705 5163 ipse
726 5094 907 5149 verba
939 5094 1029 5148 Un

1139 5099 1644 5153 cumestimavit
1674 5098 1856 5153 lineis
1878 5094 2249 5153 transductis
2273 5096 2519 5163 delevit,
2540 5102 2599 5150 et
2619 5096 2855 5165 signow'
2884 5101 3016 5165 post
3046 5095 3411 5165 convertitur
3431 5094 3665 5150 inserto

217 5163 407 5217 omnia
437 5163 544 5217 illa
557 5163 976 5241 __Qui_-illesus
1004 5167 1546 5241 evasitinscedula
1577 5177 1791 5241 assuta
1801 5169 2125 5241 supplevit,
2150 5167 2402 5241 praexo
2419 5167 2621 5223 eodem
2645 5163 2819 5238 signa
2969 5164 3034 5218 In
3063 5164 3115 5220 2.
3140 5165 3194 5220 8.
3234 5165 3436 5222 verba.
3470 5167 3662 5239 Unde,

217 5247 348 5288 cum
375 5265 449 5275 -
478 5234 778 5291 estimavit
806 5236 1015 5293 desunt
1043 5237 1154 5293 sed
1180 5236 1233 5294 3.
1266 5238 1319 5294 5.
1355 5239 1578 5296 habent
1609 5258 1697 5296 ea.
1876 5234 2300 5295 retrudescunt
2331 5236 2384 5293 1.

282 5486 433 5556 (213)
467 5486 605 5541 Otto
636 5486 733 5540 Ill.

281 5556 433 5627 (214)
456 5557 846 5629 Godefridum
869 5559 1117 5614 reddere
1141 5564 1384 5629 paratus
1410 5561 1517 5616 fuit
1540 5561 1882 5628 Lotbarius,

219 5629 456 5704 gedsub
476 5628 835 5704 quibusdam
849 5628 1549 5704 tantumconditionibus.
1570 5633 1726 5699 Quas
1749 5632 1890 5704 quia

219 5697 579 5757 Godefridus
599 5699 803 5756 subire
817 5701 1021 5771 noluit,
1046 5702 1375 5761 libertatem
1392 5718 1510 5762 non
1528 5697 1894 5762 consecutus

624 5796 915 5865 ..
949 5800 1234 5866 CXLIX.

1998 5492 2094 5544 est
2124 5490 2240 5543 nisi
2271 5494 2503 5545 mortuo
2534 5491 2769 5546 demum
2799 5492 3100 5549 Lothario.

2076 5560 2223 5631 (215)
2256 5562 2320 5615 In
2354 5562 2759 5631 spiritualibus
2793 5564 2948 5617 enim
2976 5563 3411 5631 Cameracensi,
3436 5562 3496 5617 in
3519 5564 3663 5618 tem-

1999 5632 2309 5706 poralibus
2338 5633 2657 5706 Leodiensi
2676 5634 2959 5706 episcopo
2974 5635 3310 5706 subjectum
3323 5636 3451 5689 erat
3465 5649 3661 5690 mona-

2009 5703 2256 5758 sterium
2287 5703 2640 5759 Laubiense.

3268 5802 3309 5865 4
