4098 6196
408 373 524 437 107

1347 369 1620 432 GESTA
1666 368 2189 433 PONTIFICUM
2227 367 2964 432 CAMERACENSIUM

3735 370 3858 433 108

406 572 540 613 rum
561 554 943 627 occupatione
973 568 1091 608 non
1122 554 1416 622 minuens,
1443 556 1499 608 et
1530 554 1898 608 exteriorum
1927 568 2067 624 pro-
2100 552 2159 613 A
2186 554 2528 607 timentibus
2578 554 2762 607 Deum
2812 552 2999 621 (Psal.
3040 570 3247 623 xxxm,
3279 554 3389 623 10).
3428 575 3450 605 ι
3486 554 3558 608 Et
3591 571 3603 608 :
3657 578 3679 601 α
3715 555 3853 610 Non

410 647 725 701 videntiam
738 645 797 698 in
817 643 1164 698 interiorum
1178 643 1571 698 sollicitudine
1588 659 1704 697 non
1718 643 2067 714 relinquens

412 751 486 790 ne
516 738 615 790 aut
642 732 1037 788 exterioribus
1068 732 1300 785 deditus
1323 732 1395 785 ab
1430 732 1652 785 intimis
1683 737 1939 801 corruat,
1977 734 2077 785 aut

414 823 564 878 solis
577 822 959 877 interioribus
982 826 1326 890 occupatus,
1343 838 1476 892 quae
1492 822 1640 875 foris
1662 822 1854 889 debet,
1871 821 2073 890 proxi-

411 913 526 966 mis
557 928 673 966 non
704 911 1030 980 impendat;
1072 910 1246 981 cujus
1270 910 1469 980 jussio
1500 910 1597 964 vel
1627 910 1891 965 doctrina
1916 910 2075 963 velut

414 1001 766 1055 fermentum
782 999 994 1053 divinae
1004 999 1026 1069 j
1036 999 1250 1053 ustitiae
1266 999 1325 1053 in
1337 999 1762 1069 discipulorum
1776 999 2075 1052 montibus

416 1092 880 1160 conspergatur;
944 1089 1042 1159 qui
1100 1091 1155 1141 et
1197 1089 1427 1141 studeat
1484 1089 1619 1157 plus
1669 1088 1851 1140 amari
1901 1104 2075 1158 quam

411 1178 624 1246 timeri,
659 1180 714 1231 et
744 1177 803 1231 in
844 1176 1109 1246 imperiis
1146 1177 1295 1245 suis,
1332 1177 1460 1231 sive
1501 1177 1829 1230 secundum
1862 1177 2069 1243 Deum,

414 1270 541 1322 sive
569 1266 897 1322 secundum
924 1267 1211 1333 seculum,
1243 1265 1529 1335 providus
1549 1265 1624 1318 sit
1642 1268 1698 1319 et
1723 1265 2073 1320 considera-

411 1358 848 1425 tus,ceteraque
870 1370 900 1407 a
913 1353 1084 1408 beato
1102 1354 1417 1408 Benedicto
1449 1354 1792 1423 deprompta
1810 1370 1916 1423 pro
1932 1368 2072 1422 pos-

414 1444 710 1499 sibilitatis
733 1443 1004 1496 humanae
1027 1441 1379 1497 sollicitetur
1398 1441 1673 1496 affectare
1707 1442 2072 1496 convenien-

415 1532 622 1587 tia.Ad
654 1547 787 1603 quae
820 1534 1138 1601 utcumque
1179 1530 1501 1585 affectanda
1534 1531 1757 1585 nullum
1787 1531 1900 1585 hoc
1932 1533 2073 1584 tem-

413 1637 557 1691 pore
580 1621 866 1691 aptiorem
880 1621 1147 1675 invenire
1160 1620 1661 1690 potuimus,quam
1677 1621 1953 1675 domnum
1968 1620 2078 1673 He-

413 1711 700 1781 rigcrum,
737 1709 926 1763 virum
948 1704 1046 1777 175,
1072 1709 1192 1762 Deo
1227 1713 1393 1773 teste,
1416 1725 1532 1761 non
1556 1711 1882 1763 secundum
1906 1725 2073 1763 suam

414 1800 521 1853 sed
568 1798 895 1852 secundum
944 1801 1207 1851 nostram
1239 1798 1688 1866 estimationem,
1724 1801 1856 1852 ante
1884 1813 2073 1851 annos

414 1886 630 1940 multos
661 1891 717 1939 et
747 1885 1057 1940 nobiscum
1093 1885 1390 1939 socialiter
1420 1890 1481 1941 ut
1512 1887 1751 1941 fratrem
1783 1902 2070 1942 conversa
2103 1910 2157 1973 Β

411 1978 571 2044 tum,
628 1974 948 2044 multisque
1006 1975 1418 2029 emolumentis
1477 1976 1649 2031 nobis
1707 1978 2068 2046 proficuum,

412 2064 684 2133 pluribus
728 2078 870 2117 vero
916 2067 1255 2118 nostrorum
1312 2065 1579 2135 magistri
1629 2068 1686 2119 et
1732 2066 2071 2120 educatoris

413 2155 671 2206 strenua
709 2151 1122 2220 adimplentem
1162 2153 1442 2208 ofﬁcium.
1475 2153 1581 2208 Cui
1612 2155 1750 2209 licet
1781 2155 1935 2209 desit
1967 2172 2075 2210 sua

413 2240 786 2295 attestatione
817 2241 1123 2313 catalogus
1154 2242 1436 2296 virtutum
1466 2258 1499 2296 a
1542 2244 1714 2298 beato
1754 2244 2073 2299 Benedicto

411 2332 473 2385 in
483 2330 752 2384 abbatem
769 2330 1110 2399 deﬂoratus,
1125 2333 1319 2384 tamen
1332 2332 1403 2385 ad
1425 2332 1552 2385 haec
1571 2333 1890 2403 aSpiranda
1904 2335 2076 2389 bonae

410 2419 752 2475 intentionis
802 2434 1038 2489 semper
1066 2417 1231 2474 aﬂ'uit
1269 2420 1536 2490 intuitus,
1575 2422 1903 2476 secundum
1934 2423 2079 2477 illud

411 2508 820 2580 evangelicum
842 2524 853 2561 :
876 2531 897 2557 κ
921 2508 983 2563 Si
1005 2508 1214 2564 oculus
1236 2512 1377 2564 tuus
1402 2509 1578 2565 fuerit
1595 2511 1870 2581 simplex,
1894 2515 2080 2566 totum

414 2613 631 2665 corpus
663 2599 826 2650 tuum
860 2597 1117 2650 lucidum
1148 2597 1257 2650 erit
1288 2598 1527 2657 (Matth.
1561 2617 1638 2669 v1,
1673 2600 1798 2664 22):.
1837 2620 1859 2649 ι»
1894 2602 1952 2654 id
1990 2606 2080 2655 est

413 2684 713 2755 quodlibet
743 2685 821 2738 sit
855 2700 1005 2753 opus
1038 2687 1097 2739 in
1125 2686 1387 2754 publico,
1421 2688 1576 2742 bona
1608 2692 1802 2743 tamen
1834 2690 2078 2744 intentio

415 2775 644 2829 maneat
680 2773 740 2826 in
788 2774 1037 2827 occulto.
1080 2775 1144 2828 In
1193 2774 1369 2846 cujus
1410 2776 1756 2832 electionem
1787 2779 2077 2833 noveritis

412 2879 530 2917 non
578 2863 793 2917 deesse
823 2865 1088 2916 nostram
1117 2865 1581 2932 unanimitatem,
1617 2867 1947 2921 secundum
1979 2884 2079 2922 no-

416 2954 555 3006 strae
576 2951 802 3022 regulae
820 2951 1262 3019 institutionem,
1284 2969 1415 3023 quae
1429 2956 1695 3024 precepit
1726 2956 1816 3009 vel
1838 2956 2077 3011 omnino

416 3042 767 3095 concordem
791 3041 850 3094 in
883 3040 995 3095 hoc
1015 3041 1148 3095 ﬁeri
1171 3044 1715 3114 congregationem,
1737 3046 1830 3098 vel
1851 3046 2080 3100 saniori

417 3130 663 3184 consilio
686 3130 857 3183 etiam
880 3130 1152 3200 quamvis
1182 3131 1483 3185 minimam
1508 3136 1750 3201 partem.
1785 3135 1935 3188 Nam
1966 3138 2078 3190 etsi

416 3220 493 3272 sit
535 3219 748 3290 aliquis
801 3219 936 3272 huic
981 3220 1252 3273 electioni
1293 3235 1408 3274 non
1451 3226 1908 3293 consentaneus,
1945 3225 2079 3279 licet

416 3309 704 3379 occultus,
730 3309 825 3362 hic
848 3309 908 3362 in
940 3324 1006 3364 se
1038 3310 1166 3363 tulit
1190 3311 1564 3379 sententiam,
1590 3328 1707 3367 non
1736 3313 2078 3384 refragante
2110 3333 2162 3396 ο

415 3397 586 3451 etiam
641 3399 840 3451 vestra
899 3399 1294 3463 conscientia,
1358 3401 1515 3469 quod
1555 3402 1792 3455 omnino
1850 3403 2078 3456 inutilis

412 3485 553 3539 velit
583 3501 721 3538 esse
761 3487 818 3539 et
846 3486 1230 3555 inproﬁcuus.
1266 3488 1352 3540 Ad
1384 3488 1498 3541 hoc
1529 3492 1722 3543 autem
1754 3491 2079 3546 animarum

417 3574 682 3643 regimen
729 3574 1035 3642 aspirasse
1091 3589 1224 3628 eum
1280 3577 1530 3644 pecunia
1590 3578 1683 3631 vel
1740 3579 2078 3650 ambitione,

419 3677 552 3732 quae
584 3661 770 3729 prima
820 3663 1022 3716 estde
1072 3663 1493 3733 quadripartita
1548 3668 1870 3736 pastoralis
1920 3684 2080 3722 curae

419 3750 848 3818 subdivisione,
887 3751 1094 3805 Jesum
1129 3754 1416 3807 testamur
1445 3757 1502 3808 et
1542 3756 1911 3810 tremendum
1943 3757 2078 3828 ejus

410 3840 724 3911 judicium,
770 3839 831 3893 in
891 3843 1091 3894 nostra
1141 3841 1389 3895 scientia
1439 3857 1557 3897 non
1613 3859 1772 3899 esse.
1819 3845 2081 3908 Qualiter

417 3931 613 3983 autem
641 3928 867 3997 doceat,
900 3928 957 3982 id
991 3931 1082 3983 est
1110 3931 1171 3982 ut
1202 3931 1351 3984 sciat
1379 3931 1532 3986 unde
1556 3932 1815 4002 proferat
1844 3949 1997 3988 nova
2019 3938 2075 3988 et

418 4022 639 4085 vetera,
671 4019 894 4071 certum
926 4021 1018 4072 est
1046 4021 1102 4072 et
1126 4018 1296 4073 vobis
1318 4022 1375 4072 et
1404 4020 1597 4089 nobis,
1623 4021 1677 4075 ei
1707 4021 2074 4077 sufficienter

418 4108 694 4162 subesse.
728 4105 843 4161 Sed
891 4109 947 4161 et
989 4107 1242 4177 qualiter
1289 4108 1466 4177 vivat,
1500 4110 1657 4179 quod
1701 4111 2075 4179 potissimum

417 4184 557 4250 esse
585 4195 998 4265 persensimus
1021 4197 1179 4266 quod
1210 4196 1345 4268 ejus
1377 4199 1804 4253 conscientiam
1843 4216 2075 4254 remor-

417 4285 567 4354 deat,
592 4284 1020 4339 inculcavimus
1051 4286 1104 4339 ei
1134 4286 1352 4357 quique
1385 4288 1645 4342 sanioris
1679 4288 1899 4343 fuimus
1931 4305 2076 4343 con-

418 4372 557 4442 silii,
591 4373 746 4428 beati
776 4374 1077 4428 Benedicti
1100 4375 1517 4443 consolatorie,
1542 4374 1675 4446 qum
1700 4381 1836 4431 sunt
1866 4377 1924 4430 in
1949 4378 2077 4432 haec

416 4461 634 4517 verba:
673 4482 695 4511 κ
718 4462 869 4515 Dum
894 4481 917 4510 ι
944 4463 1131 4532 inquit
1156 4486 1177 4509 «ι
1205 4464 1277 4517 de
1298 4463 1508 4519 alienis
1540 4466 1865 4520 ratiociniis
1889 4469 2075 4535 cavet,

416 4549 684 4605 redditur
714 4549 786 4604 de
817 4550 949 4604 suis
994 4550 1319 4617 sollicitus;
1356 4556 1412 4606 et
1454 4553 1592 4607 dum
1624 4555 1695 4608 de
1740 4555 2077 4609 monitioni-

414 4639 529 4693 bus
585 4638 717 4693 suis
763 4638 1229 4694 emendationem
1273 4640 1406 4694 aliis
1455 4641 1888 4711 subministrat,
1951 4644 2077 4712 ipse

417 4727 885 4783 efﬂcituravitiis
917 4727 1280 4782 emendatus.
1304 4729 1494 4784 Nimis
1517 4735 1609 4785 est
1625 4732 1779 4785 enim
1803 4732 2075 4788 ethnicus

419 4820 474 4871 et
503 4811 855 4887 publicanus
889 4816 1009 4888 qui,
1044 4818 1192 4871 alios
1242 4819 1705 4891 reprehendens,
1741 4821 1884 4876 nolit
1915 4822 2073 4877 inre-

418 4904 837 4972 prchensibilis
890 4921 1048 4976 esse,
1084 4922 1217 4961 cum
1265 4907 1420 4961 idem
1460 4909 1668 4963 beatus
1718 4911 2073 4966 Benedictus

418 4991 603 5045 dicat:
644 5015 665 5041 α
699 4995 1096 5066 Quaecumque
1127 4995 1455 5066 discipulos
1488 4997 1753 5053 docuerit
1770 5015 1907 5054 esse
1931 5016 2075 5055 con-

417 5077 613 5147 traria,
646 5080 704 5133 in
733 5083 860 5136 suis
900 5085 1130 5139 actibus
1153 5084 1383 5155 judicet
1411 5100 1525 5139 non
1557 5088 1805 5157 agenda.
1845 5112 1865 5134 ι»
1902 5088 1973 5143 Et
2003 5091 2075 5144 de

416 5167 630 5223 minori
661 5169 988 5225 substantia
1006 5173 1321 5228 sollicitum
1342 5190 1354 5229 :
1378 5198 1397 5221 «ι
1423 5173 1582 5228 Nihil
1612 5200 1632 5221 ››
1655 5176 1842 5248 inquit
1868 5200 1889 5223 «
1908 5178 2077 5232 deest

2103 4785 2159 4847 D

2186 642 2408 713 afﬂiget
2440 642 2726 696 Dominus
2751 642 2901 696 fame
2936 643 3356 714 animamjusti
3380 643 3588 710 (Prov.
3614 662 3667 713 x,
3701 644 3777 713 3).
3821 669 3843 690 ιι

2186 730 2284 783 Et:
2326 752 2348 777 α
2374 730 2584 785 Junior
2616 730 2719 799 fui,
2753 732 2969 785 etenim
2999 731 3192 799 senui,
3227 736 3281 785 et
3313 748 3432 786 non
3470 733 3589 785 vidi
3614 731 3849 802 justum

2184 819 2528 873 derelictum
2559 835 2669 873 nec
2700 834 2906 873 semen
2936 819 3069 890 ejus
3101 836 3380 890 quaerens
3412 836 3623 891 panem
3653 820 3850 890 (Psal.

2184 925 2388 978 xxxvr,
2444 907 2556 975 25).
2612 933 2633 956 ιι
2687 909 2933 979 Propter
2990 910 3102 963 hoc
3158 910 3413 978 primum
3465 910 3711 980 quaerite
3764 926 3858 964 reo

2184 1012 2366 1067 gnum
2407 997 2511 1052 Dei
2568 1001 2623 1050 et
2668 996 2958 1066 justitiam
3002 998 3157 1068 ejus,
3191 1003 3247 1053 et
3295 999 3423 1052 haec
3468 1000 3660 1053 omnia
3693 997 3854 1069 adji-

2184 1086 2413 1139 cientur
2456 1086 2630 1139 vobis
2682 1086 2920 1155 (Matth.
2956 1103 3035 1153 vn,
3066 1086 3178 1155 33).
3219 1111 3239 1133 η
3294 1087 3388 1140 Ad
3435 1087 3705 1141 ultimum
3734 1088 3853 1141 sub

2184 1174 2571 1228 obtestatione
2623 1174 2808 1228 divini
2853 1174 3081 1228 timoris
3131 1174 3465 1246 objecimus
3508 1175 3653 1230 illud
3689 1176 3851 1230 beati

2180 1278 2347 1332 papas
2368 1261 2640 1334 Gregorii
2662 1263 2824 1331 (Cur.
2848 1268 3004 1334 past.
3030 1263 3082 1331 1,
3107 1264 3183 1333 5),
3206 1264 3278 1318 de
3303 1264 3396 1316 his
3428 1264 3524 1334 qui
3557 1264 3853 1333 prodesse

2182 1354 2435 1420 possunt
2464 1354 2520 1405 et
2552 1366 2804 1420 preesse
2834 1352 3157 1422 refugiunt.
3190 1375 3211 1400 α
3249 1352 3571 1406 Tantorum
3603 1375 3625 1400 ιι
3662 1352 3860 1423 inquit

2187 1460 2208 1485 α
2243 1439 2303 1493 in
2331 1440 2634 1494 tremendo
2671 1439 2899 1510 judicio
2931 1441 3015 1494 rei
3058 1438 3242 1494 futuri
3275 1442 3434 1508 sunt,
3468 1441 3703 1510 quantis
3752 1441 3854 1495 hic

2181 1528 2470 1598 prodesse
2500 1531 2833 1598 potuerunt.
2860 1548 2881 1578 »
2909 1528 2997 1582 Ad
3030 1529 3159 1583 haec
3189 1530 3491 1599 praebente
3518 1530 3616 1583 illo
3646 1545 3854 1583 assen-

2184 1632 2336 1685 sum,
2383 1621 2438 1671 et
2484 1632 2596 1671 nos
2629 1619 2741 1671 sub
2789 1622 2992 1672 vestro
3027 1620 3082 1672 et
3127 1622 3462 1673 ceterorum
3511 1618 3853 1673 testimonio

2182 1705 2576 1774 promittimus
2598 1706 2653 1760 ei
2672 1709 2894 1760 nostra:
2925 1707 3255 1761 secundum
3279 1707 3552 1778 regulam
3574 1708 3855 1761 obedien-

2184 1793 2282 1846 tim
2312 1794 2551 1862 bonum,
2578 1797 2652 1860 et,
2673 1794 2837 1849 salva
2868 1794 2927 1848 in
2950 1794 3225 1849 omnibus
3248 1798 3449 1849 vestra
3482 1797 3850 1863 auctoritate,

2188 1883 2335 1936 satis
2368 1898 2477 1935 nos
2509 1883 2561 1936 ei
2594 1882 2858 1937 facturos
2887 1883 2959 1937 de
2990 1887 3191 1938 nostra
3222 1885 3549 1939 secundum
3577 1884 3852 1954 proposi-

2186 1973 2308 2025 tum
2367 1976 2638 2026 nostrum
2688 1970 3081 2043 subjectione.
3136 1973 3267 2025 Non
3323 1975 3515 2027 autem
3555 1973 3855 2027 existimet

2189 2060 2533 2114 excellentia
2580 2064 2798 2115 vestrae
2830 2061 3108 2129 solertiae,
3140 2061 3198 2113 in
3250 2060 3359 2115 hac
3408 2078 3519 2116 nos
3563 2061 3854 2117 electione

2187 2148 2391 2203 verbis
2413 2151 2635 2203 tantum
2666 2149 2881 2204 fucatis
2913 2152 2969 2203 et
2987 2153 3233 2204 coturno
3265 2150 3617 2221 eloquentiae
3646 2151 3856 2206 deser-

2188 2237 2314 2291 vire
2336 2237 2624 2306 voluisse,
2647 2237 2753 2292 sed
2776 2238 2975 2308 potius
2997 2253 3064 2291 ea
3096 2254 3229 2309 quae
3260 2239 3611 2295 desolationi
3629 2243 3853 2294 nostra:

2190 2327 2246 2379 et
2292 2326 2406 2395 ipsi
2450 2326 2635 2380 electo
2697 2326 2923 2380 scimus
2982 2327 3326 2381 necessaria
3384 2327 3532 2394 fore,
3593 2344 3665 2382 ex
3707 2344 3855 2383 vero

2191 2417 2248 2468 et
2303 2430 2420 2469 non
2470 2414 2603 2468 ficto
2653 2415 2833 2469 corde
2880 2420 3097 2469 vestrae
3148 2416 3536 2486 magnitudini
3581 2416 3857 2486 deprom—

2191 2503 2411 2573 psisse.
2452 2527 2472 2551 η

2262 2592 2382 2645 1ΟἿ.
2433 2589 2605 2662 (106.)
2663 2591 2753 2647 De
2810 2592 3271 2665 inregularitate
3313 2592 3562 2648 Fulradi
3591 2594 3856 2660 abbatis,

2190 2688 2249 2735 et
2280 2681 2429 2752 quod
2458 2680 2806 2735 inimicabut
2835 2682 3104 2736 comitem
3126 2681 3586 2736 Flandrensium
3619 2690 3677 2737 et
3700 2684 3855 2754 epis-

2188 2787 2388 2840 copum
2420 2770 2804 2824 Rotlzardum.
2842 2771 2905 2824 ln
2934 2770 3031 2824 illo
3065 2786 3208 2825 vero
3239 2774 3502 2840 tempore
3535 2771 3855 2840 Fulradus,

2187 2859 2340 2913 falso
2398 2859 2632 2913 nomine
2679 2859 3028 2927 monachus,
3068 2859 3319 2914 abbatiae
3362 2865 3597 2928 preerat
3655 2862 3851 2914 sancti

2190 2947 2451 3016 Vedasti,
2521 2948 2641 3017 qui,
2699 2947 3120 3019 inregulariter
3182 2948 3412 3016 vivens,
3468 2949 3857 3016 prolationem

2190 3037 2378 3089 sancti
2432 3036 2687 3090 nominis
2746 3036 2997 3090 exuebat
3053 3037 3336 3107 dignitate
3369 3036 3616 3091 honoris
3673 3037 3855 3092 Curis

2189 3140 2439 3195 namque
2471 3125 2787 3195 pastoralis
2819 3125 3097 3179 sollertiae
3130 3125 3277 3178 male
3307 3125 3681 3195 posthabitis,
3715 3126 3859 3196 plus

2190 3213 2367 3267 nimio
2400 3213 2792 3269 saecularibus
2813 3214 3070 3285 negotiis
3089 3214 3501 3285 inplicabatur,
3533 3231 3601 3269 ac
3631 3216 3861 3270 lenoci—

2191 3305 2363 3356 nante
2421 3304 2618 3356 carnis
2676 3303 2998 3371 desiderio,
3050 3303 3265 3358 horreo
3324 3303 3541 3372 dicere,
3592 3305 3860 3373 speciem

2192 3392 2380 3446 sancti
2411 3391 2648 3445 habitus
2697 3393 2933 3446 omnino
2966 3392 3376 3445 mentiebatur.
3411 3392 3579 3456 Quod
3608 3394 3765 3447 enim
3796 3394 3859 3447 in

2192 3480 2402 3534 usibus
2441 3480 2731 3535 (ecclesiae
2766 3481 2893 3534 sive
2935 3481 3182 3535 fratrum
3215 3480 3460 3535 deberet
3491 3482 3853 3552 expendere,

2192 3568 2301 3623 hoc
2359 3568 2655 3638 nimirum,
2689 3568 2866 3623 attat!
2918 3585 3026 3639 per
3069 3571 3390 3624 amicarum
3464 3569 3860 3625 conciliabula

2192 3658 2437 3726 turpiter
2480 3659 2850 3728 protligabat.
2904 3656 3027 3722 Qua
3069 3658 3141 3713 de
3175 3674 3235 3712 re
3276 3660 3348 3712 ab
3380 3658 3661 3728 episcopo
3692 3675 3864 3729 saepe

2191 3746 2339 3800 clam
2357 3749 2623 3815 vocatus,
2643 3747 2911 3802 districte
2927 3747 3247 3818 judicatur,
3272 3748 3539 3819 graviter
3555 3749 3826 3820 arguitur
3843 3768 3860 3814 ;

2191 3835 2297 3889 sed
2329 3851 2481 3903 cum,
2534 3836 2923 3908 incorrigibili
2968 3837 3168 3909 rigore
3200 3836 3469 3906 duratus,
3517 3838 3589 3891 ab
3620 3838 3862 3907 incepto

2191 3934 2386 3986 minus
2413 3932 2746 4001 desisteret,
2771 3933 3006 4003 publice
3029 3933 3454 4003 reprehensus,
3480 3933 3650 4004 virga
3675 3949 3862 4001 apos-

2188 4021 2381 4075 tolica)
2409 4023 2774 4076 auctoritatis
2801 4022 2934 4092 jure
2967 4023 3198 4077 feritur.
3232 4023 3448 4077 Postea
3484 4026 3680 4076 tamen
3710 4038 3863 4091 spe—

2189 4110 2339 4164 ciem
2372 4112 2732 4180 poenitentiae
2754 4110 3029 4179 induens,
3052 4111 3122 4164 ad
3146 4110 3613 4165 satisfactionem
3641 4125 3860 4164 recur-

2188 4214 2352 4268 rens,
2370 4199 2689 4254 confessus
2704 4200 2956 4270 culpam,
2972 4214 3196 4272 rogans
3213 4200 3466 4268 veniam,
3481 4199 3863 4254 absolutione

2189 4287 2458 4342 donatur.
2490 4289 2858 4343 Procedente
2890 4305 3031 4342 vero
3063 4293 3326 4358 tempore
3361 4288 3628 4359 pristinae
3662 4289 3868 4357 pravi-

2186 4378 2514 4431 tatirursus
2538 4378 2876 4447 adhaerens,
2909 4382 2969 4432 ut
2994 4378 3125 4432 suis
3149 4378 3387 4449 quidem
3410 4376 3742 4431 feculentiis
3776 4378 3867 4430 la-

2187 4466 2321 4519 xior
2340 4465 2533 4535 possit
2552 4466 2855 4534 insistere,
2883 4467 3059 4536 coepit
3082 4468 3236 4521 inter
3255 4467 3597 4537 episcopum
3628 4468 3686 4520 et
3703 4465 3873 4520 inter

2188 4554 2500 4608 Arnulfum
2547 4553 2713 4623 (216).
2767 4554 3223 4611 Flandrensium
3265 4555 3539 4610 comitem
3589 4569 3868 4624 suosque

2191 4642 2395 4697 ﬁdeles
2445 4659 2659 4698 novam
2715 4645 2984 4699 odiorum
3055 4644 3358 4698 materiam
3407 4643 3741 4708 interferre,
3796 4647 3873 4696 ut

2191 4733 2394 4801 presul
2424 4732 2700 4787 videlicet
2746 4733 3069 4787 inimicitiis
3100 4733 3331 4788 comitis
3373 4732 3684 4796 sollicitus,
3717 4729 3871 4801 ejus

2190 4822 2482 4892 nequitias
2500 4822 2731 4876 desinat
2762 4823 3082 4893 corrigere.
3120 4822 3247 4876 Hoc
3277 4822 3538 4891 profecto
3573 4824 3869 4875 versutus

2191 4912 2456 4965 incentor
2488 4911 2559 4964 ad
2588 4912 2952 4981 ampliandas
2983 4911 3315 4965 discordias
3353 4926 3484 4964 cum
3517 4909 3771 4964 subdola
3799 4914 3871 4964 et

2190 5000 2496 5067 verisimili
2527 5001 2857 5055 assertione
2898 5000 3167 5068 addebat,
3202 5016 3269 5055 se
3311 4999 3530 5054 habere
3577 4997 3872 5053 videlicet

2186 5090 2377 5143 sancti
2409 5089 2723 5143 Vinditiani
2739 5089 3011 5161 ejusdem
3034 5089 3200 5144 sedis
3222 5088 3489 5159 episcopi
3511 5086 3854 5158 privilegia,

2187 5178 2508 5247 apostolica
2535 5178 2877 5233 auctoritate
2909 5178 3272 5247 confirmata,
3308 5177 3366 5230 in
3398 5176 3616 5248 quibus
3649 5174 3873 5230 decre-

1730 5365 2021 5427 VARI/[1
2068 5365 2427 5429 LECTION
2434 5365 2555 5427 ES.

389 5474 395 5483 ’
484 5487 564 5535 1⁷5
591 5490 675 5545 ita
706 5490 975 5557 correxi;
1005 5504 1213 5545 verum
1244 5491 1295 5547 1.
1330 5494 1467 5550 rell.

2004 5613 2282 5676 NOTIE.

481 5738 628 5810 (216)
658 5739 1008 5794 Balduinum
1040 5741 1357 5797 Barbatum
1387 5745 1601 5812 potius,
1638 5746 1885 5800 Arnult‘o
1917 5762 2068 5801 anno

406 5810 959 5901 988‘succcssore‘m
983 5813 1208 5901 factum.
1220 5829 1235 5884 ;
1269 5810 1605 5901 huiic‘c‘n‘ini
1624 5817 2070 5901 intelligendum

403 5884 608 5942 noster
644 5884 773 5957 ipse
824 5885 1080 5943 ostendit
1114 5883 1290 5944 infra.
1339 5901 1391 5943 α.
1426 5885 1548 5957 116,
1583 5889 1746 5945 inter
1774 5883 1964 5961 ipsum
2009 5897 2067 5945 et

2183 5748 2848 5815 -?omiteniBaI(1uinum,
2887 5754 2947 5802 ut
2974 5764 3151 5820 supra
3182 5747 3462 5820 diximus.
3480 5744 3666 5801 falsas
3700 5761 3883 5801 com-

2180 5820 2540 5874 minatiomis
2570 5821 3007 5874 discordiarum
3041 5819 3395 5875 semina/Jac.
