4098 6196
173 424 286 492 109

1564 425 1820 489 LIBER
1876 425 2228 491 PRIMUS.

3507 438 3624 501 110

168 633 289 683 tum
324 631 517 697 esset,
558 629 886 683 monachos
935 628 1124 683 sancti
1170 628 1413 683 Vedasti
1457 644 1573 682 non
1622 629 1843 683 debere
1873 610 1931 671 Α
1963 628 2119 682 vioni
2167 631 2248 674 178
2277 633 2425 684 male
2456 633 2741 701 tradebat,
2778 635 2876 705 qui
2928 640 3129 691 contra
3181 641 3525 710 evangelica
3564 645 3622 696 ct

168 719 394 772 habere
423 715 508 760 1⁷6
527 719 867 787 respectum
898 718 969 771 ad
990 718 1328 788 pontificem
1347 719 1626 772 acclesiae
1649 718 1846 772 Came-

166 807 541 875 racensium;
576 823 652 861 ex
695 808 809 860 hoc
841 822 984 860 sane
1016 806 1229 861 falsam
1275 808 1846 879 argumentationem

164 896 435 962 trahens,
511 896 669 967 quod
724 897 935 950 beatus
992 895 1365 950 Vinditianus
1424 913 1533 950 suo
1581 899 1844 967 tempore

162 1000 376 1040 omnes
404 985 853 1056 inquietudincs
883 1001 915 1038 a
960 985 1324 1039 monasterio
1359 986 1551 1039 sancti
1600 986 1844 1040 Vedasti

163 1075 391 1144 scripto
420 1076 704 1143 precepto
754 1073 1027 1138 exclusit,
1081 1079 1141 1128 ut
1173 1074 1367 1143 quiete
1423 1078 1479 1129 et
1511 1075 1841 1129 secundum

162 1163 439 1236 regulam
493 1163 685 1217 sancti
736 1163 1039 1217 Benedicti
1069 1160 1343 1217 monachi
1390 1163 1660 1218 viventes
1718 1164 1840 1219 Deo

160 1254 506 1321 servirent;
539 1268 656 1306 non
686 1256 748 1306 ut
771 1250 1096 1305 inordinate
1115 1248 1193 1293 1⁷7
1225 1253 1282 1304 et
1311 1252 1564 1321 turpiter
1595 1267 1842 1306 conver-

156 1345 388 1409 santes,
439 1340 624 1395 veluti
667 1342 781 1395 iste
828 1356 959 1395 cum
992 1340 1142 1407 suis,
1177 1356 1209 1394 a
1246 1342 1553 1410 proposito
1576 1341 1842 1395 decisce-

156 1434 303 1484 rent.
339 1430 543 1484 Porro
594 1431 731 1498 iste,
768 1430 868 1500 qui
919 1429 1307 1484 contendebat
1362 1429 1735 1499 disciplinam
1788 1432 1844 1483 et

154 1519 633 1589 increpationem
664 1517 930 1587 episcopi
953 1518 1273 1586 declinare,
1307 1521 1364 1572 et
1404 1522 1607 1573 contra
1657 1534 1840 1572 evan-

149 1608 359 1679 gelicae
412 1611 474 1661 et
525 1607 872 1676 apostolicae
917 1606 1303 1661 institutionis
1344 1608 1754 1662 auctoritatem
1803 1623 1836 1660 a

141 1696 289 1770 jugo
314 1697 597 1768 episcOpi
621 1696 918 1751 cervicem
957 1696 1273 1750 deditionis
1323 1700 1622 1764 excutere,
1674 1697 1837 1765 male

148 1786 531 1859 intelligebat
573 1787 930 1841 sententiam
960 1785 1150 1840 sancti
1181 1785 1498 1852 benedicti,
1558 1784 1679 1853 ubi,
1711 1787 1836 1838 tra-

152 1880 323 1930 etans
343 1851 461 1929 vde
528 1874 863 1929 ordinando
922 1875 1153 1943 abbate,
1214 1874 1368 1929 inter
1412 1851 1608 1928 cetera
1658 1851 1834 1928 dicit:
1873 1851 1924 1913 Β

153 1988 170 2011 ε
206 1964 586 2036 Episcopus,
605 1965 679 2018 ad
696 1963 875 2035 cujus
894 1964 1178 2017 diocesim
1201 1964 1397 2033 ipsum
1410 1963 1836 2019 monasterium

147 2055 433 2125 pertinet.
478 2076 502 2100 ιι
536 2052 703 2118 Quod
728 2053 869 2124 quid
902 2052 998 2121 sit,
1031 2053 1085 2105 si
1114 2052 1208 2107 cui
1239 2053 1433 2106 ocium
1464 2056 1557 2106 est
1578 2052 1835 2123 diligen-

143 2147 234 2196 ter
282 2142 538 2208 intueri,
590 2142 864 2213 ejusdem
894 2141 1213 2196 voluminis
1262 2141 1486 2211 scripta
1535 2140 1833 2195 discutiat.

144 2232 361 2285 Infelix
392 2231 640 2301 quidem
669 2231 820 2284 male
848 2245 1110 2284 ememor
1141 2229 1331 2283 factus
1356 2232 1569 2300 quanta
1602 2230 1839 2283 humili-

145 2324 261 2374 tate
298 2325 360 2375 ct
377 2324 603 2391 quanta
623 2320 956 2374 reverentia
986 2320 1078 2373 sui
1100 2322 1520 2373 antecessores
1539 2319 1835 2389 quondam

147 2410 463 2464 dominum
504 2408 934 2463 Theodericum
981 2408 1250 2479 ejusdem
1276 2409 1441 2462 sedis
1485 2408 1832 2478 episcopum

145 2499 450 2566 adierunt,
486 2514 557 2553 eo
588 2498 865 2552 videlicet
895 2501 1156 2567 tempore
1204 2513 1321 2568 quo
1355 2498 1498 2551 Darii
1530 2514 1637 2567 per
1681 2497 1832 2551 vici-

148 2589 309 2642 niam
390 2587 582 2658 hujus
660 2588 974 2642 dioceseos
1043 2586 1464 2641 miserabiliter
1522 2588 1833 2642 seviebant

150 2677 319 2745 (ride
357 2694 411 2730 c.
444 2677 561 2743 44(i
588 2677 952 2747 inplorantes
986 2691 1131 2730 sane
1163 2679 1245 2742 ut,
1296 2677 1431 2747 quia
1460 2680 1637 2731 tantae
1689 2678 1826 2732 moli

149 2767 417 2837 impares
461 2769 581 2818 tam
625 2765 869 2819 arduam
920 2781 1161 2819 causam
1201 2766 1429 2836 absque
1485 2767 1862 2820 auctoritate.

151 2855 427 2926 episcopi
490 2858 834 2924 attemptare
893 2853 1302 2922 formidabant,
1364 2870 1581 2925 corpus
1642 2856 1827 2908 sancti

144 2944 403 2998 V'edasti
434 2945 755 3014 qumsitum
785 2960 818 2997 a
847 2944 977 2999 loco
996 2946 1276 3013 moveret,
1313 2946 1369 2997 et
1398 2943 1716 3014 inpositum
1736 2945 1828 2997 fc-

153 3037 328 3088 retro
350 3049 460 3103 pro
495 3036 655 3086 metu
690 3032 984 3086 Danorum
1016 3033 1087 3086 ad
1110 3031 1497 3087 deferendum
1543 3032 1828 3087 aliorsum

1962 719 2285 787 apostolica
2317 721 2549 775 decreta
2584 723 2863 794 episcopo
2887 726 3199 797 subjugari
3232 730 3612 786 detrectabat.

1963 808 2180 862 Postea
2196 811 2389 863 tamen
2408 812 2585 865 multa
2604 814 2946 867 auctoritate
2971 814 3281 885 subjectus
3314 833 3451 872 esse
3481 836 3617 874 con-

1960 896 2230 963 vincitur;
2283 901 2635 972 tandemque
2692 902 3059 972 resipiscens
3092 905 3160 958 ad
3187 905 3618 979 deditionisju-

1958 1001 2119 1056 gum,
2153 990 2426 1058 quamvis
2452 990 2692 1059 invitus,
2730 992 3068 1057 reflectitur;
3093 996 3229 1064 quia
3261 996 3617 1067 quicumque

1955 1074 2167 1146 jugum
2198 1078 2462 1149 episcopi
2494 1081 2791 1134 declinare
2842 1084 3158 1149 contendit,
3194 1085 3366 1139 etiam
3397 1086 3621 1141 Christi

1959 1166 2237 1236 refugere
2253 1169 2639 1223 convincitur.
2670 1170 2853 1225 Nemo
2868 1174 3023 1226 enim
3050 1175 3275 1243 absque
3298 1177 3616 1247 episcopa-

1957 1254 2031 1308 lis
2062 1256 2373 1311 ministerii
2406 1259 2739 1313 eonditione
2754 1261 2825 1314 ad
2845 1263 3122 1316 unitatem
3136 1266 3430 1321 {ecclesiae
3450 1266 3619 1321 colli-

1959 1343 2138 1414 gitur)
2178 1347 2510 1414 praasertim
2529 1363 2659 1401 cum
2682 1349 2811 1418 ipse
2844 1351 3151 1421 legislator
3182 1353 3467 1409 Dominus
3487 1372 3621 1411 cum

1959 1432 2089 1487 suis
2139 1433 2447 1503 discipulis
2490 1436 2799 1507 subjectus
2856 1439 3044 1493 fuisse
3108 1443 3518 1499 sacerdotibus
3560 1446 3621 1500 in

1960 1522 2272 1594 evangelio
2304 1524 2617 1579 multifarie
2638 1528 2989 1596 reperiatur,
3012 1528 3485 1602 ipsoattestante,
3518 1534 3620 1603 qui

1959 1609 2082 1664 ait:
2122 1632 2144 1661 α
2207 1612 2338 1666 Non
2397 1614 2529 1666 veni
2567 1615 2758 1684 legem
2815 1617 3071 1685 solvere,
3134 1619 3241 1672 sed
3290 1619 3613 1691 adimplere

1958 1700 2195 1768 (Matth.
2230 1718 2285 1769 v,
2321 1701 2430 1769 17).
2488 1726 2509 1749 η
2548 1704 2637 1756 Ad
2692 1703 3019 1773 discipulos
3083 1709 3274 1760 autem
3305 1708 3618 1778 subjectos

1957 1790 2157 1858 pravis
2170 1791 2580 1845 sacerdotibus
2596 1792 2733 1846 dicit
2753 1809 2763 1846 :
2789 1815 2811 1838 α
2828 1792 2993 1857 Quod
3009 1795 3228 1864 dicunt,
3251 1796 3443 1863 facite,
3459 1799 3619 1869 quod

1956 1880 2151 1931 autem
2168 1878 2579 1933 faciuntnolite
2595 1880 3041 1949 facere(Mattlz.
3069 1900 3273 1954 xxviii,
3305 1885 3384 1953 3).
3422 1906 3443 1934 υ

2028 1965 2149 2020 108.
2166 1967 2337 2037 (1071,
2354 1967 3146 2041 Immunilatcssuperrebus
3159 1974 3395 2027 Sancta:-
3407 1974 3622 2031 Mariae

1962 2056 2345 2111 corroborari
2360 2059 2550 2129 regiis
2560 2060 2867 2130 precoptis
2884 2060 3156 2114 obtinuit.
3182 2063 3459 2117 Predium
3480 2080 3622 2119 vero

1962 2147 2115 2216 quod
2149 2147 2348 2201 dicunt
2362 2148 2654 2201 Fontanas
2672 2147 2958 2217 (218),nec
2972 2152 3174 2219 procul
3204 2151 3393 2222 abest,
3420 2155 3622 2209 {eccle-

1959 2236 2065 2289 siae
2096 2240 2318 2289 sanctae
2340 2237 2443 2291 Dei
2464 2238 2665 2291 matris
2697 2238 3036 2308 adquisivit,
3074 2256 3303 2294 necnon
3336 2245 3391 2294 et
3422 2242 3625 2297 immu-

1955 2324 2166 2379 nitates
2199 2325 2488 2380 aecclesiaa
2527 2326 2599 2379 ab
2623 2327 3107 2382 antecedentibus
3160 2330 3616 2397 imperatoribus

1953 2413 2289 2485 insignitas,
2327 2416 2400 2467 ab
2431 2414 2638 2469 Ottone
2670 2415 2841 2469 etiam
2899 2417 3072 2470 tertio
3106 2418 3479 2471 corroborari
3510 2435 3619 2488 per

1952 2503 2364 2556 testamentum
2430 2503 2773 2574 hujusmodi
2830 2506 3110 2575 paginae:
3174 2526 3196 2554 α
3248 2507 3309 2559 In
3379 2508 3615 2562 nomine

1957 2593 2177 2643 sanctae
2234 2591 2552 2645 individuae
2593 2592 2913 2646 Trinitatis.
2961 2594 3090 2646 Otto
3122 2594 3319 2647 divina
3378 2594 3613 2650 favente

1955 2678 2263 2733 clementia
2294 2679 2579 2735 rex.Cum
2608 2682 2990 2751 petitionibus
3032 2697 3344 2737 servorum
3377 2684 3482 2737 llei
3502 2683 3610 2754 ju-

1950 2766 2061 2820 stis
2102 2770 2159 2821 et
2201 2768 2584 2822 rationalibus
2619 2769 2803 2823 divini
2838 2771 3031 2825 cultus
3089 2786 3288 2825 amore
3335 2771 3607 2828 favemus

1948 2871 2203 2925 superna
2237 2856 2422 2927 gratia
2453 2873 2563 2912 nos
2593 2858 2808 2911 muniri
2853 2858 3175 2913 difﬁdimus
3209 2876 3601 2932 nequaquam.

1946 2944 2201 2999 Proinde
2232 2946 2461 3000 noevrit
2489 2947 2780 3001 industria
2802 2949 3062 3002 omnium
3092 2949 3351 3003 ﬁdelium
3384 2953 3614 3005 nostro-

1945 3048 2077 3086 rum
2105 3038 2221 3087 tam
2250 3035 2615 3104 presentium
2647 3051 2822 3105 quam
2854 3038 2909 3090 et
2938 3035 3291 3106 futurorum,
3327 3038 3464 3107 quia
3519 3040 3611 3092 vir

143 3125 412 3194 pararet.
445 3120 559 3186 Qui
593 3137 837 3177 suorum
869 3124 1003 3175 vota
1040 3124 1447 3192 competenter
1481 3122 1826 3191 previdens,
1861 3100 1912 3164 ο
1941 3123 2302 3177 venerabilis
2317 3123 2656 3177 Rothardus
2678 3123 3131 3179 Cameracensis
3165 3126 3333 3179 urbis
3361 3127 3602 3196 episco-

143 3226 411 3283 qnarque
443 3211 735 3281 rogabant
777 3210 1142 3265 familiariter
1173 3210 1455 3280 implevit,
1517 3210 1829 3280 studioque

141 3317 270 3356 sua
326 3299 704 3354 auctoritatis
761 3298 860 3352 illo
915 3299 1365 3368 preciosissimo
1424 3299 1707 3354 thesauro
1758 3299 1830 3352 ad

138 3389 492 3443 ecclesiam
541 3387 994 3441 Belvacensium
1034 3388 1397 3441 circumfusa
1458 3388 1829 3442 multitudine

140 3478 346 3547 plebis
376 3476 687 3545 translato,
710 3478 782 3530 ab
812 3477 1038 3531 eisdem
1072 3477 1353 3531 fratribus
1385 3477 1591 3531 laudes
1617 3480 1673 3531 et
1692 3494 1830 3549 gra-

140 3568 367 3620 tiarum
397 3565 671 3619 actiones
691 3565 978 3619 maximas
1010 3566 1509 3637 competentijure
1541 3567 1826 3637 suscepit.

138 3656 286 3709 Post
308 3654 743 3709 dissitudinem
771 3652 925 3723 (217)
948 3671 1090 3709 vero
1141 3655 1479 3726 longissimi
1516 3655 1823 3725 temporis,

139 3744 324 3797 terris
348 3742 595 3814 quidem
628 3743 924 3797 Danorum
957 3744 1218 3799 abcessu
1250 3744 1490 3814 quietis,
1525 3745 1829 3799 cumidem

139 3831 423 3886 monachi
456 3834 731 3886 sanctum
778 3847 999 3901 corpus
1031 3833 1104 3886 ad
1151 3833 1459 3902 pristinam
1491 3834 1696 3888 sedem
1726 3849 1827 3888 re-

138 3921 301 3976 ferre
323 3921 739 3990 disponerent,
774 3921 945 3976 beato
967 3922 1247 3991 pontifice
1286 3922 1655 3978 Theoderico
1700 3922 1826 3994 jam

132 4010 367 4065 dudum
423 4009 733 4079 defuncto,
806 4010 1155 4065 Dodilonem
1224 4026 1648 4066 successorem
1688 4011 1825 4084 ejus

136 4104 420 4169 quartum
435 4098 512 4152 ad
532 4097 720 4168 hujus
741 4099 824 4153 rei
844 4100 1149 4171 negotium
1168 4100 1416 4155 invitare
1447 4101 1821 4170 estimarunt;

129 4188 510 4259 directisque
532 4186 605 4240 ad
622 4203 753 4241 eum
775 4188 1077 4257 precibus,
1105 4191 1511 4245 auctoritatem
1532 4206 1660 4245 suae
1677 4206 1824 4261 prae-

134 4278 353 4332 sentim
382 4276 788 4347 postularunt.
822 4277 951 4345 Hic,
986 4294 1234 4333 suorum
1256 4279 1556 4334 desiderio
1589 4280 1819 4335 satisfa-

1939 3230 2051 3283 pus
2071 3212 2277 3267 obtulit
2290 3211 2593 3265 obtutibus
2608 3213 2830 3265 nostris
2846 3213 3244 3267 immunitates
3256 3215 3447 3268 beata)
3475 3231 3603 3268 me-

1938 3303 2140 3357 moriae
2167 3301 2260 3354 avi
2284 3301 2472 3355 nostri
2502 3300 2731 3354 Ottonis
2753 3303 2809 3354 et
2829 3301 2963 3372 ejus
2991 3302 3285 3371 aequivoci
3310 3302 3601 3373 genitoris

1938 3391 2556 3459 nostriimperatorum
2577 3392 2990 3459 augustorum;
3007 3391 3297 3460 inquibus
3324 3391 3594 3446 contine-

1934 3480 2109 3534 batur
2126 3480 2411 3533 insertum
2425 3478 2932 3549 qualiterpredicti
2947 3480 3334 3549 imperatores
3351 3481 3592 3551 augusti

1934 3569 2286 3623 nominatam
2330 3568 2552 3637 sedem,
2604 3583 2737 3638 quae
2769 3571 2860 3622 est
2891 3568 2948 3620 in
2979 3568 3205 3622 honore
3238 3572 3457 3623 sanctae
3489 3569 3595 3623 Dei

1933 3657 2182 3729 genitris
2212 3656 2413 3711 Mariae
2444 3672 2799 3728 semperque
2857 3657 3133 3728 virginis,
3206 3659 3280 3711 ob
3328 3673 3593 3712 amorem

1932 3747 2037 3801 Dei
2059 3749 2115 3801 et
2134 3747 2615 3818 tranquillitatem
2636 3746 2879 3800 fratrum
2902 3746 3119 3800 ibidem
3137 3747 3589 3802 consistentium

1930 3851 2169 3904 semper
2200 3836 2312 3890 sub
2342 3835 2687 3904 plenissima
2710 3836 2954 3890 tuitione
3001 3836 3458 3890 etimmunitatis
3490 3836 3591 3890 de-

1928 3922 2198 3980 fensione
2220 3925 2590 3979 habuissent.
2602 3925 2713 3978 Pro
2729 3924 2763 3977 ﬁ
2773 3924 3003 3979 rmitate
3016 3927 3209 3979 tamen
3222 3926 3309 3979 rei
3330 3926 3586 3995 postula-

1927 4013 2010 4067 vit
2040 4028 2149 4068 nos
2170 3999 2492 4083 praedictus
2522 4014 2843 4083 episcopus
2868 4013 3208 4068 Rothardus
3243 4014 3592 4086 utejusdem

1928 4103 2091 4174 regis
2125 4102 2549 4171 auctoritatem,
2593 4117 2795 4157 amore
2828 4104 2884 4156 et
2898 4102 3228 4156 reverentia
3244 4106 3466 4159 saneta
3484 4104 3591 4157 Dei

1929 4191 2235 4261 genitricis
2255 4190 2475 4259 Maria),
2503 4193 2704 4245 nostra
2718 4191 3060 4245 auctoritate
3075 4190 3586 4245 eonﬁrmaremus.

1926 4279 2091 4344 Quod
2105 4280 2182 4332 ita
2197 4295 2301 4349 per
2325 4278 2717 4333 interventum
2740 4279 3004 4350 episcopi
3038 4276 3197 4331 illius
3218 4278 3588 4348 aliorumque

129 4368 327 4431 ciens,
361 4366 442 4419 ad
475 4366 793 4419 ecclesiam
836 4372 1324 4436 prememoratam
1359 4368 1815 4424 Belvacensium
1844 4354 1898 4414 Ῑ)
1928 4368 2185 4423 ﬁdelium
2218 4372 2574 4435 nostrorum,
2607 4366 2936 4421 Hildebaldi
2962 4364 3439 4419 Wormaciensis
3468 4382 3588 4421 aec-

123 4456 437 4524 perrexitz’
459 4460 788 4526 sanctoque
819 4455 1101 4511 thesauro
1132 4472 1364 4511 summa
1393 4474 1526 4511 cum
1562 4473 1813 4512 venera-

123 4545 292 4599 tione
326 4545 402 4599 ad
438 4560 617 4597 suum
654 4545 858 4611 locum
888 4544 1090 4615 relato,
1124 4546 1373 4600 verbum
1402 4547 1539 4601 inde
1590 4547 1815 4601 faciens

128 4633 205 4685 ad
234 4634 552 4703 populum,
579 4648 832 4688 annuam
844 4634 999 4688 diem
1016 4633 1321 4689 relationis
1342 4636 1816 4706 sancticorporis

130 4722 274 4783 εδει.
314 4720 405 4791 15)
428 4726 735 4792 perpetuae
767 4723 1090 4778 celebritati
1113 4738 1224 4779 sua
1267 4725 1591 4795 episcOpali
1621 4729 1819 4780 aucto-

1928 4458 2129 4513 clesiae
2140 4456 2498 4512 venerabilis
2517 4456 2800 4527 cpiscOpi,
2817 4459 2872 4511 et
2887 4455 3170 4527 Nothgeri
3198 4454 3587 4511 Leodicencis

1927 4546 2218 4602 iecclesiaa
2236 4546 2565 4601 honorandi
2597 4546 2899 4616 priesulis,
2921 4544 3339 4616 atquievimus,
3363 4545 3583 4599 etitain

1925 4635 2199 4691 omnibus
2224 4634 2638 4690 concessimus
2659 4637 2832 4705 atque
2854 4651 2962 4705 per
2982 4635 3096 4689 hoc
3112 4638 3455 4704 preceptum
3476 4649 3583 4688 no-

1924 4728 2066 4780 stra:
2113 4725 2476 4780 auctoritatis
2514 4723 2945 4779 roboravimus.
3000 4724 3403 4793 Precipientes
3435 4736 3582 4792 ergo

125 4810 308 4864 ritate
330 4811 793 4880 commendavit,
827 4812 996 4867 Unde
1028 4813 1238 4868 beatus
1271 4815 1539 4883 pontifex
1568 4814 1642 4868 ab
1689 4814 1815 4869 eis-
1916 4813 2200 4885 jubemus
2222 4812 2699 4883 utnullusjudex
2729 4813 3005 4883 publicus
3019 4815 3117 4866 aut
3136 4810 3352 4881 aliquis
3376 4825 3580 4865 comes

124 4898 267 4953 dem
289 4898 587 4953 fratribus
601 4900 1025 4971 obsequiorum
1040 4902 1359 4957 exibitione
1382 4904 1652 4972 donatur,
1686 4918 1812 4957 mu-

126 4988 748 5059 niﬁeisquelaudibus
765 4989 1091 5045 honorifice
1114 4992 1463 5047 cumulatur.
1485 4993 1605 5047 Has
1619 4994 1813 5046 autem

124 5074 558 5132 benivolentiae
589 5083 647 5131 et
676 5079 1077 5150 subjectionis
1102 5083 1499 5151 reverentias,
1532 5099 1684 5153 quas
1718 5082 1812 5136 sui

132 5168 572 5220 mtecessores
603 5167 879 5222 omnibus
927 5170 1226 5239 episcopis
1268 5170 1450 5242 hujus
1499 5171 1814 5226 dioceseos

130 5252 525 5325 exhibebant,
553 5254 665 5310 iste
678 5271 812 5311 cum
834 5257 965 5311 suis
986 5259 1348 5330 sequacibus
1363 5259 1577 5315 Fulrad
1587 5274 1656 5313 us
1675 5259 1816 5315 obli-

1922 4904 2013 4958 vel
2064 4903 2345 4974 quislibet
2375 4920 2446 4957 ex
2468 4902 2785 4973 judiciaria
2829 4903 3138 4971 potestate,
3184 4901 3243 4953 in
3268 4900 3581 4955 aecclesias

1923 4996 2020 5047 aut
2050 4992 2178 5047 loca
2195 4992 2289 5047 vel
2312 5008 2495 5063 agros
2517 5008 2624 5046 seu
2643 4992 2905 5061 reliquas
2936 4988 3365 5059 possessiones
3388 4988 3582 5058 ipsius

1925 5082 2238 5149 aecclesiae,
2258 5098 2407 5152 quas
2431 5082 2709 5136 moderno
2724 5079 3058 5148 temporein
3078 5078 3445 5149 quibuslibet
3472 5096 3583 5150 pa—

1924 5172 2022 5242 gis
2036 5172 2125 5226 vel
2142 5170 2454 5225 territoriis
2487 5171 2636 5224 infra
2657 5169 2938 5223 ditionem
2960 5167 3188 5238 imperii
3212 5170 3400 5222 nostri
3414 5168 3581 5239 juste

1924 5260 2260 5332 etlegaliter
2271 5262 2587 5314 memorata
2600 5260 2756 5312 tenet
2776 5256 3152 5327 velpossidet
3172 5257 3468 5326 (ecclesia,
3489 5256 3583 5311 vel

1455 5449 1749 5515 VARI/E
1797 5449 2284 5513 LECTIONES.

204 5598 297 5643 ηδ
319 5601 500 5659 abere
537 5603 587 5657 1.
616 5600 697 5646 177
715 5605 1152 5663 inordinantel.
1188 5605 1265 5651 ‘78
1293 5608 1518 5666 oblioni
1542 5610 1590 5667 1.

1725 5755 2002 5819 NOT/E.

200 5880 328 5951 (2'?)
349 5884 722 5940 Distantiam.

1927 5890 2074 5962 (218)
2104 5889 2390 5947 Fontaine
2419 5887 2845 5948 Notre-Dame.
