4098 6196
449 369 566 434 111
1305 364 1581 428 GESTA
1624 364 2156 428 PONTIFICUM
2221 361 2991 428 CAMERACENSIUM.
3775 364 3898 426 112

456 582 527 623 ea
555 581 689 639 quae
738 564 1020 635 deinceps
1067 581 1099 617 a
1140 562 1447 618 catholicis
1491 562 1642 616 viris
1674 562 1864 617 eidem
1912 562 2121 616 collata
2155 545 2200 607 Α
2232 568 2381 622 uicae
2402 567 2823 622 incarnationis
2877 565 3003 621 991.
3036 567 3353 621 indictione
3386 567 3438 633 4,
3490 583 3642 620 anno
3703 569 3901 620 autem

456 656 677 711 fuerint
706 653 1109 720 aecclesiae,ad
1131 668 1346 706 causas
1372 651 1697 706 audiendas
1720 654 1818 705 aut
1848 651 2010 706 freda
2034 652 2126 705 vel
2231 657 2388 710 tertii
2416 656 2643 710 Ottonis
2668 656 2971 727 regnantis
3002 654 3055 710 8.
3091 660 3300 709 Actum
3334 656 3665 726 Novimago
3698 655 3899 709 felici-

458 744 803 800 mansiones
833 742 928 795 vel
958 746 1193 811 paratas
1227 741 1552 807 faciendas,
1588 748 1686 794 aut
1722 738 2127 811 ﬁdejussores
2235 748 2345 799 ter.
2378 746 2585 799 Amen.

454 833 769 901 tollendos,
784 835 884 886 aut
896 831 1165 885 homines
1180 830 1371 899 ipsius
1386 830 1820 898 aecclesiae,tam
1836 830 2130 901 ingenuos

460 939 639 995 quam
671 937 885 976 servos
907 936 1089 990 super
1109 924 1324 974 terram
1344 920 1534 989 ipsius
1554 922 1995 974 commanentes
2018 934 2132 973 ne-

461 1026 755 1083 quaquam
785 1009 1255 1080 distringendos,
1281 1007 1372 1061 vel
1407 1008 1557 1062 ullas
1590 1008 2012 1063 retributiones
2032 1010 2131 1061 aut

465 1100 721 1154 inlicitas
743 1098 1093 1153 occasiones
1128 1096 1540 1167 requirendus,
1579 1096 1801 1150 nostris
1824 1100 1880 1151 et
1912 1096 2133 1150 futuris

463 1187 831 1258 temporibus
855 1187 1087 1258 ingredi
1110 1185 1320 1240 audeat
1350 1186 1444 1240 vel
1463 1202 1529 1239 ea
1544 1201 1677 1256 quae
1705 1182 1787 1226 179
1806 1202 1986 1254 supra
2004 1201 2132 1239 me-

467 1280 687 1332 morata
728 1279 867 1331 sunt
894 1276 1129 1346 penitus
1161 1275 1402 1345 exigere
1436 1278 1774 1344 praesumat.
1813 1275 1929 1329 Sed
1960 1275 2134 1329 liceat

462 1369 786 1422 memorato
816 1365 1039 1437 presuli
1078 1364 1328 1435 suisque
1361 1365 1827 1419 successoribus
1860 1380 1959 1419 res
1996 1382 2131 1433 pre-

467 1456 639 1511 dictae
669 1454 980 1523 accclesiae,
1007 1469 1139 1508 cum
1153 1454 1383 1509 cellulis
1397 1456 1453 1508 et
1473 1454 1657 1508 rebus
1682 1454 1773 1507 vel
1792 1454 2134 1509 hominibus

468 1543 584 1599 sibi
604 1543 875 1615 legaliter
905 1542 1218 1614 subjectis,
1252 1542 1764 1596 subimmunitatis
1798 1545 2018 1597 nostrae
2041 1544 2136 1598 de-

467 1632 738 1688 fensione
769 1632 965 1702 quieto
986 1632 1188 1685 ordine
1207 1630 1539 1700 possidere,
1567 1633 1622 1684 et
1652 1635 1863 1685 nostro
1884 1631 2136 1686 ﬁdeliter

468 1737 676 1792 parere
700 1720 968 1789 imperio,
985 1722 1157 1791 atque
1178 1736 1286 1789 pro
1301 1720 1613 1772 stabilitate
1629 1724 1831 1773 nostra
1846 1721 1936 1774 vel
1953 1721 2134 1776 totius

2304 830 2384 876 136
2413 832 2584 904 (108.)
2612 856 2633 880 «
2656 833 2719 887 In
2750 833 2984 887 nomine
3015 835 3236 887 sanctae
3270 837 3325 887 et
3345 833 3664 887 individuze
3697 832 3900 886 Trini-
3960 899 3971 905 _

2236 922 2393 990 tatis,
2426 922 2554 976 Otto
2585 922 2780 975 divina
2813 922 3042 977 favente
3070 922 3378 976 clementia
3410 938 3536 976 rex.
3571 922 3632 977 Si
3650 938 3765 976 nos
3782 921 3899 991 piis

2238 1011 2497 1066 ﬁdelium
2528 1011 2806 1081 precibus
2831 1010 3000 1065 facile
3033 1011 3353 1080 prebemus
3383 1011 3743 1077 exorabiles,
3773 1026 3904 1063 cre-

2236 1099 2491 1153 dendum
2524 1100 2699 1154 estin
2730 1100 3058 1169 principatu
3091 1100 3336 1155 stabiles
3370 1103 3426 1155 et
3455 1102 3684 1155 aeterna
3713 1100 3910 1153 beati-

2236 1189 2435 1243 tudine
2466 1204 2781 1242 mansuros
2798 1188 2925 1242 fore
2937 1188 3372 1257 perdurabiles.
3388 1188 3906 1259 Quapropterom-

2237 1277 2399 1330 nium
2430 1276 2688 1330 ﬁdelium
2706 1281 3067 1346 nostrorum,
3094 1278 3463 1346 presentium
3479 1277 3710 1331 scilicet
3724 1292 3793 1330 ac
3814 1274 3904 1329 fu-

2238 1370 2524 1434 turorum,
2541 1366 2771 1419 noverit
2784 1366 3073 1420 industria
3093 1366 3345 1437 qualiter
3365 1381 3473 1420 nos
3496 1366 3740 1437 Notgeri
3758 1366 3915 1435 epis-

2241 1454 2373 1525 c0pi
2404 1469 2633 1508 necnon
2667 1456 2723 1508 et
2766 1454 3104 1510 Hildeboldi
3150 1457 3600 1526 ceterorumque
3641 1454 3913 1508 ﬁdelium

2243 1542 2581 1613 petitionem
2623 1542 3033 1614 adimplentes,
3068 1544 3340 1598 dedimus
3390 1560 3570 1598 unum
3615 1542 3917 1596 forastum

2248 1631 2547 1686 llothardo
2581 1632 2862 1702 episcopo
2895 1631 3344 1687 Cameracensis
3359 1632 3670 1699 aecclesiae,
3692 1631 3768 1685 ad
3803 1647 3915 1686 meo

2249 1720 2489 1774 clesiam
2521 1723 2742 1775 sanctas
2777 1721 2998 1790 Mariae,
3059 1722 3132 1776 ob
3167 1722 3494 1776 remedium
3547 1721 3758 1774 anima:
3801 1736 3920 1775 no-

469 1809 699 1879 imperii
730 1809 897 1861 aDeo
921 1808 1094 1862 nobis
1118 1807 1311 1862 collati
1326 1810 1416 1864 vel
1450 1810 1977 1864 conservandiuna
2003 1827 2136 1865 cum
2166 1792 2220 1854 Β
2249 1813 2389 1863 strre
2419 1813 2876 1880 nostrorumque
2907 1815 3234 1879 parentum,
3269 1799 3518 1864 tendens
3560 1810 3618 1863 in
3647 1809 3922 1880 longitu-

474 1897 633 1952 clero
662 1899 719 1951 et
740 1896 953 1966 populo
986 1895 1099 1952 sibi
1133 1896 1406 1968 subjecto
1439 1898 1623 1953 libere
1654 1899 1759 1953 Dei
1789 1899 2135 1954 misericor-

474 1984 629 2040 diam
655 1980 737 2027 180
765 2000 1031 2039 exorare.
1066 1984 1137 2038 Et
1166 1986 1446 2058 quicquid
1470 1988 1682 2042 exinde
1714 1988 1901 2042 ﬁscus
1934 1991 2140 2042 noster

476 2074 717 2145 exigere
741 2074 1050 2142 poterat,in
1072 2075 1462 2130 luminaribus
1486 2077 1676 2147 ipsius
1700 2077 1995 2133 aecclesiae
2011 2094 2143 2133 con-

477 2162 785 2219 cinnandis
814 2159 892 2206 181
922 2166 1338 2232 perpetualiter
1369 2166 1780 2221 concessimus
1811 2167 1881 2220 ad
1912 2167 2129 2221 haben-

481 2252 639 2307 dum.
660 2251 912 2321 Insuper
922 2255 1129 2306 nostra
1144 2254 1454 2324 largitione
1472 2252 1549 2297 182
1562 2255 1944 2310 concedimus
1959 2256 2145 2325 prefa-

478 2344 538 2395 to
573 2340 854 2410 episcopo
885 2345 941 2395 et
973 2343 1433 2398 successoribus
1475 2343 1608 2414 ejus
1648 2360 1819 2397 omne
1850 2345 2147 2398 teloneum

483 2445 617 2485 cum
647 2432 882 2485 moneta
932 2430 1186 2485 civitatis
1219 2448 1346 2486 sum
1385 2430 1857 2500 Cameracensis,
1893 2448 1961 2487 eo
1993 2432 2150 2486 vide-

480 2519 618 2574 licet
648 2520 852 2573 tenore
883 2522 947 2573 ut
976 2535 1189 2573 novem
1227 2524 1431 2588 partes
1478 2522 1900 2591 episcoporum
1932 2522 2147 2575 usibus

484 2609 852 2677 deputentur,
886 2608 1113 2663 decima
1127 2625 1267 2665 vero
1285 2625 1424 2680 pars
1448 2610 1519 2665 ad
1538 2627 1686 2665 usus
1702 2610 1947 2664 fratrum
1979 2609 2148 2681 ejus-

484 2698 617 2751 dem
639 2697 1123 2767 congregationis
1142 2700 1630 2768 perpetualiterin
1648 2699 2032 2754 elemosinam
2047 2716 2153 2753 no-

487 2787 669 2839 stram
683 2785 969 2854 proﬁciat.
1003 2785 1296 2841 Praeterea
1327 2788 1741 2842 constituimus
1773 2802 1845 2841 ne
1878 2787 2011 2857 quis
2031 2788 2151 2842 dux

487 2875 579 2927 vel
612 2889 812 2929 comes
825 2877 999 2945 atque
1030 2876 1291 2930 vicarius
1313 2892 1420 2931 seu
1443 2878 1725 2948 quislibet
1744 2893 1816 2932 ex
1834 2877 2149 2950 judiciaria

488 2965 795 3034 potestate,
828 2966 1092 3019 nostram
1122 2967 1214 3020 vel
1245 2971 1474 3035 patrum
1488 2972 1827 3027 nostrorum
1845 2990 2055 3047 regum
2071 2974 2153 3020 183

2249 1899 2383 1952 dine
2414 1915 2447 1952 a
2477 1897 2792 1953 Sauvlonir
2817 1901 3012 1953 monte
3044 1899 3190 1968 (219)
3224 1915 3413 1970 usque
3445 1899 3503 1952 in
3534 1898 3695 1953 illum
3714 1897 3921 1951 locum

2248 1986 2348 2041 ubi
2380 1987 2510 2041 dum
2544 1986 2737 2056 Elprae
2768 1987 2984 2041 cadunt
3041 1988 3101 2041 in
3159 1987 3486 2055 Sambram;
3520 1987 3579 2040 in
3610 1987 3923 2041 latitudine

2248 2078 2440 2129 autem
2473 2092 2502 2129 a
2534 2076 2670 2129 villa
2699 2092 2833 2145 quae
2865 2076 3080 2130 dicitur
3112 2077 3327 2130 Basius
3350 2076 3519 2145 (220),
3554 2080 3611 2130 et
3650 2077 3786 2130 loco
3817 2075 3923 2145 qui

2249 2167 2493 2219 vocatur
2520 2164 2874 2236 Gurgunces
2907 2165 3074 2234 (221),
3112 2164 3191 2218 ita
3221 2164 3545 2219 utSambra
3567 2164 3831 2219 decurrit
3868 2170 3931 2217 et

2254 2252 2385 2307 duae
2416 2252 2631 2322 Elpraa,
2658 2268 2848 2323 usque
2899 2254 2972 2307 ad
3012 2253 3350 2307 interiorem
3383 2253 3569 2323 ripam
3612 2253 3927 2307 ulterioris

2254 2342 2468 2412 Elpraa.
2520 2342 2857 2412 Nostraque
2880 2342 3074 2396 hanno
3109 2342 3496 2412 firmavimus,
3527 2359 3593 2397 ea
3640 2341 3929 2396 videlicet

2254 2432 2483 2486 ratione
2513 2433 2572 2484 ut
2604 2431 2760 2484 nulla
2785 2430 3074 2501 majorum
3107 2431 3517 2504 minorumque
3549 2447 3811 2502 persona
3865 2430 3931 2484 in

2254 2521 2535 2592 bivangio
2584 2520 2831 2590 predicti
2863 2520 3094 2589 forasti,
3138 2521 3253 2574 nisi
3278 2537 3410 2574 cum
3444 2520 3675 2574 licentia
3708 2518 3933 2589 prefati

2256 2610 2520 2680 episcopi
2538 2609 2820 2664 llothardi
2833 2608 3085 2680 ejusque
3102 2608 3756 2677 successorum,venari
3774 2624 3942 2677 prae-

2257 2702 2469 2766 sumat;
2494 2699 2601 2752 sed
2616 2698 2744 2767 ipse
2757 2697 3008 2769 ejusque
3028 2713 3423 2752 successores
3445 2713 3519 2751 ex
3532 2701 3738 2751 nostro
3754 2696 3934 2766 regio

2255 2788 2408 2841 dono
2442 2786 2770 2841 venationis
2802 2787 3149 2856 potestative
3181 2790 3508 2854 teneant,ct
3528 2786 3933 2857 quibuscum-

2256 2892 2368 2947 que
2397 2876 2638 2946 placert,
2663 2875 2912 2929 venandi
2943 2875 3236 2931 licentiam
3256 2875 3600 2930 concedant.
3636 2873 3704 2927 Et
3724 2876 3784 2928 ut
3810 2873 3936 2927 hoc

2256 2967 2477 3019 nostra)
2525 2963 2860 3018 donationis
2922 2980 3139 3019 munus
3190 2964 3423 3019 ﬁrmum
3464 2964 3777 3030 consistat,
3811 2962 3935 3016 hoc

489 3052 713 3108 violare
741 3056 1067 3123 presumat.
1128 3054 1293 3120 Quod
1326 3055 1379 3110 si
1412 3056 1634 3124 fecerit,
1696 3062 1898 3117 causis
1930 3064 2151 3136 regali-
2177 3054 2221 3117 C
2256 3056 2595 3126 preceptum
2625 3053 2760 3108 inde
2800 3054 3201 3123 conscriptum
3229 3053 3412 3124 sigilli
3451 3054 3640 3107 nostri
3674 3052 3939 3122 impres-

487 3142 603 3196 bus
626 3142 704 3196 sit
733 3141 1050 3210 obnoxius,
1084 3145 1142 3197 et
1170 3143 1419 3215 insuper
1447 3146 1659 3202 solidis
1690 3152 1991 3206 sexcentis
2023 3153 2150 3207 cul-

491 3232 705 3302 pabilis
732 3230 1051 3301 judicetur,
1084 3231 1364 3288 videlicet
1390 3237 1453 3288 ut
1482 3235 1614 3290 duae
1642 3241 1840 3307 partes
1872 3241 1930 3294 in
1961 3241 2154 3295 archi-

488 3336 629 3375 vum
642 3320 834 3390 ipsius
846 3320 1138 3375 aecclesiae
1155 3321 1551 3393 admittantur,
1568 3328 1863 3383 ettertiam
1875 3326 1955 3371 181
1968 3329 2155 3384 ﬁscus

492 3409 717 3480 regalis
755 3410 961 3462 noster
999 3409 1262 3479 recipiat;
1297 3416 1358 3465 ut
1389 3413 1590 3469 nullus
1620 3416 1735 3470 tale
1765 3417 1906 3487 quid
1938 3419 2156 3473 audere

496 3496 777 3566 deinceps
825 3501 1165 3566 praesumat.
1209 3500 1376 3564 Quod
1406 3500 1483 3555 ita
1502 3506 1559 3557 et
1586 3519 1698 3558 nos
1730 3521 1835 3574 per
1866 3506 2016 3560 hanc
2047 3522 2157 3562 no-

497 3588 684 3641 stram
713 3586 1117 3640 auctoritatem
1148 3588 1588 3659 conﬁrmamus,
1620 3596 1684 3646 ut
1713 3594 1869 3649 sicut
1909 3611 1941 3647 a
1969 3595 2157 3650 beatae

495 3690 550 3729 m
562 3674 800 3729 emoriae
822 3690 930 3728 avo
943 3678 1149 3731 nostro
1164 3679 1221 3731 et
1233 3678 1503 3749 genitore
1516 3684 1721 3736 nostro
1757 3683 2038 3752 predictae
2053 3700 2163 3739 aec-

497 3764 698 3819 elesiae
730 3762 1004 3819 collatum
1022 3768 1196 3835 atque
1211 3766 1501 3822 ﬁrmatum
1521 3771 1633 3838 est,
1658 3770 1734 3825 ita
1766 3770 2050 3843 deinceps
2069 3775 2159 3828 in-

496 3852 850 3909 violabiliter
880 3857 1287 3909 conservetur.
1308 3855 1377 3910 Et
1408 3859 1472 3911 ut
1485 3857 1614 3913 haec
1626 3862 1828 3914 nostra
1841 3863 2162 3918 auctoritas

499 3957 536 3996 a
564 3940 838 3996 ﬁdelibus
869 3945 1091 3997 sancta)
1113 3942 1511 4000 Deiacclesiae
1534 3949 1590 4001 ct
1619 3946 1696 3993 185
1723 3949 1948 4006 nostris
1960 3951 2163 4006 verius

504 4030 842 4101 certiusque
877 4030 1169 4100 credatur,
1196 4048 1369 4089 manu
1392 4037 1632 4105 prepria
1662 4038 1871 4093 subter
1899 4056 2027 4094 eam
2060 4042 2165 4094 ﬁr-

500 4118 812 4188 mavimus,
864 4121 921 4174 et
950 4120 1127 4176 anulo
1158 4125 1364 4176 nostro
1398 4122 1699 4193 jussimus
1735 4127 2033 4199 insigniri.
2069 4129 2163 4183 Si-

502 4224 685 4283 gnum
716 4207 1155 4265 domniOttonis
1183 4210 1608 4282 gloriosissimi
1638 4216 1824 4287 regis.
1860 4217 2165 4274 Hildebal-

504 4300 617 4355 dus
630 4297 950 4369 episcopus
982 4298 1372 4355 cancellarius
1386 4301 1514 4357 vice
1547 4304 2167 4378 Willigisiarcliiepis-

504 4389 638 4459 copi
665 4386 1010 4459 recognovi.
1044 4386 1189 4442 Data
1218 4387 1253 4443 5
1283 4389 1581 4447 Kalendas
1612 4394 1775 4465 Julii,
1806 4411 1962 4451 anno
1983 4397 2166 4451 domi-

2257 3145 2426 3198 sione
2449 3143 2691 3214 signare
2709 3141 3029 3212 jussimus,
3069 3157 3363 3213 manuque
3385 3140 3645 3212 propria,
3676 3143 3735 3194 ut
3771 3139 3939 3193 infra

2259 3231 2494 3285 videtur
2533 3230 3074 3285 corroboravimus.
3131 3230 3379 3302 Signum
3436 3230 3635 3284 domui
3692 3229 3941 3283 Ottonis

2263 3319 2684 3392 gloriosissimi
2706 3319 3098 3388 imperatoris.
3125 3319 3503 3374 Hildiboldus
3524 3320 3852 3389 episcopus
3881 3324 3945 3372 et

2262 3408 2654 3463 cancellarius
2688 3408 2815 3461 vice
2839 3408 3097 3479 Villigisi
3121 3408 3555 3478 archiepiscopi
3576 3409 3941 3480 recognovi.

2262 3498 2406 3554 Acta
2431 3498 2463 3551 8
2486 3497 2613 3551 Kal.
2640 3494 2796 3565 Maii,
2823 3513 2975 3551 anno
3000 3497 3310 3552 dominica:
3333 3496 3758 3551 incarnationis
3782 3494 3947 3569 [997]

2262 3586 2361 3656 187,
2396 3586 2715 3641 indictione
2738 3585 2790 3654 8,
2817 3585 3063 3639 annoi88
3091 3589 3286 3640 autem
3317 3586 3341 3639 1
3379 3586 3609 3640 Ottonis
3641 3586 3950 3654 imperan-

2264 3676 2364 3731 tis.
2390 3679 2599 3730 Actum
2623 3678 2714 3729 est
2733 3673 2951 3728 Granni
2977 3673 3127 3745 (222)
3148 3675 3346 3744 palatii
3367 3674 3638 3744 feliciter,
3666 3677 3882 3729 Amen.
3918 3699 3942 3721 τι

2336 3764 2457 3820 109.
2482 3766 2568 3819 De
2601 3764 2765 3818 obitu
2785 3763 3079 3819 liothardi
3101 3764 3382 3835 episcopi.
3412 3764 3639 3818 Interea
3670 3764 3947 3818 Rotliar-

2267 3855 2378 3909 dus
2409 3853 2811 3924 episcoliusad
2826 3854 3355 3907 remunerationem
3378 3853 3473 3908 sui
3494 3853 3718 3908 laboris
3749 3869 3950 3908 voca-

2269 3948 2383 4014 tus,
2418 3943 2691 4016 migravit
2720 3958 2753 3995 a
2776 3942 2978 3996 seculo
3010 3941 3125 4013 [am
3159 3940 3285 4012 995]
3336 3943 3503 4013 (223),
3538 3942 3953 4013 sepultusque

2268 4038 2358 4087 est
2383 4031 2551 4103 juxta
2582 4031 3003 4085 monasterium
3027 4035 3248 4086 sanctae
3280 4032 3480 4086 Mariae
3514 4032 3584 4086 ad
3608 4032 3953 4087 australem

2267 4125 2510 4192 partem.
2536 4120 2726 4188 Super
2748 4119 2923 4190 cujus
2955 4119 3241 4175 tumulum
3259 4120 3489 4174 cuidam
3512 4136 3661 4174 suus
3694 4120 3962 4174 familia-

2269 4211 2354 4264 ris
2412 4210 2789 4279 praepositus,
2854 4209 2946 4263 cui
2986 4224 3198 4263 nomen
3222 4209 3566 4278 Godclinus,
3618 4209 3960 4265 aediﬁcavit

2269 4299 2590 4355 oratorium
2617 4298 3017 4370 apostolorum
3058 4297 3317 4354 Simonis
3350 4300 3406 4354 et
3426 4298 3593 4354 Judae
3644 4303 3699 4354 et
3742 4300 3964 4355 sancti

2269 4387 2558 4444 Severini.

1794 4547 2087 4611 VARIIE
2128 4547 2624 4611 LECTIONES.

574 4704 656 4751 1⁷9
683 4708 855 4764 deest
883 4708 935 4763 1.

506 4780 788 4850 gitionem
818 4779 869 4834 1.
983 4780 1066 4825 183
1095 4778 1329 4833 scilicet
1359 4778 1795 4850 auctoritatem,
1827 4782 1904 4835 cf.
1940 4799 1988 4836 c.
2023 4781 2112 4837 64.

1047 4702 1128 4781 180
1146 4708 1325 4781 D._m.
1352 4707 1590 4777 desunt,
1627 4709 1820 4781 spatio
1848 4725 1961 4765 sex
1987 4710 2123 4765 fere
2154 4710 2496 4765 litterarum
2519 4708 2813 4781 relictod.
2840 4707 2893 4762 8.

2229 4780 2306 4825 18*
2355 4782 2536 4835 tertia
2588 4781 2639 4834 1.
2673 4777 2753 4821 1⁸⁵
2785 4785 2876 4833 est
2902 4779 2951 4833 1.

3018 4704 3094 4751 181
3130 4706 3539 4761 concinnanda
3562 4705 3611 4759 1.
3635 4704 3689 4758 3.
3722 4700 3978 4759 18311“-

3061 4775 3143 4820 186
3173 4779 3406 4849 Seqens
3462 4776 3715 4849 diploma
3762 4778 3851 4849 in,
3906 4780 3971 4832 1.

508 4848 711 4924 auctor
731 4852 862 4923 ipse
876 4856 1012 4923 post
1030 4850 1274 4924 addidit
1306 4851 1369 4903 in
1389 4848 2136 4924 scedulajam'deperdita,
2161 4854 2271 4908 sed
2290 4852 2645 4908 Colveuerio
2677 4851 2881 4924 adhuc
2906 4850 3050 4924 visa.
3089 4848 3279 4924 Deest
3298 4851 3354 4915 ὃς
3373 4849 3482 4924 sed
3498 4848 3723 4919 legitur
3746 4848 3974 4924 iuga?“

510 4918 586 4963 18⁸³
620 4918 862 4996 numero
876 4918 1133 4996 spatium
1155 4921 1432 4996 relictum
1454 4922 1587 4976 in1.
1618 4918 1748 4996 2'18.
1782 4918 1891 4978 Ex-
1928 4918 2583 4996 tribus:hujuschartm
2639 4921 3108 4996 exemplaribus,
3161 4919 3469 4996 Cameraci
3503 4918 3767 4996 tempore
3804 4918 3978 4996 Cpl—

518 4993 749 5046 venerii
769 4988 1052 5063 servatis,
1079 4993 1210 5062 duo,
1237 4992 1537 5047 habebant
1559 5010 1611 5047 a.
1653 4992 1776 5047 995.
1804 4996 2045 5049 tertium
2073 4994 2197 5050 983.
2224 4988 2488 5049 'lndictio
2522 4993 2573 5046 8.
2613 4993 2722 5046 fuit
2744 4988 2895 5047 anno
2915 4992 3041 5055 995;
3072 4991 3183 5063 sed
3204 4997 3339 5063 tunc
3376 4988 3510 5044 Otto
3543 4988 3795 5063 nondum
3836 4989 3981 5045 fuit

509 5062 591 5116 im
633 5072 848 5123 orator;
874 5066 1008 5136 quip
1041 5060 1081 5119 ’θ
1112 5060 1209 5137 qui
1240 5070 1552 5119 coronatus
1583 5063 1695 5118 fuit
1736 5065 1985 5134 demum,
2029 5065 2117 5119 21.
2144 5066 2295 5119 Maii
2323 5063 2447 5120 996.
2471 5064 2657 5144 Atqui
2675 5080 2879 5117 mense
2901 5064 3061 5117 Maio
3078 5060 3205 5115 997.
3233 5062 3370 5144 Qtto
3398 5075 3618 5115 revera
3638 5060 3841 5131 Aquis
3861 5063 3989 5143 de}

513 5078 715 5187 degat:
747 5149 928 5187 auare
958 5082 1223 5187 ciartam
1244 5136 1381 5187 huic
1404 5151 1551 5187 anno
1576 5136 2076 5187 adscriberemus.
2112 5137 2174 5187 ni
2194 5144 2402 5187 noster
2430 5142 2631 5187 statim
2662 5136 2935 5187 traderet
2958 5133 3249 5187 Hothardi
3273 5150 3334 5185 ιη
3366 5132 3476 5187 hac
3510 5132 3719 5185 charta
3754 5147 3982 5187 nomi-

510 5132 715 5205 gebat;
747 5132 928 5203 quare
958 5132 1223 5190 chartam
1244 5136 1381 5190 huic
1404 5151 1551 5191 anno
1576 5132 2076 5199 adscriberemus,
2112 5137 2174 5189 ni
2194 5144 2402 5191 noster
2430 5132 2631 5190 statim
2662 5136 2935 5190 traderet
2958 5133 3253 5188 Hothardi
3273 5133 3334 5205 iu
3366 5132 3476 5187 hac
3510 5132 3719 5205 charta
3754 5137 3982 5205 nomi-

512 5202 641 5278 nati
660 5202 1064 5278 successorem
1086 5207 1324 5262 Romam
1341 5206 1674 5278 profectum
1697 5224 1806 5261 una
1839 5224 1966 5263 cum
1997 5208 2382 5278 Imperatore,
2416 5207 2556 5262 illuc
2587 5206 2766 5261 etiam
2816 5206 2892 5261 ad
2926 5205 3160 5278 imperii
3193 5204 3421 5278 culmen
3452 5202 3861 5278 sublimanda,
3901 5215 3982 5260 et

514 5292 547 5330 a
580 5274 875 5350 Gregorio
896 5284 1319 5350 consecratum,
1341 5274 1453 5350 'qui
1495 5279 1624 5350 ipse
1645 5278 1705 5331 3.
1738 5279 1890 5333 Maii
1922 5277 2046 5333 996.
2072 5274 2300 5333 demum
2310 5295 2457 5350 papa
2489 5284 2872 5333 consecratus
2885 5274 3309 5331 esthrrorem
3331 5275 3520 5347 igitur
3536 5274 3741 5328 inesse
3766 5289 3985 5345 opor-

2089 5418 2367 5482 ΝΟΤᾸΕ.

517 5350 604 5404 tet
631 5344 694 5401 in
709 5343 1038 5417 diplomate
1066 5344 1146 5391 188
1165 5343 1530 5405 anno-amen
1547 5349 1779 5405 desunt.

512 5588 735 5718 Lyc?)
789 5587 1035 5644 Videtur
1063 5593 1226 5645 esset
1261 5592 1647 5665 Montplaisir,
1692 5609 1873 5665 prope
1932 5596 2167 5650 Gateau.

682 5678 813 5718 ur.

682 5678 813 5718 LAY.

583 5732 732 5804 (220)
764 5733 970 5804 Barzy,
1006 5735 1218 5790 canton
1248 5734 1318 5787 de
1356 5734 1558 5791 Guise.
1592 5737 1769 5792 Conv.

581 5802 730 5877 (221)
762 5802 1136 5879 Gourgonce,
1170 5820 1352 5876 prepe
1383 5805 1588 5878 Barzy.
1619 5806 1798 5862 Conv.

2354 5592 2914 5666 (922)Aquisgrani.
3038 5664 3088 5666 η
3175 5665 3178 5666 ν
3281 5662 3300 5666 Α
3653 5655 3664 5666 ι
3800 5655 3868 5666 Η

2356 5655 2499 5725 (223.
2536 5655 2760 5738 Necrol
2782 5666 2976 5720 Beatae
3037 5664 3242 5738 Mariae
3269 5662 3604 5738 cameram,
3641 5655 4001 5738 ,ἱερῇ-ξι.

2283 5737 2442 5790 Cum.
2477 5753 2531 5790 ιι.
2570 5735 2689 5804 165,
2726 5753 2867 5791 saec.
2902 5752 3005 5789 xm
3029 5751 3121 5789 ex.
3160 5736 3268 5790 :15
3298 5735 3427 5790 Kal.
3461 5731 3626 5801 Sept.
3650 5726 3819 5782 'obiit
3846 5727 4005 5784 Ro-

2289 5808 2539 5861 tharrlus
2571 5810 2896 5879 episc0pus.
