4098 6196
191 332 311 395 113

1609 328 1870 392 LIBER
1911 329 2241 395 PRIMUS

3534 349 3650 413 114

266 529 376 583 HO
406 527 703 582 Erluinas
728 526 997 624 succedit
1030 531 1090 580 et
1120 526 1316 624 Romae
1354 527 1691 624 ordinatur.
1724 529 1871 585 Post
1898 511 1958 574 Α
1987 530 2285 599 indicavit,
2319 532 2427 587 sed
2456 536 2511 587 et
2538 536 2694 604 quod
2728 552 2917 607 nuper
2937 554 3081 610 opes
3103 543 3199 598 sui
3216 547 3645 624 antecesseris,

194 620 353 673 hunc
387 617 776 672 substituitur
804 616 1086 670 Erluinus
1106 614 1224 686 (an.
1247 614 1396 685 995),
1421 616 1540 687 qui,
1577 619 1869 673 aecclesiaa

194 707 675 762 Leodecensium
704 705 1180 773 archidiaconus,
1204 710 1322 760 tam
1342 710 1401 760 et
1420 706 1869 762 aecclesiasticis

192 813 375 869 quam
405 795 783 850 secularibus
825 795 1082 866 negotiis
1122 795 1416 860 eruditus,
1461 796 1560 865 qui
1593 811 1754 865 saepe
1786 799 1867 849 te-

194 886 385 941 rendo
416 887 621 939 limina
653 884 1002 954 principum,
1030 884 1454 955 longelateque
1487 886 1725 939 emicuit
1755 886 1871 938 cla-

194 992 323 1029 rus.
362 975 538 1028 Hunc
561 974 877 1028 Nocherus
911 973 1080 1028 bonae
1114 973 1413 1027 memoriae
1444 974 1764 1044 episcopus
1798 974 1870 1027 ad

192 1064 563 1133 Matbildem,
597 1062 692 1116 cui
722 1064 852 1131 ipse
886 1060 1166 1115 Erluinus
1197 1060 1504 1116 familiaris
1523 1065 1665 1129 erat,
1691 1063 1871 1116 ﬁliam

193 1153 478 1207 videlicet
500 1152 730 1206 Ottonis
755 1151 920 1205 senis
942 1151 1341 1220 imperatoris,
1362 1151 1729 1205 abbatissam
1756 1167 1871 1205 aec-

191 1242 398 1295 clesiee
430 1240 859 1306 Quitinaborch
893 1237 1076 1309 (2‘21),
1119 1240 1343 1293 monuit
1382 1240 1468 1294 ire
1499 1239 1865 1311 festinanter,

188 1324 395 1384 ut’suo
430 1328 724 1400 suffragio
768 1329 842 1381 ad
885 1328 1171 1397 episcopii
1216 1328 1561 1398 dignitatem
1604 1329 1867 1400 adtinge-

186 1425 295 1473 ret.
327 1417 589 1482 Quidam
620 1434 857 1488 quoque
890 1418 1168 1471 Azelinus
1199 1418 1463 1481 nomine,
1509 1418 1580 1471 de
1611 1419 1867 1473 Trunci-

188 1508 280 1562 nis
311 1506 471 1577 (29.5)
522 1507 691 1573 villa,
745 1506 1015 1559 Balduini
1047 1505 1499 1561 Flandrensium
1531 1508 1763 1563 comitis
1795 1509 1866 1562 de

188 1596 742 1668 concubinaﬁlius,
776 1598 983 1665 postea
1018 1597 1207 1649 tamen
1236 1596 1602 1651 Parisiorum
1635 1597 1866 1667 episco-

185 1702 321 1757 pus,
345 1684 641 1755 Sophiam
667 1699 938 1738 sororem
954 1684 1195 1753 juvenis
1219 1684 1592 1753 imperatoris
1616 1688 1864 1756 pecunia

1987 624 2047 673 ut
2077 621 2458 690 premisimus
2484 665 2497 691 ,
2540 638 2573 677 a
2605 623 2872 681 Waltero
2916 621 2974 681 et
3014 630 3086 684 ab
3129 631 3263 688 aliis
3307 621 3647 696 devastatus

1985 710 2329 780 reppererit,
2363 711 2421 763 in
2453 711 2645 767 medio
2675 716 3195 783 proclamationem
3227 723 3448 782 extulit.
3474 727 3645 785 Unde

1983 811 2128 866 papa
2149 798 2550 869 confirmante,
2587 801 2762 857 immo
2795 806 3115 877 episcopis,
3153 810 3488 887 abbatibus,
3507 833 3645 874 cun-

1984 886 2094 939 ctis
2131 902 2366 958 quoque
2397 889 2499 959 qui
2530 889 2610 943 ibi
2638 893 2979 948 residebant
3010 899 3477 958 assentientibus
3501 944 3515 972 ,
3550 921 3645 960 ca-

1983 978 2317 1029 raxaturam
2349 976 2479 1031 fieri
2509 979 2758 1034 obtinuit
2789 982 3135 1053 hujusmodi
3162 985 3238 1029 191
3273 1008 3284 1043 :
3320 988 3368 1061 [α
3406 998 3471 1060 >14
3502 991 3648 1049 Gre-

1984 1063 2189 1134 gorius
2219 1064 2539 1136 episcopus
2573 1083 2788 1124 servus
2824 1087 3140 1128 servorum
3170 1076 3305 1132 Dei.
3335 1121 3348 1133 .
3371 1119 3384 1134 .
3415 1104 3437 1128 »
3471 1082 3648 1151 (Vide

1982 1151 2344 1224 Patro/agite
2384 1161 2517 1209 tom.
2562 1155 2788 1212 CXXX
2800 1158 2918 1228 VII,
2967 1162 3075 1217 col.
3108 1162 3256 1236 904).
3287 1189 3308 1213 α
3346 1168 3645 1241 Scriptum

1980 1256 2089 1310 per
2115 1257 2327 1296 manus
2363 1243 2753 1315 Petrisgionis
2784 1249 2994 1303 notarii
3024 1254 3081 1305 et
3112 1255 3428 1326 scriptoris
3462 1275 3641 1315 sanc-

1980 1333 2056 1383 tae
2089 1331 2370 1385 Romanae
2401 1332 2713 1403 aecclesize,
2747 1336 2808 1389 in
2842 1353 3047 1394 mense
3072 1341 3244 1413 Maio,
3278 1347 3336 1399 et
3364 1346 3644 1405 indictio-

1980 1434 2054 1472 ne
2087 1418 2140 1472 9.
2184 1419 2246 1472 In
2293 1419 2527 1475 Christo
2567 1422 2717 1478 bene
2747 1425 2937 1480 valete
2972 1433 3034 1494 >14
3066 1430 3237 1486 Anno
3265 1436 3643 1503 pontiﬁcatus

1978 1508 2178 1562 domni
2209 1507 2480 1579 Gregorii
2502 1512 2718 1566 summi
2740 1514 3036 1583 pontificis
3060 1520 3117 1572 et
3136 1520 3495 1578 universalis
3527 1541 3640 1581 ac-

1979 1596 2181 1651 clesiae
2210 1612 2398 1667 papae,
2433 1614 2584 1652 anno
2625 1600 2676 1668 1,
2720 1601 2952 1672 imperii
2993 1621 3136 1661 vero
3176 1609 3377 1665 domni
3411 1610 3639 1669 Ottonis

1978 1687 2133 1739 tertii
2166 1686 2539 1756 imperatoris
2571 1705 2723 1744 anno
2755 1690 2816 1743 11
2852 1693 3161 1766 (227-228).
3198 1696 3247 1770 υ]

186 1775 451 1828 adorsus
482 1776 599 1843 est,
633 1778 695 1828 ut
717 1773 852 1843 ejus
885 1774 1123 1827 obtentu
1153 1773 1435 1843 pontiﬁcii
1467 1775 1696 1829 culmen
1730 1792 1863 1830 sor-
1894 1759 1948 1822 Β
2050 1775 2172 1829 112.
2207 1776 2437 1830 Novum
2468 1778 2772 1832 castellum
2803 1759 2973 1853 regia
3005 1759 3358 1843 auctoritate
3377 1788 3641 1847 firmavit

184 1865 420 1917 tiretur.
451 1864 545 1917 Ab
566 1866 816 1933 utraque
842 1862 1022 1933 igitur
1041 1865 1204 1931 parte
1237 1863 1555 1932 imperator
1574 1865 1862 1936 pulsatur,

185 1952 293 2006 sed
321 1957 564 2019 tamen,
611 1952 730 2006 Deo
762 1951 1142 2020 disponente,
1183 1952 1378 2023 magis
1409 1953 1654 2006 alterius
1684 1969 1866 2024 roga-

188 2041 332 2095 tioni
364 2040 711 2094 inflectitur.
748 2040 899 2093 Nam
929 2055 1139 2094 sorore
1170 2039 1388 2109 Sophia
1416 2042 1719 2095 nesciente
1750 2043 1868 2096 Ma-

190 2130 364 2183 thildi
397 2131 601 2184 amitae
631 2132 1039 2198 consenserat,
1071 2132 1245 2200 atque
1275 2128 1517 2184 Erluino
1549 2130 1609 2184 in
1638 2130 1731 2185 die
1764 2147 1867 2184 so-

185 2219 369 2273 lemni
387 2220 585 2273 sancti
609 2218 856 2273 Dionisii
873 2218 1140 2289 regimen
1157 2219 1451 2288 pastorale
1466 2220 1864 2274 commiserat.

187 2306 295 2371 Qui
327 2312 497 2362 tanto
529 2323 773 2361 munere
807 2311 1111 2377 suscepto,
1135 2308 1342 2361 urbem
1364 2308 1744 2362 commissam
1766 2324 1866 2378 pe-

187 2397 313 2459 tiit;
351 2397 463 2451 sed
498 2396 653 2450 bona
686 2396 1091 2450 antecessoris
1123 2397 1218 2450 sui
1242 2396 1527 2450 Rothardi
1547 2396 1865 2452 aWaltero

188 2486 339 2539 etab
364 2485 526 2553 aliis,
552 2485 653 2555 qui
677 2485 895 2541 milites
925 2485 1216 2539 zecclesiae
1243 2500 1383 2539 esse
1411 2485 1713 2555 deberent,
1738 2500 1869 2539 vas-

186 2580 305 2627 tata
338 2575 715 2644 repperiens,
750 2574 1057 2645 ingemuit.
1103 2574 1217 2627 Per
1255 2573 1409 2627 idem
1451 2589 1592 2628 vero
1631 2577 1865 2644 tempus

190 2660 337 2731 (991)
362 2662 657 2717 Arnulfus
683 2663 1065 2717 Remensium
1090 2662 1579 2733 archiepiscopus
1600 2679 1705 2733 pro
1725 2664 1865 2717 mul-

186 2753 264 2806 tis
293 2752 662 2820 sceleribus,
698 2757 754 2806 et
784 2754 1035 2807 maxime
1057 2769 1165 2822 pro
1188 2752 1528 2806 infidelitate
1552 2752 1645 2806 sui
1670 2754 1864 2806 senioe

190 2842 272 2895 ris
303 2840 493 2911 (226),
526 2841 603 2895 ab
634 2841 959 2912 episcopali
1004 2842 1192 2913 gradu
1240 2840 1549 2910 depositus
1592 2844 1758 2911 erat;
1802 2842 1864 2896 in

189 2929 373 3000 cujus
401 2930 537 2983 vice
568 2928 895 2984 Gcrbertus
915 2973 927 2997 ,
972 2946 1086 2999 quo
1119 2931 1426 2983 litteratior
1454 2933 1659 2999 postea
1690 2945 1862 2985 nemo

1977 1864 2095 1933 (an.
2127 1862 2274 1932 996).
2311 1865 2419 1918 His
2458 1865 2535 1920 ita
2578 1868 2768 1938 gestis
2809 1870 2881 1923 ad
2913 1872 3119 1927 sedem
3149 1878 3486 1934 commissae
3517 1862 3639 1935 asc-

1975 1952 2175 2007 clesiae
2192 1952 2455 2023 pontifex
2478 1957 2779 2025 remeavit,
2805 1959 3149 2031 sedatisque
3172 1963 3477 2037 militibus,
3503 1970 3638 2039 qui-

1974 2044 2125 2095 etam
2143 2046 2359 2097 terram
2382 2058 2508 2098 suae
2530 2047 2863 2114 parrochiae
2890 2052 3170 2122 repperit,
3194 2057 3397 2122 preter
3415 2073 3638 2126 paucas

1972 2131 2245 2185 villarum
2286 2132 2442 2206 circa
2483 2133 2696 2188 silvam
2735 2136 3077 2194 Terasciam
3115 2140 3287 2214 (229),
3321 2159 3471 2215 quas
3502 2148 3638 2217 qui-

1973 2220 2104 2273 dam
2124 2236 2197 2275 ex
2213 2221 2712 2278 Laudunensibus
2737 2227 2911 2296 atque
2934 2227 3484 2288 Vermandensihus
3503 2251 3640 2305 per-

1973 2309 2362 2363 niciosissimi
2406 2311 2623 2365 milites
2674 2328 2834 2383 saape
2870 2316 3123 2391 occultis
3156 2320 3638 2378 infestationibus

1973 2397 2393 2467 inquietabant,
2418 2415 2579 2469 smpe
2597 2402 2817 2470 apertis
2842 2404 3252 2462 invasionibus
3274 2408 3633 2467 lacerabant.

1973 2485 2141 2540 Unde
2169 2487 2391 2555 praesul
2423 2488 2734 2558 sollicitus,
2762 2490 2820 2543 in
2841 2492 3103 2547 Perrona
3128 2496 3263 2550 villa
3284 2495 3432 2568 (230)
3456 2516 3640 2570 super

1969 2572 2186 2628 Savum
2208 2575 2354 2644 (231)
2378 2574 2640 2647 fluvium,
2665 2594 2840 2649 quam
2863 2581 3042 2637 multo
3065 2586 3197 2639 ante
3213 2587 3477 2657 tempore
3498 2589 3637 2643 huic

1970 2662 2262 2717 aacclesiae
2294 2665 2677 2736 subtractam,
2712 2668 2819 2723 sed
2850 2672 3110 2741 tempore
3144 2674 3449 2730 Dodilonis
3479 2679 3635 2747 epis-

1971 2751 2121 2820 cOpi,
2157 2754 2218 2806 ut
2247 2756 2379 2807 ante
2427 2755 2737 2811 retulimus
2777 2755 2957 2829 (232)
2998 2775 3031 2814 a
3071 2760 3450 2819 Cendeboldo
3491 2781 3635 2838 rego

1968 2841 2317 2911 restitutam,
2338 2858 2578 2897 rursum
2592 2861 2735 2899 vero
2750 2848 3054 2903 nescimus
3071 2853 3367 2921 quomodo
3385 2854 3642 2910 redivul-

1969 2944 2098 2983 sam
2120 2930 2387 3002 virisque
2410 2934 2750 3001 potentibus
2772 2935 3180 2994 beneflciatam
3196 2982 3211 3011 ,
3237 2945 3518 2998 mutuatis
3544 2948 3634 2998 ta-

189 3019 400 3085 extitit,
438 3019 804 3090 subrogatus
838 3019 1102 3073 sedebat.
1139 3019 1266 3072 Hoc
1290 3020 1504 3083 autem,
1538 3020 1864 3073 ventilanti-
1894 3022 1944 3084 C
1970 3033 2105 3072 men
2130 3019 2333 3087 rebus,
2370 3036 2519 3090 quas
2542 3022 2843 3078 Johannes
2868 3026 3189 3098 episcopus
3220 3031 3280 3084 in
3308 3047 3463 3102 pago
3485 3034 3635 3087 Con-

188 3107 304 3161 bus
330 3111 527 3161 tamen
545 3107 903 3177 quibusdam
926 3106 1247 3177 episcopis,
1272 3107 1574 3161 inventum
1596 3110 1688 3160 est
1705 3108 1861 3178 quod

188 3198 327 3265 quia
361 3195 597 3265 absque
630 3195 878 3248 scientia
912 3200 968 3249 et
1001 3195 1343 3249 auctoritate
1374 3211 1540 3265 papas
1579 3195 1862 3251 Romanae

189 3285 359 3339 sedis
381 3288 512 3339 erat
533 3285 917 3355 degradatus,
950 3284 1021 3338 ad
1047 3284 1313 3339 eamdem
1344 3284 1548 3338 sedem
1576 3298 1860 3338 recursus

186 3374 454 3445 legitime
475 3379 676 3443 patere
692 3370 775 3415 189
798 3374 1037 3428 valeret.
1061 3373 1250 3442 Unde,
1274 3374 1411 3444 quia
1433 3373 1586 3427 inter
1602 3388 1707 3427 eos
1730 3373 1862 3428 diu-

186 3467 357 3517 turna
376 3462 683 3517 contentio
702 3462 1049 3533 habebatur,
1079 3463 1325 3517 Romam
1349 3478 1483 3515 cum
1506 3462 1741 3515 domino
1766 3462 1866 3515 im-

190 3554 464 3621 peratore
497 3550 637 3605 illuc
664 3551 838 3606 etiam
869 3551 943 3605 ad
973 3551 1205 3621 imperii
1234 3552 1465 3606 culmen
1488 3550 1861 3605 sublimando

192 3639 476 3695 Erluinus
494 3638 803 3710 profectus
825 3642 917 3694 est
942 3656 975 3693 a
999 3656 1148 3710 papa
1180 3639 1543 3694 ordinandus
1565 3640 1682 3710 (an.
1709 3640 1859 3709 996,

194 3729 420 3797 ἔσιθι-1.).
447 3729 567 3783 Sed
591 3730 764 3799 paulo
784 3734 1095 3800 antequam
1119 3729 1201 3783 ibi
1222 3729 1617 3799 pervenirent,
1633 3729 1859 3783 Johan-

195 3833 263 3871 ne
282 3834 434 3888 papa
455 3816 739 3872 defuncto
759 3817 926 3881 (Mai.
947 3818 1022 3887 3),
1046 3818 1264 3887 Bruno,
1290 3818 1390 3888 qui
1416 3820 1622 3887 postea
1643 3817 1862 3888 Grego-

194 3907 317 3960 rius
336 3906 675 3977 appellatus
708 3909 818 3975 est,
848 3907 920 3960 ad
950 3907 1152 3961 sedem
1175 3906 1577 3976 apostolicam,
1603 3922 1861 3962 assensu

199 3995 624 4064 Romanorum,
657 4000 1039 4064 promovetur
1067 3996 1233 4063 (Mai.
1265 3994 1374 4065 21).
1409 3996 1498 4050 Ab
1533 3996 1646 4051 hoc
1682 3996 1863 4067 igitur

197 4088 586 4139 consecratus
634 4085 953 4153 imperator
998 4085 1252 4155 sumpsit
1290 4086 1557 4140 diadema
1605 4085 1856 4156 imperii,

196 4170 474 4228 Erluinus
506 4188 652 4228 vero
686 4171 917 4227 culmen
946 4173 1300 4243 pontiﬁcalis
1332 4174 1669 4229 sacerdotii.

258 4352 379 4408 111.
416 4349 575 4407 Exin
604 4368 750 4409 vero
780 4353 923 4408 inibi
962 4353 1159 4409 habita
1201 4354 1412 4410 sinodo
1444 4369 1642 4408 coram
1672 4354 1859 4424 impe-

191 4448 405 4511 ratore,
463 4458 616 4513 papa
665 4442 964 4497 residente
1016 4459 1150 4497 cum
1190 4443 1511 4514 episcopis,
1544 4443 1859 4498 abbatibus

190 4533 571 4601 presbiter-is,
598 4548 732 4586 cum
755 4532 827 4587 dc
857 4533 1222 4589 necessariis
1249 4529 1331 4575 190
1360 4533 1651 4588 aecclesiae
1672 4548 1862 4604 nego-

186 4623 279 4675 tiis
292 4623 447 4675 satis
460 4623 845 4676 tractaretur:
868 4621 1145 4676 Erluinus
1164 4622 1753 4695 episcopussurgens
1770 4640 1866 4693 po-

194 4711 491 4777 pulatores
510 4725 642 4764 suae
661 4710 991 4780 parrochiae
1012 4727 1142 4766 cum
1162 4711 1449 4783 gravitate
1472 4713 1861 4784 querimoniae

1970 3107 2173 3161 drensi
2191 3111 2247 3162 et
2269 3109 2670 3166 Hasbaniensi
2694 3112 2831 3167 huic
2854 3116 3146 3171 mcclesiae
3171 3119 3510 3191 adquisivit,
3532 3120 3634 3174 Er-

1969 3196 2168 3250 luinus
2194 3197 2468 3268 redemit;
2498 3230 2570 3238 -—
2598 3200 2657 3254 in
2688 3200 2798 3255 hac
2830 3202 3068 3273 inquam
3089 3206 3247 3277 villa,
3281 3210 3437 3262 circa
3458 3225 3634 3279 quam

1967 3284 2213 3353 predicti
2247 3289 2519 3355 raptores
2556 3288 2802 3359 gravius
2834 3294 3286 3366 grassabantur,
3326 3298 3634 3352 castellum

1967 3373 2182 3426 muniri
2233 3374 2520 3445 imperiali
2568 3382 2865 3449 praecepto
2913 3382 3197 3452 obtinuit,
3233 3388 3295 3438 ut
3324 3385 3435 3439 hoc
3468 3391 3633 3441 esset

1967 3462 2339 3517 obstaculum
2370 3464 2696 3520 latronibus
2715 3470 3178 3542 praesidiumque
3200 3472 3487 3529 libertatis
3520 3475 3633 3530 eir-

1968 3566 2102 3604 cum
2133 3554 2189 3605 et
2226 3553 2384 3606 circa
2423 3555 2744 3610 rusticanis
2778 3558 3131 3615 cultoribus.
3163 3559 3332 3626 Quod
3360 3579 3633 3636 praecep-

1966 3642 2089 3693 tum
2137 3641 2522 3696 immunitatis
2569 3644 2921 3701 subnectere
2971 3651 3161 3702 ratum
3199 3650 3477 3707 duximus
3507 3653 3632 3710 ita:

1973 3749 1993 3776 ιι
2034 3728 2097 3782 In
2127 3731 2364 3784 nomine
2407 3736 2629 3787 sanctae
2679 3737 2736 3788 et
2781 3734 3101 3792 individme
3150 3739 3453 3795 Trinitatis
3502 3743 3634 3797 Otto

1969 3832 2230 3887 superna
2271 3819 2502 3874 favente
2544 3821 2853 3877 clementia
2886 3826 3287 3883 Romanorum
3316 3830 3637 3901 imperator

1967 3910 2284 3980 augustus.
2310 3909 2372 3962 Si
2394 3909 2544 3964 locis
2567 3911 2767 3967 divino
2790 3913 2973 3968 cultui
2993 3917 3341 3988 mancipatis
3362 3922 3633 3991 proprie-

1967 3998 2115 4050 tates
2137 3997 2458 4052 sublimare
2480 4001 2652 4070 atque
2675 4001 2899 4057 honore
2923 4019 3177 4077 saugere
3199 4009 3628 4081 studuerimus,

1969 4084 2027 4138 id
2059 4101 2176 4140 non
2207 4086 2400 4141 solum
2432 4086 2603 4142 laude
2635 4089 2889 4146 humana
2927 4094 3389 4167 praedicandum,
3427 4115 3633 4155 verum

1971 4175 2146 4229 etiam
2195 4176 2467 4230 mercede
2512 4177 2708 4231 divina
2756 4183 3253 4236 remunerandum
3303 4187 3530 4242 scimus
3580 4192 3637 4243 et

1889 4275 1945 4337 D
1974 4279 2113 4319 vere
2149 4265 2468 4319 credimus.
2508 4266 2677 4320 Unde
2717 4272 3005 4339 agnoscat
3033 4271 3341 4327 multitudo
3373 4276 3636 4332 omnium

1974 4353 2231 4408 fidelium
2264 4357 2603 4408 nostrorum
2635 4360 2749 4409 tam
2779 4358 3164 4427 praesentium
3194 4376 3369 4432 quam
3400 4367 3456 4417 et
3485 4365 3634 4419 futu-

1971 4459 2193 4514 rorum,
2229 4443 2385 4514 quod
2418 4459 2528 4498 nos
2558 4443 2859 4500 Erluwino
2882 4449 3210 4504 venerabili
3230 4451 3532 4524 episcopo,
3559 4455 3634 4510 ob

1972 4532 2366 4588 interventum
2405 4532 2625 4587 Leonis
2664 4534 2930 4605 episc0pi
2970 4539 3027 4591 et
3064 4543 3434 4611 caeterorum,
3467 4544 3635 4597 dedi-

1922 4698 1931 4705 '
1975 4640 2109 4678 mus
2133 4622 2261 4693 jus,
2294 4621 2387 4675 fas
2418 4624 2590 4693 atque
2620 4623 2918 4679 licentiam
2948 4625 3199 4682 faciendi
3239 4633 3531 4686 statuendi
3563 4649 3633 4688 ac

1973 4711 2359 4773 construendi
2405 4712 2793 4783 merchatum,
2841 4730 2974 4769 cum
3022 4721 3271 4788 moneta,
3334 4720 3629 4793 theloneo,

1501 4827 1798 4891 VARI/E
1853 4826 2321 4894 LECTIONES

258 4928 333 5011 199
358 4935 453 5011 ita
485 4928 745 5002 confecit
778 4932 968 5011 Colv.;
999 4934 1155 5011 pai.
1193 4936 1390 4990 erasis
1418 4943 1627 5011 postea
1673 4939 1925 5011 quinque
1968 4938 2102 5011 fere
2147 4934 2396 4989 litteris.
2456 4934 2510 4988 l.
2557 4936 2891 5011 prevaleret
2931 4937 2984 4991 3.
3022 4933 3102 4979 190
3137 4940 3438 4995 nessariis‘
3472 4941 3523 4996 1.
3553 4938 3638 4984 191

199 5009 315 5081 post
344 5004 505 5081 lianc
546 5017 743 5081 vocem
778 5020 840 5081 in
878 5004 931 5059 ί.
965 5004 1194 5077 reliqua
1226 5024 1375 5081 pars
1410 5004 1642 5080 paginae
1682 5004 1864 5064 i'acu'a
1906 5009 2120 5064 relicta
2164 5012 2289 5081 est;
2326 5020 2597 5081 sequens
2610 5009 2825 5081 pagina
2855 5024 3077 5081 summa
3116 5011 3367 5081 incipit:
3400 5012 3636 5070 Novum

203 5074 499 5154 castellum
536 5079 651 5154 etc.
687 5075 889 5154 eodem
913 5074 1167 5154 prorsus
1195 5074 2218 5154 calamo:atque_atramento._Decst
2250 5074 2438 5154 igitur
2469 5074 2648 5154 bulla,
2682 5074 2792 5132 sed
2820 5079 3022 5154 scriba
3054 5096 3192 5154 eam,
3219 5074 3497 5154 supplere
3532 5102 3634 5141 vo-

202 5141 315 5224 luit.
350 5144 519 5200 Idem
546 5143 728 5215 plane
758 5141 975 5230 factu-1n
1008 5153 1099 5230 est
1131 5148 1283 5230 ill-{3:
1322 5141 1715 5206 Colveuerius
1739 5151 1958 5206 bullam
1990 5151 2156 5206 dedit
2190 5141 2548 5230 ex_v2,‘qu.am
2578 5141 3026 5230 hiemserimus
3059 5141 3304 5207 uncinis
3321 5141 3630 5230 inclusam,

202 5217 398 5287 quippe
430 5233 605 5288 quam
637 5223 845 5272 auctor
874 5218 1125 5273 dandam
1157 5220 1280 5275 sibi
1303 5228 1715 5293 proposuerat,
1753 5228 1811 5277 ut
1845 5227 2102 5278 testatur
2139 5219 2327 5296 verbo.
2351 5217 2713 5290 hujusmodi.

1790 5314 2047 5379 NOTIE

267 5411 408 5488 (221)
437 5414 873 5488 Quedlinburg.

270 5484 409 5561 (ἓξξ)
438 5484 1038 5561 βιιοιιειιθιιθξριιορθ
1068 5489 1431 5546 Gandavum.

271 5556 410 5635 {226)
439 5558 485 5614 1.
519 5573 574 5613 e.
609 5556 817 5614 contra
848 5556 1150 5617 doniinum
1188 5577 1364 5617 suum
1404 5562 1717 5635 Hugonem
1745 5566 1857 5621 Ca-

213 5630 541 5844 Ρεξέἔὸ-ΞΞΒ)
574 5699 837 5760 Falsum.
870 5703 1109 5792 Imperii
1138 5703 1251 5795 fuit
1269 5721 1315 5789 ιι,
1349 5706 1524 5790 regni
1551 5724 1677 5765 xm.

386 5774 410 5844 )
437 5774 527 5834 La
555 5773 710 5836 foret
740 5775 811 5836 de
842 5774 1173 5840 Thierache
1204 5795 1237 5844 ε
1257 5779 1514 5837 θιθιιάιιιι
1542 5778 1650 5840 des

294 5770 410 5851 229)
437 5770 528 5834 La'
555 5773 710 5836 foret
740 5775 811 5836 de
842 5770 1173 5840 Thiérache
1204 5770 1514 5845 s’étend'ait
1542 5778 1650 5840 des
1681 5794 1858 5841 sour-

1969 5422 2259 5550 EesgeAla
2288 5422 2536 5480 Sambre
2569 5441 2684 5479 aux
2713 5425 2930 5484 limites
2960 5428 3040 5486 du
3070 5432 3259 5490 comté
3283 5434 3355 5493 de
3385 5437 3628 5495 Namur.

2020 5512 2055 5549 Ε
2137 5512 2169 5548 ι.
2212 5512 2266 5549 γ.

2020 5512 2055 5549 E
2084 5512 2266 5549 ULAY.

2038 5566 2190 5706 E230)
2223 5566 2410 5621 Hodie
2442 5567 2495 5622 le
2524 5567 2740 5624 Cdteau
2775 5587 2786 5626 :
2820 5572 2896 5628 cf.
2932 5589 2983 5628 c.
3017 5574 3106 5632 86.

2060 5637 2186 5706 231)
2217 5636 2392 5693 Selle.
2426 5639 2512 5694 Ls
2543 5638 2725 5697 GLAY.

2060 5637 2186 5707 231)
2217 5636 2392 5693 Selle.
2426 5639 2512 5694 Ls
2543 5638 2725 5697 GLAY.

2040 5707 2190 5784 (232)
2221 5708 2395 5769 Errat
2423 5714 2664 5788 noster;
2692 5713 2774 5773 nil
2806 5730 2876 5776 ea
2904 5717 2976 5776 de
3007 5733 3073 5779 re
3101 5719 3319 5788 retulit.
