4098 6196
501 306 618 369 115

502 510 696 562 hanno
728 508 786 560 et
813 505 994 559 totius
1024 502 1278 573 publica
1306 501 1395 555 rei
1424 499 1791 565 ministeriis,
1824 499 1882 552 in
1912 499 2162 570 quadam
2194 479 2249 540 Α

501 597 859 667 proprietate
892 596 1115 647 sanctae
1136 589 1592 644 Kameracensis
1616 588 1927 656 ecclesiae,
1953 589 2012 642 in
2033 588 2163 642 loco

500 688 598 757 qui
631 690 879 739 vocatur
910 680 1216 735 castellum
1248 683 1469 733 sancta}
1492 677 1714 745 Mariae,
1739 676 1894 747 quod
1912 677 2165 730 vocaba-

500 779 596 831 tur
626 778 793 829 antea
827 769 1241 840 Vendelgeias,
1275 769 1431 839 quod
1470 764 1549 808 192
1588 767 1765 821 situm
1796 770 1888 819 est
1917 766 1975 819 in
2008 780 2161 835 pago

501 862 923 917 Kameracensi
956 876 1023 913 ac
1055 858 1330 913 comitatu
1362 856 1588 910 Arnulﬁ
1620 854 1851 910 comitis
1874 851 2041 923 (933).
2063 855 2159 907 At-

500 969 614 1023 que
646 951 993 1021 praadictum
1020 947 1414 1016 merchatum,
1446 946 1767 1010 monetam,
1799 943 2158 1011 theloneum,

392 1062 395 1065 '
498 1044 779 1110 bannum,
822 1054 954 1093 cum
996 1041 1113 1091 tota
1145 1035 1378 1106 publica
1410 1033 1727 1099 functione,
1769 1033 1828 1085 in
1859 1031 2159 1102 proprium

500 1130 879 1185 concedimus
914 1129 1135 1180 sancta:
1167 1122 1586 1177 Kameracensi
1609 1121 1920 1190 aacclesim,
1946 1121 2044 1175 tali
2076 1125 2158 1176 te-

498 1235 643 1275 nore
672 1223 734 1272 ut
764 1216 961 1271 nullus
994 1215 1131 1282 dux,
1166 1213 1460 1280 marchio,
1491 1211 1620 1264 sive
1651 1225 1871 1279 comes,
1906 1224 2013 1263 seu
2046 1210 2157 1264 ali-

498 1310 633 1378 quis
674 1308 848 1360 homo
888 1304 1063 1358 ullam
1102 1303 1451 1370 potestatem
1480 1299 1693 1353 habeat
1722 1313 1905 1368 super
1930 1315 2156 1353 memo-

496 1400 685 1450 ratum
714 1393 1077 1448 merchatum
1104 1431 1118 1459 ,
1163 1389 1278 1443 nisi
1319 1405 1452 1442 cum
1488 1387 1721 1441 licentia
1754 1387 2019 1457 episcopi
2050 1387 2158 1441 Er-

495 1485 691 1537 lcwini
740 1494 1103 1550 suorumque
1158 1492 1601 1531 successorum.
1651 1476 1818 1545 Unde
1867 1476 2155 1545 imperiali

488 1573 772 1643 jubemus
805 1574 979 1641 atque
1010 1567 1324 1622 statuimus
1354 1565 1611 1635 potentia
1642 1569 1703 1618 ut
1731 1579 1939 1618 omnes
1970 1565 2156 1619 homi-

1431 296 1704 361 GESTA
1742 296 2272 363 PONTIFICUM
2317 296 3055 363 CAMERACENSIUM

3829 296 3941 362 116

2277 499 2596 568 episcopus
2637 514 2769 553 cum
2811 498 3058 553 Arnulfo
3098 498 3330 568 comite,
3374 500 3574 568 utpote
3612 513 3745 552 cum
3775 513 3934 554 com-

2276 587 2473 641 munis
2503 587 2822 642 deditionis
2845 587 2958 642 sub
2981 588 3334 659 imperatore
3357 586 3664 656 consocio,
3690 586 3935 641 familia-

2275 677 2503 729 ritatem
2535 676 2806 745 habebat,
2841 676 3168 731 Balduinus
3201 676 3419 731 civitati
3450 676 3587 730 huic
3619 677 3833 731 multas
3854 676 3936 730 in-

2275 766 2720 819 commoditates
2763 765 3085 836 irrogabat.
3120 765 3375 820 Gravius
3416 766 3589 820 etiam
3630 765 3817 822 furori
3846 766 3937 819 in-

2274 854 2524 921 cubuit,
2596 854 2692 907 ubi
2753 857 3001 909 mortem
3057 855 3434 924 imperatoris
3489 855 3654 909 tercii
3711 854 3936 908 Ottonis

2273 942 2539 997 audierit.
2586 942 2889 1012 Siquidem
2934 940 3012 984 193
3058 944 3268 998 eodem
3314 948 3576 1014 tempore
3616 944 3735 1012 (an.
3779 941 3935 1011 1000)

2270 1031 2609 1101 imperator,
2654 1032 2900 1086 Romam
2941 1032 3276 1103 profectus,
3324 1033 3385 1088 in
3427 1033 3667 1103 antiquo
3708 1031 3932 1102 palacio

2271 1119 2427 1190 quod
2469 1123 2560 1173 est
2597 1120 2655 1173 in
2698 1124 2894 1175 monte
2926 1121 3218 1176 Aventino
3249 1121 3605 1175 versabatur
3629 1140 3644 1185 ;
3676 1124 3733 1175 et
3760 1120 3937 1174 sicuti

2265 1205 2532 1277 juvenis,
2575 1211 2691 1262 tam
2731 1209 2962 1264 viribus
3000 1210 3191 1264 audax
3228 1225 3405 1280 quam
3440 1224 3662 1282 genere
3701 1213 3934 1279 potens,

2270 1311 2547 1367 magnum
2578 1297 2877 1367 quiddam,
2914 1299 3090 1352 immo
3133 1302 3191 1353 et
3228 1298 3601 1369 impossibile
3642 1298 3934 1370 cogitans,

2270 1384 2543 1438 virtutem
2581 1386 2829 1441 Romani
2850 1387 3085 1456 imperii
3106 1386 3179 1440 ad
3199 1387 3517 1457 potentiam
3545 1390 3815 1442 veterum
3843 1402 3934 1440 re-

2270 1488 2408 1543 gum
2438 1473 2701 1528 attollere
2733 1474 3077 1529 conabatur.
3109 1476 3310 1530 Mores
3340 1476 3515 1531 etiam
3549 1474 3935 1530 meclesiasti-

2271 1576 2398 1630 eos,
2433 1577 2587 1633 quos
2620 1563 2880 1618 avaricia
2921 1564 3322 1619 Romanorum
3356 1564 3558 1635 pravis
3587 1580 3937 1620 conmerca-

492 1638 600 1715 nes
627 1660 751 1730 jam
783 1638 1001 1713 dictum
1030 1656 1395 1710 merchatum
1434 1653 1765 1721 visitantes,
1797 1655 2027 1723 euntes,
2062 1669 2156 1708 ne-
2190 1638 2240 1700 Β
2272 1649 2492 1705 tionum
2524 1651 2737 1707 usibus
2767 1651 3079 1721 viciabant,
3104 1653 3178 1706 ad
3198 1669 3464 1708 normam
3483 1654 3704 1723 prioris
3727 1654 3935 1725 gratim

496 1750 792 1823 gotiantes
830 1751 1003 1817 atque
1043 1746 1495 1811 commorantes,
1540 1742 1730 1796 eundo
1768 1745 1824 1795 et
1854 1742 2155 1797 redeundo

498 1840 670 1892 talem
703 1838 1004 1891 obtineant
1030 1849 1258 1904 pacem,
1291 1831 1524 1902 qualem
1557 1829 1720 1901 juste
1758 1830 2018 1885 detinent
2047 1847 2152 1886 ne-

493 1927 840 1997 gotiatiorcs
862 1925 921 1979 in
943 1923 1243 1977 merchato
1266 1919 1722 1975 Kameracensis
1744 1920 2018 1975 civitatis.
2040 1921 2152 1993 Igi-

492 2021 589 2069 tur
618 2016 974 2084 quicumqne
1003 2011 1332 2081 predictum
1362 2008 1726 2063 merchatum
1751 2008 2026 2080 frangere
2045 2025 2155 2063 seu

493 2105 718 2157 violare
762 2101 1149 2172 temptaverit,
1204 2100 1495 2168 conponat
1541 2098 1715 2151 talem
1761 2097 1954 2152 nostri
1992 2098 2153 2167 juris

490 2196 770 2259 bannum,
805 2172 1038 2261 qualem
1069 2191 1241 2259 prout
1277 2189 1374 2242 lex
1415 2186 1616 2256 exigit,
1650 2185 1751 2256 qui
1781 2186 2017 2240 solvere
2047 2186 2152 2241 de-

490 2284 650 2352 bent,
687 2281 787 2351 qui
820 2279 959 2332 illud
994 2278 1425 2331 Kameracense
1449 2275 1810 2329 merchatum
1843 2275 2153 2330 temerarie

489 2369 962 2440 inquietaverint.
999 2367 1068 2420 Et
1099 2370 1160 2421 ut
1190 2366 1318 2419 haec
1350 2367 1570 2419 nostrae
1604 2364 2015 2418 concessionis
2045 2380 2153 2418 au-

490 2459 734 2513 ctoritas
782 2459 1003 2510 firmior
1052 2457 1411 2525 permaneat,
1462 2453 1613 2506 hanc
1659 2452 1935 2523 paginam
1978 2468 2154 2507 manu

487 2548 725 2617 propria
776 2547 1148 2610 roboranles,
1211 2542 1475 2614 sigillare
1524 2541 1846 2611 jussimus.
1907 2540 2153 2611 Signum

489 2636 689 2691 domni
721 2635 949 2688 Ottonis
991 2633 1236 2685 caesaris
1276 2630 1497 2684 invicti.
1534 2630 1885 2683 Heribertus
1917 2630 2153 2683 cancel-

492 2724 678 2778 larius
700 2723 829 2775 vice
856 2721 1141 2790 Willigisi
1162 2719 1597 2788 archiepiscopi
1619 2719 1983 2787 recognovit.
2010 2718 2154 2772 Data

486 2810 575 2866 11.
618 2812 747 2865 Kal.
791 2810 923 2864 Mai.
968 2811 1135 2863 Anno
1167 2807 1475 2862 dominicae
1505 2805 1931 2859 incarnationis
1974 2803 2149 2875 1001,

486 2900 803 2954 indictione
837 2898 922 2951 14.
958 2899 1127 2951 Anno
1155 2896 1308 2950 tertii
1337 2894 1566 2949 Ottonis
1598 2894 1770 2965 regni
1804 2893 1890 2963 Π,
1923 2894 2151 2964 imperii

573 2993 781 3041 Actum
818 2988 1117 3040 Ravennae
1152 2984 1421 3051 feliciter,
1457 2999 1646 3036 amen.
1686 3007 1707 3030 ι»

557 3075 679 3131 113.
724 3077 811 3130 De
848 3075 1092 3144 injuriis
1131 3072 1403 3141 militum,
1448 3078 1507 3126 et
1549 3071 1699 3143 quod
1725 3071 2149 3125 monasterium

485 3168 681 3220 sancti
717 3165 1005 3218 Autberli
1048 3162 1351 3235 ampliavit
1391 3168 1449 3215 et
1489 3159 1876 3231 episcopalem
1923 3160 2149 3214 domum

484 3255 849 3309 sublimavit.
895 3254 981 3307 Ab
1026 3253 1176 3322 ipsis
1216 3267 1357 3306 vero
1400 3250 1528 3304 suis
1569 3249 1872 3315 militibus,
1905 3264 2056 3319 quos
2089 3249 2147 3301 in

486 3347 581 3399 sui
622 3344 847 3397 castelli
890 3343 1170 3397 custodes
1202 3339 1515 3405 ordinavit,
1549 3339 1865 3407 plerasque
1895 3337 2147 3408 injurias

486 3434 717 3500 excepit
744 3448 757 3499 ;
791 3432 898 3485 sed
929 3435 1121 3484 tamen
1151 3429 1378 3483 eisdem
1417 3427 1688 3493 devictis,
1722 3427 2149 3480 interveniente

486 3520 800 3574 concordia
833 3523 889 3571 et
918 3517 1261 3586 interposita
1302 3530 1446 3585 pace
1487 3514 1727 3583 quievit.
1763 3512 1959 3584 llujus
1991 3530 2147 3582 pra:-

487 3608 755 3679 ceptionc
804 3606 1160 3660 (,lodefridus
1206 3620 1354 3658 suus
1399 3603 1635 3672 quidam
1693 3601 2147 3656 archidiaconus

484 3695 909 3750 monasterium
954 3693 1143 3746 sancti
1192 3690 1497 3758 Autberti,
1548 3688 1702 3759 quod
1750 3689 1901 3742 intra
1939 3705 2146 3744 muros

484 3785 650 3839 urbis
683 3787 793 3852 est,
828 3781 1231 3851 amplioravit;
1262 3783 1318 3833 et
1338 3779 1463 3849 ipse
1486 3778 1807 3847 episcopus
1837 3777 1894 3829 in
1925 3778 2145 3846 stipen-

2270 1738 2595 1795 reformare
2625 1740 2955 1795 estimabat.
2992 1741 3069 1795 Ut
3096 1745 3290 1796 autem
3322 1740 3628 1797 efﬁcacius
3660 1742 3773 1797 hoc
3802 1758 3937 1813 per-

2271 1826 2536 1896 fecisset,
2569 1844 2861 1883 summam
2893 1830 3307 1885 familiaritatis
3339 1832 3587 1903 gratiam
3616 1830 3937 1886 exhibebat

2272 1916 2555 1971 Romanis
2580 1933 2595 1987 ;
2627 1918 2933 1990 ipsosque,
2968 1922 3029 1973 ut
3058 1920 3322 1975 locorum
3353 1920 3589 1975 accolas
3619 1926 3674 1976 et
3703 1936 3934 1975 morum

2268 2021 2336 2059 ac
2367 2007 2862 2061 consuetudinum
2891 2024 3146 2079 gnaros,
3197 2010 3329 2064 suis
3363 2009 3703 2065 Teutonicis
3733 2010 3934 2080 prefe-

2268 2110 2428 2163 rens,
2451 2095 2826 2150 consiliarios
2850 2096 2968 2150 sibi
2989 2096 3243 2152 habebat
3272 2100 3330 2152 et
3361 2100 3605 2169 primos,
3640 2096 3935 2153 Nimirum

2266 2182 2419 2237 bene
2449 2186 2507 2237 et
2537 2184 2687 2238 satis
2719 2187 2888 2239 caute
2919 2185 3293 2255 dispositum,
3328 2188 3380 2241 si
3410 2187 3682 2242 effectum
3714 2189 3936 2242 contin-

2268 2276 2455 2341 geret.
2480 2272 2596 2327 Sed
2628 2276 2901 2328 neutrum
2934 2273 3218 2329 habitum.
3241 2275 3367 2341 Quo
3401 2276 3557 2332 enim
3597 2277 3936 2331 inclinatio-

2267 2374 2390 2413 rem
2408 2360 2690 2416 Romanis
2708 2362 3008 2431 prestabat
3025 2365 3295 2436 gratiam,
3310 2368 3468 2420 tanto
3482 2366 3936 2420 cervicatiorem

2267 2448 2584 2516 prodidere
2623 2451 2986 2520 superbiam.
3027 2454 3383 2524 Plerumque
3410 2454 3637 2533 'etenim
3677 2455 3935 2509 maxima

2269 2536 2634 2593 familiaritas
2669 2544 3062 2611 contemptum
3098 2542 3271 2611 parit.
3304 2543 3490 2597 Porro
3523 2558 3656 2596 cum
3688 2546 3745 2597 et
3775 2544 3935 2616 legis

2268 2626 2705 2682 observantiam
2745 2630 2802 2683 et
2832 2628 3098 2699 justiciae
3138 2646 3402 2685 normam
3441 2646 3613 2703 aequo
3650 2633 3935 2688 modera-

2266 2714 2422 2768 mine
2470 2720 2796 2784 exerceret,
2851 2733 2985 2771 mox
3034 2718 3241 2773 oborta
3283 2720 3628 2791 indignatio,
3674 2736 3816 2776 mox
3857 2723 3933 2777 de

2185 2793 2235 2854 C
2265 2818 2464 2857 amore
2502 2804 2563 2858 in
2602 2805 2732 2858 odia
2772 2805 3015 2875 efferati,
3051 2810 3112 2861 ut
3143 2824 3208 2861 se
3241 2808 3415 2875 habet
3448 2824 3653 2863 eorum
3683 2809 3933 2866 effrenis

2264 2890 2633 2962 inaequalitas
2668 2910 2912 2962 morum,
2949 2896 3263 2950 amicitiam
3294 2896 3583 2953 seditione
3607 2902 3930 2955 mutarunt.

2264 2979 2567 3051 Tantoque
2588 2997 2879 3051 processu
2897 2985 3082 3038 crevit
3103 2985 3424 3055 discordia,
3448 2990 3512 3041 ut
3530 2987 3684 3042 facto
3706 2989 3931 3059 impetu

2266 3068 2611 3123 Mazelinum
2641 3072 2935 3140 quendam
2966 3072 3295 3141 praclarum
3318 3074 3633 3145 juvenem,
3667 3077 3930 3147 impera-

2263 3157 2373 3210 tori
2407 3156 2789 3228 familiarem,
2823 3161 3200 3230 perimerent.
3235 3162 3500 3234 Denique
3532 3169 3590 3218 et
3617 3164 3818 3235 ipsum
3850 3165 3935 3208 194

2261 3245 2674 3315 imperatorem
2694 3252 2894 3302 coacta
2913 3263 3088 3303 manu
3108 3250 3296 3305 valida
3317 3252 3376 3305 in
3386 3252 3509 3323 jam
3530 3253 3684 3307 dicto
3706 3255 3933 3324 palatio

2259 3335 2337 3387 ita
2364 3335 2631 3390 clausere
2653 3351 2759 3406 per
2778 3336 3053 3407 triduum,
3079 3342 3141 3392 ut
3163 3354 3271 3394 nec
3294 3340 3346 3393 ei
3367 3341 3640 3396 alimenta
3659 3343 3805 3397 ferri
3823 3343 3931 3414 195,

2259 3438 2368 3477 nec
2398 3424 2533 3492 quis
2550 3428 2649 3478 aut
2670 3425 2831 3479 exire
2848 3430 2945 3479 aut
2963 3426 3208 3483 introire
3227 3430 3299 3483 ad
3321 3430 3485 3485 illum
3506 3433 3760 3502 potuerit
3776 3433 3855 3501 (Α
3867 3452 3931 3488 n.

2260 3509 2417 3578 1001,
2454 3512 2586 3565 Jun.
2590 3513 2636 3581 ).
2664 3513 2894 3584 Vixque
2925 3516 3223 3571 evasisset
3251 3519 3598 3589 periculum,
3630 3521 3690 3573 ni
3719 3520 3937 3576 Einri-

2260 3614 2366 3652 cus
2398 3600 2517 3654 dux
2546 3600 2857 3672 Bajoariae,
2892 3604 3011 3674 qui,
3048 3608 3108 3659 ut
3128 3606 3188 3659 in
3210 3610 3717 3678 consequentibus
3746 3608 3829 3651 195
3860 3612 3934 3666 li-

2258 3691 2415 3757 quet,
2447 3692 2581 3757 post
2604 3689 2761 3743 hunc
2784 3690 3002 3745 infulas
3024 3695 3194 3764 regni
3216 3695 3424 3764 induit,
3451 3697 3744 3769 Hugoque
3768 3715 3935 3755 mar-

2258 3775 2392 3829 chio
2426 3775 2603 3830 Italiae
2632 3780 2898 3847 tempore
2931 3780 3336 3837 subvenirent.
3374 3785 3467 3837 Hii
3497 3786 3799 3855 nimirum,
3834 3790 3934 3842 si-

483 3874 669 3927 dariis
711 3846 956 3925 fratrum
999 3870 1146 3923 duas
1184 3846 1380 3938 villas,
1414 3846 1589 3919 unam
1622 3867 1856 3919 Avesna
1889 3861 2036 3935 (234)
2067 3866 2148 3918 vi-
2172 3846 2226 3906 D
2257 3867 2349 3916 cat
2393 3867 2522 3919 suis
2567 3846 2784 3920 castris
2834 3869 3098 3924 exterius
3138 3868 3214 3911 197
3253 3875 3446 3940 erant,
3493 3872 3688 3928 subita
3716 3846 3932 3930 rerum

479 3963 691 4016 delicel
722 3960 990 4027 reddidit,
1024 3958 1264 4011 alteram
1294 3971 1435 4009 vero
1468 3954 1779 4008 Tiliodium
1818 3954 1967 4021 (9.35)
1998 3971 2145 4009 con-

479 4051 627 4119 tulit,
672 4054 732 4103 ut
772 4048 1031 4103 servitus
1074 4046 1173 4100 llei
1208 4048 1545 4116 augeretur,
1579 4059 1863 4097 numerus
1896 4042 2141 4097 fratrum

478 4139 981 4208 multiplicaretur.
1032 4135 1164 4206 Ipse
1217 4135 1391 4188 etiam
1436 4132 1699 4202 pontifex
1743 4132 2140 4202 episcopalem

475 4230 712 4282 domum
745 4227 1023 4296 superbis
1055 4224 1324 4279 aedificiis
1356 4222 1728 4277 sublimatam
1762 4220 2047 4275 fundavit.

544 4318 665 4372 114.
690 4318 775 4372 De
799 4317 960 4371 obitu
985 4315 1162 4368 tercii
1183 4312 1434 4379 Ottonis,
1457 4317 1514 4365 et
1538 4310 1611 4365 de
1629 4311 1983 4365 succedente
2000 4311 2141 4363 Ein-

472 4410 619 4463 rico.
646 4408 870 4460 Interea
890 4421 1032 4458 vero
1052 4403 1277 4457 obortis
1296 4400 1693 4455 simultatibus
1720 4400 1870 4454 inter
1891 4400 2137 4454 comites

470 4496 822 4550 Balduinum
837 4492 984 4560 (236)
999 4492 1273 4545 videlicet
1291 4490 1717 4544 Flandrensem
1739 4493 1913 4559 atque
1932 4488 2138 4543 Arnul-

472 4586 595 4638 fum
620 4581 1156 4646 Valcntianenscm,
1181 4578 1509 4647 asperrima
1531 4577 1792 4630 excrevit
1814 4576 2131 4646 discordia,

469 4690 603 4743 qua:
636 4685 824 4739 usque
855 4668 923 4719 ad
957 4666 1173 4718 bellum
1205 4665 1535 4734 procedens
1566 4666 1820 4735 quietem
1850 4664 2031 4734 hujus
2062 4666 2137 4719 ci-

469 4760 665 4814 vitatis
698 4760 1041 4826 plcrumque
1071 4754 1463 4822 interpolavit.
1508 4753 1654 4806 Nam
1687 4752 1822 4822 quia
1854 4751 2132 4808 Erluinus

2255 3954 2648 4008 conversione
2690 3956 2936 4026 attoniti,
2980 3959 3122 4028 quid
3152 3960 3523 4015 intenderent
3553 3963 3933 4035 addubitant,

2253 4045 2709 4113 preruptamque
2740 4043 2999 4099 hostium
3027 4047 3334 4102 audaciam
3356 4050 3558 4104 verbis
3582 4052 3933 4108 consultius

2252 4131 2631 4203 mitigandam
2662 4148 2836 4203 quam
2867 4135 3049 4188 armis
3079 4137 3356 4191 estimant
3376 4140 3765 4196 excitandam.
3805 4142 3936 4198 Ho-

2251 4236 2379 4273 rum
2410 4222 2602 4291 itaque
2633 4222 2894 4276 furorem
2934 4224 3178 4291 paciﬁca
3214 4228 3658 4299 convenientes,
3693 4230 3932 4286 verbo-

2250 4325 2384 4363 rum
2415 4309 2666 4364 mollicie
2696 4310 2945 4380 lactant,
2981 4312 3365 4386 dicentesque
3394 4331 3461 4370 se
3492 4333 3695 4387 pacem
3723 4320 3933 4375 inter-

2248 4399 2549 4466 posituros
2578 4394 2676 4468 198,
2702 4400 2921 4454 aditum
2954 4401 3145 4456 soluta
3185 4404 3493 4459 obsidione
3523 4406 3929 4476 inpetrarunt.

2246 4486 2355 4551 Qui
2384 4488 2455 4541 ad
2486 4488 2784 4542 seniorem
2817 4490 3099 4561 ingressi,
3134 4507 3370 4546 manum
3407 4495 3804 4550 obsidentium
3838 4499 3938 4552 in-

2246 4576 2839 4649 vincibilem,nullam
2872 4579 2987 4633 sibi
3021 4584 3199 4634 tutam
3217 4597 3383 4651 spem
3414 4583 3533 4637 nisi
3562 4584 3807 4657 aufugio
3842 4586 3938 4628 199

2245 4666 2623 4736 intimarunt;
2678 4667 2928 4737 ideoque
2977 4668 3172 4739 ipsum
3218 4670 3368 4725 clam
3420 4672 3695 4727 hostibus
3745 4674 3934 4732 foras

2246 4754 2452 4809 callide
2486 4755 2832 4810 eduxerunt.
2875 4756 2973 4811 Sic
3012 4759 3208 4829 itaque
3246 4760 3565 4831 imperator
3595 4778 3727 4817 cum
3758 4764 3932 4820 Ger-

1782 4897 2074 4959 VARUE
2126 4899 2488 4961 LECTION
2494 4901 2591 4961 ES

535 5028 617 5103 19¢
655 5047 762 5102 que
808 5031 863 5085 1.
903 5028 984 5073 193
1022 5030 1345 5102 Sequentia
1385 5028 1591 5084 eodem
1630 5058 1699 5066 —
1729 5032 1984 5103 cometae
2015 5032 2410 5103 apparuerunt
2434 5029 2770 5103 primo__non
2803 5030 3044 5085 fuerunt
3071 5032 3136 5086 in
3172 5032 3228 5103 1,
3280 5033 3391 5089 sed
3419 5034 3584 5091 inter
3612 5037 3931 5103 siquidem

467 5109 525 5184 et
554 5098 878 5184 imperator
909 5119 1018 5155 una
1055 5098 1276 5184 tantum
1315 5116 1427 5155 vox
1455 5104 1682 5184 septem
1711 5098 1844 5184 fere
1874 5099 2214 5184 litterarum
2244 5098 2578 5184 legebatur.
2611 5100 2779 5184 lianc
2808 5108 3000 5156 autem
3037 5098 3232 5184 vocem
3263 5109 3633 5184 auctet-ipse
3654 5098 3925 5184 delevit,

463 5168 789 5244 deletmquc
822 5175 1056 5241 signum
1090 5189 1197 5227 ·;’;·
1234 5168 1556 5244 imponens,
1590 5169 1754 5244 illius
1779 5170 1905 5244 loco
1939 5168 2121 5224 verba
2153 5168 2360 5225 eodem
2390 5203 2461 5210 —
2490 5175 2733 5244 cometae
2764 5181 3163 5244 apparuerunt
3195 5175 3257 5229 in
3288 5168 3539 5232 scedula'
3561 5186 3764 5235 assuta
3812 5168 3933 5239 ad:

451 5245 626 5316 jecit.
659 5241 826 5297 Hanc
855 5247 916 5297 2.
952 5245 1012 5297 3.
1054 5241 1330 5298 viderunt
1363 5242 1551 5297 adhuc
1582 5241 2150 5313 descripseruntqne
2173 5260 2192 5305 ,ο
2237 5244 2296 5296 5.
2342 5259 2452 5296 non
2468 5241 2596 5313 jam
2627 5241 2854 5298 habuit.
2889 5260 3077 5356 neque
3109 5246 3413 5318 quicquam
3444 5248 3584 5303 inde
3631 5267 3788 5306 nunc
3822 5270 3933 5309 su-

465 5322 665 5356 nnrpct
701 5316 817 5356 nisi
853 5316 1139 5356 l'nraminn
1172 5332 1279 5356 ann
1314 5314 1466 5356 fani»
1493 5314 1550 5356 in
1584 5312 1922 5356 mnmhrnnn
1958 5312 2388 5356 nnnrillnmnnn
2423 5313 2522 5356 lilia
2564 5310 2645 5354 193
2676 5314 2847 5356 danai.
2877 5315 2915 5356 Δ
2998 5313 3051 5356 95
3080 5316 3284 5356 dan-ant
3317 5317 3349 5356 2
3405 5317 3481 5356 196
3510 5323 3928 5356 annua-un“...

455 5310 665 5387 pcrest
700 5316 817 5369 nisi
850 5316 1139 5369 foramina
1168 5332 1279 5387 acu
1310 5314 1466 5369 facta
1488 5314 1550 5366 in
1579 5310 1922 5387 membrana
1950 5310 2388 5387 pauxillumque
2420 5310 2524 5366 liii.
2564 5310 2645 5354 19³
2676 5314 2847 5369 deest
2877 5315 2939 5370 4.

547 5386 622 5428 197
658 5387 1043 5451 extrinsecus
1072 5387 1124 5440 2.
1158 5384 1236 5427 198
1264 5386 1568 5441 inizzturos
1598 5385 1651 5440 3.
1682 5380 1763 5426 199
1790 5380 2127 5455 transfugio
2156 5383 2209 5438 2.

2998 5313 3051 5357 95
3080 5313 3289 5373 darent
3315 5317 3369 5372 3.
3404 5317 3481 5363 196
3510 5323 3930 5382 conuentibus

2043 5502 2299 5564 NOTIE

528 5628 678 5702 (233)
708 5631 790 5683 De
824 5646 893 5684 eo
925 5631 1000 5685 cf.
1035 5645 1217 5700 supra
1250 5646 1301 5683 c.
1332 5630 1421 5684 95.

530 5701 677 5776 (234)
712 5701 1215 5774 Avesne-le-Sec,
1249 5716 1434 5772 prope
1465 5701 1787 5762 Bouehain.
1819 5702 1994 5761 Conv.

2307 5630 2455 5709 (ἓξὲξ)
2486 5635 2658 5709 Tilloi
2687 5651 2870 5709 prope
2900 5638 3303 5697 Cameracum.
3336 5640 3514 5701 Conv.

2307 5702 2456 5777 (236)
2489 5702 2831 5782 Barbatum]
2863 5724 2917 5766 a.
2949 5709 3234 5771 988-1036.
