4106 6184
310 307 432 366 117

1722 300 1981 368 LIBER
2023 302 2352 366 PRIMUS

3638 311 3757 376 118

311 483 484 538 berto
515 446 686 554 papa,
718 484 821 553 qui
854 483 1381 555 cognominabatur
1408 484 1715 555 Silvester,
1754 499 1869 539 una
1899 482 1982 526 900
2008 481 2070 544 A
2098 499 2173 537 ex
2204 481 2473 536 Balduini
2503 481 2708 552 primis
2739 481 3046 551 militibus,
3079 485 3224 540 adeo
3255 485 3606 543 Balduinum
3624 503 3756 560 per-

311 587 628 643 egressus,
648 573 990 626 Ravennam
1010 577 1066 627 et
1087 573 1234 626 alias
1264 573 1585 642 provinciae
1607 574 1790 628 urbes
1818 591 1983 645 pera-

310 665 470 732 grat,
503 667 560 716 et
597 661 669 714 ad
702 662 1105 715 ulciscendam
1151 663 1470 733 irrogatam
1512 662 1792 733 injuriam
1824 665 1983 734 cogit

310 750 616 803 auxilium.
653 750 800 804 Dum
834 750 963 805 haec
997 766 1136 806 vero
1160 750 1520 821 intendebat,
1557 754 1761 807 morbo
1793 770 1986 807 corre-

310 844 475 908 ptus,
494 844 681 893 morte
695 844 1035 908 preventus,
1057 855 1209 894 anno
1230 841 1540 896 dominicae
1558 841 1982 895 incarnationis

316 928 454 981 1002
489 925 566 968 ξοι
601 928 755 983 diem
806 929 1037 982 clausit.
1091 930 1228 998 Ipso
1276 945 1423 984 vero
1472 946 1623 985 anno
1670 934 1983 1001 antequam

312 1022 668 1082 moreretur,
707 1017 885 1071 multa
917 1017 1183 1088 prodigia
1214 1019 1273 1071 in
1304 1018 1448 1073 caelo
1478 1020 1608 1072 visa
1640 1022 1797 1073 sunt.
1835 1020 1981 1073 Nam

308 1106 567 1176 quadam
606 1106 701 1160 die
749 1104 836 1160 l9.
872 1105 1000 1160 Kal.
1037 1107 1306 1161 Junuarii
1336 1108 1474 1177 (An.
1511 1105 1667 1178 1002,
1700 1108 1833 1163 Jan.
1864 1106 1977 1177 2t),

309 1196 472 1249 circa
505 1194 711 1250 horam
743 1193 796 1249 9.
846 1196 1021 1265 quasi
1064 1196 1333 1266 quaedam
1365 1196 1556 1250 facula
1586 1197 1803 1251 ardens
1834 1198 1980 1252 ﬁsso

307 1284 459 1338 caelo
491 1299 628 1336 cum
661 1285 837 1355 longo
860 1287 1047 1337 tractu
1069 1286 1257 1338 instar
1276 1285 1535 1357 fulguris
1564 1286 1741 1340 terris
1769 1286 1984 1340 delabi-

308 1376 424 1437 tur,
446 1376 609 1426 tanto
632 1388 777 1426 sane
800 1372 1139 1441 splendore,
1160 1376 1221 1427 ut
1244 1389 1357 1427 non
1391 1374 1563 1428 modo
1595 1374 1694 1445 qui
1728 1375 1893 1430 foras
1922 1377 1981 1430 in

306 1463 497 1533 agris,
526 1477 738 1515 verum
761 1462 934 1515 etiam
957 1461 1015 1516 in
1046 1462 1238 1529 tectis,
1264 1461 1486 1532 irrupto
1504 1461 1582 1504 Ἢ)έέ
1605 1480 1710 1532 per
1730 1482 1980 1536 qumque

307 1551 568 1621 patentia
594 1551 832 1619 lumine,
860 1547 1113 1604 oculi203
1148 1550 1484 1606 ferirentur.
1508 1552 1643 1623 Ipsa
1676 1569 1818 1608 vero
1851 1555 1982 1609 caeli

309 1641 532 1693 ﬁssura
564 1640 706 1692 dum
736 1640 1044 1693 elementis
1090 1639 1148 1693 in
1191 1656 1257 1694 se
1290 1640 1543 1695 invicem
1575 1643 1979 1713 prepinquan-

306 1729 470 1782 tibus
513 1724 599 1768 εἴη
652 1729 880 1783 sensim
930 1733 1334 1798 evanesceret,
1395 1730 1647 1801 interim,
1710 1733 1979 1789 mirabile

2097 570 2412 639 terrefecit,
2458 573 2518 623 ut
2550 586 2683 623 mox
2714 586 2863 625 suus
2896 568 3163 642 effectus,
3197 576 3268 627 ad
3302 576 3478 632 totius
3512 579 3757 649 generis

2094 659 2563 715 satisfactionem
2594 660 2864 727 veniens,
2891 660 3197 715 castellum
3229 663 3683 721 Valentianense
3704 667 3757 719 ei

2093 748 2434 815 reddiderit,
2498 747 2770 819 datisque
2825 748 3139 804 obsidibus
3198 766 3329 805 cum
3387 758 3757 810 sacramento

2091 852 2327 907 quoque
2367 835 2702 890 fidelitatem
2746 838 2801 890 et
2848 851 3054 907 pacem
3102 838 3156 891 ei
3193 843 3571 896 servaturum
3618 859 3763 899 esse

2092 927 2327 979 inantea
2381 924 2788 994 spoponderit.
2837 924 3054 980 Postea
3110 929 3303 981 tamen
3353 930 3645 999 gravibus
3702 935 3761 987 et

2093 1014 2293 1067 multis
2325 1012 2720 1067 seditionibus
2765 1014 3072 1085 premitur,
3106 1017 3164 1069 et
3193 1015 3323 1071 ideo
3357 1017 3665 1089 Balduino,
3700 1023 3765 1075 ut

2091 1103 2207 1158 sibi
2266 1105 2429 1156 esset
2475 1101 2711 1171 auxilio,
2768 1104 3075 1158 castellum
3132 1102 3243 1157 hoc
3304 1105 3759 1164 Valentianense

2089 1190 2483 1246 beneficiavit.

2163 1278 2284 1334 116.
2318 1278 2407 1332 De
2441 1278 2611 1332 rabie
2652 1278 2906 1333 Fulradi
2940 1279 3197 1351 abbatis,
3232 1288 3291 1336 et
3323 1283 3489 1354 quod,
3527 1284 3759 1358 dejecto

2091 1368 2210 1435 illo,
2248 1367 2486 1422 abbatia
2520 1367 2773 1422 donatur
2794 1367 3114 1423 Ricbai'do.
3151 1369 3614 1441 Unde‘pontifex
3642 1375 3756 1429 ali-

2090 1456 2351 1530 quandiu
2381 1472 2586 1526 pacem
2599 1456 2866 1526 adeptus,
2892 1456 2999 1511 sed
3020 1458 3451 1515 ab-insolentiis
3473 1464 3754 1532 premissi

2092 1545 2330 1600 Fulradi
2353 1545 2589 1599 minime
2610 1543 2951 1614 feriabatur,
2979 1547 3077 1616 qui
3101 1547 3340 1602 easdem
3363 1551 3754 1620 turpitudines

2092 1650 2240 1706 quas
2290 1633 2631 1688 ltothardus
2684 1635 2943 1703 SOpierat
2982 1634 3386 1707 redintegrare
3417 1638 3755 1695 nullatenus

2094 1723 2396 1787 cessabat;
2435 1725 2491 1776 et
2519 1722 2655 1793 quia
2677 1722 2995 1792 episcopus
3020 1738 3154 1776 eum
3183 1741 3344 1794 saepe
3375 1730 3644 1782 vocatum
3675 1729 3757 1783 di-

306 1818 467 1871 dictu
486 1816 498 1870 l
524 1818 701 1888 quasi
716 1818 772 1871 in
794 1817 1176 1871 similitudine
1190 1820 1511 1888 serpentis,
1529 1825 1836 1879 crescente
1850 1824 1979 1894 qui-

2094 1815 2297 1868 stricte
2322 1815 2378 1865 et
2407 1810 2689 1865 canonice
2713 1811 3019 1882 arguebat,
3053 1812 3207 1866 inter
3228 1813 3391 1867 illum
3408 1818 3465 1868 et
3481 1817 3756 1871 comitem

307 1907 441 1960 dem
454 1904 537 1947 905
558 1908 749 1977 capite
762 1924 896 1961 cum
911 1907 1166 1961 ceruleis
1186 1909 1438 1977 pedibus
1452 1910 1581 1963 visa
1595 1912 1688 1964 est
1709 1912 1973 1982 ﬁgurari.

309 1995 380 2050 Et
400 1997 517 2050 hoc
539 2012 660 2050 non
682 1997 815 2051 sine
836 1997 1047 2068 grandi
1078 1997 1463 2053 admiratione
1494 1999 1695 2053 multis
1714 2004 1981 2070 spectan-

306 2085 470 2139 tibus
499 2086 676 2155 paulo
709 2090 843 2155 post
873 2086 1181 2155 disparuit.
1208 2087 1340 2155 Ipso
1360 2089 1535 2142 etiam
1558 2104 1712 2143 anno
1736 2094 1979 2146 cometae

303 2178 728 2243 apparuerunt.
763 2174 1089 2244 Imperator
1108 2178 1308 2229 contra
1334 2177 1631 2232 Romanos
1648 2194 1779 2232 cum
1802 2181 1980 2234 multa

304 2263 685 2332 expeditione
705 2263 1068 2317 committere
1081 2262 1299 2317 bellum
1316 2265 1801 2336 profectus,diem
1815 2269 1976 2339 obiit,

305 2352 415 2405 sed
451 2352 590 2406 inde
614 2368 647 2405 a
670 2352 1037 2422 principibus
1068 2352 1218 2421 suis,
1243 2353 1516 2422 ducibus,
1552 2356 1852 2427 episcopis
1883 2358 1981 2411 ho-

304 2439 556 2494 noriﬁce
588 2444 887 2508 revectus,
926 2441 984 2493 in
1027 2441 1299 2496 aacclesia
1322 2442 1685 2515 Aquisgrani
1709 2446 1979 2515 sepultus

300 2530 367 2582 in
388 2544 536 2598 pace
559 2528 801 2599 quievit.
830 2529 971 2583 Post
989 2529 1163 2602 cujus
1191 2530 1506 2587 decessum
1533 2533 1832 2603 principes
1862 2534 1976 2589 Lo-

297 2618 702 2671 thariensium
754 2618 1118 2687 Heinricum,
1166 2619 1429 2674 Heinrici
1460 2622 1760 2689 praemissi
1809 2622 1977 2677 ducis

296 2706 724 2777 Bajoariorum
747 2706 951 2775 tilium,
977 2707 1094 2761 sibi
1115 2708 1319 2777 legunt
1347 2708 1420 2761 ad
1450 2711 1621 2780 regni
1644 2710 1972 2782 imperium,

300 2796 503 2850 virum
531 2796 812 2850 videlicet
842 2796 1106 2850 moribus
1137 2797 1321 2866 pium,
1354 2799 1602 2852 consilio
1642 2800 1972 2871 providum,

296 2884 462 2939 bello
495 2889 833 2951 strenuum,
867 2883 1125 2938 defuncti
1154 2886 1528 2957 imperatoris
1550 2889 1815 2957 proxime
1839 2906 1974 2944 con-

300 2974 728 3044 sanguineum.
751 3002 824 3011 ——
845 2972 978 3041 Ipse
1011 2989 1151 3027 vero
1184 2974 1509 3030 Balduinus
1540 2977 1774 3031 interim
1796 2978 1974 3034 multa

300 3078 485 3115 manu
502 3061 749 3115 collecta
776 3061 1226 3116 Valentianense
1248 3068 1510 3118 castrum
1533 3066 1784 3137 obsedit,
1800 3071 1973 3138 atque

299 3150 581 3220 Arnulfo,
624 3151 761 3221 quia
789 3151 968 3222 longe
997 3166 1241 3205 numero
1272 3157 1397 3206 erat
1427 3152 1690 3223 inferior,
1725 3156 1972 3226 expulso
2004 3181 2056 3243 Ο

298 3239 631 3293 vendicare
659 3240 1041 3310 presumpsit.
1065 3238 1292 3305 Quibus
1324 3242 1400 3294 ita
1430 3244 1621 3313 gestis
1657 3244 1974 3302 Heinricus

296 3344 418 3383 rex
447 3328 761 3399 excitatus,
797 3328 1146 3383 Balduinum
1177 3344 1338 3399 saepe
1378 3330 1451 3384 ad
1474 3329 1765 3400 justitiam
1794 3350 1974 3389 voca—

297 3417 429 3484 vit;
464 3417 575 3470 sed
624 3433 857 3487 semper
887 3417 1151 3472 renitens
1184 3419 1528 3473 vocationes
1558 3419 1693 3490 ejus
1726 3424 1972 3491 sprevit.

304 3507 443 3559 Rex
464 3507 665 3575 itaque
684 3506 890 3576 paucis
912 3509 1048 3576 post
1076 3507 1310 3575 diebus,
1337 3507 1705 3564 multitudine
1730 3526 1976 3566 suorum

301 3594 650 3664 principum
698 3593 901 3662 fultus,
934 3595 1111 3649 immo
1142 3596 1316 3649 etiam
1348 3613 1479 3651 cum
1521 3598 1805 3653 Rotberto
1835 3616 1978 3673 rege

304 3680 718 3749 Karlensium,
752 3684 857 3737 sed
889 3687 946 3737 et
974 3685 1193 3754 pariter
1213 3701 1348 3739 cum
1368 3685 1665 3740 Riehardo
1699 3688 1847 3743 duce
1874 3690 1981 3744 lto-

305 3772 754 3842 tomagensium
810 3772 964 3826 idem
1022 3773 1329 3828 castellum
1397 3790 1530 3829 cum
1579 3775 1981 3848 indignatione

306 3875 680 3931 aggressus,
696 3876 879 3930 super
898 3861 1245 3916 Balduinum
1269 3863 1458 3929 irruit;
1484 3865 1589 3919 sed
1605 3865 1981 3937 exigentibus

302 3951 582 4019 peccatis
628 3950 847 4019 populi,
894 3949 1067 4003 immo
1119 3952 1176 4003 et
1214 3951 1437 4021 aliquot
1474 3969 1719 4007 suorum
1777 3954 1982 4011 fraude

304 4038 807 4106 detrectantibus,
842 4037 1124 4094 frustrata
1154 4054 1260 4110 spe
1283 4040 1430 4094 nihil
1460 4042 1777 4110 proficiens
1800 4045 1860 4097 in
1876 4060 1985 4098 sua

304 4127 607 4180 remeavit
635 4127 772 4197 (An.
808 4126 987 4197 1006).

386 4214 447 4267 11
457 4216 515 4268 5.
550 4214 783 4269 Timens
793 4215 1011 4271 Baldui
1015 4234 1147 4272 num
1161 4220 1469 4290 episcopus
1482 4220 1558 4274 ad
1568 4236 1773 4293 regem
1802 4222 1982 4278 vadit.

303 4304 540 4358 Postea
570 4303 753 4375 hujus
783 4305 1112 4362 obsidionis
1142 4308 1504 4363 incentorem
1536 4309 1842 4365 Erluinum
1872 4312 1989 4382 epi-

302 4408 571 4462 secpum
617 4391 940 4449 Balduinus
971 4395 1283 4467 existimat,
1332 4397 1584 4469 ideoque
1615 4400 1672 4453 in
1704 4400 1898 4470 ipsum
1931 4405 1987 4456 et

304 4482 373 4536 in
409 4481 650 4535 viscera
673 4483 851 4538 totius
871 4485 1039 4538 urbis
1064 4485 1391 4541 districtam
1408 4488 1687 4543 ultionem
1719 4504 1785 4543 se
1808 4489 1988 4545 factu-

302 4586 444 4625 ram
477 4585 621 4624 esse
655 4573 926 4626 minatur.
955 4573 1122 4628 Unde
1150 4576 1373 4644 praesul
1385 4579 1759 4649 perterritus,
1778 4579 1988 4634 civita-

306 4661 399 4713 tis
431 4662 655 4714 statum
675 4664 732 4714 et
752 4662 839 4716 rei
856 4662 1111 4731 publicae
1142 4665 1444 4735 negotium
1472 4667 1911 4724 archidiaconis
1934 4673 1992 4724 et

2092 1902 2461 1971 Balduinum,
2487 1904 2549 1954 ut
2571 1916 2751 1969 supra
2775 1900 3033 1957 diximus
3065 1899 3231 1971 (237),
3268 1902 3451 1958 falsas
3466 1920 3756 1960 commen-

2088 1992 2337 2046 tationes
2366 1989 2799 2043 discordiarum
2827 1989 3154 2043 seminabat
3182 2032 3194 2060 ,
3222 2006 3366 2045 sane
3386 1994 3579 2046 comiti
3599 1994 3754 2048 defe-

2088 2097 2227 2134 rens
2254 2078 2472 2133 liabere
2504 2093 2570 2131 se
2608 2094 2786 2147 supra
2818 2078 2971 2132 dicta
3011 2079 3343 2150 privilegia.
3379 2080 3588 2134 Infelix
3618 2082 3745 2136 ille!

2088 2169 2186 2240 qui
2201 2169 2431 2222 beatum
2447 2167 2846 2237 Augustinum
2861 2182 2977 2220 non
2990 2167 3335 2222 advertebat
3352 2170 3650 2224 memoriae
3666 2171 3747 2224 di-

2089 2264 2315 2312 centem
2340 2256 2487 2310 male
2506 2256 2639 2309 illos
2663 2255 2963 2324 disputare
2983 2258 3186 2310 contra
3210 2257 3409 2311 claves
3433 2259 3745 2329 aecclesiae,

2087 2347 2188 2417 qui
2218 2345 2622 2399 auctoritatem
2641 2343 3147 2413 aecclesiasticam,
3174 2360 3347 2415 quam
3365 2346 3424 2398 in
3446 2347 3747 2416 episcopis

2088 2438 2317 2488 constat
2358 2433 2545 2501 fateri,
2581 2432 2938 2486 contendunt
2972 2432 3307 2502 adnullare;
3345 2434 3604 2504 alioquin
3627 2451 3747 2489 aec-

2088 2522 2270 2576 clesia
2318 2537 2450 2592 quae
2492 2521 2550 2574 in
2580 2520 2906 2590 episcopali
2950 2520 3292 2575 auctoritate
3334 2521 3600 2594 habetur,
3636 2540 3747 2593 po-

2086 2613 2354 2664 testatem
2388 2609 2607 2680 ligandi
2637 2612 2811 2681 atque
2845 2609 3115 2664 solvendi
3154 2611 3493 2681 neutiquam
3525 2611 3746 2668 habere

2084 2700 2327 2753 valeret.
2363 2697 2464 2751 llle
2494 2700 2688 2752 autem
2719 2713 2928 2752 sacros
2961 2699 3219 2753 monitus
3252 2700 3516 2770 episcopi
3545 2703 3745 2771 parvi-

2082 2788 2371 2858 pendens,
2408 2787 2598 2857 magis
2646 2786 2957 2858 magisque
3004 2787 3314 2843 lenociniis
3345 2789 3660 2863 insistebat
3691 2795 3748 2846 et

2082 2878 2155 2931 ab
2187 2876 2439 2947 inceptis
2460 2875 2850 2946 pravitatibus
2882 2875 3119 2931 minime
3150 2878 3542 2935 desciscebat.
3577 2879 3746 2935 Unde

2082 2966 2155 3021 ab
2187 2965 2428 3019 Erluino
2443 2981 2560 3018 non
2583 2966 2776 3019 minus
2795 2981 2970 3035 quam
2987 2969 3155 3020 antea
3178 2983 3209 3019 a
3243 2968 3544 3021 Rothardo
3582 2984 3745 3038 saepe

2081 3055 2315 3125 publice
2337 3054 2889 3124 reprehensus,sed
2920 3058 3263 3109 constanter
3280 3056 3579 3110 resultans
3603 3062 3659 3110 et
3677 3074 3743 3110 se

2082 3143 2317 3215 procaci
2365 3142 2676 3197 calliditate
2723 3141 3070 3213 defendens,
3100 3146 3295 3197 tamen
3333 3144 3567 3198 vinculo
3600 3162 3745 3200 ana-

2083 3233 2356 3287 thematis
2387 3231 2699 3302 obligatur.
2738 3231 3013 3286 Preterea
3042 3247 3186 3287 vero
3217 3233 3289 3285 ad
3321 3234 3617 3288 cumulum
3648 3237 3745 3289 sui

2082 3323 2307 3377 furoris
2330 3326 2387 3375 et
2415 3320 2487 3374 ad
2518 3323 2897 3391 augmentum
2920 3337 3047 3375 suae
3065 3321 3516 3392 dampnationis,
3549 3324 3746 3390 incen-

2083 3414 2212 3465 tore
2263 3409 2501 3481 quidem
2540 3408 2771 3462 diabolo
2805 3412 2998 3463 motus
3029 3410 3347 3464 adversum
3381 3412 3740 3483 pontiﬁcem,

2085 3500 2228 3555 tanti
2273 3498 2538 3570 turgoris
2595 3498 2888 3551 cervicem
2947 3500 3153 3568 erexit,
3214 3503 3277 3553 ut
3333 3500 3513 3554 multa
3570 3517 3749 3557 manu

2086 3592 2306 3657 coacta,
2344 3588 2751 3641 consentiente
2788 3586 2998 3640 comite
3031 3586 3336 3657 Balduino,
3372 3604 3554 3659 super
3591 3591 3746 3646 bona

2087 3677 2219 3748 ejus
2251 3693 2383 3748 quae
2415 3676 2473 3729 in
2504 3676 2797 3730 territorio
2842 3676 3217 3730 Atrebatensi
3259 3679 3442 3745 erant,
3475 3678 3750 3734 incendia

2086 3765 2747 3837 perpetraverit.Divina
2762 3768 2953 3819 tamen
2968 3765 3274 3819 clementia
3286 3765 3752 3836 dispensante306

2088 3855 2409 3910 enormitas
2442 3869 2686 3907 suorum
2716 3854 3011 3908 scelerum
3040 3870 3413 3926 nequaquam
3441 3855 3542 3910 diu
3567 3856 3749 3911 latere

2089 3944 2273 4014 potuit
2292 3943 2598 4011 comitem;
2630 3943 2736 3996 sed
2767 3942 2936 4012 plane
2968 3944 3403 4015 deprehensus,
3426 3932 3754 4001 calumnia-

2091 4050 2220 4088 rum
2250 4034 2514 4103 precium
2540 4031 2664 4085 luit.
2682 4032 2894 4085 Comes
2916 4048 3168 4104 namque
3188 4033 3345 4088 illius
3360 4036 3754 4106 nequitiarum

2094 4122 2288 4176 studia
2336 4121 2569 4176 tandem
2618 4121 2955 4190 advertens,
3001 4121 3102 4176 diu
3143 4137 3209 4175 se
3241 4123 3757 4194 circumscriptum

2096 4210 2344 4263 fallaciis
2384 4210 2664 4264 conscius
2693 4209 2973 4278 indoluit;
2996 4208 3274 4279 illiusque
3298 4210 3624 4266 delationes
3643 4229 3758 4268 ma-

2096 4300 2193 4370 gis
2223 4298 2354 4352 dolo
2387 4300 2705 4369 congestas
2727 4313 2903 4368 quam
2944 4297 3057 4351 fide
3097 4296 3367 4351 sul‘fultas
3388 4300 3751 4370 intelligens,

2099 4389 2157 4441 in
2186 4388 2380 4458 ipsum
2410 4372 2727 4440 delatorem
2759 4401 2964 4441 omnes
2996 4401 3211 4440 causas
3236 4386 3374 4457 jure
3413 4388 3756 4460 transfudit,

2103 4478 2364 4548 Namque
2386 4476 2651 4529 Atrebati
2679 4476 2739 4529 in
2759 4475 2891 4546 ipso
2915 4476 3173 4531 claustro
3197 4477 3621 4532 monachorum
3641 4482 3757 4532 sta-

2100 4570 2221 4621 tuto
2268 4566 2516 4622 consilio
2548 4564 2685 4634 (An.
2722 4564 2881 4633 1004)
2911 4565 3279 4637 episcopum,
3321 4570 3518 4636 utpote
3547 4582 3759 4637 prece-

2102 4660 2325 4726 ptorem
2337 4657 2393 4710 et
2405 4654 2757 4725 magistrum
2768 4654 3082 4725 aecclesiae,
3105 4655 3391 4721 invitavit;
3415 4671 3762 4727 ponensque

306 4750 539 4820 primis
588 4750 832 4805 militum
870 4752 1318 4822 commendavit,
1381 4756 1437 4809 οι
1492 4772 1566 4810 ne
1623 4756 1853 4813 incauto
1920 4758 1993 4811 ab
2103 4744 2389 4798 rationem
2421 4760 2556 4798 cum
2578 4743 3448 4815 fratribus,qualiterFulradus
3470 4745 3766 4801 abbatiam

305 4839 456 4909 ipso
488 4839 719 4893 minace
748 4840 980 4895 tiranno
1011 4842 1462 4913 opprimeretur,
1497 4860 1702 4917 regem
1733 4846 1973 4916 expetiit

2105 4839 2348 4891 eatenus
2381 4837 2723 4893 moderatus
2742 4841 2853 4907 est,
2873 4840 3153 4909 episcopo
3176 4841 3445 4896 audiente
3464 4843 3762 4914 quaasivit.

310 4928 441 4982 Ubi
474 4944 623 4982 sane
645 4929 865 4983 tamdiu
899 4929 1239 4986 demoratus
1263 4935 1355 4986 est
1384 4932 1572 4987 donec
1595 4935 1870 4990 videlicet
1891 4951 1998 4989 rex
2105 4926 2394 4996 Conperto
2440 4931 2636 4981 autem
2675 4944 2791 4999 quo
2840 4929 2987 4983 nihil
3034 4931 3345 5003 religionis
3392 4933 3642 4989 interius
3673 4934 3769 4989 do-

311 5022 538 5071 coacto
560 5017 743 5071 multo
765 5018 947 5073 milite
969 5023 1231 5075 castrum
1247 5021 1589 5077 Gandavum
1610 5024 1684 5078 ad
1697 5024 2004 5079 devastan-
2111 5015 2467 5084 οῑνίηθνθνίῐ,
2520 5018 2902 5089 exteriusque
2949 5019 3105 5073 bona
3153 5021 3303 5075 male
3359 5023 3767 5094 dissipaverit,

309 5121 466 5182 dam
522 5108 746 5161 terram
788 5108 1031 5164 invadit.
1068 5110 1186 5181 (An
1224 5110 1407 5183 1007),
1442 5114 1748 5185 captisque
1781 5112 2005 5185 aliquot
2109 5104 2380 5177 legaliter
2409 5109 2464 5159 et
2492 5106 2775 5161 canonice
2806 5108 3235 5178 reprehensum
3264 5112 3326 5166 in
3356 5114 3625 5169 custodia
3654 5114 3772 5183 epi-

1636 5238 1932 5307 VARI/E
1974 5243 2470 5309 LECTIONES.

393 5359 476 5449 φο
508 5368 793 5449 139mg
814 5362 892 5413 201
924 5386 1206 5449 numerus
1235 5374 1376 5428 anni
1406 5374 1576 5429 deest
1604 5371 1657 5430 3.
1689 5379 1881 5448 spatio
1908 5380 2140 5437 relicto.
2181 5378 2261 5422 902
2290 5380 2626 5449 irrumpens
2647 5376 2701 5433 3.
2741 5375 2822 5419 903
2849 5379 3055 5434 oculos
3087 5378 3139 5433 2.
3179 5372 3260 5421 204
3287 5376 3688 5435 remeantibus
3718 5376 3771 5434 2.

311 5438 410 5481 305
437 5441 541 5512 qui
568 5440 622 5494 3.
654 5439 734 5484 306
761 5442 1158 5512 despensante
1178 5444 1227 5499 1.
1716 5438 1733 5448 ³
1912 5521 2168 5585 NOTAE

400 5687 551 5763 (237)
582 5707 636 5750 c.
670 5691 792 5767 l07,
826 5695 995 5752 inter
1023 5698 1357 5773 episcopum
1387 5706 1449 5758 et
1474 5701 1638 5760 inter
1664 5702 1984 5762 Amulium
2018 5704 2479 5763 Flandrensinm
2510 5706 2800 5764 comitem.
