4098 6196
414 319 535 382 119
1304 321 1577 383 GESTA
1616 318 2144 384 PONTIFICUM
2197 315 2974 384 CAMERACENSIUM.
3753 320 3879 386 mo

427 534 649 590 seopus
681 517 859 589 misit,
882 534 1291 591 summamque
1309 519 1558 575 abbatiae
1577 519 1929 575 Herlbertus
1945 519 2092 575 boni‘
2113 498 2172 561 Α
2197 516 2309 571 viri
2340 516 2474 588 ejus
2507 517 2809 572 servitiam
2839 531 3083 572 cessare
3100 516 3357 588 videbat,
3380 517 3580 572 villam
3607 520 3871 595 reextor-

424 608 746 663 testimonii
775 608 1103 663 monachus
1148 610 1423 679 sumpsit.
1457 609 1567 663 Hic
1596 608 1873 678 perfectae
1908 612 1964 664 et
1993 609 2087 662 in-

421 697 931 768 repraahensibilis
957 698 1430 752 conversationis
1450 716 1517 752 ac
1542 698 1840 770 religiosae
1864 698 2088 768 simpli-

421 787 613 841 citatis
638 786 870 855 plenus,
897 787 1005 841 scd
1031 787 1104 840 ad
1130 791 1286 842 tanta
1307 787 1631 858 reparanda
1659 792 1713 842 et
1737 787 2086 841 reordinan-

419 875 512 944 da,
547 892 679 945 quae
713 892 861 930 suus
889 880 1239 931 antecessor
1259 877 1567 945 destruxit,
1592 878 1789 930 minus
1810 877 2082 930 idoneus.

417 964 610 1030 Quare
643 968 697 1019 et
731 965 865 1019 huic
898 970 1147 1019 amotam
1178 965 1470 1020 abbatiam
1505 965 1801 1019 Richardo
1838 964 2084 1035 religio-

418 1053 662 1108 sissimo
686 1054 813 1108 viro
836 1051 983 1124 (238)
1003 1071 1223 1124 comes,
1244 1055 1587 1126 providente
1612 1055 1892 1124 episcopo
1910 1056 2082 1125 atque

418 1142 745 1213 ordinante,
793 1144 1209 1198 moderandam
1256 1144 1569 1198 commisit.
1603 1143 1712 1208 Qui
1756 1143 1812 1197 in
1861 1146 2082 1198 tantum

415 1231 634 1287 fratres
667 1248 869 1287 norma
902 1232 1292 1301 disciplinatae
1322 1232 1631 1304 religionis
1654 1232 2004 1300 extruxerit,
2026 1235 2080 1286 et

414 1320 475 1375 in
522 1323 745 1375 tantum
787 1337 886 1374 res
936 1321 1352 1390 stipendiarias
1396 1320 1784 1391 multiplicare
1816 1322 2080 1376 exterius

412 1409 790 1477 laboraverit,
842 1413 903 1464 ut
949 1410 1005 1463 in
1052 1410 1275 1464 nostris
1318 1409 1573 1478 viciniis,
1607 1411 1728 1464 Deo
1761 1413 2075 1481 annuente,

411 1498 571 1553 nulla
600 1498 832 1552 abbatia
862 1498 1150 1570 religione
1196 1487 1276 1552 sit
1319 1500 1696 1567 praestantior
1733 1503 1830 1553 aut
1862 1499 2076 1569 opibus

410 1586 780 1658 lueupletior.
834 1587 945 1641 Hie
996 1587 1190 1656 etiam,
1243 1588 1497 1641 extincta
1541 1587 1775 1642 Fulradi
1820 1587 2071 1656 malieia,

2194 621 2376 677 quere
2416 608 2739 676 quaerebat.
2771 606 2873 661 Ille
2902 610 3096 661 autem
3127 607 3400 678 quamvis
3428 609 3621 676 morti,
3655 609 3865 663 morbo

2191 695 2684 750 inmedicabiliter
2712 695 3014 767 fatigante,
3048 697 3439 767 prepinquus,
3474 700 3669 751 tamen
3698 697 3865 752 nullo

2190 784 2365 838 modo
2397 784 2837 839 emendacionis
2865 786 3134 855 resipuit,
3170 799 3436 858 suosque
3459 786 3675 840 milites
3695 787 3770 842 ad
3794 803 3864 842 se

2191 888 2435 942 vocans,
2460 874 2530 927 ad
2550 873 2888 929 ﬁdelitatem
2916 875 3009 929 sui
3034 874 3136 928 ﬁlii
3160 878 3533 931 sacramento
3556 877 3865 931 constrin-

2189 962 2304 1026 xit;
2329 977 2578 1017 monens
2601 963 2816 1034 quippe
2833 967 2889 1017 et
2906 963 3225 1019 cohortans
3246 968 3327 1033 ut,
3354 965 3406 1019 si
3425 964 3575 1020 forte
3596 980 3865 1020 morere-

2187 1053 2303 1118 tur,
2330 1051 2515 1104 ﬁlium
2539 1067 2712 1105 suum
2743 1055 2865 1106 tota
2903 1052 3200 1107 deditione
3234 1068 3367 1107 cum
3389 1052 3505 1108 ilde
3528 1057 3584 1108 et
3604 1055 3862 1110 benivo-

2186 1141 2360 1194 lentia
2381 1140 2789 1209 observarent,
2813 1140 3224 1212 adversusque
3241 1143 3585 1213 episcopum
3604 1144 3875 1214 pertina-

2185 1230 2333 1283 citer
2384 1232 2802 1284 sustentarent.
2858 1230 3159 1301 Denique,
3212 1231 3613 1287 intercedente
3656 1232 3861 1303 aliquo

2182 1318 2490 1388 temporis,
2512 1320 2856 1389 episcopum
2877 1335 3112 1392 quoque
3131 1320 3466 1375 inﬁrmitate
3486 1321 3858 1376 laborantem

2182 1406 2508 1462 Balduinus
2526 1423 2729 1462 comes
2746 1408 2990 1464 visitare
3007 1409 3347 1477 advenerat,
3364 1409 3859 1480 quemWalterus

2181 1493 2368 1549 ferme
2398 1498 2661 1551 moriens
2692 1496 2913 1551 auxilio
2945 1497 3038 1551 sui
3071 1497 3172 1552 ﬁlii
3204 1499 3485 1567 precibus
3508 1500 3858 1555 attraxerat.

2179 1583 2289 1649 Qui
2333 1585 2643 1639 Walterus
2682 1601 2799 1640 non
2838 1585 3021 1640 multo
3060 1587 3196 1655 post
3233 1602 3368 1640 eum
3403 1588 3562 1641 tanta
3592 1587 3853 1655 malicia,

410 1690 650 1746 semper
679 1675 894 1730 domno
929 1675 1212 1746 episcOpo
1254 1692 1385 1730 cum
1420 1680 1538 1730 tota
1567 1677 1896 1731 reverentia
1927 1678 2073 1731 sub-
2102 1726 2150 1746 η
2181 1672 2314 1728 dato
2346 1674 2461 1728 ﬁne
2490 1672 2796 1744 malorum,
2829 1674 2887 1728 in
2917 1674 3050 1745 ipso
3080 1674 3326 1746 langore
3355 1675 3533 1730 vitam
3564 1675 3777 1731 ﬁnivit.

624 1726 1051 1834 extitit-reique
1085 1726 1472 1833 inromnibus,
1509 1764 1683 1818 sicuti
1715 1765 1903 1834 decet,
1937 1766 2076 1820 inte—
2101 1726 2155 1788 Β
2254 1760 2377 1818 118.
2407 1762 2497 1816 De
2527 1778 2595 1816 eo
2621 1759 2702 1803 303
2724 1726 2874 1834 qliod
2893 1726 3508 1835 mbrienteoepiscopo,
3540 1763 3857 1820 Walterus

406 1856 635 1906 morato
654 1852 872 1905 amoris
893 1852 1201 1922 signaculo
1219 1850 1759 1908 obseeundavit’o'l.
1780 1854 2072 1910 Fulradus

408 1956 574 2009 vero,
619 1944 781 2010 rapta
822 1956 1025 1995 secum
1064 1942 1312 2012 pecunia
1355 1958 1529 2012 quam
1569 1942 1641 1997 de
1672 1944 1852 1998 rebus
1886 1945 2075 1998 sancti

409 2029 650 2082 V’edasti
691 2028 847 2084 furto
889 2029 1282 2099 subtraxerat,
1321 2031 1654 2086 aecelesiam
1690 2033 2073 2087 Remensium

405 2119 648 2188 expetit,
682 2119 1125 2189 deploratisque
1166 2136 1410 2174 suarum
1449 2137 1825 2175 erumnarum
1855 2137 2071 2177 neces-

407 2207 806 2276 situdinibus,
860 2207 1169 2262 Arnulfum
1218 2208 1742 2279 archipraasulem,
1789 2211 1889 2281 qui
1932 2213 2071 2265 tunc

402 2297 687 2365 temporis
738 2297 1031 2352 {ecclesiae
1081 2302 1355 2369 preerat,
1408 2315 1517 2353 suo
1562 2300 1810 2354 consilio
1856 2299 2069 2354 oblatis

401 2386 750 2439 muneribus
785 2387 1021 2440 ﬂectere
1052 2387 1368 2441 estimavit.
1406 2387 1575 2442 lllum
1604 2404 1855 2459 namque
1887 2393 1942 2443 et
1970 2391 2070 2443 mi-

399 2476 625 2529 nistros
657 2474 794 2545 ejus
826 2475 1239 2546 oppignoravit
1267 2478 1487 2546 precio,
1514 2481 1575 2531 ut
1599 2477 1736 2547 sibi,
1761 2479 1931 2548 quasi
1963 2494 2069 2548 per

2179 1849 2340 1906 ﬁlius
2366 1850 2621 1905 Walteri
2641 1851 2869 1905 domum
2893 1852 3283 1924 episcopalem
3301 1853 3547 1907 invasit.
3575 1853 3853 1909 Pontifex

2177 1955 2434 2012 quoque,
2478 1940 2700 1995 diutino
2742 1940 2952 2017 morbo
2990 1940 3289 2010 laborans,
3325 1942 3480 1997 diem
3512 1958 3637 1997 suae
3671 1958 3851 1998 voca-

2174 2030 2356 2084 tionis
2384 2029 3072 2100 expectabat.Walterus
3104 2045 3247 2086 vero
3277 2035 3396 2085 tam
3426 2031 3634 2086 sevitia
3666 2047 3851 2103 quam

2174 2121 2381 2172 natura
2411 2120 2743 2188 patrissans
2790 2117 2933 2187 (24?.
2956 2121 2996 2189 ),
3044 2122 3269 2188 patrem
3298 2121 3473 2174 etiam
3504 2121 3847 2176 omnimodo

2173 2206 2463 2277 referens,
2497 2207 2793 2262 adversus
2815 2207 3162 2278 episcopum
3185 2209 3446 2264 insanire
3470 2224 3848 2281 nequaquam

2173 2295 2468 2350 cessabat.
2504 2295 2816 2367 Egritudin
2831 2312 2862 2351 e
2883 2297 3040 2351 enim
3065 2297 3332 2367 episcopi
3355 2298 3665 2353 crescebat
3681 2298 3855 2353 ψει-

2170 2384 2281 2438 teri
2332 2383 2634 2439 ferocitas.
2684 2384 2879 2449 Quare
2926 2386 3149 2455 praesul
3190 2402 3375 2456 saepe,
3422 2386 3686 2458 graviter
3713 2402 3845 2441 mo-

2169 2477 2286 2541 tus,
2321 2474 2697 2544 usurpatoris
2729 2474 3105 2529 insolentiam
3135 2474 3308 2547 virga
3336 2478 3635 2545 perpetuae
3665 2475 3843 2529 dam-

397 2562 792 2633 prejudicium
834 2564 1135 2634 deposito,
1178 2564 1328 2619 forte
1358 2581 1645 2620 recursus
1678 2567 1747 2620 ad
1780 2567 2066 2637 privatam
2165 2562 2461 2633 pnationis
2512 2561 2687 2616 ferire
2719 2562 3047 2633 disposuit,
3099 2562 3206 2618 sed
3254 2564 3639 2634 quorumdam
3698 2579 3843 2621 suo-

396 2651 646 2722 gratiam
680 2652 870 2720 ipsius
904 2653 1249 2707 auctoritate
1283 2657 1527 2723 pateret.
1568 2654 1705 2709 Erat
1740 2656 1895 2709 enim
1936 2656 2063 2724 ipse
2168 2668 2297 2705 rum
2354 2651 2673 2721 precibus,
2737 2667 2806 2705 ac
2862 2652 3142 2723 preeipue
3209 2651 3441 2707 Seiheri
3498 2652 3795 2723 Lenensis
3824 2696 3838 2723 ,

396 2739 884 2809 archiepiscopus
918 2740 1181 2812 degener
1202 2742 1378 2794 animi
1405 2758 1420 2812 ;
1451 2748 1526 2811 et,
1550 2744 1823 2814 quamvis
1856 2760 2063 2814 supra-
2165 2740 2350 2812 hujus
2381 2741 2655 2795 videlicet
2684 2742 2898 2810 patrui,
2942 2742 3154 2810 ﬂexus,
3191 2741 3551 2811 aliquamdiu
3582 2742 3837 2798 distulit.

396 2828 569 2882 dictae
618 2828 1007 2882 institutionis
1056 2829 1430 2885 consultibus
1476 2830 1850 2900 prejudicare
1900 2832 2060 2887 nullo
2167 2829 2275 2882 Hie
2309 2828 2621 2896 Seiherus,
2666 2830 2949 2898 providus
2980 2829 3313 2899 consultor,
3349 2831 3581 2899 nepotis
3612 2847 3837 2902 super-

395 2917 570 2970 modo
613 2916 870 2986 valeret,
918 2921 1109 2971 tamen
1157 2918 1445 2971 donorum
1493 2919 1702 2973 avidus
1743 2920 2059 2991 recipiebat
2100 2987 2135 2991 ΑΔ
2165 2919 2322 2972 biam
2353 2919 2525 2973 modo
2555 2934 2731 2989 prece
2783 2919 2954 2973 modo
2999 2919 3287 2973 minarum
3333 2921 3646 2990 asperitate
3686 2935 3838 2974 con-

395 3005 608 3074 oblata,
631 3021 756 3058 sua:
776 3004 1013 3075 quidem
1035 3007 1309 3061 avarieiae
1332 3007 1523 3078 magis
1546 3024 1718 3078 quam
1742 3009 1900 3063 illius
1927 3025 2061 3064 con-
2088 2987 2139 3050 Ο
2167 3009 2449 3079 prixnens,
2498 3008 2643 3061 iram
2692 3023 2836 3062 vero
2882 3008 3146 3077 episcopi
3180 3008 3319 3078 jure
3349 3009 3657 3062 excitatam
3689 3024 3833 3078 pre-

393 3096 599 3149 sulens
634 3110 853 3148 causai.
890 3095 951 3147 In
982 3094 1159 3164 cujus
1193 3095 1433 3150 ferendo
1464 3094 1748 3168 suffragio
1781 3098 1918 3151 dum
1948 3099 2057 3152 ali-
2165 3113 2296 3151 eum
2327 3097 2562 3150 lenitate
2595 3097 2894 3150 humiliter
2920 3096 3169 3163 lactans,
3204 3112 3308 3151 eos
3343 3097 3616 3152 nimirum
3648 3113 3834 3168 paca-

390 3187 608 3254 quanto
640 3183 924 3253 temporis
955 3184 1336 3238 intentionem
1379 3186 1509 3255 spei
1549 3186 1963 3255 suspenderet,
2000 3189 2057 3242 in
2160 3187 2243 3240 vit
2276 3204 2287 3240 :
2324 3202 2392 3241 eo
2427 3186 2720 3257 siquidem
2759 3190 2927 3254 pacto
2968 3189 3031 3239 ut
3060 3185 3367 3239 Walterus
3406 3202 3513 3256 pro
3542 3187 3834 3242 admissis

392 3272 519 3343 ipsa
560 3273 707 3325 urbe
748 3276 976 3342 turpem
1020 3274 1529 3328 conversationem
1573 3276 1804 3346 agebat,
1835 3279 1890 3330 et
1923 3293 2057 3331 cum
2156 3276 2367 3347 viginti
2403 3275 2586 3330 libras
2630 3277 3044 3345 argenteorum
3083 3274 3435 3341 revadiaret,
3488 3291 3557 3329 ac
3587 3276 3831 3331 inantea

388 3362 597 3415 Judeis
644 3361 879 3431 negotia
937 3362 1270 3415 exercebat.
1333 3362 1569 3417 Interim
1626 3369 1817 3418 tamen
1873 3366 2058 3419 miser
2158 3380 2226 3419 se
2286 3363 2620 3435 quieturum
2677 3378 2817 3417 esse
2874 3364 3256 3432 promitteret.
3320 3363 3543 3418 Deinde
3600 3367 3830 3434 praesul

388 3455 576 3504 morte
606 3454 968 3519 praeventus,
1004 3450 1199 3503 divina
1233 3450 1452 3504 ultione
1482 3468 1834 3521 percussus,
1870 3454 2054 3525 inpae-

387 3540 583 3593 nitens
614 3555 723 3592 nec
757 3537 1076 3593 confessus
1110 3539 1264 3593 diem
1296 3539 1438 3592 obiit
1470 3543 1585 3607 (an.
1622 3541 1799 3610 1001).

457 3627 579 3680 117.
602 3627 689 3680 De
709 3626 871 3681 obitu
887 3625 1145 3681 W’alteri
1162 3627 1490 3682 castellani.
1513 3628 2050 3687 IntereaWalterus

386 3717 746 3771 castellanus
772 3716 941 3787 gravi
962 3715 1210 3788 langore
1233 3720 1565 3787 correptus,
1588 3718 1738 3771 facta
1758 3718 2049 3790 legatione

383 3807 731 3876 episcopum
756 3808 1033 3875 precatus
1062 3811 1154 3859 est
1181 3809 1243 3858 ut
1265 3805 1381 3859 tilio
1406 3822 1515 3859 suo
1540 3806 1806 3862 \Valtero
1828 3810 2046 3864 terram

382 3910 551 3949 suam
590 3894 992 3963 beneﬁciaret,
1029 3894 1200 3966 eique
1233 3895 1387 3948 {ilius
1426 3894 1591 3949 salvo
1633 3911 1746 3950 usu
1785 3899 2044 3967 paternae

380 3983 725 4038 hereditatis
746 3982 1039 4036 militaret.
1068 3983 1402 4053 Episcopus
1423 3998 1562 4037 vero
1580 3987 1742 4053 patre
1761 3986 2042 4041 intolera-

377 4072 479 4127 bili
501 4072 681 4127 ﬁlium
702 4071 908 4143 procul
928 4071 1451 4126 intolerabiliorem
1467 4070 1746 4140 futurum,
1765 4078 2042 4144 utpostea

374 4162 647 4233 probavit
666 4164 933 4230 eventus,
951 4159 1485 4231 existimans,quod
1504 4163 1825 4234 rogabatur
1841 4165 2043 4220 abnuit

376 4253 478 4305 sed
513 4256 706 4305 tamen
740 4249 1042 4321 paululum
1080 4250 1301 4318 ﬂexus,
1342 4250 1419 4303 ita
1461 4249 1753 4305 facturum
1795 4269 1861 4307 se
1900 4269 2039 4309 esse

374 4341 699 4411 respondit,
736 4341 787 4393 si
818 4340 984 4411 prius
1018 4341 1071 4393 ei
1102 4339 1623 4409 prasvaricationes
1656 4357 1804 4413 quas
1837 4346 2037 4398 contra

375 4430 708 4484 {ecclesiam
741 4432 796 4481 et
824 4444 1117 4499 pauperes
1148 4428 1371 4482 Christi
1394 4431 1617 4483 fecerat
1638 4446 1827 4500 usque
1850 4432 1922 4484 ad
1944 4447 2038 4486 sa-

371 4518 770 4572 tisfactionem
807 4517 1162 4586 emendaret,
1190 4518 1364 4571 immo
1389 4521 1444 4571 et
1466 4518 1663 4570 villam
1698 4517 2032 4587 Salliacum,

373 4623 548 4677 quam
568 4605 749 4658 invito
767 4605 1048 4673 episcopo
1067 4605 1319 4673 tenebat,
1341 4605 1630 4659 redderet.
1654 4605 1841 4660 Porro
1864 4607 2035 4661 istam

370 4695 569 4748 villam
610 4708 737 4745 suae
778 4689 925 4759 (239)
966 4693 1141 4745 uxori
1182 4692 1294 4745 hoc
1334 4696 1503 4761 pacto
1541 4694 1836 4763 praestitit,
1880 4698 1941 4748 ut
1980 4697 2032 4749 ei

370 4782 517 4849 (210)
550 4780 820 4835 femineis
853 4779 1134 4850 operibus
1157 4780 1512 4848 deserviret,
1540 4782 1751 4852 suique
1774 4783 2032 4838 senioris

368 4868 518 4939 (241)
560 4858 773 4924 malitia
818 4869 1405 4940 quiesceret.Verum
1442 4870 1574 4939 quia
1603 4871 1865 4940 pontifex
1900 4873 2031 4942 ipse

364 4962 638 5014 neutrius
671 4961 845 5014 ullam
878 4958 1373 5013 conmutationem
1405 4957 1678 5028 habebat,
1713 4959 1770 5013 id
1801 4964 1893 5014 est
1923 4977 2029 5016 ne-

364 5039 487 5118 que
511 5067 661 5102 uxor
693 5051 1054 5119 promissum
1086 5048 1438 5119 obsequium
1473 5049 1806 5119 exhibebat,
1833 5066 2022 5121 neque

2158 3452 2370 3507 blande
2403 3469 2469 3506 ac
2502 3453 2712 3507 leniter
2739 3452 3084 3507 exhortatur
3130 3456 3192 3506 ut
3242 3451 3417 3506 ﬁdem
3447 3452 3620 3507 dictis
3649 3453 3828 3507 adhi-

2157 3541 2310 3610 beat,
2346 3544 2419 3611 et,
2456 3542 2506 3594 si
2538 3544 2723 3596 morte
2754 3544 3076 3611 preventus
3108 3541 3166 3595 in
3197 3541 3329 3609 ipso
3361 3542 3603 3613 langore
3635 3542 3828 3596 homi-

2157 3647 2290 3686 nem
2323 3630 2541 3699 exiret,
2591 3630 2923 3685 aecclesiam
2964 3630 3220 3684 ﬁdeliter
3256 3634 3313 3685 et
3353 3630 3600 3684 viriliter
3627 3632 3827 3685 teneat

2156 3721 2345 3775 donec
2363 3720 2512 3773 alter
2529 3722 2733 3789 pastor
2748 3719 3049 3773 succedat.
3070 3719 3196 3773 Hoc
3215 3722 3407 3773 autem
3428 3719 3580 3774 male
3597 3719 3826 3774 oblitte-

2154 3824 2315 3877 rans,
2338 3808 2619 3861 subduxit
2635 3806 2886 3862 eﬂ‘eetui.
2909 3807 3121 3862 Paucis
3140 3822 3391 3877 namque
3410 3807 3621 3862 diebus
3641 3808 3822 3863 inter-

2152 3897 2385 3965 positis,
2417 3896 2817 3950 invaleseente
2850 3898 3076 3965 morbo,
3101 3896 3173 3949 ad
3206 3895 3658 3951 dissolutionem
3680 3913 3821 3951 eor-

2151 3985 2315 4055 poris
2339 3984 2606 4055 episeOpi
2627 3987 2745 4040 tota
2769 3985 2981 4039 domus
3004 3984 3313 4054 increpuit,
3346 3984 3427 4038 ita
3454 3989 3517 4039 ut
3545 3989 3820 4040 mortuus

2150 4074 2300 4128 foris
2320 4073 3256 4128 estimaretur.AuditoWalterus
3292 4072 3570 4128 continuo
3613 4072 3817 4144 laetus,

2151 4178 2285 4217 cum
2322 4162 2691 4216 multitudine
2731 4177 2976 4216 suorum
3015 4165 3310 4233 armatus,
3344 4161 3548 4217 fractis
3578 4160 3816 4217 foribus

2067 4246 2121 4308 D
2150 4252 2359 4307 domos
2391 4251 2743 4305 clericorum
2772 4250 3132 4305 furibundus
3160 4251 3392 4322 irrupit,
3426 4266 3575 4322 quas
3606 4253 3663 4304 et
3692 4256 3818 4305 sta-

2147 4341 2284 4395 bula
2315 4356 2549 4412 quoque
2573 4340 2837 4412 episcopi
2859 4340 3041 4409 raptis
3066 4338 3311 4394 caballis
3332 4338 3645 4411 direptioni
3669 4354 3815 4394 eon-

2144 4430 2292 4483 tulit.
2344 4428 2433 4482 Ad
2480 4428 2655 4499 cujus
2703 4428 2964 4483 furorem
3012 4428 3353 4499 episcopus,
3396 4428 3523 4499 jam
3570 4428 3815 4500 quidem

2144 4517 2542 4571 marcentibus
2577 4517 2796 4587 oculis,
2830 4516 3063 4571 viribus
3095 4516 3422 4585 destitutis,
3466 4532 3600 4571 cum
3628 4517 3814 4572 nimia

2142 4606 2483 4660 difﬁcultate
2516 4621 2691 4660 aures
2723 4606 3056 4675 intendens,
3092 4605 3209 4660 sibi
3241 4605 3431 4660 adhuc
3458 4605 3679 4660 viventi
3709 4606 3811 4661 in-

2142 4693 2348 4748 sultari
2400 4694 2513 4749 alto
2557 4694 2818 4764 suspirio
2858 4695 3120 4767 graviter
3149 4694 3468 4763 infremuit,
3501 4694 3809 4749 manibus-

2138 4798 2252 4854 que
2291 4782 2592 4855 paululum
2633 4783 2759 4838 celo
2800 4784 3066 4854 directis,
3110 4783 3394 4838 latronem
3427 4783 3585 4838 hunc
3614 4782 3674 4836 in
3705 4782 3806 4837 die

2135 4872 2377 4926 ultionis
2411 4887 2608 4927 coram
2641 4888 2872 4927 summo
2899 4871 3103 4943 judice
3135 4872 3682 4941 eondempnandum
3712 4871 3809 4925 in-

2136 4976 2380 5031 vocans,
2416 4962 2662 5032 posthac
2686 4976 2819 5015 cum
2841 4961 2949 5015 hac
2974 4961 3375 5032 indignatione
3396 4957 3431 5014 3
3451 4959 3655 5015 Nonas
3682 4958 3805 5015 Fe-

2132 5049 2357 5103 bruarii
2388 5050 2657 5120 spiritum
2688 5051 2941 5105 exalavit
2970 5050 3118 5121 (243)
3147 5052 3266 5122 (an.
3301 5048 3482 5120 1012).

1679 5167 1975 5227 VARI/E
2017 5166 2483 5257 LECTIONES

430 5302 505 5344 907
540 5303 862 5374 Sequenlia
897 5318 1075 5374 usque
1103 5302 1180 5357 ad
1207 5302 1382 5358 linem
1416 5302 1632 5373 capitis
1660 5308 1865 5356 auctor
1891 5302 2019 5373 ipse
2050 5301 2112 5355 in
2142 5302 2413 5374 margine
2442 5302 2757 5374 supplevit.
2788 5300 2869 5344 908
2896 5303 3067 5358 deest
3103 5302 3157 5357 1.

1956 5424 2213 5487 ΝΟΤιἘ

353 5558 575 5686 4ΟῖέΒΒ)
624 5560 833 5614 Abbati
873 5558 933 5613 S.
968 5559 1161 5613 Vitoni
1194 5559 1612 5629 Virdunensis,
1653 5558 1931 5616 defuncto
1963 5576 2016 5615 a.

433 5675 571 5773 ίσῖἑρ)
602 5703 646 5773 ΫΙ.
683 5720 734 5758 e.
770 5701 1205 5773 ejus,VValteri.

480 5772 569 5849 40)
602 5772 645 5832 Ι.
681 5792 733 5833 e.
766 5772 915 5846 sibi,
937 5773 1220 5853 episcopo
1250 5774 1499 5831 scilicet.

2202 5558 2350 5632 (244)
2380 5560 2426 5616 I.
2457 5577 2509 5618 e.
2543 5562 2756 5618 mariti.

2199 5631 2347 5704 (242)
2379 5632 2422 5687 Ι.
2456 5649 2508 5689 e.
2541 5635 2692 5704 patri
2722 5633 2956 5690 similis.

2196 5701 2344 5775 (243)
2367 5704 2518 5760 Ann.
2540 5701 2852 5771 Quedlinb.
2875 5703 3016 5762 1012
3041 5721 3055 5765 :
3078 5704 3229 5763 obiit
3247 5701 3541 5765 Erluinas
3576 5706 3798 5769 Came-

2126 5776 2300 5832 rinus
2329 5776 2653 5854 episcopus,
2689 5792 2856 5853 ciuus
2883 5777 3010 5837 loco
3039 5777 3355 5838 ordinatur
3388 5777 3768 5848 Gerliardus.
