4098 6196
201 314 312 378 121

1541 306 1801 369 LIBER
1839 303 2307 369 SECUNDUS.

3536 305 3652 368 422

275 493 400 549 119.
428 493 518 548 De
541 491 924 547 tumulatione
941 490 1220 562 episcopi.
1243 489 1473 544 Interea
1498 487 1628 542 suis
1646 503 1874 542 meren-
1903 489 1960 548 A
1991 489 2246 542 miseros
2274 501 2342 542 se
2373 502 2488 541 non
2521 486 2741 541 habere
2769 491 3102 558 patronum,
3139 489 3243 544 sed
3265 488 3652 558 expilatorem

203 585 363 638 tibus
393 583 579 637 funus
612 581 906 652 exequiali
935 580 1095 634 cultu
1151 582 1410 649 paratur,
1444 593 1784 648 corpusque
1817 577 1875 631 in

205 673 571 727 monasterio
593 676 816 726 sanctae
832 665 1125 722 Mariana09
1145 684 1279 722 cum
1293 667 1487 721 debita
1498 667 1878 720 veneratione

203 762 490 817 defertur.
511 761 576 814 In
608 760 784 830 cujus
815 759 1182 829 depositione
1205 757 1420 811 ceteris
1450 755 1875 827 hejulantibus,

203 851 520 904 V‘Valterus
539 865 662 918 prae
685 848 900 918 gaudio
917 851 1303 917 perstrepens
1316 845 1696 912 debacbatur,
1722 847 1880 898 totus

204 939 503 1010 siquidem
528 936 839 1008 direptioni
865 939 920 989 et
947 935 1272 989 latrociniis
1295 935 1547 988 deditus.
1575 935 1879 987 Postremo

201 1044 364 1095 vero,
397 1043 476 1081 ne
509 1026 686 1096 cujus
717 1025 993 1096 nequitiae
1025 1040 1219 1096 genus
1243 1023 1714 1093 pretermitteret,
1747 1021 1879 1075 Sei-

201 1115 346 1170 hero
361 1115 548 1168 fratre
563 1115 678 1168 sibi
692 1114 972 1183 adhibito,
990 1113 1049 1166 in
1062 1113 1486 1167 monasterium
1501 1111 1602 1166 ubi
1615 1111 1880 1181 exequiae

199 1204 416 1258 ﬁebant
450 1219 587 1258 cum
619 1203 824 1257 furore
877 1205 1138 1256 armatus
1187 1201 1508 1270 concessit,
1543 1203 1618 1267 et,
1655 1199 1876 1253 nullius

202 1293 560 1348 reverentia
619 1292 828 1346 intuitu
891 1295 1228 1359 revocatus,
1289 1289 1626 1359 capellanos
1679 1288 1880 1342 ultima

200 1381 500 1452 obsequia
531 1380 853 1435 reddentes
884 1380 1086 1434 stricto
1119 1379 1314 1450 gladio
1362 1391 1553 1448 usque
1597 1376 1667 1430 ad
1699 1376 1881 1429 altare

203 1475 431 1523 sanctae
467 1469 675 1522 Marias
708 1468 1033 1522 miserabili
1063 1465 1403 1537 spectaculo
1433 1463 1736 1535 etfugavit.
1772 1464 1880 1517 His

200 1559 275 1612 ita
308 1558 571 1612 turbatis
606 1557 971 1628 sepulturam
1001 1556 1246 1622 distulit,
1299 1555 1487 1608 donec
1545 1552 1881 1606 Richardus

201 1650 702 1717 pramemoratus
717 1647 902 1700 abbas
919 1644 1330 1699 Atrebatensis
1343 1642 1596 1696 coenobii
1610 1642 1879 1702 veniens;

197 1737 255 1789 in
287 1736 659 1789 monasterio
683 1734 872 1789 sancti
920 1733 1188 1788 Autberti
1213 1732 1282 1785 ad
1329 1731 1730 1802 aquilonarem
1761 1729 1882 1800 pla-

199 1839 336 1896 gam
368 1823 706 1877 tumulavit.

264 1912 393 1967 1‘20.
422 1912 514 1967 De
545 1912 767 1966 sevitia
813 1909 1089 1965 lVaIteri.
1124 1910 1255 1965 Jam
1283 1924 1426 1964 vero
1459 1908 1698 1962 difficile
1724 1907 1882 1961 dictu

201 2005 293 2056 est
320 2018 506 2073 quam
540 2002 745 2071 gravis
781 2004 1101 2070 tempestas
1124 1999 1406 2054 desolatas
1453 1998 1671 2050 civitati
1715 1997 1882 2050 incu-

201 2091 348 2157 buit,
375 2093 599 2160 quanta
629 2089 799 2144 ruina
829 2089 1179 2157 reipublicae
1199 2090 1413 2140 statum
1443 2085 1706 2139 involvit.
1737 2085 1884 2138 Nam

205 2178 543 2247 W’alterus,
579 2179 757 2232 totius
785 2177 1153 2246 tempestatis
1184 2176 1451 2243 materia,
1487 2175 1640 2228 intra
1672 2173 1880 2227 urbem

203 2268 473 2338 ingenita
531 2266 837 2320 ferocitate
896 2265 1183 2332 seviebat,
1248 2265 1484 2335 sibique
1549 2263 1618 2315 ad
1668 2265 1884 2315 tantam

207 2355 498 2409 malitiam
531 2355 882 2410 Rotbertum
917 2354 1350 2408 Perronensem
1381 2352 1752 2416 adsciscens,
1787 2350 1886 2403 do-

205 2460 366 2498 mum
397 2443 804 2513 episcopalem
825 2444 1054 2497 alieuus
1073 2442 1252 2496 heres
1285 2456 1576 2509 occupare
1600 2455 1886 2509 praesum-

204 2534 341 2602 psit.
375 2531 492 2596 Qui
521 2533 714 2602 magis
748 2533 1058 2604 magisque
1089 2530 1387 2599 efferatus,
1421 2529 1634 2599 patriis
1669 2527 1881 2581 usibus

203 2622 532 2688 temeratis,
567 2621 972 2675 intolerabiles
1003 2619 1254 2689 injurias
1275 2618 1512 2672 miseris
1534 2617 1805 2693 exercuit
1827 2616 1888 2668 in

205 2712 472 2765 civibus.
507 2708 617 2772 Qui
650 2710 805 2763 enim
837 2708 1145 2778 pecuniam
1175 2724 1292 2761 non
1326 2707 1520 2775 dabat,
1541 2706 1600 2759 in
1633 2705 1889 2768 vinculis

207 2799 574 2870 rapiebatur.
613 2797 737 2852 Nec
770 2799 966 2851 minus
995 2798 1170 2850 etiam
1200 2800 1474 2866 raptores
1506 2795 1713 2862 exteri,
1749 2794 1891 2848 libe-

207 2904 339 2941 ram
369 2887 488 2941 sibi
535 2886 924 2940 latrocinandi
965 2886 1349 2940 securitatem
1398 2885 1456 2937 in
1515 2883 1891 2937 defunctione

205 2977 481 3046 episcopi
496 2978 950 3044 praesumentes,
972 2974 1128 3028 circa
1143 2973 1417 3027 viciniam
1437 2972 1889 3043 grassabantur,

203 3064 650 3119 labefactabant
710 3063 924 3116 omnia.
985 3062 1149 3126 Quod
1207 3077 1382 3132 quam
1441 3061 1519 3114 sit
1577 3060 1840 3129 iniquum
1875 3099 1889 3126 ,

200 3152 438 3223 judicio
470 3152 734 3207 omnium
757 3151 1027 3222 relinquo
1051 3150 1444 3204 estimandum
1477 3165 1488 3202 :
1526 3149 1720 3218 ipsum
1738 3147 1895 3202 vide-

1990 577 2325 648 publicum;
2350 576 2574 630 nullum
2593 576 2746 629 aliud
2773 577 2885 630 sibi
2910 577 3169 632 futurum
3191 580 3513 634 remedium
3535 581 3653 636 nisi

1989 667 2239 738 longius
2258 665 2453 736 aliquo
2477 665 2823 719 secederent
2840 670 2896 719 et
2921 669 3092 721 tantae
3122 668 3330 721 bestiae
3354 669 3539 724 furori
3556 670 3650 723 vel

1989 755 2129 827 fuga
2174 759 2606 808 exemerentur.
2662 755 2861 808 Videri
2897 756 3051 809 enim
3109 757 3224 810 sibi
3285 757 3653 813 tolerabilius

1988 845 2240 914 quodvis
2264 844 2525 912 exilium,
2561 859 2735 913 quam
2759 844 3118 898 domicilium
3143 845 3532 900 domesticum
3555 848 3657 901 ubi

1989 934 2117 987 dies
2150 934 2207 986 in
2239 933 2583 1002 direptione,
2609 937 2813 988 noctes
2847 949 2990 988 vero
3019 936 3508 1006 transigunturin
3540 935 3656 990 for-

1989 1023 2225 1075 midine.

2061 1108 2180 1164 191.
2207 1110 2321 1164 Ubi
2353 1110 2646 1165 Seilierus
2679 1109 2878 1164 frater
2896 1111 3152 1167 VValteri
3163 1113 3236 1166 ab
3251 1114 3530 1184 episcopii
3554 1129 3657 1186 spe

1992 1200 2238 1254 decidit.
2302 1200 2376 1253 Ut
2437 1202 2608 1252 etiam
2664 1200 3004 1255 liberiorem
3035 1201 3227 1256 furori
3256 1204 3658 1257 auctoritatem

1989 1292 2240 1359 pararet,
2267 1291 2627 1358 praesumpta
2648 1289 3062 1344 adinventione
3081 1290 3394 1345 Seiherum
3418 1291 3658 1347 fratrem

1991 1380 2062 1432 ad
2094 1378 2504 1448 imperatorem
2537 1379 2714 1448 misit,
2749 1378 3048 1448 pontiﬁcio
3073 1379 3660 1445 sublimandum.Qui

1992 1483 2132 1522 vero
2167 1468 2224 1520 in
2280 1468 2412 1537 ipso
2468 1483 2760 1536 processu
2806 1467 3036 1522 itineris
3085 1469 3280 1522 audito
3313 1469 3459 1536 (944)
3493 1469 3657 1522 alteri

1995 1557 2291 1623 collatum,
2325 1572 2431 1625 spe
2463 1556 2699 1626 quidem
2731 1556 3071 1626 frustratus,
3107 1557 3178 1610 ad
3235 1573 3342 1610 sua
3373 1572 3658 1611 reversus

1993 1648 2104 1699 est.

2068 1733 2189 1788 1‘22.
2211 1734 2307 1788 Ab
2329 1733 2650 1788 ambitione
2671 1748 2890 1805 quoque
2910 1733 3085 1806 hujus
3120 1735 3403 1806 episcopii
3438 1733 3660 1806 legatio

1913 1838 1964 1898 Β
1997 1823 2240 1877 Azelini
2254 1823 2543 1894 pellitur,-
2572 1821 2843 1877 Gerardo
2868 1822 3148 1877 traditur.
3170 1823 3259 1876 Ad
3281 1823 3394 1877 hoc
3425 1839 3659 1894 quoque

1998 1912 2274 1966 Azelinus
2315 1912 2800 1966 ambitiosissime
2853 1909 2975 1984 jam
3025 1911 3244 1966 dudum
3293 1911 3655 1981 anhelabat,

1993 2017 2165 2072 quem
2185 2004 2320 2072 post
2335 2001 2620 2055 Hothardi
2635 2001 2945 2055 decessum
2959 2000 3178 2070 Sophia
3193 2000 3424 2054 favente
3437 2000 3662 2070 episco-

1994 2090 2434 2160 patuiinbiasse
2456 2090 2823 2160 prediximus
2846 2092 2920 2159 (ο.
2953 2090 3096 2159 110).
3132 2088 3242 2153 Qui
3279 2090 3450 2143 etiam
3484 2089 3658 2159 paulo

1994 2184 2306 2250 antequam
2329 2179 2582 2233 domnus
2603 2179 2942 2233 Erluwinus
2962 2195 3036 2232 ex
3058 2179 3170 2232 hoc
3193 2178 3397 2232 seculo
3419 2179 3662 2233 decede-

1995 2273 2104 2337 ret,
2132 2284 2258 2322 sum
2272 2269 2574 2322 ambitioni
2597 2269 2914 2322 consulere
2938 2268 3242 2334 estimans,
3261 2267 3665 2336 suosimpera-

1995 2358 2106 2410 tori
2131 2357 2360 2428 legatos
2379 2357 2641 2428 dirigere
2662 2356 2982 2422 festinavit,
3008 2371 3115 2425 per
3136 2371 3288 2425 quos
3311 2354 3446 2426 ejus
3491 2355 3664 2408 beni-

1994 2446 2309 2500 volentiam
2330 2445 2586 2499 fortasse
2609 2448 2913 2514 empturus
2937 2445 3006 2498 ad
3034 2443 3317 2514 episcopii
3337 2443 3663 2515 prorogati-

1995 2551 2126 2588 vam
2150 2536 2532 2604 pertingeret.
2560 2532 2755 2604 Hujus
2804 2534 2998 2603 itaque
3044 2533 3221 2604 jussa
3276 2535 3662 2602 exequentes,

1993 2624 2366 2693 imperatoris
2385 2623 2763 2692 praesentiam
2780 2623 3015 2692 agressi
3043 2625 3182 2675 sunt
3206 2639 3218 2686 ;
3263 2620 3662 2692 domnumque

1997 2713 2362 2767 Erluwinum
2377 2711 2548 2765 morti
2565 2711 2824 2764 vicinum
2847 2710 3204 2777 intimantes,
3222 2710 3539 2778 promissis
3554 2725 3668 2762 ma-

1997 2803 2133 2874 gnis
2157 2801 2501 2855 muneribus
2525 2801 2743 2854 donum
2765 2800 3053 2868 episcopii
3105 2799 3341 2852 Azelino
3379 2803 3666 2868 expostu-
3777 2861 3779 2863 _

1997 2892 2137 2960 lant,
2172 2894 2253 2959 ut,
2279 2891 2436 2961 quod
2458 2893 2592 2958 post
2624 2889 2990 2943 Rothardum
3042 2889 3408 2958 nequiverat,
3457 2887 3664 2941 saltem

1999 2984 2133 3049 post
2155 2979 2458 3032 Erluinum
2482 2978 2772 3046 inpetrare
2795 2993 2976 3045 posse
3001 2992 3066 3029 se
3089 2976 3360 3047 gaudeat.
3389 2974 3499 3039 Qui
3534 2990 3667 3028 cum

2001 3069 2174 3122 finem
2193 3066 2458 3136 episcopi
2479 3069 2791 3134 expectare
2811 3065 3000 3136 rogati
3024 3080 3158 3117 cum
3181 3064 3536 3133 aliquantula
3560 3077 3666 3131 spe

2003 3156 2414 3228 repatriarent,
2441 3155 2592 3207 inter
2627 3153 3062 3222 repatriandum
3105 3152 3398 3222 siquidem
3434 3151 3668 3220 deposi-

209 3241 370 3310 licet,
405 3248 468 3296 ut
491 3242 816 3309 dominum,
856 3240 1026 3310 juxta
1058 3239 1363 3294 libidinem
1422 3241 1628 3292 cuncta
1660 3251 1886 3306 rapere,

2002 3246 2218 3299 tionem
2255 3242 2479 3296 Erluini
2503 3241 2836 3308 audientes,
2888 3241 3102 3293 iterum
3151 3255 3426 3293 remenso
3461 3239 3668 3292 itinere

208 3346 318 3384 nec
369 3331 443 3383 ab
474 3330 612 3383 aliis
641 3331 852 3383 saltem
881 3328 1264 3397 praedonibus
1321 3327 1658 3381 defensare.
1696 3325 1884 3379 Nemo

209 3422 390 3473 etiam
410 3418 488 3472 ab
507 3418 751 3488 injuriis
775 3417 1027 3471 Walteri
1052 3416 1394 3482 feriabatur,
1420 3416 1532 3468 nisi
1554 3415 1652 3484 qui
1673 3429 1804 3468 cum
1824 3429 1893 3468 eo

211 3508 430 3578 quovis
462 3507 640 3560 modo
696 3506 918 3560 sentire
952 3505 1280 3560 videbatur.
1344 3504 1716 3558 Domesticos
1750 3517 1893 3555 sane

211 3595 696 3664 exsumptuabat,
731 3595 1126 3664 locupletabat
1158 3593 1546 3664 alienigenas,
1585 3594 1645 3644 ut
1665 3605 1892 3660 pereo—

212 3701 348 3739 rum
376 3684 616 3738 scilicet
635 3683 1098 3753 predicationem
1119 3683 1182 3736 in
1197 3681 1489 3736 barbaros
1511 3695 1702 3750 usque
1721 3679 1894 3733 bonae

212 3774 516 3844 opinionis
545 3772 803 3845 gloriam
850 3775 1223 3843 propagaret.
1269 3769 1638 3824 Creberrime
1688 3768 1894 3838 deplo-

214 3863 473 3916 rantium
488 3861 711 3916 civium
725 3861 1188 3931 conquestiones
1205 3859 1460 3913 invicem
1482 3858 1893 3926 conferuntur,

2002 3335 2411 3404 imperatorem
2474 3331 2761 3398 adierunt,
2839 3331 3276 3399 praesulemque
3328 3328 3668 3382 defunctum

2001 3424 2358 3491 nuntiantes,
2390 3420 2604 3474 oblatis
2635 3419 2926 3490 preciosis
2958 3418 3306 3472 muneribus
3332 3417 3548 3471 donum
3563 3416 3670 3471 ho-

2001 3513 2166 3566 noris
2185 3511 2421 3565 Azelino
2441 3509 2654 3563 obnixe
2677 3510 3096 3578 poposcerunt.
3126 3507 3234 3560 His
3256 3509 3452 3560 autem
3477 3505 3670 3575 repul-

2002 3602 2111 3669 sis,
2139 3600 2698 3654 communisuorum
2718 3613 2868 3652 usus
2909 3597 3182 3666 consilio,
3216 3596 3412 3666 potius
3453 3594 3669 3650 Gerar-

2003 3691 2140 3744 dum
2187 3705 2364 3743 suum
2413 3688 2778 3757 capellanum
2828 3686 3122 3740 estimavit
3175 3685 3510 3739 donandum
3549 3683 3667 3754 (an.
3745 3745 3754 3750 I

2003 3779 2190 3850 1012),
2223 3779 2294 3833 de
2325 3793 2442 3848 quo
2465 3777 2524 3830 in
2556 3776 2726 3831 tertio
2758 3776 2908 3830 libro
2940 3775 3292 3830 narrabitur.

828 3997 1223 4058 EXPLICIT
1265 3995 1520 4058 LIBER
1563 3993 1890 4056 PRIMUS
1937 3990 2046 4052 DE
2091 3987 2383 4050 GESTIS
2425 3983 3063 4048 EPISCOPORUM.

1311 4221 1838 4338 INCIPIT
1905 4212 2626 4332 SECUNDUS

763 4457 876 4520 DE
917 4453 1493 4518 MONASTERIIS
1542 4451 1744 4524 QUAE
1787 4447 2046 4512 INFRA
2091 4441 2614 4508 EPISCOPIUM
2663 4438 3126 4506 CONSTANT.

825 4635 1303 4699 PR/EFATIO.

280 4741 372 4798 De
404 4740 602 4814 gestis
630 4739 1049 4809 episcOporum
1079 4737 1252 4806 prout
1268 4732 1551 4788 memoria
1570 4729 1898 4791 occurrerit

207 4829 292 4872 ξιῧ
325 4832 508 4899 dicto,
544 4832 603 4883 et
631 4828 705 4882 de
735 4827 993 4882 diversis
1055 4839 1258 4878 eorum
1315 4823 1564 4890 actibus,
1617 4823 1895 4890 quantum

209 4921 470 4973 ariditas
503 4915 789 4988 ingenioli
820 4916 1056 4985 patitur,
1092 4927 1283 4983 usque
1320 4912 1392 4965 ad
1437 4909 1898 4980 postremitatem

209 5005 369 5074 5245)
402 5007 606 5061 domni
627 5003 878 5060 Gerardi
909 5001 1195 5072 episcOpi,
1222 5001 1321 5071 qui
1354 5015 1509 5054 nunc
1540 5001 1650 5065 est,
1683 4999 1900 5065 pertra-

213 5100 398 5166 ctato,
423 5097 656 5167 primus
686 5094 839 5148 liber
860 5092 1036 5146 finem
1049 5090 1402 5159 expostulat.
1423 5086 1734 5143 Secundus
1755 5099 1898 5138 vero

1922 4629 1977 4690 D
2014 4633 2076 4686 ut
2105 4629 2178 4688 ab
2209 4633 2340 4702 ipso
2372 4631 2587 4685 domno
2637 4628 2918 4698 episcopo
2951 4624 3207 4695 incipiat,
3271 4621 3502 4677 videtur
3531 4621 3673 4678 ordo

2011 4724 2278 4793 exigere.
2303 4719 2440 4788 Sed,
2477 4735 2545 4773 co
2578 4717 2649 4770 ad
2673 4721 2904 4786 tempus
2936 4714 3164 4782 relicto,
3191 4712 3262 4766 de
3294 4713 3675 4768 monasteriis

2011 4829 2142 4885 quae
2194 4809 2344 4864 intra
2377 4809 2652 4861 ditionem
2704 4805 2988 4875 episcopii
3022 4805 3178 4870 sunt,
3241 4800 3387 4853 facta
3442 4800 3676 4858 interim

2012 4901 2240 4958 ordinis
2271 4897 2694 4966 interruptione
2753 4892 3125 4948 decrevimus
3157 4889 3477 4960 disserere,
3513 4906 3674 4948 mon-

2010 4993 2267 5046 strantes
2301 5002 2444 5042 sane
2467 4986 2563 5057 qui
2588 4986 2776 5053 locus,
2812 4982 2910 5052 qui
2945 4979 3158 5049 cultus,
3211 4993 3419 5048 quaeve
3451 4984 3677 5034 sancto-

2010 5095 2142 5135 rum
2175 5092 2442 5148 corpora,
2478 5075 2568 5128 vel
2629 5073 2803 5144 cujus
2851 5068 3092 5140 generis
3142 5071 3280 5122 sunt
3321 5069 3674 5127 servientes.

1541 5200 1834 5264 VARIIE
1874 5192 2364 5261 LECTIONES.

281 5320 372 5364 αθ
405 5317 712 5376 memoriae
744 5317 797 5374 1.
870 5311 952 5360 210
981 5312 1206 5370 occurit
1245 5311 1296 5367 6.

1815 5424 2096 5490 NOT/E.

211 5548 662 5620 Necrologiurn
679 5545 738 5620 ζ).
757 5542 960 5600 Mariaa
977 5539 1452 5620 cameracensis,
1465 5537 1597 5620 jam
1611 5536 1756 5620 bibl.
1789 5534 1902 5617 Qa-

210 5637 450 5680 merac.
495 5608 558 5673 ii.
598 5618 723 5684 219,
768 5631 890 5671 saec
918 5631 1002 5668 xu
1029 5614 1146 5670 inc.
1180 5628 1255 5668 ex
1285 5608 1598 5684 antiquiori
1630 5608 1901 5684 descrip-

210 5701 340 5751 tum
406 5708 425 5748 :
485 5690 521 5746 3
579 5682 718 5745 Non
770 5686 955 5743 Febr.
1016 5685 1163 5742 obiit
1219 5683 1511 5739 Erluinus
1575 5682 1900 5752 episcopus,

211 5770 312 5844 qui
349 5763 607 5824 tertiam
652 5758 1040 5834 praebendam
1072 5757 1324 5816 liberam
1356 5754 1524 5812 dedit
1551 5754 1614 5812 in
1643 5752 1900 5810 fratrum

2017 5533 2241 5592 usibus.

2083 5605 2230 5674 (244)
2270 5603 2314 5658 Ι.
2349 5615 2400 5656 e.
2434 5600 2747 5672 postquam
2779 5596 3022 5674 audivit.

2086 5663 2236 5747 (245')
2294 5674 2338 5729 Ι.
2399 5663 2454 5726 θῖ
2511 5663 2702 5743 usque
2754 5669 2826 5724 ad
2891 5671 3258 5742 postremum
3331 5663 3680 5740 episcopum

2009 5748 2186 5807 Conv.
