4098 6196
480 298 598 362 123

1338 290 1615 355 GESTA
1654 290 2190 357 PONTIFICUM
2231 292 2968 362 CAMERACENSIUM

3808 301 3927 367 124

486 497 707 554 Dicturi
739 497 934 568 itaque
980 496 1052 550 de
1087 494 1362 565 singulis,
1396 511 1430 549 a
1459 493 1817 549 monasterio
1864 494 2053 548 beatae
2084 496 2140 548 et
2165 472 2230 538 Α
2257 498 2407 549 mato
2428 494 2577 565 (248)
2600 511 2790 568 usque
2808 497 2879 552 ad
2899 498 3094 554 locum
3143 500 3500 570 campanarii
3528 502 3754 555 vastam
3789 517 3924 555 cum

479 587 763 659 gloriosae
777 586 881 640 Dei
897 584 1205 655 genitricis
1219 582 1309 635 Ma
1318 583 1419 636 rise
1434 583 1740 637 exordium
1753 584 2144 653 capiamus,ut

478 676 635 747 quod
667 675 942 729 videlicet
975 671 1204 743 capitali
1234 672 1401 727 titulo
1433 673 1650 727 ceteris
1671 676 1896 742 prestat
1922 668 2022 741 211,
2056 689 2147 728 ce-

479 765 623 818 teris
655 764 828 817 etiam
849 761 987 831 jure
1010 760 1358 830 preferatur.

551 853 601 906 1.
628 851 834 905 Primo
851 850 925 905 de
946 850 1308 904 monasterio
1327 856 1548 904 sanctae
1585 850 1820 918 Mariae,
1851 851 2006 905 etde
2036 866 2143 922 quo

479 940 611 995 dam
634 940 869 994 homine
891 938 1047 992 inibi
1058 938 1400 1009 periclitata
1414 945 1471 993 et
1488 945 1694 1009 postea
1708 941 1870 1010 sospi
1876 945 2014 994 tato.
2040 940 2142 994 Ni-

479 1030 691 1083 mirum
714 1029 824 1083 iste
846 1029 1013 1082 locus
1034 1023 1115 1068 313
1136 1027 1351 1081 divinis
1376 1028 1675 1082 miraculis
1714 1029 1786 1081 ad
1821 1028 2057 1082 laudem
2085 1033 2140 1083 et

479 1118 760 1173 honorem
790 1117 993 1171 Matris
1026 1116 1254 1170 Domini
1285 1116 1628 1187 plerumque
1651 1117 1984 1172 audivimus
2018 1118 2144 1171 illu-

480 1208 653 1261 strari
682 1225 697 1273 ;
729 1206 835 1260 sed
867 1222 972 1275 per
999 1205 1423 1276 negligentiam
1479 1206 1842 1274 scriptorum
1873 1206 2140 1261 obsoleta

480 1296 778 1351 memoriae
802 1294 1072 1349 subtrahi
1093 1290 1584 1349 condolemusﬂ3.
1601 1294 1727 1349 Nos
1745 1299 1938 1350 autem
1956 1311 2141 1365 pauca

478 1386 549 1439 de
582 1385 799 1452 multis,
825 1398 955 1453 quin
980 1386 1077 1436 aut
1107 1399 1139 1436 a
1170 1382 1508 1438 videntibus
1540 1386 1878 1452 accepimus
1906 1387 2005 1438 aut
2026 1385 2141 1454 ipsi

476 1488 665 1542 nuper
695 1472 971 1538 vidimus,
992 1474 1185 1525 tacere
1217 1487 1332 1525 non
1362 1473 1636 1542 patimur.
1671 1473 1821 1527 Nam
1875 1477 2140 1543 tempore

476 1559 702 1615 Erluini
758 1561 1022 1630 episcOpi
1068 1560 1281 1614 accidit
1334 1564 1395 1614 ut
1449 1562 1685 1631 quidam
1745 1563 2138 1617 cementarius

476 1650 604 1703 sive
620 1650 1042 1720 carpentarius,
1066 1650 1371 1703 Helfridus
1390 1650 1645 1720 nomine,
1662 1653 1934 1723 exigente
1949 1653 2032 1705 rei
2046 1668 2141 1706 ne-

2255 584 2433 638 nimio
2457 584 2699 656 fragore
2729 590 2962 641 traxere
2993 588 3242 642 ruinam.
3294 587 3422 653 Quo
3451 589 3689 660 fragore
3721 590 3923 644 clerici

2252 688 2321 726 ac
2355 673 2511 741 laici,
2545 676 2745 744 pusilli
2778 679 2834 729 et
2886 678 3087 748 magni
3125 693 3332 732 omnes
3377 678 3625 745 attoniti,
3661 679 3861 734 subito
3890 696 3923 731 a

2252 761 2527 817 domibus
2544 765 2880 834 prosiliunt,
2902 781 2969 819 ac
2990 766 3351 820 imminentis
3382 767 3569 820 ruinas
3592 768 3923 837 periculum

2252 852 2689 921 conspicantes,
2723 854 2914 924 magis
2939 855 2996 907 in
3018 870 3162 908 casu
3194 855 3548 924 campanarii
3568 856 3922 909 contristan-

2250 942 2361 993 tur.
2398 940 2595 1011 Ilujus
2618 942 2771 995 enim
2803 943 2988 997 moles
3021 959 3137 1013 quo
3167 943 3381 997 editior
3411 948 3467 997 et
3509 959 3624 1013 quo
3664 944 3921 1013 amplius

2251 1044 2664 1098 campanarum
2696 1031 2954 1100 pondere
2986 1032 3367 1103 gravabatur,
3402 1034 3559 1086 tanto
3589 1033 3919 1103 promptio-

2250 1132 2394 1186 rcm,
2454 1119 2563 1173 sed
2622 1122 2678 1173 et
2706 1120 3040 1190 graviorem
3097 1120 3327 1174 ruinam
3367 1121 3717 1175 minabatur.
3752 1121 3921 1176 Adeo

2249 1206 2463 1260 etenim
2496 1208 2557 1261 in
2592 1208 2880 1263 orientem
2900 1224 2967 1263 se
2999 1210 3173 1263 vertit
3219 1209 3472 1278 pendula
3507 1210 3821 1281 gravitate,
3858 1214 3922 1264 ut

2250 1309 2421 1348 nemo
2440 1296 2742 1365 aspiciens
2754 1296 3049 1366 jacturam
3068 1296 3229 1351 illius
3243 1298 3517 1366 pmpiore
3537 1298 3801 1367 periculo
3820 1298 3927 1352 du-

2247 1382 2434 1437 bitare
2456 1387 2727 1453 potuerit.
2755 1385 2974 1455 Populo
2997 1390 3190 1441 autem
3208 1386 3494 1440 clamante
3519 1390 3573 1440 et
3607 1387 3709 1440 Dei
3737 1387 3922 1441 mise-

2250 1470 2564 1526 ricordiam
2594 1474 2948 1543 postulante,
2974 1491 3110 1529 mox
3127 1475 3341 1528 mirum
3366 1475 3427 1527 in
3448 1474 3706 1541 modum,
3744 1477 3921 1529 meri-

2249 1559 2325 1613 tis
2350 1565 2412 1614 ut
2431 1562 2731 1617 credimus
2746 1566 2802 1616 et
2815 1563 3247 1617 intercessione
3262 1562 3545 1634 gloriosaa
3562 1563 3665 1617 Dei
3686 1563 3917 1631 Matris,

2250 1662 2550 1718 suspenso
2571 1650 2872 1719 paululum
2890 1667 3033 1705 casu
3065 1651 3124 1704 in
3155 1652 3451 1705 erectione
3494 1651 3641 1720 (249)
3674 1652 3921 1705 reduci-

476 1740 753 1793 cessitate
777 1740 1211 1809 campanarium
1229 1739 1567 1793 monasterii
1593 1740 1773 1811 hujus
1796 1740 2132 1809 scanderet,
2164 1724 2219 1787 Β
2251 1738 2365 1806 tur,
2398 1740 2733 1811 tectumque
2757 1739 3049 1810 reliquum
3064 1744 3339 1794 cessante
3357 1739 3564 1793 fusura
3582 1738 3734 1809 (250)
3767 1740 3921 1795 soli-

473 1828 622 1898 pede
655 1842 794 1883 vero
818 1828 1054 1881 fallente
1068 1844 1173 1896 per
1190 1828 1415 1881 lubrica
1438 1830 1662 1897 lapsus,
1690 1830 2055 1883 semianimis
2078 1830 2139 1883 in

475 1918 605 1988 ipso
638 1919 819 1973 choro
865 1916 1066 1971 multis
1123 1917 1530 1986 spectantibus
1588 1918 1749 1971 humi
1808 1922 2133 1988 corrueret,

477 2010 634 2061 tanto
666 2022 811 2062 sane
842 2007 1059 2075 impetu
1078 2005 1408 2075 devolutus,
1442 2009 1503 2061 ut
1524 2006 1576 2060 si
1607 2008 1742 2076 quis
1765 2007 1987 2063 ariolus
2004 2023 2136 2062 eum

473 2095 770 2150 victurum
794 2096 940 2150 forte
962 2096 1347 2166 promitteret,
1373 2095 1644 2150 scissura
1667 2095 1868 2151 effossi
1886 2094 1934 2139 ἓι
1950 2094 1969 2136 ί
1986 2098 2141 2166 pavi-

474 2186 675 2254 menti,
707 2185 810 2239 ubi
842 2186 1072 2252 cecidit,
1106 2185 1452 2255 presagium
1502 2184 1710 2254 procul
1749 2186 1926 2241 dubio
1956 2202 2138 2256 posse

473 2273 747 2327 refellere
777 2274 1094 2327 videretur.
1121 2274 1444 2328 Dissolutio
1468 2275 1622 2328 enim
1651 2276 2138 2347 pavimenti,qum

472 2362 569 2416 diu
603 2360 785 2431 affuit,
811 2362 1137 2416 testabatur
1158 2361 1564 2417 difﬁcultatem
1580 2364 1847 2433 periculi,
1874 2370 2144 2420 mortem-

471 2467 585 2522 que
617 2450 869 2504 vicinam
899 2449 1209 2521 desperata
1257 2452 1493 2506 omnino
1527 2453 1716 2506 salute
1737 2455 1932 2522 potius
1966 2455 2138 2508 vada-

469 2538 663 2593 batur.
694 2539 785 2591 Ad
843 2539 997 2593 hunc
1054 2556 1193 2594 mox
1250 2540 1565 2610 derepente
1627 2558 1759 2595 cum
1792 2545 2036 2611 stupore
2084 2548 2139 2597 et

473 2625 683 2680 affectu
714 2626 985 2680 humana)
1018 2626 1419 2682 miserationis
1443 2630 1839 2699 concurritur,
1862 2633 1919 2685 et
1948 2632 2005 2683 in
2022 2633 2138 2684 tam

473 2715 669 2769 subito
689 2729 834 2769 casu
854 2715 1269 2770 miserabiliter
1292 2718 1654 2771 condoletur.
1681 2718 1877 2789 Hujus
1889 2734 2030 2773 vero
2057 2719 2139 2774 fa-

472 2804 733 2858 miliares
750 2818 1006 2857 maerore
1019 2802 1230 2873 aﬂ‘ecti,
1256 2805 1570 2860 Dominum
1583 2806 1749 2860 triste
1763 2807 2133 2878 incusabant,

471 2908 539 2946 ac
568 2893 821 2946 maxime
850 2894 908 2945 in
941 2894 1204 2946 sanctam
1228 2894 1470 2947 Mariam
1492 2896 1804 2965 eulogiose
1842 2896 1989 2966 (246)
2014 2897 2137 2951 fre-

471 2983 725 3050 mebant,
760 2981 1062 3036 dicentes:
1094 3004 1114 3030 «ι
1137 2982 1327 3046 Quare
1351 2983 1433 3036 illi
1468 2984 1818 3054 obsequium
1844 2986 2133 3056 exhiberi,
2167 3033 2217 3095 Ο

473 3087 600 3095 -..μ
626 3070 975 3095 ...ι--.ἔοικιλκη
1006 3071 1115 3095 ..εις
1140 3071 1454 3095 ..Α..ἷ..12ι..--ξ
1484 3074 1757 3095 _---L:_-_:A
1783 3075 1810 3095 ο
1872 3075 2128 3095 Π-Λξ..---

469 3087 602 3142 quae
624 3070 981 3126 servientem
1004 3071 1119 3125 sibi
1140 3071 1457 3140 periclitari
1482 3074 1761 3127 sustinuit
1783 3075 1810 3128 ?
1827 3100 1846 3122 ι»
1871 3075 2135 3146 Dcnique

469 3160 879 3230 apprehensus
901 3160 959 3214 in
978 3161 1129 3215 lecto
1142 3161 1399 3230 ponitur,
1426 3178 1493 3216 ac
1517 3179 1631 3216 non
1654 3179 1760 3234 spe
1780 3163 2011 3232 salutis,
2028 3166 2136 3219 sed

467 3248 664 3318 potius
687 3247 898 3303 affectu
922 3248 1299 3304 humanitatis
1317 3250 1768 3306 medicinalibus
1816 3254 1978 3307 curis
2008 3254 2136 3307 dili-

467 3341 675 3408 genter
706 3341 763 3392 et
791 3338 1037 3408 inpense
1059 3339 1432 3411 perungitur,
1456 3340 1854 3411 paulatimque
1878 3341 2131 3410 refotus,

467 3429 675 3494 postea
733 3429 925 3480 tamen
982 3428 1209 3480 meritis
1261 3427 1438 3482 credo
1462 3432 1648 3483 santee
1684 3429 1882 3484 Mariae
1915 3432 2138 3484 subve-

468 3513 769 3567 nientibus
786 3514 961 3568 saluti
985 3515 1319 3583 restitutus,
1341 3515 1519 3587 longo
1537 3521 1671 3587 post
1686 3520 1949 3587 tempore
1973 3520 2136 3574 vixit.

470 3599 685 3655 Multos
707 3601 929 3656 etiama
952 3603 1137 3657 variis
1169 3602 1438 3659 cladibus
1470 3604 1709 3659 liberari
1743 3606 1895 3661 fama
1924 3609 2137 3662 certis-

472 3689 621 3743 sima
653 3694 903 3745 constat.

536 3778 587 3832 2.
623 3779 710 3833 De
740 3781 1114 3851 campanario
1142 3781 1413 3852 cadente,
1456 3783 1568 3838 sed
1624 3785 1864 3839 meritis
1916 3792 2138 3840 sanctae

464 3867 681 3922 Mariae
710 3867 772 3921 in
795 3869 1098 3923 erectione
1115 3869 1381 3925 reducto.
1408 3868 1613 3942 Nuper
1630 3888 1771 3928 vero
1803 3872 1951 3944 (247)
1974 3874 2134 3929 dom-

463 3971 577 4010 nus
595 3955 893 4011 Gerardus
913 3957 1233 4028 episcopus
1254 3963 1427 4029 caput
1447 3963 1791 4016 monasterii
1806 3978 1937 4017 cum
1953 3963 2133 4033 cripta

469 4044 771 4115 ampliare,
798 4049 872 4115 et,
890 4046 1086 4117 utjam
1110 4063 1282 4117 poene
1302 4054 1707 4105 consummato
1731 4051 1933 4107 labore
1966 4068 2136 4123 appa-

468 4136 576 4202 ret,
600 4134 910 4190 meliorare
941 4136 1289 4207 disponens,
1323 4141 1552 4193 vetusta
1585 4140 1834 4194 aediﬁcia
1866 4134 2132 4196 funditus

458 4221 645 4293 jussit
674 4226 859 4279 everti
882 4227 982 4294 (an
1016 4224 1146 4280 1021
1192 4228 1288 4282 vel
1322 4226 1497 4299 1023).
1524 4228 1669 4284 Cum
1699 4245 1847 4300 ergo
1880 4232 2133 4302 operarii

456 4310 629 4382 juxta
651 4313 1005 4383 dispositum
1025 4331 1140 4371 uno
1160 4317 1484 4389 eodemque
1501 4319 1696 4373 studio
1715 4320 1785 4373 ad
1809 4320 2131 4375 diruendos

458 4401 715 4471 parietes
748 4403 845 4457 diu
875 4403 1239 4459 luctarentur
1271 4405 1429 4477 :jam
1460 4411 1622 4477 parte
1654 4408 1947 4479 siquidem
1979 4426 2123 4465 con-

458 4490 651 4559 vulsa,
686 4491 881 4544 subito
916 4493 1144 4546 crebris
1176 4494 1391 4548 ictibus
1417 4500 1663 4550 vetusta:
1694 4499 1965 4551 macerim
1999 4516 2123 4568 pra;

458 4579 799 4650 antiquitate
854 4583 1146 4649 nutantes,
1181 4583 1435 4637 culmine
1468 4584 1759 4655 disrupto,
1794 4586 1927 4654 plus
1986 4589 2126 4640 esti-

2161 4281 2214 4344 D

2250 1824 2437 1880 datur.
2461 1826 2685 1881 Trabes
2702 1844 2842 1883 vero
2856 1828 2929 1882 de
2959 1828 3372 1897 superioribus
3395 1828 3664 1882 aediliciis
3686 1828 3923 1882 divelli-

2247 1915 2363 1985 tur,
2389 1919 2445 1968 et
2475 1932 2656 1986 super
2678 1932 2861 1979 cornu
2892 1917 3095 1971 altaris
3127 1920 3352 1971 sanctae
3366 1917 3768 1988 Mariae,quod
3787 1917 3922 1988 epi-

2245 2022 2468 2076 scOpus
2485 2006 2766 2060 intactum
2788 2020 3023 2059 manere
3044 2007 3345 2075 praecepit,
3362 2022 3533 2060 omne
3548 2007 3917 2061 comminuit.

2243 2096 2368 2161 Quo
2399 2096 2554 2164 fuso,
2588 2096 2833 2166 pignera
2863 2098 3223 2165 sanctorum,
3272 2111 3406 2166 quae
3438 2095 3577 2149 olim
3605 2096 3664 2149 in
3694 2111 3919 2150 conse-

2246 2186 2506 2240 oratione
2527 2185 2718 2253 ipsius
2750 2184 2955 2238 altaris
2989 2184 3178 2254 posita
3233 2184 3481 2253 fuerant,
3516 2184 3714 2239 divino
3772 2190 3923 2239 nutu

2244 2274 2413 2329 illesa
2435 2273 2869 2343 repperiuntur.

2316 2360 2369 2418 3.
2402 2363 2490 2416 De
2518 2360 2717 2416 fratre
2740 2362 3000 2432 episcopi
3022 2360 3175 2416 inibi
3197 2366 3419 2415 curato.
3444 2361 3567 2415 Illic
3600 2361 3775 2417 etiam
3797 2378 3923 2417 mo-

2246 2452 2448 2506 dernis
2479 2451 2690 2504 diebus
2724 2449 3000 2505 Elbertus
3022 2450 3206 2504 frater
3226 2450 3600 2520 episcopi,de
3622 2450 3771 2505 laico
3791 2468 3921 2506 mo-

2247 2540 2475 2594 nachus
2510 2540 2701 2594 factus
2733 2539 2903 2609 (251),
2936 2542 3000 2592 ut
3028 2554 3138 2593 nos
3172 2540 3287 2609 ipsi
3316 2538 3507 2608 palam
3538 2538 3819 2607 vidimus,
3841 2540 3918 2593 de

2245 2628 2769 2701 longainﬁrmitate
2793 2628 3065 2698 sospitati
3084 2628 3348 2682 redditus
3363 2631 3475 2682 est.
3504 2628 3612 2680 Hic
3634 2628 3920 2683 nimirum

2247 2720 2435 2789 gratia
2456 2717 2731 2771 fraternae
2755 2717 3111 2771 \‘isitationis
3145 2716 3526 2770 Cameracum
3556 2716 3759 2771 venire
3782 2718 3921 2771 dis—

2246 2822 2498 2877 ponens;
2532 2807 2670 2860 dum
2685 2806 2795 2860 iter
2825 2809 3112 2874 carperet,
3130 2807 3287 2859 tanto
3308 2806 3551 2876 langore
3573 2805 3920 2876 corripitur,

2248 2901 2305 2949 ut
2338 2895 2652 2966 pervenire
2681 2910 2798 2949 non
2830 2896 3055 2963 posset,
3091 2893 3199 2947 sed
3246 2894 3307 2947 in
3354 2894 3485 2964 ipso
3518 2895 3725 2948 itinere
3756 2896 3922 2964 apud

2249 2984 2669 3039 monasterium
2699 2982 2955 3053 Prejecti
2979 2982 3236 3036 martiris
3255 2980 3403 3052 (252)
3425 2987 3710 3052 exceptus
3732 3000 3765 3036 a
3789 2983 3918 3036 fra-

2246 3074 2456 3138 tribus,
2519 3072 2809 3126 diutinum
2858 3075 3088 3140 tempus
3145 3071 3257 3125 sub
3297 3071 3651 3125 intolerabili
3706 3072 3920 3126 dolore

2245 3164 2531 3234 exigeret.
2566 3162 2642 3215 Ut
2674 3176 2814 3215 vero
2836 3176 3041 3230 parum
3062 3159 3395 3215 medicinali
3418 3175 3527 3229 ope
3563 3160 3793 3215 refotus
3815 3161 3925 3215 vix

2244 3268 2397 3323 equo
2421 3252 2683 3305 insidere
2701 3250 2980 3320 potuerit,
3001 3248 3075 3302 ad
3089 3248 3350 3317 fratrem,
3367 3264 3486 3303 non
3510 3248 3678 3303 facile
3691 3253 3922 3317 tamen,

2244 3340 2385 3395 fecit
2415 3355 2481 3394 se
2512 3338 2805 3411 bajulari;
2839 3338 2941 3392 ubi
2961 3338 3134 3391 etiam
3163 3338 3262 3391 diu
3282 3342 3399 3391 tam
3448 3338 3713 3409 graviter
3751 3338 3928 3393 elan-

2245 3430 2392 3499 guit,
2415 3432 2476 3482 ut
2496 3444 2633 3481 mox
2654 3427 3022 3481 moriendum
3048 3428 3411 3480 assererent.
3437 3425 3696 3498 Contigit
3716 3431 3925 3482 autem

2245 3522 2307 3571 ut
2318 3518 2701 3588 postlongam
2724 3515 3138 3585 egritudinem,
3156 3519 3324 3569 nocte
3340 3515 3590 3570 solemni
3606 3517 3927 3570 beatorum

2245 3606 2662 3677 confessorum
2691 3606 2920 3660 scilicet
2950 3604 3190 3659 Vedasti
3225 3610 3399 3675 atque
3431 3606 3698 3674 Amandi,
3733 3609 3932 3659 matu-

2245 3699 2400 3752 tinos
2459 3695 2890 3763 celebraturus,
2954 3695 3380 3748 monasterium
3438 3698 3659 3749 sanctae
3712 3694 3928 3748 Mariae

2243 3786 2497 3855 sumptis
2519 3785 2748 3838 baculis
2768 3784 2997 3855 ingredi
3022 3784 3343 3838 estimaret.
3370 3784 3469 3837 Cui
3501 3782 3855 3837 mirabiliter
3889 3800 3924 3836 ει

2243 3875 2365 3930 Deo
2395 3875 2669 3928 visitatus
2701 3874 2846 3927 adeo
2878 3873 3174 3927 convaluit
3205 3877 3288 3942 ut,
3321 3874 3590 3927 dimissis
3613 3872 3929 3942 paululum

2241 3964 2471 4019 baculis
2531 3962 2751 4033 quibus
2808 3962 3269 4029 sustentabatur,
3305 3965 3561 4028 erectus,
3627 3962 3757 4031 ipso
3818 3961 3929 4015 die

2244 4052 2566 4108 remedium
2598 4051 2790 4105 morbi
2818 4065 2933 4105 non
2966 4052 3096 4105 sine
3147 4050 3464 4104 multorum
3520 4050 3930 4104 admiratione

2243 4142 2506 4196 sentiret.
2540 4140 2707 4205 Quod
2736 4140 2951 4193 donum
2984 4139 3208 4193 meritis
3238 4142 3459 4193 sancta
3494 4139 3596 4192 Dei
3629 4139 3836 4192 matris
3861 4143 3935 4193 et

2242 4231 2666 4301 prelibatorum
2697 4228 3111 4283 confessorum
3148 4244 3329 4299 posse
3351 4228 3613 4282 adscribi
3643 4243 3761 4281 non
3793 4227 3926 4281 du-

2244 4322 2405 4377 bium
2438 4322 2548 4374 est.

2313 4409 2472 4464 4.De
2493 4410 2611 4464 situ
2634 4407 2984 4462 monasterii
2995 4406 3189 4460 sancti
3216 4406 3535 4477 Gaugarici
3548 4407 3747 4477 patris
3788 4404 3933 4477 glo-

2246 4500 2588 4554 riosissimi.
2621 4498 2764 4551 Post
2798 4496 3217 4550 monasterium
3251 4498 3472 4549 sanctae
3509 4495 3730 4563 Mariae,
3757 4495 3934 4550 beati

2248 4589 2421 4643 etiam
2432 4585 3203 4659 Gaugerici,gloriosissimi
3224 4584 3595 4639 confessoris
3613 4583 3838 4637 Christi
3863 4589 3940 4639 et

1763 4750 2056 4812 VARI/E
2100 4751 2591 4816 LECTIONES.

525 4874 604 4954 $11
636 4880 922 4954 praesta.
976 4873 1085 4954 _3H
1099 4879 1199 4954 ita
1231 4878 1282 4954 1“.
1316 4879 1367 4954 2.
1400 4879 1453 4954 3.
1487 4879 1538 4937 5.
1568 4887 1661 4936 eta
1697 4882 1890 4954 prima
1920 4901 2093 4942 manu
2121 4886 2173 4942 6.
2200 4886 2310 4943 sed
2341 4886 2438 4941 hic
2462 4885 2731 4941 correxit
2763 4883 2941 4938 istum
2972 4883 3187 4937 loeum.
3262 4872 3345 4923 913
3373 4879 3696 4952 Sequentia
3727 4894 3939 4951 usque

460 4950 536 5005 ad
565 4945 703 5006 c.'4.
739 4951 938 5005 omisit
967 4950 1020 5005 6.
1097 4945 1179 4990 ευ
1200 4948 1368 5006 elfosi
1402 4952 1451 5005 1.

2066 5078 2119 5139 Ν
2125 5077 2345 5143 OTJE.

532 5193 682 5271 (246)
712 5196 754 5271 Ι.
790 5214 842 5253 e.
877 5198 1162 5271 elegiose.

533 5267 691 5355 (2‘4"?)
718 5267 1381 5355 Dcinnus'Geraijdiisa‘
1399 5270 1555 5355 1021,
1583 5273 1963 5355 pontificatus
1987 5292 2128 5355 vero

464 5341 559 5395 sui
573 5340 659 5409 10,
684 5346 854 5417 caput
871 5344 1230 5417 monasterii
1249 5344 1313 5417 S.
1330 5343 1444 5398 Dei
1457 5340 1780 5417 genitricis
1800 5348 2013 5402 Mariae
2037 5349 2138 5403 Ca-

465 5412 693 5466 meraci
712 5412 745 5465 8
766 5412 897 5488 Kal.
913 5414 1062 5488 Apr.
1082 5415 1314 5488 ingenti
1331 5420 1388 5488 et
1404 5412 1558 5471 mira
1579 5419 1959 5488 apparatione
1990 5435 2132 5474 ron-

465 5430 689 5466 merae)
712 5430 745 5465 δ
766 5430 897 5466 Λευ.
913 5430 1062 5538 [ἔρι’.
1082 5430 1310 5539 "lieni!
1331 5430 1388 5469 et
1404 5433 1558 5471 mira
1579 5430 1959 5488 apparatione
1990 5435 2131 5474 ron-

371 5533 383 5539 -
458 5488 704 5539 struere
726 5484 902 5566 cepit,
928 5485 1078 5566 “icit
1197 5502 1325 5566 ron.
1349 5486 1409 5566 St
1434 5488 1686 5566 Andreae
1722 5488 1962 5566 Castelli
2019 5489 2131 5544 Ca-

457 5553 979 5631 meracensis1,_8.
1014 5553 1130 5631 Sed
1160 5561 1363 5612 noster
1394 5558 1523 5628 ipse
1582 5558 1731 5613 infra
1770 5578 1853 5631 ιιι,
1887 5561 1975 5616 49.
2013 5603 2027 5617 .
2064 5603 2077 5617 .
2114 5601 2128 5616 .

457 5625 869 5705 seditionibus
898 5627 1234 5705 impeditus,
1270 5625 1448 5705 usque
1466 5631 1543 5689 ad
1567 5647 1621 5690 a.
1655 5631 1712 5689 d.
1745 5631 1786 5690 i.
1820 5625 1976 5689 {028.
2014 5674 2027 5689 .
2062 5673 2078 5691 .
2112 5673 2130 5693 .

450 5697 744 5760 inchoare
773 5715 886 5758 non
910 5697 1124 5775 potuit.

2332 5205 2458 5277 248)
2488 5208 2530 5261 Ι.
2564 5222 2616 5261 e.
2654 5207 2847 5277 magis
2877 5220 3052 5276 quam
3092 5200 3504 5259 aestimaretur.
3539 5197 3715 5258 Conv.

2330 5276 2457 5346 249)
2488 5278 2529 5331 Ι.
2564 5293 2617 5332 e.
2652 5276 2868 5331 statum
2898 5279 3146 5330 rectum.

2319 5344 2468 5417 (250)
2501 5349 2543 5402 Ι.
2578 5364 2629 5402 e.
2663 5349 2851 5415 ruina,
2885 5350 2946 5402 tu
2979 5347 3175 5402 statim
3198 5346 3350 5400 infra
3374 5361 3482 5419 quo
3512 5344 3642 5401 fuso
3669 5359 3780 5415 pro
3804 5360 3949 5418 quo

2242 5425 2476 5474 ruente.
2503 5419 2681 5473 Conv.

2315 5490 2462 5562 (251)
2494 5490 2553 5544 S.
2590 5491 2842 5562 Andreae
2869 5487 3507 5562 CastriCameracesii;
3531 5486 3951 5562 obiita._1047

2244 5558 2572 5616 secundum
2602 5561 2820 5616 Chron.
2854 5560 2915 5616 S.
2941 5561 3195 5615 Andreae
3225 5561 3409 5629 Cam.,
3444 5576 3481 5612 v
3530 5559 3614 5614 Id.
3646 5558 3785 5613 Mai.
3823 5575 3954 5617 se-

2244 5633 2500 5688 cundum
2532 5632 2771 5688 Necrol.
2807 5632 2867 5687 S.
2904 5632 3125 5687 Mariae.

2309 5701 2463 5780 (252)
2493 5702 2857 5776 Saint-Prix,
2889 5718 3074 5778 prope
3122 5701 3587 5769 Saint-Quentin.
3617 5702 3802 5759 Conv.
