4098 6196
230 303 343 368 125

1579 298 1838 364 LIBER
1876 300 2347 366 SECUNDUS.

3568 308 3684 374 126

234 502 510 574 ejusdem
534 500 713 557 urbis’
729 502 1017 572 episcopi,
1044 503 1306 558 secundo
1325 502 1384 556 in
1405 502 1535 557 loco
1549 516 1663 556 non
1697 502 1903 556 incon-
1931 484 1990 544 Α
2019 502 2135 556 Sed
2149 506 2481 574 postquam,
2497 508 2559 559 ut
2582 505 2640 558 in
2661 506 2849 576 primo
2877 506 3028 562 fibro
3050 506 3309 564 breviter
3355 509 3680 581 tetigimus,

232 593 546 648 venienter
566 590 925 646 subneCtere
946 591 1359 645 estimavimus
1394 587 1474 632 21⁵
1497 632 1511 660 ,
1534 590 1777 645 Multum
1796 592 1909 644 ete-

234 683 350 735 nim
374 681 549 735 decet
571 684 626 735 et
648 681 799 735 bene
823 695 1156 751 congruum
1174 684 1358 751 estut,
1385 680 1561 752 cujus
1582 679 1907 750 patrocinio

236 771 344 825 sub
361 770 693 839 prolatione
717 769 921 823 Matris
948 770 1268 825 Dominicm
1289 770 1498 844 civitas
1522 769 1909 823 Kameracen-

234 861 321 913 eis
355 862 750 928 sustentatur,
796 860 970 931 cujus
1011 859 1268 914 nominis
1300 859 1579 928 preconio
1616 860 1910 914 illustrata

233 947 611 1017 sublimatur,
638 946 772 1017 ejus
808 964 1043 1019 quoque
1083 949 1319 1002 domum
1361 949 1422 1003 in
1463 949 1573 1004 hoc
1620 950 1909 1019 opusculo

226 1037 393 1108 juxta
415 1036 662 1090 domum
682 1035 953 1106 ejusdem
965 1036 1218 1092 dominre
1240 1037 1504 1109 Virginis
1528 1041 1909 1111 consequen-

227 1131 316 1180 ter
334 1141 657 1196 ponamus.
681 1125 969 1194 Tempore
986 1142 1237 1197 namque
1271 1126 1452 1198 hujus
1492 1128 1811 1198 pontiﬁcis,
1848 1132 1911 1183 ut

223 1215 421 1285 ipsius
447 1214 631 1268 vitam
648 1212 798 1283 (253)
818 1215 1160 1286 legentibus
1183 1216 1383 1286 liquet,
1411 1217 1469 1269 in
1489 1216 1707 1270 vertice
1742 1233 1908 1272 mon-

228 1305 304 1356 tis
325 1303 433 1357 ubi
454 1319 615 1357 nunc
635 1304 1056 1358 monasterium
1071 1308 1181 1373 est,
1209 1304 1536 1359 habebatur
1557 1306 1778 1360 veteris
1800 1306 1906 1360 de-

228 1392 472 1447 mentiae
508 1393 706 1460 lucus,
745 1392 959 1447 ritibus
994 1392 1267 1449 videlicet
1294 1393 1622 1449 demonicis
1689 1394 1909 1464 priscis

228 1481 609 1551 temporibus
622 1481 695 1535 ad
712 1481 1167 1536 subversionem
1182 1483 1511 1536 animarum
1532 1483 1604 1537 ab
1645 1482 1909 1538 idolatris

229 1569 569 1625 dedicatus.
592 1570 761 1624 Unde
775 1570 866 1623 vir
880 1570 1109 1624 Domini
1122 1571 1451 1642 gaudenter
1465 1573 1907 1641 memorandus,

231 1658 435 1712 divino
458 1658 716 1713 consilio
735 1658 990 1728 afﬂatus,
1013 1659 1209 1713 lucum
1246 1660 1555 1714 succidere
1593 1662 1907 1730 estimavit,

232 1747 609 1818 atqueidolis
638 1747 911 1818 stirpitus
948 1748 1204 1816 eversis,
1237 1748 1549 1803 basilicam
1586 1750 1647 1803 in
1688 1749 1910 1805 honore

230 1814 388 1891 beati
405 1835 664 1890 Melardi
687 1814 1013 1891 construxit
1039 1814 1222 1905 (circa
1247 1853 1340 1891 an.
1385 1836 1533 1906 600).
1568 1837 1784 1910 Sicque
1821 1840 1910 1894 lo-
1944 1814 1991 1874 Β

237 1941 369 1979 cum
393 1925 713 1995 spurcitiis
745 1924 1004 1979 deditum
1040 1925 1180 1980 fecit
1215 1926 1502 1980 orationis
1542 1931 1597 1981 et
1632 1928 1911 1981 sacrificii

237 2013 503 2081 domum,
530 2029 677 2068 sane
700 2013 815 2068 sibi
838 2014 1157 2084 previdens
1196 2014 1338 2069 inibi
1373 2030 1501 2069 suae
1537 2016 1913 2072 dormitionis

234 2101 618 2157 mausoleum
632 2102 1612 2174 etgrataamansionishabitaculum
1624 2102 1702 2145 216
1737 2146 1750 2159 .
1770 2104 1915 2160 Cum

233 2192 396 2245 enim
412 2191 942 2263 posttrigesimum
982 2208 1201 2246 nonum
1238 2194 1333 2246 sui
1375 2193 1664 2263 episcopii
1696 2210 1915 2249 annum

236 2280 661 2348 cunctipotens
671 2280 1726 2353 Rex,sedetdispunctorlargissimus
1741 2299 1918 2337 suum

237 2368 489 2422 militem
507 2366 903 2423 fortissimum
916 2369 1241 2424 sudoribus
1264 2371 1394 2425 suis
1419 2385 1823 2441 responsurus
1846 2373 1918 2426 ad

239 2458 787 2512 remunerationem
798 2463 1079 2512 vocasset
1094 2475 1105 2512 :
1124 2458 1183 2512 in
1196 2458 1401 2514 eadem
1418 2460 1686 2528 basilica,
1704 2462 1766 2515 ut
1781 2466 1915 2515 ante

240 2545 669 2616 destinaverat,
709 2545 1033 2601 honorifice
1069 2547 1388 2603 tumulatus
1420 2550 1915 2605 ressurrectionis

240 2634 399 2687 diem
422 2638 721 2703 expectat.
744 2634 882 2689 Mox
905 2635 1085 2707 igitur
1106 2651 1285 2707 reges
1307 2639 1365 2692 et
1383 2638 1681 2707 principes
1707 2654 1776 2692 ac
1807 2655 1917 2709 po-

241 2723 572 2777 tentissimi
602 2724 840 2795 quique,
885 2726 1078 2796 signis
1114 2728 1170 2778 et
1204 2726 1495 2797 prodigiis
1535 2727 1754 2797 quibus
1787 2734 1918 2782 ante

242 2812 472 2866 obitum
508 2811 828 2867 multifaria
877 2816 1297 2868 coruscaverat
1342 2814 1597 2883 excitati,
1639 2832 1707 2871 ac
1739 2817 1918 2872 multo

245 2901 644 2971 amplioribus
660 2943 675 2969 ,
700 2917 834 2972 quae
855 2918 962 2972 per
982 2901 1116 2973 ejus
1134 2903 1339 2957 merita
1358 2904 1704 2958 misericors
1727 2908 1783 2959 et
1816 2906 1919 2959 mi-

248 2992 484 3044 serator
505 2990 798 3044 Dominus
820 2994 956 3060 post
991 2991 1213 3046 obitum
1248 2992 1652 3047 indesinenter
1690 2995 1924 3063 operari

2021 591 2134 646 sub
2154 593 2668 661 persecutionibus
2680 596 2867 663 primo
2886 611 3273 667 paganorum,
3291 598 3502 653 deinde
3527 599 3685 653 Hun-

2022 696 2301 752 garorum
2325 697 2456 737 cum
2498 684 2713 737 ceteris
2744 699 2979 754 quoque
3011 683 3331 739 Galliarum
3362 688 3679 758 aecclesiis,

2020 771 2351 824 mortalium
2381 771 2572 840 culpis
2609 772 3012 843 exigentibus,
3032 789 3165 827 cum
3207 774 3364 827 omni
3398 774 3683 831 thesauro

2019 860 2441 915 miserabiliter
2490 861 2762 930 populata
2794 862 3162 916 subvertitur
3192 879 3204 916 :
3240 879 3358 916 non
3389 863 3583 917 solum
3612 865 3683 919 ad

2020 951 2268 1020 gratiam
2288 950 2507 1019 prioris
2530 953 2719 1003 status
2749 951 3060 1005 reformari
3090 967 3205 1005 non
3234 952 3439 1020 potuit,
3474 967 3680 1006 verum

2019 1042 2076 1091 et
2097 1038 2251 1109 quod
2286 1037 2598 1091 dolendum
2631 1041 2741 1108 est,
2767 1039 2959 1110 magis
2993 1040 3304 1111 magisque
3347 1039 3575 1110 dejecta
3624 1041 3687 1095 in

2018 1126 2405 1197 praecipitium
2429 1128 2563 1180 ruit.
2585 1125 2729 1191 Quia
2775 1128 2929 1182 enim
2961 1131 3257 1183 rectorum
3316 1128 3688 1183 imbecillitas

2018 1219 2135 1268 tam
2153 1214 2350 1269 varias
2366 1218 2550 1269 ettam
2573 1216 2632 1269 in
2666 1216 2925 1270 diversis
2957 1217 3223 1285 partibus
3255 1218 3684 1287 possessiones

2017 1303 2196 1376 longe
2228 1304 2551 1375 diremptas
2586 1307 2641 1359 ct
2684 1320 2866 1374 prope
2913 1306 3143 1375 positas
3182 1322 3292 1360 sua
3319 1306 3688 1376 providentia

2019 1393 2196 1446 simul
2221 1392 2497 1447 cohibere
2523 1409 2639 1447 non
2663 1395 2923 1463 poterat:
2958 1394 3139 1447 vicini
3170 1399 3442 1464 raptores
3469 1395 3691 1464 impro-

2018 1480 2255 1535 bissimi
2270 1482 2486 1553 quique
2510 1482 2709 1536 vitiato
2721 1482 2846 1551 jam
2861 1481 3098 1553 quidem
3114 1482 3358 1552 saeculo,
3374 1484 3531 1553 quod
3548 1482 3687 1537 boni

2020 1585 2126 1639 pro
2150 1570 2338 1624 salute
2361 1573 2417 1624 et
2448 1570 2732 1625 remediis
2762 1570 3090 1624 animarum
3121 1572 3507 1641 contulerant,
3530 1574 3591 1626 ut
3624 1587 3691 1625 se

2023 1659 2198 1713 habet
2220 1675 2387 1712 amor
2417 1658 2690 1713 humanae
2720 1659 3080 1728 ambitionis,
3113 1658 3503 1714 abstulerant.-
3525 1658 3692 1724 Quod

2023 1750 2197 1801 etiam
2245 1747 2420 1818 pejus
2470 1750 2580 1816 est,
2615 1763 2689 1801 ne
2718 1747 2833 1817 ipsi
2865 1748 3103 1817 quidem
3133 1750 3397 1802 rectores
3429 1748 3688 1818 quidam,

2024 1836 2163 1907 quin
2185 1839 2475 1906 raperent,
2494 1835 2792 1906 cleperent
2824 1836 2993 1906 (554),
3029 1835 3426 1906 detraherent,
3462 1836 3696 1892 fraudu-

2026 1926 2219 1979 lentiaa
2245 1929 2471 1979 tecnam
2504 1924 2962 1979 declinaverant.
2997 1924 3067 1979 Et
3100 1925 3239 1995 quid
3279 1924 3519 1979 dicam?
3558 1926 3697 1979 olim

2027 2013 2395 2084 frequentior
2416 2029 2721 2082 numerus,
2753 2012 2998 2068 fratrum
3030 2029 3187 2067 nunc
3217 2013 3290 2067 ad
3320 2013 3694 2085 quinquage-

2025 2119 2135 2157 nos
2165 2120 2290 2172 prae
2323 2103 2519 2173 inopia
2549 2102 2871 2170 derivatur,
2898 2103 2998 2173 qui
3030 2102 3245 2156 domno
3276 2101 3536 2157 Gerardo
3569 2102 3697 2172 epi-

2026 2208 2208 2261 scopo
2242 2195 2593 2262 statagente,
2627 2191 2984 2244 cotidianum
3014 2191 3236 2245 victum
3273 2191 3334 2245 in
3381 2191 3696 2247 refectorio

2029 2280 2417 2335 communiter
2436 2284 2695 2334 sumunt.
2724 2279 2785 2331 In
2816 2276 2999 2348 hujus
3027 2283 3222 2332 autem
3268 2280 3453 2349 patris
3502 2280 3694 2334 nostri

2025 2368 2310 2424 memoria
2333 2366 2779 2422 etveneratione
2810 2366 3190 2436 monasteria,
3211 2367 3319 2421 sed
3340 2371 3397 2422 et
3414 2367 3689 2439 frequen-

2024 2458 2207 2512 tiores
2238 2457 2505 2511 basilicae
2534 2471 2651 2510 non
2672 2458 2788 2509 tam
2837 2456 2894 2509 in
2937 2470 3120 2525 prope
3170 2472 3345 2527 quam
3395 2456 3455 2510 in
3511 2455 3688 2527 longe

2024 2546 2236 2616 positis
2266 2545 2618 2618 regionibus
2656 2547 3016 2599 constructae
3051 2548 3220 2608 sunt,
3256 2544 3355 2598 ubi
3403 2544 3693 2599 beneﬁcia

2026 2635 2364 2703 petentibus
2399 2634 2597 2688 divina
2628 2636 2989 2703 praestantur
3017 2637 3072 2687 et
3102 2633 3175 2686 ad
3216 2633 3447 2687 laudem
3476 2636 3533 2687 et
3561 2634 3691 2705 glo-

2024 2724 2171 2778 riam
2202 2722 2573 2778 confessoris
2604 2722 2968 2777 sanctissimi
2990 2721 3169 2776 multa
3199 2724 3256 2777 et
3288 2721 3702 2776 inenarrabilia

2027 2815 2306 2867 virtutum
2337 2812 2604 2883 prodigia
2637 2811 2832 2865 divina
2845 2810 3154 2866 clementia
3177 2810 3701 2883 operaridignatur

2033 2904 2278 2967 Eavero
2298 2919 2433 2974 quae
2453 2902 2568 2956 huc
2585 2905 2683 2956 aut
2704 2919 2736 2955 a
2769 2900 2951 2955 certis
2980 2900 3336 2955 relatoribus
3370 2899 3699 2972 contigisse

2034 2994 2389 3061 accepimus,
2427 2996 2526 3045 aut
2554 3008 2665 3045 nos
2697 2991 3043 3061 contingere
3087 3004 3324 3057 semper
3370 2988 3700 3056 cernimus,

247 3079 660 3151 dignatusest,
679 3079 924 3147 attoniti,
946 3080 1016 3133 ad
1032 3080 1526 3134 sanctissimiviri
1542 3082 1925 3151 sepulchrum
1957 3116 2007 3178 Ο
2034 3080 2273 3134 modum
2305 3095 2412 3150 pre
2441 3079 2773 3149 pluralitate
2804 3077 3116 3145 excedunt,
3151 3091 3260 3131 nec
3312 3076 3428 3174 ullo
3473 3077 3702 3130 numeri

246 3168 515 3223 diversis
531 3184 610 3223 ex
631 3169 901 3238 partibus
922 3169 1352 3238 conﬂuxerunt,
1388 3170 1648 3240 tantique
1681 3171 1790 3224 viri
1828 3187 1925 3241 pa-

245 3257 503 3311 trocinio
527 3272 670 3311 sese
687 3255 885 3328 juvari
909 3258 1310 3328 implorantes,
1337 3259 1786 3328 opulentissima
1808 3276 1927 3314 mu-

245 3362 390 3400 nera
410 3345 781 3400 obtulerunt.
802 3344 1123 3417 Statimque
1142 3361 1217 3400 ex
1238 3345 1536 3401 affluentia
1568 3363 1766 3402 rerum
1794 3364 1928 3403 cum

249 3435 411 3489 omni
425 3433 747 3489 sedulitate
764 3434 1189 3489 monasterium
1211 3435 1544 3506 ampliatur,
1560 3436 1927 3508 fratrumque

249 3539 582 3579 numerosa
605 3523 825 3578 cohors
849 3523 921 3576 ad
939 3523 1319 3578 serviendum
1337 3524 1461 3579 Deo
1474 3528 1529 3579 et
1547 3540 1658 3579 suo
1676 3526 1928 3580 sanctis-

250 3612 406 3666 simo
428 3610 774 3666 confessori
794 3612 1221 3682 imperpetuum
1234 3612 1561 3684 delegatur.
1581 3613 1723 3668 Haec
1735 3618 1929 3669 autem

250 3700 492 3770 domus,
517 3700 581 3754 in
602 3700 819 3755 montis
855 3700 1173 3770 supercilio
1206 3692 1348 3769 'sita,
1392 3706 1592 3771 aperte
1623 3702 1930 3758 insinuare

250 3789 711 3859 videturipsum
726 3788 1000 3843 videlicet
1016 3804 1356 3843 mensorem
1369 3790 1679 3862 egregium
1699 3806 1935 3861 semper

251 3879 501 3932 terrena
524 3877 816 3945 calcasse,
844 3877 1185 3932 caelestibus
1211 3882 1326 3933 toto
1345 3878 1641 3945 desiderio
1663 3879 1933 3936 inhiasse

253 3965 411 4021 Exin
432 3981 588 4021 vero
608 3967 779 4021 locus
800 3982 873 4021 ex
885 3967 1103 4021 diversi
1125 3968 1364 4038 generis
1383 3984 1493 4038 ope
1529 3968 1769 4037 ditatur,
1794 3969 1937 4023 mul-

251 4055 459 4127 tisque
490 4055 803 4110 beneﬁciis
821 4056 1084 4110 virorum
1106 4056 1396 4111 bonorum
1425 4057 1571 4112 adeo
1595 4061 1936 4129 augmenta-

248 4150 371 4211 tur,
386 4147 461 4199 ut
476 4160 598 4198 non
611 4142 783 4199 modo
802 4145 1022 4199 circum
1038 4148 1095 4199 et
1115 4146 1274 4199 circa
1296 4146 1572 4200 viciniam
1595 4148 1934 4202 crassiores

249 4234 698 4304 uberioresque
716 4233 988 4288 villarum
1011 4234 1296 4306 colonias,
1320 4250 1528 4290 verum
1550 4235 1610 4289 in
1631 4236 1807 4308 longe
1846 4253 1936 4292 re-

250 4324 444 4378 motis
465 4323 836 4395 regionibus,
857 4327 920 4377 ut
940 4323 1162 4393 scripta
1183 4339 1316 4395 quin
1348 4323 1407 4379 in
1441 4324 1682 4378 archivo
1724 4326 1936 4380 aeccle-

2037 3169 2287 3223 termino
2319 3168 2511 3221 claudi
2541 3171 2813 3238 possunt.
2849 3166 2932 3219 De
2963 3166 3180 3236 quibus
3222 3164 3536 3218 maximam
3565 3180 3703 3234 par-

2035 3263 2152 3313 tem
2181 3257 2399 3311 invidze
2433 3272 2592 3310 aurae
2624 3271 2689 3309 se
2721 3254 2994 3325 rapuisse
3025 3253 3296 3307 laetantur
3336 3252 3505 3322 (255),
3556 3268 3703 3322 pau-

2035 3347 2279 3401 cissima
2307 3361 2472 3413 vero,
2525 3360 2658 3415 quae
2706 3359 2824 3398 non
2878 3346 3119 3412 potuere
3160 3341 3336 3396 celari
3385 3342 3444 3395 in
3518 3341 3706 3411 primo

2034 3435 2233 3490 libello
2265 3435 2568 3489 succincte
2618 3431 3110 3503 perstrinximus;
3142 3429 3489 3500 plenissime
3511 3432 3707 3484 tamen

2036 3526 2096 3579 in
2126 3524 2225 3579 illo
2259 3523 2577 3592 volumine,
2631 3521 2789 3592 quod
2837 3521 2908 3575 de
2951 3520 3071 3575 vita
3116 3520 3310 3590 ipsius
3358 3518 3706 3573 inscribitur

2039 3613 2209 3685 (256),
2235 3614 2289 3669 si
2321 3612 2416 3668 cui
2444 3611 2605 3681 libet,
2640 3611 2852 3682 poterit
2880 3609 3172 3665 invenire.

2110 3706 2162 3759 5.
2186 3703 2275 3758 De
2296 3701 2669 3773 inergumiuo
2684 3706 2909 3755 sanato.
2928 3699 3044 3755 Sed
3068 3702 3128 3751 ut
3150 3698 3278 3752 haec
3326 3696 3542 3769 pagina
3576 3712 3709 3751 san-

2044 3798 2200 3849 ctum
2217 3796 2274 3847 et
2304 3791 2660 3865 gaudiosum
2691 3805 2905 3845 nomen
2936 3804 3003 3843 se
3032 3787 3251 3842 habere
3283 3788 3516 3841 lattetur
3545 3789 3600 3840 et
3631 3785 3712 3839 ri-

2045 3884 2197 3953 deat,
2221 3897 2407 3951 pauca
2429 3897 2503 3935 ex
2522 3880 2618 3934 his
2636 3895 2769 3950 quae
2786 3879 2881 3933 vel
2899 3879 3027 3948 ipse
3044 3874 3407 3948 juvenculus
3430 3874 3714 3930 moderno

2046 3977 2308 4042 tempore
2339 3971 2479 4041 vidi,
2501 3972 2812 4023 annectere
2847 3970 3037 4021 ratum
3070 3965 3231 4020 duxi.
3265 3964 3473 4019 Preter
3512 3979 3714 4036 quam-

2047 4063 2335 4133 plurimos
2358 4073 2610 4129 namque
2628 4057 2940 4126 utriusque
2972 4069 3156 4109 sexus
3188 4054 3529 4123 freneticos,
3563 4068 3716 4125 quos

2048 4152 2188 4205 illuc
2210 4150 2474 4204 videram
2496 4146 2841 4217 sospitatos,
2867 4158 3047 4197 unum
3077 4157 3353 4196 seorsum
3383 4142 3594 4210 dicam,
3621 4141 3715 4196 cui

2050 4240 2275 4295 nullum
2297 4255 2419 4309 prae
2443 4236 2739 4291 nimietate
2761 4232 2984 4288 furoris
3007 4231 3216 4285 estimo
3236 4230 3714 4298 comparandum.

2051 4333 2169 4386 lste
2202 4342 2451 4398 namque
2485 4341 2584 4379 ore
2617 4338 2923 4393 spumans,
2956 4319 3231 4374 dentibus
3254 4318 3559 4387 frendens,
3582 4317 3721 4372 licet

251 4414 366 4467 size
391 4415 929 4482 suntattestantur,
949 4411 1186 4468 diversa
1220 4418 1277 4468 et
1316 4415 1378 4467 ut
1415 4413 1493 4467 ita
1528 4414 1718 4467 dicam
1757 4415 1935 4469 totius
1965 4403 2022 4467 Ῑ)
2054 4435 2263 4477 manus
2285 4420 2420 4488 post
2440 4419 2607 4486 terga
2626 4412 2927 4467 revinctus
2946 4411 3003 4465 et
3022 4425 3055 4463 a
3085 4408 3215 4463 suis
3249 4407 3464 4462 misere
3498 4421 3717 4478 caesus,

252 4503 518 4574 generis
540 4500 935 4556 emolumenta
953 4501 1259 4556 donarent.
1296 4503 1405 4567 Qui
1441 4503 1609 4557 locus
1647 4503 1784 4557 olim
1820 4508 1936 4557 tam

251 4590 551 4663 eligantia
572 4605 748 4661 quam
772 4594 889 4645 tota
906 4590 1337 4660 opportunitate
1356 4592 1732 4661 preeminens
1748 4633 1763 4661 ,
1787 4593 1888 4646 uni
1910 4623 1939 4633 -

249 4696 471 4735 versa:
492 4680 819 4750 provinciae
842 4681 1090 4751 gratiam
1113 4680 1493 4749 multiplicem
1532 4684 1590 4735 et
1624 4681 1941 4736 maximum

255 4770 568 4825 honorem
584 4769 905 4838 prestabat,
939 4770 1265 4840 urbemque
1287 4769 1635 4825 excellentia
1666 4786 1793 4824 suae
1816 4771 1941 4842 dig-

256 4859 469 4914 nitatis
490 4856 995 4929 quamplurimum
1024 4858 1368 4930 insignibat.
1401 4856 1544 4913 Erat
1582 4859 1737 4913 enim
1769 4875 1945 4914 vene-

256 4948 455 5003 randa
477 4952 659 5018 atque
690 4946 914 5019 regalis
942 4946 1173 5001 abbatia
1198 4989 1212 5017 ,
1260 4962 1335 5002 ex
1379 4946 1534 5001 omni
1591 4947 1946 5003 sufﬁcientia

259 5035 627 5108 ﬂorens,cuj
638 5036 1018 5107 usmultiplici
1033 5037 1240 5109 gratiae
1256 5036 1684 5109 nihiljconferre
1706 5040 1946 5108 putares

2052 4513 2154 4567 vix
2173 4514 2367 4566 tamen
2389 4505 2578 4561 teneri
2599 4505 2844 4575 poterat,
2869 4501 3011 4572 quin
3034 4515 3107 4553 ex
3125 4499 3264 4553 totis
3297 4496 3527 4552 viribus
3565 4495 3722 4550 omni

2050 4600 2358 4657 bacbaniae
2392 4593 2810 4665 imperteritus,
2842 4589 3074 4645 diabolo
3106 4587 3442 4643 violentiam
3491 4599 3721 4656 sugge-

2052 4693 2238 4760 rente,
2288 4688 2544 4741 vacaret.
2605 4682 2853 4751 Semper
2901 4680 3057 4734 enim
3096 4677 3298 4732 illicita
3344 4675 3719 4746 loquebatur,

2055 4780 2369 4848 derepente
2402 4774 2694 4841 insiliens,
2729 4770 3000 4825 homines
3060 4767 3329 4820 incautos
3375 4762 3723 4833 plerumque

2055 4868 2381 4924 mordebat.
2415 4864 2504 4918 Ad
2535 4858 3117 4928 monasteriumvero
3130 4852 3459 4909 beatissimi
3492 4850 3728 4907 confes.

2059 4958 2225 5014 soris
2242 4971 2458 5027 magna
2489 4950 2835 5027 difﬁcultate
2860 4945 3207 5027 perductus,
3240 4957 3358 4996 non
3385 4943 3585 5027 minus
3615 4957 3726 5027 per

2059 5030 2279 5102 aliquot
2295 5013 2425 5080 dics
2449 5024 2648 5080 sevire
2670 5013 2997 5088 videbatur,
3023 5015 3100 5070 ita
3118 5018 3178 5070 ut
3199 5029 3370 5069 nemo
3403 5029 3470 5069 se
3502 5014 3586 5068 illi
3617 5013 3725 5070 ob-

1600 5152 1894 5215 VARI/E
1937 5149 2409 5216 LECTIONES

329 5258 422 5306 315
459 5262 813 5318 estimamus
843 5259 897 5318 6.
925 5258 1010 5313 316
1054 5260 1361 5335 sequentia
1388 5276 1567 5333 usque
1590 5260 1666 5316 ad
1695 5276 1743 5315 c.
1776 5261 1831 5316 9.
1856 5262 2092 5319 desunt.
2124 5262 2176 5317 6.

1887 5360 2167 5424 NOT/E.

332 5468 501 5540 (258)
532 5468 962 5540 iutiquiorem,
994 5467 1059 5540 in
1077 5467 1252 5540 Actis,
1272 5466 1376 5522 SS.
1426 5467 1683 5540 Augusti
1731 5467 1812 5533 II;
1844 5468 1954 5540 Ae-
2059 5470 2155 5524 ius
2185 5464 2586 5540 :reperclepe,
2623 5464 2775 5522 tene,
2808 5454 3091 5527 harpega.
3124 5446 3269 5506 Em’r
3299 5462 3548 5505 PATROLo

263 5536 353 5595 tis
372 5539 496 5595 SS.
528 5536 720 5610 Belgi—i
753 5538 822 5610 ll,
853 5538 980 5593 276.
1013 5536 1102 5592 Ex
1132 5553 1200 5593 ea
1228 5538 1291 5592 in
1348 5536 1574 5593 vertice
1610 5569 1681 5577 ——
1722 5539 1957 5595 sacriﬁ-

265 5614 389 5671 ciis
410 5611 653 5665 domum
674 5610 748 5664 ad
776 5610 1021 5665 verbum
1050 5610 1350 5680 descripta
1373 5612 1531 5663 sunt.

336 5682 507 5759 (254)
534 5681 577 5738 Ι.
607 5697 665 5738 e.
697 5680 1070 5739 furarentur.
1101 5679 1311 5739 Graece
1340 5686 1521 5745 κλέπω.
1546 5679 1752 5756 Etjam
1780 5682 1953 5740 Plau-

2136 5533 2599 5610 t25550f-1{23-
2720 5602 2729 5610 .
2855 5599 2866 5610 .
3177 5591 3258 5610 επ,
3348 5586 3586 5610 .,,--,-.ε

2312 5581 2912 5680 Ᾰίίοῖξξιῗᾷξιξρεριρλὶη
2954 5595 3120 5653 Actis
3177 5591 3282 5651 SS.
3333 5586 3588 5664 Augusti
3645 5581 3727 5660 II;

2066 5641 2851 5750 Αὲῖἕιυὲὲῗέἓὶςῖίίῑζέ-ῐέ.
