4098 6196
470 322 588 386 127

1386 326 1660 391 GESTA
1703 330 2232 395 PONTIFICUM
2278 332 3025 399 CAMERACENSIUM
3756 344 3857 408 128

467 528 631 582 vium
650 527 790 581 dare
806 527 1068 583 auderet.
1103 527 1227 582 Nec
1256 526 1500 601 longum
1520 534 1733 601 tamen,
1758 532 1855 601 pio
1877 532 2129 588 interce-
2159 513 2221 576 Α
2245 533 2424 589 tionis
2473 534 2911 604 perturbatione
2958 535 3212 591 sollicito
3253 538 3508 593 occurrit
3535 541 3749 595 tandem
3776 558 3860 598 sa-

467 617 641 671 dente
663 619 907 686 patrono
926 633 958 672 a
982 632 1239 688 superno
1265 618 1491 673 medico
1509 619 1975 675 misericorditer
1990 623 2131 676 visi-

465 708 644 776 tatus,
680 722 842 759 sanae
875 710 931 760 et
959 709 1210 779 integrae
1241 708 1454 761 mentis
1484 724 1653 779 opem
1687 711 1928 780 recepit,
1964 712 2127 765 suis-

466 810 581 866 que
613 810 746 849 cum
776 795 993 866 gaudio
1025 796 1096 849 ad
1127 811 1237 850 sua
1268 799 1553 866 reversis,
1588 799 1717 868 ipse
1740 799 2038 854 Gerardus
2060 831 2130 840 ——

466 883 580 938 hoc
611 884 766 938 enim
796 884 881 938 illi
910 885 1263 940 vocabulum
1303 916 1372 926 —
1421 886 1481 939 in
1528 889 1885 942 monasterio
1920 889 2041 943 Deo
2073 891 2131 943 et

467 987 579 1027 suo
629 973 1009 1028 sanctissimo
1059 974 1393 1029 confessori
1442 975 1830 1031 famulaturus
1889 992 2127 1031 manere

467 1062 781 1116 estimavit.
804 1062 916 1117 Ubi
941 1078 1074 1117 cum
1104 1063 1203 1117 diu
1234 1080 1464 1117 summa
1493 1064 1804 1119 devotione
1836 1066 2130 1119 familiari-

400 1147 406 1153 ’
463 1152 558 1205 ter
586 1150 934 1221 deserviret,
970 1152 1231 1223 contigit,
1268 1156 1329 1207 ut
1361 1169 1494 1206 cum
1526 1154 1775 1224 quadam
1809 1155 1902 1209 die
1938 1156 2127 1227 gratia

465 1240 649 1309 (257)
695 1241 971 1295 visitandi
1019 1244 1324 1311 paternam
1363 1242 1653 1296 coloniam
1696 1243 1988 1298 invitaret.
2035 1244 2126 1298 Ad

464 1343 640 1398 quam
663 1345 794 1383 cum
808 1328 1093 1399 tenderet,
1112 1330 1409 1402 neclonge
1424 1331 1661 1401 quidem
1679 1332 1873 1386 adhuc
1895 1332 2123 1387 distans

463 1417 830 1472 sacerdotem
857 1418 1066 1473 canitie
1085 1419 1384 1490 decorum,
1410 1420 1573 1474 vultu
1594 1420 1913 1491 habituque
1938 1437 2124 1476 venu-

461 1508 646 1575 stum,
688 1509 752 1561 ut
789 1507 918 1576 ipse
959 1508 1183 1563 referre
1215 1508 1461 1579 solebat,
1497 1508 1736 1563 obvium
1766 1509 1988 1579 habuit,
2025 1511 2124 1581 qui

460 1609 592 1648 eum
623 1581 1005 1664 interpellans
1036 1596 1240 1650 verbis
1260 1596 1638 1667 hujusmodi:
1680 1619 1701 1644 «
1729 1597 1853 1663 Quo
1884 1599 2124 1653 tendis?

458 1682 665 1755 inquit.
700 1684 771 1738 Et
803 1684 900 1739 ille
934 1701 946 1739 :
986 1685 1112 1740 Jam
1145 1685 1365 1739 dudum
1386 1690 1506 1756 est,
1540 1687 1773 1741 domine
1805 1689 1923 1756 mi,
1966 1689 2123 1759 quod

459 1773 841 1828 sanctissimo
872 1774 1022 1845 patri
1053 1774 1381 1845 Gaugerico
1413 1791 1520 1844 pro
1554 1776 1784 1829 collatis
1813 1777 2121 1832 beneficiis

2246 640 2383 678 num
2416 640 2482 677 ac
2513 624 2752 679 salubre
2784 624 3095 679 consilium
3116 668 3129 695 ,
3163 628 3225 679 ut
3256 626 3412 680 beati
3443 627 3699 684 videlicet
3727 630 3859 685 Gau-

2246 713 2428 783 gerici
2480 717 2779 782 expeteret
2823 715 3167 768 medicinale
3208 715 3589 787 suffragium;
3621 734 3750 772 sane
3779 721 3859 774 ubi

2244 802 2459 855 inﬁrmi
2492 817 2764 872 persaepe
2797 803 3057 856 solerent
3087 803 3354 872 accipere
3386 806 3701 873 sanitatem,
3732 808 3861 862 iner-

2242 891 2466 961 gumini
2514 892 2731 963 quique
2782 892 2911 946 sive
2960 891 3198 945 lunatici
3245 891 3647 947 liberarentur.
3686 894 3862 950 Statim

2242 995 2387 1051 ergo
2420 980 2574 1034 facta
2601 980 3019 1035 deliberatione
3047 1023 3058 1049 ,
3109 984 3401 1052 aegrotum
3433 982 3693 1037 vehiculo
3723 984 3861 1052 inpo-

2242 1070 2419 1122 situm
2450 1069 2521 1122 ad
2554 1068 2975 1122 monasterium
3006 1069 3229 1139 attulit;
3264 1085 3604 1140 ponensque
3633 1075 3752 1125 ante
3779 1087 3862 1126 se-

2239 1157 2570 1226 pulchrum,
2604 1158 2797 1227 ipsum
2830 1158 3090 1229 quidem,
3117 1158 3167 1211 si
3192 1159 3367 1211 saluti
3399 1159 3750 1229 redderetur,
3779 1161 3864 1214 ob-

2241 1247 2469 1318 sequiis
2513 1246 2842 1301 beatissimi
2891 1246 3203 1317 Gaugerici
3264 1247 3625 1316 imperpetuo
3680 1249 3865 1303 manci-

2240 1334 2494 1406 pandum
2516 1335 2771 1389 devovit.
2791 1334 2910 1388 Cur
2931 1335 3247 1404 producam
3269 1335 3865 1406 sermuncnlum‘i’pau-

2236 1423 2421 1479 lulum
2445 1424 2651 1495 jacuit,
2683 1424 2898 1477 divinaa
2931 1423 3174 1477 medelaa
3205 1424 3453 1493 adeptus
3485 1427 3577 1478 cst
3607 1424 3863 1496 gratiam;

2236 1529 2341 1582 pro
2370 1513 2631 1583 tantique
2664 1512 2937 1566 beneficii
2959 1512 3284 1581 conpendio
3308 1513 3651 1566 monasticis
3680 1515 3865 1567 usibus

2237 1601 2606 1670 deserviens,
2640 1604 2843 1670 postea
2874 1601 2933 1653 in
2964 1601 3321 1655 monasterio
3356 1604 3750 1655 conversatur.

2307 1690 2359 1746 7.
2388 1690 2475 1744 De
2497 1690 2770 1744 incendio
2794 1690 3031 1743 meritis
3051 1690 3245 1742 sancti
3271 1687 3592 1762 Gaugerici
3615 1693 3863 1744 extincto.
3899 1705 3903 1709 '

2236 1780 2407 1834 Anno
2458 1778 2767 1833 dominicae
2813 1778 3236 1831 incarnationis
3290 1775 3426 1834 102⁸1
3474 1776 3573 1847 213,
3624 1778 3701 1832 Id.
3748 1778 3869 1832 Julii

459 1862 756 1930 deservio,
780 1879 936 1916 nunc
954 1866 1146 1917 autem
1165 1866 1440 1932 parentes
1459 1864 1599 1934 quid
1617 1865 1831 1919 faciant
1848 1866 2121 1921 visitatu-
2153 1881 2206 1942 Β
2236 1869 2440 1922 oborta
2490 1872 2581 1921 est
2629 1867 2686 1921 in
2730 1868 2856 1936 ipsa
2907 1867 3139 1920 civitate
3182 1869 3350 1920 vasta
3396 1868 3585 1936 pestis
3615 1866 3863 1935 incendii,

457 1965 584 2019 rus,
605 1950 676 2003 ad
695 1952 939 2021 patriam
961 1966 1222 2005 remeare
1241 1956 1526 2007 exaestuo.
1547 1953 1758 2008 Melius
1779 1957 1890 2023 est,
1911 1954 2119 2024 inquit,

458 2039 584 2107 tibi,
608 2040 671 2092 ut
690 2055 953 2110 maneas,
980 2054 1055 2095 ne
1078 2040 1227 2094 forte
1251 2040 1443 2095 collati
1465 2042 1737 2096 beneficii
1760 2043 2019 2097 videaris
2044 2045 2123 2096 in-

459 2131 685 2198 gratus.
714 2151 735 2177 u
764 2129 874 2182 Hic
897 2132 1089 2183 autem
1113 2130 1416 2200 conceptis
1440 2134 1701 2200 paternae
1720 2131 1927 2203 gratiae
1949 2130 2121 2185 affec-

457 2216 638 2286 tibus,
655 2217 822 2271 datos
840 2221 1205 2287 postponens
1225 2219 1502 2289 monitus,
1525 2220 1660 2274 dum
1678 2221 1979 2289 paululum
1997 2237 2124 2290 pro-
2159 2258 2165 2263 η

458 2306 734 2375 cederet,
777 2321 916 2360 mox
956 2307 1135 2361 multo
1171 2307 1345 2377 pejus
1378 2323 1554 2379 quam
1587 2312 1756 2363 antea
1786 2324 1818 2362 a
1851 2309 2121 2364 demonio

457 2393 789 2464 corripitur,
815 2393 961 2449 adeo
977 2395 1255 2450 videlicet
1272 2396 1639 2451 dementatus
1660 2400 1722 2451 ut
1739 2402 2122 2453 occurrentes

456 2482 569 2537 sibi
593 2498 863 2554 quosque
894 2483 1157 2552 lapidare
1192 2500 1443 2554 prorsus
1475 2486 1824 2541 intenderet.
1850 2487 1897 2540 A
1921 2487 2120 2541 multis

453 2585 596 2625 vero
627 2587 746 2625 non
773 2571 946 2626 facile
970 2576 1199 2643 captus,
1225 2574 1369 2628 loris
1391 2590 1581 2630 nexus
1605 2575 1675 2629 ad
1699 2577 2120 2631 monasterium

454 2659 665 2714 iterum
697 2661 1024 2730 attrahitur,
1068 2666 1123 2716 et
1164 2664 1299 2733 quia
1330 2665 1530 2722 contra
1566 2664 1739 2718 fidem
1773 2665 2119 2720 catholicam

453 2749 708 2803 convitia
741 2750 974 2805 diabolo
1005 2751 1246 2806 doctore
1274 2751 1553 2822 jactabat,
1589 2768 1744 2807 nunc
1774 2754 1950 2808 minis
1981 2759 2117 2808 tun-

452 2837 628 2907 ditur,
665 2854 820 2892 nunc
853 2839 1105 2910 ﬂagellis
1137 2841 1430 2910 quatitur;
1481 2856 1654 2895 nemo
1702 2844 1899 2896 tamen
1929 2842 2118 2897 rabidi

452 2926 576 2980 oris
608 2927 919 2982 falsificum
942 2929 1349 2999 garrulitatem
1371 2944 1735 2998 conpescere
1766 2931 1971 2999 potuit,
2008 2932 2116 2985 do-

450 3031 559 3071 nec
594 3018 746 3071 inter
774 3017 1008 3088 ﬂagella
1039 3020 1094 3071 et
1126 3018 1361 3073 vincula
1393 3020 1525 3072 ante
1557 3019 1746 3073 sancti
1775 3020 1885 3072 viri
1918 3023 2114 3091 sepul-

451 3105 659 3160 chrum
690 3110 989 3174 prostrato
1016 3102 1096 3148 317
1127 3121 1201 3160 ex
1228 3106 1581 3162 lassitudine
1614 3123 1863 3162 somnus
1897 3111 2113 3181 obrep-

450 3194 545 3248 sit.
579 3194 689 3259 Qui
721 3211 854 3249 cum
885 3211 1028 3250 vero
1050 3199 1185 3265 post
1206 3196 1631 3267 aliquantulum
1658 3200 2113 3269 expergefactus
2147 3235 2197 3296 Ο

448 3286 840 3351 surrexisset,
878 3300 1017 3340 mox
1046 3284 1329 3340 divinitus
1361 3289 1553 3339 mente
1587 3290 1850 3356 recepta,
1884 3290 2112 3343 cunctis

447 3373 876 3428 admirantibus
927 3378 984 3428 et
1033 3391 1155 3444 prae
1187 3374 1401 3446 gaudio
1434 3375 1944 3447 illacrimantibus,
1979 3393 2112 3431 cum

445 3476 659 3532 magna
692 3462 1043 3516 confusione
1086 3463 1330 3533 pudoris
1373 3466 1428 3516 et
1459 3464 1816 3532 poenitentiae
1848 3467 1978 3519 ante
2010 3482 2110 3520 se-

445 3549 756 3617 pulchrum
787 3551 1224 3621 prosternitur;
1258 3551 1578 3606 confessus
1611 3552 2110 3621 culpam,veniam

445 3639 670 3694 erroris
693 3639 1065 3707 deprecatur.
1093 3640 1358 3711 Denique
1391 3657 1632 3711 compos
1664 3642 1841 3695 animi
1874 3644 2108 3698 omnino

445 3726 711 3798 effectus,
745 3728 1092 3783 monasticis
1116 3744 1181 3782 se
1204 3728 1513 3800 obsequiis
1537 3730 1788 3784 fideliter
1808 3732 2108 3801 mancipa-

442 3818 544 3887 vit,
582 3834 698 3872 non
730 3833 915 3871 ausus
946 3833 1241 3888 quoquam
1263 3817 1413 3873 ultra
1437 3819 1740 3888 secedere,
1765 3818 1953 3874 donec
1974 3824 2111 3889 post

441 3905 689 3960 multum
707 3906 991 3976 temporis
1008 3922 1038 3959 a
1059 3906 1342 3961 fratribus
1362 3912 1593 3977 sumpta
1612 3908 1845 3963 licentia
1864 3910 2107 3965 Romam

444 3995 697 4049 obtinuit
725 4010 999 4067 pergere.
1023 3995 1353 4050 Notandum
1386 4011 1525 4050 vero
1560 3997 1791 4052 beatum
1823 3997 2107 4070 Gaugeri-

443 4099 575 4138 cum
605 4084 813 4153 procul
846 4085 1022 4140 dubio
1056 4086 1323 4140 extitisse
1370 4101 1503 4139 eum
1550 4086 1777 4141 scilicet
1822 4089 2104 4143 sacerdo-

439 4176 556 4229 tem
588 4189 762 4245 quem
793 4174 877 4228 illi
906 4175 1080 4244 paulo
1109 4178 1241 4229 ante
1274 4174 1530 4229 diximus
1564 4176 1929 4231 occurrisse.

508 4263 559 4318 6.
586 4263 672 4318 De
690 4270 991 4318 contracto
1008 4271 1233 4319 sanato.
1256 4263 1361 4318 Est
1382 4264 1574 4319 adhuc
1597 4265 1772 4320 homo
1790 4266 1850 4319 in
1868 4282 2104 4321 monas-

436 4353 584 4407 terio
609 4353 904 4422 serviens,
931 4353 1312 4408 Hildebertus
1336 4355 1593 4422 nomine,
1619 4370 1793 4425 quem
1815 4359 1950 4426 post
1972 4356 2102 4410 lon-

436 4458 572 4514 gam
623 4442 1035 4513 aegritudinem
1084 4443 1310 4497 meritis
1361 4444 1551 4497 sancti
1589 4445 1701 4497 viri
1749 4445 2101 4514 sospitatum

436 4531 882 4602 cognoscimus.
912 4530 1022 4583 Hic
1049 4531 1322 4585 nimirum
1347 4548 1454 4602 per
1476 4535 1659 4586 totum
1680 4533 1804 4587 fere
1829 4534 1963 4587 anni
1988 4534 2100 4587 cir-

434 4620 631 4675 culum
650 4620 854 4675 nescio
883 4619 1058 4691 cujus
1087 4621 1327 4690 generis
1352 4622 1556 4675 morbo
1581 4622 1725 4675 adeo
1744 4622 2095 4693 angebatur,

432 4712 495 4764 ut
512 4710 762 4763 maxima
787 4711 949 4779 parte
970 4709 1238 4777 corporis
1258 4713 1612 4779 premortua,
1633 4710 1789 4763 circa
1808 4711 2097 4767 humano-

432 4814 559 4851 rum
591 4816 808 4854 usunm
839 4798 1033 4852 studia
1062 4796 1225 4851 nullo
1257 4796 1453 4852 officio
1486 4796 1853 4869 fungeretur.
1900 4800 2096 4872 Hujus

433 4902 539 4956 pro
562 4888 933 4943 restitutione
955 4886 1165 4941 salutis
1197 4888 1362 4957 pater
1384 4886 1442 4939 in
1473 4886 1882 4957 frequentibus
1914 4890 2095 4943 medi-

433 4989 635 5028 corum
669 4976 1159 5032 conductionibus
1180 4976 1509 5046 portionem
1533 4992 1659 5030 suae
1682 4977 2092 5033 substantiola:

436 5061 663 5131 absque
693 5064 810 5118 ullo
841 5065 1106 5133 profectu
1140 5080 1205 5118 se
1238 5080 1525 5135 erogasse
1549 5065 1799 5134 dolebat,
1823 5082 1930 5120 nec
1954 5067 2094 5137 quid

432 5151 761 5205 intenderet
781 5154 1041 5223 reperire
1061 5154 1312 5209 valebat.
1337 5153 1402 5208 In
1420 5154 1530 5209 hac
1549 5154 1742 5225 itaque
1763 5156 2097 5211 maestiﬁca-

2235 1973 2367 2027 quze
2388 1956 2514 2027 jam
2548 1955 2801 2009 civitatis
2832 1970 3045 2026 magna
3075 1959 3239 2024 parte
3273 1955 3611 2025 combusta,
3645 1954 3867 2009 furenti-

2231 2045 2347 2099 bus
2381 2044 2671 2115 siquidem
2704 2044 2977 2113 t‘lammis,
3002 2044 3194 2099 ventis
3226 2044 3609 2116 agitantibus,
3640 2045 3866 2097 invales-

2235 2148 2378 2188 cens
2410 2133 2480 2186 ad
2504 2133 2712 2187 domos
2735 2133 2907 2186 etiam
2926 2148 3108 2202 prope
3127 2132 3315 2186 sancti
3338 2133 3451 2187 viri
3475 2133 3869 2188 monasterium

2233 2223 2380 2276 sitas
2412 2237 2602 2291 usque
2633 2225 3005 2291 pervenerat,
3038 2237 3105 2274 ac
3137 2221 3555 2275 inevitabiliter
3587 2226 3864 2292 correptas

2230 2310 2397 2365 edaci
2417 2310 2791 2380 populatione
2823 2309 3170 2363 involverat.
3196 2309 3325 2364 Jam
3344 2326 3487 2364 vero
3514 2309 3751 2380 majoris
3773 2326 3871 2364 me-

2232 2402 2324 2453 tus
2356 2415 2537 2453 causa
2557 2399 2628 2452 de
2661 2400 2939 2468 suspecta
2970 2398 3167 2467 templi
3204 2399 3666 2470 conﬂagratione
3696 2399 3868 2453 exori-

2227 2492 2341 2543 tur.
2389 2488 2521 2542 Non
2571 2488 2724 2541 enim
2773 2486 3030 2540 fortasse
3076 2486 3315 2540 dubium
3349 2486 3511 2557 quin,
3551 2489 3602 2541 si
3630 2487 3869 2556 proxima

2229 2576 2524 2631 domicilia
2553 2576 2974 2643 cremarentur,
3010 2573 3204 2644 ipsum
3229 2577 3284 2628 et
3307 2576 3723 2630 monasterium
3746 2575 3866 2646 igne

2229 2670 2552 2735 raperetur.
2588 2664 2866 2718 Flammis
2897 2666 3090 2717 autem
3132 2662 3658 2725 invalescentibus,
3693 2666 3863 2717 metus

2228 2754 2475 2823 amplior
2505 2752 2800 2821 incubuit,
2837 2751 3152 2823 globisque
3183 2751 3542 2821 volantibus,
3590 2756 3742 2806 totus
3770 2755 3870 2805 tam

2226 2843 2480 2913 populus
2511 2858 2684 2911 quam
2716 2841 2915 2895 clerus
2949 2840 3182 2910 sublato
3214 2840 3272 2893 in
3298 2841 3506 2894 caelum
3530 2841 3775 2894 clamore
3796 2840 3868 2892 in-

2226 2931 2481 2985 fremuit.
2508 2931 2762 3000 Moxque
2786 2930 2900 2983 duo
2929 2944 3003 2983 ex
3029 2929 3268 2983 clericis
3301 2929 3371 2983 de
3416 2930 3707 2983 sententia
3728 2930 3868 2982 cete-

2226 3036 2449 3080 rorum.
2467 3022 2735 3073 sanctum
2755 3018 3136 3087 sepulchrum
3156 3018 3426 3071 celeriter
3443 3018 3747 3086 adeuntes,
3762 3031 3870 3086 pre-

2227 3112 2459 3180 sumpta
2473 3108 2708 3178 quidem
2725 3107 2795 3161 de
2809 3108 3020 3161 timore
3036 3106 3283 3161 audacia
3303 3106 3530 3160 thecam
3551 3110 3869 3178 argenteam

2225 3197 2590 3252 sanctissimi
2605 3196 2872 3267 corporis
2886 3195 3218 3264 extrahunt,
3236 3196 3581 3266 cursimque
3595 3195 3867 3259 tollentes,

2224 3288 2477 3341 flammis
2509 3285 2842 3340 furentibus
2873 3284 3107 3339 obviam
3130 3285 3343 3339 ferunt.
3369 3284 3578 3339 Statim
3608 3300 3770 3355 ergo,
3795 3282 3868 3335 di-

2222 3377 2360 3429 vina
2391 3376 2697 3429 clementia
2730 3377 3008 3444 operante
3040 3374 3385 3444 meritisque
3417 3374 3608 3428 sancti
3640 3373 3745 3426 viri
3768 3370 3874 3426 suf-

2224 3464 2616 3537 fragantibus,
2648 3464 2723 3516 ita
2749 3465 2907 3517 totus
2938 3463 3097 3534 ignis
3131 3462 3433 3517 submisso
3458 3463 3664 3517 furore
3686 3462 3873 3516 obtor-

2222 3555 2346 3624 puit
2368 3595 2381 3621 ,
2415 3556 2477 3607 ut
2507 3551 2805 3606 rorulento
2848 3552 3105 3621 desuper
3146 3552 3329 3605 imbre
3362 3567 3711 3621 respersum
3743 3549 3873 3604 esti-

2223 3658 2438 3696 mares.
2475 3641 2654 3695 Multa
2700 3642 2873 3694 etiam
2924 3643 3243 3694 occurrunt
3272 3640 3606 3709 referenda,
3644 3639 3747 3694 sed
3777 3654 3873 3691 an-

2219 3734 2396 3802 gusta
2435 3730 2700 3784 brevitas
2752 3729 2931 3783 libelli
2980 3745 3093 3782 non
3141 3730 3377 3798 patitur.
3422 3729 3592 3793 Quod
3636 3744 3773 3783 vero
3810 3726 3873 3779 de

2219 3818 2588 3873 multitudine
2620 3818 2995 3871 diversorum
3020 3818 3422 3889 languentium
3446 3819 3681 3888 loquar,
3707 3816 3801 3888 qui
3822 3815 3875 3867 il-

2221 3908 2318 3962 luc
2359 3907 2570 3962 cotidie
2603 3908 2968 3961 conﬂuentes
3010 3907 3319 3959 sanitatem
3356 3908 3700 3976 rccipiunt?
3737 3904 3873 3969 Quid

2218 3997 2347 4052 hzec
2378 3996 2597 4065 dicam,
2641 4012 2772 4049 cum
2803 3995 3053 4064 amplius
3089 3995 3424 4065 visuquam
3457 3996 3615 4049 dictu
3652 4008 3872 4063 semper

2218 4090 2536 4157 appareant
2557 4088 2583 4138 ‘?
2606 4085 2808 4155 Nuper
2825 4099 2968 4138 sane
2991 4088 3047 4138 et
3068 4100 3159 4138 me
3177 4085 3370 4154 ipsum
3390 4084 3665 4138 febribus
3687 4082 3877 4136 intole-

2217 4177 2481 4230 rabiliter
2496 4175 2856 4229 laborantem
2883 4173 3176 4244 sospitati,
3198 4174 3318 4227 Deo
3337 4173 3581 4245 gratias,
3604 4171 3871 4227 restituit.

2284 4264 2342 4320 8.
2374 4265 2653 4335 Scriptor
2681 4280 2843 4317 suam
2885 4261 3188 4316 subinfert
3228 4261 3580 4317 molestiam.
3632 4260 3875 4315 Maxima

2215 4354 2664 4408 incommoditas
2716 4351 2922 4419 febris,
2975 4367 3106 4421 quae
3156 4367 3247 4405 me
3298 4351 3396 4405 diu
3443 4351 3652 4420 tenuit,
3701 4348 3875 4402 verba

2215 4443 2389 4498 modo
2441 4442 2793 4512 succingere
2844 4441 3019 4513 cogit.
3076 4440 3239 4494 Licet
3284 4441 3439 4494 enim
3490 4440 3663 4494 modo
3711 4437 3875 4509 pulsa

2214 4531 2504 4599 molestia,
2531 4530 2650 4584 Deo
2687 4529 2928 4601 gratias,
2964 4529 3266 4598 paulisper
3297 4530 3355 4583 in
3388 4545 3635 4599 corpore
3668 4541 3875 4581 conva-

2130 4595 2183 4655 D
2215 4621 2475 4687 lescam,
2519 4619 2712 4673 adhuc
2760 4622 2950 4673 tamen
3001 4619 3131 4688 ipso
3180 4618 3406 4672 recenti
3455 4617 3661 4671 dolore
3712 4629 3875 4669 mens

2216 4710 2474 4763 sauciata
2523 4707 2789 4777 labascit,
2843 4723 2952 4761 nec
2997 4707 3049 4759 ei
3095 4707 3286 4760 virtus
3318 4706 3548 4778 integra
3590 4706 3660 4758 ad
3708 4704 3875 4774 plene

2214 4799 2595 4853 scribendum
2635 4796 2874 4851 sufficit.
2925 4796 3122 4867 Hujus
3167 4810 3312 4867 ergo
3364 4795 3638 4866 opusculi
3689 4807 3872 4865 nego-

2211 4889 2354 4943 tium
2386 4887 2590 4942 stricto
2621 4886 2851 4939 kalamo
2883 4885 3113 4939 interim
3145 4900 3595 4955 prosequamur.

2278 4977 2332 5031 9.
2368 4976 2454 5031 De
2477 4981 2680 5030 saneto
2700 4974 3014 5029 Autberto.
3052 4972 3249 5029 Sancti
3276 4973 3548 5028 Autberti
3571 4973 3875 5028 monaste-

2204 5066 2358 5121 rium
2370 5066 2439 5119 ad
2456 5080 2679 5135 paucos
2695 5064 3010 5118 canonicos
3024 5063 3201 5116 situm
3217 5067 3307 5117 est
3322 5063 3471 5117 intra
3485 5062 3676 5116 menia
3691 5060 3879 5113 urbis.

2210 5155 2324 5210 Ubi
2337 5154 2632 5225 siquidem
2646 5153 2985 5223 petentibus
2999 5152 3196 5207 divina
3212 5155 3571 5222 praestantur
3588 5148 3878 5205 beneﬁcia

1722 5315 2017 5378 VARI/E
2069 5314 2559 5378 LECTIONES.

497 5473 660 5554 217a.
694 5487 745 5554 sy.
779 5491 837 5532 v.
873 5476 1248 5554 s.‘pr_._inter
1276 5476 1472 5554 lineas
1502 5484 1706 5537 auctor
1734 5478 1882 5554 ipse.
1903 5471 2020 5554 ﬁt?
2046 5478 2201 5533 ΧΧοο
2215 5476 2551 5554 ΥΙΙοᾉΙιθὸρι
2583 5476 2633 5550 1,
2670 5475 2772 5532 ubi
2802 5478 3097 5534 incertum
3138 5482 3328 5533 utrum
3372 5473 3502 5530 VlI°
3540 5472 3614 5531 ad
3662 5486 3880 5530 annum

420 5548 751 5623 pertineat,
786 5564 860 5602 an
889 5546 979 5603 sit
1003 5548 1136 5604 dies
1167 5549 1388 5609 Iduum.
1425 5552 1588 5609 Idem
1613 5546 1870 5626 prorsus
1889 5551 2110 5607 habent
2137 5550 2378 5623 reliqui.

2021 5667 2280 5737 ΝΟΤΛΕ

496 5750 646 5830 (257)
678 5752 719 5812 l.
755 5767 806 5811 e.
842 5749 1124 5833 studium,
1158 5747 1426 5828 affectus,
1460 5755 1543 5829 ut,
1577 5770 1615 5825 ι,
1644 5749 1697 5813 7.
