4098 6196
245 360 343 426 129
1542 349 1799 414 LIBER
1840 348 2311 412 SECUNDUS.
3509 346 3627 413 180

247 548 307 614 et,
322 543 425 598 Deo
445 539 802 609 cooperante,
820 537 890 591 ad
906 537 1000 592 sui
1015 534 1389 591 confessoris
1402 533 1655 606 gloriam
1675 533 1855 587 multa
1878 540 1939 599 Α
1969 532 2081 598 tes,
2117 531 2215 601 qui
2238 530 2617 602 supraposito
2637 530 2930 601 pontiﬁcis
2962 548 3078 587 non
3099 532 3456 604 adquievere
3488 550 3627 590 con-

247 636 364 688 tiunt
391 628 658 700 prodigia,
695 643 829 697 quae
868 626 1096 680 ratitate
1137 625 1493 694 scriptorum
1536 625 1591 676 et
1621 621 1857 694 ignavia
1965 619 2122 673 silio.
2158 620 2422 674 Necdum
2445 621 2601 674 enim
2622 619 2812 674 tribus
2844 621 3083 677 milibus
3106 622 3299 678 iterab
3319 625 3467 680 urbe
3490 640 3625 680 con-

248 720 501 776 memOria:
524 720 743 771 certum
767 720 857 770 est
881 731 1020 770 esse
1043 715 1295 769 sublata.
1968 707 2251 778 fecerant,
2288 726 2418 763 cum
2443 709 2852 779 abinprovisis
2867 711 3485 783 hostibusintercepti,
3502 715 3625 784 gla-

308 810 376 865 lO.
414 808 485 861 De
505 806 887 860 Hunulcliort.
912 805 1312 858 Transeamus
1342 802 1413 856 ad
1438 802 1865 856 monasterium
1968 797 2063 851 dio
2093 799 2455 854 ceciderunt.
2489 800 2911 855 Monasterium
2942 816 3176 871 quoque
3218 817 3393 855 suum
3440 802 3625 856 dirui-

247 898 401 953 sancti
430 896 577 950 Petri
608 896 663 948 in
725 894 859 947 villa
912 892 1287 946 Hunulchurt
1309 888 1409 960 219,
1458 891 1560 945 ubi
1597 893 1862 945 sanctam
1969 890 2101 953 tur;
2140 891 2257 941 tota
2273 888 2483 942 vicinia
2507 889 2727 943 circum
2753 890 2997 957 etcirca,
3022 891 3625 959 praetermunitiones,

251 986 494 1043 Pollinam
512 984 908 1055 requiescere,
938 983 1160 1052 scripto
1185 979 1875 1052 repperi.Hocnimirnm
1970 979 2121 1033 male
2146 977 2447 1048 deripitur.
2484 977 2863 1033 XEcclesiolae
2895 994 3035 1033 vero
3068 979 3444 1034 reaadiﬁcatm
3479 994 3630 1034 unus

244 1074 571 1141 illustrisvir,
600 1072 962 1126 Amalfridus
979 1071 1233 1138 nomine,
1260 1086 1390 1124 cum
1424 1084 1607 1123 uxore
1640 1068 1870 1123 Childe-
1972 1069 2193 1120 tantum
2226 1067 2511 1121 sacerdos
2559 1070 2765 1137 postea
2808 1068 3043 1138 prefuit,
3086 1068 3347 1139 illudque
3395 1084 3634 1122 sacrum

243 1165 446 1219 bertana
475 1162 737 1215 fundavit
775 1164 872 1229 (an
901 1160 1050 1229 6'17),
1100 1158 1509 1228 deputatisque
1542 1158 1871 1212 sanctimo-
1972 1155 2280 1210 brachium
2309 1156 2461 1226 apud
2487 1172 2596 1210 nos
2621 1157 2812 1211 taliter
2836 1157 3008 1211 hodie
3038 1174 3229 1228 usque
3259 1160 3558 1212 remansit.

243 1253 459 1307 nialibus
489 1250 665 1303 ﬁliam
696 1266 865 1305 suam
896 1249 1217 1303 Aurianam
1275 1247 1582 1318 praefecit;
1635 1247 1867 1317 fuitque
2045 1246 2111 1298 12
2140 1242 2237 1300 ἳἋ.
2264 1245 2351 1298 De
2390 1245 2526 1299 villa
2552 1244 2810 1300 Sanctis.
2873 1246 2995 1299 Nec
3041 1247 3247 1315 procul
3296 1247 3434 1300 hinc
3481 1247 3634 1316 apud

243 1342 352 1395 olim
376 1338 649 1410 religione
673 1339 892 1392 ﬂorens
917 1341 972 1392 et
992 1337 1226 1407 Opibus,
1257 1353 1413 1390 nunc
1444 1339 1660 1405 autem,
1698 1340 1868 1406 post-
1972 1334 2221 1389 Sanctos
2257 1331 2404 1403 (259)
2440 1365 2509 1373 —
2552 1334 2608 1388 id
2640 1336 2771 1388 loco
2804 1335 3157 1389 vocabulum
3189 1366 3257 1375 ——
3303 1336 3635 1405 puellarum

242 1447 382 1500 quam
406 1429 543 1482 viris
577 1428 931 1482 militaribus
951 1426 1367 1481 beneﬁciatum
1400 1428 1512 1495 est,
1536 1425 1607 1479 ad
1643 1441 1870 1496 paucos
1972 1427 2240 1493 basilica,
2261 1426 2362 1479 ubi
2391 1427 2593 1479 sancta
2616 1423 2928 1479 Saturnina
2959 1425 3232 1494 quiescit,
3261 1425 3510 1480 traditur
3525 1441 3632 1479 ex-

242 1519 518 1571 canonicos
548 1517 876 1571 derivatur.
1972 1517 2186 1570 titisse.
2226 1515 2407 1568 Porro
2440 1514 2567 1567 haec
2592 1514 2762 1585 virgo
2779 1514 2849 1568 de
2866 1513 3172 1568 Germania
3195 1513 3505 1584 praeclaris
3534 1530 3635 1567 na-

295 1607 365 1659 li.
386 1605 459 1646 ‘32")
487 1605 572 1660 De
603 1605 740 1659 villa
772 1605 1012 1659 Barala.
1039 1605 1101 1657 In
1132 1604 1264 1658 vico
1287 1605 1463 1658 etiam
1495 1605 1595 1675 qui
1653 1604 1862 1658 Barala
1971 1606 2189 1660 talibus
2221 1608 2365 1671 orta,
2394 1621 2425 1657 a
2457 1604 2705 1674 pueritia
2742 1620 2912 1657 suam
2953 1603 3350 1674 virginitatem
3382 1602 3630 1657 Domino

241 1695 359 1763 (258)
380 1695 443 1747 ab
476 1695 687 1749 incolis
724 1710 935 1748 nomen
958 1694 1204 1764 accepit,
1240 1693 1663 1748 monasterium
1687 1709 1867 1748 cano-
1974 1695 2154 1749 vovit.
2187 1693 2371 1757 Quam
2403 1709 2534 1747 cum
2560 1696 2833 1762 parentes
2857 1693 3030 1763 juxta
3073 1692 3246 1746 ritum
3285 1692 3635 1746 saecularem

238 1785 355 1838 nicze
372 1784 847 1856 congregationis
872 1783 1080 1852 extitit,
1101 1783 1442 1837 aClodoveo
1466 1782 1703 1852 quidem
1721 1798 1864 1854 rege
1973 1785 2246 1838 maritare
2279 1783 2680 1852 disponerent,
2709 1782 3102 1853 integritatem
3130 1781 3375 1851 pudoris
3408 1781 3634 1836 caelesti

243 1876 288 1925 ut
315 1872 492 1926 ferunt
520 1873 840 1941 conditum,
892 1876 947 1926 et
969 1888 1001 1925 a
1030 1872 1202 1927 beato
1254 1870 1511 1925 V’edasto
1553 1872 1611 1925 in
1643 1870 1867 1925 honore
1974 1889 2200 1943 sponso
2233 1888 2474 1927 servare
2499 1872 2746 1940 malens,
2772 1870 2976 1925 viriles
2999 1871 3289 1924 thalamos
3313 1870 3518 1939 procul
3538 1871 3638 1925 ab-

241 1961 397 2014 sancti
425 1960 666 2033 Georgii
726 1965 1159 2016 consecratum.
1198 1959 1320 2014 Illic
1361 1960 1517 2014 enim
1555 1959 2223 2033 brachiumDhorruit.
2284 1962 2506 2015 Videns
2562 1964 2757 2015 autem
2823 1962 2959 2031 quia
3035 1964 3132 2013 aut
3204 1958 3488 2014 voluntati
3548 1974 3643 2029 pa-

242 2049 475 2119 ejusdem
496 2050 758 2105 martiris
789 2050 1136 2105 habebatur.
1164 2050 1291 2104 Hoc
1312 2052 1506 2104 autem
1528 2049 1867 2119 locupletis-
1897 2047 1949 2066 υ
1978 2055 2206 2107 rentum
2222 2066 2339 2106 non
2370 2053 2576 2121 posset
2606 2050 2889 2105 resistere
2908 2053 3005 2103 aut
3027 2049 3285 2119 protervi
3311 2047 3519 2118 sponsi
3542 2064 3640 2118 ap-

243 2138 424 2192 simum
445 2144 496 2192 et
511 2139 851 2195 venerabile
866 2140 1154 2194 columnae
1174 2154 1540 2207 marmoreae,
1566 2141 1620 2192 et
1634 2138 1871 2209 antiqua
1977 2142 2222 2212 petitum
2253 2142 2524 2207 evadere,
2558 2156 2589 2193 a
2621 2140 2885 2210 paternis
2916 2138 3146 2193 mdibus
3170 2138 3416 2193 latenter
3432 2152 3639 2209 egres-

240 2227 450 2297 pulchra
472 2228 720 2281 aediﬁcia
753 2244 885 2299 quae
917 2227 1110 2282 adhuc
1140 2231 1483 2297 supersunt,
1532 2227 1723 2282 fuisse
1782 2232 1872 2281 te-
1980 2246 2048 2284 sa
2079 2230 2279 2302 fugam
2309 2230 2454 2299 iniit;
2494 2232 2568 2298 et,
2602 2229 2674 2284 ad
2708 2228 2856 2283 hanc
2897 2228 3173 2282 viciniam
3204 2242 3394 2301 usque
3425 2241 3639 2296 perve-

239 2318 448 2371 stantur.
466 2316 527 2369 In
541 2317 757 2371 diebus
773 2321 967 2371 autem
983 2316 1288 2371 Dodilonis
1308 2317 1579 2386 episcopi
1596 2316 1780 2386 (circa
1802 2332 1874 2369 an

238 2402 341 2473 881)
380 2406 644 2460 videntes
694 2407 960 2461 canonici
994 2406 1473 2461 Normannorum
1520 2406 1872 2460 bachaniam

242 2493 369 2547 circa
396 2494 558 2548 istam
573 2495 944 2565 provinciam
979 2496 1197 2565 ubique
1211 2496 1505 2564 desevire,
1524 2499 1600 2564 et,
1617 2498 1678 2548 ut
1697 2510 1878 2565 supe-

242 2582 345 2635 rius
366 2583 838 2652 memoravimus,
856 2584 1181 2653 profanatis
1207 2585 1398 2638 sacris
1423 2584 1682 2638 cultibus
1698 2599 1878 2638 sanc-

243 2671 411 2725 tasDei
436 2688 609 2727 casas
635 2672 976 2741 incendere,
1002 2688 1207 2727 sacras
1233 2673 1518 2745 reliquias
1564 2689 1698 2726 cum
1746 2672 1875 2727 suis

243 2760 538 2832 quibusque
562 2762 935 2817 necessariis
953 2764 1011 2816 in
1030 2766 1294 2817 nostram
1313 2762 1646 2817 aecclesiam
1663 2763 1878 2816 attule-

246 2854 369 2918 runt,
398 2850 463 2903 ab
494 2852 632 2922 ipso
656 2851 934 2905 nimirum
976 2852 1255 2923 episcopo
1290 2852 1545 2906 humane
1595 2851 1881 2922 suscepti.

250 2938 344 2991 Ubi
360 2955 450 3009 per
472 2940 714 3012 aliquod
738 2941 1019 3011 temporis
1051 2940 1335 2995 demorati
1356 2956 1488 2994 cum
1505 2940 1653 3010 jam,
1677 2940 1885 2993 adver-

256 3029 512 3084 sariorum
526 3031 946 3085 decessionem
959 3029 1333 3098 arbitrantes,
1358 3030 1431 3085 ad
1443 3045 1552 3085 sua
1572 3025 1893 3099 repedandi

246 3115 500 3172 licentiam
524 3120 922 3192 ﬂagitassent,
940 3120 1150 3174 nolens
1163 3119 1483 3190 episcopus
1506 3118 1594 3173 eis
1611 3118 1885 3189 adquies-

249 3220 376 3274 cere,
408 3207 473 3261 ad
496 3214 733 3277 tempus
765 3209 993 3263 monuit
1008 3206 1396 3263 differendum
1423 3224 1434 3263 :
1459 3224 1600 3263 sane
1625 3207 1885 3261 hostium

246 3309 525 3363 precavere
548 3297 881 3368 perﬁdiam,
899 3313 1103 3352 eorum
1132 3297 1360 3352 reditus
1384 3300 1701 3367 suspectos
1724 3295 1842 3350 doli
1866 3315 1879 3360 ;

1981 2320 2174 2386 niens,
2203 2319 2373 2390 juxta
2404 2319 2728 2389 predictum
2745 2319 2938 2371 vicum
2964 2333 3204 2370 cursum
3228 2316 3361 2369 vitae
3380 2314 3643 2368 martirio

1982 2409 2433 2463 consummavit.
2472 2409 2618 2460 Nam
2653 2408 2741 2460 vir
2774 2407 2867 2459 ille
2899 2407 2992 2458 cui
3016 2409 3177 2475 pacta
3225 2422 3256 2457 a
3298 2403 3642 2472 parentibus

1985 2505 2127 2565 erat,
2152 2498 2441 2567 palentem
2474 2512 2662 2567 usque
2694 2497 2765 2550 ad
2798 2496 2992 2566 ipsum
3050 2494 3244 2548 locum
3291 2494 3643 2563 persecutus

1987 2590 2097 2642 est.
2131 2587 2313 2653 Quem
2346 2602 2478 2641 cum
2510 2591 2643 2657 post
2665 2589 2896 2655 tergum
2927 2584 3101 2655 virgo
3130 2582 3489 2637 venerabilis
3511 2580 3648 2635 emi-

1987 2693 2102 2731 nus
2137 2676 2572 2747 prOSpexisset,
2608 2680 2722 2729 tota
2765 2674 3083 2740 intremuit,
3127 2675 3183 2727 et
3229 2671 3523 2742 quomodo
3577 2686 3647 2725 se

1989 2766 2292 2823 morsibus
2324 2764 2659 2820 infestantis
2691 2763 2897 2817 bestim
2930 2777 3223 2829 exemere,
3255 2760 3465 2814 nescit.
3498 2758 3648 2824 Quid

1990 2858 2146 2911 enim
2178 2856 2427 2910 faceret?
2459 2854 2613 2921 Mox,
2643 2855 2721 2907 uti
2750 2852 3103 2907 eratanimal
3137 2850 3411 2921 simplex,
3443 2850 3647 2919 pasto-

1991 2946 2162 3000 ribus
2194 2946 2292 3015 qui
2325 2944 2462 2998 illuc
2483 2959 2727 3015 gregem
2758 2942 3099 3013 pascebant,
3133 2938 3551 2994 abscondenda
3583 2952 3649 2994 se

1994 3036 2315 3097 interserit,
2351 3035 2657 3104 taliterque
2694 3034 3056 3103 quaerentem
3103 3030 3285 3084 latere
3332 3027 3646 3082 estimavit.

1992 3125 2157 3189 Quod
2186 3128 2381 3179 tamen
2420 3122 2665 3193 juvenis
2697 3123 3045 3189 aucupatus,
3079 3122 3139 3172 ut
3169 3119 3343 3187 lupus
3375 3116 3649 3171 esuriens

1991 3231 2173 3285 super
2217 3215 2590 3267 innocentem
2640 3209 2931 3265 oviculam
2979 3208 3167 3275 irruit,
3218 3206 3650 3277 evaginatoque

1991 3305 2186 3377 gladio
2211 3302 2541 3357 decollavit.
2568 3301 2710 3367 Quae
2735 3315 2888 3362 mox,
2908 3301 2972 3352 ut
2992 3296 3308 3368 antiquitas
3324 3295 3644 3349 relatorum

249 3397 305 3435 ne
331 3388 533 3439 temere
567 3387 884 3441 crederent
906 3403 1073 3440 vanae
1097 3386 1377 3457 opinioni,
1414 3391 1632 3440 certam
1657 3385 1880 3440 securi-
1914 3389 1964 3451 C
1990 3393 2165 3448 audet
2201 3406 2494 3457 asserere,
2530 3389 2833 3460 proprium
2865 3390 3038 3457 caput
3068 3384 3341 3439 manibus
3370 3382 3648 3453 sumpsit,

247 3474 392 3526 tatem
405 3474 605 3543 potius
627 3478 1023 3544 expectarent.
1040 3475 1361 3529 Audientes
1384 3490 1527 3546 ergo
1550 3474 1639 3528 sic
1658 3474 1882 3543 episco-

246 3574 376 3626 pum,
391 3566 736 3617 manserunt
755 3563 1115 3634 aliquandiu.
1136 3565 1347 3637 Paucis
1371 3580 1511 3616 vero
1528 3567 1657 3632 post
1672 3563 1883 3617 diebus

251 3648 611 3720 interpositis,
647 3652 857 3706 iterum
895 3652 1112 3706 adeunt
1133 3652 1499 3721 episcopum,
1545 3654 1887 3706 asserentes

251 3736 452 3792 hostem
473 3741 792 3809 excedere,
837 3742 1032 3794 omnia
1060 3744 1201 3807 tuta,
1238 3758 1515 3794 securum
1554 3741 1729 3794 etiam
1770 3739 1887 3793 sibi

254 3830 426 3894 patere
442 3845 777 3883 recessum.
807 3829 891 3883 Ad
909 3846 1059 3901 quos
1072 3830 1419 3898 episcopus:
1443 3852 1462 3873 ‹‹
1480 3828 1779 3895 Quaenam,
1796 3828 1888 3881 in-

251 3917 369 3986 quit,
401 3934 503 3972 vos
529 3923 728 3972 movet
751 3919 1082 3973 temeritas?
1112 3918 1277 3984 Quod
1296 3918 1588 3986 asseritis,
1625 3933 1742 3971 non
1757 3932 1887 3971 cre-

253 4002 330 4075 do,
348 4006 446 4060 sed
469 4007 734 4062 fortasse
766 4023 877 4062 vos
909 4007 1054 4061 fallit
1072 4007 1291 4077 Opinio;
1316 4022 1482 4060 mane
1515 4006 1726 4075 adhuc,
1760 4020 1889 4059 mo-

250 4109 360 4162 neo,
384 4099 548 4165 state,
588 4096 902 4167 nihilapud
936 4112 1027 4150 me
1046 4097 1269 4150 vestris
1301 4096 1513 4150 usibus
1535 4095 1767 4150 interim
1789 4094 1890 4148 de-

254 4180 420 4238 fuerit.
454 4186 641 4240 Porro
673 4202 826 4257 gens
842 4185 938 4239 illa
959 4185 1127 4239 ferox
1151 4189 1243 4240 est
1263 4189 1318 4238 et
1348 4185 1738 4255 callida,nulli
1759 4200 1890 4254 par-

251 4286 391 4343 cens;
413 4274 466 4328 si
506 4275 727 4328 incauti
761 4272 1111 4342 incideritis,
1154 4273 1441 4328 maturior
1472 4289 1659 4328 ausus
1692 4274 1888 4328 serio-

257 4377 359 4414 rem
386 4363 500 4417 luet
543 4364 985 4435 paenitentiam.
1014 4386 1036 4410 »ι
1090 4362 1213 4417 Illis
1234 4366 1428 4418 autem
1452 4367 1653 4417 contra
1678 4363 1891 4418 obnixe

252 4449 650 4521 ﬂagitantibus,
685 4456 743 4507 et
773 4452 966 4506 omnia
998 4452 1338 4522 tutaprocul
1368 4452 1547 4506 dubio
1578 4451 1892 4523 astipulan-

249 4537 404 4607 tibus,
443 4541 682 4612 adjecit:
721 4540 862 4596 Cum
910 4541 1038 4595 haec
1068 4542 1151 4594 ita
1183 4541 1265 4596 sit
1302 4547 1503 4596 vestra
1563 4543 1881 4607 sententia,

255 4626 471 4684 estolin
514 4637 718 4684 vestra
750 4646 922 4684 manu
967 4629 1461 4684 deliberationem
1504 4630 1784 4699 contituo;
1817 4630 1893 4684 i1-

256 4714 340 4769 Iud
367 4725 554 4773 tamen
582 4720 801 4791 pignus
824 4718 1095 4789 preciosi
1113 4718 1352 4772 brachii
1380 4718 1534 4789 apud
1561 4735 1653 4772 me
1672 4721 1896 4773 retine-

1990 3481 2324 3552 populoque
2338 3482 2640 3549 spectante
2657 3492 2844 3548 usque
2858 3476 2917 3530 in
2940 3475 3272 3530 (ecclesiam
3288 3489 3421 3544 quae
3442 3472 3502 3527 in
3521 3472 3655 3541 ipsa

1991 3571 2128 3624 villa
2160 3570 2220 3623 in
2249 3569 2474 3623 honore
2516 3568 2704 3622 sancti
2760 3565 3015 3637 Remigii
3041 3563 3246 3618 aderat
3302 3561 3650 3632 deportavit.

1991 3660 2081 3713 Ad
2113 3660 2288 3730 cujus
2313 3673 2457 3729 ergo
2487 3656 2925 3712 venerationem
2949 3671 2982 3707 a
3012 3652 3288 3707 ﬁdelibus
3313 3649 3654 3706 christianis

1993 3749 2144 3803 facto
2177 3747 2556 3817 monasterio,
2590 3745 2871 3816 puellaris
2910 3742 3293 3813 congregatio
3325 3739 3652 3810 delegatur,

1992 3840 2119 3909 sed,
2139 3838 2423 3909 predictis
2446 3837 2649 3891 causis
2682 3830 3300 3903 intercipientibus,ad
3333 3828 3510 3882 unius
3532 3843 3659 3896 pre-

1992 3929 2200 3984 sbiteri
2232 3926 2586 3998 obsequium
2617 3925 2925 3996 redigitur.
2964 3922 3068 3976 Est
3098 3924 3291 3975 autem
3313 3918 3655 3989 antiquare-

1990 4017 2127 4072 latio
2152 4018 2309 4088 quod
2340 4016 2519 4086 longo
2544 4016 2679 4085 post
2717 4017 2981 4081 tempore
3033 4010 3322 4076 Saxones,
3357 4008 3651 4063 incertum

1991 4123 2106 4178 qua
2136 4122 2336 4174 causa,
2383 4105 2455 4158 ad
2493 4105 2645 4157 hanc
2693 4102 2966 4155 viciniam
3015 4099 3401 4165 devenerunt,
3437 4100 3495 4151 et
3551 4111 3659 4166 per

1991 4197 2187 4266 ipsum
2242 4195 2437 4249 vicum
2485 4193 2881 4257 transeuntes,
2950 4189 3146 4243 audita
3192 4186 3430 4257 quidem
3489 4199 3661 4239 sacra

1994 4285 2287 4358 Opinione,
2345 4285 2570 4354 partem
2609 4280 2880 4350 corporis
2936 4292 3127 4331 sacrae
3175 4273 3429 4349 virginis
3452 4288 3658 4343 aspor-

1993 4377 2207 4430 tarunt.

2068 4465 2155 4519 13.
2185 4463 2274 4517 De
2296 4460 2657 4517 monasterio
2670 4461 2891 4513 sanctae
2903 4454 3118 4511 Mariae
3135 4448 3654 4509 Atrebatensium.

2002 4554 2319 4610 Veniamus
2348 4566 2505 4604 nunc
2534 4548 2607 4603 ad
2626 4546 3017 4602 Atrebatense
3046 4543 3428 4610 territorium,
3460 4539 3659 4595 Mona-

2002 4644 2247 4698 sterium
2277 4656 2529 4710 namque
2561 4641 2784 4693 sanctae
2816 4634 3040 4704 Mariae,
3063 4633 3162 4688 ubi
3184 4631 3474 4703 quondam
3509 4643 3662 4699 pon-

2003 4732 2237 4786 tiﬁcalis
2261 4728 2555 4783 cathedra:
2604 4726 2969 4797 principatus
3002 4723 3210 4789 fuerat,
3270 4718 3662 4792 quadraginta

256 4802 333 4871 bo;
356 4806 726 4878 hocquodam
760 4807 1039 4877 presagio
1070 4806 1143 4859 ita
1168 4807 1493 4877 disponens
1522 4808 1706 4877 ne,si,
1743 4807 1886 4862 vide-

2007 4822 2326 4877 canonicos
2360 4819 2557 4872 habet.
2592 4816 2738 4869 Illud
2770 4829 2911 4868 vero
2959 4810 3263 4866 Modernis
3295 4808 3507 4862 diebus
3541 4808 3664 4861 Ro-

257 4891 392 4963 licet,
442 4896 602 4966 quod
657 4900 865 4966 postea
908 4897 1181 4965 probavit
1239 4898 1507 4964 eventus,
1570 4896 1895 4952 adversarii

260 4979 627 5054 incursarent,
681 4985 999 5038 thesaurus
1038 4985 1177 5037 tanti
1238 4984 1520 5054 ponderis
1559 4985 1896 5055 disperiret,

261 5072 490 5142 Accepta
512 5073 707 5144 itaque
732 5073 1073 5145 huiusmodi
1104 5073 1356 5138 liceniia,
1394 5074 1613 5141 paratis
1645 5074 1898 5144 viaticis,

262 5172 373 5213 cum
420 5165 579 5215 tanta
609 5162 1005 5217 obstinatione
1034 5177 1298 5216 remeare
1322 5164 1647 5232 cmperunt,
1672 5162 1905 5217 demen-

2007 4913 2228 4975 dull‘us,
2255 4909 2443 4979 ipsius
2457 4901 3178 4966 ecclesimthcsaurarius,
3196 4897 3444 4953 concilio
3467 4896 3665 4951 domui

2007 4999 2252 5055 Gerardi
2283 4996 2548 5067 episcOpi
2572 4992 2887 5063 ampliavit;
2905 4992 3184 5059 essetque
3214 4987 3383 5041 locus
3416 5001 3666 5040 venera-

2005 5090 2145 5145 bilis
2178 5092 2232 5143 et
2264 5085 2766 5154 minusindigens,
2789 5079 2903 5134 nisi
2936 5079 3201 5133 fastuosa
3216 5075 3669 5131 Flandrensium

2006 5177 2239 5234 comitis
2261 5174 2627 5239 excellentia,
2663 5168 2972 5242 quaajuxta
2996 5166 3417 5237 supereminet,
3453 5164 3668 5219 adver-

1554 5292 1857 5356 VARUE
1898 5291 2365 5355 LECTIONES

318 5413 389 5498 ﬁ?
416 5418 810 5498 Hunulcburh
830 5419 881 5473 1.
904 5418 957 5474 3.
985 5418 1413 5498 Honulfocurte
1524 5417 1927 5498 Honullicunte
1949 5419 2002 5473 2.
2143 5419 2470 5498 noq‘cap-ut,
2504 5416 2697 5498 primo
2714 5421 2942 5498 septem
2959 5413 3142 5498 lineis
3161 5409 3695 5498 comprehenqnin,'

262 5495 444 5570 auctor
464 5496 672 5570 postea
698 5490 999 5570 ina-ascita
1032 5497 1206 5562 atque
1237 5488 1477 5570 scedula
1501 5491 1845 5570 annexaita
1876 5489 2203 5570 ampliavit.
2234 5486 2315 5533 931

2401 5490 2466 5544 Oc
2493 5482 2665 5558 caput
2688 5482 2885 5559 primo
2914 5491 3161 5558 quatuor
3189 5482 3375 5539 lineis
3404 5494 3672 5550 compre-

263 5556 484 5616 hensam
517 5567 721 5616 auctor
750 5561 879 5632 ipse
908 5561 970 5614 in
1001 5556 1216 5616 rasbra
1236 5567 1296 5615 et
1328 5561 1389 5615 in
1421 5561 1694 5633 margine
1726 5563 1809 5617 ita
1832 5556 2159 5633 ampliavit.

1811 5678 2068 5743 NOT/E

319 5811 459 5883 (258)
488 5814 734 5887 Baralle,
769 5817 923 5872 inter
941 5813 1215 5869 Cambrai
1248 5816 1307 5869 et
1337 5814 1543 5870 Arras.
1573 5810 1752 5871 Conv.

2082 5809 2230 5881 (259)
2252 5804 2918 5880 Sains-les-Marquion.
2945 5803 3030 5859 Ls
3046 5799 3229 5857 Gnn.
