4106 6184
233 374 343 438 133

1562 375 1819 439 LIBER
1872 375 2339 441 SECUNDUS.

3553 386 3669 450 134

224 576 444 631 dicunt.
472 576 811 632 Notandum
830 594 972 633 vero
1003 580 1159 650 quod
1188 580 1358 633 locus
1417 577 1531 633 iste
1563 577 1885 648 antiquitus
1916 558 1975 619 Α
2002 576 2159 632 libus
2192 580 2547 651 regulariter
2576 581 2880 653 institutis,
2916 583 3278 639 abbatissam
3309 585 3544 642 nomine
3566 585 3669 642 Er-

225 665 371 720 adeo
390 667 782 736 preminebat,
819 672 879 722 ut
908 667 981 722 ab
1000 683 1068 723 eo
1087 668 1278 723 omnis
1311 670 1516 722 nostra
1533 668 1700 739 regio
1719 668 1893 722 etiam

221 770 413 824 usque
446 755 505 808 in
538 771 793 825 presens
817 757 1058 829 Belgica
1089 757 1408 811 diceretur.

288 843 377 897 ‘35.
416 844 503 897 De
542 845 671 897 vico
718 844 998 898 Hasnum.
1034 846 1094 898 In
1126 846 1254 899 vico
1289 846 1461 899 etiam
1484 861 1659 916 quem
1692 845 1892 899 dicunt

224 932 493 986 Hasnum
514 933 749 987 abbatia
775 933 960 988 fuerat
982 935 1201 1004 regalis
1225 935 1362 988 olim
1382 936 1554 1005 atque
1575 935 1892 1005 ditissima,

220 1021 320 1075 ubi
352 1038 426 1075 ex
462 1023 715 1076 maxima
756 1025 921 1092 parte
952 1023 1336 1093 requiescunt
1369 1039 1617 1095 corpora
1657 1028 1892 1077 sancto-

222 1125 353 1163 rum
378 1110 709 1165 Marcellini
733 1116 789 1165 et
810 1112 986 1166 Petri.
1018 1112 1187 1166 Nunc
1210 1115 1403 1167 autem
1426 1113 1748 1183 degeneris
1773 1128 1893 1165 sre-

216 1198 331 1252 cnli
361 1200 636 1253 moribus
657 1200 910 1270 viciatis,
944 1201 1043 1255 ubi
1075 1204 1211 1254 tunc
1236 1201 1435 1256 clerici
1486 1202 1655 1272 pauci
1682 1201 1893 1255 deser-

216 1287 401 1355 viunt,
438 1288 769 1345 desolatam
790 1292 848 1343 et
877 1290 1111 1360 inopem
1141 1291 1548 1345 condolemus.

294 1378 385 1433 25.
423 1381 515 1435 De
564 1378 917 1433 Marceniis.
952 1378 1122 1448 Apud
1153 1379 1349 1432 villam
1391 1394 1627 1449 quoque
1660 1379 1892 1433 Marce-

217 1475 347 1527 nias
410 1468 586 1538 (2'71),
636 1468 807 1540 virgo
864 1464 945 1507 333
1001 1468 1105 1521 Dei
1165 1468 1431 1539 gloriosa
1474 1468 1779 1523 Rictrudis
1823 1484 1896 1522 ex

219 1560 482 1631 prapriis
516 1557 734 1628 opibus
756 1561 811 1610 et
842 1556 1085 1625 praediis
1118 1557 1368 1611 consilio
1400 1556 1589 1611 sancti
1618 1557 1890 1627 Amandi,

220 1652 317 1721 qui
340 1653 487 1702 tunc
508 1647 795 1717 temporis
820 1646 1075 1716 insignis
1098 1644 1446 1714 habebatur,
1467 1646 1894 1701 monasterium
1932 1714 1935 1715 ν

219 1738 458 1805 struxit,
484 1737 586 1790 ubi
606 1734 1156 1789 sanctimonialibus
1174 1734 1246 1787 ad
1261 1734 1643 1788 serviendum
1664 1735 1895 1806 delega-

218 1830 313 1895 tis,
349 1829 486 1896 ipsa
525 1825 701 1879 etiam
722 1823 1025 1877 abbatissa
1056 1822 1319 1877 habenas
1351 1823 1662 1894 regiminis
1694 1823 1891 1879 mode-

217 1920 337 1971 rata
373 1919 491 1970 est.
524 1915 591 1970 In
623 1914 797 1983 cujus
828 1912 946 1966 vita
977 1911 1313 1981 plurimum,
1339 1915 1547 1982 etpost
1575 1912 1752 1966 vitam
1783 1912 1891 1966 ali-

217 2005 569 2077 quantulum
599 2002 807 2073 religio
840 2001 1045 2070 crevit,
1094 2017 1363 2071 ususque
1423 2002 1893 2059 ecclesiasticus

220 2091 870 2166 regulariteradolevit.
892 2090 1103 2145 Seculo
1148 2092 1341 2145 autem
1361 2106 1618 2161 semper,
1655 2094 1716 2144 ut
1746 2090 1891 2144 dixi-

218 2199 372 2250 mus,
409 2184 471 2234 in
501 2180 763 2234 deterius
789 2179 1021 2248 viciato,
1050 2178 1312 2249 ipsarum
1361 2181 1535 2233 etiam
1559 2180 1889 2250 puellarum

217 2270 363 2326 ordo
396 2270 609 2323 viciari
641 2274 696 2322 et
726 2269 1035 2339 depravari
1086 2272 1379 2339 cmperat;
1427 2267 1668 2339 jamque
1700 2269 1891 2340 magis

220 2378 283 2414 ac
316 2359 518 2433 magis
549 2358 904 2428 depravatus
937 2373 1066 2412 mos
1096 2358 1151 2410 in
1211 2357 1493 2430 degeneri
1549 2358 1891 2428 posteritate

222 2464 413 2519 usque
446 2449 506 2501 in
536 2461 790 2517 presens
820 2446 1151 2500 duraverat.
1173 2446 1378 2517 Nuper
1399 2463 1541 2501 vero
1568 2446 1892 2518 jamdictus

218 2538 403 2592 abbas
440 2536 828 2604 Leduwinus,
862 2534 1122 2589 Gerardo
1146 2535 1431 2605 episoOpo
1464 2538 1519 2589 et
1548 2536 1892 2589 marchione

221 2626 507 2680 Balduino
542 2624 975 2695 satagentibus,
1028 2624 1278 2677 feminas
1337 2625 1590 2694 turpiter
1618 2624 1892 2678 viventes

220 2715 499 2769 mundato
534 2716 665 2767 loco
698 2712 1050 2779 exturbavit,
1085 2727 1153 2765 ac
1189 2713 1507 2766 monachos
1538 2714 1637 2783 qui
1680 2713 1891 2767 melius

225 2807 275 2859 et
304 2803 663 2875 religiosius
679 2799 759 2841 ἓὶῑ
780 2802 902 2855 Deo
920 2806 976 2855 et
1007 2801 1309 2871 prelibatee
1330 2800 1572 2872 virgini,
1599 2818 1731 2872 quae
1778 2801 1891 2855 ibi—

221 2894 349 2947 dem
381 2892 662 2963 quiescit,
700 2891 1061 2957 deserviant,
1099 2891 1418 2945 constituit.

282 2979 374 3035 2‘7.
435 2981 522 3033 De
576 2979 907 3050 Hamatgia.
967 2979 1090 3033 Nec
1150 2981 1354 3048 procul
1412 2979 1570 3049 hinc,
1636 2980 1691 3033 in
1753 2979 1893 3034 villa

1921 1787 1976 1851 Β

2006 669 2374 723 mentrudem
2393 670 2680 739 praefecit.

2072 756 2157 810 ‘29.
2219 756 2308 811 De
2353 758 2490 813 villa
2524 760 2774 831 Haspro.
2834 761 2958 827 Quo
3016 766 3277 832 tempore
3342 763 3665 819 Normanni

2004 845 2254 899 maxime
2300 848 2537 916 quidem
2596 848 2704 903 Rol
2762 855 3007 920 tyranno
3056 851 3357 905 incentore
3418 867 3525 921 per
3556 853 3669 907 hoc

2011 949 2281 1005 regnum,
2319 940 2377 989 ut
2408 952 2513 1005 per
2541 937 2673 1007 alia,
2700 938 3077 1008 desevierint,
3096 942 3150 994 et
3169 955 3278 995 ceu
3314 955 3492 1009 supra
3512 940 3667 994 dixi-

2004 1038 2134 1077 mus
2153 1023 2212 1092 (ι,
2238 1023 2346 1093 61),
2365 1026 2553 1095 culpis
2575 1027 3029 1081 christianorum
3052 1029 3430 1101 exigentibus
3450 1030 3666 1083 aeccle-

2004 1112 2127 1165 sias
2153 1116 2492 1167 sanctorum
2510 1117 2734 1184 passim
2755 1118 3193 1172 combusserint
3218 1134 3229 1172 :
3256 1121 3429 1173 tantae
3462 1119 3668 1173 formi-

2004 1201 2159 1255 dinis
2191 1205 2797 1274 tempestatecorpora
2817 1210 3173 1267 sanctorum,
3212 1207 3670 1277 Aycadri,vide-

2003 1290 2137 1344 licet
2166 1295 2338 1362 atque
2372 1293 2666 1364 Hugonis,
2718 1295 2788 1347 de
2843 1294 3124 1366 Gemegio
3186 1293 3335 1366 (2'74)
3398 1295 3666 1363 cenobio,

2003 1380 2159 1449 quod
2190 1396 2372 1450 super
2389 1382 2628 1436 ﬂuvium
2648 1383 2977 1454 Sequanam
3001 1401 3116 1438 non
3161 1385 3367 1453 procul
3420 1384 3492 1438 ab
3522 1384 3669 1438 urbe

2005 1467 2331 1540 Rotomago
2365 1471 2539 1524 situm
2564 1475 2674 1539 est,
2711 1472 2780 1525 ad
2812 1474 3011 1525 villam
3072 1473 3393 1542 Hasprum,
3430 1489 3563 1543 quae
3596 1472 3668 1525 ab

2002 1555 2149 1610 urbe
2180 1562 2381 1612 nostra
2413 1575 2527 1612 non
2552 1561 2685 1630 plus
2708 1576 2880 1631 quam
2904 1561 3107 1615 decem
3134 1561 3371 1615 milibus
3396 1560 3668 1631 dispara-

2004 1647 2116 1711 tur,
2142 1645 2312 1700 allata
2328 1651 2481 1701 sunt.
2507 1648 2688 1711 Quam
2714 1650 2909 1702 villain
2933 1654 3125 1703 utrum
3149 1650 3219 1703 ab
3244 1652 3409 1703 antea
3424 1664 3670 1719 posses-

2007 1748 2133 1786 sam
2150 1734 2531 1805 subjacuisse
2556 1737 2860 1806 prwlibato
2886 1738 3262 1805 monasterio,
3286 1754 3359 1791 an
3373 1742 3512 1791 tunc
3532 1740 3671 1791 tem-

2005 1822 2169 1891 poris
2191 1826 2289 1877 aut
2305 1839 2337 1876 a
2356 1840 2497 1896 rege
2519 1828 2617 1880 aut
2638 1842 2670 1879 a
2697 1826 2957 1897 quolibet
2978 1827 3241 1896 principe
3265 1842 3371 1895 pro
3410 1826 3669 1880 remedio

2006 1911 2215 1966 anima)
2242 1914 2622 1984 receptationi
2648 1917 2986 1968 sanctorum
3006 1916 3276 1968 traditam
3299 1914 3489 1969 fuisse
3511 1914 3669 1967 dica-

2004 2016 2157 2070 mus,
2184 2002 2471 2055 incertum
2488 2007 2599 2057 est.
2628 2002 2714 2056 Ex
2736 2002 2832 2057 his
2881 2007 3038 2057 certe
3067 2004 3278 2057 beatus
3310 2002 3666 2073 Aycadrius,

2004 2106 2036 2142 a
2068 2094 2273 2144 sancto
2307 2090 2585 2146 Filiberto
2619 2091 2890 2162 ejusdem
2922 2093 3148 2147 cenobii
3208 2093 3416 2146 abbate
3449 2092 3669 2161 proba-

2001 2178 2234 2233 tissimo
2268 2180 2453 2234 abbas
2486 2182 2658 2235 etiam
2690 2182 3070 2249 constitutus,
3119 2182 3384 2251 regimen
3428 2195 3669 2234 sacrum

2001 2269 2232 2339 agebat,
2271 2269 2527 2339 vitaeque
2565 2270 2834 2323 moribus
2868 2273 2919 2322 et
2944 2270 3224 2323 virtutum
3258 2269 3670 2323 coruscatione

2002 2356 2283 2428 fulgebat.
2310 2359 2399 2410 Ad
2417 2357 2593 2428 cujus
2612 2359 2761 2428 piam
2781 2359 3292 2412 conversationem
3314 2359 3556 2411 sanctus
3575 2357 3670 2410 vir

2002 2445 2231 2499 Domini
2252 2446 2425 2517 Hugo
2446 2447 2908 2518 Rotomagensis
2924 2446 3265 2515 episcopus,
3288 2445 3667 2498 Karlcmanni

2002 2534 2167 2605 regis
2199 2534 2375 2603 illius,
2410 2535 2606 2588 divina
2638 2536 3020 2605 inspiratione
3054 2550 3409 2602 succensus,
3446 2533 3669 2586 relictis

2003 2623 2294 2692 siquidem
2315 2624 2691 2692 episc0patus
2707 2624 2955 2677 habenis
2972 2624 3251 2693 curisque
3275 2622 3668 2677 srecularibus

2002 2711 2310 2780 abdicatis,
2347 2712 2717 2782 disciplinam
2752 2712 3177 2767 monachorum
3209 2715 3264 2766 et
3302 2711 3566 2765 habitum
3598 2726 3670 2764 ex

2002 2804 2121 2855 toto
2137 2801 2431 2855 desiderio
2447 2801 2721 2870 appetivit
2743 2817 2756 2866 ς
2777 2802 3092 2872 sacrisque
3111 2800 3384 2872 magistri
3403 2799 3670 2853 moribus

2002 2889 2373 2959 informatus,
2391 2890 2545 2944 omni
2567 2891 2845 2944 virtutum
2860 2905 3077 2961 genere
3094 2889 3395 2959 perfectus
3411 2888 3668 2942 emicuit.

2002 2979 2190 3032 Ambo
2214 2982 2405 3033 autem
2437 2979 2535 3048 qui
2567 2982 2622 3032 et
2652 2980 2860 3049 quales
2893 2978 3211 3045 extiterint,
3268 2993 3471 3031 eorum
3502 2975 3670 3028 Vitas

219 3070 530 3141 Hamatgia
603 3066 772 3138 (2'72).
852 3069 1024 3122 beata
1082 3083 1317 3139 quoque
1384 3068 1637 3122 Christi.
1674 3069 1891 3123 famula
1924 3066 1973 3126 C
2001 3068 2339 3138 legentibus
2371 3067 2676 3121 evidenter
2705 3067 2979 3120 occurrit.
3045 3066 3152 3119 His
3212 3066 3487 3119 nimirum
3519 3061 3674 3132 apud

223 3159 511 3226 Eusebia,
542 3158 825 3227 predictee
857 3157 1088 3211 scilicet
1117 3157 1368 3228 virginis
1408 3157 1545 3224 ﬁlia,
1608 3174 1681 3213 ex
1710 3159 1892 3213 rebus

220 3246 603 3301 hereditariis
628 3247 965 3301 aacclesiam
997 3247 1230 3317 struxit,
1258 3262 1451 3317 quam,
1480 3248 1891 3302 sanctimonia-

219 3335 378 3389 libus
402 3335 769 3404 constitutis,
804 3336 980 3389 etiam
1003 3336 1131 3406 ipsa
1156 3336 1456 3390 abbatissa
1480 3352 1584 3406 pro
1608 3337 1781 3391 modo
1804 3336 1892 3390 fa-

219 3425 457 3477 cultatis
492 3423 673 3476 multa
706 3440 814 3494 ope
847 3425 1065 3478 dotavit
1094 3442 1105 3487 ;
1142 3440 1272 3494 qua:
1314 3440 1467 3477 nunc
1501 3441 1608 3494 per
1640 3426 1894 3479 saacula-

222 3513 455 3567 ritatem
516 3512 762 3566 multum
822 3513 1082 3582 delapsa,
1148 3515 1244 3566 vix
1304 3530 1526 3582 paucos
1577 3516 1895 3568 canonicos

222 3602 421 3655 habet.

286 3689 377 3743 28.
419 3690 509 3743 De
542 3687 811 3760 Duneug.
853 3689 1085 3743 Rursus
1118 3706 1352 3761 quoque
1394 3691 1448 3743 in
1482 3691 1610 3745 vico
1644 3691 1898 3762 Duncng

222 3777 371 3846 (2'73)
420 3779 595 3832 beata
654 3777 995 3832 Raint‘redis
1054 3795 1127 3833 ex
1181 3782 1271 3833 sui
1331 3779 1485 3849 juris
1544 3780 1723 3833 rebus
1775 3781 1895 3833 cel—

224 3867 335 3919 lam
369 3867 661 3935 fundavit,
698 3870 772 3932 et,
808 3868 1360 3921 sanctimonialibus
1384 3867 1742 3936 constitutis,
1770 3868 1896 3937 ipsa

224 3957 396 4010 etiam
415 3956 727 4009 abbatissa
757 3957 1152 4026 regimonium
1186 3957 1369 4010 duxit.
1414 3957 1578 4009 Hanc
1594 3954 1677 3997 935
1703 3960 1898 4011 autem

224 4050 433 4114 postea
456 4046 833 4099 incumbente
852 4046 1044 4115 inopia
1064 4046 1397 4099 inclinatam
1434 4046 1603 4115 pauci
1628 4046 1896 4101 canonici

224 4134 582 4201 incolebant,
605 4133 793 4188 donec
826 4135 1074 4188 consilio
1108 4134 1303 4188 domni
1336 4136 1582 4189 Gcrardi
1629 4136 1894 4206 episcOpi

2003 3157 2153 3210 hanc
2169 3156 2366 3209 villam
2380 3155 2627 3225 posthac
2645 3153 3475 3221 remanentibus,monasterio
3495 3151 3669 3220 facto,

2004 3246 2310 3298 monachis
2343 3245 2631 3315 delegatis
2656 3286 2670 3313 ,
2726 3243 2796 3296 ad
2830 3243 3060 3295 laudem
3092 3257 3296 3294 eorum
3328 3242 3462 3309 pius
3492 3244 3548 3294 et
3570 3241 3675 3293 mi-

2004 3336 2266 3390 sericors
2302 3335 2457 3388 Deus
2488 3334 2689 3399 multa,
2708 3333 2883 3385 immo
2908 3335 2963 3385 et
2981 3330 3364 3385 celeberrima
3388 3329 3673 3383 virtutum

2003 3423 2273 3495 prodigia
2305 3424 2584 3495 dignatus
2634 3425 2725 3475 est
2756 3420 3011 3490 operari,
3043 3421 3101 3473 in
3132 3420 3359 3472 tantum
3418 3433 3561 3471 sane
3614 3420 3676 3472 ut

2005 3529 2175 3568 nemo
2217 3528 2287 3566 ex
2317 3512 2532 3565 vicinis
2581 3510 2918 3580 potentibus
2977 3512 3077 3561 aut
3134 3508 3191 3560 in
3242 3506 3676 3575 expeditionem

2005 3602 2316 3673 aliquando
2339 3599 2805 3665 transeuntibus,
2827 3598 2943 3652 ulla
2979 3596 3483 3667 presumptionem
3507 3599 3674 3649 ante-

2006 3692 2115 3744 hac
2146 3692 2356 3744 audeat
2389 3690 2677 3759 irrogarc.
2704 3686 2819 3741 Sed
2851 3688 2986 3756 quia
3027 3684 3453 3739 monachorum
3486 3683 3672 3738 abbas

2004 3780 2182 3852 longe
2206 3780 2425 3847 aberat,
2446 3792 2670 3847 eosque
2695 3776 2999 3830 rarissime
3030 3790 3138 3844 pro
3171 3773 3512 3827 difficultate
3534 3773 3674 3827 lon-

2010 3868 2352 3941 ginquitatis
2384 3866 2627 3920 visitare
2660 3864 2907 3929 solebat,
2934 3864 2990 3917 in
3010 3864 3276 3917 libertate
3297 3862 3473 3916 soluti
3492 3877 3680 3915 saecu-

2010 3961 2128 4012 lum
2144 3957 2542 4019 sectabantur,
2566 3954 3103 4023 inregulariterque
3118 3952 3384 4006 viventes
3401 3965 3592 4021 usque
3607 3949 3680 4004 ad

2007 4052 2239 4115 tempus
2264 4045 2508 4099 Gcrardi
2560 4042 2844 4111 episcOpi,
2882 4043 3081 4110 utpote
3139 4041 3364 4110 absque
3425 4041 3677 4111 rectore,

2008 4134 2507 4205 periclitabantur.
2533 4131 2697 4195 Quod
2721 4131 2931 4184 videns
2955 4129 3296 4199 episcopus,
3323 4128 3601 4182 abbatem
3617 4130 3679 4181 ut

220 4226 275 4276 et
300 4223 612 4277 Leduwini
635 4224 889 4291 abbatis,
924 4223 1206 4278 moderno
1256 4229 1517 4294 tempore
1570 4225 1893 4279 Balduinus
2010 4225 2121 4278 hoc
2152 4223 2477 4293 corrigeret
2500 4234 2660 4288 saepe
2693 4218 3089 4286 commonuit;
3123 4215 3230 4269 sed
3259 4216 3417 4285 quia,
3456 4216 3679 4281 utdixi-

221 4327 425 4365 comes
447 4313 518 4366 ad
543 4312 859 4382 pristinum
881 4316 1096 4366 statum
1122 4313 1396 4382 restituit,
1434 4313 1631 4383 ibique
1664 4313 1891 4367 monia-
1923 4323 1975 4382 ι)
2009 4328 2162 4381 mus,
2189 4312 2361 4381 longe
2386 4310 2604 4376 aberat,
2632 4307 3060 4360 correctionem
3089 4303 3447 4358 morabatur.
3470 4303 3678 4357 Conti-

1546 4475 1839 4535 VARI/E
1883 4475 2351 4537 LECTIONES

293 4602 377 4674 33
408 4618 647 4674 erasum
668 4604 715 4656 1.
734 4610 1083 4674 expunctum
1101 4604 1154 4657 2.
1181 4604 1357 4657 Marc.
1378 4603 1643 4673 gloriosa
1662 4607 1928 4659 matrona
1946 4605 2127 4658 Rictr.
2149 4602 2203 4657 5.
2240 4603 2315 4657 cf.
2344 4602 2504 4657 infra
2526 4602 2626 4667 Ill,
2649 4601 2681 4654 8
2712 4606 2771 4655 et
2800 4600 3080 4670 Ducungc
3102 4614 3150 4652 s.
3193 4615 3242 4651 v.
3285 4594 3680 4674 Virgo-ﬂaua

225 4674 275 4727 Ξ.
310 4672 364 4727 6.
399 4673 728 4745 religiosus
761 4666 1049 4729 1.3151200
1072 4682 1239 4745 caput
1262 4666 1603 4745 intrprimo
1621 4675 1703 4727 ita
1726 4675 2081 4729 desinebat:
2108 4675 2271 4728 Hanc
2300 4677 2492 4728 autem
2526 4716 2537 4727 .
2575 4716 2587 4727 .
2613 4666 2636 4726 ν.
2677 4714 2687 4725 .
2727 4714 2739 4725 .
2774 4713 2786 4725 .
2962 4666 3042 4745 _.'.
3080 4711 3092 4723 .
3130 4711 3141 4723 .
3182 4711 3193 4723 .
3228 4666 3519 4723 canonici.
3559 4666 3685 4721 Sed

227 4746 431 4798 scriba
450 4742 603 4817 ipse,
628 4762 739 4799 non
762 4751 986 4813 auctor,
1024 4742 1221 4798 erasis
1242 4742 1493 4817 quimjue
1516 4745 1612 4799 vel
1628 4761 1740 4817 sex
1765 4746 2007 4817 vocibus
2028 4763 2151 4817 quae
2170 4747 2333 4800 inter
2350 4749 2555 4817 autem
2571 4751 2628 4817 et
2651 4742 2918 4797 canonici
2942 4742 3201 4808 fuerant,
3228 4755 3457 4793 rasurae
3477 4753 3683 4817 super-

229 4809 700 4887 scripsiifpoStea
724 4818 759 4869 i.
785 4817 819 4869 i.
844 4818 954 4870 incl
966 4809 1000 4881 i,
1026 4809 1467 4887 reliqua'natam
1482 4846 1548 4855 —
1561 4834 1595 4886 p
1605 4816 1808 4870 refecit
1827 4819 1887 4869 in
1903 4809 2173 4886 margine
2188 4816 2392 4887 supple
2404 4817 2483 4869 vit
2500 4816 2702 4870 eodem
2717 4829 2971 4887 prorsus
2988 4818 3321 4887 atramento
3331 4825 3439 4881 quo
3450 4809 3684 4887 reliqua

228 4881 449 4959 omnia.
481 4881 688 4959 Vocem
703 4889 969 4959 canonici
985 4881 1193 4942 delere
1208 4888 1428 4941 oblitus
1442 4881 1864 4959 est-sequenti
1888 4881 2307 4958 vero-tempore-
2321 4904 2489 4959 quum
2503 4881 2739 4959 eodean
2760 4884 3103 4959 bibliopega
3113 4881 3684 4959 concidereturij-

228 4974 333 5010 mu:
354 4957 624 5028 cujusvis
646 4957 820 5012 lineae
838 4958 1059 5025 litterae
1077 4959 1331 5012 abscisae
1349 4964 1504 5025 sunt,
1526 4951 1759 5012 scilicet
1780 4961 1994 5026 natam,
2016 4951 2390 5026 nicifrlone'c,
2417 4960 2534 5011 mni
2554 4960 2657 5024 Ge,
2686 4951 3195 5028 Leduwi,'moder,
3218 4956 3331 5028 etc.
3368 4952 3513 5028 Haec
3540 4953 3594 5005 ξ’.
3627 4951 3681 5006 6.

228 5024 505 5101 legerunt
527 5028 718 5083 adhuc
741 5034 913 5099 atque
942 5030 1209 5101 exibant,
1240 5030 1441 5101 prouti
1488 5024 1664 5099 Supra
1698 5029 1967 5101 dedimus
1981 5024 1998 5093 μ’
2041 5029 2094 5083 4,
2128 5030 2255 5100 jam
2288 5024 2489 5083 manca
2521 5029 2603 5082 ita
2637 5027 2883 5083 exhibet
2916 5042 2927 5080 :
2964 5041 3019 5094 p.
3046 5025 3082 5078 i.
3118 5024 3503 5101 inclinantem
3535 5039 3593 5101 p.
3630 5038 3682 5076 c.

230 5094 563 5171 incolebant
590 5142 601 5152 .
762 5094 1035 5171 consilio
1085 5101 1140 5154 d.
1192 5094 1257 5154 ϐξ
1304 5116 1354 5154 e.
1405 5103 1501 5154 et.
1656 5142 1667 5153 .
1710 5100 1939 5154 abbatis
1976 5142 1987 5153 .
2036 5142 2049 5154 .
2091 5094 2153 5154 ,ἶ
2199 5104 2497 5171 tempore.
2542 5141 2553 5153 .
2593 5142 2605 5153 .
2652 5142 2663 5153 .
2703 5141 2715 5153 .
2763 5140 2773 5152 .
2821 5140 2834 5151 .
2883 5140 2893 5150 .
2936 5139 2948 5151 .
2990 5138 3003 5150 .
3044 5094 3218 5149 ..DE
3250 5095 3689 5171 V_lLLA,__etc.;

228 5169 279 5222 3.
312 5171 533 5223 habet:
570 5187 624 5241 p.
656 5171 694 5223 i.
755 5170 950 5240 inopia
1008 5172 1176 5241 pauci
1232 5187 1283 5226 e.
1309 5172 1347 5224 i.
1382 5186 1515 5225 cum
1560 5171 1808 5225 consilio
1841 5172 2038 5226 domni
2067 5170 2132 5224 G.
2169 5187 2219 5225 e.
2255 5166 2408 5225 et'L.
2441 5188 2494 5225 a.
2527 5187 2602 5225 m.
2635 5173 2898 5240 tempore
3003 5182 3205 5241 comes
3234 5167 3308 5241 ad
3350 5166 3686 5241 .pristinum

230 5245 445 5316 statum
475 5237 710 5316 reduxit
725 5237 1088 5316 ibiquemir.
1113 5243 1150 5295 i.
1186 5257 1242 5316 a.
1273 5242 1524 5316 n._E._p._
1552 5242 1818 5316 Denique
1859 5244 2133 5316 __5.‘totum
2163 5242 2347 5297 locum
2380 5237 3104 5316 itaiexlzibetmiutatum:
3138 5237 3688 5316 Se_d__postmpdu_r_u

231 5312 483 5385 consilio
502 5312 702 5385 domni
718 5309 964 5367 Gerardi
984 5313 1245 5385 episcopi
1269 5317 1325 5367 et
1342 5309 1589 5368 Leduini
1604 5309 1834 5385 abbatis
1850 5313 2181 5385 Balduinus
2197 5329 2398 5369 comes
2416 5315 2488 5368 ad
2508 5314 2820 5385 pristinum
2833 5314 3048 5385 statum
3063 5309 3404 5385 mo_n_iali_um
3427 5309 3683 5385 reduxit,

230 5382 429 5453 ibique
488 5383 775 5439 moniales
815 5378 1037 5438 sancti-
1064 5378 1384 5457 Benedicti,
1421 5400 1554 5439 cum
1586 5387 1719 5439 ante
1779 5382 2032 5439 fuissent
2087 5386 2420 5457 regulares,
2480 5378 2828 5452 introduxit,
2872 5381 3091 5454 quibus
3122 5380 3487 5435 abbatissam
3520 5378 3585 5432 Ε.
3625 5392 3684 5447 p.

1812 5534 2088 5597 ΝΟΤΛΕ.

2083 5670 2231 5725 (2'71)
2255 5669 2694 5724 Marchiennes.

2083 5672 2203 5725 (2'71
2255 5672 2694 5724 Marchiennes.

2083 5672 2232 5809 (2'72;
2262 5742 2546 5813 Hamage,
2581 5756 2799 5812 propre
2829 5739 3265 5813 Marchiennes.

2081 5808 2228 5883 (2³73)
2263 5808 2506 5881 Denain,
2540 5808 2905 5868 inter—Douai
2936 5816 2992 5866 ct
3025 5808 3477 5865 Valenciennes.

2090 5884 2239 5956 (2'14)
2268 5883 2596 5958 Jumieges.

235 5668 598 5740 etymologia
670 5668 779 5723 hac
847 5685 964 5723 una
1009 5670 1195 5724 nostri
1268 5670 1609 5725 auctoritate
1677 5669 1896 5725 nititur.

232 5739 451 5813 Isidori
473 5739 636 5813 Orig.
670 5740 847 5813 xiv,4
886 5757 897 5794 :
940 5740 1150 5813 Belgis
1207 5741 1427 5813 civitas
1480 5745 1572 5796 est
1608 5740 1833 5803 Galli-7),
1869 5758 1899 5793 Η

229 5827 335 5881 qua
370 5810 617 5883 Belgica
643 5812 960 5883 provincia
992 5810 1150 5868 dicta
1179 5818 1290 5868 est.
1332 5812 1420 5868 Cf.
1457 5812 1718 5868 Annales
1754 5828 1898 5867 nos-

224 5886 355 5936 tros
379 5886 419 5938 t.
456 5881 557 5954 IX,
591 5881 658 5954 p5
679 5882 802 5942 305.

1538 6010 1565 6042 ἦ
