4098 6196
399 338 522 403 135

1296 334 1570 399 GESTA
1613 336 2137 404 PONTIFIGUM
2180 338 2946 406 CAMERACENSIUM.

3736 344 3856 409 136

404 544 493 616 git
539 543 733 596 autem
783 538 1126 608 episcopum
1168 552 1274 606 pro
1315 537 1741 593 aecclesiastica
1778 538 2070 593 sollicitu-
2101 521 2158 582 Α
2258 537 2346 594 31.
2405 540 2495 595 De
2550 542 2914 597 monasterio
2953 543 3148 597 sancti
3191 542 3405 598 Salvii.
3460 544 3585 600 Nec
3638 545 3853 615 procul

405 632 541 687 dine
576 630 730 684 forte
760 644 867 698 per
895 627 1047 682 hanc
1079 627 1279 680 villam
1311 626 1623 681 transitum
1653 627 1868 696 facere,
1914 645 2071 696 pra:-

406 720 643 791 fatoque
676 717 871 772 abbati
903 716 1170 771 Leduino
1190 747 1262 756 —
1282 731 1483 771 comes
1504 716 1660 771 enim
1691 720 1815 771 erat
1843 716 2074 771 itineris

404 839 477 849 —
515 810 838 864 obscenam
885 805 1311 861 monachorum
1357 806 1869 861 conversationem
1919 805 2074 859 indi-

411 912 570 952 care.
633 895 871 952 Salubri
929 896 1123 964 etiam,
1183 895 1360 948 immo
1416 895 1769 964 competenti
1826 894 2074 949 consilio

410 986 682 1041 hortatus
731 987 824 1039 est
870 984 1033 1039 illum
1082 986 1161 1053 ut,
1210 982 1262 1036 si
1295 999 1445 1053 quas
1478 998 1579 1037 res
1611 984 1800 1037 sancti
1836 982 2076 1037 Vedasti

409 1075 469 1129 in
501 1074 717 1129 vicinia
750 1072 1020 1143 prelibati
1053 1072 1285 1126 conobii
1318 1072 1578 1137 haberet,
1633 1087 1735 1126 eas
1782 1072 2076 1143 siquidem

410 1179 518 1233 pro
570 1163 683 1217 hoc
730 1162 1109 1229 monasterio,
1164 1159 1320 1229 quod
1371 1160 1485 1213 sibi
1518 1163 1682 1214 esset
1710 1161 2073 1232 contiguum,

415 1254 804 1320 conmutaret,
829 1249 1101 1321 huncque
1122 1243 1203 1290 ηδ
1223 1251 1415 1303 locum
1435 1264 1542 1318 pro
1561 1249 1888 1319 conpendio
1909 1253 2078 1304 aeter-

411 1358 506 1396 nae
536 1337 1028 1395 remunerationis
1078 1339 1388 1393 meliorare
1436 1341 1754 1411 satageret.
1787 1338 1898 1404 Qui
1929 1340 2080 1394 inter

412 1429 755 1501 huiusmodi
802 1427 1095 1498 colloquia
1138 1428 1364 1483 incerto
1415 1427 1609 1497 haesit,
1643 1430 1701 1483 et
1729 1432 1924 1483 tamen
1952 1428 2080 1482 acsi

412 1517 652 1573 difficile
684 1517 1003 1573 recusavit.
1031 1516 1154 1571 Nec
1194 1516 1375 1570 multo
1406 1520 1539 1585 post
1568 1522 1762 1572 autem
1794 1519 2079 1589 temporis

412 1607 724 1662 intervallo
755 1606 943 1660 abbas
976 1606 1295 1660 salubriter
1327 1606 1661 1674 consultus,
1692 1607 1841 1660 bene
1873 1612 1928 1661 et
1959 1607 2081 1660 dili-

414 1700 625 1769 genter
655 1695 1028 1750 considcrata
1068 1695 1480 1763 oportunitate,
1513 1697 1718 1749 notum
1749 1695 1886 1750 fecit
1917 1696 2079 1765 epis-

416 1800 587 1855 copo,
640 1801 705 1838 se
754 1788 1131 1839 executorem
1177 1784 1303 1837 fore
1351 1783 1710 1853 monitionis,
1762 1785 1814 1838 si
1846 1785 1916 1838 ab
1949 1786 2079 1854 ipso

414 1874 627 1928 abbate
660 1872 985 1926 Teoderico
1018 1872 1529 1926 commutationem
1572 1873 1884 1950 impetrare
1917 1875 2080 1929 valc-

418 1965 527 2016 ret.
564 1961 731 2015 Unde
771 1961 925 2015 lctus
976 1962 1317 2032 episcopus,
1364 1962 1642 2017 continuo
1674 1962 1898 2018 directa
1930 1963 2083 2035 lcga-

2190 628 2326 682 hinc
2357 628 2496 683 olim
2524 630 2763 700 quidem
2799 632 2991 686 sancti
3029 632 3263 686 Martini
3302 631 3657 700 aecclesiola,
3694 648 3857 688 nunc

2187 722 2382 771 autem
2399 719 2820 772 monasterium
2838 720 3177 775 canonicale
3194 720 3255 774 in
3276 721 3658 776 veneratione
3677 722 3857 776 etiam

2189 806 2378 859 sancti
2395 805 2575 860 Salvii
2598 807 2867 879 episcOpi
2887 812 2944 863 et
2965 808 3223 862 martiris
3246 812 3496 864 constat.
3518 808 3559 881 [(
3578 809 3636 863 V.
3659 808 3856 879 Salv.)

2190 894 2327 966 Ipso
2379 911 2630 966 namque
2674 898 2939 966 tempore
2986 902 3232 951 sanctus
3270 896 3528 968 Salvius,
3559 901 3716 952 totus
3751 913 3852 953 su-

2189 998 2387 1053 pernae
2419 984 2623 1053 patrias
2654 984 2911 1054 inhians,
2937 1001 3119 1040 causa
3139 985 3639 1057 peregrinationis
3671 986 3855 1042 habe-

2190 1088 2299 1125 nas
2328 1072 2565 1143 reliquit
2597 1073 2904 1145 episcOpii,
2937 1074 3359 1145 profectusque
3397 1090 3672 1147 peregre,
3705 1090 3862 1145 prae-

2191 1160 2471 1215 dicationi
2502 1176 2741 1231 Operam
2772 1162 2914 1216 dare
2944 1163 3259 1217 estimavit.
3303 1162 3489 1235 Igitur
3517 1164 3588 1218 de
3617 1165 3750 1219 loco
3782 1163 3858 1217 ad

2191 1250 2385 1305 locum
2415 1249 2769 1320 procedens,
2804 1252 3053 1306 verbum
3084 1251 3188 1306 Dei
3217 1252 3433 1323 populo
3466 1250 3859 1324 suggerebat,

2193 1342 2250 1393 et
2308 1338 2560 1393 maxime
2626 1339 3124 1395 celebrationibus
3190 1340 3512 1394 missarum
3575 1340 3858 1394 instabat.

2194 1428 2413 1482 Verum
2459 1427 2561 1482 ubi
2601 1428 2674 1481 ad
2711 1428 2903 1497 ipsam
2942 1428 3218 1483 viciniam
3249 1429 3576 1497 deveniret,
3610 1444 3681 1482 ac
3711 1444 3865 1499 qua-

2195 1517 2329 1571 dam
2360 1517 2453 1571 die
2485 1517 2557 1571 de
2588 1517 3041 1572 Valentiauense
3078 1519 3251 1587 portu
3290 1516 3365 1571 ad
3406 1517 3599 1571 vicum
3631 1516 3865 1571 Conda-

2194 1610 2315 1661 tum
2359 1607 2657 1675 transiret,
2700 1622 2733 1660 a
2781 1605 3037 1677 quodam
3076 1606 3359 1676 pestifero
3402 1605 3576 1660 factis
3623 1604 3867 1659 insidiis

2196 1699 2424 1765 captus,
2476 1694 2533 1747 in
2576 1694 2844 1748 custodia
2876 1694 3180 1767 religatur,
3214 1694 3514 1765 raptisque
3545 1694 3863 1749 indumen-
3896 1711 3917 1721 ι

2194 1785 2271 1838 tis
2320 1783 2797 1838 sacerdotalibus
2846 1786 2903 1838 et
2958 1783 3320 1837 ornamentis
3379 1782 3866 1853 episcopalibus,

2196 1888 2328 1943 quae
2358 1888 2563 1927 secum
2597 1875 2971 1942 portaverat,
3015 1871 3423 1926 obtruncatur.
3464 1870 3869 1941 Sepultusque

2197 1977 2228 2014 a
2262 1962 2407 2016 viris
2438 1960 2742 2033 religiosis
2787 1961 2847 2014 in
2888 1959 3227 2031 supradicta
3261 1960 3449 2014 sancti
3480 1959 3715 2014 Martini
3743 1974 3871 2013 mc-

418 2050 576 2106 tione
607 2050 877 2104 abbatem
908 2050 1298 2105 Teodoricum
1320 2051 1575 2105 adorsus
1598 2054 1710 2121 est,
1743 2056 2083 2107 monstrans
2116 2069 2168 2129 B
2197 2049 2402 2118 clesia,
2434 2053 2574 2105 tunc
2604 2050 2677 2103 ad
2705 2064 2977 2119 praesens
3008 2054 3065 2104 et
3092 2052 3299 2119 postea
3332 2049 3530 2103 multis
3569 2047 3867 2118 praeconi-

420 2140 629 2193 animai
659 2139 1005 2209 periculum,
1031 2140 1088 2192 ni
1110 2142 1371 2210 tempore
1397 2139 1514 2194 sibi
1543 2142 1904 2195 consuleret.
1939 2142 2083 2197 Cum

419 2230 597 2300 longe
645 2231 808 2282 esset
856 2228 1109 2297 positus,
1157 2230 1351 2284 locum
1395 2233 1756 2284 commutare
1806 2232 2082 2302 deberet;

420 2317 578 2388 quod
608 2317 660 2370 si
690 2316 889 2386 nollet,
923 2316 1201 2389 adjuncto
1250 2319 1366 2372 sibi
1416 2319 1701 2375 Balduino
1745 2320 2084 2376 marchione

420 2406 609 2460 falsos
660 2405 982 2459 monachos
1030 2406 1372 2475 expelleret,
1420 2408 1732 2479 locumque
1773 2410 2087 2464 emendare

423 2511 557 2550 cum
588 2494 747 2549 omni
778 2495 1119 2549 auctoritate
1151 2498 1469 2568 satageret.
1502 2496 1696 2567 Super
1724 2498 1883 2569 quod
1900 2498 2088 2553 abbas

421 2583 758 2654 conpetenti
791 2584 1039 2638 consilio
1075 2600 1256 2653 usus,
1287 2585 1578 2639 mandatis
1609 2587 1872 2658 episcopi
1906 2589 2086 2642 satis-

424 2672 621 2726 facere
652 2672 967 2740 estimavit,
1010 2672 1311 2744 rebusque
1345 2675 1534 2728 sancti
1566 2675 1829 2744 Vedasti,
1863 2693 1996 2748 quae
2028 2677 2088 2731 in

425 2775 533 2815 sua
578 2761 793 2814 vicinia
841 2761 1284 2832 circumiacent,
1326 2763 1648 2833 susceptis,
1691 2765 1889 2820 villam
1931 2766 2089 2820 Has-

424 2865 597 2920 prum
635 2849 901 2904 Leduino
940 2851 1138 2905 abbati
1177 2852 1532 2906 contradidit
1569 2853 1690 2922 (an.
1732 2852 1912 2924 1024).
1947 2855 2089 2910 Haec

426 2943 619 2992 autem
659 2939 1034 2994 commutatio
1081 2955 1282 2994 coram
1324 2941 1605 2996 Rotberto
1646 2958 1793 3015 rege
1825 2943 2091 2998 Franco-

424 3042 559 3083 rum
590 3042 907 3099 coramque
940 3028 1277 3101 comitibus,
1302 3029 1587 3085 Balduino
1609 3031 1883 3087 videlicet
1912 3032 2090 3086 Flan-

427 3116 735 3171 drensium
767 3120 823 3171 et
857 3117 1111 3173 Ricardo
1148 3119 1697 3191 Rotomagensium,
1723 3120 1875 3175 facta
1898 3126 2009 3189 est,
2037 3125 2092 3176 et

427 3206 654 3260 eisdem
686 3206 1066 3262 corroborata
1095 3205 1265 3276 (275).
1297 3208 1501 3262 Abbas
1541 3209 1733 3280 itaque
1764 3210 2089 3279 Leduinus,

428 3298 491 3349 ut
519 3295 823 3350 ediﬁcetor
854 3296 1128 3351 videlicet
1157 3296 1431 3367 idoneus,
1467 3299 1662 3354 locum
1694 3315 1827 3353 cum
1860 3316 2092 3355 summo

431 3384 645 3453 studio,
678 3385 751 3438 ad
781 3385 1014 3439 laudem
1056 3389 1112 3440 et
1153 3388 1591 3442 venerationem
1623 3392 1960 3443 sanctorum
1994 3390 2095 3460 qui

431 3473 647 3527 ibidem
678 3473 1013 3543 quiescunt,
1048 3475 1401 3543 emendavit,
1436 3476 1726 3548 novisque
1758 3478 2009 3532 edificiis
2041 3481 2098 3533 et

431 3560 692 3615 claustro
723 3562 991 3632 regulari
1022 3562 1315 3634 insignire
1346 3566 1630 3619 exercuit.

502 3647 593 3703 30.
624 3649 713 3703 De
754 3619 1240 3706 valentianis.vln
1273 3656 1471 3707 castro
1506 3653 1946 3709 Valentianensi
1978 3671 2099 3711 mo-
2130 3619 2182 3684 Ο

434 3738 758 3793 nastcrium
788 3742 881 3793 est
911 3739 1349 3809 canonicorum,
1384 3742 1544 3812 quod
1576 3743 1864 3797 Arnulfus
1896 3760 2099 3800 comes

436 3827 686 3882 consilio
734 3830 792 3881 et
842 3828 1187 3883 auctoritate
1235 3830 1519 3885 Rothardi
1566 3831 1831 3901 episcopi
1860 3832 2008 3904 (2'76)
2042 3835 2101 3888 in

437 3916 663 3970 honore
708 3918 897 3970 sancti
948 3916 1237 3972 Johannis
1289 3919 1569 3989 Baptistae
1615 3922 1965 3991 construxit,
2002 3938 2099 3977 re-

436 4005 670 4075 busque
702 4021 811 4074 pro
841 4007 1229 4075 oportunitate
1252 4007 1500 4078 collatis,
1527 4009 1835 4064 duodecim
1859 4012 2101 4066 canoni-

322 4094 341 4115 ⁸
438 4108 545 4148 cos
574 4093 891 4164 deputavit.

2196 2140 2464 2194 zantibus
2495 2139 2819 2207 miraculis,
2853 2139 3057 2208 quanti
3099 2141 3158 2193 et
3184 2137 3377 2208 qualis
3408 2136 3601 2192 meriti
3632 2137 3871 2192 extitis-

2200 2233 2291 2283 set
2321 2228 2610 2299 apparuit,
2644 2232 2704 2282 ut
2733 2228 3081 2297 plenissime
3122 2226 3181 2280 in
3221 2226 3370 2281 libro
3404 2242 3530 2280 sua:
3560 2225 3870 2296 passionis

2200 2318 2549 2387 repperitur.
2586 2316 2753 2372 Unde
2782 2317 3064 2371 attonitus
3104 2316 3381 2386 princeps
3413 2314 3679 2387 regionis
3718 2314 3871 2369 Kar-

2200 2406 2587 2476 lomartellus,
2619 2421 2725 2477 pro
2758 2405 2948 2460 salute
2977 2405 3188 2459 anima:
3219 2404 3292 2458 de
3318 2404 3453 2474 ipso
3484 2405 3633 2458 ﬁsco
3658 2403 3874 2457 Valen-

2201 2496 2469 2550 tianense
2528 2500 2585 2550 et
2625 2495 2697 2549 de
2754 2494 2888 2557 aliis
2938 2495 3120 2549 rebus
3182 2494 3377 2548 locum
3433 2492 3876 2565 augmentavit,

2202 2588 2618 2655 sumptumque
2676 2583 3124 2655 stipendiarium
3181 2582 3491 2653 deputans,
3545 2581 3876 2636 canonicos

2203 2672 2550 2745 constituit.]

2272 2762 2360 2817 3‘2.
2393 2763 2484 2817 De
2511 2761 2857 2817 Marecolis.
2891 2761 3147 2816 Sanctus
3178 2775 3414 2832 quoque
3438 2760 3529 2813 vir
3550 2758 3656 2813 Dei
3679 2759 3872 2813 Hunt-

2202 2853 2431 2921 bertus,
2470 2851 2777 2906 sanctitate
2810 2851 3174 2921 conspicuus
3216 2853 3273 2904 et
3316 2865 3433 2904 non
3472 2848 3702 2904 modice
3732 2863 3879 2918 pre-

2202 2942 2420 3009 diatus,
2465 2957 2537 2995 ex
2579 2942 2764 3010 patria
2803 2940 3199 2994 Laudunense
3232 2938 3549 3007 decedens,
3585 2938 3643 2991 in
3673 2936 3877 2991 villam

2208 3031 2518 3086 Mareclias
2559 3029 2706 3100 (277)
2749 3030 2940 3084 locum
2984 3024 3111 3084 su'aa
3143 3032 3364 3082 sanctae
3396 3025 3878 3082 conversationis

2207 3120 2422 3192 elegit;
2453 3120 2656 3190 ibique
2685 3118 2758 3172 de
2787 3119 2971 3172 rebus
3003 3118 3258 3188 prepriis
3280 3123 3335 3173 et
3358 3117 3603 3188 prandiis
3634 3129 3882 3169 monas-

2205 3208 2418 3264 terium
2467 3208 2527 3261 in
2576 3208 2955 3262 veneratione
3008 3211 3230 3261 sanctre
3288 3206 3392 3260 Dei
3450 3204 3759 3278 genitricis
3820 3205 3889 3257 et

2210 3301 2550 3353 sanctorum
2580 3296 2984 3367 apostolorum
3034 3295 3191 3350 Petri
3238 3297 3296 3349 et
3342 3295 3507 3349 Pauli
3547 3292 3887 3363 apostolica

2209 3386 2553 3441 auctoritate
2595 3385 2927 3440 construxit
2966 3382 3134 3453 (2278).
3178 3384 3439 3455 Illucque
3473 3382 3756 3437 fratribus
3802 3381 3886 3435 ad

2210 3474 2668 3531 descrviendum
2686 3473 2943 3541 statutis,
2965 3472 3093 3543 ipse
3112 3473 3286 3527 etiam
3304 3472 3549 3527 Domino
3574 3470 3856 3526 serviens
3870 3511 3889 3534 ,

2209 3566 2491 3619 virtutum
2521 3562 2715 3635 signis
2746 3567 2803 3618 et
2834 3562 3119 3617 doctrinm
3151 3562 3403 3633 vitaeque
3455 3562 3678 3615 meritis
3728 3559 3889 3613 satis

2211 3656 2410 3709 clarus
2441 3652 2697 3723 emicuit,
2724 3652 2923 3723 ibique
2940 3650 3206 3706 laborem
3223 3650 3406 3722 hujus
3431 3650 3565 3705 vitae
3599 3664 3886 3704 consum-

2212 3761 2403 3813 mans,
2436 3742 2707 3812 sepultus
2756 3741 2814 3795 in
2860 3756 3005 3812 pace
3046 3740 3322 3812 quiescit.
3365 3738 3533 3792 Hunc
3581 3736 3890 3808 siquidem

2213 3832 2506 3889 abbatiam
2536 3831 2763 3901 primus
2784 3831 2915 3885 Otto
2945 3830 3285 3900 imperator,
3319 3827 3584 3882 Heinrici
3614 3825 3780 3898 regis
3816 3827 3893 3879 ti-

2214 3925 2330 3979 lius
2380 3920 2585 3991 (279),
2632 3923 2695 3974 ut
2740 3920 2801 3974 in
2843 3920 3032 3991 primo
3078 3919 3229 3972 libro
3269 3917 3445 3971 latius
3486 3915 3890 3987 digessimus,

2216 4019 2479 4081 tempore
2511 4009 2775 4065 Fulberti
2811 4008 3077 4079 episcopi
3106 4005 3435 4061 habendam
3480 4005 3716 4059 tradidit
3746 4019 3894 4058 san~

2216 4105 2326 4158 ctae
2356 4100 2463 4155 Dei
2492 4099 2700 4155 matris
2731 4097 3023 4154 aecclesite
3049 4095 3593 4151 Cameracensium.

1737 4273 2031 4336 VARI/E
2077 4273 2439 4335 LECTION
2449 4271 2566 4333 ES.

505 4371 589 4420 ω
617 4377 891 4449 duncque
922 4374 972 4431 1.

2046 4477 2322 4538 ΝΟΤιἘ.

511 4644 661 4714 (2Ἳ5)
707 4642 873 4714 Hanc
916 4642 1432 4714 commutationem
1472 4658 1625 4714 anno
1658 4642 1795 4698 1044
1825 4643 2113 4714 adscribit

443 4711 791 4784 Mi‘rwusob
822 4711 1087 4784 chartam
1119 4712 1390 4784 Leduini,
1416 4713 1631 4784 editam
1661 4716 1719 4767 in
1751 4714 1897 4784 Opp.
1931 4713 2114 4782 diplo-

442 4789 580 4839 mat.
608 4785 652 4850 Ι,
684 4782 809 4852 265,
846 4782 946 4837 ubi
976 4783 1104 4836 haec
1137 4783 1454 4908 leguntur:
1491 4783 1769 4855 Principi
1795 4782 2109 4840 internite-

446 4857 595 4908 tis...
624 4856 756 4908 Eae
788 4854 1092 4908 Luduinus
1122 4853 1197 4908 ab
1243 4870 1377 4908 as...
1416 4854 1541 4908 Sed
1579 4863 1784 4908 nostro
1824 4862 2106 4908 temnere.

446 4857 595 4911 tis...
624 4856 756 4927 Ego
788 4854 1092 4928 Luduinus
1122 4853 1377 4928 abbas...
1413 4854 1541 4928 Sed
1579 4853 1784 4928 nostra
1824 4862 2106 4928 tempore,

448 4928 579 4983 dico
608 4943 660 4981 a.
686 4926 734 4981 ἲ.
760 4926 972 4981 summi
1002 4931 1061 4981 et
1096 4926 1228 4980 veri
1250 4926 1553 4997 pontiﬁcis
1591 4926 1637 4981 l.
1693 4926 1756 4981 C.
1797 4926 2113 4982 millesimo

448 4998 904 5073 quadragesimo
934 5003 1162 5069 quarto,
1201 4996 1689 5073 per_Gerardum
1725 4998 2112 5073 Cameracen-

445 5068 571 5126 sem
620 5068 689 5122 et
720 5068 1211 5123 Atrebatensem'
1247 5068 1578 5140 episcopum
1640 5071 1945 5140 quaesitum
1997 5076 2108 5135 est,

448 5140 767 5214 quaerendo
795 5146 967 5211 atque
996 5140 1382 5214 retractando
1410 5139 1764 5214 alterutrum
1795 5142 1884 5195 sic
1911 5156 2115 5214 perac-

449 5210 567 5269 tum
596 5217 711 5280 est,
747 5216 806 5264 ut
844 5210 950 5265 nos
968 5210 1217 5266 consilio
1235 5210 1536 5266 seniorum
1560 5217 1619 5266 et
1642 5210 1965 5267 vicinorum
1986 5228 2114 5267 nec-

447 5299 561 5340 non
584 5288 921 5355 nostrorum
943 5281 1221 5355 fratrum,
1251 5281 1458 5355 cellam
1488 5298 1613 5355 quae
1634 5282 1859 5338 dicitur
1878 5283 2112 5355 Haspra

448 5373 481 5410 a
503 5354 716 5410 comite
735 5352 1038 5408 Richardo
1059 5360 1117 5407 et
1148 5352 1470 5409 Teoderico
1486 5352 1704 5409 abbate
1730 5352 2112 5410 Gemeticen-

447 5427 537 5481 sis
566 5423 821 5481 cwnobii
860 5423 1009 5479 dono
1039 5425 1461 5495 acciperemus,
1489 5426 1620 5495 quia
1658 5425 1912 5479 vicinior
1941 5425 2115 5480 nobis

449 5502 616 5561 erat;
657 5495 776 5567 ipsi
810 5510 1029 5567 quoque
1060 5494 1381 5565 Anglicurt
1426 5494 1718 5567 cellullam
1764 5496 2113 5550 viciniorem

446 5568 571 5624 sibi
591 5565 804 5638 nostra
816 5565 1131 5638 donatione
1146 5568 1553 5636 possiderent.
1578 5565 1789 5621 Testes
1816 5566 1993 5638 huius
2015 5568 2114 5621 rei

446 5638 726 5694 fuerunt:
765 5634 1105 5710 Richa'rdus
1124 5634 1337 5710 eomes,
1373 5639 1471 5710 qui
1508 5634 1950 5710 donationemlu
1974 5638 2109 5710 ﬂo-

447 5710 659 5782 lgertus
679 5708 1159 5782 arcniepiscopus
1180 5706 1936 5782 [ιοειιὲιῗιξίιιξιε-ΒὶιξΙιιεηθάλιε⁸
1952 5706 2113 5762 [ilius

447 5780 761 5839 Richardi.
784 5777 1088 5838 Rebertus
1102 5777 1301 5838 frater
1322 5777 1469 5853 eius.
1490 5778 1801 5838 Wairinus
1817 5778 2112 5840 Belvaco-

2221 4660 2352 4697 rum
2381 4640 2610 4714 presul,
2652 4646 2874 4696 nostra;
2908 4642 3390 4712 congregationis
3422 4641 3637 4695 frater.
3670 4639 3903 4693 Actum

2221 4714 2521 4781 Rodomis,
2554 4728 2758 4767 mense
2786 4713 3070 4768 Januario
3100 4712 3162 4764 in
3194 4718 3399 4767 octava
3424 4710 3769 4781 epiplmniw,
3800 4714 3903 4762 in-

2223 4786 2484 4864 dictione
2508 4755 2549 4839 ’6
2578 4790 2872 4864 regnante
2907 4783 3300 4864 serenissima
3334 4755 3480 4864 regit:
3517 4755 3904 4864 :lv‘ranco'rum

2222 4856 2505 4936 Roberto,
2531 4850 2681 4936 anno
2701 4855 2940 4936 imperii
2960 4855 3053 4909 sui
3062 4852 3386 4936 _28.}’erum
3406 4850 3545 4936 illud
3566 4850 3907 4936 quadrage-

2222 4929 2372 4983 simo
2390 4922 2590 4997 aperte
2615 4922 2965 4982 mendosum
2987 4928 3099 4997 est,
3125 4929 3181 4997 et
3202 4925 3543 4997 mutandum
3573 4922 3632 4977 in
3662 4922 3907 4997 vigesi-

2222 5015 2343 5061 mo;
2368 4994 2561 5053 annus
2584 4998 2741 5051 enim
2761 4997 2883 5052 28M
2904 4996 3145 5051 Roberti
3170 5000 3261 5050 est
3279 4996 3443 5056 1024;
3473 5010 3646 5064 porro
3670 4994 3911 5064 Robor-

2222 5075 2318 5125 tus
2346 5070 2834 5139 archiepiscopus
2864 5067 3007 5139 obiit
3037 5084 3088 5122 a.
3126 5066 3285 5121 1037.
3314 5063 3611 5139 “’arinus
3632 5063 3904 5139 a._‘l030,

2222 5147 2279 5197 et
2308 5135 2936 5196 Theodericus—abbas
2964 5137 3089 5209 jam
3122 5143 3256 5209 ante
3277 5153 3493 5192 annum
3519 5135 3909 5209 lO_30._Re_c_te

2223 5214 2405 5285 igitur
2415 5211 2805 5285 Colvenerius
2820 5206 3038 5285 annum
3051 5208 3238 5285 hujus
3256 5224 3485 5285 commit
3496 5207 3728 5285 tationis
3752 5206 3912 5262 1024

2223 5277 2364 5339 e'sse
2396 5283 2598 5338 statuit
2622 5300 2637 5347 ;
2668 5286 2724 5336 et
2745 5281 2873 5347 jam
2903 5277 3167 5336 Jacobus
3199 5280 3271 5335 de
3291 5278 3492 5336 Guisiu
3529 5277 3802 5333 eumdem
3835 5294 3906 5334 ει.

2224 5353 2360 5409 1024
2390 5355 2567 5409 tradit
2595 5353 2691 5423 (ed
2721 5350 2918 5407 Fortia
2950 5351 3050 5420 IX,
3084 5350 3230 5423 24g).

2293 5424 2441 5495 (276)
2474 5420 2845 5495 Igiturintra
2876 5438 3064 5477 annos
3093 5420 3353 5476 979-995.

2296 5494 2446 5563 (2⁸77)
2476 5494 2801 5549 Maroilles.

2295 5561 2448 5635 (2278)
2478 5566 2565 5620 cr.
2600 5583 2639 5636 ι,
2674 5565 2762 5633 27,
2788 5566 2931 5619 Acta
2953 5563 3058 5619 ss.
3093 5564 3285 5636 Belgii
3317 5563 3429 5636 ιν,Δ
3450 5561 3572 5636 ω.

2291 5633 2438 5707 (279)
2468 5637 2613 5691 Erat
2629 5633 2880 5705 noster;
2912 5651 3094 5706 supra
3122 5633 3297 5707 enim,
3332 5652 3373 5702 ι,
3405 5634 3493 5707 βε,
3528 5633 3657 5707 ipse
3686 5647 3913 5707 narra-

2222 5708 2304 5762 vit
2334 5703 2845 5780 Carolumregem
2871 5703 3004 5763 eam
3042 5705 3365 5762 tradidisse
3395 5703 3695 5777 Stephano
3725 5703 3917 5773 epis-

2224 5794 2395 5850 copo,
2429 5795 2581 5836 anno
2603 5777 2731 5836 9211
