4098 6196
233 328 346 394 137

1591 333 1847 398 uasa
1888 286 2343 401 summatis

302 530 392 587 33.
426 531 520 588 De
560 531 698 587 villa
742 532 1036 588 Waslero.
1080 533 1146 588 In
1190 533 1328 588 villa
1361 550 1598 606 quoque
1630 534 1913 589 Waslero
1943 516 2001 577 Α
2036 534 2329 605 bripiente
2360 534 2577 605 inOpia,
2612 537 2757 592 ordo
2788 539 3153 597 monachalis
3191 543 3265 598 ad
3294 546 3695 602 canonicalem

240 620 387 694 (280)
440 621 657 676 beatus
707 621 1073 676 Landelinus
1119 624 1543 677 monasterium
1582 623 1653 677 ad
1689 640 1913 694 paucos

237 713 454 766 fratres
489 712 784 780 condidit,
820 712 912 765 cui
945 716 1217 766 sanctum
1250 713 1551 767 Dodonem
1584 714 1755 766 bona
1788 728 1910 766 me-

237 802 442 854 moria
478 800 670 853 virum
702 800 969 870 prefecit.
999 801 1108 854 Hic
1131 801 1408 854 nimirum
1430 801 1624 855 sacris
1648 801 1912 855 moribus

241 889 475 957 cluens,
526 894 684 942 vota
731 889 1126 943 innocentiam
1174 890 1360 957 duxit,
1405 890 1604 960 ibique
1645 889 1911 959 deposito

242 994 422 1032 onere
456 978 819 1049 fragilitatis,
853 978 1105 1032 feliciter
1132 979 1192 1031 in
1223 994 1366 1047 pace
1398 979 1670 1048 quiescit.

306 1064 396 1122 34.
447 1067 537 1121 De
575 1066 717 1121 villa
748 1065 995 1121 Fescau.
1034 1066 1097 1119 In
1126 1067 1266 1120 villa
1297 1070 1470 1121 etiam
1500 1067 1732 1121 Fescau
1762 1064 1910 1136 (281)

232 1157 667 1210 monasterium
719 1158 830 1222 est,
884 1155 984 1209 ubi
1035 1170 1181 1210 sane
1227 1159 1473 1209 sanctus
1518 1156 1612 1209 vir
1654 1155 1906 1225 Domini,

235 1244 410 1298 Hetto
443 1245 727 1299 videlicet
760 1243 996 1312 Scotus,
1032 1244 1231 1298 divina
1260 1244 1629 1314 providentia
1658 1243 1913 1315 dirigen-

226 1338 306 1404 te,
339 1334 701 1400 deveniens,
735 1333 1034 1403 aliquanto
1067 1337 1328 1403 tempore
1357 1336 1748 1387 conversatus
1778 1334 1871 1407 est
1891 1350 1906 1398 ;

231 1423 599 1492 tandemque
646 1438 892 1477 cursum
942 1438 1068 1476 sua
1117 1422 1617 1493 peregrinationis
1661 1422 1906 1492 ﬁniens,

227 1512 515 1583 migravit
549 1510 622 1565 ad
655 1510 977 1565 Christum.
1002 1512 1091 1564 Au
1117 1510 1294 1581 cujus
1317 1511 1589 1564 meritum
1610 1510 1911 1563 declaran-

228 1601 368 1653 dum
416 1600 624 1653 divina
672 1600 863 1670 pietas
903 1599 1083 1653 multa
1128 1599 1365 1669 dignata
1414 1603 1506 1652 est
1537 1600 1769 1668 operari
1802 1599 1909 1652 do-

229 1692 510 1744 cumenta
546 1689 847 1742 virlutum.
882 1688 1049 1742 Unde
1073 1688 1309 1759 quidam
1330 1704 1402 1741 ex
1424 1687 1728 1759 religiosis
1760 1687 1910 1741 viris

229 1783 445 1833 sancto
478 1778 614 1832 viro
642 1780 940 1832 tantorum
982 1777 1373 1831 emolumenta
1410 1777 1705 1834 bonorum
1734 1776 1910 1830 tradi-

227 1867 472 1935 derunt,
508 1870 574 1921 ut
601 1866 824 1936 aliquot
855 1867 1176 1920 canonicos
1209 1866 1598 1920 admitterent.

294 1953 390 2009 35.
428 1954 523 2009 De
556 1956 922 2010 monasterio
952 1954 1101 2026 quod
1133 1960 1225 2008 est
1254 1955 1316 2008 in
1353 1953 1491 2008 villa
1514 1954 1654 2008 Alta
1683 1954 1905 2009 Monte.

230 2043 359 2109 Nec
392 2048 748 2113 praeteream
775 2044 1004 2112 vicum,
1039 2058 1212 2113 quem
1244 2043 1439 2096 Altum
1472 2043 1728 2097 Montem
1760 2041 1908 2113 (282)

226 2133 455 2201 dicunt,
492 2149 606 2187 nec
638 2132 911 2186 inmerito
960 2132 1047 2186 sic
1097 2133 1497 2197 nominatum;
1531 2148 1663 2186 cum
1692 2131 1903 2186 beatus

226 2221 613 2290 Vincentius,
639 2238 771 2276 cum
793 2221 993 2275 multis
1014 2222 1164 2276 viris
1185 2221 1490 2293 religiosis
1508 2263 1523 2290 ,
1549 2221 1647 2291 qui
1673 2237 1804 2275 cum
1837 2235 1905 2274 eo

226 2309 491 2375 fuerant,
524 2327 636 2365 sua
669 2310 1120 2365 conversatione
1151 2310 1473 2364 reddiderit
1502 2309 1903 2364 sublimatum.

227 2399 327 2463 (γ.
360 2400 586 2468 Aut/1.)
615 2398 821 2472 [Porro
854 2401 966 2453 istc
999 2399 1346 2454 Vincentius
1370 2415 1570 2453 comes
1595 2398 1902 2470 egregius,

230 2489 511 2542 videlicet
531 2488 1169 2542 sanctaWaldetrudis
1192 2489 1459 2557 maritus,
1478 2487 1646 2557 juxta
1669 2487 1905 2558 quidem

230 2578 593 2631 saecularem
622 2577 996 2631 eminentiam
1020 2581 1075 2632 et
1095 2576 1277 2632 rebus
1300 2581 1356 2631 et
1375 2592 1595 2649 genere
1622 2577 1904 2646 potentis-

228 2668 421 2720 simus
450 2709 464 2733 ,
512 2666 845 2720 eruditione
892 2670 1087 2720 tamen
1126 2669 1183 2721 et
1220 2666 1451 2720 crebris
1482 2666 1905 2719 monitionibus

226 2756 381 2810 beati
414 2754 689 2808 Autberti
723 2754 1019 2825 pontiﬁcis
1052 2754 1422 2824 informatus,
1458 2754 1768 2808 saecularis
1799 2754 1904 2806 mi-

229 2845 367 2897 litia
406 2859 687 2914 pompam
728 2843 933 2913 procul
974 2843 1303 2912 abhorruit,
1338 2843 1561 2913 Deique
1595 2842 1903 2913 obsequiis

224 2934 569 3002 mancipare
603 2946 673 2985 se
703 2934 900 3001 potius
923 2930 1260 3003 estimavit.]
1284 2931 1471 3003 Igitur
1499 2932 1638 2985 dum
1669 2932 1741 2985 de
1774 2932 1904 2985 loco

226 3044 357 3082 sua
387 3028 865 3081 conversationis
898 3028 1226 3097 expetendo
1251 3026 1544 3080 sollicitus
1569 3042 1770 3080 curam
1802 3042 1902 3097 ge-

2034 625 2335 692 redactus,
2388 625 2479 677 sic
2527 625 2599 678 ad
2648 630 2879 696 tempus
2929 629 3126 683 domui
3156 631 3401 688 Gerardi
3430 635 3696 707 episcopi

2033 728 2227 783 usque
2277 715 2580 767 remansit.
2628 714 2796 779 Quod
2840 732 2982 771 vero
3025 733 3277 774 cernens
3332 724 3693 795 episcopus,

2032 804 2331 871 pracepto
2382 802 2645 857 Heinrici
2691 804 3065 873 imperatoris
3117 810 3485 882 consilioque
3525 814 3695 868 Heri-

2034 891 2189 943 mani
2233 892 2466 944 comitis
2509 890 2677 961 (283),
2721 909 2789 947 ac
2827 895 3127 950 voluntate
3158 898 3253 951 sui
3284 899 3484 954 fratris
3516 902 3699 957 Gede-

2034 978 2188 1049 fridi,
2224 979 2422 1034 fratris
2452 980 2726 1036 videlicet
2757 984 3042 1053 episcopi,
3080 985 3179 1055 qui
3220 1001 3293 1040 ex
3332 992 3495 1056 parte
3528 990 3697 1044 Heri-

2031 1068 2230 1120 manni
2260 1069 2493 1123 comitis
2526 1070 2719 1139 ipsum
2747 1072 2941 1126 locum
2971 1074 3031 1126 in
3063 1074 3211 1129 fisco
3248 1077 3506 1148 tenebat,
3541 1094 3699 1134 eme-

2032 1155 2297 1224 lioravit,
2344 1160 2399 1211 et
2443 1157 2598 1212 facto
2648 1159 2858 1214 abbate
2907 1159 3225 1232 Fulcoino,
3272 1164 3333 1218 in
3380 1166 3699 1236 pristinum

2033 1245 2258 1309 ordinis
2303 1248 2521 1299 statum
2560 1246 2906 1303 reformavit
2953 1254 3070 1315 (an.
3122 1250 3303 1323 1016).
3352 1254 3465 1309 Hic
3504 1261 3700 1312 autem

2033 1333 2123 1385 vir
2152 1334 2322 1388 bona
2353 1336 2650 1390 memoria
2696 1338 2882 1392 abbas
2935 1354 3069 1392 cum
3118 1356 3350 1397 summo
3397 1345 3592 1400 studio
3642 1348 3700 1401 et

2032 1419 2233 1475 labore
2284 1424 2537 1477 nominis
2584 1425 2680 1479 sui
2726 1425 2984 1481 officium
3026 1428 3270 1500 librans,
3305 1433 3362 1485 et
3390 1448 3567 1487 usum
3596 1450 3697 1491 re-

2030 1510 2189 1580 gula
2221 1510 2469 1565 interius
2500 1513 2731 1583 docuit,
2784 1518 2840 1570 et
2886 1516 3081 1570 locum
3112 1533 3344 1573 omnem
3372 1536 3482 1590 pro
3522 1523 3697 1578 modo

2032 1599 2337 1669 temporis,
2359 1603 2559 1670 utpote
2587 1603 2779 1657 adhuc
2809 1605 3084 1660 videlicet
3104 1608 3409 1679 novitium,
3429 1610 3697 1679 pulchris

2034 1688 2302 1742 adiﬁciis
2334 1692 2390 1743 et
2422 1690 2558 1744 usui
2589 1691 3015 1747 monachorum
3046 1697 3411 1752 necessariis
3432 1699 3696 1755 exterius

2033 1775 2362 1848 insignivit.

1951 1860 2000 1920 Β
2103 1864 2193 1920 36.
2246 1866 2335 1920 De
2378 1867 2795 1925 Melbodiense
2833 1874 3215 1928 monasterio.
3249 1874 3576 1930 Dicendum
3604 1880 3699 1931 est

2031 1970 2265 2025 quoque
2294 1957 2353 2010 in
2382 1958 2676 2013 Melbodio
2709 1958 2857 2029 (284)
2889 1963 3315 2017 monasterium
3344 1964 3695 2036 puellarum,

2029 2040 2072 2114 [(
2091 2043 2149 2096 V.
2170 2045 2379 2115 Autb.)
2412 2047 2566 2117 quod
2600 2048 2769 2101 beata
2792 2049 3015 2103 Christi
3037 2051 3208 2122 virgo
3233 2052 3602 2124 Aldegundis
3625 2054 3699 2108 ad

2030 2147 2180 2201 opus
2201 2149 2326 2188 sua
2346 2137 2817 2191 conversationis
2837 2153 2911 2191 ex
2928 2140 3185 2209 propriis
3202 2140 3430 2209 prediis
3448 2144 3697 2213 struxit;

2030 2221 2184 2291 quod
2216 2223 2391 2277 etiam
2422 2223 2632 2278 beatus
2665 2225 2989 2280 Autbertus
3014 2269 3028 2297 ,
3081 2229 3282 2282 multis
3312 2229 3461 2283 viris
3492 2246 3700 2285 secum

2028 2310 2328 2380 adhibitis,
2362 2312 2673 2366 dedicavit.
2702 2313 2844 2367 Hac
2867 2315 3143 2369 nimirum
3162 2318 3335 2388 virgo
3356 2318 3693 2386 laudabilis,

2029 2414 2204 2452 soror
2235 2404 2459 2455 sanctae
2490 2401 3256 2474 praelibatzeWaldetrudis,
3292 2422 3323 2459 a
3352 2407 3523 2460 beato
3554 2406 3697 2461 Aut-

2027 2486 2198 2543 berto
2261 2488 2586 2543 doctrinala
2642 2491 2909 2545 velamen
2949 2492 3063 2562 piae
3103 2493 3412 2564 religionis
3450 2496 3697 2567 accepit,

2026 2575 2225 2647 ibique
2254 2592 2387 2630 cum
2418 2578 2667 2647 plurima
2697 2582 2884 2633 turma
2926 2595 3204 2635 sororum
3235 2598 3399 2652 pura
3429 2583 3566 2637 vita
3597 2584 3692 2637 in-

2025 2666 2353 2720 nocentiam
2385 2667 2630 2736 ducens,
2667 2667 2933 2739 deposita
2966 2685 3234 2740 corporis
3266 2671 3462 2743 gleba,
3485 2672 3693 2726 celesti

2027 2768 2248 2821 sponso
2282 2771 2415 2809 cum
2445 2757 2671 2810 ardenti
2703 2756 2969 2826 lampade
3001 2759 3235 2813 obviam
3263 2761 3545 2830 perrexit.

2095 2842 2183 2896 8'7.
2223 2843 2311 2897 De
2348 2844 2673 2899 Laubiensi
2701 2846 2984 2901 Οιθηοὺίο.
3020 2848 3475 2904 Transeundum
3496 2852 3589 2904 est
3618 2850 3691 2904 ad

2025 2930 2358 2986 Laubiense
2378 2934 2690 2988 cenobium
2709 2933 2876 3005 (285),
2900 2937 3057 3005 quod
3077 2938 3268 2991 sacris
3291 2938 3474 2992 initiis
3499 2940 3689 2993 sancti

2028 3019 2329 3073 Landelini
2366 3023 2435 3075 ad
2478 3023 2619 3076 tanti
2665 3024 2931 3091 honoris,
2959 3026 3058 3095 qui
3084 3042 3239 3079 nunc
3268 3030 3377 3091 est,
3409 3028 3687 3095 paulatim

225 3120 405 3184 reret,
442 3133 566 3170 non
596 3117 783 3170 defuit
812 3116 1005 3169 divina
1040 3116 1249 3185 pietas,
1285 3116 1476 3169 sancti
1514 3115 1627 3168 viri
1661 3115 1898 3169 dcside-
1939 3116 1989 3176 C
2021 3114 2369 3177 pervenerat
2390 3112 2639 3165 titulum.
2665 3110 2703 3184 [(
2724 3112 2783 3166 V.
2808 3114 3016 3182 Autb.)
3044 3114 3215 3167 Hunc
3237 3114 3513 3169 nimirum
3534 3116 3684 3169 Lan-

224 3207 378 3260 rium
433 3206 819 3275 completura.
854 3205 1004 3258 Nam
1035 3205 1285 3275 quadam
1319 3206 1489 3258 nocte
1520 3203 1667 3273 pluit
1698 3203 1899 3257 Domi-

220 3311 332 3350 nus
364 3295 593 3361 nivem,
641 3296 699 3347 et
743 3309 974 3348 omnem
1023 3293 1333 3364 regionem
1385 3292 1607 3346 circum
1640 3296 1696 3346 et
1741 3292 1897 3346 circa

222 3384 396 3437 niveo
428 3398 571 3437 rore
603 3383 913 3452 respersit,
950 3386 1193 3450 excepto
1225 3381 1458 3451 paululo
1488 3381 1623 3450 loci,
1649 3381 1806 3451 quod
1840 3382 1898 3435 in

225 3471 576 3542 supradicto
605 3470 738 3524 vico
772 3470 831 3523 in
860 3470 1095 3525 modum
1130 3470 1404 3523 videlicet
1437 3470 1632 3523 crucis
1665 3484 1897 3540 resper-

225 3560 487 3631 gendum
534 3560 888 3613 reservavit.
935 3557 1107 3622 Quod
1151 3559 1243 3612 vir
1286 3558 1391 3612 Dei
1441 3574 1550 3612 suo
1602 3558 1896 3612 desiderio

225 3649 442 3703 cclitus
472 3648 804 3718 contigisse
848 3647 1054 3701 altiore
1104 3647 1354 3702 consilio
1386 3647 1710 3717 intellexit;
1743 3647 1897 3700 divi-

226 3753 421 3809 noque
470 3737 694 3790 indicio
740 3738 957 3791 certior
1001 3736 1215 3806 factus,
1262 3753 1400 3790 mox
1440 3737 1645 3791 eodem
1678 3737 1737 3789 in
1768 3737 1896 3790 loco

224 3825 658 3880 monasterium
707 3841 782 3879 ex
828 3826 1065 3896 proprio
1119 3828 1355 3895 sumptu
1407 3825 1705 3893 fundavit;
1741 3824 1895 3895 quod

225 3916 395 3968 etiam
432 3930 588 3968 suus
619 3914 907 3985 magister
935 3915 1259 3969 Autbertus
1284 3955 1298 3982 ,
1341 3914 1486 3967 viris
1519 3929 1723 3967 secum
1756 3913 1896 3965 reli-

226 4003 419 4074 giosis
450 4002 760 4072 adhibitis,
812 4003 871 4055 in
916 4003 1146 4057 honore
1190 4002 1593 4072 apostolorum
1646 4001 1797 4055 Petri
1844 4005 1901 4054 et

222 4092 390 4145 Pauli
422 4091 743 4145 dedicavit.
787 4090 991 4162 Ibique
1042 4092 1133 4145 vir
1182 4094 1424 4145 sanctus
1474 4090 1724 4144 feliciter
1764 4106 1900 4144 con-

225 4183 536 4247 versatus,
575 4178 894 4234 laudabilis
934 4180 1071 4233 vita
1112 4180 1483 4234 sanctitatem
1514 4180 1729 4233 ducere
1758 4178 1899 4232 ads-

223 4269 437 4322 tuduit.
491 4268 585 4321 Ad
628 4268 804 4339 cujus
856 4268 1011 4338 piam
1054 4269 1563 4322 conversationem
1596 4267 1762 4321 multi
1787 4267 1901 4320 viri

2020 3196 2278 3251 delinum
2310 3199 2367 3251 in
2395 3200 2658 3269 primeva
2689 3200 2925 3270 quidem
2948 3205 3117 3256 atate
3144 3219 3175 3255 a
3197 3203 3366 3256 beato
3390 3203 3676 3259 Autberto

2017 3286 2292 3355 pontifice
2316 3288 2526 3341 litteris
2549 3293 2604 3342 et
2625 3289 2889 3343 moribus
2922 3292 3116 3344 sacris
3146 3291 3451 3361 imbutum,
3477 3295 3686 3361 postea

2016 3390 2159 3429 vcro
2184 3375 2418 3430 fallente
2439 3376 2674 3432 diabolo
2697 3378 2776 3447 pii
2800 3380 3070 3450 magistri
3090 3379 3449 3450 profugium,
3477 3384 3682 3449 spreto
3780 3448 3783 3453 η

2018 3463 2294 3518 clericatu
2320 3466 2515 3520 manui
2535 3467 2908 3536 praedatoria
2939 3468 2998 3522 in
3027 3468 3177 3522 libro
3209 3469 3345 3522 vita
3376 3469 3569 3537 ipsius
3600 3470 3685 3524 le-

2016 3554 2214 3623 gimus
2239 3556 2548 3608 sociatum.
2577 3556 2765 3625 Hunc,
2786 3557 3045 3627 inquam,
3066 3562 3379 3627 postquam
3396 3557 3685 3629 magister
3760 3544 3767 3549 ’

2015 3640 2489 3713 benignissimus
2524 3644 2799 3699 diuturna
2831 3647 3241 3701 lamentatione
3266 3644 3470 3716 etjugi
3502 3662 3679 3716 prece

2014 3730 2087 3784 ab
2109 3746 2313 3785 errore
2335 3738 2677 3821 revoqatum
2697 3735 2870 3804 quasi
2890 3739 3056 3804 pater
3075 3736 3257 3789 filium
3281 3737 3677 3806 suscepisset,

2014 3834 2083 3872 ac
2113 3822 2380 3875 saucium
2411 3822 2567 3876 dulci
2601 3825 2967 3879 correctione
2996 3841 3063 3878 ac
3096 3824 3369 3880 benivola
3401 3825 3678 3880 consola-

2012 3908 2173 3962 tione
2205 3915 2560 3980 recreasset,
2605 3912 2664 3964 in
2702 3914 3009 3982 pralibato
3050 3914 3179 3968 loco
3224 3918 3362 3968 tunc
3394 3915 3677 3984 temporis

2016 3998 2283 4052 solitario
2316 4000 2597 4054 secedere
2630 4002 2871 4072 monuit,
2918 4007 2975 4056 ut
3016 4000 3449 4074 disciplinatius
3478 4003 3682 4075 videli-

2015 4089 2107 4143 cet
2138 4090 2331 4141 errata
2355 4089 2678 4159 corrigeret
2699 4094 2755 4144 et
2776 4092 3142 4145 emendatius
3160 4093 3404 4147 viveret.
3427 4094 3676 4148 Peracto

2012 4176 2209 4246 itaque
2241 4175 2619 4231 habitationis
2650 4179 2899 4234 aedilicio
2941 4183 2996 4234 et
3035 4180 3094 4233 in
3126 4182 3506 4236 veneratione
3536 4198 3673 4252 apo-

2015 4264 2303 4318 stolorum
2330 4265 2488 4319 Petri
2519 4270 2575 4319 et
2608 4267 2773 4320 Pauli
2805 4271 3151 4322 consecrato
3185 4268 3352 4338 (286),
3377 4271 3674 4338 —paucis

219 4357 494 4427 religiosi
528 4356 956 4426 conﬂuxerant,
993 4357 1340 4428 traditisque
1370 4357 1613 4426 praediis
1659 4359 1716 4410 et
1759 4371 1899 4426 pro-
1928 4366 1981 4427 D
2013 4352 2306 4423 siquidem
2346 4354 2494 4407 viris
2526 4355 2725 4409 nitida
2755 4357 2891 4410 vita
2920 4371 3125 4409 secum
3153 4357 3432 4425 receptis,
3457 4386 3527 4397 —
3548 4372 3669 4412 mo-

218 4446 368 4515 priis
403 4446 589 4500 rebus
633 4462 764 4499 cum
807 4462 981 4500 sacro
1022 4447 1149 4500 viro
1191 4446 1498 4517 degentes,
1533 4446 1605 4499 ad
1634 4446 1770 4499 vita
1802 4460 1899 4498 re-

222 4534 456 4604 gularis
498 4550 768 4588 normam
809 4551 949 4588 sese
993 4535 1488 4589 constrinxerant.
1524 4534 1668 4587 Cum
1707 4536 1900 4587 autcm

218 4622 393 4677 locus
437 4641 467 4677 a
506 4624 761 4694 regibus
801 4626 857 4677 et
887 4623 1255 4692 principibus
1288 4623 1658 4693 augmentari
1689 4625 1745 4675 et
1777 4622 1898 4675 frc-

220 4714 461 4784 quentia
495 4713 743 4766 fratrum
773 4712 1104 4782 populosus
1139 4714 1423 4780 coepisset
1456 4711 1696 4764 haberi:
1734 4714 1793 4764 ut
1826 4711 1898 4763 li-

220 4802 430 4857 berius
463 4802 587 4856 Deo
620 4804 879 4867 vacaret,
905 4800 961 4853 in
986 4802 1371 4854 secretiorem
1403 4800 1595 4854 locum
1620 4799 1893 4869 secessit,

222 4907 397 4961 quem
446 4891 623 4944 etiam
671 4891 865 4945 locum
908 4888 1081 4959 paulo
1120 4890 1421 4958 posterius
1455 4889 1664 4942 dicam.
1700 4888 1897 4958 Hujus

222 4996 364 5033 vero
401 4979 592 5032 forma
621 4984 678 5033 et
708 4978 979 5048 exemplo
1012 4978 1221 5050 religio
1245 4978 1670 5033 monachorum
1691 4981 1897 5047 postea

223 5069 406 5123 multo
430 5072 694 5137 tempore
716 5068 992 5135 adolevit,
1008 5067 1117 5121 sed
1139 5083 1243 5136 per
1267 5068 1544 5122 incursus
1566 5066 1892 5138 gentilium,

222 5155 400 5212 immo
430 5160 490 5212 et
521 5173 628 5227 per
665 5158 912 5211 crebras
952 5156 1278 5210 seditiones
1308 5156 1766 5211 domesticorum
1799 5170 1898 5209 su-

2013 4442 2269 4496 nitiones
2308 4446 2364 4496 et
2407 4444 2676 4497 mandata
2706 4446 2973 4517 magistri
3006 4459 3174 4515 aqua
3203 4444 3371 4500 lance
3402 4446 3585 4500 moris
3619 4449 3676 4500 et

2013 4530 2211 4599 operis
2242 4531 2598 4601 adimplevit,
2632 4537 2688 4587 et
2720 4533 2791 4588 de
2823 4534 2916 4587 die
2955 4535 3014 4587 in
3045 4535 3199 4589 diem
3230 4535 3569 4604 proﬁciens,
3603 4534 3676 4588 ad

2013 4621 2148 4673 vita
2179 4621 2577 4676 sanctissima
2610 4622 2841 4677 culmen
2866 4625 3247 4678 transcendit.
3276 4625 3391 4677 Ubi
3413 4618 3555 4677 vero
3581 4624 3673 4677 lo-

2015 4723 2120 4761 cus
2143 4709 2254 4762 viri
2276 4711 2461 4763 sancti
2479 4713 2573 4779 pia
2592 4714 3042 4767 conversatione
3063 4715 3273 4766 ﬂorere
3294 4712 3597 4780 capisset,
3620 4714 3677 4765 et

2014 4812 2085 4850 cx
2107 4799 2524 4854 munificentiis
2556 4818 2763 4872 regum
2792 4803 2919 4856 sive
2949 4807 3248 4871 potentum
3278 4801 3677 4871 quorumlibet

2013 4891 2229 4956 quanto
2261 4888 2444 4942 rebus
2476 4891 2760 4959 exterius,
2795 4895 2953 4945 tanto
2986 4892 3157 4944 etiam
3190 4904 3433 4943 numero
3467 4906 3672 4944 mona-

2014 4975 2258 5028 chorum
2307 4977 2557 5033 interius
2598 4979 2961 5033 habundaret
2997 4997 3007 5033 :
3051 4995 3188 5032 mox
3219 4980 3354 5032 inde
3387 4983 3671 5049 remotus,

2013 5064 2305 5133 siquidem
2338 5069 2398 5120 ut
2429 5067 2551 5121 Deo
2582 5068 2846 5121 strictius
2878 5068 3337 5138 manciparetur,
3383 5070 3674 5123 secretio-

2014 5169 2137 5208 rem
2174 5154 2397 5225 locum,
2443 5171 2617 5226 quem
2656 5156 2829 5225 paulo
2872 5161 3008 5226 post
3045 5157 3340 5227 dicemus,
3396 5160 3676 5228 expetere

1850 5275 2127 5337 NOT/E.

293 5412 446 5483 (280)
480 5411 754 5466 Wallers
775 5409 1110 5482 St—Hilaire,
1135 5411 1263 5465 sive
1285 5410 1549 5466 VVallers
1567 5427 1641 5466 en
1657 5410 1901 5483 Faigne.

221 5485 564 5540 Seéundam
599 5483 957 5537 Fulcuinum
985 5488 1200 5549 autem,
1237 5499 1365 5552 cap.
1397 5483 1450 5551 4,
1484 5500 1600 5537 non
1631 5483 1902 5538 Landelia

220 5572 337 5611 nus
372 5557 489 5610 hoc
524 5554 957 5609 monasterium
987 5554 1266 5623 condidit,
1302 5553 1411 5609 sed
1444 5555 1787 5609 Ursmarus.

316 5628 444 5697 281)
482 5626 810 5695 Fussiaux,
847 5642 1032 5697 prope
1060 5626 1321 5681 Avesne.
1356 5625 1442 5680 La
1470 5625 1651 5682 ϐων.

291 5631 447 5772 ἱέῦῑ)
479 5697 831 5768 Hautmont,
864 5708 1050 5771 prope
1080 5697 1434 5772 Maubeuge.

318 5698 447 5770 2&3)
479 5697 831 5768 Hautmont,
864 5708 1050 5771 prope
1080 5697 1434 5773 Maubeuge.

660 5795 902 5855 Pyram.
930 5794 1193 5859 CXLIX.

2087 5408 2234 5486 (283)
2266 5410 2643 5486 _E_iha_mensis
2674 5411 2802 5466 sive
2823 5410 3252 5480 Virduneusis;
3286 5412 3362 5469 cf.
3396 5430 3477 5486 ni,
3511 5411 3565 5469 6.

2084 5482 2233 5554 (284)
2266 5483 2617 5554 Maubeuge.

2082 5553 2234 5624 (285)
2267 5555 2525 5609 Lobbes.

2087 5623 2235 5694 (286)
2276 5625 2611 5680 Secundum
2650 5624 2999 5683 Folcuinum
3036 5628 3097 5683 in
3125 5628 3325 5684 Gestis
3353 5627 3490 5684 abb.
3522 5627 3668 5681 Lob.

2008 5698 2064 5756 4.
2102 5697 2428 5754 Ursmarus
2458 5696 2695 5754 demum
2725 5698 2839 5757 hoc
2869 5699 3029 5774 fecit,
3063 5714 3218 5757 anno
3251 5699 3376 5758 697.

3358 5796 3394 5859 5

3575 346 3803 411 138.
