4098 6196
458 321 577 386 139

1336 311 1610 376 GESTA
1664 262 2194 378 PONTlFICUM
2248 312 3012 380 CAMERACENSIUM.

3761 327 3858 391 140

458 498 889 572 estimavit.(V.
922 496 1630 568 Ursmari.)Secessurus
1653 500 1866 565 autem,
1903 512 1972 550 eo
1998 495 2116 551 loci
2141 515 2200 577 Α
2229 494 2576 565 inspirante,
2628 496 2861 551 calcare
2906 496 3174 551 secutum
3214 499 3523 570 estimavit,
3567 506 3857 576 sanctoque

448 594 718 665 praefecit
748 593 982 645 beatum
1015 588 1207 641 virum
1238 587 1347 641 Dei
1374 586 1747 653 Ursmarum,
1785 586 1900 655 piis
1932 585 2112 639 mori-

448 685 564 753 bus
609 681 917 752 praeditum
944 719 957 745 ,
1006 677 1067 730 in
1111 676 1401 729 functoria
1440 677 1662 728 tantum
1696 674 2113 745 praedicatione

450 771 601 841 (287)
633 772 930 824 sacratum
959 766 1301 835 episcopum
1344 764 1461 831 (an.
1494 762 1639 832 689).
1677 763 1785 816 Hic
1816 763 1988 816 etiam
2020 764 2115 815 vir

448 861 522 913 de
552 860 690 912 villa
723 857 904 910 Fleon
935 853 1080 925 (288
1101 854 1140 922 ),
1184 867 1318 923 quae
1348 852 1503 905 infra
1532 852 1744 905 silvam
1774 851 2113 904 Terasciam

448 947 632 1018 (289)
672 946 785 1001 sita
826 946 935 1011 est,
978 940 1286 1009 oriundus,
1331 939 1576 994 formam
1612 940 1942 993 innocentis
1975 939 2111 994 vitae

448 1035 736 1090 fratribus
768 1031 1054 1099 exhibuit,
1089 1030 1335 1099 diesque
1366 1043 1512 1083 suos
1542 1029 1603 1082 in
1632 1028 1806 1082 bonis
1828 1028 2109 1097 operibus

448 1123 615 1196 egit.]
665 1119 790 1176 Hec
836 1122 1016 1191 igitur
1063 1119 1336 1185 doctore,
1388 1122 1444 1172 et
1484 1116 1619 1171 dein
1658 1117 1829 1170 beato
1870 1116 2108 1171 Ermino

447 1213 841 1279 succedente,
884 1209 955 1263 de
992 1221 1243 1278 quorum
1281 1207 1641 1260 monasterio
1673 1205 2110 1277 subsequenter

442 1301 850 1368 narrabimus,
895 1296 1152 1352 effloruit
1182 1296 1381 1365 locus,
1417 1300 1471 1349 et
1505 1295 1576 1349 ad
1609 1295 1714 1348 Dei
1744 1295 2012 1365 gloriam,
2045 1298 2108 1349 ut

441 1406 633 1461 usque
662 1391 722 1443 in
751 1402 1003 1459 presens
1034 1387 1296 1455 apparet,
1332 1400 1462 1438 mos
1494 1384 1668 1455 plene
1700 1383 1956 1438 adolevit
1984 1400 2105 1439 aec-

442 1477 839 1531 clesiasticus.

510 1567 597 1620 38.
626 1566 713 1620 Dc
729 1563 1094 1619 monasterio
1112 1568 1448 1624 sanctorum
1474 1561 1750 1615 Ursman’
1767 1568 1826 1616 et
1844 1562 2100 1616 Ermini.

440 1655 665 1709 Horum
706 1655 899 1724 itaque
942 1652 1251 1706 beatorum
1292 1651 1397 1703 Dei
1429 1650 1846 1704 confessorum
1878 1651 2102 1705 dormi-

2230 584 2493 638 debriata
2525 585 2736 653 spiritu
2761 627 2775 654 ,
2822 602 2855 639 a
2885 586 3057 640 beato
3091 586 3374 642 Autberto
3403 589 3747 663 confortata,
3776 594 3859 649 ha-

2225 673 2410 727 bitum
2459 675 2647 727 sancti
2692 674 3007 728 velaminis
3055 676 3329 745 sumpsit.
3366 676 3580 732 Deinde
3625 696 3757 735 vero
3795 698 3858 738 ex

2224 762 2353 815 suis
2385 762 2681 816 dotalibus
2711 762 3021 817 beneﬁciis
3065 767 3121 817 et
3152 765 3411 834 propriis
3442 767 3658 835 prediis
3688 770 3857 838 ipsum

2223 852 2646 905 monasterium
2679 852 2737 904 in
2770 851 2993 906 honore
3026 855 3251 907 sanctae
3283 854 3500 923 Mariae,
3547 871 3618 909 ex
3647 861 3857 913 senten-

2220 940 2299 992 tia
2333 942 2389 993 et
2421 940 2764 994 auctoritate
2796 940 2984 994 sancti
3027 941 3299 995 Autberti
3327 943 3553 1012 patroni
3582 944 3700 1012 sui,
3738 961 3858 1000 con-

2220 1027 2383 1082 didit.
2435 1028 2548 1081 Ubi
2601 1030 2773 1081 etiam
2815 1020 3062 1084 adscitis
3102 1045 3219 1084 non
3260 1030 3465 1100 paucis
3497 1031 3857 1089 familiaribus

2220 1115 2477 1185 feminis,
2510 1118 2821 1186 puritatem
2864 1118 3000 1171 vitae
3040 1118 3353 1173 laudabilis
3386 1120 3628 1189 ducens,
3672 1123 3857 1177 celesti

2220 1220 2444 1275 sponso
2477 1206 2708 1260 obviam
2744 1206 2916 1273 itura,
2940 1207 3268 1276 lampadem
3292 1208 3550 1263 lucernae
3571 1210 3685 1264 sibi
3714 1211 3859 1265 inex-

2216 1293 2552 1364 tinguibilis
2584 1293 2963 1367 preparavit.]
2992 1296 3256 1351 Alterum
3286 1313 3427 1351 vero
3461 1302 3858 1354 monasterium

2218 1384 2311 1436 est
2338 1382 2759 1437 canonicorum
2791 1385 2979 1437 sancti
3010 1382 3308 1440 Germani.

2284 1470 2375 1525 40.
2411 1472 2499 1525 De
2528 1471 2678 1526 cella
2709 1473 2938 1528 sanctis
2970 1472 3222 1527 Gislani.
3249 1474 3372 1529 Nec
3393 1475 3598 1544 procul
3629 1476 3775 1545 hinc,
3807 1477 3857 1532 in

2216 1558 2346 1613 loco
2391 1559 2667 1615 videlicet
2709 1575 2884 1631 quem
2929 1561 3131 1625 dicunt
3175 1562 3413 1632 Cellam,
3458 1566 3858 1620 monasterium

2217 1650 2309 1700 est
2340 1649 2761 1703 monachorum
2795 1651 2983 1703 sancti
3016 1650 3238 1705 Gislani
3270 1650 3521 1722 [(ibid.).
3556 1653 3669 1707 Iste
3698 1653 3855 1707 nimi-

438 1743 616 1797 tionis
638 1741 1037 1795 habitaculum
1068 1738 1527 1809 subjungamus.
1556 1738 1693 1791 Erat
1713 1755 1964 1809 namque
1995 1755 2103 1793 αδο-
2134 1755 2183 1816 B
2216 1751 2367 1805 rum,
2400 1738 2666 1808 angelica
2701 1738 2932 1792 visione
2966 1740 3242 1809 monitus,
3276 1741 3349 1793 ab
3381 1742 3632 1796 Athenis
3655 1741 3860 1814 digres-

440 1831 623 1884 clesia
644 1827 1001 1898 parochialis
1025 1826 1349 1897 subjaccns
1373 1826 1658 1896 prelibato
1679 1827 1945 1894 cenobio,
1968 1844 2100 1898 quae

429 1918 622 1989 juxta,
659 1918 886 1971 scilicet
916 1917 972 1968 in
1003 1916 1224 1969 vertice
1258 1916 1495 1984 montis,
1531 1916 1641 1968 sita
1681 1919 1810 1981 est;
1855 1916 1955 1970 ubi
1984 1917 2099 1986 ipsi

433 2007 727 2075 monachi,
753 2006 859 2059 sed
881 2008 937 2058 et
960 2020 1167 2059 omnes
1192 2004 1567 2059 collimitanei
1597 2005 1823 2057 circum
1857 2009 1913 2058 et
1941 2005 2097 2059 circa

434 2096 758 2167 degentes,
814 2093 1133 2147 tumulandi
1182 2092 1544 2147 ferebantur.
1594 2092 1683 2146 Ad
1732 2093 1881 2147 hanc
1924 2094 2095 2148 etiam

429 2184 760 2238 beatissimi
791 2182 905 2235 viri
934 2182 1257 2235 Ursmarus
1290 2184 1462 2252 atque
1494 2180 1797 2251 Erminus,
1831 2199 1961 2235 cum
1996 2183 2095 2236 de-

429 2273 614 2326 functi
660 2275 834 2341 sunt,
887 2274 1194 2340 portantur
1229 2270 1549 2339 humandi;
1582 2286 1832 2340 quorum
1864 2272 2091 2326 meritis

427 2360 798 2415 declarandis
838 2360 1035 2412 divina
1074 2359 1264 2428 pietas
1306 2358 1487 2412 multa
1525 2360 1804 2413 miracula
1854 2359 2092 2431 dignata

426 2452 519 2504 est
545 2449 797 2519 operari.
832 2448 947 2501 Sed
975 2448 1111 2518 quia
1141 2463 1320 2516 supra
1346 2447 1417 2501 de
1445 2451 1651 2501 sancto
1677 2447 1960 2502 Ursmaro
1984 2465 2090 2518 pa-

424 2554 555 2593 rum
577 2537 879 2608 tetigimus
902 2537 974 2603 (c.
1000 2536 1111 2604 37),
1132 2551 1248 2589 non
1270 2535 1687 2607 incongruum,
1710 2536 1762 2589 si
1785 2537 1855 2590 de
1881 2543 2087 2592 sancto

424 2641 659 2697 quoque
701 2625 938 2678 Ermino
976 2624 1195 2693 aliquid
1225 2624 1610 2693 explicemus.
1649 2624 1685 2696 [(
1709 2625 1766 2678 V.
1800 2626 2086 2695 Ermini.)

424 2715 537 2769 Hic
555 2714 827 2768 nimirum
850 2714 941 2765 vir
964 2714 1098 2766 vitae
1126 2712 1460 2781 laudabilis,
1486 2717 1542 2767 et
1564 2729 1681 2767 non
1706 2730 1905 2783 parum
1926 2731 2084 2785 prae-

424 2804 637 2872 diatus,
673 2803 743 2856 de
776 2817 926 2872 pago
961 2801 1341 2854 Laudunensi
1374 2801 1665 2855 oriundus
1696 2803 1901 2872 extitit,
1927 2808 1981 2856 et
2013 2804 2084 2856 de

423 2893 516 2945 die
544 2893 605 2944 in
637 2891 791 2944 diem
836 2891 894 2943 in
931 2890 1105 2944 bonis
1139 2890 1418 2959 operibus
1449 2890 1791 2959 proficiens,
1825 2893 2083 2945 omnium

2215 1840 2354 1892 sus,
2390 1841 2633 1879 cursum
2665 1842 2791 1880 suae
2822 1828 3319 1898 peregrinationis
3350 1829 3410 1882 in
3441 1830 3571 1900 ipsa
3601 1834 3755 1900 parte
3785 1831 3858 1883 di-

2216 1913 2389 1982 rexit,
2423 1912 2684 1985 illudque
2705 1916 3127 1970 monasterium
3149 1919 3500 1973 auctoritate
3526 1920 3710 1973 sancti
3731 1935 3859 1989 quo-

2212 2017 2326 2071 que
2360 2002 2646 2070 Autberti,
2682 2004 2786 2057 sed
2829 2008 2883 2057 et
2923 2007 3127 2058 sancta
3160 2004 3581 2071 Waldetrude,
3617 2008 3708 2062 cui
3737 2011 3858 2062 tunc

2208 2092 2494 2160 temporis
2526 2092 2798 2146 familiari
2831 2093 3141 2148 dilectione
3164 2094 3507 2164 inhaeserat,
3535 2097 3855 2167 opitulante,

2209 2179 2475 2234 fundavit
2520 2183 2707 2247 (eirea
2752 2198 2846 2235 an.
2894 2179 3068 2253 640.):
3118 2181 3228 2246 Qui
3268 2188 3526 2254 quantus
3558 2186 3650 2239 vel
3682 2186 3857 2256 qualis

2207 2269 2439 2336 vixerit,
2474 2269 2625 2324 liber
2653 2270 2754 2342 qui
2782 2271 2853 2324 de
2886 2271 3017 2324 Vita
3048 2271 3238 2340 ipsius
3272 2275 3664 2343 componitur,
3696 2274 3859 2345 largi-

2210 2360 2300 2411 ter
2330 2358 2596 2412 edixerit.

2277 2446 2365 2500 41.
2401 2446 2490 2501 De
2534 2446 2837 2518 Crispinio
2879 2448 3027 2503 vico.
3069 2449 3133 2503 In
3175 2449 3305 2504 vico
3346 2450 3651 2521 Crispinio
3698 2449 3862 2521 (292)

2204 2536 2632 2590 monasterium
2669 2537 3129 2592 canonichorum
3157 2580 3170 2607 ,
3222 2539 3322 2607 ubi
3371 2544 3623 2594 sanctus
3655 2540 3742 2593 vir
3769 2539 3864 2594 Dei

2204 2621 2584 2693 Landelinus,
2620 2628 2681 2679 ut
2702 2625 2829 2695 jam
2859 2625 3031 2695 paulo
3063 2628 3342 2696 superius
3369 2628 3635 2683 diximus
3658 2630 3728 2697 (c.
3752 2627 3855 2697 37),

2200 2728 2306 2781 pro
2337 2712 2666 2783 frequentia
2700 2715 2946 2768 fratrum
2978 2714 3184 2769 relicto
3219 2716 3544 2771 Laubiensi
3581 2717 3860 2786 ccenobio,

2201 2803 2605 2855 commendato
2649 2802 2774 2856 viro
2814 2803 2917 2856 Dei
2960 2803 3248 2858 Ursmaro
3291 2806 3583 2875 regimine
3626 2806 3859 2874 suisque

2199 2887 2307 2941 rite
2356 2890 2642 2943 ordinatis
2694 2890 2908 2959 rebus,
2958 2893 3244 2961 secessit,
3298 2894 3540 2964 viteque
3579 2894 3860 2949 nitidioris

419 2981 702 3034 virtutum
723 2979 953 3032 cluebat
971 2977 1551 3040 commertiis.Quem
1574 2979 1710 3048 quia
1735 2978 1883 3033 odor
1912 2980 2083 3034 bona
2116 3010 2165 3069 Ο
2196 2976 2559 3044 perfectione
2592 2982 2797 3032 exacta
2829 2980 3097 3051 migrans
3127 2982 3195 3034 ad
3241 2982 3570 3052 Christum,
3624 2984 3679 3036 in
3728 2997 3860 3052 pace

424 3069 718 3139 Opinionis
768 3067 925 3120 illius
971 3066 1146 3138 longe
1194 3066 1426 3136 lateque
1485 3066 1814 3135 increbuit,
1872 3067 2084 3122 beatus

419 3159 766 3227 Ursmarus,
793 3157 1195 3225 supradictum
1222 3156 1643 3209 monasterium
1666 3155 1812 3225 (290)
1839 3172 2078 3229 regens,

420 3248 626 3317 sepius
669 3245 1003 3315 accersiwt,
1054 3244 1327 3314 diemque
1373 3260 1499 3298 sum
1543 3245 1869 3298 vocationis
1900 3246 2082 3298 immi-

418 3352 559 3391 nere
610 3335 987 3405 intelligens,
1040 3332 1236 3402 ipsum
1282 3337 1572 3387 rectorem
1617 3334 1960 3387 monasterii
2001 3331 2079 3374 997

417 3424 717 3493 officiique
750 3423 840 3476 sui
872 3426 1007 3490 post
1038 3436 1104 3474 se
1136 3437 1451 3491 supparem
1482 3425 1538 3475 et
1569 3422 1900 3475 ministrum
1934 3437 2075 3491 pon-

416 3512 752 3580 tiﬁcemque
784 3510 1003 3580 delegit
1029 3510 1146 3578 (an.
1181 3510 1327 3577 'ill).
1362 3510 1423 3563 In
1454 3509 1753 3564 functione
1782 3510 1964 3580 igitur
1994 3512 2077 3564 vi-

418 3600 576 3654 caria
607 3599 994 3668 subrogatus,
1028 3602 1209 3651 totum
1242 3613 1306 3651 se
1334 3598 1392 3650 in
1416 3598 1633 3651 divinis
1658 3598 1915 3653 cultibus
1936 3616 2077 3668 pro-

412 3689 661 3760 pensius
684 3686 1034 3755 mancipavit
1061 3686 1273 3756 suique
1302 3686 1571 3757 magistri
1604 3687 1789 3740 forma
1816 3687 2076 3742 instruc-

414 3782 531 3844 tus,
559 3777 630 3831 de
654 3775 895 3829 creditis
923 3774 1136 3828 ovibus
1166 3790 1365 3828 curam
1394 3774 1646 3828 sollicite
1669 3775 1903 3847 gessit.]
1928 3776 2075 3832 Illud

417 3868 592 3921 etiam
631 3864 899 3933 predium
939 3879 1111 3916 suum
1153 3862 1309 3916 Ercli
1347 3864 1406 3915 in
1444 3863 1655 3917 usibus
1689 3864 1932 3918 fratrum
1966 3882 2074 3920 ex-

2197 3066 2466 3134 sepultus
2498 3067 2699 3120 multis
2731 3068 3049 3122 virtutibus
3094 3071 3452 3124 coruscavit.
3501 3072 3648 3125 Haec
3679 3076 3860 3125 autem

2195 3153 2507 3224 abbatiola,
2543 3160 2602 3209 ut
2636 3156 2693 3208 in
2724 3157 2915 3226 primo
2956 3156 3107 3211 libro
3142 3158 3200 3211 in
3230 3159 3531 3227 preceptis
3565 3159 3861 3231 regalibus

2196 3242 2383 3296 videri
2413 3248 2609 3312 potest
2653 3245 2731 3313 (ι,
2776 3243 2899 3314 68),
2942 3248 3164 3299 sanctae
3196 3246 3302 3299 Dei
3334 3247 3544 3301 matris
3577 3247 3860 3302 (ecclesiae

2192 3330 2708 3386 Cameracensium
2766 3332 3081 3403 subjacere
3142 3334 3358 3389 debere
3406 3336 3700 3402 traditur;
3759 3335 3859 3390 sed

2192 3419 2668 3475 infestationibus
2700 3422 2962 3493 gentium
2994 3422 3491 3492 subripientibus,
3520 3427 3625 3478 aut
3645 3426 3704 3478 in
3737 3440 3858 3477 mu-

2192 3509 2408 3563 tatione
2439 3511 2608 3580 regni
2640 3510 2812 3564 modo
2844 3510 3097 3580 divulsa,
3132 3512 3483 3567 militaribus
3507 3513 3662 3568 viris
3684 3514 3862 3568 bene-

2191 3597 2325 3650 ﬁcio
2356 3596 2682 3651 intiscatur.

2259 3685 2347 3738 42.
2383 3685 2470 3739 De
2508 3685 2642 3739 villa
2678 3685 2957 3742 Condalo.
2993 3688 3163 3758 Apud
3195 3689 3392 3742 villam
3423 3705 3667 3761 quoque
3706 3690 3859 3745 Con-

2189 3774 2385 3827 datum
2415 3773 2564 3844 (293)
2597 3774 2734 3828 olim
2766 3775 2987 3845 regalis
3038 3779 3095 3830 et
3138 3776 3307 3831 dives
3348 3768 3429 3830 in'
3454 3778 3687 3833 honore
3719 3794 3857 3832 san-

2189 3866 2297 3917 ctae
2339 3863 2539 3917 Maria
2579 3862 2809 3917 abbatia
2852 3863 3041 3918 fuerat
3072 3865 3436 3934 puellarum;
3472 3883 3636 3921 nunc
3667 3870 3858 3922 autem

2187 3954 2279 4006 est
2310 3952 2752 4020 monasterium,
2787 3968 2909 4021 prae
2940 3952 3157 4023 inepia,
3192 3969 3516 4022 paucorum
3549 3956 3863 4009 canonico-

408 4043 620 4112 vocati,
664 4041 852 4110 primo
888 4040 1120 4111 quidem
1162 4041 1370 4094 beatus
1410 4041 1731 4096 Ursmarus
1764 4043 1877 4110 (an.
1917 4041 2061 4110 713),
2187 4057 2337 4094 rum.
2366 4040 2487 4121 ’Ubi
2517 4056 2661 4095 sane
2692 4043 2935 4095 sanctus
2966 4041 3059 4095 vir
3090 4042 3195 4096 Dei
3219 4042 3604 4113 Wasnulfus,
3634 4058 3858 4116 genere

410 4132 545 4186 dein
577 4131 669 4184 vir
699 4130 804 4183 Dei
835 4129 1111 4182 Erminus
1142 4130 1277 4200 (an.
1310 4127 1412 4184 737
1432 4131 1472 4199 ),
1507 4130 1566 4183 in
1594 4129 1715 4201 jam
1747 4130 1898 4184 dicta
1932 4148 2067 4201 par-
2184 4130 2418 4197 Scotus,
2454 4144 2636 4183 cursu
2666 4130 3162 4201 peregrinationis
3195 4137 3628 4203 consummato,
3657 4132 3857 4203 sepul-

406 4220 653 4275 rochiali
699 4217 971 4272 {ecclesia
1021 4218 1288 4271 tumulati
1341 4217 1617 4288 fuissent,
1663 4221 1744 4273 tot
1790 4223 1845 4273 et
1886 4221 2067 4275 tantis
2095 4256 2148 4317 D
2180 4221 2460 4273 tuscum
2506 4218 2777 4287 patribus
2821 4220 2879 4271 in
2924 4235 3067 4288 pace
3117 4219 3475 4273 obdormivit
3517 4219 3713 4317 (circa
3762 4237 3856 4274 an.

407 4307 826 4365 muniﬁcentiis
856 4306 1025 4360 locus
1054 4306 1151 4361 ille
1183 4306 1449 4374 donatur,
1486 4311 1545 4360 ut
1584 4307 1884 4363 modernis
1918 4313 2066 4363 tem-
2095 4306 2142 4317 ”
2180 4307 2332 4376 700),
2385 4306 2686 4377 hujusque
2735 4308 2962 4362 meritis
3006 4322 3240 4361 omnem
3290 4309 3482 4362 locum
3528 4308 3861 4364 illustravit

406 4398 658 4470 poribus
690 4394 1048 4449 monasterio
1080 4396 1254 4465 facto,
1288 4396 1557 4449 canonici
1587 4397 1975 4452 mitterentur.
2177 4395 2500 4449 miraculis.

473 4486 562 4541 39.
598 4486 686 4539 Dc
708 4484 913 4537 Monte
937 4483 1284 4538 Castriloco.
1311 4484 1374 4536 In
1395 4485 1534 4538 villa
1555 4485 1882 4540 Castriloco
1914 4487 2061 4555 (291)
2244 4484 2333 4538 43.
2384 4485 2472 4538 De
2523 4483 2657 4537 villa
2712 4484 2947 4538 Lntosa.
3001 4483 3105 4539 Est
3145 4485 3573 4540 monasterium
3608 4502 3857 4558 quoque

400 4576 517 4630 duo
565 4577 800 4645 qudque
846 4573 1201 4626 monasteria
1244 4573 1561 4641 habentur,
1604 4590 1783 4627 unum
1824 4575 2061 4644 quidem

396 4664 745 4734 puellarum,
792 4660 909 4733 [(V.
954 4660 1162 4730 Aut/2.)
1203 4661 1357 4730 quod
1391 4665 1594 4715 sancta
1628 4662 2055 4733 Waldetrudis,

397 4752 659 4822 conjunx
682 4752 867 4806 sancti
895 4749 1165 4819 prclibati
1185 4748 1474 4802 Vincentii
1507 4753 1678 4821 atque
1709 4767 1883 4804 soror
1913 4752 2056 4806 bea-

412 3954 632 4026 pendit.
678 3954 999 4022 Postquam
1038 3967 1178 4005 vero
1219 3952 1391 4006 ambo
1434 3952 1505 4005 ad
1537 3953 2073 4009 remunerationem

2174 4573 2592 4627 canonicorum
2621 4572 2680 4625 in
2711 4572 2935 4627 honore
2967 4574 3368 4643 apostolorum
3393 4574 3556 4628 Petri
3575 4577 3637 4628 et
3656 4574 3852 4638 Pauli,

2171 4662 2231 4716 in
2260 4662 2392 4715 vico
2427 4661 2525 4731 qui
2559 4660 2773 4715 dicitur
2816 4661 3034 4716 Lutosa
3066 4662 3206 4732 (“294
3228 4663 3282 4730 ),
3319 4663 3475 4732 quod
3508 4664 3861 4718 construxit

2168 4752 2379 4805 beatus
2414 4749 2717 4804 Amandus
2744 4767 2755 4812 ;
2792 4751 2849 4803 et
2879 4754 2971 4804 est
3000 4751 3169 4804 dives
3199 4751 3452 4820 abbatia,
3480 4751 3577 4805 ubi
3610 4752 3714 4806 vir
3747 4752 3858 4806 Dei

392 4840 471 4893 ιω
502 4840 890 4911 Aldegundis,
926 4837 1237 4893 editicavit.
1272 4836 1416 4891 Cum
1449 4839 1602 4892 enim
1634 4840 1726 4892 vir
1755 4855 1903 4895 suus
1925 4842 2056 4895 bea—
2170 4838 2530 4894 venerabilis
2563 4836 2789 4891 Baidilo
2823 4838 3181 4908 requiescit,
3225 4839 3327 4910 qui
3359 4854 3577 4909 corpus
3614 4843 3857 4895 sanctae

393 4930 491 4981 tus
514 4928 881 4997 Vincentius,
905 4927 1110 4981 relicto
1130 4925 1332 4980 mundi
1353 4926 1683 4998 naufragio,
1711 4930 2053 4983 monasterii
2172 4929 2369 4982 Marias
2401 4926 2766 4998 Magdalenae
2797 4926 2868 4981 de
2902 4927 3280 4982 Hierusalem
3323 4928 3382 4981 in
3426 4928 3856 5001 Burgundiam

391 5017 627 5086 portum
676 5017 982 5085 expetierit
1007 5058 1020 5084 ,
1068 5015 1198 5086 ipsa
1243 5030 1477 5086 quoque
1518 5016 1713 5069 divina
1744 5016 2052 5072 clementia
2166 5017 2227 5071 in
2254 5017 2382 5071 loco
2415 5014 2777 5070 Vercelliaco
2806 5016 3083 5071 attulisse
3114 5015 3318 5095 fertur.

1687 5128 1979 5190 VARIIE
2027 5129 2516 5191 LECTIONES.

459 5203 538 5247 227
570 5207 992 5262 monasterium
1024 5206 1076 5261 1.

456 5378 606 5454 (287)
646 5381 689 5435 Ι.
732 5397 793 5460 (ε.Δ
827 5383 901 5437 ad
939 5383 1047 5437 Dei
1080 5382 1333 5460 verbum
1371 5384 1812 5460 praedicandum
1844 5389 2052 5460 genti-
2234 5386 2382 5460 (290)
2411 5389 2769 5446 Laubiense.

381 5451 520 5530 bus,
552 5451 672 5508 non
703 5456 895 5508 autem
926 5453 1212 5523 peculiari
1256 5451 1434 5511 alicui
1477 5456 1610 5512 loco
1658 5451 2041 5530 adscriptum.
2225 5451 2374 5530 (291)
2404 5461 2596 5516 Mons.

380 5522 591 5602 Conv;
631 5594 694 5602 ___
928 5522 943 5523 η
1859 5522 1880 5530 ’
2224 5522 2373 5602 (992)
2404 5531 2643 5602 Crepin.

474 5593 602 5673 988)
627 5594 877 5673 Eloyon:
941 5666 1038 5673 ___
1152 5668 1165 5673 _
1282 5669 1292 5673 Α
1384 5671 1399 5673 _
1459 5671 1488 5673 __
1811 5672 1845 5673 Γ
2222 5593 2370 5673 (293)
2400 5593 2621 5673 Conde,
2652 5604 2725 5658 ad
2753 5602 3031 5659 Scaldim.

473 5666 599 5741 289)
627 5666 805 5726 Feret
836 5668 908 5725 de
941 5666 1245 5745 Tiérache,
1277 5669 1337 5727 in
1370 5671 1591 5729 ﬁnibus
1620 5672 1927 5732 Picardiae.
2220 5666 2369 5750 (294)
2399 5666 2618 5750 Leuze,
2650 5675 2804 5734 inter
2837 5675 2951 5735 Ath
2980 5676 3038 5735 et
3066 5674 3347 5735 Tournai.
3380 5674 3469 5735 La
3499 5668 3693 5737 GLAY.
