  <div class='ocr_page' id='page_1' title='image "/cluster/home/n/w/nwhite01/storage/ocr_20150623/149/hvd.32044054760079/077.png"; bbox 0 0 4106 6184; ppageno 0'>
   <div class='ocr_carea' id='block_1_1' title="bbox 409 400 527 463">
    <p class='ocr_par' dir='ltr' id='par_1_1' title="bbox 409 400 527 463">
     <span class='ocr_line' id='line_1_1' title="bbox 409 400 527 463; baseline 0 0"><span class='ocrx_word' id='word_1_1' title='bbox 409 400 527 463; x_wconf 84' lang='grc'>143</span> 
     </span>
    </p>
   </div>
   <div class='ocr_carea' id='block_1_2' title="bbox 1347 374 2963 457">
    <p class='ocr_par' dir='ltr' id='par_1_2' title="bbox 1347 374 2963 457">
     <span class='ocr_line' id='line_1_2' title="bbox 1347 374 2963 457; baseline -0.004 -1"><span class='ocrx_word' id='word_1_2' title='bbox 1347 393 1623 457; x_wconf 87' lang='lat' dir='ltr'>GESTA</span> <span class='ocrx_word' id='word_1_3' title='bbox 1666 374 2189 455; x_wconf 63' lang='lat' dir='ltr'>P‘oN’riFICUM</span> <span class='ocrx_word' id='word_1_4' title='bbox 2226 376 2963 453; x_wconf 84' lang='lat' dir='ltr'>CAMERACENSIUM</span> 
     </span>
    </p>
   </div>
   <div class='ocr_carea' id='block_1_3' title="bbox 3739 383 3862 446">
    <p class='ocr_par' dir='ltr' id='par_1_3' title="bbox 3739 383 3862 446">
     <span class='ocr_line' id='line_1_3' title="bbox 3739 383 3862 446; baseline 0.008 -1"><span class='ocrx_word' id='word_1_5' title='bbox 3739 383 3862 446; x_wconf 84' lang='lat'>144</span> 
     </span>
    </p>
   </div>
   <div class='ocr_carea' id='block_1_4' title="bbox 412 571 3861 672">
    <p class='ocr_par' dir='ltr' id='par_1_4' title="bbox 412 571 3861 672">
     <span class='ocr_line' id='line_1_4' title="bbox 412 571 3861 672; baseline -0.006 -14"><span class='ocrx_word' id='word_1_6' title='bbox 412 602 636 672; x_wconf 78' lang='lat' dir='ltr'>Mariae,</span> <span class='ocrx_word' id='word_1_7' title='bbox 672 616 875 655; x_wconf 86' lang='lat' dir='ltr'><strong>secum</strong></span> <span class='ocrx_word' id='word_1_8' title='bbox 906 598 1230 669; x_wconf 78' lang='lat' dir='ltr'>imperator</span> <span class='ocrx_word' id='word_1_9' title='bbox 1258 595 1544 664; x_wconf 77' lang='lat' dir='ltr'>detinuit;</span> <span class='ocrx_word' id='word_1_10' title='bbox 1576 592 1748 648; x_wconf 86' lang='lat' dir='ltr'>tertio</span> <span class='ocrx_word' id='word_1_11' title='bbox 1787 607 1929 647; x_wconf 89' lang='lat' dir='ltr'>vero</span> <span class='ocrx_word' id='word_1_12' title='bbox 1980 591 2074 645; x_wconf 90' lang='lat' dir='ltr'>die</span> <span class='ocrx_word' id='word_1_13' title='bbox 2104 571 2162 632; x_wconf 84' lang='grc' dir='ltr'><strong>Α</strong></span> <span class='ocrx_word' id='word_1_14' title='bbox 2198 589 2525 644; x_wconf 90' lang='lat' dir='ltr'>secundum</span> <span class='ocrx_word' id='word_1_15' title='bbox 2555 590 2840 645; x_wconf 88' lang='lat' dir='ltr'>monitum</span> <span class='ocrx_word' id='word_1_16' title='bbox 2862 590 2947 643; x_wconf 89' lang='lat' dir='ltr'>ire</span> <span class='ocrx_word' id='word_1_17' title='bbox 2979 588 3339 660; x_wconf 85' lang='lat' dir='ltr'>disponeret,</span> <span class='ocrx_word' id='word_1_18' title='bbox 3374 602 3508 642; x_wconf 90' lang='lat' dir='ltr'>eum</span> <span class='ocrx_word' id='word_1_19' title='bbox 3548 585 3676 639; x_wconf 87' lang='lat' dir='ltr'>suis</span> <span class='ocrx_word' id='word_1_20' title='bbox 3708 584 3861 639; x_wconf 83' lang='lat' dir='ltr'>lide—</span> 
     </span>
    </p>
   </div>
   <div class='ocr_carea' id='block_1_5' title="bbox 410 680 2077 749">
    <p class='ocr_par' dir='ltr' id='par_1_5' title="bbox 410 680 2077 749">
     <span class='ocr_line' id='line_1_5' title="bbox 410 680 2077 749; baseline -0.007 -3"><span class='ocrx_word' id='word_1_21' title='bbox 410 692 707 746; x_wconf 80' lang='lat' dir='ltr'>licentiam</span> <span class='ocrx_word' id='word_1_22' title='bbox 726 686 1070 743; x_wconf 87' lang='lat' dir='ltr'>discedendi</span> <span class='ocrx_word' id='word_1_23' title='bbox 1090 685 1565 749; x_wconf 82' lang='lat' dir='ltr'>accommodans,</span> <span class='ocrx_word' id='word_1_24' title='bbox 1588 681 1901 738; x_wconf 80' lang='lat' dir='ltr'>abbatibus</span> <span class='ocrx_word' id='word_1_25' title='bbox 1922 680 2077 734; x_wconf 91' lang='lat' dir='ltr'>vide-</span> 
     </span>
    </p>
   </div>
   <div class='ocr_carea' id='block_1_6' title="bbox 411 769 2077 846">
    <p class='ocr_par' dir='ltr' id='par_1_6' title="bbox 411 769 2077 846">
     <span class='ocr_line' id='line_1_6' title="bbox 411 769 2077 846; baseline -0.009 -10"><span class='ocrx_word' id='word_1_26' title='bbox 411 783 550 836; x_wconf 81' lang='lat' dir='ltr'>licet</span> <span class='ocrx_word' id='word_1_27' title='bbox 580 780 877 834; x_wconf 80' lang='lat' dir='ltr'>Richardo</span> <span class='ocrx_word' id='word_1_28' title='bbox 907 775 1075 846; x_wconf 82' lang='lat'>(305),</span> <span class='ocrx_word' id='word_1_29' title='bbox 1112 779 1167 830; x_wconf 90' lang='lat' dir='ltr'>et</span> <span class='ocrx_word' id='word_1_30' title='bbox 1196 773 1511 828; x_wconf 88' lang='lat' dir='ltr'>Berthaldo</span> <span class='ocrx_word' id='word_1_31' title='bbox 1547 771 1845 840; x_wconf 84' lang='lat' dir='ltr'>Endensi,</span> <span class='ocrx_word' id='word_1_32' title='bbox 1880 769 1985 822; x_wconf 88' lang='lat' dir='ltr'>sed</span> <span class='ocrx_word' id='word_1_33' title='bbox 2021 772 2077 822; x_wconf 92' lang='lat' dir='ltr'>et</span> 
     </span>
    </p>
   </div>
   <div class='ocr_carea' id='block_1_7' title="bbox 414 858 2071 933">
    <p class='ocr_par' dir='ltr' id='par_1_7' title="bbox 414 858 2071 933">
     <span class='ocr_line' id='line_1_7' title="bbox 414 858 2071 933; baseline -0.008 -9"><span class='ocrx_word' id='word_1_34' title='bbox 414 871 774 924; x_wconf 86' lang='lat' dir='ltr'>Herimanno</span> <span class='ocrx_word' id='word_1_35' title='bbox 817 866 1012 921; x_wconf 84' lang='lat' dir='ltr'>comiti</span> <span class='ocrx_word' id='word_1_36' title='bbox 1047 862 1195 933; x_wconf 84' lang='lat'>(306)</span> <span class='ocrx_word' id='word_1_37' title='bbox 1237 878 1343 932; x_wconf 90' lang='lat' dir='ltr'>per</span> <span class='ocrx_word' id='word_1_38' title='bbox 1389 863 1746 932; x_wconf 81' lang='lat' dir='ltr'>legationem</span> <span class='ocrx_word' id='word_1_39' title='bbox 1791 858 2071 929; x_wconf 86' lang='lat' dir='ltr'>precepit,</span> 
     </span>
    </p>
   </div>
   <div class='ocr_carea' id='block_1_8' title="bbox 412 949 2075 1013">
    <p class='ocr_par' dir='ltr' id='par_1_8' title="bbox 412 949 2075 1013">
     <span class='ocr_line' id='line_1_8' title="bbox 412 949 2075 1013; baseline -0.008 0"><span class='ocrx_word' id='word_1_40' title='bbox 412 962 475 1013; x_wconf 92' lang='lat' dir='ltr'>ut</span> <span class='ocrx_word' id='word_1_41' title='bbox 499 958 828 1013; x_wconf 88' lang='lat' dir='ltr'>Gerardum</span> <span class='ocrx_word' id='word_1_42' title='bbox 856 956 1202 1009; x_wconf 84' lang='lat' dir='ltr'>comitantes</span> <span class='ocrx_word' id='word_1_43' title='bbox 1227 952 1299 1005; x_wconf 91' lang='lat' dir='ltr'>ad</span> <span class='ocrx_word' id='word_1_44' title='bbox 1317 951 1524 1004; x_wconf 84' lang='lat' dir='ltr'>urbem</span> <span class='ocrx_word' id='word_1_45' title='bbox 1548 949 1928 1004; x_wconf 87' lang='lat' dir='ltr'>commissam</span> <span class='ocrx_word' id='word_1_46' title='bbox 1968 961 2075 1000; x_wconf 91' lang='lat' dir='ltr'>us-</span> 
     </span>
    </p>
   </div>
   <div class='ocr_carea' id='block_1_9' title="bbox 414 1034 2074 1119">
    <p class='ocr_par' dir='ltr' id='par_1_9' title="bbox 414 1034 2074 1119">
     <span class='ocr_line' id='line_1_9' title="bbox 414 1034 2074 1119; baseline -0.01 -17"><span class='ocrx_word' id='word_1_47' title='bbox 414 1064 527 1119; x_wconf 88' lang='lat' dir='ltr'>que</span> <span class='ocrx_word' id='word_1_48' title='bbox 550 1047 928 1101; x_wconf 83' lang='lat' dir='ltr'>deducerent.</span> <span class='ocrx_word' id='word_1_49' title='bbox 956 1043 1085 1096; x_wconf 88' lang='lat' dir='ltr'>Hiis</span> <span class='ocrx_word' id='word_1_50' title='bbox 1103 1057 1246 1113; x_wconf 84' lang='lat' dir='ltr'>ergo</span> <span class='ocrx_word' id='word_1_51' title='bbox 1263 1039 1697 1105; x_wconf 88' lang='lat' dir='ltr'>comitantibus,</span> <span class='ocrx_word' id='word_1_52' title='bbox 1716 1052 1849 1090; x_wconf 92' lang='lat' dir='ltr'>cum</span> <span class='ocrx_word' id='word_1_53' title='bbox 1869 1036 1979 1089; x_wconf 88' lang='lat' dir='ltr'>iter</span> <span class='ocrx_word' id='word_1_54' title='bbox 1993 1034 2074 1087; x_wconf 87' lang='lat' dir='ltr'>fa-</span> 
     </span>
    </p>
   </div>
   <div class='ocr_carea' id='block_1_10' title="bbox 414 1123 2074 1198">
    <p class='ocr_par' dir='ltr' id='par_1_10' title="bbox 414 1123 2074 1198">
     <span class='ocr_line' id='line_1_10' title="bbox 414 1123 2074 1198; baseline -0.01 -6"><span class='ocrx_word' id='word_1_55' title='bbox 414 1139 579 1192; x_wconf 85' lang='lat' dir='ltr'>ciens</span> <span class='ocrx_word' id='word_1_56' title='bbox 611 1135 1063 1189; x_wconf 88' lang='lat' dir='ltr'>Valentianense</span> <span class='ocrx_word' id='word_1_57' title='bbox 1096 1133 1357 1184; x_wconf 88' lang='lat' dir='ltr'>castrum</span> <span class='ocrx_word' id='word_1_58' title='bbox 1388 1144 1536 1198; x_wconf 90' lang='lat' dir='ltr'>pene</span> <span class='ocrx_word' id='word_1_59' title='bbox 1570 1126 1819 1194; x_wconf 81' lang='lat' dir='ltr'>subiret,</span> <span class='ocrx_word' id='word_1_60' title='bbox 1840 1123 2074 1178; x_wconf 88' lang='lat' dir='ltr'>Baldui-</span> 
     </span>
    </p>
   </div>
   <div class='ocr_carea' id='block_1_11' title="bbox 413 1213 2075 1291">
    <p class='ocr_par' dir='ltr' id='par_1_11' title="bbox 413 1213 2075 1291">
     <span class='ocr_line' id='line_1_11' title="bbox 413 1213 2075 1291; baseline -0.01 -10"><span class='ocrx_word' id='word_1_61' title='bbox 413 1243 528 1281; x_wconf 92' lang='lat' dir='ltr'>nus</span> <span class='ocrx_word' id='word_1_62' title='bbox 561 1238 760 1279; x_wconf 89' lang='lat' dir='ltr'>comes</span> <span class='ocrx_word' id='word_1_63' title='bbox 811 1223 978 1291; x_wconf 77' lang='lat'>(307),</span> <span class='ocrx_word' id='word_1_64' title='bbox 1023 1219 1220 1273; x_wconf 90' lang='lat' dir='ltr'>audito</span> <span class='ocrx_word' id='word_1_65' title='bbox 1267 1219 1350 1271; x_wconf 89' lang='lat' dir='ltr'>rei</span> <span class='ocrx_word' id='word_1_66' title='bbox 1395 1218 1578 1285; x_wconf 86' lang='lat' dir='ltr'>exitu,</span> <span class='ocrx_word' id='word_1_67' title='bbox 1614 1216 1789 1270; x_wconf 89' lang='lat' dir='ltr'>etiam</span> <span class='ocrx_word' id='word_1_68' title='bbox 1836 1213 2075 1267; x_wconf 84' lang='lat' dir='ltr'>comita—</span> 
     </span>
    </p>
   </div>
   <div class='ocr_carea' id='block_1_12' title="bbox 409 1301 2074 1377">
    <p class='ocr_par' dir='ltr' id='par_1_12' title="bbox 409 1301 2074 1377">
     <span class='ocr_line' id='line_1_12' title="bbox 409 1301 2074 1377; baseline -0.01 -7"><span class='ocrx_word' id='word_1_69' title='bbox 409 1320 580 1370; x_wconf 88' lang='lat' dir='ltr'>turus</span> <span class='ocrx_word' id='word_1_70' title='bbox 612 1327 926 1368; x_wconf 88' lang='lat' dir='ltr'>occurrere</span> <span class='ocrx_word' id='word_1_71' title='bbox 958 1307 1293 1372; x_wconf 87' lang='lat' dir='ltr'>festinavit;</span> <span class='ocrx_word' id='word_1_72' title='bbox 1319 1310 1595 1377; x_wconf 88' lang='lat' dir='ltr'>tantaque</span> <span class='ocrx_word' id='word_1_73' title='bbox 1618 1305 1785 1373; x_wconf 89' lang='lat' dir='ltr'>copia</span> <span class='ocrx_word' id='word_1_74' title='bbox 1808 1302 1992 1357; x_wconf 89' lang='lat' dir='ltr'>fultus</span> <span class='ocrx_word' id='word_1_75' title='bbox 2014 1301 2074 1354; x_wconf 91' lang='lat' dir='ltr'>in</span> 
     </span>
    </p>
   </div>
   <div class='ocr_carea' id='block_1_13' title="bbox 411 1391 2075 1470">
    <p class='ocr_par' dir='ltr' id='par_1_13' title="bbox 411 1391 2075 1470">
     <span class='ocr_line' id='line_1_13' title="bbox 411 1391 2075 1470; baseline -0.008 -12"><span class='ocrx_word' id='word_1_76' title='bbox 411 1405 619 1459; x_wconf 88' lang='lat' dir='ltr'>urbem</span> <span class='ocrx_word' id='word_1_77' title='bbox 641 1400 925 1470; x_wconf 86' lang='lat' dir='ltr'>pervenit,</span> <span class='ocrx_word' id='word_1_78' title='bbox 942 1414 974 1451; x_wconf 89' lang='lat' dir='ltr'>a</span> <span class='ocrx_word' id='word_1_79' title='bbox 993 1396 1211 1466; x_wconf 89' lang='lat' dir='ltr'>populo</span> <span class='ocrx_word' id='word_1_80' title='bbox 1231 1394 1507 1448; x_wconf 91' lang='lat' dir='ltr'>videlicet</span> <span class='ocrx_word' id='word_1_81' title='bbox 1525 1397 1581 1448; x_wconf 93' lang='lat' dir='ltr'>et</span> <span class='ocrx_word' id='word_1_82' title='bbox 1612 1393 1775 1447; x_wconf 89' lang='lat' dir='ltr'>clero</span> <span class='ocrx_word' id='word_1_83' title='bbox 1807 1407 1941 1446; x_wconf 92' lang='lat' dir='ltr'>cum</span> <span class='ocrx_word' id='word_1_84' title='bbox 1960 1391 2075 1445; x_wconf 88' lang='lat' dir='ltr'>leta</span> 
     </span>
    </p>
   </div>
   <div class='ocr_carea' id='block_1_14' title="bbox 412 1481 2074 1551">
    <p class='ocr_par' dir='ltr' id='par_1_14' title="bbox 412 1481 2074 1551">
     <span class='ocr_line' id='line_1_14' title="bbox 412 1481 2074 1551; baseline -0.008 -4"><span class='ocrx_word' id='word_1_85' title='bbox 412 1495 468 1546; x_wconf 91' lang='lat' dir='ltr'>et</span> <span class='ocrx_word' id='word_1_86' title='bbox 501 1488 947 1546; x_wconf 80' lang='lat' dir='ltr'>officiosissima</span> <span class='ocrx_word' id='word_1_87' title='bbox 976 1485 1314 1541; x_wconf 86' lang='lat' dir='ltr'>celebritate</span> <span class='ocrx_word' id='word_1_88' title='bbox 1349 1486 1690 1551; x_wconf 91' lang='lat' dir='ltr'>susceptus.</span> <span class='ocrx_word' id='word_1_89' title='bbox 1728 1481 1902 1536; x_wconf 84' lang='lat' dir='ltr'>Missi</span> <span class='ocrx_word' id='word_1_90' title='bbox 1932 1495 2074 1534; x_wconf 87' lang='lat' dir='ltr'>vero</span> 
     </span>
    </p>
   </div>
   <div class='ocr_carea' id='block_1_15' title="bbox 413 1570 2075 1651">
    <p class='ocr_par' dir='ltr' id='par_1_15' title="bbox 413 1570 2075 1651">
     <span class='ocr_line' id='line_1_15' title="bbox 413 1570 2075 1651; baseline -0.007 -18"><span class='ocrx_word' id='word_1_91' title='bbox 413 1579 564 1651; x_wconf 80' lang='lat' dir='ltr'>regii</span> <span class='ocrx_word' id='word_1_92' title='bbox 596 1577 924 1647; x_wconf 89' lang='lat' dir='ltr'>predictam</span> <span class='ocrx_word' id='word_1_93' title='bbox 954 1576 1016 1643; x_wconf 82' lang='grc' dir='ltr'>(ι,</span> <span class='ocrx_word' id='word_1_94' title='bbox 1053 1571 1177 1642; x_wconf 84' lang='lat'>120)</span> <span class='ocrx_word' id='word_1_95' title='bbox 1227 1573 1479 1629; x_wconf 90' lang='lat' dir='ltr'>Walteri</span> <span class='ocrx_word' id='word_1_96' title='bbox 1528 1571 1799 1625; x_wconf 90' lang='lat' dir='ltr'>sevitiam</span> <span class='ocrx_word' id='word_1_97' title='bbox 1828 1570 2075 1623; x_wconf 91' lang='lat' dir='ltr'>audien-</span> 
     </span>
    </p>
   </div>
   <div class='ocr_carea' id='block_1_16' title="bbox 409 1661 2076 1737">
    <p class='ocr_par' dir='ltr' id='par_1_16' title="bbox 409 1661 2076 1737">
     <span class='ocr_line' id='line_1_16' title="bbox 409 1661 2076 1737; baseline -0.007 -14"><span class='ocrx_word' id='word_1_98' title='bbox 409 1672 523 1737; x_wconf 86' lang='lat' dir='ltr'>tes,</span> <span class='ocrx_word' id='word_1_99' title='bbox 559 1665 915 1721; x_wconf 89' lang='lat' dir='ltr'>mordaciter</span> <span class='ocrx_word' id='word_1_100' title='bbox 942 1663 1108 1717; x_wconf 90' lang='lat' dir='ltr'>illum</span> <span class='ocrx_word' id='word_1_101' title='bbox 1138 1664 1195 1716; x_wconf 90' lang='lat' dir='ltr'>et</span> <span class='ocrx_word' id='word_1_102' title='bbox 1238 1677 1372 1715; x_wconf 91' lang='lat' dir='ltr'>cum</span> <span class='ocrx_word' id='word_1_103' title='bbox 1418 1661 1819 1732; x_wconf 76' lang='lat' dir='ltr'>indignatione</span> <span class='ocrx_word' id='word_1_104' title='bbox 1868 1673 2076 1729; x_wconf 83' lang='lat' dir='ltr'>repre-</span> 
     </span>
    </p>
   </div>
   <div class='ocr_carea' id='block_1_17' title="bbox 412 1747 2075 1821">
    <p class='ocr_par' dir='ltr' id='par_1_17' title="bbox 412 1747 2075 1821">
     <span class='ocr_line' id='line_1_17' title="bbox 412 1747 2075 1821; baseline -0.006 -10"><span class='ocrx_word' id='word_1_105' title='bbox 412 1757 713 1821; x_wconf 89' lang='lat' dir='ltr'>hendunt;</span> <span class='ocrx_word' id='word_1_106' title='bbox 755 1755 931 1807; x_wconf 91' lang='lat' dir='ltr'>immo</span> <span class='ocrx_word' id='word_1_107' title='bbox 986 1756 1043 1806; x_wconf 94' lang='lat' dir='ltr'>et</span> <span class='ocrx_word' id='word_1_108' title='bbox 1089 1767 1205 1821; x_wconf 89' lang='lat' dir='ltr'>quo</span> <span class='ocrx_word' id='word_1_109' title='bbox 1267 1750 1477 1820; x_wconf 88' lang='lat' dir='ltr'>spiritu</span> <span class='ocrx_word' id='word_1_110' title='bbox 1524 1765 1658 1804; x_wconf 89' lang='lat' dir='ltr'>cum</span> <span class='ocrx_word' id='word_1_111' title='bbox 1713 1748 1847 1802; x_wconf 88' lang='lat' dir='ltr'>aliis</span> <span class='ocrx_word' id='word_1_112' title='bbox 1904 1747 2075 1801; x_wconf 87' lang='lat' dir='ltr'>malis</span> 
     </span>
    </p>
   </div>
   <div class='ocr_carea' id='block_1_18' title="bbox 415 1841 2075 1910">
    <p class='ocr_par' dir='ltr' id='par_1_18' title="bbox 415 1841 2075 1910">
     <span class='ocr_line' id='line_1_18' title="bbox 415 1841 2075 1910; baseline -0.007 -10"><span class='ocrx_word' id='word_1_113' title='bbox 415 1847 589 1900; x_wconf 91' lang='lat' dir='ltr'>etiam</span> <span class='ocrx_word' id='word_1_114' title='bbox 621 1845 858 1898; x_wconf 89' lang='lat' dir='ltr'>domum</span> <span class='ocrx_word' id='word_1_115' title='bbox 908 1841 1305 1910; x_wconf 81' lang='lat' dir='ltr'>episcopalem</span> <span class='ocrx_word' id='word_1_116' title='bbox 1354 1854 1645 1908; x_wconf 87' lang='lat' dir='ltr'>occupare</span> <span class='ocrx_word' id='word_1_117' title='bbox 1688 1851 2075 1908; x_wconf 88' lang='lat' dir='ltr'>presumpse-</span> 
     </span>
    </p>
   </div>
   <div class='ocr_carea' id='block_1_19' title="bbox 2195 675 3864 746">
    <p class='ocr_par' dir='ltr' id='par_1_19' title="bbox 2195 675 3864 746">
     <span class='ocr_line' id='line_1_19' title="bbox 2195 675 3864 746; baseline -0.003 -14"><span class='ocrx_word' id='word_1_118' title='bbox 2195 678 2354 733; x_wconf 91' lang='lat' dir='ltr'>libus</span> <span class='ocrx_word' id='word_1_119' title='bbox 2387 679 2559 732; x_wconf 88' lang='lat' dir='ltr'>etiam</span> <span class='ocrx_word' id='word_1_120' title='bbox 2590 679 2953 745; x_wconf 89' lang='lat' dir='ltr'>Walterum,</span> <span class='ocrx_word' id='word_1_121' title='bbox 2988 680 3050 731; x_wconf 91' lang='lat' dir='ltr'>ut</span> <span class='ocrx_word' id='word_1_122' title='bbox 3080 693 3284 732; x_wconf 89' lang='lat' dir='ltr'>secum</span> <span class='ocrx_word' id='word_1_123' title='bbox 3332 679 3629 746; x_wconf 80' lang='lat' dir='ltr'>pergeret,</span> <span class='ocrx_word' id='word_1_124' title='bbox 3664 675 3864 744; x_wconf 88' lang='lat' dir='ltr'>parari</span> 
     </span>
    </p>
   </div>
   <div class='ocr_carea' id='block_1_20' title="bbox 2195 765 3862 837">
    <p class='ocr_par' dir='ltr' id='par_1_20' title="bbox 2195 765 3862 837">
     <span class='ocr_line' id='line_1_20' title="bbox 2195 765 3862 837; baseline -0.001 -17"><span class='ocrx_word' id='word_1_125' title='bbox 2195 768 2480 836; x_wconf 90' lang='lat' dir='ltr'>precepit.</span> <span class='ocrx_word' id='word_1_126' title='bbox 2511 767 2636 831; x_wconf 88' lang='lat' dir='ltr'>Quo</span> <span class='ocrx_word' id='word_1_127' title='bbox 2657 770 2958 837; x_wconf 89' lang='lat' dir='ltr'>renuente,</span> <span class='ocrx_word' id='word_1_128' title='bbox 2992 768 3122 836; x_wconf 89' lang='lat' dir='ltr'>ipse</span> <span class='ocrx_word' id='word_1_129' title='bbox 3154 767 3377 836; x_wconf 70' lang='lat' dir='ltr'>praesul</span> <span class='ocrx_word' id='word_1_130' title='bbox 3408 783 3539 821; x_wconf 92' lang='lat' dir='ltr'>cum</span> <span class='ocrx_word' id='word_1_131' title='bbox 3562 767 3692 820; x_wconf 90' lang='lat' dir='ltr'>suis</span> <span class='ocrx_word' id='word_1_132' title='bbox 3724 765 3862 819; x_wconf 90' lang='lat' dir='ltr'>aliis</span> 
     </span>
    </p>
   </div>
   <div class='ocr_carea' id='block_1_21' title="bbox 2196 853 3858 925">
    <p class='ocr_par' dir='ltr' id='par_1_21' title="bbox 2196 853 3858 925">
     <span class='ocr_line' id='line_1_21' title="bbox 2196 853 3858 925; baseline -0.001 -17"><span class='ocrx_word' id='word_1_133' title='bbox 2196 855 2256 909; x_wconf 90' lang='lat' dir='ltr'>in</span> <span class='ocrx_word' id='word_1_134' title='bbox 2288 857 2491 910; x_wconf 85' lang='lat' dir='ltr'>urbem</span> <span class='ocrx_word' id='word_1_135' title='bbox 2525 856 3013 924; x_wconf 85' lang='lat' dir='ltr'>Leodecensium,</span> <span class='ocrx_word' id='word_1_136' title='bbox 3038 857 3392 925; x_wconf 85' lang='lat' dir='ltr'>praescripto</span> <span class='ocrx_word' id='word_1_137' title='bbox 3416 856 3665 909; x_wconf 87' lang='lat' dir='ltr'>termino</span> <span class='ocrx_word' id='word_1_138' title='bbox 3687 853 3858 923; x_wconf 90' lang='lat'>(311),</span> 
     </span>
    </p>
   </div>
   <div class='ocr_carea' id='block_1_22' title="bbox 2197 944 3862 1017">
    <p class='ocr_par' dir='ltr' id='par_1_22' title="bbox 2197 944 3862 1017">
     <span class='ocr_line' id='line_1_22' title="bbox 2197 944 3862 1017; baseline 0.001 -20"><span class='ocrx_word' id='word_1_139' title='bbox 2197 944 2537 1014; x_wconf 84' lang='lat' dir='ltr'>imperatori</span> <span class='ocrx_word' id='word_1_140' title='bbox 2572 961 2885 1000; x_wconf 90' lang='lat' dir='ltr'>occurrere</span> <span class='ocrx_word' id='word_1_141' title='bbox 2918 946 3240 1011; x_wconf 85' lang='lat' dir='ltr'>festinavit,</span> <span class='ocrx_word' id='word_1_142' title='bbox 3274 946 3652 1017; x_wconf 89' lang='lat' dir='ltr'>debitumque</span> <span class='ocrx_word' id='word_1_143' title='bbox 3682 945 3862 999; x_wconf 89' lang='lat' dir='ltr'>obse-</span> 
     </span>
    </p>
   </div>
   <div class='ocr_carea' id='block_1_23' title="bbox 2197 1032 3865 1105">
    <p class='ocr_par' dir='ltr' id='par_1_23' title="bbox 2197 1032 3865 1105">
     <span class='ocr_line' id='line_1_23' title="bbox 2197 1032 3865 1105; baseline 0.001 -19"><span class='ocrx_word' id='word_1_144' title='bbox 2197 1033 2398 1102; x_wconf 89' lang='lat' dir='ltr'>quium</span> <span class='ocrx_word' id='word_1_145' title='bbox 2421 1032 2732 1101; x_wconf 88' lang='lat' dir='ltr'>exhibens,</span> <span class='ocrx_word' id='word_1_146' title='bbox 2767 1049 2948 1103; x_wconf 89' lang='lat' dir='ltr'>super</span> <span class='ocrx_word' id='word_1_147' title='bbox 2978 1034 3230 1087; x_wconf 89' lang='lat' dir='ltr'>Walteri</span> <span class='ocrx_word' id='word_1_148' title='bbox 3261 1034 3535 1105; x_wconf 82' lang='lat' dir='ltr'>injuriam</span> <span class='ocrx_word' id='word_1_149' title='bbox 3568 1036 3623 1088; x_wconf 90' lang='lat' dir='ltr'>et</span> <span class='ocrx_word' id='word_1_150' title='bbox 3657 1033 3865 1087; x_wconf 89' lang='lat' dir='ltr'>inobe-</span> 
     </span>
    </p>
   </div>
   <div class='ocr_carea' id='block_1_24' title="bbox 2200 1119 3864 1178">
    <p class='ocr_par' dir='ltr' id='par_1_24' title="bbox 2200 1119 3864 1178">
     <span class='ocr_line' id='line_1_24' title="bbox 2200 1119 3864 1178; baseline 0.003 -5"><span class='ocrx_word' id='word_1_151' title='bbox 2200 1119 2477 1174; x_wconf 89' lang='lat' dir='ltr'>dientiam</span> <span class='ocrx_word' id='word_1_152' title='bbox 2501 1122 2867 1175; x_wconf 83' lang='lat' dir='ltr'>exclamavit.</span> <span class='ocrx_word' id='word_1_153' title='bbox 2902 1123 3049 1176; x_wconf 89' lang='lat' dir='ltr'>Post</span> <span class='ocrx_word' id='word_1_154' title='bbox 3088 1123 3216 1176; x_wconf 80' lang='lat' dir='ltr'>haec</span> <span class='ocrx_word' id='word_1_155' title='bbox 3252 1138 3390 1177; x_wconf 90' lang='lat' dir='ltr'>vero</span> <span class='ocrx_word' id='word_1_156' title='bbox 3426 1124 3647 1176; x_wconf 89' lang='lat' dir='ltr'>monuit</span> <span class='ocrx_word' id='word_1_157' title='bbox 3696 1123 3864 1178; x_wconf 88' lang='lat' dir='ltr'>illum</span> 
     </span>
    </p>
   </div>
   <div class='ocr_carea' id='block_1_25' title="bbox 2197 1211 3858 1280">
    <p class='ocr_par' dir='ltr' id='par_1_25' title="bbox 2197 1211 3858 1280">
     <span class='ocr_line' id='line_1_25' title="bbox 2197 1211 3858 1280; baseline 0.001 -17"><span class='ocrx_word' id='word_1_158' title='bbox 2197 1211 2533 1280; x_wconf 87' lang='lat' dir='ltr'>imperator,</span> <span class='ocrx_word' id='word_1_159' title='bbox 2551 1216 2611 1265; x_wconf 93' lang='lat' dir='ltr'>ut</span> <span class='ocrx_word' id='word_1_160' title='bbox 2633 1227 2838 1265; x_wconf 91' lang='lat' dir='ltr'>secum</span> <span class='ocrx_word' id='word_1_161' title='bbox 2860 1211 2930 1264; x_wconf 90' lang='lat' dir='ltr'>ad</span> <span class='ocrx_word' id='word_1_162' title='bbox 2954 1228 3173 1265; x_wconf 90' lang='lat' dir='ltr'>novum</span> <span class='ocrx_word' id='word_1_163' title='bbox 3190 1212 3555 1280; x_wconf 84' lang='lat' dir='ltr'>episcopium</span> <span class='ocrx_word' id='word_1_164' title='bbox 3573 1212 3858 1266; x_wconf 88' lang='lat' dir='ltr'>dedican-</span> 
     </span>
    </p>
   </div>
   <div class='ocr_carea' id='block_1_26' title="bbox 2197 1299 3865 1373">
    <p class='ocr_par' dir='ltr' id='par_1_26' title="bbox 2197 1299 3865 1373">
     <span class='ocr_line' id='line_1_26' title="bbox 2197 1299 3865 1373; baseline 0.001 -20"><span class='ocrx_word' id='word_1_165' title='bbox 2197 1299 2356 1367; x_wconf 92' lang='lat' dir='ltr'>dum,</span> <span class='ocrx_word' id='word_1_166' title='bbox 2386 1299 2444 1353; x_wconf 90' lang='lat' dir='ltr'>in</span> <span class='ocrx_word' id='word_1_167' title='bbox 2476 1300 2771 1353; x_wconf 90' lang='lat' dir='ltr'>civitatem</span> <span class='ocrx_word' id='word_1_168' title='bbox 2804 1300 3078 1355; x_wconf 90' lang='lat' dir='ltr'>videlicet</span> <span class='ocrx_word' id='word_1_169' title='bbox 3108 1302 3481 1373; x_wconf 82' lang='lat' dir='ltr'>Bavenberg,</span> <span class='ocrx_word' id='word_1_170' title='bbox 3524 1317 3640 1354; x_wconf 89' lang='lat' dir='ltr'>una</span> <span class='ocrx_word' id='word_1_171' title='bbox 3674 1302 3865 1371; x_wconf 83' lang='lat' dir='ltr'>proti-</span> 
     </span>
    </p>
   </div>
   <div class='ocr_carea' id='block_1_27' title="bbox 2200 1389 3867 1461">
    <p class='ocr_par' dir='ltr' id='par_1_27' title="bbox 2200 1389 3867 1461">
     <span class='ocr_line' id='line_1_27' title="bbox 2200 1389 3867 1461; baseline 0.001 -17"><span class='ocrx_word' id='word_1_172' title='bbox 2200 1391 2549 1458; x_wconf 89' lang='lat' dir='ltr'>cisceretur,</span> <span class='ocrx_word' id='word_1_173' title='bbox 2583 1389 2784 1460; x_wconf 88' lang='lat' dir='ltr'>ibique</span> <span class='ocrx_word' id='word_1_174' title='bbox 2807 1390 2867 1443; x_wconf 94' lang='lat' dir='ltr'>in</span> <span class='ocrx_word' id='word_1_175' title='bbox 2884 1406 2993 1444; x_wconf 90' lang='lat' dir='ltr'>sua</span> <span class='ocrx_word' id='word_1_176' title='bbox 3023 1394 3323 1460; x_wconf 88' lang='lat' dir='ltr'>presentia</span> <span class='ocrx_word' id='word_1_177' title='bbox 3347 1410 3378 1445; x_wconf 93' lang='lat' dir='ltr'>a</span> <span class='ocrx_word' id='word_1_178' title='bbox 3398 1392 3604 1446; x_wconf 91' lang='lat' dir='ltr'>missis</span> <span class='ocrx_word' id='word_1_179' title='bbox 3626 1395 3867 1461; x_wconf 89' lang='lat' dir='ltr'>aposto-</span> 
     </span>
    </p>
   </div>
   <div class='ocr_carea' id='block_1_28' title="bbox 2202 1478 3867 1550">
    <p class='ocr_par' dir='ltr' id='par_1_28' title="bbox 2202 1478 3867 1550">
     <span class='ocr_line' id='line_1_28' title="bbox 2202 1478 3867 1550; baseline 0.001 -20"><span class='ocrx_word' id='word_1_180' title='bbox 2202 1478 2333 1532; x_wconf 90' lang='lat' dir='ltr'>licis</span> <span class='ocrx_word' id='word_1_181' title='bbox 2358 1478 2674 1548; x_wconf 84' lang='lat' dir='ltr'>multisque</span> <span class='ocrx_word' id='word_1_182' title='bbox 2698 1478 3071 1547; x_wconf 85' lang='lat' dir='ltr'>coepiscopis</span> <span class='ocrx_word' id='word_1_183' title='bbox 3086 1481 3213 1535; x_wconf 88' lang='lat' dir='ltr'>sive</span> <span class='ocrx_word' id='word_1_184' title='bbox 3231 1480 3565 1549; x_wconf 87' lang='lat' dir='ltr'>abbatibus,</span> <span class='ocrx_word' id='word_1_185' title='bbox 3583 1480 3683 1550; x_wconf 89' lang='lat' dir='ltr'>qui</span> <span class='ocrx_word' id='word_1_186' title='bbox 3721 1480 3867 1533; x_wconf 91' lang='lat' dir='ltr'>illuc</span> 
     </span>
    </p>
   </div>
   <div class='ocr_carea' id='block_1_29' title="bbox 2202 1566 3864 1638">
    <p class='ocr_par' dir='ltr' id='par_1_29' title="bbox 2202 1566 3864 1638">
     <span class='ocr_line' id='line_1_29' title="bbox 2202 1566 3864 1638; baseline 0.001 -19"><span class='ocrx_word' id='word_1_187' title='bbox 2202 1567 2275 1621; x_wconf 91' lang='lat' dir='ltr'>ad</span> <span class='ocrx_word' id='word_1_188' title='bbox 2346 1566 2590 1621; x_wconf 91' lang='lat' dir='ltr'>encenia</span> <span class='ocrx_word' id='word_1_189' title='bbox 2655 1566 2832 1637; x_wconf 89' lang='lat'>(312)</span> <span class='ocrx_word' id='word_1_190' title='bbox 2890 1567 3091 1638; x_wconf 90' lang='lat' dir='ltr'>templi</span> <span class='ocrx_word' id='word_1_191' title='bbox 3153 1568 3473 1623; x_wconf 89' lang='lat' dir='ltr'>convenire</span> <span class='ocrx_word' id='word_1_192' title='bbox 3538 1567 3864 1638; x_wconf 87' lang='lat' dir='ltr'>deberent,</span> 
     </span>
    </p>
   </div>
   <div class='ocr_carea' id='block_1_30' title="bbox 2203 1656 3875 1727">
    <p class='ocr_par' dir='ltr' id='par_1_30' title="bbox 2203 1656 3875 1727">
     <span class='ocr_line' id='line_1_30' title="bbox 2203 1656 3875 1727; baseline -0.001 -17"><span class='ocrx_word' id='word_1_193' title='bbox 2203 1656 2576 1710; x_wconf 89' lang='lat' dir='ltr'>ordinaretur</span> <span class='ocrx_word' id='word_1_194' title='bbox 2622 1657 2967 1727; x_wconf 83' lang='lat' dir='ltr'>episcOpus.</span> <span class='ocrx_word' id='word_1_195' title='bbox 2999 1656 3108 1720; x_wconf 88' lang='lat' dir='ltr'>Qui</span> <span class='ocrx_word' id='word_1_196' title='bbox 3139 1673 3195 1712; x_wconf 79' lang='lat' dir='ltr'>et</span> <span class='ocrx_word' id='word_1_197' title='bbox 3227 1657 3280 1711; x_wconf 92' lang='lat' dir='ltr'>si</span> <span class='ocrx_word' id='word_1_198' title='bbox 3339 1657 3751 1711; x_wconf 89' lang='lat' dir='ltr'>honorabilius</span> <span class='ocrx_word' id='word_1_199' title='bbox 3811 1661 3875 1710; x_wconf 88' lang='lat' dir='ltr'>et</span> 
     </span>
    </p>
   </div>
   <div class='ocr_carea' id='block_1_31' title="bbox 2202 1745 3870 1817">
    <p class='ocr_par' dir='ltr' id='par_1_31' title="bbox 2202 1745 3870 1817">
     <span class='ocr_line' id='line_1_31' title="bbox 2202 1745 3870 1817; baseline -0.001 -17"><span class='ocrx_word' id='word_1_200' title='bbox 2202 1746 2636 1814; x_wconf 90' lang='lat' dir='ltr'>disciplinatius</span> <span class='ocrx_word' id='word_1_201' title='bbox 2679 1761 2878 1799; x_wconf 91' lang='lat' dir='ltr'>coram</span> <span class='ocrx_word' id='word_1_202' title='bbox 2922 1746 3087 1817; x_wconf 86' lang='lat' dir='ltr'>regia</span> <span class='ocrx_word' id='word_1_203' title='bbox 3134 1762 3345 1816; x_wconf 89' lang='lat' dir='ltr'>pompa</span> <span class='ocrx_word' id='word_1_204' title='bbox 3389 1750 3446 1801; x_wconf 86' lang='lat' dir='ltr'>et</span> <span class='ocrx_word' id='word_1_205' title='bbox 3489 1745 3870 1800; x_wconf 87' lang='lat' dir='ltr'>Lothariensi</span> 
     </span>
    </p>
   </div>
   <div class='ocr_carea' id='block_1_32' title="bbox 2203 1827 3864 1901">
    <p class='ocr_par' dir='ltr' id='par_1_32' title="bbox 2203 1827 3864 1901">
     <span class='ocr_line' id='line_1_32' title="bbox 2203 1827 3864 1901; baseline -0.001 -11"><span class='ocrx_word' id='word_1_206' title='bbox 2203 1827 2465 1890; x_wconf 81' lang='lat' dir='ltr'>sellertia</span> <span class='ocrx_word' id='word_1_207' title='bbox 2495 1835 2677 1889; x_wconf 90' lang='lat' dir='ltr'>sciret</span> <span class='ocrx_word' id='word_1_208' title='bbox 2707 1850 2774 1888; x_wconf 87' lang='lat' dir='ltr'>se</span> <span class='ocrx_word' id='word_1_209' title='bbox 2805 1835 3230 1890; x_wconf 89' lang='lat' dir='ltr'>ordinandum:</span> <span class='ocrx_word' id='word_1_210' title='bbox 3266 1840 3460 1889; x_wconf 90' lang='lat' dir='ltr'>tamen</span> <span class='ocrx_word' id='word_1_211' title='bbox 3490 1835 3604 1890; x_wconf 90' lang='lat' dir='ltr'>loci</span> <span class='ocrx_word' id='word_1_212' title='bbox 3639 1850 3864 1901; x_wconf 88' lang='lat' dir='ltr'>amore,</span> 
     </span>
    </p>
   </div>
   <div class='ocr_carea' id='block_1_33' title="bbox 414 1922 3869 2004">
    <p class='ocr_par' dir='ltr' id='par_1_33' title="bbox 414 1922 3869 2004">
     <span class='ocr_line' id='line_1_33' title="bbox 414 1922 3869 2004; baseline -0.003 -17"><span class='ocrx_word' id='word_1_213' title='bbox 414 1935 509 2003; x_wconf 89' lang='lat' dir='ltr'>rit,</span> <span class='ocrx_word' id='word_1_214' title='bbox 543 1936 773 2004; x_wconf 79' lang='lat' dir='ltr'>rogant.</span> <span class='ocrx_word' id='word_1_215' title='bbox 798 1931 904 1996; x_wconf 89' lang='lat' dir='ltr'>Qui</span> <span class='ocrx_word' id='word_1_216' title='bbox 939 1945 1074 1984; x_wconf 86' lang='lat' dir='ltr'>mox</span> <span class='ocrx_word' id='word_1_217' title='bbox 1096 1929 1306 1983; x_wconf 86' lang='lat' dir='ltr'>falsam</span> <span class='ocrx_word' id='word_1_218' title='bbox 1330 1927 1736 1982; x_wconf 89' lang='lat' dir='ltr'>defensionem</span> <span class='ocrx_word' id='word_1_219' title='bbox 1755 1926 2070 1997; x_wconf 80' lang='lat' dir='ltr'>objiciens,</span> <span class='ocrx_word' id='word_1_220' title='bbox 2106 1928 2160 1989; x_wconf 87' lang='grc' dir='ltr'>Β</span> <span class='ocrx_word' id='word_1_221' title='bbox 2203 1939 2318 1994; x_wconf 92' lang='lat' dir='ltr'>quo</span> <span class='ocrx_word' id='word_1_222' title='bbox 2349 1924 2605 1977; x_wconf 85' lang='lat' dir='ltr'>nutritus</span> <span class='ocrx_word' id='word_1_223' title='bbox 2638 1922 2850 1991; x_wconf 87' lang='lat' dir='ltr'>fuerat,</span> <span class='ocrx_word' id='word_1_224' title='bbox 2884 1929 3111 1993; x_wconf 88' lang='lat' dir='ltr'>captus,</span> <span class='ocrx_word' id='word_1_225' title='bbox 3148 1940 3179 1977; x_wconf 89' lang='lat' dir='ltr'>a</span> <span class='ocrx_word' id='word_1_226' title='bbox 3210 1924 3368 1977; x_wconf 91' lang='lat' dir='ltr'>nullo</span> <span class='ocrx_word' id='word_1_227' title='bbox 3400 1925 3636 1995; x_wconf 88' lang='lat' dir='ltr'>quidem</span> <span class='ocrx_word' id='word_1_228' title='bbox 3682 1925 3797 1977; x_wconf 90' lang='lat' dir='ltr'>nisi</span> <span class='ocrx_word' id='word_1_229' title='bbox 3833 1939 3869 1976; x_wconf 88' lang='lat' dir='ltr'>a</span> 
     </span>
    </p>
   </div>
   <div class='ocr_carea' id='block_1_34' title="bbox 415 2016 2077 2088">
    <p class='ocr_par' dir='ltr' id='par_1_34' title="bbox 415 2016 2077 2088">
     <span class='ocr_line' id='line_1_34' title="bbox 415 2016 2077 2088; baseline -0.004 -13"><span class='ocrx_word' id='word_1_230' title='bbox 415 2022 703 2075; x_wconf 86' lang='lat' dir='ltr'>fallaciter</span> <span class='ocrx_word' id='word_1_231' title='bbox 742 2020 1073 2088; x_wconf 89' lang='lat' dir='ltr'>conposuit,</span> <span class='ocrx_word' id='word_1_232' title='bbox 1108 2018 1265 2088; x_wconf 87' lang='lat' dir='ltr'>quod</span> <span class='ocrx_word' id='word_1_233' title='bbox 1311 2019 1388 2070; x_wconf 89' lang='lat' dir='ltr'>ita</span> <span class='ocrx_word' id='word_1_234' title='bbox 1421 2032 1486 2070; x_wconf 91' lang='lat' dir='ltr'>se</span> <span class='ocrx_word' id='word_1_235' title='bbox 1517 2016 1713 2069; x_wconf 86' lang='lat' dir='ltr'>facere</span> <span class='ocrx_word' id='word_1_236' title='bbox 1744 2031 1860 2069; x_wconf 90' lang='lat' dir='ltr'>non</span> <span class='ocrx_word' id='word_1_237' title='bbox 1895 2031 2077 2069; x_wconf 90' lang='lat' dir='ltr'>causa</span> 
     </span>
    </p>
   </div>
   <div class='ocr_carea' id='block_1_35' title="bbox 412 2104 2075 2180">
    <p class='ocr_par' dir='ltr' id='par_1_35' title="bbox 412 2104 2075 2180">
     <span class='ocr_line' id='line_1_35' title="bbox 412 2104 2075 2180; baseline -0.004 -16"><span class='ocrx_word' id='word_1_238' title='bbox 412 2110 656 2180; x_wconf 75' lang='lat' dir='ltr'>rapinae,</span> <span class='ocrx_word' id='word_1_239' title='bbox 692 2108 797 2163; x_wconf 87' lang='lat' dir='ltr'>sed</span> <span class='ocrx_word' id='word_1_240' title='bbox 822 2107 1084 2161; x_wconf 89' lang='lat' dir='ltr'>tuitionis</span> <span class='ocrx_word' id='word_1_241' title='bbox 1107 2107 1402 2159; x_wconf 89' lang='lat' dir='ltr'>adversus</span> <span class='ocrx_word' id='word_1_242' title='bbox 1430 2104 1699 2159; x_wconf 88' lang='lat' dir='ltr'>Balduini</span> <span class='ocrx_word' id='word_1_243' title='bbox 1721 2104 1952 2159; x_wconf 90' lang='lat' dir='ltr'>comitis</span> <span class='ocrx_word' id='word_1_244' title='bbox 1973 2105 2075 2157; x_wconf 91' lang='lat' dir='ltr'>im-</span> 
     </span>
    </p>
   </div>
   <div class='ocr_carea' id='block_1_36' title="bbox 412 2193 2077 2269">
    <p class='ocr_par' dir='ltr' id='par_1_36' title="bbox 412 2193 2077 2269">
     <span class='ocr_line' id='line_1_36' title="bbox 412 2193 2077 2269; baseline -0.004 -16"><span class='ocrx_word' id='word_1_245' title='bbox 412 2202 633 2269; x_wconf 89' lang='lat' dir='ltr'>petum,</span> <span class='ocrx_word' id='word_1_246' title='bbox 686 2197 781 2251; x_wconf 92' lang='lat' dir='ltr'>cui</span> <span class='ocrx_word' id='word_1_247' title='bbox 822 2197 973 2250; x_wconf 90' lang='lat' dir='ltr'>male</span> <span class='ocrx_word' id='word_1_248' title='bbox 1011 2198 1329 2265; x_wconf 91' lang='lat' dir='ltr'>suspectus</span> <span class='ocrx_word' id='word_1_249' title='bbox 1372 2197 1525 2262; x_wconf 87' lang='lat' dir='ltr'>erat,</span> <span class='ocrx_word' id='word_1_250' title='bbox 1576 2193 1890 2263; x_wconf 90' lang='lat' dir='ltr'>disposuit.</span> <span class='ocrx_word' id='word_1_251' title='bbox 1948 2193 2077 2247; x_wconf 88' lang='lat' dir='ltr'>Hoc</span> 
     </span>
    </p>
   </div>
   <div class='ocr_carea' id='block_1_37' title="bbox 415 2282 2075 2357">
    <p class='ocr_par' dir='ltr' id='par_1_37' title="bbox 415 2282 2075 2357">
     <span class='ocr_line' id='line_1_37' title="bbox 415 2282 2075 2357; baseline -0.004 -16"><span class='ocrx_word' id='word_1_252' title='bbox 415 2291 608 2341; x_wconf 90' lang='lat' dir='ltr'>autem</span> <span class='ocrx_word' id='word_1_253' title='bbox 638 2286 817 2357; x_wconf 79' lang='lat' dir='ltr'>longe</span> <span class='ocrx_word' id='word_1_254' title='bbox 850 2302 881 2339; x_wconf 90' lang='lat' dir='ltr'>a</span> <span class='ocrx_word' id='word_1_255' title='bbox 911 2285 997 2338; x_wconf 87' lang='lat' dir='ltr'>rei</span> <span class='ocrx_word' id='word_1_256' title='bbox 1028 2285 1272 2338; x_wconf 86' lang='lat' dir='ltr'>veritate</span> <span class='ocrx_word' id='word_1_257' title='bbox 1296 2283 1620 2352; x_wconf 89' lang='lat' dir='ltr'>seclusum,</span> <span class='ocrx_word' id='word_1_258' title='bbox 1640 2299 1708 2336; x_wconf 92' lang='lat' dir='ltr'>ac</span> <span class='ocrx_word' id='word_1_259' title='bbox 1727 2284 1917 2353; x_wconf 82' lang='lat' dir='ltr'>magis</span> <span class='ocrx_word' id='word_1_260' title='bbox 1941 2282 2075 2336; x_wconf 94' lang='lat' dir='ltr'>dolo</span> 
     </span>
    </p>
   </div>
   <div class='ocr_carea' id='block_1_38' title="bbox 416 2372 2077 2447">
    <p class='ocr_par' dir='ltr' id='par_1_38' title="bbox 416 2372 2077 2447">
     <span class='ocr_line' id='line_1_38' title="bbox 416 2372 2077 2447; baseline -0.004 -17"><span class='ocrx_word' id='word_1_261' title='bbox 416 2392 593 2447; x_wconf 90' lang='lat' dir='ltr'>quam</span> <span class='ocrx_word' id='word_1_262' title='bbox 607 2375 719 2429; x_wconf 81' lang='lat' dir='ltr'>fide</span> <span class='ocrx_word' id='word_1_263' title='bbox 734 2372 1039 2428; x_wconf 81' lang='lat' dir='ltr'>suffultum</span> <span class='ocrx_word' id='word_1_264' title='bbox 1058 2372 1184 2427; x_wconf 85' lang='lat' dir='ltr'>fore</span> <span class='ocrx_word' id='word_1_265' title='bbox 1212 2372 1594 2442; x_wconf 87' lang='lat' dir='ltr'>respondent,</span> <span class='ocrx_word' id='word_1_266' title='bbox 1616 2372 1930 2441; x_wconf 87' lang='lat' dir='ltr'>presertim</span> <span class='ocrx_word' id='word_1_267' title='bbox 1944 2378 2077 2424; x_wconf 90' lang='lat' dir='ltr'>cum</span> 
     </span>
    </p>
   </div>
   <div class='ocr_carea' id='block_1_39' title="bbox 416 2460 2081 2533">
    <p class='ocr_par' dir='ltr' id='par_1_39' title="bbox 416 2460 2081 2533">
     <span class='ocr_line' id='line_1_39' title="bbox 416 2460 2081 2533; baseline -0.004 -14"><span class='ocrx_word' id='word_1_268' title='bbox 416 2481 560 2520; x_wconf 89' lang='lat' dir='ltr'>suas</span> <span class='ocrx_word' id='word_1_269' title='bbox 593 2479 737 2533; x_wconf 91' lang='lat' dir='ltr'>opes</span> <span class='ocrx_word' id='word_1_270' title='bbox 768 2464 1014 2515; x_wconf 88' lang='lat' dir='ltr'>intactas</span> <span class='ocrx_word' id='word_1_271' title='bbox 1047 2461 1369 2531; x_wconf 85' lang='lat' dir='ltr'>reliquerit,</span> <span class='ocrx_word' id='word_1_272' title='bbox 1405 2461 1779 2531; x_wconf 87' lang='lat' dir='ltr'>episcopales</span> <span class='ocrx_word' id='word_1_273' title='bbox 1812 2476 1954 2514; x_wconf 89' lang='lat' dir='ltr'>vero</span> <span class='ocrx_word' id='word_1_274' title='bbox 1984 2460 2081 2512; x_wconf 89' lang='lat' dir='ltr'>ab-</span> 
     </span>
    </p>
   </div>
   <div class='ocr_carea' id='block_1_40' title="bbox 415 2549 2080 2619">
    <p class='ocr_par' dir='ltr' id='par_1_40' title="bbox 415 2549 2080 2619">
     <span class='ocr_line' id='line_1_40' title="bbox 415 2549 2080 2619; baseline -0.004 -11"><span class='ocrx_word' id='word_1_275' title='bbox 415 2552 607 2608; x_wconf 89' lang='lat' dir='ltr'>normi</span> <span class='ocrx_word' id='word_1_276' title='bbox 667 2549 953 2605; x_wconf 80' lang='lat' dir='ltr'>effusione</span> <span class='ocrx_word' id='word_1_277' title='bbox 1012 2550 1467 2618; x_wconf 86' lang='lat' dir='ltr'>consumpserit.</span> <span class='ocrx_word' id='word_1_278' title='bbox 1521 2549 1897 2619; x_wconf 87' lang='lat' dir='ltr'>Tandemque</span> <span class='ocrx_word' id='word_1_279' title='bbox 1947 2564 2080 2602; x_wconf 91' lang='lat' dir='ltr'>cum</span> 
     </span>
    </p>
   </div>
   <div class='ocr_carea' id='block_1_41' title="bbox 419 2638 2079 2709">
    <p class='ocr_par' dir='ltr' id='par_1_41' title="bbox 419 2638 2079 2709">
     <span class='ocr_line' id='line_1_41' title="bbox 419 2638 2079 2709; baseline -0.002 -15"><span class='ocrx_word' id='word_1_280' title='bbox 419 2640 736 2709; x_wconf 87' lang='lat' dir='ltr'>asperitate</span> <span class='ocrx_word' id='word_1_281' title='bbox 768 2654 1014 2693; x_wconf 89' lang='lat' dir='ltr'>erroneo</span> <span class='ocrx_word' id='word_1_282' title='bbox 1047 2638 1386 2705; x_wconf 89' lang='lat' dir='ltr'>consulunt,</span> <span class='ocrx_word' id='word_1_283' title='bbox 1421 2641 1729 2691; x_wconf 90' lang='lat' dir='ltr'>monentes</span> <span class='ocrx_word' id='word_1_284' title='bbox 1776 2641 1834 2690; x_wconf 92' lang='lat' dir='ltr'>ut</span> <span class='ocrx_word' id='word_1_285' title='bbox 1870 2638 2079 2691; x_wconf 91' lang='lat' dir='ltr'>melio-</span> 
     </span>
    </p>
   </div>
   <div class='ocr_carea' id='block_1_42' title="bbox 415 2726 2079 2797">
    <p class='ocr_par' dir='ltr' id='par_1_42' title="bbox 415 2726 2079 2797">
     <span class='ocr_line' id='line_1_42' title="bbox 415 2726 2079 2797; baseline -0.001 -15"><span class='ocrx_word' id='word_1_286' title='bbox 415 2732 579 2782; x_wconf 89' lang='lat' dir='ltr'>ratus</span> <span class='ocrx_word' id='word_1_287' title='bbox 611 2728 682 2781; x_wconf 89' lang='lat' dir='ltr'>ab</span> <span class='ocrx_word' id='word_1_288' title='bbox 718 2726 1047 2781; x_wconf 88' lang='lat' dir='ltr'>insolentiis</span> <span class='ocrx_word' id='word_1_289' title='bbox 1088 2726 1415 2780; x_wconf 90' lang='lat' dir='ltr'>desisceret</span> <span class='ocrx_word' id='word_1_290' title='bbox 1447 2726 1626 2797; x_wconf 90' lang='lat'>(308),</span> <span class='ocrx_word' id='word_1_291' title='bbox 1675 2727 2079 2797; x_wconf 86' lang='lat' dir='ltr'>correctisque</span> 
     </span>
    </p>
   </div>
   <div class='ocr_carea' id='block_1_43' title="bbox 416 2815 2079 2886">
    <p class='ocr_par' dir='ltr' id='par_1_43' title="bbox 416 2815 2079 2886">
     <span class='ocr_line' id='line_1_43' title="bbox 416 2815 2079 2886; baseline -0.001 -16"><span class='ocrx_word' id='word_1_292' title='bbox 416 2816 755 2886; x_wconf 67' lang='lat' dir='ltr'>praeteritis,</span> <span class='ocrx_word' id='word_1_293' title='bbox 791 2816 1128 2869; x_wconf 84' lang='lat' dir='ltr'>ﬁdelitatem</span> <span class='ocrx_word' id='word_1_294' title='bbox 1159 2816 1426 2884; x_wconf 89' lang='lat' dir='ltr'>episcopi</span> <span class='ocrx_word' id='word_1_295' title='bbox 1456 2815 1515 2868; x_wconf 94' lang='lat' dir='ltr'>in</span> <span class='ocrx_word' id='word_1_296' title='bbox 1546 2815 1838 2886; x_wconf 85' lang='lat' dir='ltr'>reliquum</span> <span class='ocrx_word' id='word_1_297' title='bbox 1871 2819 2079 2869; x_wconf 90' lang='lat' dir='ltr'>obser-</span> 
     </span>
    </p>
   </div>
   <div class='ocr_carea' id='block_1_44' title="bbox 419 2903 2081 2974">
    <p class='ocr_par' dir='ltr' id='par_1_44' title="bbox 419 2903 2081 2974">
     <span class='ocr_line' id='line_1_44' title="bbox 419 2903 2081 2974; baseline 0.001 -17"><span class='ocrx_word' id='word_1_298' title='bbox 419 2907 603 2959; x_wconf 87' lang='lat' dir='ltr'>varet.</span> <span class='ocrx_word' id='word_1_299' title='bbox 653 2904 714 2958; x_wconf 91' lang='lat' dir='ltr'>Id</span> <span class='ocrx_word' id='word_1_300' title='bbox 761 2903 1038 2958; x_wconf 90' lang='lat' dir='ltr'>continuo</span> <span class='ocrx_word' id='word_1_301' title='bbox 1076 2918 1252 2974; x_wconf 92' lang='lat' dir='ltr'>quam</span> <span class='ocrx_word' id='word_1_302' title='bbox 1298 2907 1501 2958; x_wconf 88' lang='lat' dir='ltr'>sancte</span> <span class='ocrx_word' id='word_1_303' title='bbox 1544 2905 1834 2974; x_wconf 87' lang='lat' dir='ltr'>promisit,</span> <span class='ocrx_word' id='word_1_304' title='bbox 1870 2905 1975 2958; x_wconf 90' lang='lat' dir='ltr'>sed</span> <span class='ocrx_word' id='word_1_305' title='bbox 2020 2908 2081 2959; x_wconf 90' lang='lat' dir='ltr'>ut</span> 
     </span>
    </p>
   </div>
   <div class='ocr_carea' id='block_1_45' title="bbox 356 2992 2079 3064">
    <p class='ocr_par' dir='ltr' id='par_1_45' title="bbox 356 2992 2079 3064">
     <span class='ocr_line' id='line_1_45' title="bbox 356 2992 2079 3064; baseline 0.001 -19"><span class='ocrx_word' id='word_1_306' title='bbox 356 3054 362 3059; x_wconf 28' lang='grc' dir='ltr'><strong><em>ε</em></strong></span> <span class='ocrx_word' id='word_1_307' title='bbox 418 2993 721 3064; x_wconf 84' lang='lat' dir='ltr'>posterius</span> <span class='ocrx_word' id='word_1_308' title='bbox 742 2993 938 3047; x_wconf 90' lang='lat' dir='ltr'>multis</span> <span class='ocrx_word' id='word_1_309' title='bbox 956 2992 1147 3047; x_wconf 90' lang='lat' dir='ltr'>modis</span> <span class='ocrx_word' id='word_1_310' title='bbox 1171 2993 1483 3062; x_wconf 83' lang='lat' dir='ltr'>videbitur,</span> <span class='ocrx_word' id='word_1_311' title='bbox 1510 2992 1683 3047; x_wconf 79' lang='lat' dir='ltr'>fidem</span> <span class='ocrx_word' id='word_1_312' title='bbox 1699 2994 2079 3048; x_wconf 88' lang='lat' dir='ltr'>sermonibus</span> 
     </span>
    </p>
   </div>
   <div class='ocr_carea' id='block_1_46' title="bbox 420 3082 749 3153">
    <p class='ocr_par' dir='ltr' id='par_1_46' title="bbox 420 3082 749 3153">
     <span class='ocr_line' id='line_1_46' title="bbox 420 3082 749 3153; baseline -0.003 -15"><span class='ocrx_word' id='word_1_313' title='bbox 420 3082 749 3153; x_wconf 80' lang='lat' dir='ltr'>derogavit.</span> 
     </span>
    </p>
   </div>
   <div class='ocr_carea' id='block_1_47' title="bbox 490 3171 2077 3243">
    <p class='ocr_par' dir='ltr' id='par_1_47' title="bbox 490 3171 2077 3243">
     <span class='ocr_line' id='line_1_47' title="bbox 490 3171 2077 3243; baseline 0.001 -17"><span class='ocrx_word' id='word_1_314' title='bbox 490 3173 542 3226; x_wconf 86' lang='lat'>2.</span> <span class='ocrx_word' id='word_1_315' title='bbox 594 3171 958 3225; x_wconf 85' lang='lat' dir='ltr'>Procedente</span> <span class='ocrx_word' id='word_1_316' title='bbox 1006 3186 1149 3226; x_wconf 89' lang='lat' dir='ltr'>vero</span> <span class='ocrx_word' id='word_1_317' title='bbox 1197 3172 1394 3242; x_wconf 91' lang='lat' dir='ltr'>aliquo</span> <span class='ocrx_word' id='word_1_318' title='bbox 1442 3173 1726 3242; x_wconf 88' lang='lat' dir='ltr'>temporis</span> <span class='ocrx_word' id='word_1_319' title='bbox 1768 3173 1885 3243; x_wconf 84' lang='lat' dir='ltr'>(an.</span> <span class='ocrx_word' id='word_1_320' title='bbox 1919 3173 2077 3227; x_wconf 89' lang='lat'>1012.</span> 
     </span>
    </p>
   </div>
   <div class='ocr_carea' id='block_1_48' title="bbox 418 3259 2080 3331">
    <p class='ocr_par' dir='ltr' id='par_1_48' title="bbox 418 3259 2080 3331">
     <span class='ocr_line' id='line_1_48' title="bbox 418 3259 2080 3331; baseline 0 -16"><span class='ocrx_word' id='word_1_321' title='bbox 418 3262 606 3315; x_wconf 81' lang='lat' dir='ltr'>Martt</span> <span class='ocrx_word' id='word_1_322' title='bbox 622 3262 662 3331; x_wconf 89' lang='lat'>),</span> <span class='ocrx_word' id='word_1_323' title='bbox 678 3262 806 3330; x_wconf 89' lang='lat' dir='ltr'>ipse</span> <span class='ocrx_word' id='word_1_324' title='bbox 829 3261 1083 3315; x_wconf 85' lang='lat' dir='ltr'>domnus</span> <span class='ocrx_word' id='word_1_325' title='bbox 1105 3259 1428 3330; x_wconf 88' lang='lat' dir='ltr'>Gerardus,</span> <span class='ocrx_word' id='word_1_326' title='bbox 1448 3262 1733 3316; x_wconf 90' lang='lat' dir='ltr'>ordinatis</span> <span class='ocrx_word' id='word_1_327' title='bbox 1755 3262 2080 3316; x_wconf 89' lang='lat' dir='ltr'>suisrebus</span> 
     </span>
    </p>
   </div>
   <div class='ocr_carea' id='block_1_49' title="bbox 418 3349 2077 3422">
    <p class='ocr_par' dir='ltr' id='par_1_49' title="bbox 418 3349 2077 3422">
     <span class='ocr_line' id='line_1_49' title="bbox 418 3349 2077 3422; baseline 0.001 -19"><span class='ocrx_word' id='word_1_328' title='bbox 418 3350 819 3419; x_wconf 85' lang='lat' dir='ltr'>vassallisque</span> <span class='ocrx_word' id='word_1_329' title='bbox 844 3365 909 3402; x_wconf 91' lang='lat' dir='ltr'>ac</span> <span class='ocrx_word' id='word_1_330' title='bbox 928 3349 1164 3403; x_wconf 89' lang='lat' dir='ltr'>clericis</span> <span class='ocrx_word' id='word_1_331' title='bbox 1178 3350 1294 3422; x_wconf 86' lang='lat' dir='ltr'>sibi</span> <span class='ocrx_word' id='word_1_332' title='bbox 1317 3355 1687 3404; x_wconf 86' lang='lat' dir='ltr'>sacramento</span> <span class='ocrx_word' id='word_1_333' title='bbox 1719 3352 2077 3420; x_wconf 88' lang='lat' dir='ltr'>constrictis,</span> 
     </span>
    </p>
   </div>
   <div class='ocr_carea' id='block_1_50' title="bbox 418 3438 2080 3510">
    <p class='ocr_par' dir='ltr' id='par_1_50' title="bbox 418 3438 2080 3510">
     <span class='ocr_line' id='line_1_50' title="bbox 418 3438 2080 3510; baseline 0.001 -19"><span class='ocrx_word' id='word_1_334' title='bbox 418 3439 490 3492; x_wconf 91' lang='lat' dir='ltr'>ad</span> <span class='ocrx_word' id='word_1_335' title='bbox 504 3439 917 3506; x_wconf 86' lang='lat' dir='ltr'>imperatorem</span> <span class='ocrx_word' id='word_1_336' title='bbox 933 3439 990 3490; x_wconf 90' lang='lat' dir='ltr'>in</span> <span class='ocrx_word' id='word_1_337' title='bbox 1003 3438 1204 3490; x_wconf 89' lang='lat' dir='ltr'>villam</span> <span class='ocrx_word' id='word_1_338' title='bbox 1224 3438 1500 3492; x_wconf 86' lang='lat' dir='ltr'>videlicet</span> <span class='ocrx_word' id='word_1_339' title='bbox 1514 3439 1910 3510; x_wconf 82' lang='lat' dir='ltr'>Novimagum</span> <span class='ocrx_word' id='word_1_340' title='bbox 1930 3439 2080 3509; x_wconf 85' lang='lat'>(309)</span> 
     </span>
    </p>
   </div>
   <div class='ocr_carea' id='block_1_51' title="bbox 420 3525 2082 3595">
    <p class='ocr_par' dir='ltr' id='par_1_51' title="bbox 420 3525 2082 3595">
     <span class='ocr_line' id='line_1_51' title="bbox 420 3525 2082 3595; baseline 0.001 -15"><span class='ocrx_word' id='word_1_341' title='bbox 420 3543 487 3580; x_wconf 92' lang='lat' dir='ltr'>se</span> <span class='ocrx_word' id='word_1_342' title='bbox 520 3526 782 3592; x_wconf 87' lang='lat' dir='ltr'>contulit,</span> <span class='ocrx_word' id='word_1_343' title='bbox 821 3530 1026 3579; x_wconf 90' lang='lat' dir='ltr'>etcum</span> <span class='ocrx_word' id='word_1_344' title='bbox 1060 3525 1193 3578; x_wconf 91' lang='lat' dir='ltr'>aliis</span> <span class='ocrx_word' id='word_1_345' title='bbox 1214 3526 1590 3595; x_wconf 88' lang='lat' dir='ltr'>imperatoris</span> <span class='ocrx_word' id='word_1_346' title='bbox 1610 3528 1885 3582; x_wconf 76' lang='lat' dir='ltr'>fidelibus</span> <span class='ocrx_word' id='word_1_347' title='bbox 1908 3530 2082 3582; x_wconf 90' lang='lat' dir='ltr'>etiam</span> 
     </span>
    </p>
   </div>
   <div class='ocr_carea' id='block_1_52' title="bbox 420 3614 2084 3686">
    <p class='ocr_par' dir='ltr' id='par_1_52' title="bbox 420 3614 2084 3686">
     <span class='ocr_line' id='line_1_52' title="bbox 420 3614 2084 3686; baseline 0.002 -18"><span class='ocrx_word' id='word_1_348' title='bbox 420 3614 771 3668; x_wconf 86' lang='lat' dir='ltr'>Balduinum</span> <span class='ocrx_word' id='word_1_349' title='bbox 796 3614 1067 3667; x_wconf 89' lang='lat' dir='ltr'>comitem</span> <span class='ocrx_word' id='word_1_350' title='bbox 1087 3615 1311 3682; x_wconf 87' lang='lat' dir='ltr'>pariter</span> <span class='ocrx_word' id='word_1_351' title='bbox 1332 3615 1531 3683; x_wconf 83' lang='lat' dir='ltr'>duxit;</span> <span class='ocrx_word' id='word_1_352' title='bbox 1562 3616 1659 3669; x_wconf 88' lang='lat' dir='ltr'>ubi</span> <span class='ocrx_word' id='word_1_353' title='bbox 1680 3617 1732 3670; x_wconf 89' lang='lat' dir='ltr'>ei</span> <span class='ocrx_word' id='word_1_354' title='bbox 1767 3618 2084 3686; x_wconf 84' lang='lat' dir='ltr'>imperator</span> 
     </span>
    </p>
   </div>
   <div class='ocr_carea' id='block_1_53' title="bbox 418 3701 2081 3769">
    <p class='ocr_par' dir='ltr' id='par_1_53' title="bbox 418 3701 2081 3769">
     <span class='ocr_line' id='line_1_53' title="bbox 418 3701 2081 3769; baseline 0.004 -14"><span class='ocrx_word' id='word_1_355' title='bbox 418 3703 619 3756; x_wconf 89' lang='lat' dir='ltr'>villam</span> <span class='ocrx_word' id='word_1_356' title='bbox 650 3702 798 3769; x_wconf 87' lang='lat'>(310)</span> <span class='ocrx_word' id='word_1_357' title='bbox 832 3701 1107 3756; x_wconf 77' lang='lat' dir='ltr'>\Nalcras</span> <span class='ocrx_word' id='word_1_358' title='bbox 1148 3703 1541 3758; x_wconf 80' lang='lat' dir='ltr'>beneﬁciavit.</span> <span class='ocrx_word' id='word_1_359' title='bbox 1607 3705 1731 3759; x_wconf 85' lang='lat' dir='ltr'>Hoc</span> <span class='ocrx_word' id='word_1_360' title='bbox 1781 3711 1972 3760; x_wconf 88' lang='lat' dir='ltr'>autem</span> <span class='ocrx_word' id='word_1_361' title='bbox 2024 3712 2081 3762; x_wconf 90' lang='lat' dir='ltr'>in</span> 
     </span>
    </p>
   </div>
   <div class='ocr_carea' id='block_1_54' title="bbox 419 3791 2082 3863">
    <p class='ocr_par' dir='ltr' id='par_1_54' title="bbox 419 3791 2082 3863">
     <span class='ocr_line' id='line_1_54' title="bbox 419 3791 2082 3863; baseline 0.002 -17"><span class='ocrx_word' id='word_1_362' title='bbox 419 3793 553 3846; x_wconf 93' lang='lat' dir='ltr'>loco</span> <span class='ocrx_word' id='word_1_363' title='bbox 580 3792 773 3860; x_wconf 89' lang='lat' dir='ltr'>ipsum</span> <span class='ocrx_word' id='word_1_364' title='bbox 820 3791 1096 3844; x_wconf 85' lang='lat' dir='ltr'>domuum</span> <span class='ocrx_word' id='word_1_365' title='bbox 1129 3791 1451 3845; x_wconf 87' lang='lat' dir='ltr'>Gerardum</span> <span class='ocrx_word' id='word_1_366' title='bbox 1476 3793 1532 3846; x_wconf 93' lang='lat' dir='ltr'>in</span> <span class='ocrx_word' id='word_1_367' title='bbox 1557 3810 1664 3846; x_wconf 90' lang='lat' dir='ltr'>sua</span> <span class='ocrx_word' id='word_1_368' title='bbox 1688 3797 1985 3863; x_wconf 89' lang='lat' dir='ltr'>presentia</span> <span class='ocrx_word' id='word_1_369' title='bbox 1999 3796 2082 3849; x_wconf 84' lang='lat' dir='ltr'>fe-</span> 
     </span>
    </p>
   </div>
   <div class='ocr_carea' id='block_1_55' title="bbox 422 3879 2080 3952">
    <p class='ocr_par' dir='ltr' id='par_1_55' title="bbox 422 3879 2080 3952">
     <span class='ocr_line' id='line_1_55' title="bbox 422 3879 2080 3952; baseline 0.002 -18"><span class='ocrx_word' id='word_1_370' title='bbox 422 3882 499 3934; x_wconf 87' lang='lat' dir='ltr'>cit</span> <span class='ocrx_word' id='word_1_371' title='bbox 531 3880 789 3933; x_wconf 85' lang='lat' dir='ltr'>ordinari</span> <span class='ocrx_word' id='word_1_372' title='bbox 822 3879 1253 3949; x_wconf 69' lang='lat' dir='ltr'>presbyterum.</span> <span class='ocrx_word' id='word_1_373' title='bbox 1282 3881 1546 3952; x_wconf 87' lang='lat' dir='ltr'>Denique</span> <span class='ocrx_word' id='word_1_374' title='bbox 1590 3883 1703 3952; x_wconf 88' lang='lat' dir='ltr'>ipsi</span> <span class='ocrx_word' id='word_1_375' title='bbox 1743 3898 2080 3939; x_wconf 74' lang='lat' dir='ltr'>accommo-</span> 
     </span>
    </p>
   </div>
   <div class='ocr_carea' id='block_1_56' title="bbox 421 3968 2080 4036">
    <p class='ocr_par' dir='ltr' id='par_1_56' title="bbox 421 3968 2080 4036">
     <span class='ocr_line' id='line_1_56' title="bbox 421 3968 2080 4036; baseline 0.004 -14"><span class='ocrx_word' id='word_1_376' title='bbox 421 3970 551 4023; x_wconf 89' lang='lat' dir='ltr'>data</span> <span class='ocrx_word' id='word_1_377' title='bbox 608 3969 907 4021; x_wconf 86' lang='lat' dir='ltr'>remeandi</span> <span class='ocrx_word' id='word_1_378' title='bbox 958 3968 1218 4036; x_wconf 86' lang='lat' dir='ltr'>licentia,</span> <span class='ocrx_word' id='word_1_379' title='bbox 1270 3969 1502 4024; x_wconf 88' lang='lat' dir='ltr'>mandat</span> <span class='ocrx_word' id='word_1_380' title='bbox 1554 3973 1615 4024; x_wconf 92' lang='lat' dir='ltr'>ut</span> <span class='ocrx_word' id='word_1_381' title='bbox 1654 3971 1713 4024; x_wconf 92' lang='lat' dir='ltr'>in</span> <span class='ocrx_word' id='word_1_382' title='bbox 1758 3974 1851 4026; x_wconf 89' lang='lat' dir='ltr'>die</span> <span class='ocrx_word' id='word_1_383' title='bbox 1891 3975 2080 4028; x_wconf 89' lang='lat' dir='ltr'>sancti</span> 
     </span>
    </p>
   </div>
   <div class='ocr_carea' id='block_1_57' title="bbox 419 4055 2081 4131">
    <p class='ocr_par' dir='ltr' id='par_1_57' title="bbox 419 4055 2081 4131">
     <span class='ocr_line' id='line_1_57' title="bbox 419 4055 2081 4131; baseline 0.002 -18"><span class='ocrx_word' id='word_1_384' title='bbox 419 4058 661 4128; x_wconf 81' lang='lat' dir='ltr'>paschae</span> <span class='ocrx_word' id='word_1_385' title='bbox 703 4057 817 4110; x_wconf 86' lang='lat' dir='ltr'>sibi</span> <span class='ocrx_word' id='word_1_386' title='bbox 852 4055 1260 4126; x_wconf 89' lang='lat' dir='ltr'>famulaturus,</span> <span class='ocrx_word' id='word_1_387' title='bbox 1296 4058 1561 4113; x_wconf 76' lang='lat' dir='ltr'>VValtero</span> <span class='ocrx_word' id='word_1_388' title='bbox 1614 4076 1819 4115; x_wconf 88' lang='lat' dir='ltr'>secum</span> <span class='ocrx_word' id='word_1_389' title='bbox 1862 4063 2081 4131; x_wconf 89' lang='lat' dir='ltr'>pariter</span> 
     </span>
    </p>
   </div>
   <div class='ocr_carea' id='block_1_58' title="bbox 418 4146 2074 4216">
    <p class='ocr_par' dir='ltr' id='par_1_58' title="bbox 418 4146 2074 4216">
     <span class='ocr_line' id='line_1_58' title="bbox 418 4146 2074 4216; baseline 0.003 -15"><span class='ocrx_word' id='word_1_390' title='bbox 418 4148 691 4216; x_wconf 90' lang='lat' dir='ltr'>adducto,</span> <span class='ocrx_word' id='word_1_391' title='bbox 725 4146 797 4199; x_wconf 89' lang='lat' dir='ltr'>ad</span> <span class='ocrx_word' id='word_1_392' title='bbox 847 4146 1181 4200; x_wconf 87' lang='lat' dir='ltr'>aecclesiam</span> <span class='ocrx_word' id='word_1_393' title='bbox 1232 4146 1697 4202; x_wconf 87' lang='lat' dir='ltr'>Lcodecensium</span> <span class='ocrx_word' id='word_1_394' title='bbox 1747 4151 2074 4207; x_wconf 81' lang='lat' dir='ltr'>adveniret.</span> 
     </span>
    </p>
   </div>
   <div class='ocr_carea' id='block_1_59' title="bbox 417 4236 2077 4312">
    <p class='ocr_par' dir='ltr' id='par_1_59' title="bbox 417 4236 2077 4312">
     <span class='ocr_line' id='line_1_59' title="bbox 417 4236 2077 4312; baseline 0.005 -23"><span class='ocrx_word' id='word_1_395' title='bbox 417 4236 515 4290; x_wconf 89' lang='lat' dir='ltr'>Sic</span> <span class='ocrx_word' id='word_1_396' title='bbox 546 4251 855 4303; x_wconf 87' lang='lat' dir='ltr'>reversus,</span> <span class='ocrx_word' id='word_1_397' title='bbox 892 4237 1070 4289; x_wconf 88' lang='lat' dir='ltr'>multa</span> <span class='ocrx_word' id='word_1_398' title='bbox 1101 4237 1311 4289; x_wconf 88' lang='lat' dir='ltr'>iterum</span> <span class='ocrx_word' id='word_1_399' title='bbox 1343 4237 1492 4291; x_wconf 89' lang='lat' dir='ltr'>mala</span> <span class='ocrx_word' id='word_1_400' title='bbox 1523 4240 1781 4308; x_wconf 88' lang='lat' dir='ltr'>repperit</span> <span class='ocrx_word' id='word_1_401' title='bbox 1807 4256 1821 4308; x_wconf 85' lang='lat'><strong>;</strong></span> <span class='ocrx_word' id='word_1_402' title='bbox 1863 4242 2077 4312; x_wconf 88' lang='lat' dir='ltr'>quippe</span> 
     </span>
    </p>
   </div>
   <div class='ocr_carea' id='block_1_60' title="bbox 416 4324 2081 4402">
    <p class='ocr_par' dir='ltr' id='par_1_60' title="bbox 416 4324 2081 4402">
     <span class='ocr_line' id='line_1_60' title="bbox 416 4324 2081 4402; baseline 0.003 -22"><span class='ocrx_word' id='word_1_403' title='bbox 416 4326 682 4396; x_wconf 86' lang='lat' dir='ltr'>querulis</span> <span class='ocrx_word' id='word_1_404' title='bbox 713 4340 1033 4395; x_wconf 83' lang='lat' dir='ltr'>pauperum</span> <span class='ocrx_word' id='word_1_405' title='bbox 1054 4324 1413 4380; x_wconf 88' lang='lat' dir='ltr'>clamoribus</span> <span class='ocrx_word' id='word_1_406' title='bbox 1438 4327 1603 4380; x_wconf 87' lang='lat' dir='ltr'>triste</span> <span class='ocrx_word' id='word_1_407' title='bbox 1634 4328 2081 4402; x_wconf 86' lang='lat' dir='ltr'>pulsatus,quo-</span> 
     </span>
    </p>
   </div>
   <div class='ocr_carea' id='block_1_61' title="bbox 418 4413 2078 4485">
    <p class='ocr_par' dir='ltr' id='par_1_61' title="bbox 418 4413 2078 4485">
     <span class='ocr_line' id='line_1_61' title="bbox 418 4413 2078 4485; baseline 0.004 -18"><span class='ocrx_word' id='word_1_408' title='bbox 418 4431 551 4469; x_wconf 91' lang='lat' dir='ltr'>rum</span> <span class='ocrx_word' id='word_1_409' title='bbox 576 4414 880 4467; x_wconf 74' lang='lat' dir='ltr'>\Valterus</span> <span class='ocrx_word' id='word_1_410' title='bbox 912 4413 1062 4467; x_wconf 87' lang='lat' dir='ltr'>alios</span> <span class='ocrx_word' id='word_1_411' title='bbox 1094 4415 1465 4485; x_wconf 84' lang='lat' dir='ltr'>verberabat,</span> <span class='ocrx_word' id='word_1_412' title='bbox 1500 4417 1648 4471; x_wconf 90' lang='lat' dir='ltr'>alios</span> <span class='ocrx_word' id='word_1_413' title='bbox 1681 4418 1932 4473; x_wconf 86' lang='lat' dir='ltr'>insuetis</span> <span class='ocrx_word' id='word_1_414' title='bbox 1975 4437 2078 4473; x_wconf 86' lang='lat' dir='ltr'>ex-</span> 
     </span>
    </p>
   </div>
   <div class='ocr_carea' id='block_1_62' title="bbox 2202 2012 3866 2083">
    <p class='ocr_par' dir='ltr' id='par_1_62' title="bbox 2202 2012 3866 2083">
     <span class='ocr_line' id='line_1_62' title="bbox 2202 2012 3866 2083; baseline 0 -17"><span class='ocrx_word' id='word_1_415' title='bbox 2202 2013 2650 2082; x_wconf 89' lang='lat' dir='ltr'>metropolitano</span> <span class='ocrx_word' id='word_1_416' title='bbox 2678 2012 3060 2067; x_wconf 82' lang='lat' dir='ltr'>Remensium</span> <span class='ocrx_word' id='word_1_417' title='bbox 3076 2012 3526 2083; x_wconf 87' lang='lat' dir='ltr'>archiepiscopo</span> <span class='ocrx_word' id='word_1_418' title='bbox 3541 2029 3608 2067; x_wconf 92' lang='lat' dir='ltr'>se</span> <span class='ocrx_word' id='word_1_419' title='bbox 3630 2014 3866 2067; x_wconf 83' lang='lat' dir='ltr'>ordina-</span> 
     </span>
    </p>
   </div>
   <div class='ocr_carea' id='block_1_63' title="bbox 2202 2101 3868 2172">
    <p class='ocr_par' dir='ltr' id='par_1_63' title="bbox 2202 2101 3868 2172">
     <span class='ocr_line' id='line_1_63' title="bbox 2202 2101 3868 2172; baseline 0 -18"><span class='ocrx_word' id='word_1_420' title='bbox 2202 2104 2323 2155; x_wconf 90' lang='lat' dir='ltr'>tum</span> <span class='ocrx_word' id='word_1_421' title='bbox 2373 2102 2443 2155; x_wconf 91' lang='lat' dir='ltr'>iri</span> <span class='ocrx_word' id='word_1_422' title='bbox 2491 2102 2642 2155; x_wconf 90' lang='lat' dir='ltr'>velle</span> <span class='ocrx_word' id='word_1_423' title='bbox 2681 2101 3020 2171; x_wconf 79' lang='lat' dir='ltr'>respondit;</span> <span class='ocrx_word' id='word_1_424' title='bbox 3073 2103 3287 2172; x_wconf 90' lang='lat' dir='ltr'>quippe</span> <span class='ocrx_word' id='word_1_425' title='bbox 3323 2102 3470 2155; x_wconf 90' lang='lat' dir='ltr'>satis</span> <span class='ocrx_word' id='word_1_426' title='bbox 3518 2102 3762 2172; x_wconf 85' lang='lat' dir='ltr'>provide</span> <span class='ocrx_word' id='word_1_427' title='bbox 3792 2118 3868 2154; x_wconf 89' lang='lat' dir='ltr'>ac</span> 
     </span>
    </p>
   </div>
   <div class='ocr_carea' id='block_1_64' title="bbox 2207 2191 3869 2263">
    <p class='ocr_par' dir='ltr' id='par_1_64' title="bbox 2207 2191 3869 2263">
     <span class='ocr_line' id='line_1_64' title="bbox 2207 2191 3869 2263; baseline -0.001 -19"><span class='ocrx_word' id='word_1_428' title='bbox 2207 2193 2609 2261; x_wconf 87' lang='lat' dir='ltr'>competenter</span> <span class='ocrx_word' id='word_1_429' title='bbox 2631 2207 2869 2245; x_wconf 89' lang='lat' dir='ltr'>causam</span> <span class='ocrx_word' id='word_1_430' title='bbox 2895 2191 3304 2259; x_wconf 89' lang='lat' dir='ltr'>considerans,</span> <span class='ocrx_word' id='word_1_431' title='bbox 3327 2192 3573 2263; x_wconf 65' lang='lat' dir='ltr'>ne’_forte</span> <span class='ocrx_word' id='word_1_432' title='bbox 3590 2191 3869 2245; x_wconf 89' lang='lat' dir='ltr'>videlicet</span> 
     </span>
    </p>
   </div>
   <div class='ocr_carea' id='block_1_65' title="bbox 2204 2279 3865 2349">
    <p class='ocr_par' dir='ltr' id='par_1_65' title="bbox 2204 2279 3865 2349">
     <span class='ocr_line' id='line_1_65' title="bbox 2204 2279 3865 2349; baseline 0.001 -17"><span class='ocrx_word' id='word_1_433' title='bbox 2204 2295 2272 2333; x_wconf 91' lang='lat' dir='ltr'>eo</span> <span class='ocrx_word' id='word_1_434' title='bbox 2322 2280 2493 2333; x_wconf 90' lang='lat' dir='ltr'>etiam</span> <span class='ocrx_word' id='word_1_435' title='bbox 2542 2280 2670 2349; x_wconf 92' lang='lat' dir='ltr'>ipse</span> <span class='ocrx_word' id='word_1_436' title='bbox 2720 2280 3132 2335; x_wconf 89' lang='lat' dir='ltr'>consuetudini</span> <span class='ocrx_word' id='word_1_437' title='bbox 3185 2280 3348 2334; x_wconf 89' lang='lat' dir='ltr'>sedis</span> <span class='ocrx_word' id='word_1_438' title='bbox 3399 2279 3865 2349; x_wconf 75' lang='lat' dir='ltr'>metropolitanaa</span> 
     </span>
    </p>
   </div>
   <div class='ocr_carea' id='block_1_66' title="bbox 2202 2368 3867 2440">
    <p class='ocr_par' dir='ltr' id='par_1_66' title="bbox 2202 2368 3867 2440">
     <span class='ocr_line' id='line_1_66' title="bbox 2202 2368 3867 2440; baseline 0.001 -19"><span class='ocrx_word' id='word_1_439' title='bbox 2202 2369 2494 2422; x_wconf 88' lang='lat' dir='ltr'>contraire</span> <span class='ocrx_word' id='word_1_440' title='bbox 2521 2370 2838 2438; x_wconf 89' lang='lat' dir='ltr'>videretur,</span> <span class='ocrx_word' id='word_1_441' title='bbox 2866 2370 3021 2440; x_wconf 91' lang='lat' dir='ltr'>quod</span> <span class='ocrx_word' id='word_1_442' title='bbox 3046 2370 3299 2422; x_wconf 90' lang='lat' dir='ltr'>domnus</span> <span class='ocrx_word' id='word_1_443' title='bbox 3318 2368 3600 2423; x_wconf 86' lang='lat' dir='ltr'>Erluinus</span> <span class='ocrx_word' id='word_1_444' title='bbox 3631 2370 3867 2437; x_wconf 90' lang='lat' dir='ltr'>episco-</span> 
     </span>
    </p>
   </div>
   <div class='ocr_carea' id='block_1_67' title="bbox 2201 2456 3867 2528">
    <p class='ocr_par' dir='ltr' id='par_1_67' title="bbox 2201 2456 3867 2528">
     <span class='ocr_line' id='line_1_67' title="bbox 2201 2456 3867 2528; baseline 0.001 -17"><span class='ocrx_word' id='word_1_445' title='bbox 2201 2472 2314 2526; x_wconf 86' lang='lat' dir='ltr'>pus</span> <span class='ocrx_word' id='word_1_446' title='bbox 2346 2458 2419 2511; x_wconf 92' lang='lat' dir='ltr'>ob</span> <span class='ocrx_word' id='word_1_447' title='bbox 2451 2458 2851 2528; x_wconf 88' lang='lat' dir='ltr'>supradictam</span> <span class='ocrx_word' id='word_1_448' title='bbox 2893 2458 3325 2512; x_wconf 90' lang='lat' dir='ltr'>contentionem</span> <span class='ocrx_word' id='word_1_449' title='bbox 3384 2458 3441 2526; x_wconf 74' lang='grc' dir='ltr'>(ι,</span> <span class='ocrx_word' id='word_1_450' title='bbox 3479 2456 3621 2527; x_wconf 84' lang='lat'>111),</span> <span class='ocrx_word' id='word_1_451' title='bbox 3660 2458 3867 2512; x_wconf 77' lang='lat' dir='ltr'>Romae</span> 
     </span>
    </p>
   </div>
   <div class='ocr_carea' id='block_1_68' title="bbox 2203 2546 3869 2617">
    <p class='ocr_par' dir='ltr' id='par_1_68' title="bbox 2203 2546 3869 2617">
     <span class='ocr_line' id='line_1_68' title="bbox 2203 2546 3869 2617; baseline 0 -17"><span class='ocrx_word' id='word_1_452' title='bbox 2203 2546 2628 2601; x_wconf 88' lang='lat' dir='ltr'>ordinationem</span> <span class='ocrx_word' id='word_1_453' title='bbox 2677 2551 3043 2617; x_wconf 87' lang='lat' dir='ltr'>susceperat.</span> <span class='ocrx_word' id='word_1_454' title='bbox 3092 2546 3216 2611; x_wconf 90' lang='lat' dir='ltr'>Quo</span> <span class='ocrx_word' id='word_1_455' title='bbox 3273 2547 3505 2615; x_wconf 89' lang='lat' dir='ltr'>audito,</span> <span class='ocrx_word' id='word_1_456' title='bbox 3547 2547 3869 2616; x_wconf 89' lang='lat' dir='ltr'>imperator</span> 
     </span>
    </p>
   </div>
   <div class='ocr_carea' id='block_1_69' title="bbox 2201 2634 3864 2706">
    <p class='ocr_par' dir='ltr' id='par_1_69' title="bbox 2201 2634 3864 2706">
     <span class='ocr_line' id='line_1_69' title="bbox 2201 2634 3864 2706; baseline 0 -18"><span class='ocrx_word' id='word_1_457' title='bbox 2201 2634 2430 2689; x_wconf 89' lang='lat' dir='ltr'>altioris</span> <span class='ocrx_word' id='word_1_458' title='bbox 2452 2636 2685 2689; x_wconf 90' lang='lat' dir='ltr'>consilii</span> <span class='ocrx_word' id='word_1_459' title='bbox 2716 2636 2881 2689; x_wconf 88' lang='lat' dir='ltr'>illum</span> <span class='ocrx_word' id='word_1_460' title='bbox 2913 2636 3250 2704; x_wconf 89' lang='lat' dir='ltr'>advertens,</span> <span class='ocrx_word' id='word_1_461' title='bbox 3272 2635 3525 2689; x_wconf 88' lang='lat' dir='ltr'>libenter</span> <span class='ocrx_word' id='word_1_462' title='bbox 3545 2635 3864 2706; x_wconf 86' lang='lat' dir='ltr'>acquievit,</span> 
     </span>
    </p>
   </div>
   <div class='ocr_carea' id='block_1_70' title="bbox 2204 2723 3866 2795">
    <p class='ocr_par' dir='ltr' id='par_1_70' title="bbox 2204 2723 3866 2795">
     <span class='ocr_line' id='line_1_70' title="bbox 2204 2723 3866 2795; baseline 0.001 -19"><span class='ocrx_word' id='word_1_463' title='bbox 2204 2723 2452 2794; x_wconf 77' lang='lat' dir='ltr'>dataque</span> <span class='ocrx_word' id='word_1_464' title='bbox 2493 2724 2718 2779; x_wconf 87' lang='lat' dir='ltr'>reditus</span> <span class='ocrx_word' id='word_1_465' title='bbox 2771 2726 3042 2791; x_wconf 78' lang='lat' dir='ltr'>licentia,</span> <span class='ocrx_word' id='word_1_466' title='bbox 3091 2725 3341 2795; x_wconf 83' lang='lat' dir='ltr'>largitus</span> <span class='ocrx_word' id='word_1_467' title='bbox 3399 2727 3490 2779; x_wconf 91' lang='lat' dir='ltr'>cst</span> <span class='ocrx_word' id='word_1_468' title='bbox 3537 2725 3587 2778; x_wconf 89' lang='lat' dir='ltr'>ei</span> <span class='ocrx_word' id='word_1_469' title='bbox 3649 2724 3866 2780; x_wconf 85' lang='lat' dir='ltr'>librum</span> 
     </span>
    </p>
   </div>
   <div class='ocr_carea' id='block_1_71' title="bbox 2204 2813 3865 2883">
    <p class='ocr_par' dir='ltr' id='par_1_71' title="bbox 2204 2813 3865 2883">
     <span class='ocr_line' id='line_1_71' title="bbox 2204 2813 3865 2883; baseline 0.001 -19"><span class='ocrx_word' id='word_1_470' title='bbox 2204 2814 2691 2868; x_wconf 89' lang='lat' dir='ltr'>eonsecrationes</span> <span class='ocrx_word' id='word_1_471' title='bbox 2711 2814 3062 2867; x_wconf 87' lang='lat' dir='ltr'>clericorum</span> <span class='ocrx_word' id='word_1_472' title='bbox 3080 2817 3135 2867; x_wconf 91' lang='lat' dir='ltr'>et</span> <span class='ocrx_word' id='word_1_473' title='bbox 3154 2813 3579 2867; x_wconf 85' lang='lat' dir='ltr'>ordinationem</span> <span class='ocrx_word' id='word_1_474' title='bbox 3602 2813 3865 2883; x_wconf 88' lang='lat' dir='ltr'>episcopi</span> 
     </span>
    </p>
   </div>
   <div class='ocr_carea' id='block_1_72' title="bbox 2205 2901 3862 2972">
    <p class='ocr_par' dir='ltr' id='par_1_72' title="bbox 2205 2901 3862 2972">
     <span class='ocr_line' id='line_1_72' title="bbox 2205 2901 3862 2972; baseline 0 -17"><span class='ocrx_word' id='word_1_475' title='bbox 2205 2901 2617 2969; x_wconf 90' lang='lat' dir='ltr'>continentem,</span> <span class='ocrx_word' id='word_1_476' title='bbox 2666 2905 2725 2956; x_wconf 89' lang='lat' dir='ltr'>ut</span> <span class='ocrx_word' id='word_1_477' title='bbox 2774 2920 2881 2972; x_wconf 88' lang='lat' dir='ltr'>per</span> <span class='ocrx_word' id='word_1_478' title='bbox 2929 2903 3086 2956; x_wconf 91' lang='lat' dir='ltr'>hunc</span> <span class='ocrx_word' id='word_1_479' title='bbox 3135 2903 3409 2956; x_wconf 78' lang='lat' dir='ltr'>videlicet</span> <span class='ocrx_word' id='word_1_480' title='bbox 3453 2906 3862 2969; x_wconf 88' lang='lat' dir='ltr'>consecratus,</span> 
     </span>
    </p>
   </div>
   <div class='ocr_carea' id='block_1_73' title="bbox 2204 2989 3867 3061">
    <p class='ocr_par' dir='ltr' id='par_1_73' title="bbox 2204 2989 3867 3061">
     <span class='ocr_line' id='line_1_73' title="bbox 2204 2989 3867 3061; baseline 0.001 -18"><span class='ocrx_word' id='word_1_481' title='bbox 2204 2989 2357 3043; x_wconf 89' lang='lat' dir='ltr'>haud</span> <span class='ocrx_word' id='word_1_482' title='bbox 2392 2989 2648 3044; x_wconf 87' lang='lat' dir='ltr'>fortasse</span> <span class='ocrx_word' id='word_1_483' title='bbox 2677 2991 2912 3061; x_wconf 91' lang='lat' dir='ltr'>quidem</span> <span class='ocrx_word' id='word_1_484' title='bbox 2944 2991 3399 3060; x_wconf 88' lang='lat' dir='ltr'>indisciplinatis</span> <span class='ocrx_word' id='word_1_485' title='bbox 3423 2991 3687 3045; x_wconf 88' lang='lat' dir='ltr'>moribus</span> <span class='ocrx_word' id='word_1_486' title='bbox 3719 2991 3867 3045; x_wconf 85' lang='lat' dir='ltr'>Kar-</span> 
     </span>
    </p>
   </div>
   <div class='ocr_carea' id='block_1_74' title="bbox 2202 3078 3865 3151">
    <p class='ocr_par' dir='ltr' id='par_1_74' title="bbox 2202 3078 3865 3151">
     <span class='ocr_line' id='line_1_74' title="bbox 2202 3078 3865 3151; baseline 0.002 -21"><span class='ocrx_word' id='word_1_487' title='bbox 2202 3078 2459 3133; x_wconf 91' lang='lat' dir='ltr'>lensium</span> <span class='ocrx_word' id='word_1_488' title='bbox 2508 3080 2920 3151; x_wconf 81' lang='lat' dir='ltr'>inregulariter</span> <span class='ocrx_word' id='word_1_489' title='bbox 2962 3082 3350 3135; x_wconf 87' lang='lat' dir='ltr'>ordinaretur.</span> <span class='ocrx_word' id='word_1_490' title='bbox 3395 3081 3563 3135; x_wconf 86' lang='lat' dir='ltr'>Unde</span> <span class='ocrx_word' id='word_1_491' title='bbox 3612 3097 3747 3135; x_wconf 85' lang='lat' dir='ltr'>mox</span> <span class='ocrx_word' id='word_1_492' title='bbox 3792 3081 3865 3134; x_wconf 90' lang='lat' dir='ltr'>ad</span> 
     </span>
    </p>
   </div>
   <div class='ocr_carea' id='block_1_75' title="bbox 2206 3168 3861 3239">
    <p class='ocr_par' dir='ltr' id='par_1_75' title="bbox 2206 3168 3861 3239">
     <span class='ocr_line' id='line_1_75' title="bbox 2206 3168 3861 3239; baseline 0.003 -20"><span class='ocrx_word' id='word_1_493' title='bbox 2206 3182 2312 3220; x_wconf 88' lang='lat' dir='ltr'>sua</span> <span class='ocrx_word' id='word_1_494' title='bbox 2357 3183 2490 3220; x_wconf 91' lang='lat' dir='ltr'>cum</span> <span class='ocrx_word' id='word_1_495' title='bbox 2540 3168 2765 3223; x_wconf 91' lang='lat' dir='ltr'>honore</span> <span class='ocrx_word' id='word_1_496' title='bbox 2812 3172 2868 3222; x_wconf 91' lang='lat' dir='ltr'>et</span> <span class='ocrx_word' id='word_1_497' title='bbox 2910 3170 3304 3239; x_wconf 87' lang='lat' dir='ltr'>prosperitate</span> <span class='ocrx_word' id='word_1_498' title='bbox 3364 3171 3684 3223; x_wconf 89' lang='lat' dir='ltr'>concessit.</span> <span class='ocrx_word' id='word_1_499' title='bbox 3736 3169 3861 3224; x_wconf 88' lang='lat' dir='ltr'>Nec</span> 
     </span>
    </p>
   </div>
   <div class='ocr_carea' id='block_1_76' title="bbox 2113 3241 3866 3328">
    <p class='ocr_par' dir='ltr' id='par_1_76' title="bbox 2113 3241 3866 3328">
     <span class='ocr_line' id='line_1_76' title="bbox 2113 3241 3866 3328; baseline 0.005 -23"><span class='ocrx_word' id='word_1_500' title='bbox 2113 3241 2164 3304; x_wconf 89' lang='lat' dir='ltr'><strong>C</strong></span> <span class='ocrx_word' id='word_1_501' title='bbox 2206 3256 2386 3309; x_wconf 90' lang='lat' dir='ltr'>multo</span> <span class='ocrx_word' id='word_1_502' title='bbox 2418 3260 2553 3325; x_wconf 87' lang='lat' dir='ltr'>post</span> <span class='ocrx_word' id='word_1_503' title='bbox 2576 3257 2796 3326; x_wconf 88' lang='lat' dir='ltr'>paratis</span> <span class='ocrx_word' id='word_1_504' title='bbox 2830 3258 3060 3311; x_wconf 90' lang='lat' dir='ltr'>viatieis</span> <span class='ocrx_word' id='word_1_505' title='bbox 3083 3274 3216 3311; x_wconf 91' lang='lat' dir='ltr'>cum</span> <span class='ocrx_word' id='word_1_506' title='bbox 3235 3274 3481 3312; x_wconf 91' lang='lat' dir='ltr'>suorum</span> <span class='ocrx_word' id='word_1_507' title='bbox 3504 3259 3866 3328; x_wconf 89' lang='lat' dir='ltr'>primoribus</span> 
     </span>
    </p>
   </div>
   <div class='ocr_carea' id='block_1_77' title="bbox 2207 3346 3868 3418">
    <p class='ocr_par' dir='ltr' id='par_1_77' title="bbox 2207 3346 3868 3418">
     <span class='ocr_line' id='line_1_77' title="bbox 2207 3346 3868 3418; baseline 0.002 -19"><span class='ocrx_word' id='word_1_508' title='bbox 2207 3348 2452 3415; x_wconf 87' lang='lat' dir='ltr'>excepto</span> <span class='ocrx_word' id='word_1_509' title='bbox 2496 3346 2785 3415; x_wconf 89' lang='lat' dir='ltr'>Waltero,</span> <span class='ocrx_word' id='word_1_510' title='bbox 2838 3347 3170 3401; x_wconf 55' lang='lat' dir='ltr'>ae‘celesiam</span> <span class='ocrx_word' id='word_1_511' title='bbox 3203 3347 3585 3401; x_wconf 78' lang='lat' dir='ltr'>Remensium</span> <span class='ocrx_word' id='word_1_512' title='bbox 3632 3352 3868 3418; x_wconf 88' lang='lat' dir='ltr'>petens,</span> 
     </span>
    </p>
   </div>
   <div class='ocr_carea' id='block_1_78' title="bbox 2208 3434 3865 3505">
    <p class='ocr_par' dir='ltr' id='par_1_78' title="bbox 2208 3434 3865 3505">
     <span class='ocr_line' id='line_1_78' title="bbox 2208 3434 3865 3505; baseline 0.001 -18"><span class='ocrx_word' id='word_1_513' title='bbox 2208 3450 2438 3487; x_wconf 90' lang='lat' dir='ltr'>summa</span> <span class='ocrx_word' id='word_1_514' title='bbox 2472 3450 2604 3488; x_wconf 90' lang='lat' dir='ltr'>cum</span> <span class='ocrx_word' id='word_1_515' title='bbox 2635 3436 3019 3490; x_wconf 85' lang='lat' dir='ltr'>veneratione</span> <span class='ocrx_word' id='word_1_516' title='bbox 3061 3434 3324 3505; x_wconf 82' lang='lat' dir='ltr'>pontifex</span> <span class='ocrx_word' id='word_1_517' title='bbox 3369 3436 3677 3491; x_wconf 88' lang='lat' dir='ltr'>ordinatur</span> <span class='ocrx_word' id='word_1_518' title='bbox 3715 3435 3865 3505; x_wconf 87' lang='lat'>(313)</span> 
     </span>
    </p>
   </div>
   <div class='ocr_carea' id='block_1_79' title="bbox 2206 3521 3866 3594">
    <p class='ocr_par' dir='ltr' id='par_1_79' title="bbox 2206 3521 3866 3594">
     <span class='ocr_line' id='line_1_79' title="bbox 2206 3521 3866 3594; baseline 0.001 -18"><span class='ocrx_word' id='word_1_519' title='bbox 2206 3522 2375 3594; x_wconf 83' lang='lat' dir='ltr'>[Apr.</span> <span class='ocrx_word' id='word_1_520' title='bbox 2421 3521 2529 3594; x_wconf 89' lang='lat'>27].</span> <span class='ocrx_word' id='word_1_521' title='bbox 2581 3522 2677 3577; x_wconf 91' lang='lat' dir='ltr'>Sic</span> <span class='ocrx_word' id='word_1_522' title='bbox 2722 3524 2917 3593; x_wconf 91' lang='lat' dir='ltr'>itaque</span> <span class='ocrx_word' id='word_1_523' title='bbox 2949 3523 3322 3594; x_wconf 90' lang='lat' dir='ltr'>sublimatus,</span> <span class='ocrx_word' id='word_1_524' title='bbox 3366 3540 3510 3580; x_wconf 91' lang='lat' dir='ltr'>oves</span> <span class='ocrx_word' id='word_1_525' title='bbox 3557 3524 3671 3578; x_wconf 90' lang='lat' dir='ltr'>sibi</span> <span class='ocrx_word' id='word_1_526' title='bbox 3703 3541 3866 3578; x_wconf 84' lang='lat' dir='ltr'>com-</span> 
     </span>
    </p>
   </div>
   <div class='ocr_carea' id='block_1_80' title="bbox 2207 3612 3865 3685">
    <p class='ocr_par' dir='ltr' id='par_1_80' title="bbox 2207 3612 3865 3685">
     <span class='ocr_line' id='line_1_80' title="bbox 2207 3612 3865 3685; baseline 0.001 -20"><span class='ocrx_word' id='word_1_527' title='bbox 2207 3613 2427 3665; x_wconf 91' lang='lat' dir='ltr'>missas</span> <span class='ocrx_word' id='word_1_528' title='bbox 2484 3612 2692 3665; x_wconf 87' lang='lat' dir='ltr'>revisit</span> <span class='ocrx_word' id='word_1_529' title='bbox 2747 3612 3147 3681; x_wconf 87' lang='lat' dir='ltr'>quantocius;</span> <span class='ocrx_word' id='word_1_530' title='bbox 3209 3613 3315 3667; x_wconf 92' lang='lat' dir='ltr'>sed</span> <span class='ocrx_word' id='word_1_531' title='bbox 3372 3629 3742 3685; x_wconf 89' lang='lat' dir='ltr'>nequaquam</span> <span class='ocrx_word' id='word_1_532' title='bbox 3792 3614 3865 3667; x_wconf 91' lang='lat' dir='ltr'>ab</span> 
     </span>
    </p>
   </div>
   <div class='ocr_carea' id='block_1_81' title="bbox 2205 3700 3866 3757">
    <p class='ocr_par' dir='ltr' id='par_1_81' title="bbox 2205 3700 3866 3757">
     <span class='ocr_line' id='line_1_81' title="bbox 2205 3700 3866 3757; baseline 0.002 -4"><span class='ocrx_word' id='word_1_533' title='bbox 2205 3700 2539 3755; x_wconf 89' lang='lat' dir='ltr'>insolentiis</span> <span class='ocrx_word' id='word_1_534' title='bbox 2593 3700 2843 3753; x_wconf 89' lang='lat' dir='ltr'>Walteri</span> <span class='ocrx_word' id='word_1_535' title='bbox 2894 3700 3156 3755; x_wconf 88' lang='lat' dir='ltr'>feriatur.</span> <span class='ocrx_word' id='word_1_536' title='bbox 3207 3700 3480 3755; x_wconf 88' lang='lat' dir='ltr'>Ceterum</span> <span class='ocrx_word' id='word_1_537' title='bbox 3515 3701 3691 3756; x_wconf 85' lang='lat' dir='ltr'>aures</span> <span class='ocrx_word' id='word_1_538' title='bbox 3740 3719 3866 3757; x_wconf 72' lang='lat' dir='ltr'>sua:</span> 
     </span>
    </p>
   </div>
   <div class='ocr_carea' id='block_1_82' title="bbox 2205 3790 3866 3861">
    <p class='ocr_par' dir='ltr' id='par_1_82' title="bbox 2205 3790 3866 3861">
     <span class='ocr_line' id='line_1_82' title="bbox 2205 3790 3866 3861; baseline 0.001 -18"><span class='ocrx_word' id='word_1_539' title='bbox 2205 3790 2592 3861; x_wconf 88' lang='lat' dir='ltr'>querimoniis</span> <span class='ocrx_word' id='word_1_540' title='bbox 2623 3804 2946 3858; x_wconf 89' lang='lat' dir='ltr'>pauperum</span> <span class='ocrx_word' id='word_1_541' title='bbox 2976 3806 3091 3844; x_wconf 91' lang='lat' dir='ltr'>non</span> <span class='ocrx_word' id='word_1_542' title='bbox 3122 3791 3429 3860; x_wconf 85' lang='lat' dir='ltr'>vacabant,</span> <span class='ocrx_word' id='word_1_543' title='bbox 3462 3806 3669 3845; x_wconf 87' lang='lat' dir='ltr'>eorum</span> <span class='ocrx_word' id='word_1_544' title='bbox 3701 3792 3866 3845; x_wconf 89' lang='lat' dir='ltr'>scili-</span> 
     </span>
    </p>
   </div>
   <div class='ocr_carea' id='block_1_83' title="bbox 2206 3878 3868 3951">
    <p class='ocr_par' dir='ltr' id='par_1_83' title="bbox 2206 3878 3868 3951">
     <span class='ocr_line' id='line_1_83' title="bbox 2206 3878 3868 3951; baseline 0.002 -19"><span class='ocrx_word' id='word_1_545' title='bbox 2206 3882 2296 3933; x_wconf 90' lang='lat' dir='ltr'>cet</span> <span class='ocrx_word' id='word_1_546' title='bbox 2328 3895 2478 3949; x_wconf 86' lang='lat' dir='ltr'>quos</span> <span class='ocrx_word' id='word_1_547' title='bbox 2512 3878 2839 3947; x_wconf 66' lang='lat' dir='ltr'>\Valterus,</span> <span class='ocrx_word' id='word_1_548' title='bbox 2861 3881 2921 3931; x_wconf 92' lang='lat' dir='ltr'>ut</span> <span class='ocrx_word' id='word_1_549' title='bbox 2942 3878 3160 3932; x_wconf 88' lang='lat' dir='ltr'>dictum</span> <span class='ocrx_word' id='word_1_550' title='bbox 3188 3883 3298 3944; x_wconf 87' lang='lat' dir='ltr'>est;</span> <span class='ocrx_word' id='word_1_551' title='bbox 3323 3879 3868 3951; x_wconf 77' lang='lat' dir='ltr'>injuriosetorque-</span> 
     </span>
    </p>
   </div>
   <div class='ocr_carea' id='block_1_84' title="bbox 2203 3966 3868 4038">
    <p class='ocr_par' dir='ltr' id='par_1_84' title="bbox 2203 3966 3868 4038">
     <span class='ocr_line' id='line_1_84' title="bbox 2203 3966 3868 4038; baseline 0.002 -17"><span class='ocrx_word' id='word_1_552' title='bbox 2203 3968 2302 4022; x_wconf 88' lang='lat' dir='ltr'>bat</span> <span class='ocrx_word' id='word_1_553' title='bbox 2325 3986 2339 4033; x_wconf 88' lang='lat'>;</span> <span class='ocrx_word' id='word_1_554' title='bbox 2364 3984 2516 4038; x_wconf 91' lang='lat' dir='ltr'>quos</span> <span class='ocrx_word' id='word_1_555' title='bbox 2547 3968 2718 4021; x_wconf 91' lang='lat' dir='ltr'>etiam</span> <span class='ocrx_word' id='word_1_556' title='bbox 2742 3967 3004 4036; x_wconf 90' lang='lat' dir='ltr'>pessime</span> <span class='ocrx_word' id='word_1_557' title='bbox 3026 3966 3292 4038; x_wconf 77' lang='lat' dir='ltr'>affectos,</span> <span class='ocrx_word' id='word_1_558' title='bbox 3318 3968 3566 4038; x_wconf 89' lang='lat' dir='ltr'>direptis</span> <span class='ocrx_word' id='word_1_559' title='bbox 3588 3970 3868 4024; x_wconf 85' lang='lat' dir='ltr'>substan-</span> 
     </span>
    </p>
   </div>
   <div class='ocr_carea' id='block_1_85' title="bbox 2204 4056 3869 4127">
    <p class='ocr_par' dir='ltr' id='par_1_85' title="bbox 2204 4056 3869 4127">
     <span class='ocr_line' id='line_1_85' title="bbox 2204 4056 3869 4127; baseline 0.002 -16"><span class='ocrx_word' id='word_1_560' title='bbox 2204 4057 2402 4125; x_wconf 91' lang='lat' dir='ltr'>tiolis,</span> <span class='ocrx_word' id='word_1_561' title='bbox 2464 4057 2521 4109; x_wconf 89' lang='lat' dir='ltr'>in</span> <span class='ocrx_word' id='word_1_562' title='bbox 2563 4056 2819 4109; x_wconf 89' lang='lat' dir='ltr'>vinculis</span> <span class='ocrx_word' id='word_1_563' title='bbox 2869 4056 3257 4127; x_wconf 85' lang='lat' dir='ltr'>mancipabat.</span> <span class='ocrx_word' id='word_1_564' title='bbox 3320 4057 3486 4111; x_wconf 88' lang='lat' dir='ltr'>Unde</span> <span class='ocrx_word' id='word_1_565' title='bbox 3546 4057 3869 4127; x_wconf 84' lang='lat' dir='ltr'>imperator</span> 
     </span>
    </p>
   </div>
   <div class='ocr_carea' id='block_1_86' title="bbox 2205 4145 3861 4217">
    <p class='ocr_par' dir='ltr' id='par_1_86' title="bbox 2205 4145 3861 4217">
     <span class='ocr_line' id='line_1_86' title="bbox 2205 4145 3861 4217; baseline 0.003 -18"><span class='ocrx_word' id='word_1_566' title='bbox 2205 4146 2567 4199; x_wconf 88' lang='lat' dir='ltr'>exclamante</span> <span class='ocrx_word' id='word_1_567' title='bbox 2600 4145 2807 4198; x_wconf 89' lang='lat' dir='ltr'>iterum</span> <span class='ocrx_word' id='word_1_568' title='bbox 2839 4145 3119 4213; x_wconf 89' lang='lat' dir='ltr'>episcopo</span> <span class='ocrx_word' id='word_1_569' title='bbox 3140 4145 3401 4215; x_wconf 77' lang='lat' dir='ltr'>graviter</span> <span class='ocrx_word' id='word_1_570' title='bbox 3423 4146 3730 4217; x_wconf 84' lang='lat' dir='ltr'>excitatus,</span> <span class='ocrx_word' id='word_1_571' title='bbox 3752 4152 3861 4205; x_wconf 86' lang='lat' dir='ltr'>sed</span> 
     </span>
    </p>
   </div>
   <div class='ocr_carea' id='block_1_87' title="bbox 2206 4233 3869 4307">
    <p class='ocr_par' dir='ltr' id='par_1_87' title="bbox 2206 4233 3869 4307">
     <span class='ocr_line' id='line_1_87' title="bbox 2206 4233 3869 4307; baseline 0.002 -18"><span class='ocrx_word' id='word_1_572' title='bbox 2206 4239 2261 4289; x_wconf 88' lang='lat' dir='ltr'>et</span> <span class='ocrx_word' id='word_1_573' title='bbox 2274 4234 2683 4289; x_wconf 85' lang='lat' dir='ltr'>recordatione</span> <span class='ocrx_word' id='word_1_574' title='bbox 2706 4233 2804 4304; x_wconf 80' lang='lat' dir='ltr'>huj</span> <span class='ocrx_word' id='word_1_575' title='bbox 2815 4233 3046 4287; x_wconf 90' lang='lat' dir='ltr'>usmodi</span> <span class='ocrx_word' id='word_1_576' title='bbox 3063 4236 3622 4303; x_wconf 88' lang='lat' dir='ltr'>controversiarum,</span> <span class='ocrx_word' id='word_1_577' title='bbox 3640 4253 3791 4307; x_wconf 88' lang='lat' dir='ltr'>quas</span> <span class='ocrx_word' id='word_1_578' title='bbox 3808 4239 3869 4292; x_wconf 90' lang='lat' dir='ltr'>in</span> 
     </span>
    </p>
   </div>
   <div class='ocr_carea' id='block_1_88' title="bbox 2207 4320 3860 4396">
    <p class='ocr_par' dir='ltr' id='par_1_88' title="bbox 2207 4320 3860 4396">
     <span class='ocr_line' id='line_1_88' title="bbox 2207 4320 3860 4396; baseline 0.002 -21"><span class='ocrx_word' id='word_1_579' title='bbox 2207 4322 2514 4376; x_wconf 85' lang='lat' dir='ltr'>Erluinum</span> <span class='ocrx_word' id='word_1_580' title='bbox 2562 4337 2796 4391; x_wconf 90' lang='lat' dir='ltr'>quoque</span> <span class='ocrx_word' id='word_1_581' title='bbox 2840 4320 3058 4374; x_wconf 90' lang='lat' dir='ltr'>dudum</span> <span class='ocrx_word' id='word_1_582' title='bbox 3108 4326 3490 4391; x_wconf 86' lang='lat' dir='ltr'>exercuerat,</span> <span class='ocrx_word' id='word_1_583' title='bbox 3545 4323 3860 4396; x_wconf 73' lang='lat' dir='ltr'>efferatus,</span> 
     </span>
    </p>
   </div>
   <div class='ocr_carea' id='block_1_89' title="bbox 2207 4408 3865 4487">
    <p class='ocr_par' dir='ltr' id='par_1_89' title="bbox 2207 4408 3865 4487">
     <span class='ocr_line' id='line_1_89' title="bbox 2207 4408 3865 4487; baseline 0.003 -24"><span class='ocrx_word' id='word_1_584' title='bbox 2207 4410 2470 4465; x_wconf 88' lang='lat' dir='ltr'>illustres</span> <span class='ocrx_word' id='word_1_585' title='bbox 2500 4410 2665 4463; x_wconf 89' lang='lat' dir='ltr'>viros</span> <span class='ocrx_word' id='word_1_586' title='bbox 2698 4408 2963 4464; x_wconf 88' lang='lat' dir='ltr'>comites.</span> <span class='ocrx_word' id='word_1_587' title='bbox 3007 4409 3388 4464; x_wconf 88' lang='lat' dir='ltr'>Godefridum</span> <span class='ocrx_word' id='word_1_588' title='bbox 3436 4412 3663 4467; x_wconf 89' lang='lat' dir='ltr'>scilicet</span> <span class='ocrx_word' id='word_1_589' title='bbox 3714 4414 3865 4487; x_wconf 72' lang='lat'>(311)</span> 
     </span>
    </p>
   </div>
   <div class='ocr_carea' id='block_1_90' title="bbox 415 4497 3869 4580">
    <p class='ocr_par' dir='ltr' id='par_1_90' title="bbox 415 4497 3869 4580">
     <span class='ocr_line' id='line_1_90' title="bbox 415 4497 3869 4580; baseline 0.001 -23"><span class='ocrx_word' id='word_1_590' title='bbox 415 4504 747 4557; x_wconf 89' lang='lat' dir='ltr'>actionibus</span> <span class='ocrx_word' id='word_1_591' title='bbox 779 4518 1015 4571; x_wconf 87' lang='lat' dir='ltr'>semper</span> <span class='ocrx_word' id='word_1_592' title='bbox 1041 4504 1309 4557; x_wconf 85' lang='lat' dir='ltr'>vexabat.</span> <span class='ocrx_word' id='word_1_593' title='bbox 1337 4504 1526 4574; x_wconf 88' lang='lat' dir='ltr'>Super</span> <span class='ocrx_word' id='word_1_594' title='bbox 1560 4506 1687 4560; x_wconf 68' lang='lat' dir='ltr'>haec</span> <span class='ocrx_word' id='word_1_595' title='bbox 1720 4523 1863 4578; x_wconf 83' lang='lat' dir='ltr'>ergo</span> <span class='ocrx_word' id='word_1_596' title='bbox 1895 4509 2079 4562; x_wconf 83' lang='lat' dir='ltr'>tiran-</span> <span class='ocrx_word' id='word_1_597' title='bbox 2117 4520 2167 4580; x_wconf 83' lang='lat' dir='ltr'>D</span> <span class='ocrx_word' id='word_1_598' title='bbox 2204 4506 2409 4571; x_wconf 90' lang='lat' dir='ltr'>postea</span> <span class='ocrx_word' id='word_1_599' title='bbox 2440 4500 2670 4567; x_wconf 91' lang='lat' dir='ltr'>ducem,</span> <span class='ocrx_word' id='word_1_600' title='bbox 2704 4497 3061 4568; x_wconf 83' lang='lat' dir='ltr'>fratremque</span> <span class='ocrx_word' id='word_1_601' title='bbox 3094 4498 3536 4571; x_wconf 88' lang='lat' dir='ltr'>Herimannum,</span> <span class='ocrx_word' id='word_1_602' title='bbox 3572 4503 3707 4557; x_wconf 89' lang='lat' dir='ltr'>huic</span> <span class='ocrx_word' id='word_1_603' title='bbox 3732 4506 3869 4563; x_wconf 87' lang='lat' dir='ltr'>urbi</span> 
     </span>
    </p>
   </div>
   <div class='ocr_carea' id='block_1_91' title="bbox 416 4591 2081 4660">
    <p class='ocr_par' dir='ltr' id='par_1_91' title="bbox 416 4591 2081 4660">
     <span class='ocr_line' id='line_1_91' title="bbox 416 4591 2081 4660; baseline 0.004 -15"><span class='ocrx_word' id='word_1_604' title='bbox 416 4609 553 4646; x_wconf 88' lang='lat' dir='ltr'>num</span> <span class='ocrx_word' id='word_1_605' title='bbox 571 4594 907 4660; x_wconf 88' lang='lat' dir='ltr'>increpans,</span> <span class='ocrx_word' id='word_1_606' title='bbox 925 4591 1135 4643; x_wconf 66' lang='lat' dir='ltr'>anima)</span> <span class='ocrx_word' id='word_1_607' title='bbox 1151 4592 1413 4660; x_wconf 90' lang='lat' dir='ltr'>pericula</span> <span class='ocrx_word' id='word_1_608' title='bbox 1430 4597 1734 4647; x_wconf 88' lang='lat' dir='ltr'>monstrat.</span> <span class='ocrx_word' id='word_1_609' title='bbox 1754 4595 1969 4649; x_wconf 78' lang='lat' dir='ltr'>Verum</span> <span class='ocrx_word' id='word_1_610' title='bbox 1985 4599 2081 4652; x_wconf 92' lang='lat' dir='ltr'>ille</span> 
     </span>
    </p>
   </div>
   <div class='ocr_carea' id='block_1_92' title="bbox 414 4679 2081 4740">
    <p class='ocr_par' dir='ltr' id='par_1_92' title="bbox 414 4679 2081 4740">
     <span class='ocr_line' id='line_1_92' title="bbox 414 4679 2081 4740; baseline 0.003 -6"><span class='ocrx_word' id='word_1_611' title='bbox 414 4679 1087 4734; x_wconf 86' lang='lat' dir='ltr'>inobcdientcraudicns</span> <span class='ocrx_word' id='word_1_612' title='bbox 1110 4680 1367 4732; x_wconf 88' lang='lat' dir='ltr'>monitus</span> <span class='ocrx_word' id='word_1_613' title='bbox 1390 4681 1818 4737; x_wconf 86' lang='lat' dir='ltr'>saluberrimos</span> <span class='ocrx_word' id='word_1_614' title='bbox 1839 4687 2081 4740; x_wconf 90' lang='lat' dir='ltr'>omnino</span> 
     </span>
    </p>
   </div>
   <div class='ocr_carea' id='block_1_93' title="bbox 417 4767 2080 4844">
    <p class='ocr_par' dir='ltr' id='par_1_93' title="bbox 417 4767 2080 4844">
     <span class='ocr_line' id='line_1_93' title="bbox 417 4767 2080 4844; baseline 0.002 -20"><span class='ocrx_word' id='word_1_615' title='bbox 417 4772 717 4840; x_wconf 78' lang='lat' dir='ltr'>depravat.</span> <span class='ocrx_word' id='word_1_616' title='bbox 752 4771 897 4823; x_wconf 71' lang='lat' dir='ltr'>Cum</span> <span class='ocrx_word' id='word_1_617' title='bbox 929 4772 1123 4821; x_wconf 89' lang='lat' dir='ltr'>autem</span> <span class='ocrx_word' id='word_1_618' title='bbox 1155 4767 1377 4836; x_wconf 89' lang='lat' dir='ltr'>pascha</span> <span class='ocrx_word' id='word_1_619' title='bbox 1408 4771 1835 4841; x_wconf 86' lang='lat' dir='ltr'>prepinquante</span> <span class='ocrx_word' id='word_1_620' title='bbox 1855 4775 1926 4827; x_wconf 89' lang='lat' dir='ltr'>ad</span> <span class='ocrx_word' id='word_1_621' title='bbox 1950 4792 2080 4844; x_wconf 85' lang='lat' dir='ltr'>pre-</span> 
     </span>
    </p>
   </div>
   <div class='ocr_carea' id='block_1_94' title="bbox 420 4858 2078 4928">
    <p class='ocr_par' dir='ltr' id='par_1_94' title="bbox 420 4858 2078 4928">
     <span class='ocr_line' id='line_1_94' title="bbox 420 4858 2078 4928; baseline 0.005 -15"><span class='ocrx_word' id='word_1_622' title='bbox 420 4861 595 4913; x_wconf 83' lang='lat' dir='ltr'>fatam</span> <span class='ocrx_word' id='word_1_623' title='bbox 627 4860 959 4913; x_wconf 69' lang='lat' dir='ltr'>zecclcsiam</span> <span class='ocrx_word' id='word_1_624' title='bbox 992 4858 1310 4926; x_wconf 89' lang='lat' dir='ltr'>episcopus</span> <span class='ocrx_word' id='word_1_625' title='bbox 1355 4858 1690 4928; x_wconf 81' lang='lat' dir='ltr'>imperatori</span> <span class='ocrx_word' id='word_1_626' title='bbox 1742 4865 2078 4922; x_wconf 83' lang='lat' dir='ltr'>serviturus</span> 
     </span>
    </p>
   </div>
   <div class='ocr_carea' id='block_1_95' title="bbox 2205 4586 3868 4657">
    <p class='ocr_par' dir='ltr' id='par_1_95' title="bbox 2205 4586 3868 4657">
     <span class='ocr_line' id='line_1_95' title="bbox 2205 4586 3868 4657; baseline 0.002 -12"><span class='ocrx_word' id='word_1_627' title='bbox 2205 4592 2437 4657; x_wconf 84' lang='lat' dir='ltr'>direxit,</span> <span class='ocrx_word' id='word_1_628' title='bbox 2475 4595 2531 4643; x_wconf 89' lang='lat' dir='ltr'>et</span> <span class='ocrx_word' id='word_1_629' title='bbox 2564 4592 2623 4643; x_wconf 92' lang='lat' dir='ltr'>ut</span> <span class='ocrx_word' id='word_1_630' title='bbox 2652 4586 2723 4641; x_wconf 88' lang='lat' dir='ltr'>ad</span> <span class='ocrx_word' id='word_1_631' title='bbox 2745 4603 2811 4641; x_wconf 93' lang='lat' dir='ltr'>se</span> <span class='ocrx_word' id='word_1_632' title='bbox 2843 4590 3019 4641; x_wconf 70' lang='lat' dir='ltr'>tantae</span> <span class='ocrx_word' id='word_1_633' title='bbox 3052 4588 3427 4643; x_wconf 89' lang='lat' dir='ltr'>immanitatis</span> <span class='ocrx_word' id='word_1_634' title='bbox 3460 4591 3653 4645; x_wconf 88' lang='lat' dir='ltr'>virum</span> <span class='ocrx_word' id='word_1_635' title='bbox 3703 4593 3868 4649; x_wconf 86' lang='lat' dir='ltr'>face-</span> 
     </span>
    </p>
   </div>
   <div class='ocr_carea' id='block_1_96' title="bbox 2202 4676 3868 4750">
    <p class='ocr_par' dir='ltr' id='par_1_96' title="bbox 2202 4676 3868 4750">
     <span class='ocr_line' id='line_1_96' title="bbox 2202 4676 3868 4750; baseline 0.001 -14"><span class='ocrx_word' id='word_1_636' title='bbox 2202 4684 2333 4736; x_wconf 90' lang='lat' dir='ltr'>rent</span> <span class='ocrx_word' id='word_1_637' title='bbox 2362 4681 2469 4748; x_wconf 89' lang='lat' dir='ltr'>ire,</span> <span class='ocrx_word' id='word_1_638' title='bbox 2496 4677 2791 4731; x_wconf 87' lang='lat' dir='ltr'>mandavit</span> <span class='ocrx_word' id='word_1_639' title='bbox 2815 4690 2829 4745; x_wconf 86' lang='lat'><strong>;</strong></span> <span class='ocrx_word' id='word_1_640' title='bbox 2863 4678 3021 4730; x_wconf 89' lang='lat' dir='ltr'>certe</span> <span class='ocrx_word' id='word_1_641' title='bbox 3035 4676 3181 4729; x_wconf 88' lang='lat' dir='ltr'>satis</span> <span class='ocrx_word' id='word_1_642' title='bbox 3204 4677 3524 4747; x_wconf 89' lang='lat' dir='ltr'>admirans,</span> <span class='ocrx_word' id='word_1_643' title='bbox 3550 4682 3705 4750; x_wconf 90' lang='lat' dir='ltr'>quod</span> <span class='ocrx_word' id='word_1_644' title='bbox 3730 4699 3868 4739; x_wconf 91' lang='lat' dir='ltr'>cum</span> 
     </span>
    </p>
   </div>
   <div class='ocr_carea' id='block_1_97' title="bbox 2204 4766 3870 4837">
    <p class='ocr_par' dir='ltr' id='par_1_97' title="bbox 2204 4766 3870 4837">
     <span class='ocr_line' id='line_1_97' title="bbox 2204 4766 3870 4837; baseline 0 -11"><span class='ocrx_word' id='word_1_645' title='bbox 2204 4788 2270 4826; x_wconf 91' lang='lat' dir='ltr'>se</span> <span class='ocrx_word' id='word_1_646' title='bbox 2290 4768 2675 4824; x_wconf 90' lang='lat' dir='ltr'>castellanum</span> <span class='ocrx_word' id='word_1_647' title='bbox 2693 4766 3160 4835; x_wconf 87' lang='lat' dir='ltr'>advocatumque</span> <span class='ocrx_word' id='word_1_648' title='bbox 3182 4766 3439 4820; x_wconf 85' lang='lat' dir='ltr'>civitatis</span> <span class='ocrx_word' id='word_1_649' title='bbox 3463 4768 3673 4837; x_wconf 86' lang='lat' dir='ltr'>aiebat,</span> <span class='ocrx_word' id='word_1_650' title='bbox 3692 4788 3870 4826; x_wconf 88' lang='lat' dir='ltr'>num-</span> 
     </span>
    </p>
   </div>
   <div class='ocr_carea' id='block_1_98' title="bbox 2204 4855 3868 4934">
    <p class='ocr_par' dir='ltr' id='par_1_98' title="bbox 2204 4855 3868 4934">
     <span class='ocr_line' id='line_1_98' title="bbox 2204 4855 3868 4934; baseline 0 -18"><span class='ocrx_word' id='word_1_651' title='bbox 2204 4877 2378 4934; x_wconf 88' lang='lat' dir='ltr'>quam</span> <span class='ocrx_word' id='word_1_652' title='bbox 2433 4856 2909 4927; x_wconf 45' lang='lat' dir='ltr'>aulam-regiam</span> <span class='ocrx_word' id='word_1_653' title='bbox 2974 4855 3393 4927; x_wconf 88' lang='lat' dir='ltr'>frequentaret.</span> <span class='ocrx_word' id='word_1_654' title='bbox 3453 4858 3563 4923; x_wconf 93' lang='lat' dir='ltr'>Qui</span> <span class='ocrx_word' id='word_1_655' title='bbox 3618 4861 3868 4917; x_wconf 89' lang='lat' dir='ltr'>comites</span> 
     </span>
    </p>
   </div>
   <div class='ocr_carea' id='block_1_99' title="bbox 2010 5021 2287 5086">
    <p class='ocr_par' dir='ltr' id='par_1_99' title="bbox 2010 5021 2287 5086">
     <span class='ocr_line' id='line_1_99' title="bbox 2010 5021 2287 5086; baseline -0.029 1"><span class='ocrx_word' id='word_1_656' title='bbox 2010 5021 2287 5086; x_wconf 66' lang='grc' dir='ltr'>ΝΟΤΕ.</span> 
     </span>
    </p>
   </div>
   <div class='ocr_carea' id='block_1_100' title="bbox 488 5148 1409 5218">
    <p class='ocr_par' dir='ltr' id='par_1_100' title="bbox 488 5148 1409 5218">
     <span class='ocr_line' id='line_1_100' title="bbox 488 5148 1409 5218; baseline 0.007 -17"><span class='ocrx_word' id='word_1_657' title='bbox 488 5149 636 5218; x_wconf 82' lang='lat'>(805)</span> <span class='ocrx_word' id='word_1_658' title='bbox 669 5148 728 5204; x_wconf 87' lang='lat' dir='ltr'>S.</span> <span class='ocrx_word' id='word_1_659' title='bbox 763 5150 960 5205; x_wconf 88' lang='lat' dir='ltr'>Vitoni</span> <span class='ocrx_word' id='word_1_660' title='bbox 992 5152 1409 5207; x_wconf 82' lang='lat' dir='ltr'>Virdunensis.</span> 
     </span>
    </p>
   </div>
   <div class='ocr_carea' id='block_1_101' title="bbox 488 5220 1729 5296">
    <p class='ocr_par' dir='ltr' id='par_1_101' title="bbox 488 5220 1729 5296">
     <span class='ocr_line' id='line_1_101' title="bbox 488 5220 1729 5296; baseline 0.008 -25"><span class='ocrx_word' id='word_1_661' title='bbox 667 5220 1048 5296; x_wconf 44' lang='lat' dir='ltr'>Eihamensii</span> <span class='ocrx_word' id='word_1_662' title='bbox 1194 5242 1252 5291; x_wconf 82' lang='grc' dir='ltr'>ιι,</span> <span class='ocrx_word' id='word_1_663' title='bbox 1287 5224 1381 5292; x_wconf 84' lang='grc' dir='ltr'>ΙΙΙ,</span> <span class='ocrx_word' id='word_1_664' title='bbox 1416 5222 1469 5291; x_wconf 80' lang='lat'>2,</span> <span class='ocrx_word' id='word_1_665' title='bbox 1506 5225 1557 5294; x_wconf 78' lang='grc'>4,</span> <span class='ocrx_word' id='word_1_666' title='bbox 1592 5224 1644 5296; x_wconf 88' lang='grc'>6,</span> <span class='ocrx_word' id='word_1_667' title='bbox 1676 5224 1729 5283; x_wconf 89' lang='grc'>8.</span> 
     </span>
    </p>
   </div>
   <div class='ocr_carea' id='block_1_102' title="bbox 487 5290 1330 5360">
    <p class='ocr_par' dir='ltr' id='par_1_102' title="bbox 487 5290 1330 5360">
     <span class='ocr_line' id='line_1_102' title="bbox 487 5290 1330 5360; baseline 0.008 -17"><span class='ocrx_word' id='word_1_668' title='bbox 487 5292 635 5359; x_wconf 81' lang='grc' dir='ltr'>(3οἿ)</span> <span class='ocrx_word' id='word_1_669' title='bbox 667 5290 983 5360; x_wconf 72' lang='lat' dir='ltr'>Flandriae,</span> <span class='ocrx_word' id='word_1_670' title='bbox 1020 5295 1330 5349; x_wconf 86' lang='lat' dir='ltr'>Barbatus.</span> 
     </span>
    </p>
   </div>
   <div class='ocr_carea' id='block_1_103' title="bbox 485 5362 1217 5431">
    <p class='ocr_par' dir='ltr' id='par_1_103' title="bbox 485 5362 1217 5431">
     <span class='ocr_line' id='line_1_103' title="bbox 485 5362 1217 5431; baseline 0.007 -16"><span class='ocrx_word' id='word_1_671' title='bbox 485 5362 634 5431; x_wconf 70' lang='lat'>(303)</span> <span class='ocrx_word' id='word_1_672' title='bbox 672 5362 711 5416; x_wconf 90' lang='lat' dir='ltr'>l.</span> <span class='ocrx_word' id='word_1_673' title='bbox 753 5379 803 5417; x_wconf 79' lang='grc' dir='ltr'>ο.</span> <span class='ocrx_word' id='word_1_674' title='bbox 831 5363 1217 5420; x_wconf 90' lang='lat' dir='ltr'>descisceret.</span> 
     </span>
    </p>
   </div>
   <div class='ocr_carea' id='block_1_104' title="bbox 481 5432 2080 5505">
    <p class='ocr_par' dir='ltr' id='par_1_104' title="bbox 481 5432 2080 5505">
     <span class='ocr_line' id='line_1_104' title="bbox 481 5432 2080 5505; baseline 0.004 -18"><span class='ocrx_word' id='word_1_675' title='bbox 481 5432 635 5504; x_wconf 82' lang='lat'>(309)</span> <span class='ocrx_word' id='word_1_676' title='bbox 668 5434 1058 5505; x_wconf 83' lang='lat' dir='ltr'>Nimwegem.</span> <span class='ocrx_word' id='word_1_677' title='bbox 1085 5436 1171 5490; x_wconf 93' lang='lat' dir='ltr'>Ibi</span> <span class='ocrx_word' id='word_1_678' title='bbox 1203 5454 1309 5491; x_wconf 91' lang='lat' dir='ltr'>rex</span> <span class='ocrx_word' id='word_1_679' title='bbox 1342 5454 1545 5493; x_wconf 90' lang='lat' dir='ltr'>mense</span> <span class='ocrx_word' id='word_1_680' title='bbox 1587 5439 1795 5496; x_wconf 88' lang='lat' dir='ltr'>Martio</span> <span class='ocrx_word' id='word_1_681' title='bbox 1836 5456 1887 5495; x_wconf 90' lang='lat' dir='ltr'>a.</span> <span class='ocrx_word' id='word_1_682' title='bbox 1942 5438 2080 5495; x_wconf 87' lang='lat'>1012</span> 
     </span>
    </p>
   </div>
   <div class='ocr_carea' id='block_1_105' title="bbox 416 5511 959 5560">
    <p class='ocr_par' dir='ltr' id='par_1_105' title="bbox 416 5511 959 5560">
     <span class='ocr_line' id='line_1_105' title="bbox 416 5511 959 5560; baseline 0.002 -2"><span class='ocrx_word' id='word_1_683' title='bbox 416 5511 818 5559; x_wconf 90' lang='lat' dir='ltr'>commoratus</span> <span class='ocrx_word' id='word_1_684' title='bbox 849 5511 959 5560; x_wconf 91' lang='lat' dir='ltr'>est.</span> 
     </span>
    </p>
   </div>
   <div class='ocr_carea' id='block_1_106' title="bbox 485 5575 2047 5715">
    <p class='ocr_par' dir='ltr' id='par_1_106' title="bbox 485 5575 2047 5715">
     <span class='ocr_line' id='line_1_106' title="bbox 485 5575 1182 5715; baseline 0.007 -86"><span class='ocrx_word' id='word_1_685' title='bbox 485 5575 635 5715; x_wconf 54' lang='lat'>(310)</span> <span class='ocrx_word' id='word_1_686' title='bbox 670 5577 933 5630; x_wconf 89' lang='lat' dir='ltr'>Insulam</span> <span class='ocrx_word' id='word_1_687' title='bbox 964 5577 1182 5647; x_wconf 89' lang='lat' dir='ltr'>potius.</span> 
     </span>
     <span class='ocr_line' id='line_1_107' title="bbox 508 5646 2047 5715; baseline 0.005 -14"><span class='ocrx_word' id='word_1_688' title='bbox 508 5646 635 5715; x_wconf 84' lang='lat'>311)</span> <span class='ocrx_word' id='word_1_689' title='bbox 666 5650 817 5702; x_wconf 83' lang='lat' dir='ltr'>Ann.</span> <span class='ocrx_word' id='word_1_690' title='bbox 856 5648 1160 5704; x_wconf 85' lang='lat' dir='ltr'>Hilsdesh.</span> <span class='ocrx_word' id='word_1_691' title='bbox 1197 5648 1335 5705; x_wconf 83' lang='lat'>1012</span> <span class='ocrx_word' id='word_1_692' title='bbox 1364 5668 1511 5708; x_wconf 85' lang='lat' dir='ltr'>rex.</span> <span class='ocrx_word' id='word_1_693' title='bbox 1541 5696 1553 5708; x_wconf 96' lang='lat'>.</span> <span class='ocrx_word' id='word_1_694' title='bbox 1576 5670 1751 5715; x_wconf 85' lang='lat' dir='ltr'>pasca</span> <span class='ocrx_word' id='word_1_695' title='bbox 1803 5652 2047 5709; x_wconf 82' lang='lat' dir='ltr'>Laodici</span> 
     </span>
    </p>
   </div>
   <div class='ocr_carea' id='block_1_107' title="bbox 508 5646 2082 5725">
    <p class='ocr_par' dir='ltr' id='par_1_107' title="bbox 508 5646 2082 5725">
     <span class='ocr_line' id='line_1_108' title="bbox 508 5646 2082 5725; baseline 0.007 -26"><span class='ocrx_word' id='word_1_696' title='bbox 508 5646 635 5725; x_wconf 77' lang='lat'>311)</span> <span class='ocrx_word' id='word_1_697' title='bbox 666 5650 837 5725; x_wconf 83' lang='lat' dir='ltr'>A_nn._</span> <span class='ocrx_word' id='word_1_698' title='bbox 856 5648 1160 5725; x_wconf 71' lang='lat' dir='ltr'>Hilsdesh.</span> <span class='ocrx_word' id='word_1_699' title='bbox 1188 5648 1335 5725; x_wconf 71' lang='lat'>1012</span> <span class='ocrx_word' id='word_1_700' title='bbox 1364 5668 1511 5708; x_wconf 87' lang='lat' dir='ltr'>rex.</span> <span class='ocrx_word' id='word_1_701' title='bbox 1541 5696 1553 5708; x_wconf 96' lang='lat'>.</span> <span class='ocrx_word' id='word_1_702' title='bbox 1573 5670 1751 5725; x_wconf 85' lang='lat' dir='ltr'>pasca</span> <span class='ocrx_word' id='word_1_703' title='bbox 1803 5652 2082 5710; x_wconf 82' lang='lat' dir='ltr'>Laodicie</span> 
     </span>
    </p>
   </div>
   <div class='ocr_carea' id='block_1_108' title="bbox 413 5718 2084 5799">
    <p class='ocr_par' dir='ltr' id='par_1_108' title="bbox 413 5718 2084 5799">
     <span class='ocr_line' id='line_1_109' title="bbox 413 5718 2084 5799; baseline 0.002 -21"><span class='ocrx_word' id='word_1_704' title='bbox 413 5718 654 5778; x_wconf 83' lang='lat' dir='ltr'>celebra</span> <span class='ocrx_word' id='word_1_705' title='bbox 667 5721 768 5777; x_wconf 81' lang='lat' dir='ltr'>vit.</span> <span class='ocrx_word' id='word_1_706' title='bbox 802 5718 1041 5778; x_wconf 85' lang='lat' dir='ltr'>Inde....</span> <span class='ocrx_word' id='word_1_707' title='bbox 1083 5720 1451 5797; x_wconf 72' lang='lat' dir='ltr'>Babenberg</span> <span class='ocrx_word' id='word_1_708' title='bbox 1470 5718 1837 5799; x_wconf 75' lang='lat' dir='ltr'>prdgressus</span> <span class='ocrx_word' id='word_1_709' title='bbox 1866 5730 1979 5794; x_wconf 83' lang='lat' dir='ltr'>est;</span> <span class='ocrx_word' id='word_1_710' title='bbox 1994 5725 2084 5783; x_wconf 82' lang='lat' dir='ltr'>ibi</span> 
     </span>
    </p>
   </div>
   <div class='ocr_carea' id='block_1_109' title="bbox 2198 5148 3870 5209">
    <p class='ocr_par' dir='ltr' id='par_1_109' title="bbox 2198 5148 3870 5209">
     <span class='ocr_line' id='line_1_110' title="bbox 2198 5148 3870 5209; baseline 0 -1"><span class='ocrx_word' id='word_1_711' title='bbox 2198 5149 2546 5208; x_wconf 84' lang='lat' dir='ltr'>venerabile</span> <span class='ocrx_word' id='word_1_712' title='bbox 2578 5148 3068 5204; x_wconf 79' lang='lat' dir='ltr'>monasterium...</span> <span class='ocrx_word' id='word_1_713' title='bbox 3095 5148 3148 5203; x_wconf 82' lang='lat'>2.</span> <span class='ocrx_word' id='word_1_714' title='bbox 3172 5149 3325 5204; x_wconf 86' lang='lat' dir='ltr'>Non.</span> <span class='ocrx_word' id='word_1_715' title='bbox 3369 5151 3521 5206; x_wconf 81' lang='lat' dir='ltr'>Maii</span> <span class='ocrx_word' id='word_1_716' title='bbox 3554 5168 3870 5209; x_wconf 80' lang='lat' dir='ltr'>consecra-</span> 
     </span>
    </p>
   </div>
   <div class='ocr_carea' id='block_1_110' title="bbox 2195 5218 3875 5295">
    <p class='ocr_par' dir='ltr' id='par_1_110' title="bbox 2195 5218 3875 5295">
     <span class='ocr_line' id='line_1_111' title="bbox 2195 5218 3875 5295; baseline 0.002 -18"><span class='ocrx_word' id='word_1_717' title='bbox 2195 5230 2313 5295; x_wconf 82' lang='lat' dir='ltr'>tum</span> <span class='ocrx_word' id='word_1_718' title='bbox 2333 5229 2444 5295; x_wconf 80' lang='lat' dir='ltr'>est.</span> <span class='ocrx_word' id='word_1_719' title='bbox 2479 5220 2668 5295; x_wconf 61' lang='lat' dir='ltr'>Leod.</span> <span class='ocrx_word' id='word_1_720' title='bbox 2687 5221 2848 5295; x_wconf 67' lang='lat' dir='ltr'>Ann.</span> <span class='ocrx_word' id='word_1_721' title='bbox 2874 5218 3032 5275; x_wconf 83' lang='lat'>1012.</span> <span class='ocrx_word' id='word_1_722' title='bbox 3057 5221 3390 5276; x_wconf 74' lang='lat' dir='ltr'>Heinrzdus</span> <span class='ocrx_word' id='word_1_723' title='bbox 3407 5239 3524 5279; x_wconf 78' lang='lat' dir='ltr'>rex</span> <span class='ocrx_word' id='word_1_724' title='bbox 3535 5225 3758 5295; x_wconf 82' lang='lat' dir='ltr'>pascha</span> <span class='ocrx_word' id='word_1_725' title='bbox 3777 5242 3875 5280; x_wconf 81' lang='lat' dir='ltr'>ce-</span> 
     </span>
    </p>
   </div>
   <div class='ocr_carea' id='block_1_111' title="bbox 2193 5291 2711 5349">
    <p class='ocr_par' dir='ltr' id='par_1_111' title="bbox 2193 5291 2711 5349">
     <span class='ocr_line' id='line_1_112' title="bbox 2193 5291 2711 5349; baseline -0.014 1"><span class='ocrx_word' id='word_1_726' title='bbox 2193 5294 2365 5349; x_wconf 81' lang='lat' dir='ltr'>lebra</span> <span class='ocrx_word' id='word_1_727' title='bbox 2380 5294 2459 5346; x_wconf 88' lang='lat' dir='ltr'>vit</span> <span class='ocrx_word' id='word_1_728' title='bbox 2483 5291 2711 5345; x_wconf 84' lang='lat' dir='ltr'>Leodii.</span> 
     </span>
    </p>
   </div>
   <div class='ocr_carea' id='block_1_112' title="bbox 2268 5367 3437 5442">
    <p class='ocr_par' dir='ltr' id='par_1_112' title="bbox 2268 5367 3437 5442">
     <span class='ocr_line' id='line_1_113' title="bbox 2268 5367 3437 5442; baseline 0.002 -16"><span class='ocrx_word' id='word_1_729' title='bbox 2268 5371 2415 5442; x_wconf 74' lang='lat'>(312)</span> <span class='ocrx_word' id='word_1_730' title='bbox 2449 5371 2908 5425; x_wconf 88' lang='lat' dir='ltr'>Dedicationem.</span> <span class='ocrx_word' id='word_1_731' title='bbox 2943 5386 2976 5423; x_wconf 92' lang='lat' dir='ltr'>a</span> <span class='ocrx_word' id='word_1_732' title='bbox 3004 5367 3195 5431; x_wconf 83' lang='grc' dir='ltr'>καινός.</span> <span class='ocrx_word' id='word_1_733' title='bbox 3232 5388 3437 5428; x_wconf 77' lang='lat' dir='ltr'>novus.</span> 
     </span>
    </p>
   </div>
   <div class='ocr_carea' id='block_1_113' title="bbox 2268 5441 3869 5514">
    <p class='ocr_par' dir='ltr' id='par_1_113' title="bbox 2268 5441 3869 5514">
     <span class='ocr_line' id='line_1_114' title="bbox 2268 5441 3869 5514; baseline 0.004 -17"><span class='ocrx_word' id='word_1_734' title='bbox 2268 5441 2415 5514; x_wconf 88' lang='lat'>(313)</span> <span class='ocrx_word' id='word_1_735' title='bbox 2455 5442 2792 5514; x_wconf 77' lang='lat' dir='ltr'>Chronicon</span> <span class='ocrx_word' id='word_1_736' title='bbox 2851 5442 2910 5496; x_wconf 91' lang='lat' dir='ltr'>S.</span> <span class='ocrx_word' id='word_1_737' title='bbox 2960 5443 3218 5497; x_wconf 62' lang='lat' dir='ltr'>Andreae</span> <span class='ocrx_word' id='word_1_738' title='bbox 3247 5445 3484 5499; x_wconf 88' lang='lat' dir='ltr'>Castelli</span> <span class='ocrx_word' id='word_1_739' title='bbox 3518 5444 3869 5504; x_wconf 87' lang='lat' dir='ltr'>Camerace-</span> 
     </span>
    </p>
   </div>
   <div class='ocr_carea' id='block_1_114' title="bbox 2196 5512 3871 5590">
    <p class='ocr_par' dir='ltr' id='par_1_114' title="bbox 2196 5512 3871 5590">
     <span class='ocr_line' id='line_1_115' title="bbox 2196 5512 3871 5590; baseline -0.004 -21"><span class='ocrx_word' id='word_1_740' title='bbox 2196 5512 2293 5584; x_wconf 85' lang='lat' dir='ltr'>sii,</span> <span class='ocrx_word' id='word_1_741' title='bbox 2328 5512 3105 5590; x_wconf 71' lang='lat' dir='ltr'>a_nno_1133_conscriptun_1,</span> <span class='ocrx_word' id='word_1_742' title='bbox 3141 5514 3280 5590; x_wconf 68' lang='lat' dir='ltr'>haec</span> <span class='ocrx_word' id='word_1_743' title='bbox 3301 5515 3479 5590; x_wconf 79' lang='lat' dir='ltr'>habet</span> <span class='ocrx_word' id='word_1_744' title='bbox 3524 5534 3565 5583; x_wconf 75' lang='grc' dir='ltr'>ι,</span> <span class='ocrx_word' id='word_1_745' title='bbox 3597 5519 3664 5572; x_wconf 84' lang='lat'>3:</span> <span class='ocrx_word' id='word_1_746' title='bbox 3701 5521 3871 5590; x_wconf 74' lang='lat' dir='ltr'>epis-</span> 
     </span>
    </p>
   </div>
   <div class='ocr_carea' id='block_1_115' title="bbox 2196 5584 3772 5658">
    <p class='ocr_par' dir='ltr' id='par_1_115' title="bbox 2196 5584 3772 5658">
     <span class='ocr_line' id='line_1_116' title="bbox 2196 5584 3772 5658; baseline 0.003 -18"><span class='ocrx_word' id='word_1_747' title='bbox 2196 5584 3024 5658; x_wconf 63' lang='lat' dir='ltr'>eopaleni_1)_eneciietionemv</span> <span class='ocrx_word' id='word_1_748' title='bbox 3038 5585 3364 5658; x_wconf 30' lang='grc' dir='ltr'>ΚθΙίΜαίί</span> <span class='ocrx_word' id='word_1_749' title='bbox 3380 5587 3631 5658; x_wconf 85' lang='lat' dir='ltr'>adeptus</span> <span class='ocrx_word' id='word_1_750' title='bbox 3659 5584 3772 5644; x_wconf 70' lang='lat' dir='ltr'>est.</span> 
     </span>
    </p>
   </div>
   <div class='ocr_carea' id='block_1_116' title="bbox 2268 5655 3876 5727">
    <p class='ocr_par' dir='ltr' id='par_1_116' title="bbox 2268 5655 3876 5727">
     <span class='ocr_line' id='line_1_117' title="bbox 2268 5655 3876 5727; baseline 0.004 -16"><span class='ocrx_word' id='word_1_751' title='bbox 2268 5655 2416 5727; x_wconf 79' lang='grc'>(314)</span> <span class='ocrx_word' id='word_1_752' title='bbox 2440 5655 2979 5725; x_wconf 66' lang='grc' dir='ltr'>Ρίιὶυηιζϐοὰθῑιείάὶ</span> <span class='ocrx_word' id='word_1_753' title='bbox 3003 5656 3220 5726; x_wconf 88' lang='lat' dir='ltr'>Vetuli,</span> <span class='ocrx_word' id='word_1_754' title='bbox 3243 5655 3516 5713; x_wconf 79' lang='lat' dir='ltr'>comitem</span> <span class='ocrx_word' id='word_1_755' title='bbox 3540 5659 3876 5718; x_wconf 83' lang='lat' dir='ltr'>Virdunen-</span> 
     </span>
    </p>
   </div>
   <div class='ocr_carea' id='block_1_117' title="bbox 2196 5727 3618 5803">
    <p class='ocr_par' dir='ltr' id='par_1_117' title="bbox 2196 5727 3618 5803">
     <span class='ocr_line' id='line_1_118' title="bbox 2196 5727 3618 5803; baseline 0.003 -18"><span class='ocrx_word' id='word_1_756' title='bbox 2196 5742 2348 5802; x_wconf 89' lang='lat' dir='ltr'>sem,</span> <span class='ocrx_word' id='word_1_757' title='bbox 2378 5729 2589 5800; x_wconf 80' lang='lat' dir='ltr'>postea</span> <span class='ocrx_word' id='word_1_758' title='bbox 2618 5727 2829 5785; x_wconf 87' lang='lat' dir='ltr'>ducem</span> <span class='ocrx_word' id='word_1_759' title='bbox 2860 5727 3265 5803; x_wconf 77' lang='lat' dir='ltr'>Lotharingiee</span> <span class='ocrx_word' id='word_1_760' title='bbox 3292 5728 3618 5790; x_wconf 81' lang='lat' dir='ltr'>inferioris.</span> 
     </span>
    </p>
   </div>
  </div>
