4098 6196
236 288 354 363 145

1625 276 1882 343 LIBER
1936 277 2301 355 TERTIUS

3566 282 3687 344 146

239 468 531 524 herilibus
545 466 1683 539 obtemperantesjussibus,Walterum
1706 479 1914 520 conve-
1937 458 1998 521 A
2024 460 2378 532 dragesimae
2427 463 2541 531 (an.
2593 460 2753 531 1013)
2783 464 3025 517 reducto
3057 464 3323 519 VValtero
3380 468 3685 534 precatum

239 561 423 627 niunt,
446 575 515 612 ac
534 559 803 630 pristinae
836 557 1335 612 reconciliationis
1367 557 1662 628 ingratum
1692 558 1747 608 et
1763 554 1916 607 inso-

237 648 434 703 lentiae
468 664 636 702 reum
670 647 824 702 haud
867 647 1145 702 mollibus
1188 645 1612 718 indignationis
1656 644 1914 697 motibus

238 739 696 809 redarguentes,
730 737 1046 806 plurimum
1082 736 1353 806 dequesti
1384 739 1557 789 sunt:
1584 749 1716 789 eum
1747 733 1915 787 vide-

240 828 375 882 licet
402 843 525 881 non
562 827 755 880 solum
802 827 1159 896 promissam
1197 825 1661 880 emendationem
1692 824 1914 877 irritam

243 917 489 982 fecisse,
538 917 645 970 sed
694 916 764 969 ad
799 919 1178 987 augmentum
1230 930 1357 968 suae
1415 913 1726 968 tirannidis
1772 913 1915 965 iram

241 1006 510 1076 episcopi
546 1005 799 1075 amplius
830 1020 1219 1074 provocasse.
1255 1003 1378 1057 Sibi
1413 1004 1566 1057 enim
1617 1003 1796 1058 totius
1830 1002 1920 1056 rei

242 1097 705 1165 prepotestatem
735 1093 974 1162 penitus
1006 1086 1316 1161 usurpare,
1343 1093 1623 1164 episc0po
1645 1108 1786 1146 vero
1816 1107 1917 1146 so-

238 1184 355 1237 lum
368 1199 588 1237 nomen
606 1199 674 1236 ac
688 1183 950 1252 speciem
964 1182 1208 1236 honoris
1224 1181 1674 1252 relinquere.Ad
1687 1182 1918 1235 distric-

242 1278 362 1329 tum
380 1288 533 1343 ergo
541 1272 831 1343 judicium
845 1271 1224 1341 imperatoris
1240 1271 1553 1325 contendat
1566 1273 1920 1325 monuerunt

242 1362 328 1416 Ad
342 1363 476 1415 haec
498 1362 597 1415 ille
615 1361 983 1431 perterritus,
1002 1376 1135 1414 mox
1158 1360 1528 1415 incredibilis
1560 1360 1919 1430 pmnitentiae

242 1453 508 1521 speciem
538 1451 745 1519 induit,
793 1453 849 1504 et
887 1465 1060 1520 quem
1111 1450 1389 1503 crederes
1421 1450 1669 1504 ulterius
1700 1465 1916 1520 nequa-

240 1556 415 1611 quam
449 1556 593 1594 esse
616 1541 940 1609 lapsurum,
974 1537 1286 1594 obsidibus
1305 1539 1540 1609 quidem
1564 1555 1696 1593 cum
1720 1556 1915 1594 sacra-

240 1632 440 1683 mento
493 1629 729 1697 oblatis,
784 1629 1088 1700 congestis
1134 1628 1308 1682 etiam
1352 1629 1659 1697 precibus,
1704 1628 1774 1682 ad
1822 1632 1914 1682 to-

2020 554 2323 619 venerant,
2360 567 2425 604 ac
2457 566 2698 619 precum
2732 551 3107 606 delinimento
3127 551 3224 623 23?,
3257 555 3401 608 iram
3421 554 3686 623 episcopi

2017 639 2377 710 mitigantes,
2412 656 2617 693 omnes
2650 641 2707 692 in
2740 657 2949 709 preces
2982 642 3429 697 descenderant.
3462 644 3686 698 Horum

2015 729 2210 798 itaque
2241 730 2585 799 rogationes
2606 731 2944 799 episcopus,
2971 746 3144 800 quem
3167 736 3407 801 putares
3432 733 3686 785 obstina-

2014 819 2389 872 tissimum’et
2406 819 2850 887 inexorabilem,
2871 836 2987 874 non
3011 820 3371 888 vilipendere
3395 818 3476 860 233
3497 826 3686 874 ratum

2015 906 2197 975 duxit,
2224 908 2329 960 sed
2349 907 2806 962 domesticarum
2827 909 3372 964 necessitudinibus
3404 924 3687 963 aerumna-

2017 1014 2145 1052 rum
2164 997 2529 1050 altrinsecus
2552 997 2893 1068 deploratis,
2920 1014 3121 1053 eorum
3155 1000 3436 1070 precibus
3473 1013 3687 1051 assen-

2020 1103 2151 1141 sum
2201 1086 2490 1156 porrexit,
2550 1086 2893 1158 hujusmodi
2950 1092 3142 1142 tamen
3201 1086 3690 1142 conventionibus

2021 1193 2266 1231 suorum
2299 1177 2622 1231 amicorum
2654 1180 3024 1231 sacramento
3058 1178 3310 1231 collatis.

2089 1268 2143 1322 4.
2186 1267 2351 1320 Tunc
2400 1267 2573 1320 etiam
2620 1267 2906 1335 temporis
2949 1266 3009 1320 in
3055 1267 3417 1321 monasterio
3464 1268 3686 1321 sanctae

2020 1357 2220 1411 Mariaa
2253 1356 2729 1410 Atrebatensium
2758 1355 2926 1425 juxta
2973 1356 3153 1409 altare
3203 1355 3517 1409 multorum
3549 1372 3691 1409 san-

2022 1453 2246 1521 ctorum
2280 1447 2565 1517 reliquias
2599 1445 2905 1515 preciosas
2951 1445 3195 1515 contigit
3228 1445 3476 1498 inveniri
3503 1444 3686 1513 (cf.n,

2024 1537 2131 1606 13).
2165 1537 2254 1589 Ad
2286 1551 2531 1606 quarum
2580 1534 2814 1604 quidem
2859 1535 3064 1587 merita
3104 1533 3461 1603 propalanda
3495 1532 3692 1585 divina

2024 1625 2329 1681 clementia
2363 1624 2583 1678 diversi
2624 1624 2864 1695 generis
2915 1623 3087 1694 signa
3133 1627 3189 1675 et
3226 1621 3497 1692 prodigia
3547 1636 3690 1690 ope-

240 1721 358 1773 tius
389 1718 545 1787 (315)
564 1719 807 1788 generis
838 1717 1306 1772 satisfactionem
1338 1719 1454 1771 tota
1493 1733 1559 1771 se
1592 1717 1913 1772 humilitate
1942 1712 1997 1774 Β
2026 1719 2211 1786 rante,
2246 1731 2363 1769 non
2394 1715 2586 1769 solum
2617 1729 2691 1767 ex
2719 1712 2953 1778 vicinis,
2990 1711 3097 1765 sed
3131 1712 3300 1765 etiam
3325 1712 3502 1781 longe
3532 1709 3689 1779 posi-

239 1808 493 1877 dejecit;
521 1807 666 1861 adeo
690 1823 855 1876 sane,
879 1810 939 1860 ut
961 1807 1132 1860 etiam
1149 1807 1280 1876 ipse
1298 1806 1550 1862 domnus
1571 1807 1911 1876 episc0pus,

237 1897 632 1951 miseratione
668 1895 961 1966 pulsatus,
995 1896 1178 1950 iratos
1219 1898 1464 1950 comites
1495 1897 1774 1970 precibus
1805 1896 1917 1949 mi-

237 1987 481 2057 tigaret.
534 1985 659 2050 Quo
692 1988 924 2054 petente
963 1986 1208 2039 comites
1258 1985 1518 2050 emolliti,
1575 1989 1920 2054 suspectum

238 2092 414 2130 omne
449 2075 1021 2146 praetergrediuntur
1045 2072 1145 2144 330,
1190 2076 1609 2146 susceptisque
1659 2076 1919 2145 quinque

235 2164 501 2235 majoris
532 2164 700 2234 pretii
721 2163 1315 2232 obsidibus,Walteri
1333 2164 1613 2235 precibus
1631 2163 1920 2217 accedere

236 2255 628 2321 estimarunt;
653 2268 721 2306 eo
751 2252 1024 2307 videlicet
1056 2256 1245 2322 pacto,
1283 2258 1342 2306 ut
1373 2254 1431 2306 ni
1464 2253 1612 2306 infra
1646 2253 1923 2306 constitu-

238 2347 359 2396 tum
423 2342 706 2411 placitum
763 2342 1044 2411 episcopo
1102 2342 1503 2411 satisfaceret,
1560 2341 1919 2412 judicandus

238 2432 627 2502 postmodum
674 2431 1036 2499 presentiam
1085 2431 1459 2500 imperatoris
1524 2430 1729 2484 adiret.
1792 2431 1918 2483 Hoc

239 2523 441 2575 autem
467 2524 522 2573 et
558 2519 673 2588 ipsi
725 2520 968 2573 obsides
1006 2535 1204 2573 coram
1252 2521 1408 2574 omni
1440 2520 1654 2590 populo
1685 2520 1920 2592 dejera-

241 2616 396 2678 runt,
468 2608 625 2678 quod
676 2609 728 2661 si
775 2611 1009 2678 pactum
1057 2607 1176 2661 ullo
1211 2609 1385 2662 modo
1437 2608 1732 2679 solveret,
1780 2625 1920 2665 mox

241 2700 597 2769 episcopum
618 2699 904 2766 secuturi,
940 2697 1103 2750 illum
1135 2698 1371 2751 omnino
1395 2697 1757 2753 desererent.

307 2788 361 2841 3.
411 2787 548 2840 Hiis
582 2788 660 2840 ita
692 2788 902 2857 gestis,
939 2802 1049 2840 nec
1080 2788 1258 2857 longo
1289 2789 1443 2857 post,
1466 2787 1770 2843 Walterus
1803 2772 1919 2843 non

240 2875 437 2930 solum
471 2875 788 2929 evacuavit
807 2876 1189 2945 promissum,
1217 2876 1323 2929 sed
1348 2876 1521 2929 etiam
1543 2876 1724 2930 multo
1746 2876 1919 2947 pejus

242 2967 336 3019 sui
360 2964 592 3018 furoris
610 2963 911 3032 ampliavit
926 2964 1250 3017 incursum.
1272 2963 1420 3017 Nam
1440 2965 1578 3018 dum
1600 2966 1919 3036 episcopus

2024 1808 2100 1860 tis
2129 1805 2476 1877 regionibus
2526 1820 2634 1872 per
2663 1805 2847 1857 totum
2891 1800 3013 1855 fere
3046 1800 3349 1855 biennium
3383 1798 3690 1852 multitudo

2023 1897 2276 1951 maxima
2309 1893 2659 1948 conﬂuebat.

2093 1987 2145 2041 5.
2180 1985 2317 2055 Ipso
2366 1998 2506 2037 vero
2557 1983 2616 2035 in
2660 1984 2942 2049 tempore,
2995 1994 3129 2032 cum
3176 1980 3317 2047 post
3345 1975 3691 2030 Nocherum

2023 2078 2246 2129 sanctae
2268 2072 2567 2126 memoriae
2586 2071 2952 2140 episcopum,
2969 2067 3280 2121 Baldricus
3299 2063 3689 2118 Leodicensis

2023 2163 2314 2219 aacclesiae
2364 2162 2611 2230 adeptus
2673 2161 2765 2214 est
2793 2157 3135 2229 dignitatem
3159 2154 3472 2223 (an.1008),
3507 2154 3689 2206 Lant-

2020 2253 2254 2308 bertum
2285 2251 2556 2306 comitem
2587 2248 2734 2317 (317)
2766 2260 3074 2300 assumere
3106 2244 3163 2297 in
3196 2242 3508 2295 amicitiam
3541 2241 3688 2294 esti-

2022 2342 2226 2410 mavit,
2273 2342 2471 2409 utpote
2527 2336 3032 2408 consanguineum
3086 2336 3142 2387 et
3191 2333 3319 2385 ideo
3360 2330 3692 2399 adjutorem

2019 2430 2227 2500 patriae
2261 2429 2539 2482 futurum.
2575 2425 2774 2497 Hujus
2814 2426 3005 2477 autem
3035 2421 3340 2491 perfidiam
3390 2416 3688 2471 Gerardus

2022 2521 2343 2590 episcopus
2390 2518 2735 2586 plerumque
2768 2514 3124 2581 compertam
3168 2507 3476 2575 intimavit,
3530 2508 3586 2560 et
3615 2521 3688 2559 ne

2022 2609 2186 2663 illum
2222 2606 2338 2662 sibi
2386 2604 2770 2671 adscisceret,
2824 2603 3152 2667 exortatur;
3206 2597 3504 2651 hominem
3548 2610 3686 2649 esse

2023 2699 2177 2753 enim
2193 2695 2528 2762 subdolum,
2546 2693 2659 2747 fide
2672 2705 2955 2759 vacuum;
2987 2686 3276 2742 timendas
3305 2684 3439 2756 ejus
3464 2683 3691 2737 callidi-

2022 2792 2195 2842 tates.
2228 2785 2393 2850 Quod
2426 2781 2691 2853 profecto
2746 2783 2951 2851 postea
2999 2780 3077 2832 ita
3103 2775 3373 2847 probavit
3420 2775 3689 2828 eventus.

2026 2877 2359 2947 Episcopus
2390 2872 2543 2927 enim
2566 2887 2699 2925 cum
2722 2871 2781 2925 in
2800 2869 2939 2922 villa
2973 2864 3283 2921 Huvardas
3307 2862 3455 2933 (318)
3479 2860 3691 2916 castel-

2026 2967 2145 3021 lum
2175 2963 2447 3028 muniret,
2482 2960 2553 3012 ad
2585 2959 2917 3013 ﬁrmitatem
2948 2955 3221 3009 videlicet
3252 2952 3440 3023 pacis,
3472 2951 3546 3003 ad
3574 2965 3693 3002 ma-

242 3052 550 3107 Gerardus
601 3052 674 3105 ad
711 3052 1083 3106 obsidionem
1114 3052 1488 3108 Mettensium
1522 3054 1777 3107 civitatis
1808 3055 1919 3108 ali-
1949 3064 2001 3127 ο
2028 3054 2232 3109 leficos
2264 3050 2621 3114 territandos
2654 3064 2665 3101 :
2703 3047 2831 3116 ipse
2875 3044 3252 3110 Lantbertus,
3317 3040 3545 3095 furoris
3599 3037 3692 3090 sui

241 3142 528 3213 quamdiu
547 3157 686 3195 cum
698 3142 1052 3212 imperatore
1066 3145 1396 3195 moraretur
1408 3144 1525 3211 (an.
1544 3143 1701 3212 1012,
1716 3143 1766 3197 A
1779 3147 1917 3215 αφ),

243 3231 561 3286 Walterus
579 3231 784 3285 nescio
800 3230 939 3301 quid
957 3230 1106 3285 male
1120 3234 1495 3301 suspectans,
1515 3249 1648 3286 mox
1673 3233 1785 3288 ﬁde
1799 3250 1924 3288 mu-

240 3324 376 3391 tata,
400 3320 569 3375 bona
585 3320 851 3389 episcopi
875 3319 1169 3373 exteriora
1192 3321 1463 3391 vastavit,
1486 3322 1662 3375 immo
1687 3327 1742 3376 et
1777 3324 1924 3377 sub-

241 3410 485 3464 urbium
503 3408 763 3462 civitatis
780 3410 920 3478 igne
939 3408 1326 3478 consumpsit.
1352 3408 1517 3472 Quod
1539 3410 1639 3464 ubi
1670 3411 1925 3465 delatum

241 3498 398 3553 foret
474 3498 798 3567 episcOpo,
859 3512 967 3550 cur
1030 3497 1143 3551 hoc
1218 3498 1461 3552 fecisset
1533 3500 1678 3553 satis
1719 3516 1926 3569 super-

242 3603 352 3657 que
378 3586 719 3656 obstupuit,
742 3586 1061 3655 presertim
1084 3602 1216 3641 cum
1240 3588 1435 3656 ipsum
1459 3588 1640 3642 nichil
1662 3589 1922 3657 laederet,

242 3693 455 3733 verum
503 3675 786 3729 inviolato
842 3675 976 3729 ﬁdei
1038 3678 1207 3745 pacto
1258 3676 1592 3731 condictum
1649 3678 1929 3747 placitum

242 3765 924 3837 expectaret.Walterus
938 3770 1130 3819 autem
1145 3765 1321 3819 soluti
1336 3765 1426 3819 fed
1437 3766 1555 3820 eris
1569 3767 1929 3836 pretendens

242 3856 679 3926 penitentiam,
719 3870 847 3908 suae
876 3854 1323 3924 praesumptioni
1381 3856 1667 3925 Oportuna
1709 3856 1928 3909 callidi-

240 3948 356 4000 tate
368 3943 677 4016 prmvidit.
691 3943 816 4008 Quo
830 3943 984 3997 enim
999 3944 1245 4014 gravius
1261 3943 1512 3999 advertit
1526 3960 1592 3999 se
1611 3944 1931 3999 offendisse

243 4035 628 4104 episcopum,
652 4035 808 4087 tanto
832 4032 1057 4086 altioris
1075 4033 1340 4102 prmsidii
1368 4034 1581 4104 quaarit
1610 4034 1728 4087 sibi
1749 4033 1932 4088 suffu-

244 4130 414 4200 gium
445 4118 551 4177 231.
586 4123 736 4177 Nam
770 4122 1093 4177 Robertum
1124 4137 1329 4193 regem
1369 4126 1425 4175 et
1451 4122 1713 4177 Odonem
1744 4124 1930 4177 comi-

242 4219 360 4270 tem
413 4213 574 4284 (316)
631 4214 973 4283 precatores
1022 4210 1137 4265 sibi
1190 4213 1246 4264 et
1303 4211 1610 4282 adjutores
1666 4212 1926 4283 paravit,

243 4311 297 4360 et
329 4309 397 4360 ut
433 4304 719 4358 domnum
742 4301 1088 4371 episcopum
1109 4300 1417 4370 placaturi,
1448 4316 1577 4354 suae
1619 4301 1924 4356 temeritati

246 4395 485 4450 veniam
533 4393 835 4463 rogarent,
876 4389 1142 4444 obtinuit.
1177 4389 1393 4443 Verum
1434 4389 1516 4443 hii
1548 4390 1703 4444 circa
1735 4406 2006 4485 nego-.D

246 4486 405 4537 cium
430 4481 596 4536 aliud
627 4480 918 4548 occupati,
946 4478 1311 4533 Harduinum
1325 4478 1790 4535 Noviomensum
1814 4480 1928 4550 epi-

246 4587 504 4642 scopum
539 4585 674 4623 cum
707 4567 841 4621 aliis
872 4568 1046 4622 etiam
1078 4568 1412 4622 oratoribus
1444 4585 1558 4623 usu
1591 4569 1810 4624 vicario
1857 4569 1929 4624 ad

247 4660 589 4715 Gerardum
628 4657 968 4727 pontiﬁcem
999 4656 1367 4727 delegerunt.
1401 4656 1509 4722 Qui
1542 4660 1776 4729 tempus
1826 4675 1929 4714 ac-

250 4749 550 4820 ceptabile
578 4744 1005 4817 pwnitentibus
1040 4746 1332 4815 aucupati,
1360 4746 1519 4800 circa
1540 4747 1767 4802 initium
1792 4764 1934 4818 qua-

2030 3141 2399 3216 obstaculum
2429 3139 2661 3206 videns,
2709 3151 2847 3188 mox
2877 3133 2989 3186 fide
3040 3134 3275 3209 mutata,
3328 3130 3693 3216 congregata

2028 3214 2220 3285 valida
2248 3245 2444 3296 manu,
2480 3226 2763 3279 Rotberto
2793 3220 2875 3263 334
2902 3219 3297 3274 Namurcensi
3321 3218 3532 3271 comite
3573 3214 3691 3268 sibi

2028 3320 2310 3388 abhibito,
2335 3333 2451 3371 non
2465 3314 2698 3370 erubuit
2714 3310 3029 3383 praesulem
3043 3308 3353 3395 invadere;
3388 3304 3692 3360 omnibus-

2025 3428 2139 3485 que
2217 3407 2473 3480 fugatis,
2559 3401 2979 3458 Herimannum
3035 3393 3435 3451 tantummodo
3502 3393 3691 3447 comi-

2023 3481 2143 3555 tem
2171 3499 2339 3570 (319),
2375 3497 2470 3549 cui
2500 3496 2622 3548 erat
2665 3490 2876 3562 pudori
2924 3489 3152 3559 fugere,
3200 3486 3281 3539 ibi
3330 3486 3389 3537 in
3418 3481 3694 3537 aecclesia

2026 3590 2216 3645 sancti
2236 3583 2540 3657 Gorgonii,
2569 3582 2670 3637 ubi
2692 3579 2949 3653 quidem,
2983 3592 3089 3647 spe
3110 3574 3431 3633 resistendi
3462 3572 3696 3626 sublata

2027 3680 2160 3750 quia
2195 3676 2469 3749 fugerant
2496 3670 2711 3740 cuncti,
2748 3668 3104 3735 secesserat,
3143 3667 3377 3734 captum
3410 3660 3701 3717 Rotberdi

2029 3766 2261 3822 comitis
2295 3762 2582 3819 custodiae
2614 3756 3046 3814 commendavit
3074 3758 3190 3821 (an.
3226 3752 3384 3818 4013,
3423 3750 3548 3806 Oct.
3584 3750 3692 3817 10).

2027 3855 2194 3922 Quod
2218 3853 2490 3925 quamvis
2520 3849 2729 3904 amicis
2760 3847 2916 3919 ejus,
2948 3844 3195 3899 multum
3226 3841 3563 3896 dolentibus
3622 3853 3694 3892 ne

2030 3948 2130 4001 diu
2157 3946 2476 4010 teneretur,
2510 3940 2856 4008 suspectum
2880 3936 3076 4001 foret:
3112 3932 3307 3986 divina
3345 3934 3541 3985 tamen
3573 3928 3695 3983 cle-

2031 4034 2264 4103 mentia,
2296 4047 2428 4102 quae
2459 4032 2594 4084 vota
2651 4026 2911 4081 omnium
2969 4021 3330 4093 supervadit,
3376 4021 3435 4074 in
3484 4019 3698 4074 melius

2030 4120 2424 4196 prosperavit.
2466 4116 2722 4178 Rotbodi
2763 4128 3014 4184 namque
3046 4111 3278 4166 comitis
3309 4114 3495 4163 mater
3525 4107 3694 4179 (3%),

2033 4228 2179 4267 sano
2197 4227 2307 4266 usa
2326 4207 2596 4275 consilio,
2624 4205 3046 4258 Herimannum
3059 4199 3332 4254 comitem
3346 4199 3475 4251 suis
3491 4197 3698 4250 amicis

2034 4319 2100 4357 se
2131 4300 2424 4356 redditum
2446 4297 2529 4350 ire
2550 4293 2839 4364 promisit,
2863 4292 2915 4344 si
2937 4305 3041 4360 pro
3063 4291 3219 4342 tanta
3243 4286 3699 4340 commutatione

2036 4389 2411 4463 sibigratiam
2425 4387 2746 4441 amicorum
2763 4380 2954 4450 ipsius
2974 4374 3385 4431 Herimanni’et
3398 4375 3707 4463 imperato-

2036 4461 2143 4552 ris,
2164 4461 2339 4552 quem
2371 4474 2713 4541 offenderat,
2739 4469 3117 4529 resarcirent.
3141 4465 3308 4532 Quod
3327 4480 3460 4520 cum
3513 4461 3700 4517 resci-

2038 4574 2168 4629 rent
2191 4567 2455 4640 episcopi
2483 4562 2780 4619 Gerardus
2799 4563 2973 4630 atque
3014 4557 3342 4625 Baldricus,
3386 4555 3702 4623 imperato-

2040 4677 2166 4716 rem
2186 4661 2245 4713 in
2267 4658 2399 4713 loco
2421 4655 2521 4727 qui
2541 4650 2907 4708 Conﬂuentia
2955 4647 3169 4704 dicitur
3219 4644 3495 4700 sinodum
3542 4641 3704 4696 cele-

2040 4752 2311 4805 brantem
2375 4743 2556 4816 (321)
2604 4744 2660 4797 et
2706 4741 2778 4795 de
2828 4738 3109 4810 episcopo
3158 4733 3556 4801 Mettensium,
3603 4729 3705 4801 qui

1583 4864 1698 4924 VA
1707 4865 1878 4930 RI/E
1921 4862 2390 4931 LECTIONES

263 5058 270 5065 .
317 4983 618 5065 εἲίῗίὲεβο
658 4981 1340 5065 5:.P1‘0003‘8Pediqqtm;
1344 4983 1604 5065 φξβ..
1656 4984 1732 5029 2³1
1782 4990 2135 5065 suﬁ‘ragium
2167 4994 2221 5048 4.
2296 4991 2376 5035 232
2420 4983 2818 5065 delimen‘to‘3.
2849 4980 3164 5065 deligente
3184 4975 3260 5065 ες.
3308 4973 3708 5065 Λῖδθῃίξᾳὶςριξξ

238 5058 398 5127 jecit
426 5036 637 5123 bene;
659 5036 770 5127 γίιῖ
791 5036 1280 5127 ρδηάένεοοᾷᾱίξ
1302 5036 1637 5127 ᾇπίῑάῦέίο
1665 5065 1725 5112 οι
1757 5036 2903 5120 εὲἓὸἱιῖίῖἰόἓὸίξΒουθιῖίῐὲῗιῐῇὀδὲςιτιο
2925 5051 2979 5107 5.
3002 5049 3276 5106 Rotbodo
3307 5049 3360 5104 2.
3413 5036 3707 5104 Rotboldo

252 5123 326 5182 2'.
352 5127 427 5183 In
454 5127 645 5182 tertio
660 5125 790 5182 Ioco
812 5130 1005 5179 autem
1027 5124 1286 5181 Rotbodi
1302 5123 1353 5180 1.
1374 5127 1426 5181 2.
1451 5127 1505 5181 8.
1525 5128 1580 5182 4.
1609 5129 1931 5188 Rotbboldi
1950 5132 2003 5188 5.

1865 5254 2120 5321 ΝΟΤιἘ

320 5381 550 5521 (315)].
584 5396 638 5435 e.
666 5379 962 5453 cujusvis,
974 5379 1161 5453 jeder
1186 5380 1329 5435 Art.

394 5452 484 5521 16)
516 5453 857 5521 Campaniae

394 5452 484 5523 16)
516 5452 857 5523 Campaniae

323 5522 485 5599 (θη)
509 5522 967 5599 ξέονέηὶθῃβθιῃ,
990 5526 1061 5599 de
1090 5541 1207 5599 quo
1240 5529 1312 5583 ci.
1349 5545 1389 5599 ι,
1420 5526 1511 5599 96.

324 5594 486 5678 (313)
510 5596 799 5669 Hougard
816 5592 1004 5670 prope
1036 5592 1384 5657 Tirlemont.
1413 5597 1503 5655 Cf.
1565 5597 1756 5655 Vitam
1800 5599 1938 5654 Bal-

254 5667 328 5723 de
334 5667 449 5722 rici
460 5708 476 5721 .

2114 5383 2264 5455 (319)
2299 5382 2732 5455 Virdunensem
2781 5388 2890 5455 seu
2946 5371 3406 5431 Eihiamensem,
3470 5365 3715 5421 fratrem

2048 5446 2353 5512 Godefridi
2375 5452 2565 5516 ducis;
2602 5448 2753 5502 cf.c.
2791 5446 2863 5500 1.’

2116 5528 2266 5593 (330)
2298 5521 2719 5593 Ermengarda,
2742 5517 2864 5593 tilia
2886 5517 3081 5593 Garoli
3106 5515 3305 5593 ducis.

2119 5583 2268 5670 (8‘21)
2292 5598 2442 5670 Ann.
2466 5583 2671 5670 Quedl.
2699 5583 2858 5670 1012:
2895 5589 3221 5670 Heinricus
3264 5602 3396 5655 rex,
3446 5586 3521 5641 ad
3556 5583 3715 5670 festa

2047 5658 2405 5728 SfMa'rtini
2451 5658 2837 5724 C’onﬂuentiae
2887 5662 3155 5732 veniens,
3203 5672 3472 5732 magnam
3529 5669 3712 5727 syno-
3758 5658 3765 5665 ‘
