4098 6196
448 317 567 378 147

1357 314 1632 375 GESTA
1675 313 2201 379 PONTIFICUM
2243 315 3008 382 CAMERACENSIUM.

3765 327 3869 393 148

446 513 706 567 inimicis
740 513 867 567 suis
890 513 1230 582 inhaeserat,
1255 516 1598 567 tractantem
1619 515 2109 585 agressisunt,ct
2140 497 2195 557 Α
2226 515 2590 588 dignitatem.
2642 517 2799 571 Inter
2852 534 3024 590 quem
3069 525 3123 575 et
3172 522 3553 580 Lantbertum
3614 530 3861 585 comitem

446 606 510 656 ut
540 603 843 655 comitissa
873 603 1175 670 poscebat,
1204 603 1255 655 ei
1276 603 1647 672 imperatoris
1670 604 1916 673 gratiam
1936 604 2111 672 impe-

444 693 693 745 trarunt.
729 691 943 761 Sicque
969 707 1169 744 comes
1194 681 1589 745 llerimannus
1620 694 1920 747 nesciente
1940 693 2111 746 Lant-

444 780 614 833 berto
648 797 679 831 a
720 780 984 848 captione
1019 780 1249 833 solutus
1280 784 1389 834 est.

517 866 569 919 6.
604 867 711 920 Est
759 872 951 920 autem
998 869 1421 922 monasterium
1472 868 1530 922 in
1576 886 1726 940 pago
1769 870 2019 939 Hainou,
2053 870 2111 923 in

443 956 581 1008 villa
720 972 851 1026 quae
883 957 1098 1009 dicitur
1146 958 1524 1025 Altusmons,
1574 960 1758 1028 quod,
1805 962 1865 1012 ut
1904 963 2109 1029 poste—

444 1044 569 1096 rius
591 1044 739 1114 (322)
763 1045 966 1097 lectori
992 1046 1267 1113 occurrit,
1295 1050 1537 1099 sanctus
1563 1047 1926 1117 Vincentius,
1955 1049 2112 1103 beati

439 1133 709 1186 Autberti
733 1133 1131 1203 prcdieatione
1164 1134 1234 1186 de
1258 1134 1407 1188 laico
1433 1136 1760 1189 monachus
1785 1136 1996 1203 factus,
2034 1153 2107 1191 ex

439 1222 624 1275 rebus
656 1222 749 1275 sui
774 1221 932 1291 juris
958 1223 1068 1276 sub
1087 1223 1508 1278 monachorum
1534 1225 1819 1295 religione
1838 1232 2106 1281 constru-

438 1310 542 1378 xit,
559 1326 625 1363 ac
644 1311 756 1364 sub
774 1311 938 1380 regia
962 1327 1136 1365 manu
1168 1327 1273 1380 per
1293 1312 1507 1366 multos
1528 1329 1714 1368 annos
1738 1330 1856 1368 non
1881 1316 2105 1369 medio-

437 1398 616 1451 criter
628 1398 1414 1468 ﬂoruit.Supervenientibus
1429 1403 1619 1455 autem
1635 1404 1835 1456 causis
1850 1404 2107 1458 diversa-

434 1502 563 1539 rum
586 1488 1021 1556 tempestatum,
1048 1505 1196 1558 quas
1218 1490 1493 1559 legimus,
1520 1492 1833 1546 comitibus
1858 1492 1915 1546 in
1932 1494 2107 1547 bene-

432 1573 630 1627 ficium
660 1575 938 1629 traditum
970 1582 1088 1643 est,
1139 1581 1193 1630 et
1222 1579 1293 1630 ad
1324 1582 1545 1631 tantum
1585 1597 1791 1634 casum
1822 1582 2101 1651 paulatim

431 1663 782 1732 devolvitur,
815 1667 896 1732 ut,
930 1667 1239 1720 monachis
1283 1670 1519 1736 quidem
1551 1673 1817 1740 egestate
1851 1672 2093 1741 coactis,

428 1767 750 1820 paucorum
785 1754 1134 1807 clericorum
1158 1756 1445 1810 custodim
1468 1759 1863 1813 mandaretur.
1890 1760 2098 1814 Proce-

428 1840 601 1894 dente
633 1857 774 1894 vero
814 1846 1077 1912 tempore
1128 1845 1374 1915 contigit
1404 1845 1682 1915 Arnulfo,
1720 1850 1865 1916 patri
1898 1850 2095 1903 domni
2129 1833 2179 1894 Β

431 1929 693 1998 episcopi
717 1970 730 1998 ,
755 1945 787 1982 a
819 1931 1028 1984 comite
1063 1932 1418 1986 Herimanno
1442 1935 1499 1986 in
1522 1936 1809 1990 beneficio
1834 1938 2095 2007 cenpen-

429 2018 571 2070 sari.
612 2017 721 2070 Hic
752 2018 1017 2086 profecto
1048 2021 1245 2074 audito
1285 2022 1356 2075 de
1387 2023 1725 2093 antiquitate
1771 2029 1827 2079 et
1865 2041 2095 2081 summa

429 2106 809 2160 veneratione
833 2107 968 2177 loci,
989 2110 1163 2162 sicuti
1182 2109 1274 2163 vir
1301 2126 1507 2179 sanus,
1532 2113 1603 2166 ad
1631 2115 1941 2182 pristinum
1960 2133 2095 2187 gra-

411 2181 564 2247 Idum
578 2194 763 2248 voluit
781 2195 1130 2262 reformare;
1158 2199 1263 2252 sed
1278 2200 1746 2270 subripientibns
1766 2205 1965 2259 causis
1980 2204 2097 2260 bel-

426 2282 619 2336 lorum
642 2299 757 2337 non
776 2286 982 2353 potuit.
999 2287 1142 2340 Post
1166 2287 1341 2358 cujus
1365 2304 1703 2360 excessum,
1729 2308 1862 2345 cum
1882 2294 2098 2348 Arnul-

423 2368 461 2422 fi
498 2368 580 2411 336
616 2370 733 2425 ﬁlio
780 2371 927 2442 (323)
961 2374 1311 2431 hereditaria
1349 2379 1553 2448 cessit,
1589 2379 1773 2451 hujus
1814 2382 2094 2438 nimirum

422 2459 732 2515 meliorare
757 2462 1011 2516 volentis
1036 2464 1398 2519 desiderium
1429 2467 1628 2522 divina
1659 2470 1966 2526 clementia
2000 2489 2093 2528 se—

423 2549 719 2602 cundavit.
752 2550 888 2619 Ipso
921 2552 1075 2605 enim
1095 2555 1361 2623 tempore
1394 2556 1510 2622 (an.
1548 2558 1707 2627 1012)
1739 2560 1921 2615 frater
1943 2578 2092 2617 suus

423 2635 497 2687 ad
518 2636 882 2703 pontificium
914 2640 1284 2707 sublimatur;
1312 2644 1488 2715 cujus
1512 2649 1622 2698 tam
1647 2649 1895 2703 consilio
1918 2666 2092 2720 quam

424 2723 639 2777 auxilio
686 2725 878 2794 pulsis
938 2729 1175 2797 quidem
1224 2733 1559 2804 canonicis,
1610 2735 1824 2791 domno
1882 2739 2091 2793 abbate

424 2812 677 2865 Ricardo
744 2813 928 2882 (324),
998 2818 1422 2875 monachorum
1498 2824 1708 2894 religio
1780 2834 2093 2881 revocatur

421 2897 538 2966 (an.
565 2900 744 2969 1016).
769 2901 879 2966 Qui
904 2904 1196 2960 Ricardus
1219 2913 1425 2978 postea
1447 2911 1798 2968 Futcuinum
1817 2915 2089 2971 abbatem

421 2988 537 3042 sibi
570 2990 934 3047 substituere
958 2995 1270 3051 estimavit.
1294 2998 1466 3054 Hunc
1485 3016 1628 3072 ergo
1651 3003 1905 3059 domnus
1923 3007 2087 3075 epis-

420 3093 606 3146 copus
638 3078 938 3135 Gerardus
986 3099 1221 3156 unaque
1264 3087 1450 3143 abbas
1503 3091 1798 3147 Ricardns
1830 3094 2086 3165 impera-
2119 3082 2170 3143 Ο

417 3167 526 3219 tori
557 3171 974 3236 presentarunt
1003 3173 1237 3229 abbatia
1270 3177 1625 3234 donandum.
1659 3181 1899 3236 Nullum
1933 3185 2085 3240 enim

418 3254 688 3310 abbatias
711 3263 929 3326 praeter
943 3262 1359 3332 imperatorem
1377 3272 1474 3322 aut
1496 3270 1841 3340 episcopum
1859 3272 2084 3344 largiri,

420 3344 693 3414 cuiquam
745 3346 836 3401 fas
867 3352 988 3419 est,
1029 3354 1303 3421 quamvis
1335 3356 1656 3411 advocatiae
1687 3375 1888 3414 earum
1920 3362 2087 3417 laicis

418 3434 918 3490 commendantur.
936 3437 1310 3513 Subrogatus
1328 3444 1522 3514 itaque
1537 3445 1883 3516 Fuleuinus,
1907 3452 2087 3506 multo

416 3519 618 3573 labore
673 3527 1129 3597 monasterium,
1183 3531 1339 3599 quod
1395 3533 1696 3587 desertum
1751 3537 2090 3608 invenerat,

416 3606 630 3661 domno
660 3610 942 3681 episcOpo
972 3614 1312 3687 adjuvante,
1338 3622 1455 3674 tam
1486 3622 1749 3677 claustro
1783 3629 1839 3678 et
1871 3628 2087 3682 ceteris

416 3695 688 3751 aediﬁciis
719 3713 895 3768 quam
924 3703 1185 3773 regulari
1218 3705 1465 3762 fratrum
1497 3711 1784 3767 servitute
1815 3715 2081 3769 munivit.

414 3781 581 3847 Quod
611 3785 690 3839 ita
722 3787 1083 3858 innovatum,
1111 3792 1389 3850 Kalendis
1415 3797 1552 3851 Maii
1581 3799 1640 3853 in
1669 3800 1891 3855 honore
1914 3818 2083 3857 sanc-

412 3873 605 3926 torum
634 3875 1042 3943 apostolorum
1079 3881 1240 3934 Petri
1287 3888 1342 3937 et
1386 3886 1583 3955 Pauli,
1618 3891 1678 3941 ut
1709 3892 1841 3943 ante
1871 3892 2081 3961 fuerat,

414 3959 668 4016 domnus
708 3963 1031 4036 episcOpus
1064 3974 1454 4028 consecravit.
1494 3976 1699 4032 Abbas
1732 3982 1927 4034 autem
1959 3980 2080 4036 ele-

412 4049 675 4105 ricorum
718 4053 1033 4127 incursus,
1081 4059 1181 4129 qui
1226 4059 1401 4131 ejecti
1446 4062 1709 4136 fuerant,
1763 4067 1919 4123 ferre
1964 4076 2081 4125 non

410 4142 658 4209 poterat,
679 4142 794 4196 nisi
813 4143 1065 4200 domnus
1084 4148 1404 4220 episcopus
1418 4153 1632 4209 virtute
1649 4164 2075 4226 compesceret.

480 4226 533 4281 7.
568 4228 790 4286 Eodem
821 4250 964 4288 vero
994 4238 1257 4307 tempore
1286 4239 1733 4299 defunctiducis
1755 4246 1902 4317 (325)
1919 4248 2077 4303 Otto-

407 4316 503 4371 nis
534 4317 654 4389 (an.
703 4321 874 4393 1013,
932 4324 1032 4378 vel
1073 4326 1266 4400 1014),
1302 4329 1406 4383 filii
1438 4330 1667 4401 Karoli,
1716 4334 2074 4392 Godefridus

405 4406 787 4512 anteadietus
810 4410 981 4484 (326),
1009 4415 1441 4473 intercessione
1464 4420 1709 4475 Gerardi
1732 4424 1997 4512 episcOpi
2019 4429 2074 4480 et
2100 4451 2156 4512 D

405 4493 652 4551 obtentu
681 4499 970 4570 majorum
1002 4502 1261 4558 ﬁdelium
1296 4506 1689 4580 imperatoris,
1710 4493 1958 4581 adeptus
1979 4518 2072 4568 est

2212 604 2565 674 jamdudum
2587 609 2759 660 vetus
2782 606 3047 661 fervebat
3068 609 3383 679 discordia;
3410 630 3561 684 quos
3584 615 3862 673 Gerardus

2222 693 2564 763 episcopus,
2601 694 2735 748 licet
2759 695 3063 751 Lantberti
3087 701 3431 767 proﬂuviam
3466 705 3638 759 ﬁdem
3668 708 3721 759 et
3749 707 3862 761 ins-

2220 781 2456 836 tabilem
2489 784 2745 837 animum
2788 791 3048 856 noverat,
3082 790 3275 843 tamen
3307 808 3378 845 ne
3426 810 3538 864 qua
3572 795 3864 850 calliditate
3934 822 3949 837 ι

2219 869 2543 925 Godefrido
2573 872 2631 925 in
2664 877 2778 926 tam
2801 890 2954 929 novo
2986 876 3211 932 honore
3232 880 3514 949 ofﬁceret,
3541 883 3865 952 interposita

2217 974 2361 1028 pace
2394 961 2685 1015 emicavit.
2711 963 2819 1016 Hic
2844 964 3038 1035 itaque
3062 967 3133 1019 ad
3156 971 3376 1022 tantum
3400 970 3629 1024 culmen
3651 989 3865 1041 promo-

2217 1050 2332 1116 tus,
2368 1064 2499 1102 cum
2532 1048 2757 1105 honore
2788 1056 2843 1105 et
2874 1055 3124 1107 maxima
3156 1056 3369 1110 virtute
3402 1058 3734 1114 fidelitatem
3766 1063 3865 1115 im-

2215 1138 2509 1204 peratoris
2544 1140 2782 1210 agebat;
2809 1157 2951 1195 sane
2973 1143 3141 1211 adeo,
3169 1148 3228 1198 ut
3250 1162 3421 1200 nemo
3444 1150 3658 1203 melius
3677 1166 3865 1218 pacem

2215 1225 2419 1294 patriae
2450 1226 2743 1298 dilataret,
2765 1230 2920 1283 bella
2938 1232 3192 1286 sedaret.
3214 1234 3315 1288 Illo
3338 1236 3628 1305 siquidem
3656 1244 3868 1295 rectore

2215 1314 2468 1383 consilii,
2505 1315 2822 1385 imperator
2853 1320 3241 1389 superborum
3268 1325 3534 1380 cervices
3567 1328 3868 1400 subigebat

2213 1402 2537 1474 hostesque
2566 1406 2860 1461 vincebat.

2282 1510 2334 1562 8.
2379 1511 2553 1565 Juxta
2607 1516 2867 1568 castrum
2908 1515 3164 1571 Montem
3217 1519 3541 1576 fonticulus
3580 1527 3673 1577 est
3713 1524 3869 1595 (327),

2210 1613 2319 1667 per
2360 1600 2574 1654 multos
2625 1618 2814 1657 annos
2860 1604 2933 1657 ab
2966 1606 3177 1660 incolis
3218 1613 3440 1663 sanctae
3473 1610 3869 1668 V’Valdetrudis

2211 1689 2590 1744 veneratione
2639 1695 2944 1761 servatus,
2999 1694 3097 1748 ubi
3148 1695 3365 1750 inﬁrmi
3411 1699 3640 1768 perfusi
3677 1703 3869 1772 sospi-

2210 1778 2388 1829 tatem
2421 1778 2648 1832 meritis
2694 1785 2916 1837 sanctae
2966 1783 3232 1855 Virginis
3276 1782 3355 1825 237
3401 1803 3757 1859 recuperare
3787 1791 3869 1846 fe-

2210 1868 2443 1919 runtur.
2481 1866 2595 1920 Ubi
2628 1884 2759 1922 cum
2792 1885 2861 1924 eo
2903 1875 3163 1942 tempore
3196 1878 3468 1946 quaedam
3499 1878 3716 1933 femina
3746 1896 3867 1950 per-

2209 1957 2376 2023 geret
2398 1971 2506 2023 pro
2529 1956 2863 2012 infirmitate
2884 1960 3160 2033 lavatum,
3182 1967 3442 2036 repperit
3458 1968 3629 2038 quasi
3653 1970 3867 2023 recenti

2212 2056 2423 2095 cruore
2446 2059 2817 2115 respersum,
2854 2051 2909 2101 et
2940 2049 3075 2103 dum
3109 2051 3427 2123 lavaretur,
3448 2056 3576 2109 visa
3608 2061 3698 2110 est
3732 2057 3870 2112 facie

2210 2132 2684 2201 sanguinolenta.
2719 2133 2863 2199 .Quo
2913 2138 3186 2210 prodigio
3243 2141 3497 2198 domnus
3552 2145 3864 2215 episcopus

2205 2217 2357 2272 bella
2405 2221 2692 2277 inminere
2733 2224 3021 2293 predixit;
3056 2229 3213 2299 quod
3253 2230 3330 2285 ita
3368 2232 3499 2302 ipsa
3532 2249 3630 2288 res
3662 2238 3864 2304 postea

2204 2306 2503 2363 indicavit.

2275 2430 2326 2486 9.
2363 2433 2627 2505 Denique
2656 2450 2800 2492 vero
2834 2441 3096 2510 tempore
3132 2446 3493 2514 procedente
3526 2448 3644 2517 (an.
3686 2449 3867 2518 1015),

2203 2521 2562 2577 Lantbertus
2590 2524 2721 2595 jam
2764 2527 2957 2584 dictus
2988 2547 3124 2584 cum
3173 2534 3428 2590 Rainero
3477 2542 3690 2607 nepote
3738 2556 3864 2606 suo,

2205 2611 2443 2664 Raineri
2474 2612 2615 2682 filio,
2668 2615 3029 2672 inimicitiam
3079 2621 3400 2678 adversum
3434 2625 3645 2680 ducem
3674 2628 3868 2683 Gode-

2202 2697 2421 2752 fridum
2444 2703 2500 2753 et
2535 2702 2955 2759 Herimannum
2979 2708 3242 2781 fratrem,
3276 2712 3470 2768 soluto
3488 2714 3735 2785 foedere,
3760 2718 3866 2772 ite-

2200 2802 2331 2839 rum
2361 2789 2661 2861 excitavit,
2698 2793 3064 2867 alternisque
3095 2800 3369 2867 pulsibus
3386 2805 3681 2858 contentio
3716 2806 3866 2859 invi-

2201 2890 2327 2929 cem
2360 2891 2429 2931 eo
2480 2895 2669 2949 usque
2714 2885 3042 2954 processit,
3095 2887 3233 2941 dum
3280 2889 3340 2943 in
3381 2907 3649 2961 campum
3682 2893 3867 2951 Flori-

2198 2979 2445 3020 nensem
2475 2970 2919 3041 convenientes,
2951 2989 3224 3044 asperam
3252 2994 3511 3050 pugnam
3540 2985 3865 3038 committe-

2198 3058 2328 3109 rent
2358 3055 2544 3127 (Sepl.
2581 3058 2690 3128 12);
2716 3060 2823 3115 Dei
2852 3065 3223 3136 tamenjusto
3246 3067 3476 3139 judicio
3500 3071 3861 3128 Lantbertus

2200 3158 2332 3197 cum
2365 3145 2543 3199 multa
2572 3163 2808 3220 quoque
2834 3166 3082 3208 suorum
3104 3158 3304 3228 strage
3327 3173 3525 3214 caesus
3550 3163 3866 3219 occumbe-

2204 3237 2316 3286 ret.
2350 3235 2567 3290 Postea
2599 3236 2753 3291 idem
2790 3240 3085 3297 Bainerus
3133 3248 3189 3298 et
3221 3245 3541 3303 Heinricus
3573 3250 3875 3306 Lantberti

2199 3320 2377 3387 titius,
2399 3327 2675 3391 paternos
2694 3328 2930 3398 quidem
2952 3347 3149 3387 mores
3170 3335 3406 3390 omnino
3433 3337 3658 3408 imitati,
3683 3356 3869 3410 super

2197 3408 2406 3465 ﬁdeles
2436 3413 2811 3482 imperatoris
2830 3418 3152 3491 plerosque
3180 3422 3432 3492 impetus
3462 3408 3783 3497 faciebant,
3798 3444 3865 3482 ac

2197 3496 2473 3554 humanis
2501 3498 2582 3543 238
2613 3506 2897 3573 operibus
2934 3524 3279 3581 morumque
3309 3512 3643 3570 insolentiis
3673 3517 3867 3589 impe-

2196 3590 2451 3641 ratorem
2486 3592 2634 3645 male
2665 3593 3045 3652 offenderant.
3085 3599 3306 3656 Videns
3337 3608 3528 3658 autem
3560 3605 3866 3662 Gerardus

2194 3675 2514 3747 episcopus
2547 3680 2827 3737 domnum
2857 3685 3269 3756 imperatorem
3293 3691 3449 3745 circa
3479 3694 3592 3747 alia
3623 3697 3866 3766 negotia

2195 3770 2561 3838 occupatum,
2598 3772 2657 3823 in
2706 3777 2985 3843 quantum
3019 3779 3205 3846 potuit
3240 3780 3492 3835 salutem
3521 3784 3728 3852 patrim
3764 3801 3869 3840 sa-

2192 3854 2424 3922 pienter
2453 3859 2724 3926 previdit;
2761 3862 2994 3933 sibique
3026 3867 3418 3937 coepiscopus
3448 3871 3697 3927 Albaldo
3712 3873 3871 3945 (328)

2192 3943 2471 4000 videlicet
2514 3951 2571 4000 et
2614 3948 2904 4005 Haimone
2954 3952 3101 4023 (329)
3131 3956 3429 4027 adhibitis,
3465 3960 3716 4030 gratiam
3749 3943 3867 4016 imQ-

2194 4035 2489 4100 peratoris
2538 4036 2689 4105 ipsis
2721 4038 3199 4098 malefactoribus
3242 4060 3386 4113 pace
3432 4047 3867 4105 interveniente

2193 4123 2459 4192 opﬁnuﬁ.

2261 4246 2347 4301 10.
2385 4248 2515 4302 Hiis
2536 4249 2614 4303 ita
2644 4252 2856 4322 gestis,
2885 4254 3182 4311 Rainerus
3202 4257 3697 4332 adintegrandam
3723 4265 3870 4317 ami-

2190 4334 2385 4389 citiam
2416 4337 2595 4392 filiam
2630 4338 2983 4397 Herimanni
3015 4346 3247 4399 comitis
3283 4347 3399 4402 sibi
3432 4351 3709 4419 quaesivit
3741 4368 3869 4407 ma-

2187 4424 2459 4479 trimonio
2511 4428 2791 4496 copulari.
2843 4429 2957 4484 Sed
3003 4432 3143 4502 hoc,
3185 4450 3292 4504 pro
3341 4440 3864 4510 consanguinitate

2186 4527 2320 4581 qum
2369 4514 2709 4585 dicebatur,
2752 4534 2891 4573 esse
2948 4520 3215 4576 illicitum
3263 4523 3522 4580 Gerardo
3572 4529 3864 4599 episcopo

1719 4605 2013 4668 VARUE
2059 4605 2422 4669 LECTION
2430 4608 2552 4671 ES.

482 4685 564 4728 235
594 4688 746 4743 valle
776 4690 851 4746 2'.
876 4690 957 4736 2³6
985 4694 1069 4748 ita
1113 4697 1381 4751 correxit
1417 4698 1581 4756 Colv.
1626 4703 1872 4759 Arnulfo
1906 4706 2074 4761 codd.

404 4764 610 4819 manis
641 4762 881 4836 conficit
913 4764 1076 4820 Colv.

2221 4704 2299 4750 337
2347 4710 2629 4765 matronae
2676 4711 2729 4765 8.
2782 4711 2859 4767 cf.
2914 4712 2995 4779 II,
3052 4712 3140 4771 26.
3204 4711 3286 4758 238
3332 4717 3416 4771 ita
3457 4719 3623 4774 codd.
3670 4720 3863 4777 inhu-

1982 4883 2260 4947 ΝΟΤᾹΞΣ.

399 4994 532 5049 dum
583 4993 824 5061 habuit,
880 4995 1289 5052 Tliiedoricum
1338 4999 1671 5056 Metensem
1714 5044 1726 5056 .
1773 5044 1784 5057 .
1831 5045 1842 5058 .

399 5065 737 5121 damnandi.

467 5136 689 5211 (322,1.
732 5155 788 5208 q.
823 5147 1031 5211 retro;
1071 5140 1300 5195 scilicet
1350 5143 1546 5211 prouti
1592 5144 1747 5198 enim
1788 5146 1975 5201 lector
2005 5149 2063 5203 in

395 5207 970 5288 legepdonprocedit,
998 5207 1397 5288 przecedentia
1424 5218 1570 5288 post
1589 5231 1656 5288 se
1686 5216 1984 5288 relinquit.

646 5277 1376 5356 godefridod‘florinensi.,
1413 5277 1489 5338 cf.
1524 5286 1592 5356 II,
1627 5286 1716 5340 35.

468 5349 617 5421 (324)
647 5349 706 5404 S.
740 5350 936 5404 Vitoni
968 5349 1385 5409 Virdunensis.

466 5420 614 5492 (325)
655 5421 1055 5500 Lotharingiie
1103 5424 1838 5500 inferioris._Sigebertus
1895 5430 2059 5486 Otto-

394 5493 488 5546 nis
536 5497 782 5548 mortem
820 5509 872 5547 a.
924 5493 1097 5562 1005,
1146 5497 1334 5567 ponit,
1391 5493 1585 5567 falso:
1630 5500 1712 5553 uti
1752 5517 1826 5554 ex
1857 5506 2062 5557 nostro

393 5568 655 5619 annaret.

430 5580 705 5707 Pté‘é‘éti‘c.
747 5637 798 5691 2.
840 5635 1265 5707 Virdunensis,
1311 5639 1467 5695 ﬁlius
1499 5642 1799 5698 Godefridi
1840 5643 2065 5713 Vetuli,

1888 5021 2062 5061 causa

2172 5008 2354 5090 frater
2401 5008 2744 5065 Herimanni
2780 5013 3012 5068 comitis
3058 5014 3435 5073 Eihamensis
3475 5034 3587 5074 seu
3620 5019 3852 5076 Virdu-

2177 5095 2537 5219 ne(l§821'78)'Hic
2577 5150 2712 5205 fons
2756 5152 2815 5207 s.
2850 5154 3259 5212 Waldetrudis
3305 5160 3622 5215 etiamnum
3652 5165 3857 5218 exstat

2170 5221 2230 5275 in
2261 5237 2475 5292 magna
2507 5222 2655 5275 silva
2688 5222 2982 5281 Montensi
3005 5229 3282 5284 adextris
3310 5232 3424 5285 vim
3458 5248 3574 5302 qua
3604 5233 3857 5287 Bruxel-

2176 5291 2288 5345 lam
2334 5293 2483 5358 itur,
2536 5308 2653 5347 uno
2700 5310 2883 5358 prepe
2921 5298 3172 5354 miliario
3212 5300 3285 5354 ab
3322 5301 3468 5356 urbe
3514 5304 3851 5358 Montensi.

2179 5308 2288 5345 Iam
2334 5308 2483 5359 itur,
2536 5308 2653 5347 uno
2700 5310 2883 5365 prepe
2921 5308 3172 5354 miliario
3212 5308 3285 5354 ab
3322 5308 3468 5356 urbe
3514 5308 3851 5373 Montensi,

2164 5360 2338 5433 juxta
2376 5365 2612 5445 antiqua
2643 5382 2948 5445 murorum
2977 5370 3221 5445 rudera,
3257 5388 3390 5445 quga
3420 5375 3858 5445 muripagano-

2172 5435 2702 5516 rumappellantur,
2722 5436 2951 5516 inpago
2966 5441 3062 5495 cui
3083 5435 3298 5516 nomen
3319 5435 3612 5499 Castrum:
3630 5435 3850 5516 Neque

2173 5504 2347 5558 hodie
2378 5507 2508 5560 sine
2538 5504 2913 5563 veneratione
2947 5515 3058 5566 est.
3093 5512 3271 5567 Conv.

2248 5576 2395 5643 (328)
2428 5576 2546 5631 Seu
2577 5578 2903 5636 Adelboldo
2936 5582 3321 5640 Traiectensi.

2250 5647 2402 5717 (329)
2439 5648 2812 5705 Virdunensi.
2888 5700 2897 5713 ,
