4098 6196
297 334 431 399 149

1674 329 1929 392 LIBER
1978 329 2390 412 .TERTlUS.

3633 335 3748 396 150

295 534 599 590 estimanti
630 533 864 588 omnino
896 534 1216 604 displicuit.
1244 533 1313 586 Et
1329 535 1524 587 tamen
1546 534 1752 602 postea
1775 530 1969 587 consi-
2000 514 2058 574 Α
2085 547 2298 586 acervo
2329 533 2587 603 lapidum
2617 532 2960 600 insiderent,
2996 534 3054 586 in
3101 534 3232 588 albo
3264 533 3501 605 quidem
3532 535 3743 604 panni-

288 624 367 678 lio
425 624 847 692 coepiscorum
894 639 1064 690 usus,
1116 624 1337 676 invitus
1379 622 1563 686 siluit,
1597 622 1813 692 quippe
1845 637 1972 690 pro-

290 713 636 782 ponentium
676 713 831 765 beati
885 711 1161 782 Gregorii
1205 711 1464 764 monitus
1517 726 1626 764 suo
1677 709 1969 778 discipulo

288 803 631 872 Augustino
680 801 946 854 collatos.
982 799 1110 864 Cui,
1146 817 1278 854 cum
1310 800 1536 870 Anglos
1569 799 1969 868 predicatione

289 891 584 944 Dominici
637 890 801 944 verbi
842 889 1121 944 erudiens
1155 889 1226 942 ad
1255 889 1430 942 ﬁdem
1452 887 1800 941 Christianae
1835 887 1968 940 reli-

292 980 496 1051 gionis
530 979 847 1043 excoleret,
884 980 934 1032 si
967 980 1158 1032 virum
1188 993 1256 1031 ac
1274 978 1580 1031 mulierem
1604 993 1711 1031 seu
1744 980 1967 1046 quartae

286 1083 401 1121 seu
433 1066 657 1138 quintae
689 1067 1036 1138 propaginis
1075 1066 1320 1136 junctos
1372 1066 1678 1134 inveniret,
1725 1065 1968 1136 junctos

281 1157 464 1210 etiam
512 1157 564 1209 si
595 1156 816 1209 nollent
864 1154 1009 1224 (330)
1050 1158 1370 1225 pateretur,
1405 1155 1743 1218 ammonuit,
1779 1153 1968 1224 gratia

281 1245 568 1299 Videlicet
601 1245 1001 1316 propagandae
1026 1259 1195 1298 novae
1225 1242 1704 1296 Christianitatis.
1733 1243 1966 1296 Prolem

279 1335 444 1387 enim
480 1349 623 1388 esse
657 1334 930 1402 futuram,
965 1349 1097 1404 quae
1136 1332 1350 1385 melius
1394 1331 1587 1402 legem
1636 1335 1961 1385 servarent.

278 1423 415 1477 Hoc
448 1439 600 1493 ergo
630 1423 827 1492 potius
859 1421 1195 1475 consentire
1217 1421 1440 1488 deberi,
1467 1435 1539 1473 ne
1574 1421 1723 1474 forte
1745 1419 1966 1490 aliquid

275 1517 451 1565 esset
486 1510 866 1580 dispendium
897 1510 1152 1579 antiqua
1184 1509 1666 1563 Christianitatis.
1717 1508 1777 1562 Si
1810 1509 1965 1562 enim

273 1601 430 1653 tanti
467 1599 582 1653 viri
617 1614 805 1670 gener
837 1600 1024 1667 ﬁeret,
1059 1613 1227 1668 spem
1259 1597 1386 1652 fore
1415 1598 1603 1668 pacis;
1635 1597 1728 1651 sin
1748 1599 1961 1665 autem,

273 1688 667 1758 naufragium
697 1687 928 1757 patriai.

2086 622 2217 675 culo
2275 622 2570 675 involutae.
2633 621 2837 676 Statim
2887 637 3087 676 comes
3131 623 3358 676 viribus
3403 623 3741 691 destitutus,

2084 712 2359 764 occubuit
2390 727 2606 764 caesus.
2624 710 2924 774 Quomodo
2946 726 3086 764 vero
3108 712 3370 780 reliquiae
3395 712 3745 765 exiluissent

2084 816 2236 854 unus
2294 816 2368 853 ex
2423 800 2920 870 persequentibus
2980 800 3250 854 comitem
3289 800 3552 869 intuitus,
3605 801 3743 854 dum

2083 890 2283 942 caeteri
2334 889 2689 943 interﬁciunt
2737 889 2987 958 hostem,
3042 889 3310 942 inventas
3342 888 3400 940 in
3433 903 3540 941 sua
3572 904 3742 943 ocrea

2083 979 2431 1032 festinanter
2451 978 2779 1032 abscondit.
2813 979 2955 1031 Post
2975 978 3195 1032 bellum
3219 993 3356 1031 vero
3381 977 3617 1030 rediens
3641 977 3742 1031 do-

2082 1082 2259 1134 mum,
2313 1068 2371 1119 in
2406 1067 2532 1134 ipsa
2563 1082 2708 1120 coxa
2742 1068 2915 1136 coepit
2949 1068 3213 1137 graviter
3242 1065 3545 1134 inﬁrmari,
3579 1080 3742 1119 mor-

2079 1155 2273 1224 boque
2333 1159 2637 1208 crescente
2683 1158 2942 1223 coactus,
2996 1155 3246 1225 qualiter
3297 1155 3436 1207 illud
3472 1157 3742 1206 sanctum

2079 1243 2295 1314 pignus
2338 1244 2646 1311 invenerit,
2701 1243 3020 1297 confessus
3070 1248 3180 1298 est.
3220 1243 3384 1308 Quod
3424 1259 3555 1296 cum
3588 1243 3743 1296 fama

2080 1331 2312 1385 comitis
2346 1332 2711 1402 Herimanni,
2754 1333 2928 1402 cujus
2947 1333 3116 1386 miles
3139 1336 3284 1399 erat,
3307 1332 3550 1386 auribus
3569 1331 3739 1385 del-u-

2075 1419 2267 1487 lisset,
2303 1437 2435 1475 cum
2467 1423 2620 1474 omni
2667 1422 2964 1476 desiderio
3007 1421 3288 1491 reliquias
3321 1421 3604 1490 quaesitas
3637 1421 3737 1472 ha-

2076 1509 2222 1578 buit;
2267 1514 2323 1564 et
2352 1513 2545 1564 tamen
2578 1515 2779 1579 postea
2811 1511 3149 1580 imperatori
3183 1511 3290 1563 has
3327 1510 3560 1580 roganti
3597 1524 3734 1562 con-

2077 1600 2280 1652 cessit.
2334 1600 2596 1653 Domnus
2644 1604 2836 1653 autem
2881 1600 3200 1668 episcopus
3251 1598 3390 1652 illud
3440 1599 3733 1650 incestum

2077 1688 2354 1757 superius
2395 1688 2614 1742 dictum
2660 1689 2906 1742 credere
2958 1703 3073 1741 non
3105 1688 3307 1756 potuit,
3363 1687 3550 1740 donec
3583 1685 3732 1754 Eipse

349 1777 444 1831 11.
471 1777 619 1831 Item
649 1777 821 1830 etiam
846 1791 1045 1830 comes
1074 1775 1310 1846 quidam
1331 1775 1630 1830 Gerardus
1662 1773 1833 1845 (331),
1868 1790 1963 1828 se-
1991 1761 2048 1826 Β
2076 1792 2207 1830 cum
2226 1777 2864 1848 BaldricoepiscOpoin
2882 1777 3087 1830 eodem
3111 1776 3472 1829 monasterio
3493 1790 3732 1828 causam

268 1866 546 1920 cundum
569 1866 898 1919 secularem
923 1881 1191 1934 pompam
1214 1865 1362 1918 male
1386 1864 1713 1932 fastuosus,
1739 1863 1959 1933 pleris-

270 1971 399 2026 que
433 1955 770 2008 assultibus
800 1955 1216 2023 imperatorem
1238 1954 1525 2022 irritabat;
1557 1953 1757 2022 illique
1790 1953 1958 2022 quasi

268 2045 466 2112 capiti
498 2048 556 2096 et
586 2044 821 2097 domino
855 2043 1112 2096 omnium
1143 2042 1450 2109 malorum,
1477 2043 1671 2095 cuncti
1702 2041 1957 2095 rebelles

263 2136 328 2187 et
366 2132 650 2186 inﬁdeles
681 2133 1054 2202 imperatoris
1086 2131 1364 2202 subjecti,
1401 2134 1608 2184 cuncta
1638 2131 1788 2183 mala
1819 2145 1953 2199 per-

259 2223 614 2291 petrabant.
657 2221 765 2284 Qui
807 2223 1005 2290 parata
1039 2220 1233 2274 valida
1263 2235 1458 2288 manu,
1493 2220 1649 2273 circa
1683 2219 1956 2272 viciniam

260 2311 455 2363 ducis
491 2309 814 2376 Godefridi,
858 2309 1020 2363 illum
1052 2309 1290 2379 quidem
1320 2309 1616 2362 incautum
1647 2309 1951 2376 estimans,

260 2400 534 2468 quadam
561 2399 655 2452 die
677 2415 811 2452 cum
835 2397 1123 2451 incendiis
1142 2400 1198 2450 et
1219 2397 1760 2466 deprmdationibus
1783 2397 1953 2450 dese-

255 2489 402 2541 vire
436 2487 717 2541 accessit.
753 2488 828 2540 At
857 2486 1054 2540 subito
1085 2486 1205 2538 dux
1241 2486 1461 2539 nuntiis
1493 2486 1800 2553 excitatus,
1835 2487 1954 2539 col-

258 2577 446 2630 lectis
483 2591 636 2646 quos
667 2576 983 2645 présentes
1008 2574 1280 2642 habebat,
1310 2574 1367 2626 in
1399 2575 1673 2628 ﬁdelitate
1705 2575 1952 2644 impera-

256 2666 416 2719 toris
439 2665 552 2718 sed
574 2668 631 2717 et
652 2665 711 2717 in
734 2664 840 2717 Dei
859 2663 1168 2716 clementia
1183 2663 1352 2732 ﬁsus,
1381 2662 1696 2716 adversum
1721 2663 1951 2716 hostem

257 2754 448 2818 ierat;
507 2748 845 2822 bellumque
894 2751 1107 2818 iniens,
1159 2751 1419 2805 Gerardo
1460 2751 1660 2822 fugato
1694 2755 1749 2805 et
1777 2751 1950 2806 unico

254 2842 384 2895 ﬁlio
440 2839 599 2908 (332)
651 2841 960 2894 vulnerato
1009 2844 1197 2908 capto,
1247 2841 1622 2908 postmodum
1667 2857 1807 2895 vero
1857 2842 1951 2896 de-

253 2930 495 2996 functo,
530 2929 842 2983 victoriam
873 2928 1120 2997 adeptus
1153 2931 1244 2981 est
1275 2930 1395 2994 (an.
1444 2929 1600 2994 1017,
1645 2930 1796 3001 Aug.
1835 2930 1944 2999 27).

2074 1865 2414 1936 diligentius
2448 1867 2767 1920 ventilavit.
2803 1867 2914 1920 Ubi
2953 1867 3188 1936 quidem
3220 1864 3493 1917 monialis
3512 1865 3730 1917 rubore

2072 1953 2320 2024 suffusa,
2356 1956 2588 2009 tandem
2619 1957 2848 2025 culpam
2881 1959 2972 2009 est
3004 1955 3303 2010 confessa.

2145 2043 2227 2097 13.
2258 2043 2395 2097 Post
2424 2045 2642 2098 bellum
2663 2059 2805 2098 vero
2836 2044 3082 2098 Gerardi
3112 2043 3266 2113 quod
3297 2042 3423 2111 jam
3445 2042 3726 2112 diximus,

2068 2131 2199 2185 illas
2233 2133 2575 2201 seditiones,
2602 2149 2751 2204 quas
2775 2133 2992 2186 sororii
3015 2131 3387 2201 imperatoris
3417 2129 3566 2199 (331)
3589 2147 3731 2185 con-

2068 2223 2157 2273 tra
2188 2224 2404 2276 statum
2436 2223 2606 2292 regni
2638 2223 2862 2291 saepius
2895 2220 3231 2287 incitabant,
3277 2221 3529 2272 domnus
3575 2220 3732 2288 epis-

2070 2325 2253 2378 cOpus
2284 2311 2517 2381 duxque
2550 2311 2908 2365 Godefridus
2954 2325 3069 2363 una
3115 2324 3247 2361 cum
3288 2308 3419 2360 aliis
3452 2307 3726 2361 ﬁdelibus

2067 2399 2438 2468 imperatoris
2461 2400 2640 2452 multo
2661 2399 2859 2452 labore
2892 2399 3210 2466 sopierant;
3237 2396 3488 2465 ducique
3511 2395 3726 2465 Bajoa-

2067 2488 2287 2541 riorum
2322 2489 2678 2542 llerimanno
2704 2487 2872 2554 (335),
2906 2486 3001 2556 qui
3027 2486 3292 2555 privatus
3312 2485 3518 2538 fuerat.
3553 2485 3730 2538 duca-

2065 2581 2186 2631 tum
2218 2581 2421 2647 postea
2454 2579 2836 2646 impetrarunt
2862 2577 3046 2645 (Dec).

2138 2667 2222 2720 14.
2259 2667 2479 2721 Eodem
2528 2669 2789 2736 tempore
2819 2668 3047 2719 mortuo
3085 2664 3356 2718 Baldrico
3393 2661 3727 2716 Leodicen-

2065 2757 2219 2810 sium
2251 2757 2532 2825 episcopo
2563 2758 2680 2823 (an.
2719 2755 2855 2808 1018
2885 2754 2998 2808 Jul.
3051 2753 3161 2822 29),
3213 2751 3480 2822 Vulpodo
3514 2752 3727 2805 subro-

2064 2849 2254 2916 gatur,
2280 2861 2348 2898 ac
2363 2845 2611 2914 jubente
2634 2845 2988 2912 imperatore
3010 2859 3043 2896 a
3065 2842 3324 2896 Gerardo
3349 2841 3630 2911 episcopo
3654 2842 3728 2894 ad

2063 2934 2307 2988 eandem
2339 2934 2670 2988 aecclesiam
2705 2933 2934 2996 ductus,
2973 2932 3125 2985 dono
3156 2931 3441 3000 episc0pii
3474 2929 3726 2983 introni-

254 3018 410 3082 Quae
469 3032 652 3071 causa
697 3017 950 3087 reliquis
999 3015 1338 3070 inﬁdelibus
1369 3033 1648 3088 magnum
1696 3019 1948 3073 incussit
1984 3015 2034 3076 C
2062 3026 2245 3076 zatur.
2283 3022 2399 3076 Iste
2431 3021 2722 3091 siquidem
2754 3020 2910 3074 omni
2940 3020 3226 3090 religione
3261 3017 3563 3086 praeditus,
3589 3032 3725 3070 nor-

252 3109 564 3173 timorem,
620 3122 687 3160 ac
728 3105 934 3175 patriae
984 3103 1178 3157 intulit
1223 3107 1389 3173 pacis
1430 3109 1485 3160 et
1533 3107 1748 3176 quietis
1799 3111 1949 3161 tran-

249 3196 650 3266 qunllitatem.

328 3285 424 3337 12.
465 3283 692 3337 Dehinc
724 3299 866 3337 vero
899 3283 957 3335 in
993 3297 1198 3350 campo
1233 3282 1565 3338 Florinensi
1597 3285 1814 3339 factum
1854 3289 1946 3340 est

250 3373 493 3426 bellum
535 3374 656 3437 (an.
704 3371 839 3426 1015
880 3371 1046 3441 Sept.
1081 3370 1188 3439 12),
1224 3371 1322 3425 ubi
1355 3373 1710 3428 Lantbertus
1742 3391 1942 3429 comes

250 3477 490 3528 caesus,
546 3460 723 3514 ﬁnem
773 3460 911 3515 fecit
949 3476 1074 3515 suae
1114 3463 1443 3530 tirannidis,
1480 3480 1592 3516 una
1621 3464 1791 3517 etiam
1825 3481 1943 3519 non

247 3551 476 3618 paucis
507 3549 868 3603 altrinsecus
891 3553 1237 3607 interfectis.
1266 3554 1350 3606 De
1371 3567 1486 3622 quo
1510 3552 1646 3621 quia
1664 3553 1939 3622 quiddam

248 3639 479 3691 mirum
511 3653 584 3689 ac
631 3640 1009 3694 memorabile
1052 3643 1304 3696 domnus
1347 3642 1667 3710 episcopus
1715 3642 1938 3696 referre

248 3726 517 3793 solebat,
573 3730 774 3780 notare
807 3743 1136 3799 congruum
1188 3729 1476 3783 estimavi.
1521 3730 1654 3799 Ipsa
1689 3746 1938 3800 namque

248 3818 459 3880 nocte,
486 3830 624 3867 cum
646 3815 716 3867 ad
733 3815 1006 3871 Florinas
1020 3818 1285 3872 tenderet
1303 3819 1650 3885 bellaturus,
1673 3819 1938 3873 incestus

247 3902 567 3972 siquidem
597 3903 752 3971 apud
788 3904 1077 3960 Nivellam
1100 3922 1232 3960 cum
1251 3907 1502 3977 quadam
1525 3908 1772 3962 moniale
1803 3909 1937 3962 dor-

247 3992 451 4058 mivit,
485 4007 622 4061 quae
645 3991 701 4044 ci
741 3992 799 4045 in
832 3993 1008 4047 ﬁbula
1050 4011 1176 4049 suae
1209 3996 1468 4050 camisiae
1499 3997 1781 4066 reliquias
1811 4013 1937 4067 pre-

247 4081 466 4133 ciosas
517 4080 808 4150 innexuit,
842 4084 903 4135 ut
930 4099 1037 4151 per
1085 4099 1286 4138 earum
1325 4085 1532 4138 merita
1565 4086 1836 4140 videlicet
1877 4088 1935 4140 in

243 4170 390 4238 ipso
416 4168 612 4237 prelio
635 4169 963 4237 periculum
984 4173 1298 4226 evasisset.
1325 4174 1441 4227 Ubi
1463 4189 1610 4228 vero
1635 4191 1766 4229 cum
1788 4192 1933 4229 ven-

244 4262 377 4311 tum
413 4262 528 4322 est,
568 4273 748 4326 super
779 4262 1008 4314 ceteras
1045 4263 1245 4315 vestes
1278 4262 1449 4316 etiam
1481 4263 1723 4316 loricam
1753 4265 1934 4318 indui-

236 4352 361 4412 tur,
389 4349 452 4400 et
471 4348 535 4399 ut
556 4347 739 4401 moris
757 4348 1203 4403 estbellantium
1225 4351 1399 4420 capiti
1431 4352 1764 4420 impositam
1785 4351 1933 4423 (333)

245 4435 466 4487 lorica:
513 4435 764 4488 strictim
813 4437 1125 4505 commisit,
1162 4439 1375 4493 subtus
1409 4440 1642 4510 quidem
1667 4442 1933 4512 reliquiis
1963 4425 2018 4486 D

243 4523 307 4576 in
332 4523 526 4576 ﬁbula
562 4524 821 4578 camisiae
853 4541 929 4578 ex
953 4526 1252 4581 industria
1282 4530 1627 4584 reservatis.
1661 4529 1786 4594 Quo
1820 4547 1937 4586 mu-

246 4612 484 4664 nimine
517 4612 726 4680 fretus,
770 4614 1217 4683 inpenetrabilis
1258 4618 1415 4673 ferro
1457 4619 1674 4673 bellum
1701 4621 1932 4691 agebat,

243 4701 451 4753 donec
483 4715 563 4754 ex
595 4701 697 4754 Dei
729 4703 1029 4759 voluntate
1053 4710 1275 4760 sanctae
1298 4707 1562 4779 reliquiae
1586 4724 1692 4778 per
1711 4709 1937 4764 medias

245 4794 465 4843 vestes
498 4792 558 4843 et
601 4804 709 4859 per
739 4791 981 4846 loricam
1023 4793 1218 4849 subito
1275 4802 1674 4868 erumpentes,
1733 4799 1938 4868 procul

2062 3127 2214 3164 mam
2267 3110 2515 3181 justitiae
2575 3109 2704 3162 suis
2764 3108 3048 3178 exhibuit,
3085 3121 3430 3176 morumque
3486 3121 3553 3158 ac
3585 3104 3722 3158 vitae

2060 3200 2390 3254 innocentis
2422 3199 2686 3268 exempla
2715 3197 2970 3267 reliquit.

2131 3288 2218 3342 15.
2253 3288 2374 3342 Sub
2406 3287 2660 3340 hiisdem
2692 3285 2903 3339 diebus
2926 3283 3358 3355 Engebrandus
3391 3281 3716 3335 monachus

2060 3378 2306 3432 abbatiae
2355 3375 2710 3430 Laubiensis
2749 3375 3038 3428 mcclesiaa
3101 3374 3317 3442 praerat
3375 3372 3490 3436 (an.
3545 3369 3718 3423 1007-

2055 3467 2236 3534 1020);
2273 3466 2378 3519 sed
2413 3466 2524 3518 sub
2547 3463 2746 3533 specie
2780 3461 3077 3532 regularis
3112 3461 3347 3514 habitus
3372 3458 3719 3512 seculariter

2054 3556 2283 3623 vivens,
2315 3570 2529 3608 nomen
2552 3553 2730 3606 ofﬁcii
2761 3550 3144 3621 inpugnabat.
3178 3549 3372 3602 Nichil
3404 3548 3558 3600 enim
3581 3547 3716 3600 reli-

2052 3643 2510 3715 gionisinterius
2531 3641 2916 3708 doctrinabat,
2950 3639 3287 3693 etexterius
3319 3638 3473 3690 bona
3503 3637 3710 3690 wccle-

2053 3733 2159 3786 siae
2171 3733 2420 3801 turpiter
2436 3730 2780 3800 dissipabat.
2800 3728 2968 3782 Unde
2991 3729 3267 3799 quidnam
3281 3729 3526 3798 agerent
3540 3727 3711 3779 ambo

2051 3821 2336 3891 episcopi,
2369 3819 2667 3874 Gerardus
2698 3818 2974 3872 videlicet
3016 3820 3072 3871 et
3122 3815 3412 3885 Vulpodo,
3457 3815 3710 3868 invicem

2051 3910 2452 3978 consulentes,
2475 3909 2588 3963 iste
2610 3910 2747 3979 quia
2767 3908 2823 3961 in
2843 3923 2949 3961 sua
2973 3906 3283 3976 parrochia
3305 3907 3397 3959 est
3414 3903 3705 3969 aecclesia,

2049 4000 2144 4054 ille
2175 3999 2313 4070 quia
2342 3999 2399 4051 in
2432 4015 2540 4052 suo
2571 3998 2804 4051 abbatia
2844 3999 2937 4051 est
2973 3995 3292 4065 territorio,
3326 4010 3460 4048 eum
3491 3992 3710 4062 ejicere

2049 4089 2384 4154 moliuntur,
2419 4091 2473 4140 et
2504 4085 2736 4139 tandem
2753 4083 3024 4139 effectum
3046 4084 3260 4153 adepti,
3293 4085 3398 4136 sed
3432 4098 3548 4136 non
3583 4081 3712 4134 sine

2049 4193 2263 4248 magno
2309 4177 2532 4243 labore,
2568 4175 2920 4244 pepulerunt
2966 4174 3082 4233 (an.
3144 4169 3324 4230 1020).
3361 4171 3468 4233 Qui
3503 4177 3711 4239 postea

2049 4265 2379 4334 depositum
2403 4280 2467 4318 se
2489 4263 2716 4333 absque
2738 4261 2913 4333 legali
2929 4260 3153 4330 judicio
3176 4262 3482 4325 attestans,
3508 4259 3711 4311 tandiu

2049 4355 2342 4408 adversus
2367 4353 2682 4422 episcopos
2701 4351 2992 4404 clamores
3012 4348 3303 4415 excitavit,
3330 4347 3467 4399 dum
3491 4345 3709 4398 indicto

2049 4444 2260 4514 placito
2295 4443 2448 4495 idem
2477 4439 2739 4510 episcOpi
2771 4440 2984 4492 iterum
3009 4422 3149 4491 cum
3171 4436 3370 4490 multis
3395 4434 3711 4488 abbatibus

2050 4532 2452 4597 convenirent,
2491 4531 2769 4600 illumque
2801 4543 2999 4582 coram
3031 4527 3187 4580 omni
3218 4526 3433 4596 populo
3477 4522 3712 4576 confes-

2050 4639 2182 4676 sum
2196 4621 2560 4675 etdevictum
2580 4620 2859 4673 canonice
2878 4618 2949 4671 ab
2983 4617 3179 4670 ofﬁcio
3198 4615 3333 4686 jure
3351 4613 3708 4684 privassent.

2017 4723 2025 4778 ς
2051 4712 2114 4764 In
2170 4710 2346 4781 cujus
2392 4710 2522 4763 vice
2557 4707 2920 4762 Richardum
2967 4721 3211 4759 summm
3261 4701 3568 4774 religionis
3619 4700 3712 4753 vi-

2052 4815 2183 4854 rum
2232 4796 2409 4870 (336),
2462 4797 2660 4851 divina
2715 4797 2904 4868 gratia
2959 4793 3413 4865 prmordinante,
3475 4789 3707 4845 substi-

1862 5035 2118 5099 NOTAE

322 5258 480 5325 (330)
513 5258 659 5332 Scil.
691 5260 983 5332 disjungi.
1017 5262 1196 5319 Conv.

323 5332 480 5400 (331)
536 5331 802 5401 Primus,
841 5331 1042 5388 comes
1091 5337 1354 5401 Alsatiae,
1407 5337 1564 5393 ﬁlius
1605 5337 1933 5396 Everhardi

240 5404 490 5479 comitis
525 5417 608 5479 ei
630 5403 790 5479 Eva._
807 5419 1017 5479 sorore
1039 5405 1412 5479 Cunigundis
1439 5409 1857 5479 imperatricis.

551 5475 868 5545 Sigifrido;
932 5477 1006 5529 cf.
1061 5477 1131 5531 de
1191 5473 1300 5532 hac
1360 5473 1556 5552 pugna
1615 5483 1932 5538 Thietmar.

257 5562 368 5611 vn,
402 5562 494 5599 eo.

333 5614 489 5692 (3:33)
529 5614 764 5692 Galeam
809 5618 1074 5692 exidisse
1108 5621 1356 5676 videtur.
1397 5623 1573 5678 Conv.

338 5687 497 5759 (334)
524 5687 822 5744 Gerardus
858 5690 1112 5764 ejusque
1149 5693 1386 5765 fratres,
1403 5694 1749 5754 ﬁliisororis
1768 5698 1944 5772 impe-

2037 5423 2336 5486 potestate

2045 5273 2300 5328 ratricis.
2337 5275 2479 5330 Haec
2511 5272 3024 5329 habetThietmar.
3049 5290 3170 5342 vm,
3195 5271 3250 5343 9,
3277 5273 3389 5328 sub
3413 5288 3506 5329 an.
3543 5274 3713 5331 1018:

2048 5343 2413 5401 Godefridus
2453 5347 2575 5400 dux
2605 5353 2663 5401 et
2699 5344 3050 5401 Gerhardus
3097 5361 3293 5401 comes
3328 5347 3717 5417 imperatoria

2366 5417 2668 5490 paciﬁcati
2700 5422 2856 5490 sunt.

2117 5487 2265 5558 (335)
2300 5487 2467 5544 Errat
2499 5492 2722 5553 noster;
2760 5489 3076 5545 Heinricus
3107 5489 3234 5558 fuit,
3260 5491 3446 5544 frater
3475 5489 3718 5559 impera-

2052 5559 2241 5629 tricis)
2274 5562 2348 5615 cf.
2385 5561 2632 5615 Thietm.
2667 5577 2766 5629 vn,
2801 5559 2890 5629 39,
2915 5560 3004 5616 48.

2114 5631 2260 5699 (336)
2292 5632 2350 5686 S.
2387 5632 2580 5684 Vitoni
2613 5631 2992 5687 Virduninsis
3024 5637 3081 5688 et
3103 5634 3170 5688 L.
3208 5631 3449 5689 Vedasti
3475 5631 3716 5686 Atreba-
3797 5685 3812 5690 -

2053 5702 2251 5756 tensis
2274 5703 2401 5773 jam
2430 5702 2720 5756 abbatem.
