4098 6196
393 317 508 381 151

1237 314 1512 376 GESTA
1554 312 2087 377 PONTIFI'OU'M
2116 311 2874 377 CAM-ERACENSIUM

3710 315 3843 389 .152

390 520 559 573 tuunt
589 516 769 585 (Sept.
802 513 915 585 22),
950 515 1053 586 qui
1082 518 1137 568 et
1168 512 1579 583 spiritualibus
1611 512 1898 567 doctrinis
1928 526 2055 566 mo-
2083 492 2144 556 Α
2171 512 2401 566 abbatis
2436 512 2717 567 Richardi
2772 514 3101 585 regimonio
3163 515 3585 583 commendata,
3632 517 3743 570 sed
3783 520 3837 571 et

389 608 615 664 nachos
646 605 1059 671 aediﬁcaverat,
1094 607 1151 657 et
1180 618 1279 657 res
1309 603 1590 671 exterius,
1617 604 1677 655 ut
1695 602 1882 657 videri
1903 617 2058 656 nunc

387 699 602 768 potest,
634 694 1024 763 multiplicare
1056 692 1380 746 studuerat.
1734 698 1735 701 ‘

461 785 547 839 16.
584 783 666 837 Ea
695 784 868 835 etiam
914 783 1259 851 tempestate
1302 779 1637 834 Richardus
1676 780 1880 848 abbas,
1915 783 1975 833 ut
2006 781 2062 833 et

386 875 639 928 liberius
671 872 793 926 Deo
812 870 1038 925 servire
1062 870 1374 939 potuisset,
1398 871 1455 922 et
1482 883 1589 937 pro
1612 869 1841 921 coelesti
1863 868 2061 937 potius

388 978 564 1033 quam
611 976 716 1031 pro
766 960 1019 1013 humana
1051 957 1417 1011 affectatione
1450 972 1515 1011 se
1538 972 1689 1010 onus
1722 957 2062 1025 sumpsisse

393 1049 624 1104 cunctis
647 1049 996 1116 notificaret,
1021 1063 1053 1099 a
1074 1046 1403 1117 regimonio
1428 1045 1837 1099 Atrebatensis
1860 1046 2061 1100 aeccle-

388 1140 497 1195 siae
546 1153 613 1193 se
670 1137 939 1192 relaxare
996 1136 1319 1205 disposuit,
1390 1134 1758 1204 consilioque
1813 1133 2058 1187 Gerardi

387 1227 655 1299 episcopi
684 1227 746 1280 in
794 1240 902 1279 sua
933 1225 1062 1277 vice
1092 1223 1440 1291 Leduinum,
1474 1238 1551 1277 ex
1594 1222 1744 1275 laico
1785 1223 1899 1291 piae
1928 1221 2062 1277 reli-

385 1316 582 1389 gionis
613 1314 965 1369 monachum
997 1313 1233 1382 factum,
1270 1311 1594 1366 substituit.

458 1404 545 1458 17.
593 1403 882 1457 Defuncto
929 1405 1123 1455 autem
1156 1401 1467 1455 Heriberto
1518 1399 1842 1454 venerabili
1891 1398 2061 1454 Colo-

383 1491 954 1548 niensismcclesiae
1003 1491 1284 1561 episcopo
1315 1491 1431 1555 (an.
1466 1488 1649 1559 1021),
1692 1489 2059 1559 Peregrinus

390 1583 778 1651 subrogatur,
813 1580 872 1633 in
900 1581 1149 1650 ipsaque
1171 1578 1445 1632 aecclesia
1476 1578 1535 1631 in
1567 1577 1741 1631 natali
1772 1578 2060 1646 apostolo-

384 1685 519 1725 rum
553 1670 707 1723 Petri
739 1673 796 1723 et
825 1668 1014 1735 Pauli,
1040 1683 1237 1721 coram
1275 1668 1649 1736 imperatore,
1685 1666 2056 1721 adstantibus

2170 602 2368 673 magni
2421 603 2793 672 imperatoris
2841 604 3105 658 Heinrici
3163 606 3506 659 auctoritate
3571 606 3838 674 firmata,

2171 691 2349 760 ccepit
2379 691 2611 759 ﬂorere,
2645 708 2715 745 ac
2744 697 2951 762 postea
2972 694 3166 764 magis
3190 693 3517 764 magisque.
3545 694 3667 747 Deo
3695 709 3839 762 gra-

2167 780 2302 847 tias,
2336 783 2452 833 tam
2502 779 2803 835 afﬂuentia
2848 797 3049 836 rerum
3097 798 3272 853 quam
3301 784 3606 837 sanctitate
3639 799 3840 836 mona-

2170 868 2419 922 chorum
2452 868 2725 924 efﬂoruit.

2245 956 2306 1010 19
2338 956 2477 1011 Erat
2509 959 2683 1011 etiam
2722 959 2890 1012 locus
2938 959 3175 1030 quidam
3206 960 3378 1014 silvis
3420 976 3489 1015 ac
3519 961 3839 1031 paludibus

2168 1045 2572 1100 inhabitabilis
2610 1044 2709 1117 θέω,
2745 1048 2844 1118 qui
2865 1048 2938 1101 ab
2961 1048 3175 1104 incolis
3199 1049 3534 1104 Mereweda
3557 1048 3706 1119 (340)
3730 1067 3839 1105 no-

2168 1150 2303 1189 men
2333 1137 2578 1205 accepit,
2613 1136 2714 1190 ubi
2745 1136 3017 1192 videlicet
3047 1137 3214 1192 Mosa
3249 1141 3305 1192 et
3344 1138 3482 1191 Wal
3510 1139 3732 1193 ﬂuvius
3765 1139 3840 1193 de

2170 1223 2377 1278 Rheno
2407 1223 2658 1279 efﬂuens
2687 1227 2906 1294 pariter
2942 1226 3337 1282 corrivantur.
3386 1226 3721 1299 Nullusque
3756 1227 3839 1282 ibi

2167 1314 2383 1381 praeter
2443 1316 2756 1368 venatores
2812 1329 2881 1368 ac
2947 1315 3278 1385 piscatores
3343 1315 3611 1371 habitare
3666 1320 3842 1371 antea

2169 1405 2580 1471 consueverat,
2615 1406 2860 1473 eratque
2889 1403 3307 1474 episcoporum
3338 1405 3714 1459 Trevirensis
3754 1405 3843 1459 vi-

2169 1488 2383 1544 delicet
2429 1506 2498 1545 ac
2530 1482 2945 1561 Coloniensis,’
2970 1493 3075 1547 sed
3106 1496 3163 1548 et
3191 1493 3415 1564 aliquot
3451 1493 3750 1563 abbatum,
3781 1494 3841 1548 in

2166 1579 2492 1649 piscatione
2523 1583 2577 1635 et
2610 1580 2919 1634 venatione
2948 1584 3281 1637 communis
3322 1584 3659 1653 possessio.
3707 1582 3844 1639 Huc

2170 1667 2443 1721 nimirum
2475 1668 2899 1733 Theodericus,
2931 1670 3157 1724 Arnulﬂ
3189 1670 3524 1726 Gandensis
3554 1671 3735 1740 ﬁlius,
3770 1700 3843 1711 -—

386 1759 624 1831 quidem
669 1758 870 1811 multis
916 1757 1215 1825 episcopis
1263 1756 1596 1826 pariterque
1635 1755 1810 1816 etiam
1842 1755 2054 1810 domno
2085 1761 2140 1835 Β
2172 1757 2272 1826 qui
2313 1756 2688 1826 participium
2718 1759 3075 1815 monarchiae
3122 1758 3441 1814 Frisonum
3486 1761 3738 1826 tenebat,
3771 1790 3844 1800 —

383 1848 648 1903 Gerardo
683 1847 985 1916 episcOpo,
1021 1846 1323 1899 ordinatur
1352 1844 1508 1913 (Jun.
1557 1841 1648 1913 30)
1700 1845 1840 1898 Post
1879 1860 2058 1915 quam

388 1936 813 1990 ordinationem
843 1935 1159 2003 imperator
1177 1933 1610 2005 Noviomagum
1639 1933 1822 2003 petiit,
1857 1934 2058 2003 ibique

392 2025 546 2095 suis,
577 2038 730 2093 quos
777 2022 950 2077 Greci
994 2023 1053 2074 in
1082 2022 1350 2092 partibus
1399 2021 1650 2091 Apulia),
1691 2023 1848 2076 circa
1878 2022 2060 2076 urbes

389 2113 667 2167 videlicet
713 2110 1036 2179 Salernum,
1097 2111 1517 2178 Beneventum,
1577 2110 1836 2180 Capuam
1892 2110 2064 2165 deba-

391 2202 638 2255 chantes
666 2200 1030 2270 premebant,
1055 2215 1122 2253 se
1148 2200 1500 2253 subvectum
1521 2199 1591 2252 iri
1614 2199 1927 2269 disposuit.
1953 2201 2062 2253 Pa-

393 2292 539 2345 ratis
571 2306 715 2360 ergo
746 2290 978 2343 viaticis
1019 2290 1133 2343 iter
1180 2288 1472 2357 arripiens
1514 2288 1741 2359 (Aug.),
1784 2288 2063 2342 domnum

391 2379 723 2433 Gerardum
751 2379 1098 2448 episcopum
1127 2392 1320 2448 usque
1360 2377 1433 2431 ad
1463 2370 1888 2431 monasterium
1918 2377 2062 2432 San-

391 2470 518 2522 ctas
548 2466 696 2537 (337)
721 2482 926 2521 secum
959 2467 1214 2531 adduxit,
1246 2467 1555 2536 ipsumque
1579 2467 1815 2538 magnis
1846 2469 1902 2520 et
1923 2466 2064 2537 Opti-

390 2558 504 2610 mis
535 2556 902 2624 muneribus,
936 2556 994 2608 in
1027 2570 1170 2609 auro
1202 2555 1495 2624 videlicet,
1521 2557 1580 2609 in
1609 2555 1805 2624 palliis
1835 2557 1895 2609 in
1927 2570 2061 2625 pre-

394 2646 561 2700 cioso
591 2645 765 2700 etiam
792 2659 938 2699 vase
960 2646 1264 2715 argenteo,
1290 2643 1615 2698 honoriﬁce
1647 2644 1893 2711 donans,
1929 2659 2061 2696 cum

392 2749 591 2789 amore
604 2737 660 2788 et
672 2733 1068 2788 benivolentia
1089 2732 1162 2786 ad
1184 2747 1291 2787 sua
1311 2748 1576 2787 remeare
1597 2732 1885 2801 permisit.
1910 2730 2062 2786 Exin

390 2838 532 2877 vero
562 2838 806 2877 emenso
834 2823 1041 2876 itinere
1066 2837 1249 2892 super
1269 2821 1494 2876 Grecos
1517 2821 1790 2890 inruens,
1823 2819 2062 2890 Trojam

394 2912 687 2967 civitatem
747 2911 1057 2966 obsidione
1100 2910 1342 2964 vallavit
1389 2907 1468 2952 239
1516 2910 1634 2977 (an.
1673 2907 1833 2979 1022,
1866 2909 2065 2978 Maii);

391 2999 649 3072 illucque
666 3000 862 3056 domni
884 2999 1133 3054 Gerardi
1151 2998 1788 3069 episcopimentionem
1811 2997 2063 3066 faciens,

392 3090 446 3143 ei
476 3105 720 3144 munera
752 3090 963 3145 iterum
987 3089 1165 3159 misit,
1193 3103 1338 3143 sane
1370 3086 1657 3143 mandans
1689 3087 1870 3142 totius
1898 3086 2063 3142 beni-

394 3179 611 3233 volenti
620 3196 669 3232 te
701 3179 1074 3233 commercia.

463 3265 551 3323 18.
586 3267 866 3338 Episcopi
912 3283 1053 3322 vero
1085 3269 1247 3337 patre
1287 3264 1584 3336 defuncto,
1627 3265 1757 3335 ipse
1805 3265 2061 3320 domnus

394 3357 713 3426 episcopus
746 3356 901 3425 apud
930 3355 1223 3423 Florinas,
1265 3370 1372 3425 pro
1407 3356 1738 3409 reverentia
1767 3354 2061 3424 siquidem

393 3445 507 3499 loci
554 3460 669 3515 quo
716 3448 892 3499 natus
934 3443 1125 3498 fuerat
1166 3444 1342 3498 immo
1393 3446 1448 3497 et
1489 3459 1595 3512 pro
1626 3443 1817 3497 salute
1848 3444 2060 3496 animae

391 3532 602 3603 patris,
635 3534 693 3586 et
737 3532 881 3586 illud
907 3532 1332 3587 monasterium
1371 3531 1560 3586 sancti
1590 3530 1871 3602 Gingulﬂ,
1905 3534 2061 3602 quod

392 3624 561 3692 pater
613 3619 1023 3689 imperfectum
1057 3620 1396 3690 reliquerat,
1447 3619 1520 3673 ad
1558 3619 1735 3674 ﬁnem
1764 3620 2059 3690 perduxit,

392 3714 450 3765 et
479 3710 729 3781 alterum
746 3710 936 3763 sancti
952 3708 1241 3763 Johannis
1262 3724 1338 3762 ex
1359 3708 1539 3763 rebus
1569 3708 1700 3762 suis
1729 3711 1787 3763 et
1816 3708 2061 3763 fratrum

393 3815 641 3855 suorum
688 3814 806 3853 non
853 3801 968 3852 tam
1017 3797 1265 3868 pulchra
1304 3797 1690 3853 aedificiorum
1720 3813 1896 3868 quam
1926 3797 2061 3851 forti

393 3889 751 3959 operositate
782 3887 1067 3942 fundavit.
1092 3886 1208 3941 Sed
1237 3886 1351 3942 hoc
1372 3886 1608 3958 quidem
1638 3886 1787 3956 (338)
1818 3886 2062 3941 clerico-

392 3993 546 4046 rum,
579 3978 700 4031 ilud
749 3992 891 4032 vero
933 3976 1376 4044 monachorum,
1424 3980 1739 4046 utrumque
1771 3976 2062 4031 annuente

390 4066 664 4122 Baldrico
687 4065 1143 4122 Laodicensium
1162 4065 1464 4135 episcopo,
1484 4063 1733 4136 incujus
1752 4063 2064 4135 parrochia

394 4159 552 4227 sunt,
585 4155 978 4213 consecravit.
1015 4154 1280 4227 Denique
1310 4154 1411 4210 illa
1441 4153 1674 4210 abbatis
1694 4153 1842 4224 (339)
1860 4153 2059 4209 domni

2172 1844 2306 1914 quia
2337 1844 2621 1900 Frisones
2651 1862 2758 1916 pro
2787 1853 2975 1903 morte
3003 1849 3187 1917 patris
3218 1864 3394 1919 quem
3423 1848 3845 1904 interfecerant

2172 1936 2487 2002 suspectos
2526 1934 2799 2005 habebat,
2854 1942 3213 2006 secesserat;
3266 1937 3540 2008 factoque
3587 1938 3845 2008 quodam

2169 2021 2489 2092 municipio
2515 2063 2529 2090 ,
2598 2022 2827 2079 alienus
2875 2024 3119 2080 invasor
3173 2026 3364 2096 ipsam
3419 2030 3633 2080 terram
3682 2042 3845 2096 prae-

2170 2113 2508 2180 sumpserat
2528 2111 2861 2182 possidere,
2883 2114 2988 2168 sed
3013 2117 3070 2169 et
3089 2116 3491 2185 negotiatores
3508 2115 3654 2170 inibi
3674 2116 3841 2170 navi-

2171 2201 2403 2271 gantes,
2421 2199 2780 2270 gravissimo
2804 2216 2990 2256 censu
3009 2203 3443 2275 constringere.
3467 2203 3633 2258 Unde
3657 2204 3843 2273 impe-

2170 2292 2331 2342 rator
2348 2288 2645 2343 Henricus
2667 2289 2924 2345 clamore
2939 2292 3229 2346 excitatus
3252 2307 3320 2346 ac
3341 2292 3593 2346 maxime
3608 2292 3845 2346 Albaldi

2171 2376 2438 2446 episcopi
2468 2374 2639 2447 (341),
2692 2377 2785 2432 cui
2820 2379 3012 2450 major
3042 2380 3230 2448 portio
3259 2380 3332 2434 de
3370 2380 3501 2450 ipsa
3546 2380 3845 2436 communi

2169 2467 2562 2535 possessione
2610 2467 2875 2535 cedebat,
2923 2468 3241 2522 monitione
3285 2469 3650 2539 compulsus,
3703 2469 3847 2525 duci

2169 2553 2509 2623 Godefrido,
2561 2556 2668 2609 sed
2733 2555 2793 2610 et
2838 2556 3142 2626 episcopis
3188 2555 3587 2627 Colonesium,
3635 2558 3844 2629 Treje-

2172 2643 2483 2713 ctensium,
2517 2644 3000 2714 Leodinensium,
3032 2650 3095 2699 ut
3126 2632 3450 2700 exercitum
3489 2646 3840 2716 adunarent,

2171 2731 2352 2787 edixit
2382 2732 2478 2799 (an
2515 2731 2697 2801 1018).
2745 2732 2854 2797 Qui
2887 2749 3022 2788 cum
3064 2733 3235 2803 juxta
3277 2734 3578 2790 decretum
3608 2736 3847 2807 regium

2170 2820 2282 2874 iter
2322 2819 2620 2890 facerent,
2681 2822 2834 2877 inter
2875 2823 3173 2894 agendum
3220 2823 3434 2878 accidit
3480 2824 3842 2895 prodigium,

2171 2908 2331 2978 quod
2372 2909 2516 2963 mihi
2559 2924 2677 2965 non
2719 2910 2953 2966 videtur
2994 2927 3135 2967 esse
3183 2912 3495 2967 silendum.
3528 2911 3843 2967 Baldricus

2173 2997 2329 3052 enim
2358 2998 2676 3069 episcopus
2718 2999 2775 3052 in
2825 2999 2958 3055 vico
2989 2999 3363 3072 Trejectensi
3390 3001 3452 3056 in
3479 3001 3844 3056 monasterio

2173 3090 2395 3142 sanctae
2427 3087 2628 3142 Mariae
2650 3088 2911 3143 condidit
2939 3090 3207 3160 criptam,
3239 3089 3498 3159 desuper
3517 3088 3641 3160 jam
3669 3091 3847 3144 altari

2094 3181 2145 3243 C
2174 3179 2392 3231 erecto.
2428 3177 2596 3231 Unde
2618 3193 2752 3231 cum
2775 3178 2904 3247 ipso
2923 3177 3016 3232 die
3032 3180 3168 3247 post
3185 3179 3509 3233 orationem
3522 3193 3843 3249 egressus,

2174 3279 2305 3319 cum
2335 3265 2397 3319 in
2424 3267 2624 3320 navim
2654 3266 2873 3320 intrare
2905 3266 3147 3322 deberet
3177 3267 3355 3322 etiam
3386 3268 3665 3338 cumipso
3679 3283 3847 3322 exer-

2174 3353 2293 3408 citu
2336 3355 2737 3423 profecturus,
2770 3355 3035 3409 mirabile
3066 3355 3246 3424 dictu,
3279 3354 3416 3410 fuso
3456 3356 3621 3411 altari
3660 3359 3845 3412 totum

2172 3441 2317 3497 illud
2348 3458 2498 3513 opus
2530 3443 2799 3497 diruitur.
2834 3444 2988 3498 Hinc
3031 3459 3177 3516 ergo
3226 3445 3443 3499 malum
3473 3460 3645 3499 omen
3676 3445 3846 3500 multi

2175 3531 2585 3602 opinabantur,
2611 3532 2739 3587 sive
2769 3533 3071 3602 publicum
3095 3533 3224 3588 sive
3239 3533 3530 3603 privatum
3552 3534 3842 3604 episcopi,

2175 3621 2238 3674 ut
2256 3620 2430 3689 paulo
2459 3623 2596 3690 post
2622 3620 2895 3690 probavit
2916 3622 3335 3692 eventus.1pse
3357 3622 3514 3677 enim
3545 3638 3681 3677 cum
3708 3622 3846 3677 aliis

2175 3708 2347 3762 etiam
2380 3711 2612 3778 arrepto
2643 3708 2870 3777 itinere,
2896 3726 3034 3765 mox
3054 3711 3388 3766 inﬁrmitate
3418 3714 3765 3781 preventus,
3784 3711 3846 3766 in

2173 3797 2312 3852 villa
2365 3813 2499 3868 qua
2550 3797 2952 3853 Herewardus
2984 3797 3132 3869 (342)
3179 3799 3394 3854 dicitur
3423 3794 3504 3841 πί
3533 3799 3842 3854 remansit.

2173 3885 2367 3942 Ceteri
2423 3901 2564 3941 vero
2624 3902 2756 3941 cum
2803 3887 3220 3943 innumerabili
3276 3888 3644 3943 multitudine
3709 3903 3848 3957 per-

2174 3977 2458 4043 meantes,
2492 3975 2879 4031 Teodericum
2908 3992 3042 4030 cum
3072 3977 3279 4046 paucis
3302 3976 3655 4032 Frisonibus
3686 3991 3844 4046 quos

2174 4078 2380 4118 secum
2426 4063 2700 4133 habebat,
2732 4064 2921 4119 adorti
2950 4068 3089 4120 sunt
3119 4063 3528 4136 (343),‘procul
3560 4064 3740 4119 dubio
3773 4079 3843 4119 se

2172 4152 2437 4207 victuros
2467 4167 2607 4208 esse
2636 4154 2930 4223 putantes.
2962 4153 3107 4219 Quis
3138 4154 3296 4209 enim
3316 4156 3538 4210 tantum
3566 4169 3633 4208 ac
3663 4154 3844 4208 tanta

1690 4265 1984 4328 VARIIE
2038 4264 2528 4329 LECTIONES.

452 4400 968 4480 $39A$equentilgus
989 4396 1515 4480 omnibusomissis
1622 4395 1838 4480 alg‘hinc
1867 4394 2164 4480 statimad
2184 4410 2244 4477 ⁵(ι.
2274 4394 2370 4480 49ζ
2399 4395 2621 4449 transit
2631 4396 2724 4480 ita
2752 4411 2764 4449 :
2798 4395 3054 4480 Qmissis
3074 4395 3312 4480 quidem
3337 4412 3483 4480 ergo
3505 4396 3716 4480 multis
3753 4398 3838 4453 in-

391 4465 808 4528 festationibus
843 4471 915 4524 ab
948 4471 1080 4539 ipso
1108 4468 1387 4539 Waltero,
1405 4466 1645 4539 domino
1675 4466 1939 4539 Gerardo
1971 4465 2149 4539 illatis
2179 4465 2951 4539 ipsegdomnusGerardus,
2982 4465 3295 4539 postquam

1074 4545 1212 4610 post
1239 4538 1454 4592 incolis
1485 4537 1771 4592 collocant
1799 4537 1852 4590 2‘
1882 4536 1936 4591 3.
1967 4536 2022 4591 4.
2052 4532 2134 4580 341
2163 4532 2248 4591 ita
2291 4535 2455 4592 Colv.
2489 4535 2566 4592 2*.
2596 4537 2786 4592 fertur
2814 4535 2867 4593 3.
2903 4532 3268 4593 Ile—rewarda
3289 4532 3357 4594 ut
3380 4538 3587 4594 fertur.
3612 4539 3666 4593 4.

387 4544 790 4612 commissam,
826 4546 939 4596 etc.

3338 4467 3593 4538 primum
3624 4467 3844 4524 urbem

1997 4653 2271 4717 ΝΟΤᾹΞ.

456 4797 606 4923 (337)
636 4790 1318 4877 Sains-les-Marquion,_
1345 4802 1396 4844 c.
1431 4806 1492 4859 ιι,
1526 4788 1609 4842 12.

456 4867 583 4923 (338
637 4866 777 4919 Scil.
811 4864 1009 4920 Sancti
1029 4861 1355 4923 Gengulfii;
1378 4860 1531 4923 apud
1554 4860 1609 4914 S:

456 4858 606 4938 (338)
637 4866 777 4938 Scil.
811 4863 1009 4938 Sancti
1029 4858 1531 4938 Gengulfiiiapud
1554 4860 1834 4938 Sanctum
1848 4858 2061 4938 Johan-

383 4931 519 4994 nem
549 4938 703 4992 enim
731 4937 804 4991 ab
836 4935 1000 4990 initio
1049 4931 1316 5005 regulam
1355 4934 1414 4989 S.
1449 4931 1751 5005 Benedicti
1783 4931 2051 5005 viguisse

385 5010 534 5065 satis
558 5012 808 5064 constat.
832 5007 901 5062 In
921 5001 1438 5075 codice'Sigeberti
1453 5001 2058 5075 originarioGémbla7

385 5081 552 5137 censi
602 5096 814 5134 manus
848 5094 965 5133 una
1013 5073 1335 5133 saeculi'xu
1364 5074 1539 5133 medii
1559 5073 1704 5127 haec
1736 5074 1957 5127 notavit
1986 5073 2058 5127 ad

382 5168 507 5228 an_._
530 5151 701 5206 1010;
751 5151 818 5206 In
863 5150 1108 5228 cenabio
1138 5147 1486 5228 Florinensi
1511 5161 1621 5228 pro
1652 5144 1912 5228 cIericis,
1958 5144 2055 5228 qui

382 5225 460 5280 ad
479 5225 590 5306 hoc
604 5228 1043 5306 usque‘tem‘p‘us
1055 5218 1486 5306 deserviebant
1503 5215 1609 5300 ibi,
1630 5216 2055 5306 mon'q'chisunt

382 5285 714 5361 constituti;
734 5294 808 5349 ad
819 5309 893 5348 an
910 5285 1066 5367 1015:
1079 5290 1408 5367 _Ba1dl_‘icu_s
1423 5289 1737 5367 episcopus
1747 5285 2059 5367 Florinen-I

381 5383 507 5423 sem
531 5357 830 5422 abbatiam
854 5362 1088 5440 adquisi
1097 5363 1273 5440 vitet:
1287 5365 1397 5440 qui
1407 5357 1672 5440 praeerat
1698 5357 2057 5440 Laodicensi

383 5439 764 5510 episcopatui;
815 5432 1319 5510 et_aEl_a_n.1088':
1369 5432 2054 5510 MonasteriumMsancti

383 5455 415 5495 Θ
456 5455 764 5510 ιεοοραιιιι;
815 5455 872 5492 et
901 5455 968 5490 au
1014 5455 1108 5487 an.
1144 5455 1319 5489 IUOU.‘
1369 5455 1801 5489 Νιοηδδιυιίυω
1861 5455 2052 5481 aaut)“

378 5455 672 5566 Jghannis
709 5511 771 5564 in
820 5506 1089 5563 Florinis
1133 5513 1545 5561 concrematur
1596 5517 1748 5555 anno
1794 5498 1887 5554 63°
1935 5514 2055 5552 suas

381 5580 871 5649 consecrationis,
899 5578 1050 5632 unde
1083 5583 1433 5649 sequeretur
1457 5573 1600 5630 illud
1634 5573 2051 5649 consecratum

379 5668 521 5712 esse
550 5670 646 5713 an.
668 5652 830 5712 1026.
854 5644 974 5709 Sed
990 5649 1101 5706 hoc
1126 5644 1340 5705 falsum
1356 5651 1470 5719 est,
1492 5661 1625 5702 cum
1648 5649 1703 5698 et
1729 5660 1802 5699 ex
1824 5644 2053 5725 nostro,

2165 4791 2223 4843 et
2249 4804 2324 4844 ex
2339 4788 2469 4843 Vita
2488 4788 2781 4861 Balderici
2804 4806 2896 4861 ep.
2924 4791 3105 4846 Leod.
3130 4791 3414 4860 sciamus,
3439 4792 3601 4846 illam
3627 4807 3844 4847 conse-

2168 4861 2489 4933 crationem
2522 4860 2734 4933 factam
2764 4860 3030 4932 tempore
3062 4862 3354 4917 Balderici
3398 4863 3685 4932 episcopi,
3738 4863 3842 4933 qui

2162 4931 2305 4985 obiit
2337 4931 2392 4985 d.
2425 4929 2495 4985 29
2524 4932 2643 4987 Jul.
2678 4932 2837 4986 1048.

2220 5000 2382 5070 ,(339)
2429 5000 2630 5056 Sancti
2669 5002 2897 5072 Joanis,
2942 5003 3285 5058 Richardus
3335 5006 3432 5058 est
3474 5004 3710 5058 celeber
3746 5003 3862 5058 ille

2161 5071 2355 5198 1abbas.
2421 5072 2481 5127 S.
2534 5072 2747 5145 Vitoni,
2820 5071 2889 5129 S.
2934 5074 3176 5129 Vedasti
3245 5079 3302 5130 et
3359 5074 3420 5128 S.
3469 5075 3632 5129 Petri
3690 5073 3850 5129 Lau-

2206 5159 2413 5198 tenens.

2206 5159 2413 5198 1611818.

2236 5213 2384 5283 (340)
2417 5213 2739 5285 Merwede,
2785 5215 2937 5271 inter
2973 5214 3234 5270 Gorkum
3285 5218 3342 5271 et
3384 5215 3721 5279 dordrecht.
3752 5216 3853 5270 Ad

2159 5287 2344 5340 totum
2376 5286 2647 5410 capqgcf.
2674 5285 2954 5356 Alpertus
2986 5287 3069 5343 De
3106 5287 3224 5342 div.
3247 5290 3425 5359 temp.
3448 5305 3509 5360 ii,
3533 5287 3619 5342 20.
3647 5285 3847 5342 Thiet—

2167 5371 2312 5410 mar.
2346 5372 2468 5410 VIII.
2575 5398 2587 5410 .

2167 5371 2312 5410 mar.
2346 5372 2468 5423 vni,
2502 5371 2587 5411 ιδ.

2237 5426 2387 5495 (341)
2420 5427 2849 5498 Trajectensis.

2238 5498 2386 5566 (342)
2423 5499 2812 5554 Herwerden.

2232 5567 2336 5623 343
2384 5568 2473 5643 Ad
2503 5570 2924 5643 Vlaardingen,
2959 5587 3140 5643 prope
3173 5571 3509 5643 Schiedam,
3542 5573 3601 5631 in
3633 5572 3848 5628 dextra

2168 5640 2352 5695 Mosae
2384 5639 2530 5711 ripa,
2566 5642 2665 5697 ubi
2696 5639 2856 5696 mare
2888 5639 3097 5697 inﬂuit.
