4098 6196
228 369 321 434 153
1530 358 1789 421 LIBER
1827 356 2215 421 TERTIUS.

3490 358 3609 427 151

230 566 417 620 virtutis
432 563 734 618 exercitum
756 561 1063 632 prevalere
1083 561 1341 633 ambiget
1367 557 1467 628 9η,
1486 559 1821 630 prwsertim
1855 540 1908 601 Α
1944 558 2088 612 riter
2116 556 2347 625 vivens,
2381 572 2484 612 res
2515 556 2807 612 aecelesim
2837 558 3223 616 distrahebat.
3254 561 3402 617 Post
3427 560 3603 633 cujus

229 673 333 710 cum
357 671 455 708 usu
483 652 685 706 bellico
718 658 773 705 et
804 651 1119 721 disciplina
1141 651 1373 704 militari
1395 652 1748 721 prestarent,
1771 653 1827 703 et

227 742 509 814 imperatori
538 742 730 796 studio
764 741 1027 809 placendi
1050 741 1438 795 inniterentur
1457 741 1485 794 ?
1504 739 1649 794 Cum
1680 753 1824 810 ergo

225 832 497 887 comminus
518 830 953 895 conﬂixissent,
988 830 1303 898 derepente
1352 829 1640 885 incertum
1687 827 1823 900 quis

224 918 464 972 diabolico
486 917 764 971 instinctu
781 920 1032 971 vexatus
1052 917 1112 970 in
1153 918 1262 971 hac
1283 932 1428 971 voce
1463 919 1559 971 bis
1577 917 1820 971 horren-

221 1006 328 1060 dum
352 1004 548 1073 erupit:
584 1003 816 1073 Fugite,
849 1003 1058 1074 fugite.
1082 1003 1208 1069 Quo
1239 1005 1668 1060 Lotharienses
1715 1021 1820 1058 ex-

217 1092 385 1159 territi,
414 1091 705 1144 nescimus
739 1107 854 1162 quo
896 1093 1001 1146 Dei
1035 1093 1265 1147 occulto
1307 1092 1556 1163 judicio,
1610 1109 1817 1152 omnes

217 1179 377 1251 fugam
403 1179 648 1234 inierunt
666 1180 807 1251 (Jul.
840 1180 954 1250 29).
989 1182 1077 1236 Ex
1105 1182 1324 1253 quibus
1353 1198 1529 1253 quam
1550 1185 1730 1239 multa
1750 1202 1819 1241 ac

216 1284 352 1337 quam
371 1270 713 1343 miserabilis
736 1270 934 1325 caedes
948 1270 1096 1325 facta
1119 1273 1230 1339 est,
1256 1288 1374 1327 non
1397 1277 1489 1327 est
1518 1276 1818 1344 presentis

214 1358 391 1427 negotii
411 1357 718 1426 explicare.
739 1358 864 1413 Nec
894 1362 1011 1413 tam
1034 1363 1226 1415 tamen
1258 1362 1330 1415 ab
1362 1362 1636 1417 hostibus
1659 1363 1817 1420 ferro

213 1460 348 1513 quam
376 1446 570 1499 timore
602 1448 817 1515 vexati,
853 1448 1004 1503 inter
1033 1464 1218 1503 naves
1249 1448 1385 1503 dum
1436 1451 1715 1524 fugerent
1759 1453 1817 1507 in

210 1548 412 1587 numero
457 1534 602 1604 (344)
659 1536 1176 1606 periclitabantur,
1224 1540 1536 1595 manifesto
1582 1541 1818 1611 quidem

209 1622 332 1691 quod
349 1624 619 1693 scriptum
651 1630 744 1679 est
768 1641 781 1680 :
816 1629 948 1698 quia
971 1644 1119 1682 unus
1140 1628 1301 1683 mille
1324 1635 1382 1682 et
1405 1629 1516 1684 duo
1534 1629 1818 1702 fugarunt

209 1709 370 1764 decem
395 1712 548 1766 milia
579 1713 778 1779 (Deut.
815 1733 997 1784 xxxu,
1028 1716 1139 1787 30).
1162 1718 1293 1772 Dux
1322 1721 1515 1772 autem
1542 1719 1816 1773 Godefri-

208 1802 311 1870 dus,
330 1818 485 1872 quem
509 1804 773 1858 secunda
792 1805 1085 1862 bellorum
1110 1808 1522 1876 accenderant,
1557 1808 1815 1879 undique

209 1891 575 1961 circumfusus,
613 1893 755 1949 dum
786 1896 994 1967 fugere
1025 1897 1269 1966 pudoris
1298 1898 1552 1965 estimat,
1578 1899 1816 1970 fugien-

203 1981 327 2035 tibus
351 1983 521 2036 sociis
554 1985 729 2038 solus
760 1985 819 2039 in
840 1985 1090 2054 prelium
1121 1986 1278 2055 ruit;
1322 1988 1621 2059 caesisque
1663 2003 1817 2061 quos

202 2068 467 2123 adversum
500 2072 670 2141 ierat,
705 2090 739 2126 a
768 2073 950 2129 latere
980 2074 1440 2145 circumventus,
1473 2079 1668 2131 tamen
1716 2094 1818 2133 ca-

201 2158 323 2229 pitur
336 2155 409 2201 m
419 2160 781 2216 vulneratus.
798 2163 1037 2219 Timens
1054 2167 1248 2219 autem
1265 2164 1628 2221 Teodericus
1644 2169 1816 2223 tantae

199 2248 569 2318 magnitudinis
600 2250 800 2305 virum
830 2251 890 2304 in
922 2253 1189 2322 captione
1219 2256 1442 2324 tenere,
1480 2270 1607 2309 suae
1636 2259 1813 2310 teme-

197 2336 317 2390 ritati
331 2338 638 2405 consuluit,
655 2354 929 2410 eumque,
955 2345 1018 2394 ut
1040 2341 1154 2395 sibi
1173 2342 1546 2411 imperatoris
1565 2344 1814 2415 gratiam

199 2431 495 2493 emercatur,
531 2428 700 2483 abire
734 2431 1055 2483 concessit.
1088 2429 1224 2499 Ipso
1275 2446 1416 2485 vero
1468 2432 1583 2502 die,
1626 2436 1700 2502 et,
1752 2440 1816 2490 ut

198 2511 326 2565 multi
354 2515 700 2585 conjectant,
736 2516 942 2569 eadem
986 2516 1129 2570 hora
1177 2532 1291 2587 qua
1326 2517 1547 2572 bellum
1594 2519 1812 2575 factum

200 2601 287 2664 est,
316 2599 605 2654 Baldricus
639 2602 962 2671 episcopus
995 2603 1054 2655 in
1084 2603 1349 2672 predicta
1370 2604 1509 2659 villa
1539 2605 1687 2677 (345)
1709 2608 1812 2662 ho-

200 2688 374 2742 minem
399 2690 591 2757 exivit,
627 2690 901 2761 Letgiam
931 2693 1125 2745 tamen
1154 2691 1227 2744 ad
1260 2692 1666 2762 sepeliendum
1706 2696 1811 2750 de-

196 2779 382 2829 vectus.
414 2778 496 2831 Ad
536 2794 717 2848 quem
762 2779 1163 2834 tumulandum
1214 2780 1468 2836 domnus
1508 2781 1838 2839 Gerardus‘

198 2865 466 2935 episcopus
493 2882 599 2935 per
629 2868 989 2939 legationem
1019 2872 1288 2939 vocatus,
1310 2871 1395 2925 ire
1422 2887 1541 2925 non
1561 2871 1808 2944 distulit,

195 2954 279 3007 scd
304 2954 539 3010 fraterno
569 2957 793 3011 ductus
822 2973 1021 3012 amore
1051 2974 1157 3027 per
1187 2962 1364 3013 totam
1394 2962 1627 3015 noctem
1659 2962 1810 3016 cele-

195 3042 606 3113 riterequitavit.
650 3044 804 3100 Cum
852 3061 994 3101 vero
1044 3047 1202 3101 circa
1246 3048 1503 3103 Montem
1551 3051 1810 3105 castrum

193 3130 279 3185 iter
294 3137 559 3203 carperet,
594 3135 796 3189 adhuc
816 3136 1054 3206 quidem
1083 3137 1257 3205 prelii
1277 3138 1438 3208 quod
1465 3138 1657 3194 fuerat
1690 3140 1810 3194 fac-

1942 661 2261 701 excessum
2306 647 2422 711 (an.
2476 647 2633 716 1015)
2677 647 2749 701 ad
2796 650 3013 702 tantam
3056 654 3457 718 paupertatem
3498 652 3603 706 de-

1942 736 2126 803 duxit,
2148 739 2212 789 ut
2245 736 2345 789 vix
2365 739 2616 806 quatuor
2637 736 2907 790 monachi
2933 742 3318 792 remanerent.
3342 740 3605 795 Domnus

1939 829 2135 879 autem
2160 825 2480 894 episcopus
2504 825 2618 879 hoc
2633 825 2974 895 previdens,
3007 827 3285 896 quaesivit
3304 827 3604 898 abbatem;

1940 917 2330 983 sanctumque
2361 913 2552 967 virum
2587 913 2935 968 VVenricum
2979 915 3215 970 nomine
3262 916 3604 985 imperatori

1942 1002 2149 1057 obtulit
2179 1002 2459 1073 dignitate
2492 1002 2847 1057 donandum.
2883 1002 3163 1068 Quamvis
3197 1004 3351 1058 enim
3371 1005 3603 1059 abbatia

1940 1107 2163 1162 pauper
2185 1092 2262 1145 sit
2292 1095 2346 1145 et
2378 1091 2612 1161 exigua,
2648 1092 2861 1160 pendet
2888 1097 3081 1148 tamen
3110 1093 3181 1147 de
3213 1110 3386 1148 manu
3408 1095 3597 1165 regia.

1936 1179 2048 1244 Qui
2075 1179 2261 1233 abbas
2294 1179 2486 1233 factus
2509 1182 2666 1247 (ann.
2698 1182 2835 1234 1015
2864 1180 3158 1251 veliOiS),
3184 1199 3317 1237 cum
3349 1183 3420 1236 ad
3453 1199 3605 1238 com-

1936 1269 2188 1323 missum
2223 1271 2647 1324 monasterium
2669 1272 3066 1341 pervenisset,
3092 1272 3284 1326 omnia
3316 1268 3604 1341 dissipata

1936 1358 2297 1427 miratur;et
2325 1374 2442 1412 non
2472 1362 2695 1413 tantum
2728 1361 3046 1429 praesentia
3085 1361 3335 1430 dampna
3394 1362 3603 1431 deplo-

1934 1451 2043 1515 rat,
2079 1463 2286 1502 verum
2319 1449 2493 1501 etiam
2523 1448 2736 1502 multas
2769 1449 3145 1504 incursiones
3172 1451 3483 1520 latronum,
3500 1451 3602 1520 qui

1934 1534 2073 1589 illuc
2104 1537 2518 1606 quamplurimi
2550 1542 3003 1608 conversantur,
3036 1544 3241 1608 postea
3272 1554 3599 1609 perpessus

1934 1628 2045 1678 est.
2081 1624 2339 1689 Quorum
2372 1641 2547 1695 unus,
2599 1626 2833 1680 nomine
2878 1627 3048 1696 Aldo,
3087 1628 3598 1683 nominatissimus

1934 1717 2152 1783 raptor,
2187 1715 2402 1768 multas
2432 1715 2743 1785 inrogabat
2770 1715 3042 1785 injurias,
3077 1717 3136 1770 in
3168 1720 3326 1770 tanta
3360 1716 3599 1787 quidem

1933 1805 2376 1873 presumptione
2405 1804 2697 1874 sublatus,
2723 1807 2785 1859 ut
2806 1805 2959 1858 infra
2990 1806 3313 1860 claustrum
3337 1820 3469 1860 cum
3501 1822 3599 1860 ra-

1849 1888 1904 1953 B
1932 1892 2088 1962 pinis
2119 1895 2176 1946 et
2213 1894 2394 1947 armis
2425 1892 2739 1963 aliquando
2770 1896 3135 1949 versaretur.
3168 1894 3337 1949 Unde
3366 1894 3600 1963 episco-

1929 1996 2044 2051 pus
2103 1982 2371 2036 comitem
2419 1982 2737 2036 Rainerum
2793 1982 2940 2051 (348)
2985 1983 3293 2053 frequenti
3339 1982 3598 2037 clamore

1929 2070 2208 2140 pulsavit,
2233 2086 2377 2125 sane
2409 2071 2677 2139 surdum,
2711 2072 2847 2141 quia
2879 2074 2936 2126 et
2968 2072 3096 2142 ipse
3125 2075 3345 2140 raptor,
3397 2075 3598 2140 rapto-

1930 2159 2099 2213 ribus
2132 2159 2335 2214 favere
2364 2163 2779 2215 consueverat.
2804 2159 3061 2231 Contigit
3080 2163 3295 2229 autem,
3320 2160 3598 2215 domnum

1930 2248 2277 2318 episcopum
2309 2249 2422 2304 alio
2454 2249 2787 2304 tendentem
2838 2265 2943 2319 per
2986 2249 3127 2303 illud
3177 2249 3597 2303 monasterium

1928 2337 2242 2392 transitum
2273 2337 2491 2393 facere.
2528 2338 2643 2393 Ubi
2675 2355 2806 2392 cum
2841 2338 3237 2407 pervenisset,
3265 2338 3596 2406 predictum

1927 2424 2214 2481 latronem
2263 2427 2504 2495 invenit,
2554 2431 2905 2497 captumque
2953 2426 3200 2482 Albaldo
3250 2424 3595 2496 Trejecten-

1928 2517 2083 2571 sium
2113 2516 2396 2586 episcopo
2430 2516 2879 2571 commendavit.
2917 2516 3059 2569 Post
3078 2515 3252 2569 unius
3282 2529 3426 2569 vero
3457 2515 3596 2569 anni

1927 2605 2307 2673 curriculum,
2339 2604 2592 2659 domnus
2624 2606 2944 2674 episcopus
2974 2604 3288 2658 multarum
3310 2602 3596 2673 precibus

1927 2694 2207 2748 delinitus
2238 2694 2432 2748 redire
2470 2694 2756 2763 permisit,
2785 2693 3220 2763 promittentem
3240 2692 3516 2746 videlicet
3538 2693 3599 2745 et

1927 2787 2131 2837 sancte
2172 2782 2538 2853 dejerantem
2593 2783 2750 2852 quod
2802 2782 3023 2852 rapinis
3073 2796 3141 2835 se
3180 2781 3595 2849 subtraheret,

1926 2872 2118 2927 fidelis
2138 2872 2433 2927 aecclesiaa
2455 2888 2587 2927 cum
2613 2872 2771 2926 omni
2791 2872 3103 2926 devotione
3115 2870 3596 2926 mansurus.Hoc

1924 2976 2067 3016 vero
2098 2961 2329 3016 irritum
2360 2961 2609 3030 faciens,
2638 2965 2843 3031 postea
2875 2960 2947 3015 ab
2978 2961 3289 3015 insolentis
3321 2975 3439 3015 non
3471 2975 3597 3015 ces-

1927 3050 2099 3104 savit.
2133 3049 2249 3104 Sed
2279 3050 2452 3120 paulo
2483 3054 2618 3119 post
2648 3064 2755 3120 per
2774 3048 3247 3103 misericordiam
3264 3048 3371 3104 Dei
3402 3050 3592 3103 morte

1925 3142 2257 3207 correptus,
2291 3138 2351 3193 in
2380 3139 2514 3208 ipso
2544 3142 2740 3192 tamen
2772 3138 3081 3205 cimiterio,
3116 3136 3296 3191 multo
3344 3152 3594 3192 suorum

193 3220 293 3313 tum
310 3221 713 3292 ignarus,tunc
745 3227 1000 3293 primum
1032 3225 1103 3279 de
1135 3227 1321 3296 prelio
1350 3231 1409 3282 et
1435 3227 1509 3282 de
1537 3230 1808 3297 captione
1841 3246 1895 3313 ρ
1924 3231 2186 3297 precatu,
2221 3228 2328 3281 sed
2360 3227 2663 3281 nesciente
2693 3226 2999 3296 episcopo,
3049 3224 3390 3280 tumulatur.
3424 3225 3593 3290 Quod

126 3304 135 3315 '
192 3306 325 3362 ducis
342 3316 660 3382 acceperat.
684 3313 911 3382 Duplici
926 3330 1072 3386 ergo
1094 3331 1351 3371 memore
1368 3315 1636 3386 affectus,
1652 3318 1809 3371 viam

193 3399 358 3453 metire
395 3401 650 3470 festinat,
690 3417 1046 3474 semperque
1095 3420 1505 3475 quoscumque
1557 3406 1811 3462 habebat

192 3485 378 3557 obvios,
408 3490 477 3544 de
509 3492 703 3561 prelio
740 3492 1108 3546 consulebat.
1141 3494 1469 3563 Antequam
1501 3511 1644 3550 vero
1683 3496 1812 3550 Let-

194 3574 315 3640 giam
352 3582 753 3649 pervenisset,
816 3579 1159 3634 adrumatur
1200 3583 1251 3635 ei
1296 3583 1506 3636 ducem
1550 3583 1805 3638 redisse.

194 3658 295 3717 Mox
320 3677 449 3737 ergo
479 3668 793 3738 repentina
811 3684 1009 3723 rerum
1042 3671 1432 3725 conversione
1466 3688 1581 3725 non
1616 3671 1808 3727 solum

193 3755 479 3824 episcOpus,
530 3757 643 3811 sed
697 3762 754 3811 et
792 3757 959 3812 multi
1005 3758 1125 3827 alii,
1180 3774 1474 3814 mererem
1522 3776 1698 3832 quem
1735 3763 1808 3817 de

193 3841 316 3898 obitu
342 3846 598 3916 episcopi
621 3850 1040 3917 conceperant,
1076 3849 1292 3919 gaudio
1321 3850 1479 3919 quod
1511 3850 1810 3906 habebant

192 3929 245 3982 de
266 3931 414 3987 ducis
439 3935 867 4004 incolumitate,
891 3939 1208 3991 mutarunt.
1233 3938 1322 3992 Ad
1343 3953 1517 4009 quem
1548 3938 1806 3995 festinus

191 4019 456 4091 episcopus
495 4024 558 4077 in
609 4027 874 4078 castrum
915 4024 1191 4080 videlicet
1220 4026 1609 4098 Argentolum
1655 4027 1808 4100 (346)

189 4115 508 4181 permeavit;
557 4129 593 4167 a
642 4129 761 4184 quo
792 4113 1029 4183 quidem
1072 4115 1396 4170 honoriﬁce
1444 4120 1798 4188 susceptus,

192 4210 377 4253 omnem
423 4201 694 4256 ordinem
744 4203 884 4256 belli
940 4203 1181 4258 audivit.
1231 4204 1555 4260 Sciendum
1610 4209 1805 4262 tamen

187 4288 308 4353 quod
342 4294 464 4344 ante
510 4290 662 4345 illud
720 4290 970 4361 prelium
1026 4291 1174 4362 (347)
1221 4292 1346 4348 fere
1391 4310 1498 4364 per
1555 4299 1806 4365 quatuor

191 4386 386 4430 menses
415 4384 646 4433 cometa
684 4380 813 4434 visa
841 4383 955 4449 est,
1003 4381 1178 4436 solito
1223 4385 1416 4437 tamen
1455 4384 1798 4453 mirabilior,

188 4460 231 4513 in
252 4466 401 4521 modo
419 4468 701 4523 videlicet
730 4471 1182 4539 quammaximaa
1212 4472 1422 4527 trabis.

1924 3331 2099 3386 quam
2128 3315 2418 3370 nefarium
2449 3316 2625 3370 fuerit
2654 3314 2854 3369 divina
2886 3313 3195 3369 clementia
3239 3313 3588 3383 propalavit.

1923 3406 2068 3459 Post
2096 3404 2401 3459 biennium
2431 3405 2610 3472 enim,
2645 3419 2781 3458 cum
2808 3403 2908 3457 alii
2939 3403 3234 3458 humando
3272 3402 3466 3472 ipsius
3496 3405 3594 3457 tu-

1924 3494 2122 3548 mulus
2145 3493 2466 3561 foderetur,
2492 3493 2563 3547 de
2585 3496 2705 3547 toto
2720 3494 2879 3547 certe
2897 3506 3148 3562 corpore
3165 3491 3392 3545 nullum
3412 3492 3592 3546 vesti-

1924 3583 2089 3653 gium
2116 3585 2335 3651 praeter
2361 3598 2544 3637 unum
2566 3582 2957 3637 subtolarium
2978 3580 3128 3650 (349)
3150 3580 3463 3651 reperitur.
3480 3580 3595 3636 Per

1925 3671 2039 3726 hoc
2071 3688 2216 3743 ergo
2247 3673 2478 3726 cunctis
2507 3671 2840 3742 intelligere
2865 3672 3034 3726 datur
3061 3672 3295 3741 quantae
3324 3669 3597 3740 dampna-

1927 3760 2067 3815 tioni
2099 3761 2159 3813 in
2186 3763 2409 3815 tartara
2439 3762 2602 3829 impii
2632 3761 3008 3831 deputantur.

1994 3848 2084 3903 21.
2133 3849 2279 3904 Post
2324 3850 2545 3903 obitum
2592 3864 2739 3904 vero
2784 3849 2985 3904 domni
3033 3849 3264 3904 abbatis
3322 3846 3591 3903 Wenrici

1923 3937 2074 3993 duos
2104 3938 2370 4005 abbates,
2404 3938 2653 3992 alterum
2682 3943 2820 4008 post
2850 3939 3118 4006 alterum,
3143 3952 3346 3992 comes
3378 3936 3592 3991 Reine-

1921 4041 2028 4080 rus
2059 4026 2403 4096 substituit;
2438 4028 2551 4081 hoc
2581 4026 2877 4098 siquidem
2909 4027 3084 4081 modo
3114 4026 3409 4081 abbatiam
3440 4041 3590 4081 ven-

1921 4116 2123 4170 dicare
2151 4131 2527 4185 presumens.
2559 4116 2727 4181 Quod
2757 4116 2893 4187 quia
2923 4115 3096 4170 nefas
3128 4118 3311 4183 esset,
3336 4115 3591 4169 domnus

1919 4205 2239 4274 episcopus
2285 4220 2395 4259 sua
2438 4204 2781 4259 auctoritate
2817 4203 3043 4274 rejecit,
3094 4218 3248 4271 cum,
3303 4207 3366 4256 ut
3409 4218 3591 4272 supra

1917 4293 2175 4351 diximus
2207 4295 2280 4361 (c.
2312 4293 2389 4361 6),
2434 4294 2727 4348 abbatiam
2773 4292 3096 4364 quamlibet
3142 4290 3343 4345 nullus
3392 4293 3591 4359 preter

1915 4388 2331 4455 imperatorem
2363 4386 2464 4437 aut
2502 4383 2849 4453 episcopum
2894 4380 3108 4435 debeat
3150 4378 3589 4435 commendare-

1916 4477 2133 4531 Postea
2163 4488 2306 4527 vero
2339 4472 2657 4541 imperator
2685 4485 2863 4542 quem
2906 4470 3110 4538 voluit,
3162 4466 3585 4522 Herbrandum

237 4548 539 4662 ‘illis
582 4558 821 4662 diebus,
854 4562 1220 4662 monasterio
1264 4562 1454 4662 sancti
1486 4562 1711 4617 Gisleni
1743 4564 1803 4618 in
1832 4600 1888 4662 D
1915 4563 2194 4619 videlicet
2353 4577 2509 4616 nunc
2543 4563 2637 4615 est
2664 4558 2836 4662 (3.5.9),
2868 4561 3144 4662 mgnegte
3172 4558 3385 4662 damno
3418 4555 3590 4662 θρίξ·

187 4637 291 4693 villa
313 4642 477 4714 Cella,
501 4647 664 4701 unde
695 4662 878 4717 supra
907 4649 1266 4704 mentionem
1297 4649 1549 4706 fecimus
1579 4652 1665 4722 (ιι,
1688 4652 1801 4722 40),

188 4735 377 4792 meret
399 4735 639 4805 quidam
671 4735 858 4790 abbas
902 4737 1139 4792 nomine
1190 4737 1412 4810 Simon,
1445 4741 1545 4811 qui
1575 4741 1807 4796 secula-

1919 4669 2086 4723 copo,
2122 4654 2185 4706 ut
2215 4651 2458 4724 dignum
2489 4654 2600 4720 est,
2633 4649 2992 4705 sublimavit.
3028 4647 3140 4702 Hic
3187 4647 3360 4702 etiam
3406 4644 3588 4699 multa

1919 4742 2069 4796 mala
2098 4755 2431 4812 perpessus
2466 4742 2559 4795 est
2587 4739 2863 4795 acomite
2896 4737 3171 4795 Rainero.

1454 4900 1753 4963 VARI/E
1801 4900 2161 4961 LECTION
2172 4901 2268 4961 ES

237 5068 301 5113 ³⁸
323 5076 645 5151 ambigeret
716 5079 794 5135 2'.
828 5085 887 5135 et
916 5096 993 5135 ex
1024 5096 1183 5135 corr.
1213 5080 1269 5135 4.
1345 5078 1431 5123 2‘3
1458 5082 1543 5137 ita
1572 5083 1863 5137 correxit.
1903 5081 2066 5137 Colr.
2102 5096 2317 5152 capere
2350 5080 2400 5137 1.
2420 5081 2474 5138 2.
2494 5082 2582 5149 ,22
2614 5081 2932 5147 sum
2963 5081 3152 5153 capite
3175 5081 3233 5136 4.

1735 5251 1992 5315 ΝΟἸἾΕ

238 5422 359 5503 (ἓξ-ἑ)
384 5429 753 5503 Samaei")-

392 5502 457 5574 Αἰ
486 5492 779 5567 Τὴίἕιοω,
811 5521 934 5572 vm,
969 5504 1118 5560 obiit
1148 5506 1210 5559 in
1251 5505 1430 5574 Tiele,
1454 5507 1657 5562 eodem
1679 5507 1797 5563 die.

384 5572 711 5645 argentea,
741 5564 896 5630 inter
920 5564 1278 5632 Cemblours
1300 5581 1356 5632 et
1385 5564 1629 5633 Namur.

236 5636 358 5720 (ξπ)
382 5636 1051 5720 Contradicit_Alpertus
1094 5647 1177 5720 De
1223 5648 1342 5703 div.
1378 5651 1554 5720 temp,
1588 5666 1648 5719 ιι,
1680 5649 1751 5705 20
1783 5665 1795 5705 :

189 5704 461 5782 Antequam
473 5715 584 5772 hoc
608 5704 866 5791 prodigi
862 5719 1019 5774 umin
1036 5719 1182 5778 ecula
1192 5704 1716 5794 apparereifciha
1740 5704 1806 5775 li-

1915 5441 2011 5492 tus
2039 5436 2246 5492 oceani
2274 5434 2491 5491 bellum
2520 5439 2781 5492 coortum
2813 5441 2924 5492 est.

1982 5507 2131 5577 (348)
2165 5508 2553 5563 Montensem.

1984 5576 2109 5649 (349
2140 5578 2450 5649 Calceum)
2478 5578 2614 5632 inde
2645 5578 2867 5636 Gallica
2898 5596 3016 5637 vox
3045 5580 3289 5638 soulier.

1983 5648 2129 5721 (350)
2163 5649 2319 5705 Obiit
2346 5665 2398 5704 c.
2431 5648 2592 5705 1045.
