  <div class='ocr_page' id='page_1' title='image "/cluster/home/n/w/nwhite01/storage/ocr_20150623/149/hvd.32044054760079/083.png"; bbox 0 0 4098 6196; ppageno 0'>
   <div class='ocr_carea' id='block_1_1' title="bbox 406 318 557 421">
    <p class='ocr_par' dir='ltr' id='par_1_1' title="bbox 406 318 557 421">
     <span class='ocr_line' id='line_1_1' title="bbox 406 318 557 421; baseline -0.013 0"><span class='ocrx_word' id='word_1_1' title='bbox 406 318 419 331; x_wconf 71' lang='grc'><em>’</em></span> <span class='ocrx_word' id='word_1_2' title='bbox 442 355 557 421; x_wconf 85' lang='grc'>155</span> 
     </span>
    </p>
   </div>
   <div class='ocr_carea' id='block_1_2' title="bbox 513 534 2189 619">
    <p class='ocr_par' dir='ltr' id='par_1_2' title="bbox 513 534 2189 619">
     <span class='ocr_line' id='line_1_2' title="bbox 513 534 2189 619; baseline -0.007 0"><span class='ocrx_word' id='word_1_3' title='bbox 513 563 600 619; x_wconf 71' lang='grc'>22.</span> <span class='ocrx_word' id='word_1_4' title='bbox 634 563 791 618; x_wconf 92' lang='lat' dir='ltr'>Inter</span> <span class='ocrx_word' id='word_1_5' title='bbox 817 563 929 618; x_wconf 93' lang='lat' dir='ltr'>hoc</span> <span class='ocrx_word' id='word_1_6' title='bbox 962 563 1134 618; x_wconf 90' lang='lat' dir='ltr'>etiam</span> <span class='ocrx_word' id='word_1_7' title='bbox 1166 561 1306 615; x_wconf 92' lang='lat' dir='ltr'>illud</span> <span class='ocrx_word' id='word_1_8' title='bbox 1340 561 1638 614; x_wconf 73' lang='lat' dir='ltr'>memoriae</span> <span class='ocrx_word' id='word_1_9' title='bbox 1683 556 2101 613; x_wconf 86' lang='lat' dir='ltr'>commendan-</span> <span class='ocrx_word' id='word_1_10' title='bbox 2132 534 2189 596; x_wconf 86' lang='grc' dir='ltr'>Α</span> 
     </span>
    </p>
   </div>
   <div class='ocr_carea' id='block_1_3' title="bbox 443 645 2101 723">
    <p class='ocr_par' dir='ltr' id='par_1_3' title="bbox 443 645 2101 723">
     <span class='ocr_line' id='line_1_3' title="bbox 443 645 2101 723; baseline -0.006 -16"><span class='ocrx_word' id='word_1_11' title='bbox 443 653 579 707; x_wconf 90' lang='lat' dir='ltr'>dum</span> <span class='ocrx_word' id='word_1_12' title='bbox 610 655 722 719; x_wconf 90' lang='lat' dir='ltr'>est,</span> <span class='ocrx_word' id='word_1_13' title='bbox 755 653 908 723; x_wconf 86' lang='lat' dir='ltr'>quod</span> <span class='ocrx_word' id='word_1_14' title='bbox 940 652 1001 706; x_wconf 90' lang='lat' dir='ltr'>in</span> <span class='ocrx_word' id='word_1_15' title='bbox 1033 651 1181 721; x_wconf 80' lang='lat' dir='ltr'>ipsis</span> <span class='ocrx_word' id='word_1_16' title='bbox 1212 650 1423 704; x_wconf 87' lang='lat' dir='ltr'>diebus</span> <span class='ocrx_word' id='word_1_17' title='bbox 1445 650 1503 702; x_wconf 90' lang='lat' dir='ltr'>in</span> <span class='ocrx_word' id='word_1_18' title='bbox 1526 649 1657 701; x_wconf 89' lang='lat' dir='ltr'>vico</span> <span class='ocrx_word' id='word_1_19' title='bbox 1676 647 1928 718; x_wconf 86' lang='lat' dir='ltr'>quodam</span> <span class='ocrx_word' id='word_1_20' title='bbox 1962 645 2101 698; x_wconf 83' lang='lat' dir='ltr'>Tre-</span> 
     </span>
    </p>
   </div>
   <div class='ocr_carea' id='block_1_4' title="bbox 433 737 2107 812">
    <p class='ocr_par' dir='ltr' id='par_1_4' title="bbox 433 737 2107 812">
     <span class='ocr_line' id='line_1_4' title="bbox 433 737 2107 812; baseline -0.006 -16"><span class='ocrx_word' id='word_1_21' title='bbox 433 742 726 812; x_wconf 90' lang='lat' dir='ltr'>jectensis</span> <span class='ocrx_word' id='word_1_22' title='bbox 740 742 1055 795; x_wconf 90' lang='lat' dir='ltr'>dioceseos</span> <span class='ocrx_word' id='word_1_23' title='bbox 1078 740 1375 793; x_wconf 85' lang='lat' dir='ltr'>accidisse</span> <span class='ocrx_word' id='word_1_24' title='bbox 1398 738 1651 792; x_wconf 89' lang='lat' dir='ltr'>domnus</span> <span class='ocrx_word' id='word_1_25' title='bbox 1670 737 1989 805; x_wconf 84' lang='lat' dir='ltr'>episcopus</span> <span class='ocrx_word' id='word_1_26' title='bbox 2009 749 2107 787; x_wconf 89' lang='lat' dir='ltr'>no-</span> 
     </span>
    </p>
   </div>
   <div class='ocr_carea' id='block_1_5' title="bbox 441 822 2105 895">
    <p class='ocr_par' dir='ltr' id='par_1_5' title="bbox 441 822 2105 895">
     <span class='ocr_line' id='line_1_5' title="bbox 441 822 2105 895; baseline -0.005 -12"><span class='ocrx_word' id='word_1_27' title='bbox 441 832 536 885; x_wconf 85' lang='lat' dir='ltr'>bis</span> <span class='ocrx_word' id='word_1_28' title='bbox 566 846 807 883; x_wconf 88' lang='lat' dir='ltr'>narrare</span> <span class='ocrx_word' id='word_1_29' title='bbox 838 830 1064 883; x_wconf 83' lang='lat' dir='ltr'>solebat</span> <span class='ocrx_word' id='word_1_30' title='bbox 1097 828 1209 881; x_wconf 83' lang='lat' dir='ltr'>sibi</span> <span class='ocrx_word' id='word_1_31' title='bbox 1245 830 1403 881; x_wconf 88' lang='lat' dir='ltr'>certe</span> <span class='ocrx_word' id='word_1_32' title='bbox 1449 827 1521 880; x_wconf 89' lang='lat' dir='ltr'>ab</span> <span class='ocrx_word' id='word_1_33' title='bbox 1572 826 1856 895; x_wconf 89' lang='lat' dir='ltr'>episcopo</span> <span class='ocrx_word' id='word_1_34' title='bbox 1904 822 2105 875; x_wconf 79' lang='lat' dir='ltr'>Albal-</span> 
     </span>
    </p>
   </div>
   <div class='ocr_carea' id='block_1_6' title="bbox 442 911 2108 988">
    <p class='ocr_par' dir='ltr' id='par_1_6' title="bbox 442 911 2108 988">
     <span class='ocr_line' id='line_1_6' title="bbox 442 911 2108 988; baseline -0.006 -14"><span class='ocrx_word' id='word_1_35' title='bbox 442 921 516 974; x_wconf 92' lang='lat' dir='ltr'>do</span> <span class='ocrx_word' id='word_1_36' title='bbox 546 920 695 988; x_wconf 87' lang='lat'>(351)</span> <span class='ocrx_word' id='word_1_37' title='bbox 725 920 991 973; x_wconf 89' lang='lat' dir='ltr'>relatum.</span> <span class='ocrx_word' id='word_1_38' title='bbox 1027 917 1171 982; x_wconf 85' lang='lat' dir='ltr'>Quia</span> <span class='ocrx_word' id='word_1_39' title='bbox 1217 931 1467 986; x_wconf 81' lang='lat' dir='ltr'>namque</span> <span class='ocrx_word' id='word_1_40' title='bbox 1518 915 1939 985; x_wconf 82' lang='lat' dir='ltr'>Aquatieorum</span> <span class='ocrx_word' id='word_1_41' title='bbox 1973 911 2108 965; x_wconf 85' lang='lat' dir='ltr'>Fri-</span> 
     </span>
    </p>
   </div>
   <div class='ocr_carea' id='block_1_7' title="bbox 444 1000 2107 1076">
    <p class='ocr_par' dir='ltr' id='par_1_7' title="bbox 444 1000 2107 1076">
     <span class='ocr_line' id='line_1_7' title="bbox 444 1000 2107 1076; baseline -0.006 -13"><span class='ocrx_word' id='word_1_42' title='bbox 444 1024 657 1063; x_wconf 90' lang='lat' dir='ltr'>sonum</span> <span class='ocrx_word' id='word_1_43' title='bbox 688 1008 847 1061; x_wconf 89' lang='lat' dir='ltr'>circa</span> <span class='ocrx_word' id='word_1_44' title='bbox 877 1008 1066 1075; x_wconf 85' lang='lat' dir='ltr'>ipsam</span> <span class='ocrx_word' id='word_1_45' title='bbox 1095 1005 1467 1076; x_wconf 76' lang='lat' dir='ltr'>parrochiam</span> <span class='ocrx_word' id='word_1_46' title='bbox 1498 1004 1682 1057; x_wconf 87' lang='lat' dir='ltr'>moris</span> <span class='ocrx_word' id='word_1_47' title='bbox 1727 1006 1835 1069; x_wconf 87' lang='lat' dir='ltr'>est,</span> <span class='ocrx_word' id='word_1_48' title='bbox 1869 1006 1967 1054; x_wconf 88' lang='lat' dir='ltr'>aut</span> <span class='ocrx_word' id='word_1_49' title='bbox 2010 1000 2107 1053; x_wconf 79' lang='lat' dir='ltr'>vix</span> 
     </span>
    </p>
   </div>
   <div class='ocr_carea' id='block_1_8' title="bbox 442 1089 2105 1168">
    <p class='ocr_par' dir='ltr' id='par_1_8' title="bbox 442 1089 2105 1168">
     <span class='ocr_line' id='line_1_8' title="bbox 442 1089 2105 1168; baseline -0.006 -16"><span class='ocrx_word' id='word_1_50' title='bbox 442 1114 665 1168; x_wconf 85' lang='lat' dir='ltr'>paucos</span> <span class='ocrx_word' id='word_1_51' title='bbox 688 1100 787 1150; x_wconf 86' lang='lat' dir='ltr'>aut</span> <span class='ocrx_word' id='word_1_52' title='bbox 803 1096 998 1151; x_wconf 84' lang='lat' dir='ltr'>nullos</span> <span class='ocrx_word' id='word_1_53' title='bbox 1023 1094 1439 1150; x_wconf 74' lang='lat' dir='ltr'>eucharistiam</span> <span class='ocrx_word' id='word_1_54' title='bbox 1459 1093 1515 1145; x_wconf 91' lang='lat' dir='ltr'>in</span> <span class='ocrx_word' id='word_1_55' title='bbox 1539 1093 1632 1146; x_wconf 89' lang='lat' dir='ltr'>die</span> <span class='ocrx_word' id='word_1_56' title='bbox 1654 1091 1841 1146; x_wconf 84' lang='lat' dir='ltr'>sancti</span> <span class='ocrx_word' id='word_1_57' title='bbox 1865 1089 2105 1159; x_wconf 82' lang='lat' dir='ltr'>paschae</span> 
     </span>
    </p>
   </div>
   <div class='ocr_carea' id='block_1_9' title="bbox 442 1180 2105 1257">
    <p class='ocr_par' dir='ltr' id='par_1_9' title="bbox 442 1180 2105 1257">
     <span class='ocr_line' id='line_1_9' title="bbox 442 1180 2105 1257; baseline -0.005 -17"><span class='ocrx_word' id='word_1_58' title='bbox 442 1187 593 1241; x_wconf 88' lang='lat' dir='ltr'>velle</span> <span class='ocrx_word' id='word_1_59' title='bbox 624 1190 868 1257; x_wconf 78' lang='lat' dir='ltr'>gustare</span> <span class='ocrx_word' id='word_1_60' title='bbox 896 1203 906 1239; x_wconf 91' lang='lat'>:</span> <span class='ocrx_word' id='word_1_61' title='bbox 943 1185 1071 1254; x_wconf 87' lang='lat' dir='ltr'>ipsa</span> <span class='ocrx_word' id='word_1_62' title='bbox 1104 1183 1395 1254; x_wconf 86' lang='lat' dir='ltr'>siquidem</span> <span class='ocrx_word' id='word_1_63' title='bbox 1427 1184 1519 1236; x_wconf 86' lang='lat' dir='ltr'>die</span> <span class='ocrx_word' id='word_1_64' title='bbox 1552 1180 1836 1235; x_wconf 88' lang='lat' dir='ltr'>sacerdos</span> <span class='ocrx_word' id='word_1_65' title='bbox 1874 1181 1933 1233; x_wconf 91' lang='lat' dir='ltr'>in</span> <span class='ocrx_word' id='word_1_66' title='bbox 1963 1194 2105 1249; x_wconf 91' lang='lat' dir='ltr'>quo-</span> 
     </span>
    </p>
   </div>
   <div class='ocr_carea' id='block_1_10' title="bbox 442 1268 2107 1343">
    <p class='ocr_par' dir='ltr' id='par_1_10' title="bbox 442 1268 2107 1343">
     <span class='ocr_line' id='line_1_10' title="bbox 442 1268 2107 1343; baseline -0.005 -15"><span class='ocrx_word' id='word_1_67' title='bbox 442 1275 575 1329; x_wconf 88' lang='lat' dir='ltr'>dam</span> <span class='ocrx_word' id='word_1_68' title='bbox 604 1274 879 1329; x_wconf 86' lang='lat' dir='ltr'>videlicet</span> <span class='ocrx_word' id='word_1_69' title='bbox 908 1274 1038 1327; x_wconf 91' lang='lat' dir='ltr'>vico</span> <span class='ocrx_word' id='word_1_70' title='bbox 1053 1272 1324 1343; x_wconf 83' lang='lat' dir='ltr'>ejusdem</span> <span class='ocrx_word' id='word_1_71' title='bbox 1347 1268 1979 1340; x_wconf 86' lang='lat' dir='ltr'>diocoseos,populum</span> <span class='ocrx_word' id='word_1_72' title='bbox 2012 1283 2107 1321; x_wconf 88' lang='lat' dir='ltr'>ce-</span> 
     </span>
    </p>
   </div>
   <div class='ocr_carea' id='block_1_11' title="bbox 442 1360 2106 1429">
    <p class='ocr_par' dir='ltr' id='par_1_11' title="bbox 442 1360 2106 1429">
     <span class='ocr_line' id='line_1_11' title="bbox 442 1360 2106 1429; baseline -0.005 -11"><span class='ocrx_word' id='word_1_73' title='bbox 442 1364 577 1418; x_wconf 90' lang='lat' dir='ltr'>lesti</span> <span class='ocrx_word' id='word_1_74' title='bbox 634 1364 906 1417; x_wconf 89' lang='lat' dir='ltr'>alimonia</span> <span class='ocrx_word' id='word_1_75' title='bbox 953 1362 1317 1429; x_wconf 71' lang='lat' dir='ltr'>refecturus,</span> <span class='ocrx_word' id='word_1_76' title='bbox 1369 1360 1733 1429; x_wconf 88' lang='lat' dir='ltr'>plebeculam</span> <span class='ocrx_word' id='word_1_77' title='bbox 1770 1371 2106 1411; x_wconf 89' lang='lat' dir='ltr'>ammonere</span> 
     </span>
    </p>
   </div>
   <div class='ocr_carea' id='block_1_12' title="bbox 441 1448 2106 1521">
    <p class='ocr_par' dir='ltr' id='par_1_12' title="bbox 441 1448 2106 1521">
     <span class='ocr_line' id='line_1_12' title="bbox 441 1448 2106 1521; baseline -0.005 -14"><span class='ocrx_word' id='word_1_78' title='bbox 441 1454 686 1519; x_wconf 87' lang='lat' dir='ltr'>curavit,</span> <span class='ocrx_word' id='word_1_79' title='bbox 730 1455 791 1505; x_wconf 95' lang='lat' dir='ltr'>ut</span> <span class='ocrx_word' id='word_1_80' title='bbox 832 1452 905 1505; x_wconf 85' lang='lat' dir='ltr'>ad</span> <span class='ocrx_word' id='word_1_81' title='bbox 954 1451 1398 1521; x_wconf 89' lang='lat' dir='ltr'>percipiendum</span> <span class='ocrx_word' id='word_1_82' title='bbox 1433 1450 1675 1504; x_wconf 85' lang='lat' dir='ltr'>celestis</span> <span class='ocrx_word' id='word_1_83' title='bbox 1726 1448 1860 1501; x_wconf 65' lang='lat' dir='ltr'>vitae</span> <span class='ocrx_word' id='word_1_84' title='bbox 1902 1462 2106 1500; x_wconf 83' lang='lat' dir='ltr'>sacra-</span> 
     </span>
    </p>
   </div>
   <div class='ocr_carea' id='block_1_13' title="bbox 440 1536 2101 1604">
    <p class='ocr_par' dir='ltr' id='par_1_13' title="bbox 440 1536 2101 1604">
     <span class='ocr_line' id='line_1_13' title="bbox 440 1536 2101 1604; baseline -0.005 -9"><span class='ocrx_word' id='word_1_85' title='bbox 440 1544 700 1595; x_wconf 83' lang='lat' dir='ltr'>mentum</span> <span class='ocrx_word' id='word_1_86' title='bbox 738 1541 1025 1594; x_wconf 82' lang='lat' dir='ltr'>venirent.</span> <span class='ocrx_word' id='word_1_87' title='bbox 1059 1540 1286 1604; x_wconf 88' lang='lat' dir='ltr'>Quibus</span> <span class='ocrx_word' id='word_1_88' title='bbox 1338 1540 1409 1592; x_wconf 91' lang='lat' dir='ltr'>de</span> <span class='ocrx_word' id='word_1_89' title='bbox 1441 1555 1602 1592; x_wconf 92' lang='lat' dir='ltr'>more</span> <span class='ocrx_word' id='word_1_90' title='bbox 1659 1536 2101 1597; x_wconf 70' lang='lat' dir='ltr'>cunctantibus,</span> 
     </span>
    </p>
   </div>
   <div class='ocr_carea' id='block_1_14' title="bbox 440 1625 2105 1700">
    <p class='ocr_par' dir='ltr' id='par_1_14' title="bbox 440 1625 2105 1700">
     <span class='ocr_line' id='line_1_14' title="bbox 440 1625 2105 1700; baseline -0.004 -17"><span class='ocrx_word' id='word_1_91' title='bbox 440 1645 595 1684; x_wconf 92' lang='lat' dir='ltr'>unus</span> <span class='ocrx_word' id='word_1_92' title='bbox 628 1630 727 1700; x_wconf 87' lang='lat' dir='ltr'>qui</span> <span class='ocrx_word' id='word_1_93' title='bbox 758 1630 952 1700; x_wconf 86' lang='lat' dir='ltr'>major</span> <span class='ocrx_word' id='word_1_94' title='bbox 973 1630 1191 1683; x_wconf 89' lang='lat' dir='ltr'>ceteris</span> <span class='ocrx_word' id='word_1_95' title='bbox 1225 1629 1442 1689; x_wconf 87' lang='lat' dir='ltr'>aderat.</span> <span class='ocrx_word' id='word_1_96' title='bbox 1487 1627 1767 1681; x_wconf 90' lang='lat' dir='ltr'>instinctu</span> <span class='ocrx_word' id='word_1_97' title='bbox 1814 1625 2105 1678; x_wconf 90' lang='lat' dir='ltr'>diabolico</span> 
     </span>
    </p>
   </div>
   <div class='ocr_carea' id='block_1_15' title="bbox 443 1713 2106 1790">
    <p class='ocr_par' dir='ltr' id='par_1_15' title="bbox 443 1713 2106 1790">
     <span class='ocr_line' id='line_1_15' title="bbox 443 1713 2106 1790; baseline -0.005 -18"><span class='ocrx_word' id='word_1_98' title='bbox 443 1719 719 1790; x_wconf 88' lang='lat' dir='ltr'>agitatus,</span> <span class='ocrx_word' id='word_1_99' title='bbox 769 1719 1097 1772; x_wconf 87' lang='lat' dir='ltr'>misterium</span> <span class='ocrx_word' id='word_1_100' title='bbox 1148 1718 1367 1771; x_wconf 80' lang='lat' dir='ltr'>Christi</span> <span class='ocrx_word' id='word_1_101' title='bbox 1414 1716 1827 1785; x_wconf 86' lang='lat' dir='ltr'>blasphemare</span> <span class='ocrx_word' id='word_1_102' title='bbox 1875 1729 1990 1767; x_wconf 91' lang='lat' dir='ltr'>non</span> <span class='ocrx_word' id='word_1_103' title='bbox 2032 1713 2106 1764; x_wconf 90' lang='lat' dir='ltr'>ti-</span> 
     </span>
    </p>
   </div>
   <div class='ocr_carea' id='block_1_16' title="bbox 443 1775 2192 1876">
    <p class='ocr_par' dir='ltr' id='par_1_16' title="bbox 443 1775 2192 1876">
     <span class='ocr_line' id='line_1_16' title="bbox 443 1775 2192 1876; baseline -0.004 -16"><span class='ocrx_word' id='word_1_104' title='bbox 443 1807 607 1874; x_wconf 91' lang='lat' dir='ltr'>muit,</span> <span class='ocrx_word' id='word_1_105' title='bbox 631 1807 837 1861; x_wconf 90' lang='lat' dir='ltr'>dicens</span> <span class='ocrx_word' id='word_1_106' title='bbox 863 1808 1032 1860; x_wconf 87' lang='lat' dir='ltr'>malle</span> <span class='ocrx_word' id='word_1_107' title='bbox 1053 1806 1169 1859; x_wconf 85' lang='lat' dir='ltr'>sibi</span> <span class='ocrx_word' id='word_1_108' title='bbox 1192 1806 1528 1876; x_wconf 90' lang='lat' dir='ltr'>peccarium</span> <span class='ocrx_word' id='word_1_109' title='bbox 1551 1802 1698 1873; x_wconf 72' lang='lat'>(352)</span> <span class='ocrx_word' id='word_1_110' title='bbox 1722 1804 1956 1872; x_wconf 91' lang='lat' dir='ltr'>plenum</span> <span class='ocrx_word' id='word_1_111' title='bbox 1982 1816 2106 1855; x_wconf 88' lang='lat' dir='ltr'>cer-</span> <span class='ocrx_word' id='word_1_112' title='bbox 2137 1775 2192 1837; x_wconf 81' lang='grc' dir='ltr'>Β</span> 
     </span>
    </p>
   </div>
   <div class='ocr_carea' id='block_1_17' title="bbox 445 1892 2105 1966">
    <p class='ocr_par' dir='ltr' id='par_1_17' title="bbox 445 1892 2105 1966">
     <span class='ocr_line' id='line_1_17' title="bbox 445 1892 2105 1966; baseline -0.002 -19"><span class='ocrx_word' id='word_1_113' title='bbox 445 1896 635 1963; x_wconf 91' lang='lat' dir='ltr'>visiae,</span> <span class='ocrx_word' id='word_1_114' title='bbox 668 1910 842 1966; x_wconf 89' lang='lat' dir='ltr'>quam</span> <span class='ocrx_word' id='word_1_115' title='bbox 875 1895 1018 1949; x_wconf 91' lang='lat' dir='ltr'>illud</span> <span class='ocrx_word' id='word_1_116' title='bbox 1039 1894 1279 1949; x_wconf 81' lang='lat' dir='ltr'>celestis</span> <span class='ocrx_word' id='word_1_117' title='bbox 1301 1894 1536 1963; x_wconf 88' lang='lat' dir='ltr'>epulum</span> <span class='ocrx_word' id='word_1_118' title='bbox 1558 1907 1799 1946; x_wconf 81' lang='lat' dir='ltr'>mensae.</span> <span class='ocrx_word' id='word_1_119' title='bbox 1818 1892 1892 1945; x_wconf 90' lang='lat' dir='ltr'>Ut</span> <span class='ocrx_word' id='word_1_120' title='bbox 1912 1894 2105 1945; x_wconf 88' lang='lat' dir='ltr'>autem</span> 
     </span>
    </p>
   </div>
   <div class='ocr_carea' id='block_1_18' title="bbox 443 1979 2107 2053">
    <p class='ocr_par' dir='ltr' id='par_1_18' title="bbox 443 1979 2107 2053">
     <span class='ocr_line' id='line_1_18' title="bbox 443 1979 2107 2053; baseline -0.001 -18"><span class='ocrx_word' id='word_1_121' title='bbox 443 1984 733 2053; x_wconf 81' lang='lat' dir='ltr'>majorem</span> <span class='ocrx_word' id='word_1_122' title='bbox 763 1983 1193 2037; x_wconf 74' lang='lat' dir='ltr'>haesitationem</span> <span class='ocrx_word' id='word_1_123' title='bbox 1242 1983 1542 2036; x_wconf 79' lang='lat' dir='ltr'>intulisset</span> <span class='ocrx_word' id='word_1_124' title='bbox 1592 1981 1825 2045; x_wconf 86' lang='lat' dir='ltr'>ceteris,</span> <span class='ocrx_word' id='word_1_125' title='bbox 1885 1979 2107 2033; x_wconf 88' lang='lat' dir='ltr'>addidit</span> 
     </span>
    </p>
   </div>
   <div class='ocr_carea' id='block_1_19' title="bbox 442 2070 2105 2142">
    <p class='ocr_par' dir='ltr' id='par_1_19' title="bbox 442 2070 2105 2142">
     <span class='ocr_line' id='line_1_19' title="bbox 442 2070 2105 2142; baseline -0.004 -16"><span class='ocrx_word' id='word_1_126' title='bbox 442 2087 649 2126; x_wconf 90' lang='lat' dir='ltr'>omnes</span> <span class='ocrx_word' id='word_1_127' title='bbox 682 2072 811 2142; x_wconf 90' lang='lat' dir='ltr'>ipso</span> <span class='ocrx_word' id='word_1_128' title='bbox 841 2087 994 2126; x_wconf 88' lang='lat' dir='ltr'>anno</span> <span class='ocrx_word' id='word_1_129' title='bbox 1018 2073 1366 2139; x_wconf 89' lang='lat' dir='ltr'>morituros,</span> <span class='ocrx_word' id='word_1_130' title='bbox 1401 2074 1689 2142; x_wconf 85' lang='lat' dir='ltr'>quotquot</span> <span class='ocrx_word' id='word_1_131' title='bbox 1719 2072 1925 2123; x_wconf 90' lang='lat' dir='ltr'>essent</span> <span class='ocrx_word' id='word_1_132' title='bbox 1975 2070 2105 2137; x_wconf 92' lang='lat' dir='ltr'>ipso</span> 
     </span>
    </p>
   </div>
   <div class='ocr_carea' id='block_1_20' title="bbox 442 2157 2107 2229">
    <p class='ocr_par' dir='ltr' id='par_1_20' title="bbox 442 2157 2107 2229">
     <span class='ocr_line' id='line_1_20' title="bbox 442 2157 2107 2229; baseline -0.003 -15"><span class='ocrx_word' id='word_1_133' title='bbox 442 2160 536 2215; x_wconf 92' lang='lat' dir='ltr'>die</span> <span class='ocrx_word' id='word_1_134' title='bbox 568 2160 848 2215; x_wconf 89' lang='lat' dir='ltr'>celestem</span> <span class='ocrx_word' id='word_1_135' title='bbox 880 2161 1214 2214; x_wconf 88' lang='lat' dir='ltr'>alimoniam</span> <span class='ocrx_word' id='word_1_136' title='bbox 1254 2160 1639 2229; x_wconf 89' lang='lat' dir='ltr'>assumpturi.</span> <span class='ocrx_word' id='word_1_137' title='bbox 1672 2158 1799 2223; x_wconf 93' lang='lat' dir='ltr'>Quo</span> <span class='ocrx_word' id='word_1_138' title='bbox 1828 2157 2107 2211; x_wconf 88' lang='lat' dir='ltr'>nimirum</span> 
     </span>
    </p>
   </div>
   <div class='ocr_carea' id='block_1_21' title="bbox 448 2248 2107 2319">
    <p class='ocr_par' dir='ltr' id='par_1_21' title="bbox 448 2248 2107 2319">
     <span class='ocr_line' id='line_1_21' title="bbox 448 2248 2107 2319; baseline -0.002 -16"><span class='ocrx_word' id='word_1_139' title='bbox 448 2265 652 2304; x_wconf 90' lang='lat' dir='ltr'>omnes</span> <span class='ocrx_word' id='word_1_140' title='bbox 684 2249 967 2317; x_wconf 85' lang='lat' dir='ltr'>exterriti,</span> <span class='ocrx_word' id='word_1_141' title='bbox 1002 2250 1176 2303; x_wconf 81' lang='lat' dir='ltr'>sicuti</span> <span class='ocrx_word' id='word_1_142' title='bbox 1209 2250 1410 2319; x_wconf 88' lang='lat' dir='ltr'>rudes,</span> <span class='ocrx_word' id='word_1_143' title='bbox 1444 2248 1769 2303; x_wconf 88' lang='lat' dir='ltr'>Dominicae</span> <span class='ocrx_word' id='word_1_144' title='bbox 1793 2260 2017 2300; x_wconf 79' lang='lat' dir='ltr'>mensae</span> <span class='ocrx_word' id='word_1_145' title='bbox 2040 2260 2107 2299; x_wconf 91' lang='lat' dir='ltr'>se</span> 
     </span>
    </p>
   </div>
   <div class='ocr_carea' id='block_1_22' title="bbox 443 2334 2107 2407">
    <p class='ocr_par' dir='ltr' id='par_1_22' title="bbox 443 2334 2107 2407">
     <span class='ocr_line' id='line_1_22' title="bbox 443 2334 2107 2407; baseline -0.004 -15"><span class='ocrx_word' id='word_1_146' title='bbox 443 2338 885 2392; x_wconf 81' lang='lat' dir='ltr'>subtraxerunt.</span> <span class='ocrx_word' id='word_1_147' title='bbox 927 2338 1028 2391; x_wconf 92' lang='lat' dir='ltr'>Ille</span> <span class='ocrx_word' id='word_1_148' title='bbox 1075 2354 1217 2392; x_wconf 90' lang='lat' dir='ltr'>vero</span> <span class='ocrx_word' id='word_1_149' title='bbox 1263 2337 1649 2407; x_wconf 89' lang='lat' dir='ltr'>blasphemus</span> <span class='ocrx_word' id='word_1_150' title='bbox 1694 2336 1767 2389; x_wconf 88' lang='lat' dir='ltr'>ad</span> <span class='ocrx_word' id='word_1_151' title='bbox 1817 2334 2107 2405; x_wconf 87' lang='lat' dir='ltr'>quandam</span> 
     </span>
    </p>
   </div>
   <div class='ocr_carea' id='block_1_23' title="bbox 442 2422 2109 2496">
    <p class='ocr_par' dir='ltr' id='par_1_23' title="bbox 442 2422 2109 2496">
     <span class='ocr_line' id='line_1_23' title="bbox 442 2422 2109 2496; baseline -0.004 -16"><span class='ocrx_word' id='word_1_152' title='bbox 442 2427 743 2481; x_wconf 89' lang='lat' dir='ltr'>tabernam</span> <span class='ocrx_word' id='word_1_153' title='bbox 793 2426 865 2480; x_wconf 91' lang='lat' dir='ltr'>de</span> <span class='ocrx_word' id='word_1_154' title='bbox 905 2441 1072 2481; x_wconf 88' lang='lat' dir='ltr'>more</span> <span class='ocrx_word' id='word_1_155' title='bbox 1123 2426 1465 2496; x_wconf 87' lang='lat' dir='ltr'>profectus,</span> <span class='ocrx_word' id='word_1_156' title='bbox 1519 2425 1834 2480; x_wconf 88' lang='lat' dir='ltr'>cervisiam</span> <span class='ocrx_word' id='word_1_157' title='bbox 1891 2422 2109 2477; x_wconf 90' lang='lat' dir='ltr'>niniam</span> 
     </span>
    </p>
   </div>
   <div class='ocr_carea' id='block_1_24' title="bbox 443 2511 2108 2586">
    <p class='ocr_par' dir='ltr' id='par_1_24' title="bbox 443 2511 2108 2586">
     <span class='ocr_line' id='line_1_24' title="bbox 443 2511 2108 2586; baseline -0.001 -19"><span class='ocrx_word' id='word_1_158' title='bbox 443 2515 806 2585; x_wconf 83' lang='lat' dir='ltr'>inconeavit;</span> <span class='ocrx_word' id='word_1_159' title='bbox 832 2516 1038 2586; x_wconf 88' lang='lat' dir='ltr'>sicque</span> <span class='ocrx_word' id='word_1_160' title='bbox 1052 2516 1354 2569; x_wconf 87' lang='lat' dir='ltr'>debriatus</span> <span class='ocrx_word' id='word_1_161' title='bbox 1366 2531 1622 2569; x_wconf 88' lang='lat' dir='ltr'>ascenso</span> <span class='ocrx_word' id='word_1_162' title='bbox 1646 2529 1818 2585; x_wconf 89' lang='lat' dir='ltr'>equo,</span> <span class='ocrx_word' id='word_1_163' title='bbox 1835 2513 1971 2567; x_wconf 88' lang='lat' dir='ltr'>dum</span> <span class='ocrx_word' id='word_1_164' title='bbox 1994 2511 2108 2565; x_wconf 91' lang='lat' dir='ltr'>alio</span> 
     </span>
    </p>
   </div>
   <div class='ocr_carea' id='block_1_25' title="bbox 444 2602 2109 2676">
    <p class='ocr_par' dir='ltr' id='par_1_25' title="bbox 444 2602 2109 2676">
     <span class='ocr_line' id='line_1_25' title="bbox 444 2602 2109 2676; baseline -0.002 -19"><span class='ocrx_word' id='word_1_165' title='bbox 444 2619 579 2658; x_wconf 92' lang='lat' dir='ltr'>cum</span> <span class='ocrx_word' id='word_1_166' title='bbox 628 2620 738 2659; x_wconf 91' lang='lat' dir='ltr'>suo</span> <span class='ocrx_word' id='word_1_167' title='bbox 789 2604 1085 2676; x_wconf 89' lang='lat' dir='ltr'>armigero</span> <span class='ocrx_word' id='word_1_168' title='bbox 1133 2605 1418 2672; x_wconf 89' lang='lat' dir='ltr'>tenderet,</span> <span class='ocrx_word' id='word_1_169' title='bbox 1472 2620 1609 2658; x_wconf 84' lang='lat' dir='ltr'>mox</span> <span class='ocrx_word' id='word_1_170' title='bbox 1646 2604 1843 2657; x_wconf 90' lang='lat' dir='ltr'>divina</span> <span class='ocrx_word' id='word_1_171' title='bbox 1889 2602 2109 2655; x_wconf 89' lang='lat' dir='ltr'>ultione</span> 
     </span>
    </p>
   </div>
   <div class='ocr_carea' id='block_1_26' title="bbox 442 2690 2110 2762">
    <p class='ocr_par' dir='ltr' id='par_1_26' title="bbox 442 2690 2110 2762">
     <span class='ocr_line' id='line_1_26' title="bbox 442 2690 2110 2762; baseline -0.001 -17"><span class='ocrx_word' id='word_1_172' title='bbox 442 2707 773 2761; x_wconf 87' lang='lat' dir='ltr'>percussus</span> <span class='ocrx_word' id='word_1_173' title='bbox 805 2693 877 2746; x_wconf 91' lang='lat' dir='ltr'>de</span> <span class='ocrx_word' id='word_1_174' title='bbox 925 2693 1149 2747; x_wconf 88' lang='lat' dir='ltr'>caballo</span> <span class='ocrx_word' id='word_1_175' title='bbox 1199 2708 1510 2762; x_wconf 88' lang='lat' dir='ltr'>corruens,</span> <span class='ocrx_word' id='word_1_176' title='bbox 1558 2692 1772 2746; x_wconf 91' lang='lat' dir='ltr'>collum</span> <span class='ocrx_word' id='word_1_177' title='bbox 1816 2690 2110 2760; x_wconf 87' lang='lat' dir='ltr'>siquidem</span> 
     </span>
    </p>
   </div>
   <div class='ocr_carea' id='block_1_27' title="bbox 446 2779 2105 2850">
    <p class='ocr_par' dir='ltr' id='par_1_27' title="bbox 446 2779 2105 2850">
     <span class='ocr_line' id='line_1_27' title="bbox 446 2779 2105 2850; baseline -0.001 -17"><span class='ocrx_word' id='word_1_178' title='bbox 446 2780 670 2834; x_wconf 89' lang='lat' dir='ltr'>fractus</span> <span class='ocrx_word' id='word_1_179' title='bbox 722 2781 993 2850; x_wconf 88' lang='lat' dir='ltr'>spiritum</span> <span class='ocrx_word' id='word_1_180' title='bbox 1041 2782 1328 2846; x_wconf 84' lang='lat' dir='ltr'>exalavit;</span> <span class='ocrx_word' id='word_1_181' title='bbox 1382 2782 1441 2835; x_wconf 93' lang='lat' dir='ltr'>in</span> <span class='ocrx_word' id='word_1_182' title='bbox 1488 2782 1636 2835; x_wconf 89' lang='lat' dir='ltr'>atrio</span> <span class='ocrx_word' id='word_1_183' title='bbox 1687 2779 1834 2849; x_wconf 81' lang='grc'>(353)</span> <span class='ocrx_word' id='word_1_184' title='bbox 1882 2784 2105 2847; x_wconf 87' lang='lat' dir='ltr'>tamen,</span> 
     </span>
    </p>
   </div>
   <div class='ocr_carea' id='block_1_28' title="bbox 445 2866 2108 2941">
    <p class='ocr_par' dir='ltr' id='par_1_28' title="bbox 445 2866 2108 2941">
     <span class='ocr_line' id='line_1_28' title="bbox 445 2866 2108 2941; baseline -0.001 -19"><span class='ocrx_word' id='word_1_185' title='bbox 445 2870 582 2939; x_wconf 87' lang='lat' dir='ltr'>quia</span> <span class='ocrx_word' id='word_1_186' title='bbox 613 2870 805 2941; x_wconf 88' lang='lat' dir='ltr'>major</span> <span class='ocrx_word' id='word_1_187' title='bbox 842 2870 992 2940; x_wconf 72' lang='lat'>(354)</span> <span class='ocrx_word' id='word_1_188' title='bbox 1021 2874 1147 2925; x_wconf 90' lang='lat' dir='ltr'>erat</span> <span class='ocrx_word' id='word_1_189' title='bbox 1196 2871 1446 2940; x_wconf 88' lang='lat' dir='ltr'>villulae,</span> <span class='ocrx_word' id='word_1_190' title='bbox 1498 2870 1891 2924; x_wconf 90' lang='lat' dir='ltr'>subterratus.</span> <span class='ocrx_word' id='word_1_191' title='bbox 1941 2866 2108 2932; x_wconf 89' lang='lat' dir='ltr'>Quod</span> 
     </span>
    </p>
   </div>
   <div class='ocr_carea' id='block_1_29' title="bbox 444 2957 2110 3029">
    <p class='ocr_par' dir='ltr' id='par_1_29' title="bbox 444 2957 2110 3029">
     <span class='ocr_line' id='line_1_29' title="bbox 444 2957 2110 3029; baseline -0.001 -16"><span class='ocrx_word' id='word_1_192' title='bbox 444 2961 728 3029; x_wconf 89' lang='lat' dir='ltr'>quantum</span> <span class='ocrx_word' id='word_1_193' title='bbox 757 2958 927 3013; x_wconf 81' lang='lat' dir='ltr'>nefas</span> <span class='ocrx_word' id='word_1_194' title='bbox 958 2960 1154 3028; x_wconf 86' lang='lat' dir='ltr'>fuerit,</span> <span class='ocrx_word' id='word_1_195' title='bbox 1189 2960 1385 3013; x_wconf 89' lang='lat' dir='ltr'>divina</span> <span class='ocrx_word' id='word_1_196' title='bbox 1416 2959 1725 3014; x_wconf 87' lang='lat' dir='ltr'>clementia</span> <span class='ocrx_word' id='word_1_197' title='bbox 1766 2974 1883 3012; x_wconf 90' lang='lat' dir='ltr'>non</span> <span class='ocrx_word' id='word_1_198' title='bbox 1929 2957 2110 3011; x_wconf 90' lang='lat' dir='ltr'>multo</span> 
     </span>
    </p>
   </div>
   <div class='ocr_carea' id='block_1_30' title="bbox 1335 352 2985 422">
    <p class='ocr_par' dir='ltr' id='par_1_30' title="bbox 1335 352 2985 422">
     <span class='ocr_line' id='line_1_30' title="bbox 1335 352 2985 422; baseline 0.005 -9"><span class='ocrx_word' id='word_1_199' title='bbox 1335 352 1607 415; x_wconf 86' lang='lat' dir='ltr'>GESTA</span> <span class='ocrx_word' id='word_1_200' title='bbox 1652 353 2174 418; x_wconf 86' lang='lat' dir='ltr'>PONTIFICUM</span> <span class='ocrx_word' id='word_1_201' title='bbox 2222 352 2985 422; x_wconf 87' lang='lat' dir='ltr'>CAMERACENSIUM.</span> 
     </span>
    </p>
   </div>
   <div class='ocr_carea' id='block_1_31' title="bbox 3769 357 3877 423">
    <p class='ocr_par' dir='ltr' id='par_1_31' title="bbox 3769 357 3877 423">
     <span class='ocr_line' id='line_1_31' title="bbox 3769 357 3877 423; baseline -0.009 0"><span class='ocrx_word' id='word_1_202' title='bbox 3769 357 3877 423; x_wconf 86' lang='lat'>156</span> 
     </span>
    </p>
   </div>
   <div class='ocr_carea' id='block_1_32' title="bbox 2292 556 3874 629">
    <p class='ocr_par' dir='ltr' id='par_1_32' title="bbox 2292 556 3874 629">
     <span class='ocr_line' id='line_1_32' title="bbox 2292 556 3874 629; baseline 0.005 -20"><span class='ocrx_word' id='word_1_203' title='bbox 2292 556 2379 610; x_wconf 74' lang='lat'>23.</span> <span class='ocrx_word' id='word_1_204' title='bbox 2412 556 2555 612; x_wconf 87' lang='lat' dir='ltr'>Item</span> <span class='ocrx_word' id='word_1_205' title='bbox 2584 575 2759 629; x_wconf 89' lang='lat' dir='ltr'>quam</span> <span class='ocrx_word' id='word_1_206' title='bbox 2789 560 3103 615; x_wconf 83' lang='lat' dir='ltr'>mirificum</span> <span class='ocrx_word' id='word_1_207' title='bbox 3127 562 3240 617; x_wconf 88' lang='lat' dir='ltr'>sub</span> <span class='ocrx_word' id='word_1_208' title='bbox 3264 563 3382 617; x_wconf 87' lang='lat' dir='ltr'>illis</span> <span class='ocrx_word' id='word_1_209' title='bbox 3406 562 3617 618; x_wconf 91' lang='lat' dir='ltr'>diebus</span> <span class='ocrx_word' id='word_1_210' title='bbox 3644 564 3874 619; x_wconf 83' lang='lat' dir='ltr'>Alberto</span> 
     </span>
    </p>
   </div>
   <div class='ocr_carea' id='block_1_33' title="bbox 2224 645 3872 723">
    <p class='ocr_par' dir='ltr' id='par_1_33' title="bbox 2224 645 3872 723">
     <span class='ocr_line' id='line_1_33' title="bbox 2224 645 3872 723; baseline 0.005 -25"><span class='ocrx_word' id='word_1_211' title='bbox 2224 645 2651 701; x_wconf 83' lang='lat' dir='ltr'>Vermandensi</span> <span class='ocrx_word' id='word_1_212' title='bbox 2685 650 2902 718; x_wconf 89' lang='lat' dir='ltr'>comiti,</span> <span class='ocrx_word' id='word_1_213' title='bbox 2959 650 3124 704; x_wconf 86' lang='lat' dir='ltr'>fratri</span> <span class='ocrx_word' id='word_1_214' title='bbox 3174 652 3451 706; x_wconf 89' lang='lat' dir='ltr'>videlicet</span> <span class='ocrx_word' id='word_1_215' title='bbox 3493 652 3742 720; x_wconf 90' lang='lat' dir='ltr'>Ottonis,</span> <span class='ocrx_word' id='word_1_216' title='bbox 3780 653 3872 723; x_wconf 88' lang='lat' dir='ltr'>qui</span> 
     </span>
    </p>
   </div>
   <div class='ocr_carea' id='block_1_34' title="bbox 2224 736 3872 810">
    <p class='ocr_par' dir='ltr' id='par_1_34' title="bbox 2224 736 3872 810">
     <span class='ocr_line' id='line_1_34' title="bbox 2224 736 3872 810; baseline 0.004 -22"><span class='ocrx_word' id='word_1_217' title='bbox 2224 751 2378 789; x_wconf 90' lang='lat' dir='ltr'>nunc</span> <span class='ocrx_word' id='word_1_218' title='bbox 2401 739 2493 789; x_wconf 91' lang='lat' dir='ltr'>est</span> <span class='ocrx_word' id='word_1_219' title='bbox 2522 736 2690 805; x_wconf 75' lang='grc'>(355),</span> <span class='ocrx_word' id='word_1_220' title='bbox 2724 738 2970 807; x_wconf 86' lang='lat' dir='ltr'>dignum</span> <span class='ocrx_word' id='word_1_221' title='bbox 3002 740 3241 810; x_wconf 89' lang='lat' dir='ltr'>quidem</span> <span class='ocrx_word' id='word_1_222' title='bbox 3272 746 3761 810; x_wconf 84' lang='lat' dir='ltr'>recompensante</span> <span class='ocrx_word' id='word_1_223' title='bbox 3788 741 3872 794; x_wconf 89' lang='lat' dir='ltr'>di-</span> 
     </span>
    </p>
   </div>
   <div class='ocr_carea' id='block_1_35' title="bbox 2226 825 3877 900">
    <p class='ocr_par' dir='ltr' id='par_1_35' title="bbox 2226 825 3877 900">
     <span class='ocr_line' id='line_1_35' title="bbox 2226 825 3877 900; baseline 0.004 -23"><span class='ocrx_word' id='word_1_224' title='bbox 2226 825 2360 877; x_wconf 84' lang='lat' dir='ltr'>vina</span> <span class='ocrx_word' id='word_1_225' title='bbox 2384 825 2713 894; x_wconf 89' lang='lat' dir='ltr'>clementia,</span> <span class='ocrx_word' id='word_1_226' title='bbox 2729 827 3044 895; x_wconf 90' lang='lat' dir='ltr'>accidisse,</span> <span class='ocrx_word' id='word_1_227' title='bbox 3064 830 3278 883; x_wconf 91' lang='lat' dir='ltr'>domno</span> <span class='ocrx_word' id='word_1_228' title='bbox 3302 830 3583 900; x_wconf 89' lang='lat' dir='ltr'>episcopo</span> <span class='ocrx_word' id='word_1_229' title='bbox 3614 834 3877 884; x_wconf 85' lang='lat' dir='ltr'>narrante</span> 
     </span>
    </p>
   </div>
   <div class='ocr_carea' id='block_1_36' title="bbox 2226 915 3879 986">
    <p class='ocr_par' dir='ltr' id='par_1_36' title="bbox 2226 915 3879 986">
     <span class='ocr_line' id='line_1_36' title="bbox 2226 915 3879 986; baseline 0.003 -19"><span class='ocrx_word' id='word_1_230' title='bbox 2226 915 2638 983; x_wconf 80' lang='lat' dir='ltr'>cognovimus,</span> <span class='ocrx_word' id='word_1_231' title='bbox 2673 916 2951 970; x_wconf 90' lang='lat' dir='ltr'>nolumus</span> <span class='ocrx_word' id='word_1_232' title='bbox 2982 919 3311 986; x_wconf 86' lang='lat' dir='ltr'>praeterire.</span> <span class='ocrx_word' id='word_1_233' title='bbox 3342 920 3451 972; x_wconf 81' lang='lat' dir='ltr'>Hic</span> <span class='ocrx_word' id='word_1_234' title='bbox 3482 919 3755 972; x_wconf 88' lang='lat' dir='ltr'>nimirum</span> <span class='ocrx_word' id='word_1_235' title='bbox 3788 934 3879 972; x_wconf 88' lang='lat' dir='ltr'>co-</span> 
     </span>
    </p>
   </div>
   <div class='ocr_carea' id='block_1_37' title="bbox 2225 1004 3879 1080">
    <p class='ocr_par' dir='ltr' id='par_1_37' title="bbox 2225 1004 3879 1080">
     <span class='ocr_line' id='line_1_37' title="bbox 2225 1004 3879 1080; baseline 0.004 -25"><span class='ocrx_word' id='word_1_236' title='bbox 2225 1018 2351 1056; x_wconf 91' lang='lat' dir='ltr'>mes</span> <span class='ocrx_word' id='word_1_237' title='bbox 2385 1005 2539 1057; x_wconf 91' lang='lat' dir='ltr'>smni</span> <span class='ocrx_word' id='word_1_238' title='bbox 2562 1004 2800 1059; x_wconf 69' lang='lat' dir='ltr'>malitiae</span> <span class='ocrx_word' id='word_1_239' title='bbox 2819 1006 3075 1075; x_wconf 86' lang='lat' dir='ltr'>deditus,</span> <span class='ocrx_word' id='word_1_240' title='bbox 3093 1008 3353 1061; x_wconf 84' lang='lat' dir='ltr'>ofﬁcium</span> <span class='ocrx_word' id='word_1_241' title='bbox 3379 1008 3598 1080; x_wconf 81' lang='lat' dir='ltr'>linguae</span> <span class='ocrx_word' id='word_1_242' title='bbox 3622 1009 3682 1062; x_wconf 93' lang='lat' dir='ltr'>in</span> <span class='ocrx_word' id='word_1_243' title='bbox 3699 1008 3879 1062; x_wconf 84' lang='lat' dir='ltr'>detra-</span> 
     </span>
    </p>
   </div>
   <div class='ocr_carea' id='block_1_38' title="bbox 2226 1092 3881 1164">
    <p class='ocr_par' dir='ltr' id='par_1_38' title="bbox 2226 1092 3881 1164">
     <span class='ocr_line' id='line_1_38' title="bbox 2226 1092 3881 1164; baseline 0.002 -19"><span class='ocrx_word' id='word_1_244' title='bbox 2226 1092 2438 1162; x_wconf 81' lang='lat' dir='ltr'>ctione,</span> <span class='ocrx_word' id='word_1_245' title='bbox 2473 1093 2529 1145; x_wconf 89' lang='lat' dir='ltr'>in</span> <span class='ocrx_word' id='word_1_246' title='bbox 2561 1094 2866 1163; x_wconf 90' lang='lat' dir='ltr'>perjuriis,</span> <span class='ocrx_word' id='word_1_247' title='bbox 2900 1095 2957 1147; x_wconf 91' lang='lat' dir='ltr'>in</span> <span class='ocrx_word' id='word_1_248' title='bbox 2990 1097 3370 1164; x_wconf 88' lang='lat' dir='ltr'>scurrilitate,</span> <span class='ocrx_word' id='word_1_249' title='bbox 3407 1097 3512 1151; x_wconf 87' lang='lat' dir='ltr'>sed</span> <span class='ocrx_word' id='word_1_250' title='bbox 3547 1101 3601 1151; x_wconf 90' lang='lat' dir='ltr'>et</span> <span class='ocrx_word' id='word_1_251' title='bbox 3643 1098 3701 1149; x_wconf 92' lang='lat' dir='ltr'>in</span> <span class='ocrx_word' id='word_1_252' title='bbox 3734 1097 3881 1150; x_wconf 89' lang='lat' dir='ltr'>omni</span> 
     </span>
    </p>
   </div>
   <div class='ocr_carea' id='block_1_39' title="bbox 2224 1183 3875 1253">
    <p class='ocr_par' dir='ltr' id='par_1_39' title="bbox 2224 1183 3875 1253">
     <span class='ocr_line' id='line_1_39' title="bbox 2224 1183 3875 1253; baseline 0.004 -20"><span class='ocrx_word' id='word_1_253' title='bbox 2224 1195 2442 1251; x_wconf 81' lang='lat' dir='ltr'>genere</span> <span class='ocrx_word' id='word_1_254' title='bbox 2474 1183 2777 1250; x_wconf 84' lang='lat' dir='ltr'>pravitatis</span> <span class='ocrx_word' id='word_1_255' title='bbox 2811 1185 3096 1238; x_wconf 83' lang='lat' dir='ltr'>exercuit.</span> <span class='ocrx_word' id='word_1_256' title='bbox 3131 1184 3299 1249; x_wconf 92' lang='lat' dir='ltr'>Quod</span> <span class='ocrx_word' id='word_1_257' title='bbox 3332 1201 3463 1239; x_wconf 92' lang='lat' dir='ltr'>cum</span> <span class='ocrx_word' id='word_1_258' title='bbox 3493 1186 3590 1239; x_wconf 90' lang='lat' dir='ltr'>diu</span> <span class='ocrx_word' id='word_1_259' title='bbox 3615 1185 3875 1253; x_wconf 86' lang='lat' dir='ltr'>fecisset,</span> 
     </span>
    </p>
   </div>
   <div class='ocr_carea' id='block_1_40' title="bbox 2218 1270 3880 1344">
    <p class='ocr_par' dir='ltr' id='par_1_40' title="bbox 2218 1270 3880 1344">
     <span class='ocr_line' id='line_1_40' title="bbox 2218 1270 3880 1344; baseline 0.002 -22"><span class='ocrx_word' id='word_1_260' title='bbox 2218 1270 2383 1339; x_wconf 88' lang='lat' dir='ltr'>justo</span> <span class='ocrx_word' id='word_1_261' title='bbox 2414 1270 2519 1324; x_wconf 93' lang='lat' dir='ltr'>Dei</span> <span class='ocrx_word' id='word_1_262' title='bbox 2545 1270 2770 1341; x_wconf 88' lang='lat' dir='ltr'>judicio</span> <span class='ocrx_word' id='word_1_263' title='bbox 2793 1272 3024 1326; x_wconf 90' lang='lat' dir='ltr'>tandem</span> <span class='ocrx_word' id='word_1_264' title='bbox 3057 1274 3228 1344; x_wconf 83' lang='lat' dir='ltr'>gravi</span> <span class='ocrx_word' id='word_1_265' title='bbox 3258 1276 3315 1327; x_wconf 91' lang='lat' dir='ltr'>et</span> <span class='ocrx_word' id='word_1_266' title='bbox 3359 1274 3714 1328; x_wconf 89' lang='lat' dir='ltr'>intolerabili</span> <span class='ocrx_word' id='word_1_267' title='bbox 3757 1274 3880 1328; x_wconf 89' lang='lat' dir='ltr'>lan-</span> 
     </span>
    </p>
   </div>
   <div class='ocr_carea' id='block_1_41' title="bbox 2223 1362 3877 1430">
    <p class='ocr_par' dir='ltr' id='par_1_41' title="bbox 2223 1362 3877 1430">
     <span class='ocr_line' id='line_1_41' title="bbox 2223 1362 3877 1430; baseline 0.004 -19"><span class='ocrx_word' id='word_1_268' title='bbox 2223 1374 2407 1428; x_wconf 88' lang='lat' dir='ltr'>guore</span> <span class='ocrx_word' id='word_1_269' title='bbox 2438 1374 2787 1429; x_wconf 89' lang='lat' dir='ltr'>percussus,</span> <span class='ocrx_word' id='word_1_270' title='bbox 2817 1376 3024 1430; x_wconf 88' lang='lat' dir='ltr'>poenas</span> <span class='ocrx_word' id='word_1_271' title='bbox 3056 1362 3179 1430; x_wconf 90' lang='lat' dir='ltr'>luit,</span> <span class='ocrx_word' id='word_1_272' title='bbox 3214 1366 3270 1416; x_wconf 93' lang='lat' dir='ltr'>et</span> <span class='ocrx_word' id='word_1_273' title='bbox 3298 1377 3373 1415; x_wconf 81' lang='lat' dir='ltr'>ex</span> <span class='ocrx_word' id='word_1_274' title='bbox 3402 1363 3877 1417; x_wconf 88' lang='lat' dir='ltr'>consideratione</span> 
     </span>
    </p>
   </div>
   <div class='ocr_carea' id='block_1_42' title="bbox 2224 1448 3885 1521">
    <p class='ocr_par' dir='ltr' id='par_1_42' title="bbox 2224 1448 3885 1521">
     <span class='ocr_line' id='line_1_42' title="bbox 2224 1448 3885 1521; baseline 0.003 -21"><span class='ocrx_word' id='word_1_275' title='bbox 2224 1464 2467 1501; x_wconf 87' lang='lat' dir='ltr'>suorum</span> <span class='ocrx_word' id='word_1_276' title='bbox 2500 1448 2796 1503; x_wconf 88' lang='lat' dir='ltr'>scelerum</span> <span class='ocrx_word' id='word_1_277' title='bbox 2828 1451 3197 1520; x_wconf 88' lang='lat' dir='ltr'>perterritus,</span> <span class='ocrx_word' id='word_1_278' title='bbox 3222 1481 3291 1490; x_wconf 92' lang='lat'>-</span> <span class='ocrx_word' id='word_1_279' title='bbox 3313 1452 3407 1520; x_wconf 90' lang='lat' dir='ltr'>pie</span> <span class='ocrx_word' id='word_1_280' title='bbox 3442 1451 3738 1521; x_wconf 89' lang='lat' dir='ltr'>siquidem</span> <span class='ocrx_word' id='word_1_281' title='bbox 3770 1467 3885 1505; x_wconf 90' lang='lat' dir='ltr'>mo-</span> 
     </span>
    </p>
   </div>
   <div class='ocr_carea' id='block_1_43' title="bbox 2223 1537 3886 1609">
    <p class='ocr_par' dir='ltr' id='par_1_43' title="bbox 2223 1537 3886 1609">
     <span class='ocr_line' id='line_1_43' title="bbox 2223 1537 3886 1609; baseline 0.002 -18"><span class='ocrx_word' id='word_1_282' title='bbox 2223 1540 2397 1591; x_wconf 89' lang='lat' dir='ltr'>nente</span> <span class='ocrx_word' id='word_1_283' title='bbox 2429 1537 2715 1591; x_wconf 85' lang='lat' dir='ltr'>monacho</span> <span class='ocrx_word' id='word_1_284' title='bbox 2750 1538 3089 1607; x_wconf 89' lang='lat' dir='ltr'>Walerano,</span> <span class='ocrx_word' id='word_1_285' title='bbox 3124 1539 3220 1609; x_wconf 92' lang='lat' dir='ltr'>qui</span> <span class='ocrx_word' id='word_1_286' title='bbox 3251 1542 3390 1593; x_wconf 88' lang='lat' dir='ltr'>tunc</span> <span class='ocrx_word' id='word_1_287' title='bbox 3425 1541 3537 1593; x_wconf 89' lang='lat' dir='ltr'>sub</span> <span class='ocrx_word' id='word_1_288' title='bbox 3586 1540 3886 1594; x_wconf 82' lang='lat' dir='ltr'>Richardo</span> 
     </span>
    </p>
   </div>
   <div class='ocr_carea' id='block_1_44' title="bbox 2225 1625 3890 1699">
    <p class='ocr_par' dir='ltr' id='par_1_44' title="bbox 2225 1625 3890 1699">
     <span class='ocr_line' id='line_1_44' title="bbox 2225 1625 3890 1699; baseline 0.002 -21"><span class='ocrx_word' id='word_1_289' title='bbox 2225 1625 2435 1678; x_wconf 86' lang='lat' dir='ltr'>abbate</span> <span class='ocrx_word' id='word_1_290' title='bbox 2464 1627 2805 1680; x_wconf 89' lang='lat' dir='ltr'>monasterii</span> <span class='ocrx_word' id='word_1_291' title='bbox 2837 1632 3061 1681; x_wconf 64' lang='lat' dir='ltr'>sancta</span> <span class='ocrx_word' id='word_1_292' title='bbox 3086 1627 3479 1699; x_wconf 83' lang='lat' dir='ltr'>Hunegundis</span> <span class='ocrx_word' id='word_1_293' title='bbox 3503 1627 3654 1697; x_wconf 85' lang='lat'>(356)</span> <span class='ocrx_word' id='word_1_294' title='bbox 3682 1644 3890 1698; x_wconf 82' lang='lat' dir='ltr'>prepo—</span> 
     </span>
    </p>
   </div>
   <div class='ocr_carea' id='block_1_45' title="bbox 2228 1715 3883 1788">
    <p class='ocr_par' dir='ltr' id='par_1_45' title="bbox 2228 1715 3883 1788">
     <span class='ocr_line' id='line_1_45' title="bbox 2228 1715 3883 1788; baseline 0.002 -22"><span class='ocrx_word' id='word_1_295' title='bbox 2228 1715 2380 1767; x_wconf 90' lang='lat' dir='ltr'>situs</span> <span class='ocrx_word' id='word_1_296' title='bbox 2413 1718 2724 1783; x_wconf 88' lang='lat' dir='ltr'>erat,nunc</span> <span class='ocrx_word' id='word_1_297' title='bbox 2761 1718 2975 1784; x_wconf 88' lang='lat' dir='ltr'>autem,</span> <span class='ocrx_word' id='word_1_298' title='bbox 3001 1716 3119 1770; x_wconf 93' lang='lat' dir='ltr'>Deo</span> <span class='ocrx_word' id='word_1_299' title='bbox 3141 1718 3384 1788; x_wconf 82' lang='lat' dir='ltr'>gratias,</span> <span class='ocrx_word' id='word_1_300' title='bbox 3404 1717 3545 1771; x_wconf 91' lang='lat' dir='ltr'>boni</span> <span class='ocrx_word' id='word_1_301' title='bbox 3566 1717 3883 1771; x_wconf 90' lang='lat' dir='ltr'>testimonii</span> 
     </span>
    </p>
   </div>
   <div class='ocr_carea' id='block_1_46' title="bbox 2224 1803 3889 1875">
    <p class='ocr_par' dir='ltr' id='par_1_46' title="bbox 2224 1803 3889 1875">
     <span class='ocr_line' id='line_1_46' title="bbox 2224 1803 3889 1875; baseline 0.002 -19"><span class='ocrx_word' id='word_1_302' title='bbox 2224 1803 2719 1857; x_wconf 78' lang='lat' dir='ltr'>abbas—falsam</span> <span class='ocrx_word' id='word_1_303' title='bbox 2750 1805 3153 1873; x_wconf 82' lang='lat' dir='ltr'>paenitentiam</span> <span class='ocrx_word' id='word_1_304' title='bbox 3174 1806 3381 1874; x_wconf 88' lang='lat' dir='ltr'>induit,</span> <span class='ocrx_word' id='word_1_305' title='bbox 3399 1810 3604 1875; x_wconf 89' lang='lat' dir='ltr'>postea</span> <span class='ocrx_word' id='word_1_306' title='bbox 3632 1806 3746 1860; x_wconf 87' lang='lat' dir='ltr'>sub</span> <span class='ocrx_word' id='word_1_307' title='bbox 3771 1822 3889 1860; x_wconf 92' lang='lat' dir='ltr'>mo-</span> 
     </span>
    </p>
   </div>
   <div class='ocr_carea' id='block_1_47' title="bbox 2226 1891 3881 1965">
    <p class='ocr_par' dir='ltr' id='par_1_47' title="bbox 2226 1891 3881 1965">
     <span class='ocr_line' id='line_1_47' title="bbox 2226 1891 3881 1965; baseline 0.002 -20"><span class='ocrx_word' id='word_1_308' title='bbox 2226 1891 2457 1945; x_wconf 89' lang='lat' dir='ltr'>nachali</span> <span class='ocrx_word' id='word_1_309' title='bbox 2478 1893 2679 1947; x_wconf 90' lang='lat' dir='ltr'>babitu</span> <span class='ocrx_word' id='word_1_310' title='bbox 2703 1893 2947 1948; x_wconf 90' lang='lat' dir='ltr'>Domino</span> <span class='ocrx_word' id='word_1_311' title='bbox 2973 1895 3511 1965; x_wconf 80' lang='lat' dir='ltr'>serviturus(circa</span> <span class='ocrx_word' id='word_1_312' title='bbox 3544 1911 3677 1948; x_wconf 86' lang='lat' dir='ltr'>ann.</span> <span class='ocrx_word' id='word_1_313' title='bbox 3700 1893 3881 1962; x_wconf 80' lang='grc'>1016).</span> 
     </span>
    </p>
   </div>
   <div class='ocr_carea' id='block_1_48' title="bbox 2226 1980 3890 2053">
    <p class='ocr_par' dir='ltr' id='par_1_48' title="bbox 2226 1980 3890 2053">
     <span class='ocr_line' id='line_1_48' title="bbox 2226 1980 3890 2053; baseline 0.001 -19"><span class='ocrx_word' id='word_1_314' title='bbox 2226 1980 2425 2035; x_wconf 92' lang='lat' dir='ltr'>Tonso</span> <span class='ocrx_word' id='word_1_315' title='bbox 2457 1982 2638 2053; x_wconf 88' lang='lat' dir='ltr'>igitur</span> <span class='ocrx_word' id='word_1_316' title='bbox 2669 1983 2875 2052; x_wconf 89' lang='lat' dir='ltr'>capite,</span> <span class='ocrx_word' id='word_1_317' title='bbox 2909 1984 3220 2053; x_wconf 91' lang='lat' dir='ltr'>adsumpto</span> <span class='ocrx_word' id='word_1_318' title='bbox 3244 1984 3469 2051; x_wconf 83' lang='lat' dir='ltr'>habitu,</span> <span class='ocrx_word' id='word_1_319' title='bbox 3495 1999 3569 2038; x_wconf 80' lang='lat' dir='ltr'>ex</span> <span class='ocrx_word' id='word_1_320' title='bbox 3599 1983 3697 2037; x_wconf 91' lang='lat' dir='ltr'>illa</span> <span class='ocrx_word' id='word_1_321' title='bbox 3734 1984 3890 2037; x_wconf 84' lang='lat' dir='ltr'>inﬁr-</span> 
     </span>
    </p>
   </div>
   <div class='ocr_carea' id='block_1_49' title="bbox 2226 2070 3886 2143">
    <p class='ocr_par' dir='ltr' id='par_1_49' title="bbox 2226 2070 3886 2143">
     <span class='ocr_line' id='line_1_49' title="bbox 2226 2070 3886 2143; baseline 0.001 -20"><span class='ocrx_word' id='word_1_322' title='bbox 2226 2070 2420 2125; x_wconf 89' lang='lat' dir='ltr'>mitate</span> <span class='ocrx_word' id='word_1_323' title='bbox 2453 2070 2881 2141; x_wconf 84' lang='lat' dir='ltr'>aliquantisper</span> <span class='ocrx_word' id='word_1_324' title='bbox 2925 2071 3257 2141; x_wconf 87' lang='lat' dir='ltr'>convaluit;</span> <span class='ocrx_word' id='word_1_325' title='bbox 3305 2089 3559 2143; x_wconf 80' lang='lat' dir='ltr'>moxque</span> <span class='ocrx_word' id='word_1_326' title='bbox 3606 2073 3886 2127; x_wconf 88' lang='lat' dir='ltr'>instinctu</span> 
     </span>
    </p>
   </div>
   <div class='ocr_carea' id='block_1_50' title="bbox 2226 2160 3883 2232">
    <p class='ocr_par' dir='ltr' id='par_1_50' title="bbox 2226 2160 3883 2232">
     <span class='ocr_line' id='line_1_50' title="bbox 2226 2160 3883 2232; baseline 0.002 -19"><span class='ocrx_word' id='word_1_327' title='bbox 2226 2160 2463 2227; x_wconf 91' lang='lat' dir='ltr'>diaboli,</span> <span class='ocrx_word' id='word_1_328' title='bbox 2496 2161 2591 2213; x_wconf 90' lang='lat' dir='ltr'>cui</span> <span class='ocrx_word' id='word_1_329' title='bbox 2621 2164 2779 2214; x_wconf 92' lang='lat' dir='ltr'>totus</span> <span class='ocrx_word' id='word_1_330' title='bbox 2811 2161 3151 2230; x_wconf 67' lang='lat' dir='ltr'>inhaeserat,</span> <span class='ocrx_word' id='word_1_331' title='bbox 3171 2161 3447 2232; x_wconf 85' lang='lat' dir='ltr'>relapsus</span> <span class='ocrx_word' id='word_1_332' title='bbox 3477 2162 3548 2215; x_wconf 91' lang='lat' dir='ltr'>ad</span> <span class='ocrx_word' id='word_1_333' title='bbox 3581 2162 3883 2231; x_wconf 87' lang='lat' dir='ltr'>vomitum,</span> 
     </span>
    </p>
   </div>
   <div class='ocr_carea' id='block_1_51' title="bbox 2228 2247 3889 2320">
    <p class='ocr_par' dir='ltr' id='par_1_51' title="bbox 2228 2247 3889 2320">
     <span class='ocr_line' id='line_1_51' title="bbox 2228 2247 3889 2320; baseline 0.002 -20"><span class='ocrx_word' id='word_1_334' title='bbox 2228 2247 2478 2302; x_wconf 91' lang='lat' dir='ltr'>consilio</span> <span class='ocrx_word' id='word_1_335' title='bbox 2509 2248 2716 2303; x_wconf 89' lang='lat' dir='ltr'>matris</span> <span class='ocrx_word' id='word_1_336' title='bbox 2748 2248 3116 2320; x_wconf 89' lang='lat' dir='ltr'>aliorumque</span> <span class='ocrx_word' id='word_1_337' title='bbox 3148 2250 3463 2320; x_wconf 85' lang='lat' dir='ltr'>fautorum,</span> <span class='ocrx_word' id='word_1_338' title='bbox 3489 2250 3587 2320; x_wconf 91' lang='lat' dir='ltr'>qui</span> <span class='ocrx_word' id='word_1_339' title='bbox 3611 2250 3723 2305; x_wconf 90' lang='lat' dir='ltr'>hoc</span> <span class='ocrx_word' id='word_1_340' title='bbox 3755 2266 3889 2305; x_wconf 88' lang='lat' dir='ltr'>eum</span> 
     </span>
    </p>
   </div>
   <div class='ocr_carea' id='block_1_52' title="bbox 2224 2337 3889 2407">
    <p class='ocr_par' dir='ltr' id='par_1_52' title="bbox 2224 2337 3889 2407">
     <span class='ocr_line' id='line_1_52' title="bbox 2224 2337 3889 2407; baseline 0.001 -16"><span class='ocrx_word' id='word_1_341' title='bbox 2224 2353 2331 2407; x_wconf 91' lang='lat' dir='ltr'>per</span> <span class='ocrx_word' id='word_1_342' title='bbox 2361 2338 2651 2391; x_wconf 89' lang='lat' dir='ltr'>insaniam</span> <span class='ocrx_word' id='word_1_343' title='bbox 2685 2337 2905 2393; x_wconf 84' lang='lat' dir='ltr'>fecisse</span> <span class='ocrx_word' id='word_1_344' title='bbox 2935 2338 3227 2406; x_wconf 86' lang='lat' dir='ltr'>dicebant,</span> <span class='ocrx_word' id='word_1_345' title='bbox 3251 2340 3487 2393; x_wconf 85' lang='lat' dir='ltr'>militari</span> <span class='ocrx_word' id='word_1_346' title='bbox 3506 2339 3755 2394; x_wconf 88' lang='lat' dir='ltr'>elamide</span> <span class='ocrx_word' id='word_1_347' title='bbox 3778 2340 3889 2393; x_wconf 87' lang='lat' dir='ltr'>ite-</span> 
     </span>
    </p>
   </div>
   <div class='ocr_carea' id='block_1_53' title="bbox 2226 2427 3886 2495">
    <p class='ocr_par' dir='ltr' id='par_1_53' title="bbox 2226 2427 3886 2495">
     <span class='ocr_line' id='line_1_53' title="bbox 2226 2427 3886 2495; baseline 0.001 -16"><span class='ocrx_word' id='word_1_348' title='bbox 2226 2441 2357 2480; x_wconf 88' lang='lat' dir='ltr'>rum</span> <span class='ocrx_word' id='word_1_349' title='bbox 2379 2429 2612 2495; x_wconf 90' lang='lat' dir='ltr'>sumpta</span> <span class='ocrx_word' id='word_1_350' title='bbox 2646 2427 2890 2481; x_wconf 88' lang='lat' dir='ltr'>mutavit</span> <span class='ocrx_word' id='word_1_351' title='bbox 2919 2427 3232 2482; x_wconf 88' lang='lat' dir='ltr'>cucullam.</span> <span class='ocrx_word' id='word_1_352' title='bbox 3263 2428 3466 2482; x_wconf 87' lang='lat' dir='ltr'>Statim</span> <span class='ocrx_word' id='word_1_353' title='bbox 3498 2444 3643 2483; x_wconf 91' lang='lat' dir='ltr'>vero</span> <span class='ocrx_word' id='word_1_354' title='bbox 3675 2429 3886 2482; x_wconf 89' lang='lat' dir='ltr'>iterum</span> 
     </span>
    </p>
   </div>
   <div class='ocr_carea' id='block_1_54' title="bbox 2224 2514 3888 2589">
    <p class='ocr_par' dir='ltr' id='par_1_54' title="bbox 2224 2514 3888 2589">
     <span class='ocr_line' id='line_1_54' title="bbox 2224 2514 3888 2589; baseline 0.002 -22"><span class='ocrx_word' id='word_1_355' title='bbox 2224 2514 2550 2569; x_wconf 91' lang='lat' dir='ltr'>inevitabili</span> <span class='ocrx_word' id='word_1_356' title='bbox 2581 2516 2785 2570; x_wconf 90' lang='lat' dir='ltr'>morbo</span> <span class='ocrx_word' id='word_1_357' title='bbox 2837 2517 3175 2586; x_wconf 89' lang='lat' dir='ltr'>corripitur,</span> <span class='ocrx_word' id='word_1_358' title='bbox 3223 2521 3279 2571; x_wconf 88' lang='lat' dir='ltr'>et</span> <span class='ocrx_word' id='word_1_359' title='bbox 3309 2520 3385 2578; x_wconf 78' lang='lat' dir='ltr'>,ut</span> <span class='ocrx_word' id='word_1_360' title='bbox 3433 2518 3610 2589; x_wconf 90' lang='lat' dir='ltr'>digna</span> <span class='ocrx_word' id='word_1_361' title='bbox 3654 2517 3888 2571; x_wconf 88' lang='lat' dir='ltr'>meritis</span> 
     </span>
    </p>
   </div>
   <div class='ocr_carea' id='block_1_55' title="bbox 2226 2604 3891 2676">
    <p class='ocr_par' dir='ltr' id='par_1_55' title="bbox 2226 2604 3891 2676">
     <span class='ocr_line' id='line_1_55' title="bbox 2226 2604 3891 2676; baseline 0.002 -21"><span class='ocrx_word' id='word_1_362' title='bbox 2226 2604 2356 2656; x_wconf 91' lang='lat' dir='ltr'>suis</span> <span class='ocrx_word' id='word_1_363' title='bbox 2384 2606 2856 2672; x_wconf 89' lang='lat' dir='ltr'>recompensatio</span> <span class='ocrx_word' id='word_1_364' title='bbox 2879 2606 3154 2660; x_wconf 90' lang='lat' dir='ltr'>omnibus</span> <span class='ocrx_word' id='word_1_365' title='bbox 3178 2604 3504 2676; x_wconf 83' lang='lat' dir='ltr'>appareret,</span> <span class='ocrx_word' id='word_1_366' title='bbox 3532 2606 3732 2675; x_wconf 83' lang='lat' dir='ltr'>lingua</span> <span class='ocrx_word' id='word_1_367' title='bbox 3756 2606 3891 2676; x_wconf 89' lang='lat' dir='ltr'>ejus</span> 
     </span>
    </p>
   </div>
   <div class='ocr_carea' id='block_1_56' title="bbox 2225 2692 3891 2763">
    <p class='ocr_par' dir='ltr' id='par_1_56' title="bbox 2225 2692 3891 2763">
     <span class='ocr_line' id='line_1_56' title="bbox 2225 2692 3891 2763; baseline 0.001 -18"><span class='ocrx_word' id='word_1_368' title='bbox 2225 2692 2423 2746; x_wconf 90' lang='lat' dir='ltr'>divino</span> <span class='ocrx_word' id='word_1_369' title='bbox 2455 2693 2592 2763; x_wconf 85' lang='lat' dir='ltr'>igne</span> <span class='ocrx_word' id='word_1_370' title='bbox 2622 2694 2905 2747; x_wconf 89' lang='lat' dir='ltr'>succendi</span> <span class='ocrx_word' id='word_1_371' title='bbox 2937 2699 3167 2762; x_wconf 89' lang='lat' dir='ltr'>reperta</span> <span class='ocrx_word' id='word_1_372' title='bbox 3192 2694 3424 2749; x_wconf 90' lang='lat' dir='ltr'>est.Cui</span> <span class='ocrx_word' id='word_1_373' title='bbox 3448 2710 3581 2749; x_wconf 91' lang='lat' dir='ltr'>cum</span> <span class='ocrx_word' id='word_1_374' title='bbox 3613 2695 3757 2748; x_wconf 88' lang='lat' dir='ltr'>hora</span> <span class='ocrx_word' id='word_1_375' title='bbox 3780 2710 3891 2747; x_wconf 77' lang='lat' dir='ltr'>ex-</span> 
     </span>
    </p>
   </div>
   <div class='ocr_carea' id='block_1_57' title="bbox 2226 2781 3893 2853">
    <p class='ocr_par' dir='ltr' id='par_1_57' title="bbox 2226 2781 3893 2853">
     <span class='ocr_line' id='line_1_57' title="bbox 2226 2781 3893 2853; baseline 0.002 -20"><span class='ocrx_word' id='word_1_376' title='bbox 2226 2781 2367 2835; x_wconf 91' lang='lat' dir='ltr'>itum</span> <span class='ocrx_word' id='word_1_377' title='bbox 2383 2784 2757 2851; x_wconf 86' lang='lat' dir='ltr'>maturasset,</span> <span class='ocrx_word' id='word_1_378' title='bbox 2774 2783 2934 2836; x_wconf 90' lang='lat' dir='ltr'>stulti</span> <span class='ocrx_word' id='word_1_379' title='bbox 2954 2784 3223 2836; x_wconf 91' lang='lat' dir='ltr'>canonici</span> <span class='ocrx_word' id='word_1_380' title='bbox 3238 2799 3458 2853; x_wconf 88' lang='lat' dir='ltr'>corpus</span> <span class='ocrx_word' id='word_1_381' title='bbox 3480 2783 3711 2837; x_wconf 90' lang='lat' dir='ltr'>Domini</span> <span class='ocrx_word' id='word_1_382' title='bbox 3731 2783 3893 2836; x_wconf 84' lang='lat' dir='ltr'>detu-</span> 
     </span>
    </p>
   </div>
   <div class='ocr_carea' id='block_1_58' title="bbox 2224 2868 3887 2941">
    <p class='ocr_par' dir='ltr' id='par_1_58' title="bbox 2224 2868 3887 2941">
     <span class='ocr_line' id='line_1_58' title="bbox 2224 2868 3887 2941; baseline 0.003 -20"><span class='ocrx_word' id='word_1_383' title='bbox 2224 2868 2436 2923; x_wconf 90' lang='lat' dir='ltr'>lerunt.</span> <span class='ocrx_word' id='word_1_384' title='bbox 2472 2870 2636 2935; x_wconf 90' lang='lat' dir='ltr'>Quod</span> <span class='ocrx_word' id='word_1_385' title='bbox 2659 2886 2791 2923; x_wconf 90' lang='lat' dir='ltr'>cum</span> <span class='ocrx_word' id='word_1_386' title='bbox 2825 2875 3150 2941; x_wconf 86' lang='lat' dir='ltr'>gustasset,</span> <span class='ocrx_word' id='word_1_387' title='bbox 3186 2888 3321 2927; x_wconf 79' lang='lat' dir='ltr'>mox</span> <span class='ocrx_word' id='word_1_388' title='bbox 3342 2873 3401 2925; x_wconf 87' lang='lat' dir='ltr'>in</span> <span class='ocrx_word' id='word_1_389' title='bbox 3434 2873 3550 2927; x_wconf 90' lang='lat' dir='ltr'>hiis</span> <span class='ocrx_word' id='word_1_390' title='bbox 3576 2872 3780 2927; x_wconf 90' lang='lat' dir='ltr'>verbis</span> <span class='ocrx_word' id='word_1_391' title='bbox 3799 2873 3887 2926; x_wconf 87' lang='lat' dir='ltr'>ul-</span> 
     </span>
    </p>
   </div>
   <div class='ocr_carea' id='block_1_59' title="bbox 2224 2958 3891 3032">
    <p class='ocr_par' dir='ltr' id='par_1_59' title="bbox 2224 2958 3891 3032">
     <span class='ocr_line' id='line_1_59' title="bbox 2224 2958 3891 3032; baseline 0.002 -21"><span class='ocrx_word' id='word_1_392' title='bbox 2224 2958 2477 3012; x_wconf 90' lang='lat' dir='ltr'>tissimis</span> <span class='ocrx_word' id='word_1_393' title='bbox 2510 2959 2780 3029; x_wconf 86' lang='lat' dir='ltr'>spiritum</span> <span class='ocrx_word' id='word_1_394' title='bbox 2813 2960 3105 3014; x_wconf 86' lang='lat' dir='ltr'>exalavit:</span> <span class='ocrx_word' id='word_1_395' title='bbox 3155 2960 3429 3030; x_wconf 83' lang='lat' dir='ltr'>Ferrum,</span> <span class='ocrx_word' id='word_1_396' title='bbox 3483 2962 3689 3031; x_wconf 87' lang='lat' dir='ltr'>inquit,</span> <span class='ocrx_word' id='word_1_397' title='bbox 3740 2961 3891 3032; x_wconf 83' lang='lat' dir='ltr'>quod</span> 
     </span>
    </p>
   </div>
   <div class='ocr_carea' id='block_1_60' title="bbox 444 3022 3894 3119">
    <p class='ocr_par' dir='ltr' id='par_1_60' title="bbox 444 3022 3894 3119">
     <span class='ocr_line' id='line_1_60' title="bbox 444 3022 3894 3119; baseline 0.001 -17"><span class='ocrx_word' id='word_1_398' title='bbox 444 3022 578 3117; x_wconf 75' lang='lat' dir='ltr'>post</span> <span class='ocrx_word' id='word_1_399' title='bbox 607 3048 955 3103; x_wconf 89' lang='lat' dir='ltr'>mirabiliter</span> <span class='ocrx_word' id='word_1_400' title='bbox 984 3022 1284 3103; x_wconf 81' lang='lat' dir='ltr'>indicavit.</span> <span class='ocrx_word' id='word_1_401' title='bbox 1317 3049 1433 3103; x_wconf 89' lang='lat' dir='ltr'>Sed</span> <span class='ocrx_word' id='word_1_402' title='bbox 1472 3063 1583 3103; x_wconf 90' lang='lat' dir='ltr'>nec</span> <span class='ocrx_word' id='word_1_403' title='bbox 1630 3046 2108 3117; x_wconf 88' lang='lat' dir='ltr'>pretereundum,</span> <span class='ocrx_word' id='word_1_404' title='bbox 2147 3022 2199 3086; x_wconf 70' lang='grc' dir='ltr'>ο</span> <span class='ocrx_word' id='word_1_405' title='bbox 2227 3048 2375 3101; x_wconf 80' lang='lat' dir='ltr'>milii</span> <span class='ocrx_word' id='word_1_406' title='bbox 2391 3022 3612 3119; x_wconf 18' lang='lat' dir='ltr'>clericiiﬂdetuleruntmeocciditiQuein</span> <span class='ocrx_word' id='word_1_407' title='bbox 3628 3022 3894 3104; x_wconf 78' lang='lat' dir='ltr'>visitatu-</span> 
     </span>
    </p>
   </div>
   <div class='ocr_carea' id='block_1_61' title="bbox 444 3134 2111 3209">
    <p class='ocr_par' dir='ltr' id='par_1_61' title="bbox 444 3134 2111 3209">
     <span class='ocr_line' id='line_1_61' title="bbox 444 3134 2111 3209; baseline -0.001 -19"><span class='ocrx_word' id='word_1_408' title='bbox 444 3137 602 3208; x_wconf 92' lang='lat' dir='ltr'>quod</span> <span class='ocrx_word' id='word_1_409' title='bbox 630 3138 893 3209; x_wconf 89' lang='lat' dir='ltr'>armiger</span> <span class='ocrx_word' id='word_1_410' title='bbox 923 3140 983 3193; x_wconf 91' lang='lat' dir='ltr'>in</span> <span class='ocrx_word' id='word_1_411' title='bbox 1014 3139 1143 3209; x_wconf 91' lang='lat' dir='ltr'>ipsa</span> <span class='ocrx_word' id='word_1_412' title='bbox 1176 3138 1339 3207; x_wconf 89' lang='lat' dir='ltr'>hora,</span> <span class='ocrx_word' id='word_1_413' title='bbox 1375 3154 1487 3208; x_wconf 91' lang='lat' dir='ltr'>qua</span> <span class='ocrx_word' id='word_1_414' title='bbox 1520 3136 1793 3191; x_wconf 91' lang='lat' dir='ltr'>dominus</span> <span class='ocrx_word' id='word_1_415' title='bbox 1845 3151 1994 3191; x_wconf 89' lang='lat' dir='ltr'>suus</span> <span class='ocrx_word' id='word_1_416' title='bbox 2038 3134 2111 3188; x_wconf 91' lang='lat' dir='ltr'>de</span> 
     </span>
    </p>
   </div>
   <div class='ocr_carea' id='block_1_62' title="bbox 445 3225 2113 3297">
    <p class='ocr_par' dir='ltr' id='par_1_62' title="bbox 445 3225 2113 3297">
     <span class='ocr_line' id='line_1_62' title="bbox 445 3225 2113 3297; baseline -0.002 -16"><span class='ocrx_word' id='word_1_417' title='bbox 445 3225 669 3281; x_wconf 90' lang='lat' dir='ltr'>caballo</span> <span class='ocrx_word' id='word_1_418' title='bbox 703 3227 945 3297; x_wconf 90' lang='lat' dir='ltr'>corruit,</span> <span class='ocrx_word' id='word_1_419' title='bbox 979 3227 1262 3281; x_wconf 88' lang='lat' dir='ltr'>divinitus</span> <span class='ocrx_word' id='word_1_420' title='bbox 1294 3226 1371 3280; x_wconf 89' lang='lat' dir='ltr'>sit</span> <span class='ocrx_word' id='word_1_421' title='bbox 1399 3229 1735 3295; x_wconf 86' lang='lat' dir='ltr'>excecatus,</span> <span class='ocrx_word' id='word_1_422' title='bbox 1769 3226 1876 3280; x_wconf 91' lang='lat' dir='ltr'>sed</span> <span class='ocrx_word' id='word_1_423' title='bbox 1907 3226 2113 3295; x_wconf 87' lang='lat' dir='ltr'>postea</span> 
     </span>
    </p>
   </div>
   <div class='ocr_carea' id='block_1_63' title="bbox 442 3313 2113 3384">
    <p class='ocr_par' dir='ltr' id='par_1_63' title="bbox 442 3313 2113 3384">
     <span class='ocr_line' id='line_1_63' title="bbox 442 3313 2113 3384; baseline -0.004 -13"><span class='ocrx_word' id='word_1_424' title='bbox 442 3317 735 3384; x_wconf 85' lang='lat' dir='ltr'>penitens,</span> <span class='ocrx_word' id='word_1_425' title='bbox 771 3315 878 3369; x_wconf 92' lang='lat' dir='ltr'>Dei</span> <span class='ocrx_word' id='word_1_426' title='bbox 910 3314 1289 3369; x_wconf 91' lang='lat' dir='ltr'>miseratione</span> <span class='ocrx_word' id='word_1_427' title='bbox 1312 3314 1511 3368; x_wconf 90' lang='lat' dir='ltr'>lumen</span> <span class='ocrx_word' id='word_1_428' title='bbox 1529 3314 1770 3383; x_wconf 91' lang='lat' dir='ltr'>recepit.</span> <span class='ocrx_word' id='word_1_429' title='bbox 1787 3313 1952 3367; x_wconf 91' lang='lat' dir='ltr'>Tunc</span> <span class='ocrx_word' id='word_1_430' title='bbox 1973 3316 2113 3366; x_wconf 89' lang='lat' dir='ltr'>tem-</span> 
     </span>
    </p>
   </div>
   <div class='ocr_carea' id='block_1_64' title="bbox 444 3402 2110 3472">
    <p class='ocr_par' dir='ltr' id='par_1_64' title="bbox 444 3402 2110 3472">
     <span class='ocr_line' id='line_1_64' title="bbox 444 3402 2110 3472; baseline -0.002 -15"><span class='ocrx_word' id='word_1_431' title='bbox 444 3405 612 3472; x_wconf 91' lang='lat' dir='ltr'>poris</span> <span class='ocrx_word' id='word_1_432' title='bbox 642 3419 785 3457; x_wconf 90' lang='lat' dir='ltr'>vero</span> <span class='ocrx_word' id='word_1_433' title='bbox 826 3402 1112 3456; x_wconf 89' lang='lat' dir='ltr'>Albaldus</span> <span class='ocrx_word' id='word_1_434' title='bbox 1145 3403 1462 3472; x_wconf 90' lang='lat' dir='ltr'>episcopus</span> <span class='ocrx_word' id='word_1_435' title='bbox 1494 3402 1648 3471; x_wconf 90' lang='lat' dir='ltr'>apud</span> <span class='ocrx_word' id='word_1_436' title='bbox 1695 3402 2110 3470; x_wconf 89' lang='lat' dir='ltr'>imperatorem</span> 
     </span>
    </p>
   </div>
   <div class='ocr_carea' id='block_1_65' title="bbox 449 3488 2111 3544">
    <p class='ocr_par' dir='ltr' id='par_1_65' title="bbox 449 3488 2111 3544">
     <span class='ocr_line' id='line_1_65' title="bbox 449 3488 2111 3544; baseline -0.002 0"><span class='ocrx_word' id='word_1_437' title='bbox 449 3492 770 3544; x_wconf 84' lang='lat' dir='ltr'>Henricum</span> <span class='ocrx_word' id='word_1_438' title='bbox 799 3492 859 3543; x_wconf 91' lang='lat' dir='ltr'>in</span> <span class='ocrx_word' id='word_1_439' title='bbox 892 3490 1148 3544; x_wconf 83' lang='lat' dir='ltr'>Saxonis</span> <span class='ocrx_word' id='word_1_440' title='bbox 1178 3489 1537 3543; x_wconf 88' lang='lat' dir='ltr'>morabatur.</span> <span class='ocrx_word' id='word_1_441' title='bbox 1573 3489 1688 3542; x_wconf 90' lang='lat' dir='ltr'>Ubi</span> <span class='ocrx_word' id='word_1_442' title='bbox 1734 3504 1867 3542; x_wconf 93' lang='lat' dir='ltr'>cum</span> <span class='ocrx_word' id='word_1_443' title='bbox 1916 3488 2111 3541; x_wconf 89' lang='lat' dir='ltr'>audita</span> 
     </span>
    </p>
   </div>
   <div class='ocr_carea' id='block_1_66' title="bbox 448 3576 2111 3647">
    <p class='ocr_par' dir='ltr' id='par_1_66' title="bbox 448 3576 2111 3647">
     <span class='ocr_line' id='line_1_66' title="bbox 448 3576 2111 3647; baseline -0.001 -16"><span class='ocrx_word' id='word_1_444' title='bbox 448 3576 793 3647; x_wconf 91' lang='lat' dir='ltr'>hujusmodi</span> <span class='ocrx_word' id='word_1_445' title='bbox 816 3591 1017 3646; x_wconf 89' lang='lat' dir='ltr'>causa,</span> <span class='ocrx_word' id='word_1_446' title='bbox 1033 3577 1227 3645; x_wconf 91' lang='lat' dir='ltr'>ipsius</span> <span class='ocrx_word' id='word_1_447' title='bbox 1241 3576 2028 3646; x_wconf 88' lang='lat' dir='ltr'>blasphemitumulationem</span> <span class='ocrx_word' id='word_1_448' title='bbox 2051 3576 2111 3630; x_wconf 91' lang='lat' dir='ltr'>in</span> 
     </span>
    </p>
   </div>
   <div class='ocr_carea' id='block_1_67' title="bbox 446 3662 2111 3734">
    <p class='ocr_par' dir='ltr' id='par_1_67' title="bbox 446 3662 2111 3734">
     <span class='ocr_line' id='line_1_67' title="bbox 446 3662 2111 3734; baseline -0.002 -15"><span class='ocrx_word' id='word_1_449' title='bbox 446 3665 593 3719; x_wconf 91' lang='lat' dir='ltr'>atrio</span> <span class='ocrx_word' id='word_1_450' title='bbox 626 3662 979 3734; x_wconf 90' lang='lat' dir='ltr'>accepisset,</span> <span class='ocrx_word' id='word_1_451' title='bbox 1012 3663 1188 3717; x_wconf 90' lang='lat' dir='ltr'>altius</span> <span class='ocrx_word' id='word_1_452' title='bbox 1220 3663 1533 3734; x_wconf 88' lang='lat' dir='ltr'>ingemuit,</span> <span class='ocrx_word' id='word_1_453' title='bbox 1569 3664 1833 3733; x_wconf 88' lang='lat' dir='ltr'>satisque</span> <span class='ocrx_word' id='word_1_454' title='bbox 1884 3662 1994 3717; x_wconf 87' lang='lat' dir='ltr'>hoc</span> <span class='ocrx_word' id='word_1_455' title='bbox 2025 3663 2111 3716; x_wconf 92' lang='lat' dir='ltr'>in-</span> 
     </span>
    </p>
   </div>
   <div class='ocr_carea' id='block_1_68' title="bbox 445 3749 2111 3825">
    <p class='ocr_par' dir='ltr' id='par_1_68' title="bbox 445 3749 2111 3825">
     <span class='ocr_line' id='line_1_68' title="bbox 445 3749 2111 3825; baseline -0.001 -18"><span class='ocrx_word' id='word_1_456' title='bbox 445 3753 689 3825; x_wconf 90' lang='lat' dir='ltr'>dignum</span> <span class='ocrx_word' id='word_1_457' title='bbox 715 3749 1012 3822; x_wconf 88' lang='lat' dir='ltr'>judicans,</span> <span class='ocrx_word' id='word_1_458' title='bbox 1047 3754 1109 3804; x_wconf 93' lang='lat' dir='ltr'>ut</span> <span class='ocrx_word' id='word_1_459' title='bbox 1139 3750 1394 3805; x_wconf 81' lang='lat' dir='ltr'>infidelis</span> <span class='ocrx_word' id='word_1_460' title='bbox 1425 3752 1501 3805; x_wconf 91' lang='lat' dir='ltr'>sit</span> <span class='ocrx_word' id='word_1_461' title='bbox 1532 3751 1829 3820; x_wconf 87' lang='lat' dir='ltr'>particeps</span> <span class='ocrx_word' id='word_1_462' title='bbox 1852 3750 2111 3805; x_wconf 81' lang='lat' dir='ltr'>fidelium</span> 
     </span>
    </p>
   </div>
   <div class='ocr_carea' id='block_1_69' title="bbox 446 3839 2111 3910">
    <p class='ocr_par' dir='ltr' id='par_1_69' title="bbox 446 3839 2111 3910">
     <span class='ocr_line' id='line_1_69' title="bbox 446 3839 2111 3910; baseline -0.001 -15"><span class='ocrx_word' id='word_1_463' title='bbox 446 3842 879 3905; x_wconf 85' lang='lat' dir='ltr'>defunctorum,</span> <span class='ocrx_word' id='word_1_464' title='bbox 914 3839 1108 3893; x_wconf 90' lang='lat' dir='ltr'>statim</span> <span class='ocrx_word' id='word_1_465' title='bbox 1130 3839 1482 3894; x_wconf 86' lang='lat' dir='ltr'>detumulari</span> <span class='ocrx_word' id='word_1_466' title='bbox 1505 3840 1803 3910; x_wconf 63' lang='lat' dir='ltr'>praecepit,</span> <span class='ocrx_word' id='word_1_467' title='bbox 1838 3839 1951 3893; x_wconf 89' lang='lat' dir='ltr'>Sed</span> <span class='ocrx_word' id='word_1_468' title='bbox 1975 3839 2111 3909; x_wconf 90' lang='lat' dir='ltr'>quia</span> 
     </span>
    </p>
   </div>
   <div class='ocr_carea' id='block_1_70' title="bbox 446 3927 2109 3998">
    <p class='ocr_par' dir='ltr' id='par_1_70' title="bbox 446 3927 2109 3998">
     <span class='ocr_line' id='line_1_70' title="bbox 446 3927 2109 3998; baseline -0.002 -15"><span class='ocrx_word' id='word_1_469' title='bbox 446 3929 560 3983; x_wconf 88' lang='lat' dir='ltr'>hoc</span> <span class='ocrx_word' id='word_1_470' title='bbox 591 3944 762 3983; x_wconf 90' lang='lat' dir='ltr'>nemo</span> <span class='ocrx_word' id='word_1_471' title='bbox 785 3943 907 3997; x_wconf 72' lang='lat' dir='ltr'>prae</span> <span class='ocrx_word' id='word_1_472' title='bbox 936 3927 1145 3981; x_wconf 89' lang='lat' dir='ltr'>timore</span> <span class='ocrx_word' id='word_1_473' title='bbox 1171 3928 1362 3998; x_wconf 88' lang='lat' dir='ltr'>ipsius</span> <span class='ocrx_word' id='word_1_474' title='bbox 1393 3930 1714 3997; x_wconf 87' lang='lat' dir='ltr'>parentelae</span> <span class='ocrx_word' id='word_1_475' title='bbox 1757 3929 1953 3983; x_wconf 90' lang='lat' dir='ltr'>facere</span> <span class='ocrx_word' id='word_1_476' title='bbox 2001 3942 2109 3980; x_wconf 89' lang='lat' dir='ltr'>au-</span> 
     </span>
    </p>
   </div>
   <div class='ocr_carea' id='block_1_71' title="bbox 445 4017 2112 4088">
    <p class='ocr_par' dir='ltr' id='par_1_71' title="bbox 445 4017 2112 4088">
     <span class='ocr_line' id='line_1_71' title="bbox 445 4017 2112 4088; baseline 0.001 -17"><span class='ocrx_word' id='word_1_477' title='bbox 445 4018 627 4081; x_wconf 88' lang='lat' dir='ltr'>deret,</span> <span class='ocrx_word' id='word_1_478' title='bbox 661 4017 791 4086; x_wconf 91' lang='lat' dir='ltr'>ipse</span> <span class='ocrx_word' id='word_1_479' title='bbox 825 4017 1143 4086; x_wconf 89' lang='lat' dir='ltr'>episcopus</span> <span class='ocrx_word' id='word_1_480' title='bbox 1163 4017 1234 4070; x_wconf 89' lang='lat' dir='ltr'>ab</span> <span class='ocrx_word' id='word_1_481' title='bbox 1260 4017 1609 4086; x_wconf 76' lang='lat' dir='ltr'>imperatore</span> <span class='ocrx_word' id='word_1_482' title='bbox 1643 4018 1982 4086; x_wconf 87' lang='lat' dir='ltr'>discedens,</span> <span class='ocrx_word' id='word_1_483' title='bbox 2004 4034 2112 4088; x_wconf 91' lang='lat' dir='ltr'>per</span> 
     </span>
    </p>
   </div>
   <div class='ocr_carea' id='block_1_72' title="bbox 446 4103 2109 4176">
    <p class='ocr_par' dir='ltr' id='par_1_72' title="bbox 446 4103 2109 4176">
     <span class='ocr_line' id='line_1_72' title="bbox 446 4103 2109 4176; baseline 0.005 -19"><span class='ocrx_word' id='word_1_484' title='bbox 446 4104 697 4158; x_wconf 88' lang='lat' dir='ltr'>eundem</span> <span class='ocrx_word' id='word_1_485' title='bbox 725 4104 920 4157; x_wconf 89' lang='lat' dir='ltr'>vicum</span> <span class='ocrx_word' id='word_1_486' title='bbox 949 4103 1263 4158; x_wconf 88' lang='lat' dir='ltr'>transitum</span> <span class='ocrx_word' id='word_1_487' title='bbox 1286 4105 1532 4173; x_wconf 86' lang='lat' dir='ltr'>faciens,</span> <span class='ocrx_word' id='word_1_488' title='bbox 1558 4105 1970 4176; x_wconf 82' lang='lat' dir='ltr'>blaspliemum</span> <span class='ocrx_word' id='word_1_489' title='bbox 2002 4111 2109 4166; x_wconf 93' lang='lat' dir='ltr'>de-</span> 
     </span>
    </p>
   </div>
   <div class='ocr_carea' id='block_1_73' title="bbox 447 4192 2109 4274">
    <p class='ocr_par' dir='ltr' id='par_1_73' title="bbox 447 4192 2109 4274">
     <span class='ocr_line' id='line_1_73' title="bbox 447 4192 2109 4274; baseline 0.006 -28"><span class='ocrx_word' id='word_1_490' title='bbox 447 4192 568 4247; x_wconf 87' lang='lat' dir='ltr'>fodi</span> <span class='ocrx_word' id='word_1_491' title='bbox 595 4192 752 4262; x_wconf 90' lang='lat' dir='ltr'>fecit,</span> <span class='ocrx_word' id='word_1_492' title='bbox 768 4193 1195 4264; x_wconf 87' lang='lat' dir='ltr'>defossumque</span> <span class='ocrx_word' id='word_1_493' title='bbox 1226 4210 1333 4262; x_wconf 90' lang='lat' dir='ltr'>per</span> <span class='ocrx_word' id='word_1_494' title='bbox 1350 4195 1555 4263; x_wconf 89' lang='lat' dir='ltr'>pedem</span> <span class='ocrx_word' id='word_1_495' title='bbox 1578 4197 1713 4251; x_wconf 84' lang='lat' dir='ltr'>fune</span> <span class='ocrx_word' id='word_1_496' title='bbox 1734 4198 1913 4270; x_wconf 90' lang='lat' dir='ltr'>ligato</span> <span class='ocrx_word' id='word_1_497' title='bbox 1932 4201 2109 4274; x_wconf 88' lang='lat' dir='ltr'>longe</span> 
     </span>
    </p>
   </div>
   <div class='ocr_carea' id='block_1_74' title="bbox 2224 3136 3893 3207">
    <p class='ocr_par' dir='ltr' id='par_1_74' title="bbox 2224 3136 3893 3207">
     <span class='ocr_line' id='line_1_74' title="bbox 2224 3136 3893 3207; baseline 0.001 -17"><span class='ocrx_word' id='word_1_498' title='bbox 2224 3152 2330 3190; x_wconf 89' lang='lat' dir='ltr'>rus</span> <span class='ocrx_word' id='word_1_499' title='bbox 2365 3153 2496 3192; x_wconf 91' lang='lat' dir='ltr'>cum</span> <span class='ocrx_word' id='word_1_500' title='bbox 2524 3136 2843 3207; x_wconf 87' lang='lat' dir='ltr'>jamdictus</span> <span class='ocrx_word' id='word_1_501' title='bbox 2875 3138 3432 3193; x_wconf 88' lang='lat' dir='ltr'>monachusiterum</span> <span class='ocrx_word' id='word_1_502' title='bbox 3458 3139 3893 3207; x_wconf 87' lang='lat' dir='ltr'>adveniret,la-</span> 
     </span>
    </p>
   </div>
   <div class='ocr_carea' id='block_1_75' title="bbox 2225 3226 3896 3299">
    <p class='ocr_par' dir='ltr' id='par_1_75' title="bbox 2225 3226 3896 3299">
     <span class='ocr_line' id='line_1_75' title="bbox 2225 3226 3896 3299; baseline 0.002 -21"><span class='ocrx_word' id='word_1_503' title='bbox 2225 3228 2441 3279; x_wconf 88' lang='lat' dir='ltr'>tentem</span> <span class='ocrx_word' id='word_1_504' title='bbox 2455 3226 2654 3297; x_wconf 89' lang='lat' dir='ltr'>ignem</span> <span class='ocrx_word' id='word_1_505' title='bbox 2665 3226 2724 3279; x_wconf 92' lang='lat' dir='ltr'>in</span> <span class='ocrx_word' id='word_1_506' title='bbox 2738 3241 2840 3280; x_wconf 91' lang='lat' dir='ltr'>ore</span> <span class='ocrx_word' id='word_1_507' title='bbox 2854 3227 3061 3280; x_wconf 89' lang='lat' dir='ltr'>volens</span> <span class='ocrx_word' id='word_1_508' title='bbox 3074 3228 3896 3299; x_wconf 90' lang='lat' dir='ltr'>cognoscere,moribundum</span> 
     </span>
    </p>
   </div>
   <div class='ocr_carea' id='block_1_76' title="bbox 2225 3314 3897 3388">
    <p class='ocr_par' dir='ltr' id='par_1_76' title="bbox 2225 3314 3897 3388">
     <span class='ocr_line' id='line_1_76' title="bbox 2225 3314 3897 3388; baseline 0.001 -19"><span class='ocrx_word' id='word_1_509' title='bbox 2225 3330 2294 3369; x_wconf 93' lang='lat' dir='ltr'>os</span> <span class='ocrx_word' id='word_1_510' title='bbox 2326 3314 2670 3368; x_wconf 86' lang='lat' dir='ltr'>difﬁcillime</span> <span class='ocrx_word' id='word_1_511' title='bbox 2701 3314 2937 3369; x_wconf 90' lang='lat' dir='ltr'>cultello</span> <span class='ocrx_word' id='word_1_512' title='bbox 2961 3316 3293 3384; x_wconf 90' lang='lat' dir='ltr'>reclusit,et</span> <span class='ocrx_word' id='word_1_513' title='bbox 3315 3316 3577 3388; x_wconf 88' lang='lat' dir='ltr'>linguam</span> <span class='ocrx_word' id='word_1_514' title='bbox 3601 3332 3796 3388; x_wconf 88' lang='lat' dir='ltr'>usque</span> <span class='ocrx_word' id='word_1_515' title='bbox 3819 3318 3897 3371; x_wconf 88' lang='lat' dir='ltr'>ad</span> 
     </span>
    </p>
   </div>
   <div class='ocr_carea' id='block_1_77' title="bbox 2225 3403 3892 3473">
    <p class='ocr_par' dir='ltr' id='par_1_77' title="bbox 2225 3403 3892 3473">
     <span class='ocr_line' id='line_1_77' title="bbox 2225 3403 3892 3473; baseline 0.001 -16"><span class='ocrx_word' id='word_1_516' title='bbox 2225 3405 2498 3473; x_wconf 88' lang='lat' dir='ltr'>palatum,</span> <span class='ocrx_word' id='word_1_517' title='bbox 2534 3403 2873 3458; x_wconf 88' lang='lat' dir='ltr'>miserabile</span> <span class='ocrx_word' id='word_1_518' title='bbox 2901 3404 3055 3473; x_wconf 90' lang='lat' dir='ltr'>visu,</span> <span class='ocrx_word' id='word_1_519' title='bbox 3089 3408 3404 3458; x_wconf 88' lang='lat' dir='ltr'>crematam</span> <span class='ocrx_word' id='word_1_520' title='bbox 3428 3407 3597 3459; x_wconf 82' lang='lat' dir='ltr'>matri</span> <span class='ocrx_word' id='word_1_521' title='bbox 3620 3421 3686 3458; x_wconf 90' lang='lat' dir='ltr'>ac</span> <span class='ocrx_word' id='word_1_522' title='bbox 3712 3406 3892 3459; x_wconf 87' lang='lat' dir='ltr'>fratri</span> 
     </span>
    </p>
   </div>
   <div class='ocr_carea' id='block_1_78' title="bbox 2224 3492 3893 3563">
    <p class='ocr_par' dir='ltr' id='par_1_78' title="bbox 2224 3492 3893 3563">
     <span class='ocr_line' id='line_1_78' title="bbox 2224 3492 3893 3563; baseline 0.001 -18"><span class='ocrx_word' id='word_1_523' title='bbox 2224 3497 2280 3546; x_wconf 90' lang='lat' dir='ltr'>et</span> <span class='ocrx_word' id='word_1_524' title='bbox 2310 3492 2523 3546; x_wconf 88' lang='lat' dir='ltr'>ceteris</span> <span class='ocrx_word' id='word_1_525' title='bbox 2546 3492 2915 3547; x_wconf 89' lang='lat' dir='ltr'>adstantibus</span> <span class='ocrx_word' id='word_1_526' title='bbox 2938 3497 3138 3562; x_wconf 87' lang='lat' dir='ltr'>aperte</span> <span class='ocrx_word' id='word_1_527' title='bbox 3163 3494 3541 3563; x_wconf 84' lang='lat' dir='ltr'>monstravit;</span> <span class='ocrx_word' id='word_1_528' title='bbox 3564 3497 3725 3547; x_wconf 89' lang='lat' dir='ltr'>certe</span> <span class='ocrx_word' id='word_1_529' title='bbox 3742 3494 3893 3547; x_wconf 85' lang='lat' dir='ltr'>insi-</span> 
     </span>
    </p>
   </div>
   <div class='ocr_carea' id='block_1_79' title="bbox 2223 3581 3895 3653">
    <p class='ocr_par' dir='ltr' id='par_1_79' title="bbox 2223 3581 3895 3653">
     <span class='ocr_line' id='line_1_79' title="bbox 2223 3581 3895 3653; baseline 0.001 -19"><span class='ocrx_word' id='word_1_530' title='bbox 2223 3597 2415 3635; x_wconf 90' lang='lat' dir='ltr'>nuans</span> <span class='ocrx_word' id='word_1_531' title='bbox 2447 3581 2956 3649; x_wconf 89' lang='lat' dir='ltr'>manifestum&#39;Dei</span> <span class='ocrx_word' id='word_1_532' title='bbox 2975 3582 3283 3653; x_wconf 87' lang='lat' dir='ltr'>judicium,</span> <span class='ocrx_word' id='word_1_533' title='bbox 3303 3586 3358 3636; x_wconf 87' lang='lat' dir='ltr'>et</span> <span class='ocrx_word' id='word_1_534' title='bbox 3379 3583 3491 3636; x_wconf 92' lang='lat' dir='ltr'>hoc</span> <span class='ocrx_word' id='word_1_535' title='bbox 3511 3583 3735 3636; x_wconf 90' lang='lat' dir='ltr'>meritis</span> <span class='ocrx_word' id='word_1_536' title='bbox 3755 3585 3895 3637; x_wconf 88' lang='lat' dir='ltr'>suis</span> 
     </span>
    </p>
   </div>
   <div class='ocr_carea' id='block_1_80' title="bbox 2224 3670 3896 3742">
    <p class='ocr_par' dir='ltr' id='par_1_80' title="bbox 2224 3670 3896 3742">
     <span class='ocr_line' id='line_1_80' title="bbox 2224 3670 3896 3742; baseline 0 -18"><span class='ocrx_word' id='word_1_537' title='bbox 2224 3671 2401 3740; x_wconf 92' lang='lat' dir='ltr'>digne</span> <span class='ocrx_word' id='word_1_538' title='bbox 2435 3686 2840 3740; x_wconf 89' lang='lat' dir='ltr'>compensum,</span> <span class='ocrx_word' id='word_1_539' title='bbox 2876 3670 2995 3742; x_wconf 91' lang='lat' dir='ltr'>qui,</span> <span class='ocrx_word' id='word_1_540' title='bbox 3029 3671 3221 3742; x_wconf 89' lang='lat' dir='ltr'>quoad</span> <span class='ocrx_word' id='word_1_541' title='bbox 3242 3672 3407 3737; x_wconf 87' lang='lat' dir='ltr'>vixit,</span> <span class='ocrx_word' id='word_1_542' title='bbox 3434 3671 3695 3742; x_wconf 90' lang='lat' dir='ltr'>linguam</span> <span class='ocrx_word' id='word_1_543' title='bbox 3729 3671 3896 3725; x_wconf 90' lang='lat' dir='ltr'>omni</span> 
     </span>
    </p>
   </div>
   <div class='ocr_carea' id='block_1_81' title="bbox 2224 3759 3895 3830">
    <p class='ocr_par' dir='ltr' id='par_1_81' title="bbox 2224 3759 3895 3830">
     <span class='ocr_line' id='line_1_81' title="bbox 2224 3759 3895 3830; baseline 0.001 -18"><span class='ocrx_word' id='word_1_544' title='bbox 2224 3760 2455 3812; x_wconf 89' lang='lat' dir='ltr'>malicia</span> <span class='ocrx_word' id='word_1_545' title='bbox 2487 3759 2851 3828; x_wconf 88' lang='lat' dir='ltr'>depravavit.</span> <span class='ocrx_word' id='word_1_546' title='bbox 2876 3759 3041 3825; x_wconf 90' lang='lat' dir='ltr'>Quod</span> <span class='ocrx_word' id='word_1_547' title='bbox 3073 3761 3209 3830; x_wconf 90' lang='lat' dir='ltr'>quia</span> <span class='ocrx_word' id='word_1_548' title='bbox 3239 3763 3440 3813; x_wconf 89' lang='lat' dir='ltr'>certus</span> <span class='ocrx_word' id='word_1_549' title='bbox 3487 3759 3723 3824; x_wconf 82' lang='lat' dir='ltr'>relator,</span> <span class='ocrx_word' id='word_1_550' title='bbox 3760 3759 3895 3827; x_wconf 89' lang='lat' dir='ltr'>ipse</span> 
     </span>
    </p>
   </div>
   <div class='ocr_carea' id='block_1_82' title="bbox 2221 3848 3895 3919">
    <p class='ocr_par' dir='ltr' id='par_1_82' title="bbox 2221 3848 3895 3919">
     <span class='ocr_line' id='line_1_82' title="bbox 2221 3848 3895 3919; baseline 0 -18"><span class='ocrx_word' id='word_1_551' title='bbox 2221 3848 2494 3902; x_wconf 88' lang='lat' dir='ltr'>videlicet</span> <span class='ocrx_word' id='word_1_552' title='bbox 2523 3848 2871 3916; x_wconf 88' lang='lat' dir='ltr'>monachus,</span> <span class='ocrx_word' id='word_1_553' title='bbox 2905 3848 3117 3903; x_wconf 89' lang='lat' dir='ltr'>domno</span> <span class='ocrx_word' id='word_1_554' title='bbox 3147 3848 3428 3919; x_wconf 89' lang='lat' dir='ltr'>episcopo</span> <span class='ocrx_word' id='word_1_555' title='bbox 3469 3848 3780 3917; x_wconf 89' lang='lat' dir='ltr'>intimavit,</span> <span class='ocrx_word' id='word_1_556' title='bbox 3815 3848 3895 3901; x_wconf 84' lang='lat' dir='ltr'>ad</span> 
     </span>
    </p>
   </div>
   <div class='ocr_carea' id='block_1_83' title="bbox 2221 3936 3894 3992">
    <p class='ocr_par' dir='ltr' id='par_1_83' title="bbox 2221 3936 3894 3992">
     <span class='ocr_line' id='line_1_83' title="bbox 2221 3936 3894 3992; baseline 0 -1"><span class='ocrx_word' id='word_1_557' title='bbox 2221 3937 2508 3991; x_wconf 88' lang='lat' dir='ltr'>honorem</span> <span class='ocrx_word' id='word_1_558' title='bbox 2531 3936 2749 3991; x_wconf 91' lang='lat' dir='ltr'>domini</span> <span class='ocrx_word' id='word_1_559' title='bbox 2776 3936 2962 3991; x_wconf 91' lang='lat' dir='ltr'>nostri</span> <span class='ocrx_word' id='word_1_560' title='bbox 2988 3938 3135 3991; x_wconf 83' lang='lat' dir='ltr'>Jesu</span> <span class='ocrx_word' id='word_1_561' title='bbox 3154 3936 3375 3991; x_wconf 90' lang='lat' dir='ltr'>Christi</span> <span class='ocrx_word' id='word_1_562' title='bbox 3399 3938 3705 3991; x_wconf 73' lang='lat' dir='ltr'>memoriae</span> <span class='ocrx_word' id='word_1_563' title='bbox 3729 3952 3894 3992; x_wconf 81' lang='lat' dir='ltr'>com-</span> 
     </span>
    </p>
   </div>
   <div class='ocr_carea' id='block_1_84' title="bbox 2223 4025 3899 4096">
    <p class='ocr_par' dir='ltr' id='par_1_84' title="bbox 2223 4025 3899 4096">
     <span class='ocr_line' id='line_1_84' title="bbox 2223 4025 3899 4096; baseline 0.001 -17"><span class='ocrx_word' id='word_1_564' title='bbox 2223 4026 2515 4094; x_wconf 88' lang='lat' dir='ltr'>mendavi,</span> <span class='ocrx_word' id='word_1_565' title='bbox 2547 4029 2609 4079; x_wconf 88' lang='lat' dir='ltr'>ut</span> <span class='ocrx_word' id='word_1_566' title='bbox 2636 4026 2992 4096; x_wconf 89' lang='lat' dir='ltr'>quicumque</span> <span class='ocrx_word' id='word_1_567' title='bbox 3022 4026 3311 4079; x_wconf 90' lang='lat' dir='ltr'>audierint</span> <span class='ocrx_word' id='word_1_568' title='bbox 3341 4025 3593 4095; x_wconf 88' lang='lat' dir='ltr'>improbi</span> <span class='ocrx_word' id='word_1_569' title='bbox 3617 4028 3899 4081; x_wconf 79' lang='lat' dir='ltr'>terrean-</span> 
     </span>
    </p>
   </div>
   <div class='ocr_carea' id='block_1_85' title="bbox 2223 4114 3341 4186">
    <p class='ocr_par' dir='ltr' id='par_1_85' title="bbox 2223 4114 3341 4186">
     <span class='ocr_line' id='line_1_85' title="bbox 2223 4114 3341 4186; baseline -0.001 -17"><span class='ocrx_word' id='word_1_570' title='bbox 2223 4120 2336 4183; x_wconf 91' lang='lat' dir='ltr'>tur,</span> <span class='ocrx_word' id='word_1_571' title='bbox 2370 4115 2508 4168; x_wconf 90' lang='lat' dir='ltr'>boni</span> <span class='ocrx_word' id='word_1_572' title='bbox 2539 4130 2681 4169; x_wconf 89' lang='lat' dir='ltr'>vero</span> <span class='ocrx_word' id='word_1_573' title='bbox 2713 4115 2919 4169; x_wconf 87' lang='lat' dir='ltr'>merito</span> <span class='ocrx_word' id='word_1_574' title='bbox 2951 4114 3341 4186; x_wconf 88' lang='lat' dir='ltr'>gratulentur.</span> 
     </span>
    </p>
   </div>
   <div class='ocr_carea' id='block_1_86' title="bbox 2295 4202 3896 4273">
    <p class='ocr_par' dir='ltr' id='par_1_86' title="bbox 2295 4202 3896 4273">
     <span class='ocr_line' id='line_1_86' title="bbox 2295 4202 3896 4273; baseline 0.001 -16"><span class='ocrx_word' id='word_1_575' title='bbox 2295 4204 2383 4258; x_wconf 70' lang='grc'>21.</span> <span class='ocrx_word' id='word_1_576' title='bbox 2420 4203 2502 4257; x_wconf 88' lang='lat' dir='ltr'>Ea</span> <span class='ocrx_word' id='word_1_577' title='bbox 2533 4206 2879 4272; x_wconf 90' lang='lat' dir='ltr'>tempestate</span> <span class='ocrx_word' id='word_1_578' title='bbox 2910 4219 3043 4257; x_wconf 92' lang='lat' dir='ltr'>cum</span> <span class='ocrx_word' id='word_1_579' title='bbox 3072 4204 3204 4257; x_wconf 90' lang='lat' dir='ltr'>aliis</span> <span class='ocrx_word' id='word_1_580' title='bbox 3251 4202 3455 4258; x_wconf 91' lang='lat' dir='ltr'>multis</span> <span class='ocrx_word' id='word_1_581' title='bbox 3507 4204 3896 4273; x_wconf 83' lang='lat' dir='ltr'>coepiscOpis</span> 
     </span>
    </p>
   </div>
   <div class='ocr_carea' id='block_1_87' title="bbox 445 4272 3898 4361">
    <p class='ocr_par' dir='ltr' id='par_1_87' title="bbox 445 4272 3898 4361">
     <span class='ocr_line' id='line_1_87' title="bbox 445 4272 3898 4361; baseline 0.003 -26"><span class='ocrx_word' id='word_1_582' title='bbox 445 4283 597 4336; x_wconf 88' lang='lat' dir='ltr'>trahi</span> <span class='ocrx_word' id='word_1_583' title='bbox 625 4283 903 4353; x_wconf 87' lang='lat' dir='ltr'>precepit.</span> <span class='ocrx_word' id='word_1_584' title='bbox 938 4281 1044 4346; x_wconf 89' lang='lat' dir='ltr'>Qui</span> <span class='ocrx_word' id='word_1_585' title='bbox 1081 4298 1213 4336; x_wconf 92' lang='lat' dir='ltr'>cum</span> <span class='ocrx_word' id='word_1_586' title='bbox 1244 4283 1596 4352; x_wconf 89' lang='lat' dir='ltr'>traheretur,</span> <span class='ocrx_word' id='word_1_587' title='bbox 1620 4272 2108 4358; x_wconf 34' lang='lat' dir='ltr'>licetquindeci&#39;m</span> <span class='ocrx_word' id='word_1_588' title='bbox 2138 4272 2194 4333; x_wconf 84' lang='lat' dir='ltr'>D</span> <span class='ocrx_word' id='word_1_589' title='bbox 2225 4292 2489 4346; x_wconf 90' lang='lat' dir='ltr'>interfuit</span> <span class='ocrx_word' id='word_1_590' title='bbox 2519 4291 2690 4346; x_wconf 90' lang='lat' dir='ltr'>etiam</span> <span class='ocrx_word' id='word_1_591' title='bbox 2710 4292 2962 4345; x_wconf 92' lang='lat' dir='ltr'>domnus</span> <span class='ocrx_word' id='word_1_592' title='bbox 2985 4292 3304 4361; x_wconf 88' lang='lat' dir='ltr'>episcopus</span> <span class='ocrx_word' id='word_1_593' title='bbox 3326 4272 3898 4347; x_wconf 71' lang='lat' dir='ltr'>consecrationiDe-</span> 
     </span>
    </p>
   </div>
   <div class='ocr_carea' id='block_1_88' title="bbox 446 4370 2109 4445">
    <p class='ocr_par' dir='ltr' id='par_1_88' title="bbox 446 4370 2109 4445">
     <span class='ocr_line' id='line_1_88' title="bbox 446 4370 2109 4445; baseline 0.006 -21"><span class='ocrx_word' id='word_1_594' title='bbox 446 4371 569 4426; x_wconf 89' lang='lat' dir='ltr'>fere</span> <span class='ocrx_word' id='word_1_595' title='bbox 586 4372 799 4426; x_wconf 90' lang='lat' dir='ltr'>diebus</span> <span class='ocrx_word' id='word_1_596' title='bbox 822 4372 935 4425; x_wconf 88' lang='lat' dir='ltr'>sub</span> <span class='ocrx_word' id='word_1_597' title='bbox 960 4371 1182 4425; x_wconf 82' lang='lat' dir='ltr'>tumulo</span> <span class='ocrx_word' id='word_1_598' title='bbox 1197 4370 1508 4441; x_wconf 83' lang='lat' dir='ltr'>jacuisset,</span> <span class='ocrx_word' id='word_1_599' title='bbox 1525 4390 1630 4443; x_wconf 90' lang='lat' dir='ltr'>per</span> <span class='ocrx_word' id='word_1_600' title='bbox 1652 4377 1907 4445; x_wconf 89' lang='lat' dir='ltr'>spatium</span> <span class='ocrx_word' id='word_1_601' title='bbox 1932 4380 2109 4435; x_wconf 91' lang='lat' dir='ltr'>unius</span> 
     </span>
    </p>
   </div>
   <div class='ocr_carea' id='block_1_89' title="bbox 445 4460 2109 4529">
    <p class='ocr_par' dir='ltr' id='par_1_89' title="bbox 445 4460 2109 4529">
     <span class='ocr_line' id='line_1_89' title="bbox 445 4460 2109 4529; baseline 0.004 -16"><span class='ocrx_word' id='word_1_602' title='bbox 445 4460 699 4529; x_wconf 87' lang='lat' dir='ltr'>miliarii,</span> <span class='ocrx_word' id='word_1_603' title='bbox 733 4460 1003 4514; x_wconf 89' lang='lat' dir='ltr'>mirabile</span> <span class='ocrx_word' id='word_1_604' title='bbox 1025 4461 1202 4529; x_wconf 85' lang='lat' dir='ltr'>dictu,</span> <span class='ocrx_word' id='word_1_605' title='bbox 1237 4462 1566 4516; x_wconf 88' lang='lat' dir='ltr'>cervissam</span> <span class='ocrx_word' id='word_1_606' title='bbox 1597 4480 1664 4517; x_wconf 88' lang='lat' dir='ltr'>ac</span> <span class='ocrx_word' id='word_1_607' title='bbox 1694 4464 1744 4518; x_wconf 86' lang='lat' dir='ltr'>si</span> <span class='ocrx_word' id='word_1_608' title='bbox 1780 4482 1992 4521; x_wconf 91' lang='lat' dir='ltr'>recens</span> <span class='ocrx_word' id='word_1_609' title='bbox 2024 4467 2109 4522; x_wconf 94' lang='lat' dir='ltr'>bi-</span> 
     </span>
    </p>
   </div>
   <div class='ocr_carea' id='block_1_90' title="bbox 443 4547 2110 4626">
    <p class='ocr_par' dir='ltr' id='par_1_90' title="bbox 443 4547 2110 4626">
     <span class='ocr_line' id='line_1_90' title="bbox 443 4547 2110 4626; baseline 0.004 -23"><span class='ocrx_word' id='word_1_610' title='bbox 443 4548 655 4616; x_wconf 88' lang='lat' dir='ltr'>bisset,</span> <span class='ocrx_word' id='word_1_611' title='bbox 690 4548 967 4602; x_wconf 89' lang='lat' dir='ltr'>emovuit.</span> <span class='ocrx_word' id='word_1_612' title='bbox 993 4547 1157 4612; x_wconf 92' lang='lat' dir='ltr'>Quod</span> <span class='ocrx_word' id='word_1_613' title='bbox 1181 4550 1316 4619; x_wconf 86' lang='lat' dir='ltr'>quia</span> <span class='ocrx_word' id='word_1_614' title='bbox 1333 4550 1587 4605; x_wconf 91' lang='lat' dir='ltr'>domnus</span> <span class='ocrx_word' id='word_1_615' title='bbox 1610 4553 1930 4623; x_wconf 83' lang='lat' dir='ltr'>episcOpus</span> <span class='ocrx_word' id='word_1_616' title='bbox 1948 4571 2110 4626; x_wconf 69' lang='lat' dir='ltr'>saepe</span> 
     </span>
    </p>
   </div>
   <div class='ocr_carea' id='block_1_91' title="bbox 444 4636 2107 4715">
    <p class='ocr_par' dir='ltr' id='par_1_91' title="bbox 444 4636 2107 4715">
     <span class='ocr_line' id='line_1_91' title="bbox 444 4636 2107 4715; baseline 0.004 -23"><span class='ocrx_word' id='word_1_617' title='bbox 444 4636 740 4706; x_wconf 86' lang='lat' dir='ltr'>narrabat,</span> <span class='ocrx_word' id='word_1_618' title='bbox 755 4637 1027 4691; x_wconf 86' lang='lat' dir='ltr'>scribere</span> <span class='ocrx_word' id='word_1_619' title='bbox 1050 4641 1239 4691; x_wconf 85' lang='lat' dir='ltr'>ratum</span> <span class='ocrx_word' id='word_1_620' title='bbox 1259 4638 1417 4707; x_wconf 83' lang='lat' dir='ltr'>duxi,</span> <span class='ocrx_word' id='word_1_621' title='bbox 1433 4654 1506 4693; x_wconf 93' lang='lat' dir='ltr'>ne</span> <span class='ocrx_word' id='word_1_622' title='bbox 1523 4645 1796 4709; x_wconf 88' lang='lat' dir='ltr'>posteros</span> <span class='ocrx_word' id='word_1_623' title='bbox 1818 4643 2107 4715; x_wconf 91' lang='lat' dir='ltr'>latuisset,</span> 
     </span>
    </p>
   </div>
   <div class='ocr_carea' id='block_1_92' title="bbox 445 4725 2109 4798">
    <p class='ocr_par' dir='ltr' id='par_1_92' title="bbox 445 4725 2109 4798">
     <span class='ocr_line' id='line_1_92' title="bbox 445 4725 2109 4798; baseline 0.005 -18"><span class='ocrx_word' id='word_1_624' title='bbox 445 4730 507 4780; x_wconf 91' lang='lat' dir='ltr'>ut</span> <span class='ocrx_word' id='word_1_625' title='bbox 528 4726 799 4780; x_wconf 84' lang='lat' dir='ltr'>inﬁdeles</span> <span class='ocrx_word' id='word_1_626' title='bbox 823 4725 1042 4796; x_wconf 87' lang='lat' dir='ltr'>quique</span> <span class='ocrx_word' id='word_1_627' title='bbox 1063 4730 1445 4797; x_wconf 87' lang='lat' dir='ltr'>quaterentur</span> <span class='ocrx_word' id='word_1_628' title='bbox 1467 4731 1713 4798; x_wconf 87' lang='lat' dir='ltr'>terrore,</span> <span class='ocrx_word' id='word_1_629' title='bbox 1735 4730 1942 4786; x_wconf 78' lang='lat' dir='ltr'>fideles</span> <span class='ocrx_word' id='word_1_630' title='bbox 1966 4749 2109 4790; x_wconf 90' lang='lat' dir='ltr'>vero</span> 
     </span>
    </p>
   </div>
   <div class='ocr_carea' id='block_1_93' title="bbox 443 4815 1024 4871">
    <p class='ocr_par' dir='ltr' id='par_1_93' title="bbox 443 4815 1024 4871">
     <span class='ocr_line' id='line_1_93' title="bbox 443 4815 1024 4871; baseline 0.005 -3"><span class='ocrx_word' id='word_1_631' title='bbox 443 4817 651 4871; x_wconf 90' lang='lat' dir='ltr'>merito</span> <span class='ocrx_word' id='word_1_632' title='bbox 682 4815 1024 4871; x_wconf 83' lang='lat' dir='ltr'>letarentur.</span> 
     </span>
    </p>
   </div>
   <div class='ocr_carea' id='block_1_94' title="bbox 2225 4380 3900 4450">
    <p class='ocr_par' dir='ltr' id='par_1_94' title="bbox 2225 4380 3900 4450">
     <span class='ocr_line' id='line_1_94' title="bbox 2225 4380 3900 4450; baseline -0.001 -16"><span class='ocrx_word' id='word_1_633' title='bbox 2225 4381 2374 4436; x_wconf 87' lang='lat' dir='ltr'>roldi</span> <span class='ocrx_word' id='word_1_634' title='bbox 2388 4380 2851 4434; x_wconf 91' lang='lat' dir='ltr'>Sessonensium</span> <span class='ocrx_word' id='word_1_635' title='bbox 2864 4381 3150 4450; x_wconf 89' lang='lat' dir='ltr'>episcopi,</span> <span class='ocrx_word' id='word_1_636' title='bbox 3169 4381 3228 4433; x_wconf 91' lang='lat' dir='ltr'>in</span> <span class='ocrx_word' id='word_1_637' title='bbox 3243 4381 3371 4449; x_wconf 87' lang='lat' dir='ltr'>ipsa</span> <span class='ocrx_word' id='word_1_638' title='bbox 3393 4380 3662 4434; x_wconf 85' lang='lat' dir='ltr'>videlicet</span> <span class='ocrx_word' id='word_1_639' title='bbox 3679 4380 3900 4433; x_wconf 70' lang='lat' dir='ltr'>aaccle-</span> 
     </span>
    </p>
   </div>
   <div class='ocr_carea' id='block_1_95' title="bbox 2222 4469 3898 4539">
    <p class='ocr_par' dir='ltr' id='par_1_95' title="bbox 2222 4469 3898 4539">
     <span class='ocr_line' id='line_1_95' title="bbox 2222 4469 3898 4539; baseline -0.001 -16"><span class='ocrx_word' id='word_1_640' title='bbox 2222 4471 2309 4524; x_wconf 90' lang='lat' dir='ltr'>sia</span> <span class='ocrx_word' id='word_1_641' title='bbox 2344 4469 2723 4523; x_wconf 90' lang='lat' dir='ltr'>Sessonensi.</span> <span class='ocrx_word' id='word_1_642' title='bbox 2760 4469 2872 4523; x_wconf 92' lang='lat' dir='ltr'>Ubi</span> <span class='ocrx_word' id='word_1_643' title='bbox 2897 4469 3188 4539; x_wconf 86' lang='lat' dir='ltr'>siquidem</span> <span class='ocrx_word' id='word_1_644' title='bbox 3217 4469 3495 4523; x_wconf 83' lang='lat' dir='ltr'>Azelinus</span> <span class='ocrx_word' id='word_1_645' title='bbox 3529 4469 3898 4522; x_wconf 88' lang='lat' dir='ltr'>Laudunen-</span> 
     </span>
    </p>
   </div>
   <div class='ocr_carea' id='block_1_96' title="bbox 2222 4557 3903 4628">
    <p class='ocr_par' dir='ltr' id='par_1_96' title="bbox 2222 4557 3903 4628">
     <span class='ocr_line' id='line_1_96' title="bbox 2222 4557 3903 4628; baseline 0.001 -17"><span class='ocrx_word' id='word_1_646' title='bbox 2222 4559 2375 4611; x_wconf 91' lang='lat' dir='ltr'>sium</span> <span class='ocrx_word' id='word_1_647' title='bbox 2407 4559 2724 4628; x_wconf 90' lang='lat' dir='ltr'>episcopus</span> <span class='ocrx_word' id='word_1_648' title='bbox 2759 4557 3122 4611; x_wconf 87' lang='lat' dir='ltr'>Harduinum</span> <span class='ocrx_word' id='word_1_649' title='bbox 3146 4557 3903 4627; x_wconf 65' lang='lat' dir='ltr'>Noviomensiumfepiseo-</span> 
     </span>
    </p>
   </div>
   <div class='ocr_carea' id='block_1_97' title="bbox 2218 4646 3893 4717">
    <p class='ocr_par' dir='ltr' id='par_1_97' title="bbox 2218 4646 3893 4717">
     <span class='ocr_line' id='line_1_97' title="bbox 2218 4646 3893 4717; baseline -0.001 -17"><span class='ocrx_word' id='word_1_650' title='bbox 2218 4663 2358 4717; x_wconf 89' lang='lat' dir='ltr'>pum</span> <span class='ocrx_word' id='word_1_651' title='bbox 2405 4647 2562 4700; x_wconf 92' lang='lat' dir='ltr'>omni</span> <span class='ocrx_word' id='word_1_652' title='bbox 2611 4646 2924 4701; x_wconf 87' lang='lat' dir='ltr'>calliditate</span> <span class='ocrx_word' id='word_1_653' title='bbox 2966 4649 3024 4700; x_wconf 93' lang='lat' dir='ltr'>et</span> <span class='ocrx_word' id='word_1_654' title='bbox 3068 4646 3460 4700; x_wconf 87' lang='lat' dir='ltr'>fraudulentia</span> <span class='ocrx_word' id='word_1_655' title='bbox 3508 4646 3893 4714; x_wconf 86' lang='lat' dir='ltr'>criminatus,</span> 
     </span>
    </p>
   </div>
   <div class='ocr_carea' id='block_1_98' title="bbox 2218 4732 3900 4806">
    <p class='ocr_par' dir='ltr' id='par_1_98' title="bbox 2218 4732 3900 4806">
     <span class='ocr_line' id='line_1_98' title="bbox 2218 4732 3900 4806; baseline 0 -18"><span class='ocrx_word' id='word_1_656' title='bbox 2218 4736 2423 4804; x_wconf 90' lang='lat' dir='ltr'>procul</span> <span class='ocrx_word' id='word_1_657' title='bbox 2438 4738 2729 4790; x_wconf 88' lang='lat' dir='ltr'>extorrem</span> <span class='ocrx_word' id='word_1_658' title='bbox 2741 4732 2822 4776; x_wconf 63' lang='grc'>94⁵</span> <span class='ocrx_word' id='word_1_659' title='bbox 2832 4738 2888 4790; x_wconf 94' lang='lat' dir='ltr'>et</span> <span class='ocrx_word' id='word_1_660' title='bbox 2900 4734 3208 4806; x_wconf 88' lang='lat' dir='ltr'>indignum</span> <span class='ocrx_word' id='word_1_661' title='bbox 3220 4735 3479 4788; x_wconf 87' lang='lat' dir='ltr'>fraterna</span> <span class='ocrx_word' id='word_1_662' title='bbox 3495 4734 3900 4788; x_wconf 89' lang='lat' dir='ltr'>conventione</span> 
     </span>
    </p>
   </div>
   <div class='ocr_carea' id='block_1_99' title="bbox 2219 4822 3899 4895">
    <p class='ocr_par' dir='ltr' id='par_1_99' title="bbox 2219 4822 3899 4895">
     <span class='ocr_line' id='line_1_99' title="bbox 2219 4822 3899 4895; baseline -0.001 -17"><span class='ocrx_word' id='word_1_663' title='bbox 2219 4839 2421 4878; x_wconf 90' lang='lat' dir='ltr'>corum</span> <span class='ocrx_word' id='word_1_664' title='bbox 2445 4823 2820 4895; x_wconf 89' lang='lat' dir='ltr'>coepiscopis</span> <span class='ocrx_word' id='word_1_665' title='bbox 2833 4823 2932 4895; x_wconf 91' lang='lat' dir='ltr'>qui</span> <span class='ocrx_word' id='word_1_666' title='bbox 2946 4824 3191 4879; x_wconf 88' lang='lat' dir='ltr'>aderant</span> <span class='ocrx_word' id='word_1_667' title='bbox 3208 4824 3577 4880; x_wconf 82' lang='lat' dir='ltr'>exclamavit.</span> <span class='ocrx_word' id='word_1_668' title='bbox 3598 4823 3684 4877; x_wconf 79' lang='lat' dir='ltr'>Ad</span> <span class='ocrx_word' id='word_1_669' title='bbox 3703 4822 3899 4894; x_wconf 89' lang='lat' dir='ltr'>cujus</span> 
     </span>
    </p>
   </div>
   <div class='ocr_carea' id='block_1_100' title="bbox 1748 4957 2581 5025">
    <p class='ocr_par' dir='ltr' id='par_1_100' title="bbox 1748 4957 2581 5025">
     <span class='ocr_line' id='line_1_100' title="bbox 1748 4957 2581 5025; baseline 0.002 -6"><span class='ocrx_word' id='word_1_670' title='bbox 1748 4957 2043 5022; x_wconf 68' lang='lat' dir='ltr'>VARIIE</span> <span class='ocrx_word' id='word_1_671' title='bbox 2091 4960 2456 5025; x_wconf 84' lang='lat' dir='ltr'>LECTION</span> <span class='ocrx_word' id='word_1_672' title='bbox 2465 4961 2581 5022; x_wconf 89' lang='lat' dir='ltr'>ES.</span> 
     </span>
    </p>
   </div>
   <div class='ocr_carea' id='block_1_101' title="bbox 514 5078 1615 5144">
    <p class='ocr_par' dir='ltr' id='par_1_101' title="bbox 514 5078 1615 5144">
     <span class='ocr_line' id='line_1_101' title="bbox 514 5078 1615 5144; baseline 0.005 -6"><span class='ocrx_word' id='word_1_673' title='bbox 514 5078 597 5125; x_wconf 58' lang='grc' dir='ltr'>ιιι</span> <span class='ocrx_word' id='word_1_674' title='bbox 623 5085 891 5141; x_wconf 87' lang='lat' dir='ltr'>canonici</span> <span class='ocrx_word' id='word_1_675' title='bbox 918 5086 972 5141; x_wconf 71' lang='lat'>2.</span> <span class='ocrx_word' id='word_1_676' title='bbox 1047 5084 1130 5131; x_wconf 62' lang='lat'>345</span> <span class='ocrx_word' id='word_1_677' title='bbox 1155 5089 1421 5144; x_wconf 79' lang='lat' dir='ltr'>extorret</span> <span class='ocrx_word' id='word_1_678' title='bbox 1451 5087 1615 5144; x_wconf 81' lang='lat' dir='ltr'>001v.</span> 
     </span>
    </p>
   </div>
   <div class='ocr_carea' id='block_1_102' title="bbox 2026 5209 2304 5274">
    <p class='ocr_par' dir='ltr' id='par_1_102' title="bbox 2026 5209 2304 5274">
     <span class='ocr_line' id='line_1_102' title="bbox 2026 5209 2304 5274; baseline 0.004 -1"><span class='ocrx_word' id='word_1_679' title='bbox 2026 5209 2304 5274; x_wconf 67' lang='lat' dir='ltr'>NOTIE.</span> 
     </span>
    </p>
   </div>
   <div class='ocr_carea' id='block_1_103' title="bbox 538 5435 955 5507">
    <p class='ocr_par' dir='ltr' id='par_1_103' title="bbox 538 5435 955 5507">
     <span class='ocr_line' id='line_1_103' title="bbox 538 5435 955 5507; baseline -0.005 -16"><span class='ocrx_word' id='word_1_680' title='bbox 538 5435 666 5507; x_wconf 72' lang='grc'>352)</span> <span class='ocrx_word' id='word_1_681' title='bbox 697 5436 955 5491; x_wconf 84' lang='lat' dir='ltr'>Becher.</span> 
     </span>
    </p>
   </div>
   <div class='ocr_carea' id='block_1_104' title="bbox 537 5508 1429 5649">
    <p class='ocr_par' dir='ltr' id='par_1_104' title="bbox 537 5508 1429 5649">
     <span class='ocr_line' id='line_1_104' title="bbox 537 5508 1429 5579; baseline 0.002 -17"><span class='ocrx_word' id='word_1_682' title='bbox 537 5508 665 5579; x_wconf 85' lang='lat'>353)</span> <span class='ocrx_word' id='word_1_683' title='bbox 695 5508 737 5563; x_wconf 91' lang='grc' dir='ltr'>Ι.</span> <span class='ocrx_word' id='word_1_684' title='bbox 772 5523 823 5561; x_wconf 92' lang='lat' dir='ltr'>e.</span> <span class='ocrx_word' id='word_1_685' title='bbox 858 5509 1220 5563; x_wconf 87' lang='lat' dir='ltr'>coemeterio.</span> <span class='ocrx_word' id='word_1_686' title='bbox 1254 5509 1429 5565; x_wconf 73' lang='lat' dir='ltr'>Conv.</span> 
     </span>
     <span class='ocr_line' id='line_1_105' title="bbox 538 5578 1154 5649; baseline -0.002 -14"><span class='ocrx_word' id='word_1_687' title='bbox 538 5580 664 5649; x_wconf 83' lang='lat'>354)</span> <span class='ocrx_word' id='word_1_688' title='bbox 694 5578 913 5647; x_wconf 83' lang='lat' dir='ltr'>Meier,</span> <span class='ocrx_word' id='word_1_689' title='bbox 944 5579 1154 5634; x_wconf 84' lang='lat' dir='ltr'>maire.</span> 
     </span>
    </p>
   </div>
   <div class='ocr_carea' id='block_1_105' title="bbox 538 5578 1154 5647">
    <p class='ocr_par' dir='ltr' id='par_1_105' title="bbox 538 5578 1154 5647">
     <span class='ocr_line' id='line_1_106' title="bbox 538 5578 1154 5647; baseline -0.002 -12"><span class='ocrx_word' id='word_1_690' title='bbox 538 5580 664 5647; x_wconf 83' lang='lat'>354)</span> <span class='ocrx_word' id='word_1_691' title='bbox 694 5578 913 5647; x_wconf 83' lang='lat' dir='ltr'>Meier,</span> <span class='ocrx_word' id='word_1_692' title='bbox 944 5579 1154 5634; x_wconf 84' lang='lat' dir='ltr'>maire.</span> 
     </span>
    </p>
   </div>
   <div class='ocr_carea' id='block_1_106' title="bbox 538 5649 1303 5723">
    <p class='ocr_par' dir='ltr' id='par_1_106' title="bbox 538 5649 1303 5723">
     <span class='ocr_line' id='line_1_107' title="bbox 538 5649 1303 5723; baseline 0.001 -19"><span class='ocrx_word' id='word_1_693' title='bbox 538 5649 851 5723; x_wconf 50' lang='lat' dir='ltr'>gemebat</span> <span class='ocrx_word' id='word_1_694' title='bbox 868 5650 948 5723; x_wconf 67' lang='lat'>25</span> <span class='ocrx_word' id='word_1_695' title='bbox 967 5649 1029 5723; x_wconf 22' lang='lat' dir='ltr'>AM</span> <span class='ocrx_word' id='word_1_696' title='bbox 1038 5651 1110 5723; x_wconf 55' lang='lat' dir='ltr'>ai,</span> <span class='ocrx_word' id='word_1_697' title='bbox 1124 5649 1303 5723; x_wconf 60' lang='grc' dir='ltr'>Δ1045,</span> 
     </span>
    </p>
   </div>
   <div class='ocr_carea' id='block_1_107' title="bbox 515 5364 1995 5575">
    <p class='ocr_par' dir='ltr' id='par_1_107' title="bbox 515 5364 1995 5575">
     <span class='ocr_line' id='line_1_108' title="bbox 537 5364 1995 5438; baseline 0.004 -18"><span class='ocrx_word' id='word_1_698' title='bbox 537 5365 663 5435; x_wconf 85' lang='grc'>351)</span> <span class='ocrx_word' id='word_1_699' title='bbox 695 5364 1059 5421; x_wconf 84' lang='lat' dir='ltr'>Abaldoldus</span> <span class='ocrx_word' id='word_1_700' title='bbox 1090 5367 1407 5438; x_wconf 90' lang='lat' dir='ltr'>episcopus</span> <span class='ocrx_word' id='word_1_701' title='bbox 1442 5369 1552 5425; x_wconf 88' lang='lat' dir='ltr'>fuit</span> <span class='ocrx_word' id='word_1_702' title='bbox 1581 5384 1634 5424; x_wconf 92' lang='lat' dir='ltr'>a.</span> <span class='ocrx_word' id='word_1_703' title='bbox 1668 5369 1808 5423; x_wconf 96' lang='grc'>1010</span> <span class='ocrx_word' id='word_1_704' title='bbox 1836 5370 1995 5426; x_wconf 74' lang='grc'>1027.</span> 
     </span>
     <span class='ocr_line' id='line_1_109' title="bbox 515 5369 1157 5575; baseline -0.005 -84"><span class='ocrx_word' id='word_1_705' title='bbox 515 5369 666 5575; x_wconf 50' lang='grc' dir='ltr'>ἓ352)</span> <span class='ocrx_word' id='word_1_706' title='bbox 697 5436 955 5491; x_wconf 84' lang='lat' dir='ltr'>Becher.</span> <span class='ocrx_word' id='word_1_707' title='bbox 1148 5509 1157 5519; x_wconf 40' lang='lat' dir='ltr'><strong>I</strong></span> 
     </span>
     <span class='ocr_line' id='line_1_110' title="bbox 537 5508 1429 5575; baseline 0.002 -13"><span class='ocrx_word' id='word_1_708' title='bbox 537 5508 665 5575; x_wconf 85' lang='lat'>353)</span> <span class='ocrx_word' id='word_1_709' title='bbox 695 5508 737 5563; x_wconf 91' lang='grc' dir='ltr'>Ι.</span> <span class='ocrx_word' id='word_1_710' title='bbox 772 5523 823 5561; x_wconf 92' lang='lat' dir='ltr'>e.</span> <span class='ocrx_word' id='word_1_711' title='bbox 858 5510 1220 5563; x_wconf 82' lang='lat' dir='ltr'>coemeterio.</span> <span class='ocrx_word' id='word_1_712' title='bbox 1254 5509 1429 5565; x_wconf 73' lang='lat' dir='ltr'>Conv.</span> 
     </span>
    </p>
   </div>
   <div class='ocr_carea' id='block_1_108' title="bbox 514 5580 2110 5799">
    <p class='ocr_par' dir='ltr' id='par_1_108' title="bbox 514 5580 2110 5799">
     <span class='ocr_line' id='line_1_111' title="bbox 514 5580 1154 5719; baseline -0.002 -84"><span class='ocrx_word' id='word_1_713' title='bbox 514 5580 664 5719; x_wconf 43' lang='grc' dir='ltr'>ἑ354)</span> <span class='ocrx_word' id='word_1_714' title='bbox 694 5580 913 5647; x_wconf 84' lang='lat' dir='ltr'>Meier,</span> <span class='ocrx_word' id='word_1_715' title='bbox 944 5580 1154 5634; x_wconf 84' lang='lat' dir='ltr'>maire.</span> 
     </span>
     <span class='ocr_line' id='line_1_112' title="bbox 538 5649 1303 5723; baseline -0.001 -17"><span class='ocrx_word' id='word_1_716' title='bbox 538 5651 665 5723; x_wconf 78' lang='lat'>355)</span> <span class='ocrx_word' id='word_1_717' title='bbox 695 5649 851 5705; x_wconf 91' lang='lat' dir='ltr'>Obiit</span> <span class='ocrx_word' id='word_1_718' title='bbox 878 5650 948 5704; x_wconf 79' lang='lat'>25</span> <span class='ocrx_word' id='word_1_719' title='bbox 976 5649 1110 5704; x_wconf 88' lang='lat' dir='ltr'>Mai.</span> <span class='ocrx_word' id='word_1_720' title='bbox 1146 5649 1303 5706; x_wconf 72' lang='lat'>1045.</span> 
     </span>
     <span class='ocr_line' id='line_1_113' title="bbox 514 5720 2110 5799; baseline 0.003 -20"><span class='ocrx_word' id='word_1_721' title='bbox 514 5720 641 5789; x_wconf 81' lang='lat'>(856</span> <span class='ocrx_word' id='word_1_722' title='bbox 673 5721 1055 5794; x_wconf 86' lang='lat' dir='ltr'>Humolariae,</span> <span class='ocrx_word' id='word_1_723' title='bbox 1089 5721 1465 5781; x_wconf 83' lang='lat' dir='ltr'>Homblieres</span> <span class='ocrx_word' id='word_1_724' title='bbox 1494 5741 1684 5799; x_wconf 85' lang='lat' dir='ltr'>prope</span> <span class='ocrx_word' id='word_1_725' title='bbox 1715 5725 2110 5795; x_wconf 85' lang='lat' dir='ltr'>Saint-Quen-</span> 
     </span>
    </p>
   </div>
   <div class='ocr_carea' id='block_1_109' title="bbox 2216 5370 3912 5437">
    <p class='ocr_par' dir='ltr' id='par_1_109' title="bbox 2216 5370 3912 5437">
     <span class='ocr_line' id='line_1_114' title="bbox 2216 5370 3912 5437; baseline -0.002 -11"><span class='ocrx_word' id='word_1_726' title='bbox 2216 5373 2319 5427; x_wconf 88' lang='lat' dir='ltr'>tin.</span> <span class='ocrx_word' id='word_1_727' title='bbox 2357 5395 2378 5420; x_wconf 83' lang='lat'><strong>«</strong></span> <span class='ocrx_word' id='word_1_728' title='bbox 2418 5373 2819 5429; x_wconf 86' lang='lat' dir='ltr'>Walerannus</span> <span class='ocrx_word' id='word_1_729' title='bbox 2852 5374 3039 5429; x_wconf 88' lang='lat' dir='ltr'>abbas</span> <span class='ocrx_word' id='word_1_730' title='bbox 3071 5373 3215 5428; x_wconf 89' lang='lat' dir='ltr'>obiit</span> <span class='ocrx_word' id='word_1_731' title='bbox 3260 5388 3313 5426; x_wconf 91' lang='lat' dir='ltr'>a.</span> <span class='ocrx_word' id='word_1_732' title='bbox 3352 5372 3485 5426; x_wconf 78' lang='grc'>1043</span> <span class='ocrx_word' id='word_1_733' title='bbox 3516 5372 3786 5437; x_wconf 70' lang='lat' dir='ltr'>exeunte,</span> <span class='ocrx_word' id='word_1_734' title='bbox 3837 5370 3912 5423; x_wconf 84' lang='lat' dir='ltr'>et</span> 
     </span>
    </p>
   </div>
   <div class='ocr_carea' id='block_1_110' title="bbox 2223 5438 3902 5515">
    <p class='ocr_par' dir='ltr' id='par_1_110' title="bbox 2223 5438 3902 5515">
     <span class='ocr_line' id='line_1_115' title="bbox 2223 5438 3902 5515; baseline -0.004 -17"><span class='ocrx_word' id='word_1_735' title='bbox 2223 5459 2549 5498; x_wconf 85' lang='lat' dir='ltr'>successor</span> <span class='ocrx_word' id='word_1_736' title='bbox 2579 5444 2715 5515; x_wconf 90' lang='lat' dir='ltr'>ejus</span> <span class='ocrx_word' id='word_1_737' title='bbox 2746 5446 3091 5499; x_wconf 87' lang='lat' dir='ltr'>Bernardus</span> <span class='ocrx_word' id='word_1_738' title='bbox 3124 5443 3278 5497; x_wconf 91' lang='lat' dir='ltr'>sedit</span> <span class='ocrx_word' id='word_1_739' title='bbox 3310 5443 3514 5515; x_wconf 90' lang='lat' dir='ltr'>eodem</span> <span class='ocrx_word' id='word_1_740' title='bbox 3548 5438 3902 5515; x_wconf 52' lang='grc' dir='ltr'>δρψ-1043,</span> 
     </span>
    </p>
   </div>
   <div class='ocr_carea' id='block_1_111' title="bbox 2222 5512 3907 5585">
    <p class='ocr_par' dir='ltr' id='par_1_111' title="bbox 2222 5512 3907 5585">
     <span class='ocr_line' id='line_1_116' title="bbox 2222 5512 3907 5585; baseline -0.004 -17"><span class='ocrx_word' id='word_1_741' title='bbox 2222 5530 2339 5585; x_wconf 92' lang='lat' dir='ltr'>quo</span> <span class='ocrx_word' id='word_1_742' title='bbox 2369 5515 2499 5569; x_wconf 91' lang='lat' dir='ltr'>Otto</span> <span class='ocrx_word' id='word_1_743' title='bbox 2533 5512 2736 5570; x_wconf 82' lang='lat' dir='ltr'>comes</span> <span class='ocrx_word' id='word_1_744' title='bbox 2767 5515 3216 5570; x_wconf 86' lang='lat' dir='ltr'>Virmandensis</span> <span class='ocrx_word' id='word_1_745' title='bbox 3249 5514 3621 5585; x_wconf 82' lang='lat' dir='ltr'>confirmavit</span> <span class='ocrx_word' id='word_1_746' title='bbox 3668 5512 3907 5585; x_wconf 66' lang='lat' dir='ltr'>Humo-</span> 
     </span>
    </p>
   </div>
   <div class='ocr_carea' id='block_1_112' title="bbox 2214 5583 3906 5657">
    <p class='ocr_par' dir='ltr' id='par_1_112' title="bbox 2214 5583 3906 5657">
     <span class='ocr_line' id='line_1_117' title="bbox 2214 5583 3906 5657; baseline -0.002 -18"><span class='ocrx_word' id='word_1_747' title='bbox 2214 5583 2578 5657; x_wconf 80' lang='lat' dir='ltr'>lariensibus</span> <span class='ocrx_word' id='word_1_748' title='bbox 2625 5587 2998 5642; x_wconf 88' lang='lat' dir='ltr'>donationem</span> <span class='ocrx_word' id='word_1_749' title='bbox 3042 5585 3250 5657; x_wconf 85' lang='lat' dir='ltr'>praedii</span> <span class='ocrx_word' id='word_1_750' title='bbox 3289 5586 3445 5657; x_wconf 85' lang='lat' dir='ltr'>apud</span> <span class='ocrx_word' id='word_1_751' title='bbox 3483 5583 3820 5640; x_wconf 88' lang='lat' dir='ltr'>Curcellas.</span> <span class='ocrx_word' id='word_1_752' title='bbox 3880 5603 3906 5628; x_wconf 68' lang='grc' dir='ltr'><strong><em>η</em></strong></span> 
     </span>
    </p>
   </div>
   <div class='ocr_carea' id='block_1_113' title="bbox 2214 5656 2981 5730">
    <p class='ocr_par' dir='ltr' id='par_1_113' title="bbox 2214 5656 2981 5730">
     <span class='ocr_line' id='line_1_118' title="bbox 2214 5656 2981 5730; baseline 0.003 -19"><span class='ocrx_word' id='word_1_753' title='bbox 2214 5656 2400 5712; x_wconf 86' lang='lat' dir='ltr'>Gallia</span> <span class='ocrx_word' id='word_1_754' title='bbox 2429 5658 2655 5714; x_wconf 86' lang='lat' dir='ltr'>Christ.</span> <span class='ocrx_word' id='word_1_755' title='bbox 2685 5656 2788 5730; x_wconf 84' lang='lat' dir='ltr'>IX,</span> <span class='ocrx_word' id='word_1_756' title='bbox 2825 5658 2981 5713; x_wconf 75' lang='grc'>10⁸77.</span> 
     </span>
    </p>
   </div>
  </div>
