4106 6184
205 351 312 414 157

1593 348 1850 412 LIBER
1877 348 2240 415 TERTIUS

3530 364 3646 428 158

205 554 279 607 rei
299 551 720 622 experientiam
740 551 964 605 litteras
988 566 1061 605 ex
1081 551 1314 605 nomine
1331 550 1532 606 domni
1549 553 1863 621 apostolici
1893 532 1950 594 Α
1978 554 2335 624 reipublicae
2359 573 2714 617 succurrere
2735 562 2999 616 arbitrati
3017 566 3174 632 sunt,
3203 564 3255 618 si
3279 563 3642 638 Burgundiae

204 643 342 696 falso
356 643 629 714 signatas
648 642 706 695 in
718 641 911 695 medio
930 640 1269 710 publicavit,
1288 642 1346 694 in
1364 642 1584 712 quibus
1610 642 1861 696 Hardui-

202 749 331 786 num
349 748 457 802 pro
491 731 689 785 multis
731 730 1081 784 criminibus
1130 730 1679 785 anathematizatum
1722 747 1861 786 esse

201 822 511 876 contendit.
537 821 625 874 Ad
646 821 799 890 quod
824 821 1219 874 roborandum
1239 820 1460 891 aliquot
1483 822 1862 895 coepiscopo-

199 927 317 964 rum
338 909 741 963 fraudulenter
761 910 995 975 illectis,
1017 909 1191 963 etiam
1209 910 1489 963 domuum
1508 910 1857 979 episcopum

200 1000 414 1053 illicere
464 999 783 1052 estimavit.
827 998 1091 1051 Domnus
1140 1003 1334 1052 autem
1369 998 1689 1068 episcopus
1727 998 1860 1069 ejus

200 1092 520 1143 commenta
547 1087 877 1156 declinans,
902 1087 1174 1157 quamvis
1208 1087 1495 1141 Harduini
1525 1088 1733 1156 lapsus
1758 1087 1859 1141 ali-

197 1183 327 1250 quot
359 1194 479 1231 non
511 1178 790 1246 nesciret,
817 1177 991 1248 longe
1010 1176 1319 1245 dissensit,
1362 1176 1644 1246 judicans
1677 1179 1855 1245 certe,

199 1268 562 1321 Harduinum
593 1281 967 1337 nequaquam
989 1265 1218 1336 judicio
1260 1264 1394 1336 ejus
1426 1266 1643 1320 debere
1692 1265 1859 1319 dam-

196 1358 375 1427 pnari,
396 1357 581 1427 cujus
600 1355 851 1411 consilio
882 1355 1116 1427 objecta
1149 1355 1397 1409 crimina
1428 1358 1853 1425 perpetrasset.

196 1448 238 1499 Α
254 1446 580 1516 capellanis
603 1445 758 1500 enim
781 1460 1005 1513 eorum,
1027 1444 1393 1499 Harduinum
1415 1443 1683 1498 hortante
1705 1444 1857 1499 Aze-

195 1535 304 1588 lino
320 1535 598 1605 quaedam
612 1535 804 1605 turpia
844 1534 1063 1588 fecisse
1094 1532 1379 1588 audierat.
1420 1532 1680 1597 Quorum
1711 1549 1855 1587 vero

195 1624 485 1677 contentio
503 1624 605 1678 diu
622 1625 875 1677 invicem
897 1623 1194 1692 ventilata,
1216 1638 1286 1676 eo
1310 1638 1500 1693 usque
1536 1624 1853 1691 processit,

194 1718 248 1767 ut
283 1713 572 1767 instinctu
614 1713 908 1767 diabolieo
932 1714 989 1765 in
1029 1728 1190 1765 arma
1215 1712 1418 1765 volare
1453 1712 1856 1766 excandesce-

194 1808 331 1856 rent.
352 1803 634 1857 Domnus
655 1805 848 1856 autem
866 1802 1188 1872 episcopus
1211 1802 1422 1871 partim
1461 1801 1858 1857 blandimento

192 1894 507 1947 verborum
528 1893 775 1961 lactans,
800 1893 1010 1962 partim
1048 1892 1349 1946 canonicis
1386 1890 1597 1946 ferulis
1638 1893 1857 1947 alteru-

191 1984 333 2036 trum
354 1998 659 2053 pungens,
684 1982 757 2036 ad
777 1985 1008 2052 tempus
1024 1981 1369 2036 difﬁcillime
1402 1982 1818 2052 tranquillavit.

251 2072 337 2124 25.
363 2071 730 2126 DefunctoA
755 2071 927 2141 .(357)
960 2071 1343 2126 Remensium
1381 2071 1852 2142 archiepiscopo,

191 2160 467 2214 Azelinus
506 2160 926 2216 Laudunensis
966 2160 1257 2231 quendam
1288 2160 1502 2215 laicum
1528 2158 1858 2216 Ebulonem

189 2250 438 2317 nomine,
466 2254 643 2304 antea
663 2266 838 2304 suum
871 2250 1260 2304 secretarium
1280 2254 1337 2305 et
1359 2266 1486 2304 suae
1520 2250 1855 2307 calliditatis

189 2341 521 2406 conscium,
554 2340 921 2408 acclamavit,
964 2344 1022 2395 et
1057 2342 1120 2395 ut
1159 2355 1265 2394 rex
1317 2340 1691 2409 concederet,
1726 2341 1856 2396 suis

190 2429 638 2484 adulationibus
660 2430 1007 2498 inpetravit;
1040 2430 1229 2484 virum
1261 2445 1406 2484 sane
1437 2429 1656 2484 nullius
1680 2430 1858 2484 disci-

189 2519 378 2588 plinae,
403 2518 555 2571 nihil
570 2517 1080 2572 etiamlitterarum
1096 2521 1295 2587 preter
1309 2534 1493 2587 pauca
1512 2518 1854 2590 silogismo-

187 2623 307 2661 rum
318 2610 680 2678 argumenta
692 2607 998 2675 scientem,
1015 2607 1231 2677 quibus
1244 2607 1457 2661 idiotas
1471 2624 1539 2661 ac
1550 2608 1854 2678 simplices

190 2711 456 2766 quosque
494 2694 788 2749 ludiﬁcari
811 2695 1059 2749 solebat.
1085 2695 1206 2749 Sub
1232 2696 1435 2766 specie
1462 2711 1606 2751 vero
1626 2696 1853 2751 littera-

188 2801 309 2838 rum
331 2784 408 2838 ad
430 2784 580 2838 tanti
601 2784 847 2838 honoris
869 2783 1174 2854 fastigium
1196 2784 1376 2839 multo
1398 2789 1532 2839 ante
1554 2786 1848 2853 tendebat,

1894 1723 1942 1784 Β

1977 648 2395 718 episcoporum
2418 650 2768 703 sententiam
2798 654 3214 719 sequerentur.
3241 653 3335 706 Hii
3365 654 3641 709 nimirum

1974 737 2153 792 totius
2188 738 2552 792 auctoritatis
2575 742 2869 808 expertes,
2906 754 3215 793 commune
3239 742 3542 797 decretum
3559 743 3640 799 fe-

1976 829 2203 893 cerunt,
2240 831 2299 880 ut
2323 830 2436 879 tam
2467 842 2605 881 sese
2638 843 2812 897 quam
2835 842 3040 881 omnes
3075 829 3346 883 homines
3391 831 3503 884 sub
3545 848 3627 885 sa-

1976 921 2274 970 cramento
2310 917 2807 988 constringerent,
2842 932 3047 985 pacem
3077 917 3351 972 videlicet
3374 921 3429 973 et
3454 919 3638 989 justi-

1972 1005 2112 1060 tiam
2144 1008 2512 1061 servaturos.
2546 1006 2904 1077 Hujusmodi
2927 1008 3108 1076 igitur
3129 1009 3456 1061 commento
3503 1024 3640 1076 pre-

1975 1095 2110 1149 dicti
2147 1096 2410 1165 episcOpi
2444 1097 2701 1164 excitati,
2767 1097 3095 1166 superioris
3144 1096 3383 1166 quidem
3438 1095 3640 1151 Galliae

1975 1185 2351 1255 coepiscopis
2383 1185 2884 1254 conspirantibus,
2911 1185 3083 1238 etiam
3117 1184 3394 1239 domuum
3424 1184 3641 1239 Gerar-

1974 1273 2111 1327 dum
2146 1274 2512 1343 episcopum,
2539 1278 2599 1327 ut
2631 1289 2835 1328 secum
2859 1275 3109 1327 sentiret
3130 1274 3354 1343 pariter
3392 1276 3641 1329 monue-

1974 1368 2130 1417 runt.
2163 1363 2275 1428 Qui
2306 1363 2482 1417 altius
2506 1377 2720 1416 causas
2743 1362 3081 1431 advertens,
3115 1363 3319 1430 procul
3342 1378 3637 1417 rennuere

1974 1452 2288 1519 estimavit,
2314 1453 2664 1522 cunctisque
2694 1451 3097 1521 perniciosum
3129 1450 3442 1503 consilium
3472 1466 3541 1504 ac
3564 1452 3645 1505 in-

1970 1541 2259 1612 possibile
2273 1541 2630 1611 intelligens,
2647 1541 2870 1594 nullum
2883 1555 3199 1593 assensum
3213 1539 3495 1609 porrexit.
3508 1536 3643 1593 Hoc

1973 1630 2129 1683 enim
2158 1646 2277 1684 non
2308 1634 2424 1683 tam
2446 1630 2802 1699 inpossibile
2825 1644 3001 1699 quam
3033 1629 3426 1698 incongruum
3447 1628 3641 1682 videri

1974 1719 2301 1788 respondit,
2326 1719 2376 1772 si
2407 1719 2565 1789 quod
2588 1719 2810 1789 regalis
2835 1718 2993 1789 juris
3026 1720 3138 1786 est,
3189 1717 3303 1771 sibi
3344 1716 3645 1771 vendicari

1972 1812 2403 1876 presumerent.
2430 1808 2557 1863 Hoc
2575 1808 2748 1863 etiam
2771 1809 2943 1861 modo
2958 1811 3179 1861 sanctae
3200 1806 3492 1860 aecclesiae
3516 1809 3639 1860 sta-

1975 1901 2092 1951 tum
2106 1897 2405 1964 confundi,
2422 1913 2555 1967 quae
2571 1898 2824 1967 geminis
2840 1897 3136 1966 personis,
3159 1895 3347 1966 regali
3365 1894 3641 1948 videlicet

1972 2002 2041 2039 ac
2063 1985 2436 2055 sacerdotali,
2470 1986 2872 2039 administrari
2904 1985 3243 2055 precipitur.
3281 1983 3434 2036 Huic
3484 1983 3642 2036 enim

1973 2090 2162 2142 orare,
2181 2074 2263 2128 illi
2278 2089 2420 2128 vero
2434 2089 2700 2146 pugnare
2714 2074 3006 2128 tribuitur.
3053 2073 3238 2145 Igitur
3272 2087 3480 2144 regum
3502 2086 3640 2126 esse

1973 2163 2299 2219 seditiones
2319 2163 2535 2218 virtute
2558 2178 2960 2234 compescere,
2995 2162 3149 2216 bella
3199 2161 3431 2228 sedare,
3474 2161 3642 2230 pacis

1973 2254 2323 2308 commercia
2347 2252 2623 2322 dilatare;
2648 2253 3064 2322 episcoporum
3086 2267 3249 2319 vero,
3267 2266 3448 2321 reges
3464 2252 3525 2303 ut
3545 2250 3639 2302 vi-

1971 2341 2158 2396 riliter
2185 2358 2292 2410 pro
2315 2341 2504 2395 salute
2537 2342 2741 2411 patriae
2758 2343 3019 2410 pugnent
3038 2354 3298 2407 monere,
3314 2342 3376 2392 ut
3396 2338 3638 2391 vincant

1976 2446 2165 2485 orare.
2191 2411 2317 2484 Hoc
2331 2430 2486 2500 ergo
2508 2430 2811 2483 decretum
2840 2427 3244 2498 periculosum
3274 2441 3412 2480 esse
3443 2425 3637 2479 omni-

1974 2520 2117 2573 bus:
2154 2534 2362 2573 omnes
2375 2518 2650 2572 videlicet
2667 2520 2763 2570 aut
2772 2515 2973 2587 jurare
2995 2518 3094 2569 aut
3113 2513 3468 2569 anathemati
3488 2514 3636 2568 sub-

1967 2608 2194 2679 jacere.
2219 2607 2439 2662 Omnes
2479 2607 2634 2660 enim
2665 2606 2960 2660 communi
3008 2608 3251 2674 peccato
3282 2602 3526 2673 involvi,
3585 2601 3634 2655 si

1979 2700 2306 2751 commento
2336 2695 3033 2766 hujusmodiuterentur.
3071 2694 3272 2764 Itaque
3295 2692 3641 2762 episcopum

1975 2786 2442 2841 dissentiemtem
2457 2785 2635 2839 celeri
2659 2781 3297 2853 coespiscopioccultis
3318 2780 3641 2851 reprehen-

186 2890 471 2943 spemque
489 2889 660 2927 suam
683 2872 861 2926 multa
877 2873 1128 2940 pecunia
1151 2873 1504 2943 cumulabat,
1521 2890 1696 2945 quam
1709 2891 1852 2929 usu-
1892 2904 1942 2966 Ο
1974 2875 2246 2930 sionibus
2267 2875 2696 2945 improbabant,
2731 2874 2999 2928 dicentes
3022 2888 3155 2927 eum
3176 2887 3295 2926 non
3314 2885 3453 2925 esse
3471 2870 3640 2940 pacis

186 2964 264 3016 ris
286 2964 545 3031 turpiter
572 2962 910 3016 acervabat.
943 2962 1070 3016 Hoc
1100 2978 1335 3033 quoque
1362 2963 1642 3018 Azelinus
1668 2965 1850 3019 multo

185 3056 317 3106 ante
349 3051 638 3121 quaesivit
665 3053 721 3106 et
750 3067 907 3105 nunc
929 3052 1180 3105 maxime
1211 3048 1546 3120 insudabat,
1579 3053 1856 3123 quatinus

182 3158 281 3210 per
306 3156 449 3196 eum
482 3157 631 3195 suas
663 3142 967 3196 callidates
997 3142 1245 3197 liberius
1266 3146 1594 3197 exerceret.
1623 3143 1712 3197 Ad
1748 3159 1856 3198 cu-

176 3229 271 3299 jus
288 3231 729 3284 ordinationem
742 3235 799 3285 et
815 3233 1326 3287 consecrationem
1338 3236 1585 3288 vocatus
1603 3232 1857 3287 domnus

183 3320 527 3388 episcopus,
568 3319 746 3373 altius
791 3322 1153 3398 reclamavit,
1204 3326 1260 3375 et
1290 3322 1403 3376 hoc
1432 3322 1762 3393 indignum,
1797 3324 1859 3375 ut

181 3411 381 3476 postea
415 3408 695 3477 probavit
715 3414 988 3479 eventus,
1014 3413 1070 3465 et
1118 3414 1329 3471 contra
1379 3411 1574 3464 divina
1622 3410 1856 3480 eloquia

183 3495 1034 3569 factumjuxtailludapostoli:
1062 3499 1196 3554 Non
1238 3500 1574 3568 nea/illitum
1608 3499 1668 3568 (Ι
1709 3498 1854 3552 Tim.

187 3584 359 3652 111,6),
395 3585 537 3639 viva
569 3587 1032 3642 contradictione
1063 3589 1392 3659 redarguit.

246 3674 333 3727 26.
349 3675 785 3729 Posteatamen
805 3677 1159 3744 procedente
1192 3682 1451 3746 tempore
1480 3677 1695 3732 videns
1717 3677 1855 3748 quia

189 3763 485 3817 emendari
516 3779 637 3817 non
668 3766 917 3832 poterat,
950 3766 1209 3821 fraterna
1228 3768 1524 3837 siquidem
1542 3766 1853 3835 coepisco-

190 3866 392 3919 porum
420 3851 988 3922 quibusinhaaserat
1025 3856 1439 3910 ammonitione
1485 3856 1718 3922 ductus,
1781 3854 1853 3908 ad

191 3940 478 4008 quandam
510 3941 811 4010 sinodum,
836 3958 1015 4013 quam
1043 3945 1104 3999 in
1127 3943 1322 3999 Monte
1365 3946 1589 3999 sanctw
1652 3944 1852 3999 Mariae

190 4027 331 4096 (358)
352 4029 716 4084 celebraturi
750 4035 975 4100 essent,
1010 4036 1384 4087 convenerat.
1429 4033 1544 4088 Ubi
1573 4033 1854 4088 nimirum

191 4117 466 4172 Aselinus
495 4119 714 4174 timens
732 4121 1101 4191 objectiones
1116 4121 1421 4188 Harduini,
1442 4136 1616 4190 quem
1635 4136 1853 4190 suspe-

194 4208 342 4260 ctum
369 4208 651 4273 habebat,
678 4207 837 4264 illius
855 4212 1180 4264 commenta
1204 4210 1551 4278 pervertens
1576 4208 1690 4263 sibi
1708 4225 1854 4263 con-

192 4296 383 4356 suluit.
422 4297 874 4369 epistolamque,
911 4314 1085 4369 quam
1118 4299 1188 4352 de
1222 4297 1507 4351 Harduini
1531 4298 1723 4366 culpis
1761 4298 1857 4351 in-

195 4386 537 4454 scripserat,
570 4387 675 4440 uni
723 4387 1138 4457 episcoporum
1197 4386 1465 4456 porrexit
1520 4386 1853 4458 legendam.

194 4471 330 4536 Quae
362 4490 496 4527 eum
526 4474 641 4527 alta
668 4490 814 4529 voce
830 4477 888 4528 in
912 4475 1105 4530 medio
1125 4475 1445 4546 legeretur,
1477 4476 1737 4530 auditum
1768 4479 1861 4531 est

196 4562 499 4616 anathema
529 4578 672 4617 esse
695 4563 845 4618 inter
888 4579 1016 4631 eos,
1052 4564 1417 4620 Harduinum
1458 4564 1734 4619 videlicet
1779 4566 1861 4620 ibi

194 4648 536 4705 adstantem.
570 4650 698 4716 Quo
730 4651 884 4706 lecto
906 4653 1158 4707 sinodus
1187 4655 1583 4723 perturbatur,
1610 4670 1858 4725 magna-

194 4752 301 4805 que
332 4739 638 4793 altercatio
671 4740 846 4809 facta,
871 4742 1066 4794 tamen
1098 4742 1440 4812 diligentius
1485 4742 1861 4797 discutienda

195 4823 246 4876 in
269 4826 515 4881 alteram
547 4827 825 4882 sinodum
848 4844 1042 4898 usque
1063 4828 1346 4884 differtur.

256 4912 591 4985 27.1psoin
620 4920 885 4986 tempore
915 4917 1187 4972 videntes
1243 4918 1509 4988 episcopi
1557 4918 1853 4972 Beroldus

197 4998 732 5074 Suessionensium,
751 5007 809 5059 et
825 5004 1230 5061 Walerannus
1241 5006 1718 5075 Belvacensium,
1734 5021 1856 5076 praa

194 5088 565 5147 inbecillitate
584 5093 750 5164 regis
785 5094 1052 5164 peccatis
1075 5094 1309 5165 quidem
1332 5095 1711 5165 exigentibus
1739 5098 1858 5149 sta-

193 5178 308 5231 tum
326 5181 495 5251 regni
509 5181 777 5236 funditus
791 5182 1085 5252 inclinari,
1099 5182 1232 5253 jura
1246 5182 1547 5250 confundi,
1563 5197 1857 5253 usumque

192 5269 434 5333 patrium
466 5274 525 5323 et
554 5284 729 5324 omne
760 5286 955 5341 genus
979 5270 1230 5342 justitiae
1249 5272 1580 5342 profanari:
1611 5270 1856 5326 multum

1881 3990 1936 4051 D

1971 2965 2245 3034 amicum,
2279 2965 2379 3035 qui
2405 2978 2610 3034 pacem
2647 2962 2986 3017 volentibus
3027 2961 3390 3016 dissentiret.
3424 2960 3640 3013 Postea

1972 3070 2115 3108 vero
2140 3069 2385 3108 suorum
2417 3052 2628 3106 crebro
2682 3050 3012 3105 hortamine
3046 3050 3503 3115 circumventus,
3533 3047 3639 3100 sed

1973 3143 2224 3196 maxime
2254 3141 2550 3207 abbatum,
2611 3140 2859 3194 Leduini
2907 3136 3055 3209 (359)
3108 3137 3384 3191 videlicet
3429 3139 3485 3189 et
3514 3135 3637 3189 Ro-

1972 3231 2103 3285 trici
2136 3229 2302 3299 (360),
2340 3233 2580 3299 precatu
2611 3232 2874 3297 coactus,
2909 3227 3208 3298 adquievit
3230 3224 3471 3279 invitus.
3520 3222 3637 3277 Sed

1970 3320 2129 3390 quod
2150 3325 2280 3373 ante
2295 3317 2674 3388 reclamabat,
2702 3320 2911 3388 postea
2922 3315 3191 3386 probavit
3207 3317 3480 3368 eventus.
3524 3311 3638 3365 Vix

1970 3410 2125 3463 enim
2146 3407 2492 3479 paucissimi
2523 3407 2744 3460 crimen
2773 3404 3021 3476 perjurii
3039 3404 3380 3458 evaserunt.

2038 3496 2126 3552 28.
2146 3497 2243 3553 Sic
2259 3497 2450 3567 itaque
2474 3496 2727 3551 domnus
2746 3493 3071 3563 episcopus
3090 3492 3287 3546 divina
3300 3488 3634 3545 eruditione

1968 3587 2441 3658 scutatus,leges
2456 3584 3129 3651 zecelesiasticas,prout
3160 3582 3407 3651 poterat,
3454 3577 3637 3632 virili-

1964 3674 2724 3742 tertuebatur,cunctisque
2735 3671 3190 3726 adversantibus
3204 3666 3637 3724 obviabatinvi-

1965 3770 2119 3821 ctus.
2137 3765 2540 3820 Leodicenses
2554 3778 2698 3832 ergo
2713 3760 3190 3828 archidiaconos,
3212 3758 3312 3829 qui
3325 3760 3423 3811 aut
3434 3771 3635 3812 amore

1964 3856 2233 3927 pecuniae
2253 3858 2349 3907 aut
2379 3853 2700 3907 amicorum
2725 3852 2913 3921 gratia
2934 3849 3116 3917 ducti,
3150 3846 3632 3903 excomunicatos

1964 3948 2038 4001 ab
2069 3946 2219 4015 ipsis
2242 3942 2552 3997 cunabulis
2570 3944 2752 3995 totum
2790 3941 2923 3994 vita:
2946 3939 3199 4008 spatium
3220 3938 3281 3991 in
3330 3935 3488 3992 omni
3503 3950 3635 4004 pra-

1966 4035 2164 4090 vitatis
2180 4048 2399 4105 genere
2431 4032 2930 4094 consummantes,
2966 4028 3118 4081 inter
3147 4026 3356 4081 ﬁdeles
3396 4024 3633 4097 quidem

1967 4123 2339 4179 Christianos
2362 4119 2764 4176 concedebant
2778 4118 2997 4186 pariter
3010 4116 3306 4185 tumulari,
3324 4114 3486 4186 juste
3502 4114 3634 4168 red-

1968 4212 2334 4283 arguit,etut
2368 4210 2480 4263 hoc
2517 4208 2928 4273 abhorrerent,
2968 4206 3230 4259 fraterna
3268 4204 3633 4258 correctione

1968 4300 2291 4354 ammonuit
2321 4297 2431 4351 hoc
2449 4298 2655 4351 modo:
2685 4318 2705 4342 «ι
2734 4295 3040 4349 Gerardus
3081 4293 3270 4364 gratia
3316 4292 3441 4359 Dei,
3496 4291 3635 4345 licet

1968 4389 2297 4456 inmeritus,
2323 4386 2664 4456 episcopus,
2690 4387 2912 4437 sanctae
2934 4381 3321 4437 Leodicensis
3340 4379 3633 4434 aeeclesim

1967 4476 2420 4542 archiaiaconis,
2472 4473 2615 4528 illud
2672 4472 2949 4543 supplere
2980 4470 3249 4527 moribus
3298 4467 3629 4537 inol‘fensis,

1967 4567 2123 4640 quod
2142 4566 2328 4637 exigit
2355 4563 2735 4634 prerogotiva
2765 4562 3044 4630 nominis,
3080 4559 3356 4631 quoniam
3394 4556 3633 4628 quidem

1968 4670 2205 4726 semper
2241 4654 2313 4707 de
2345 4652 2608 4706 caritatis
2643 4655 2862 4705 vestrae
2894 4650 3125 4704 actibus
3171 4649 3429 4702 fraterna
3486 4644 3629 4699 affe-

1969 4746 2157 4799 ctione
2180 4742 2489 4810 sollicitor,
2516 4766 2537 4791 »
2556 4743 2666 4795 etc.
2686 4739 2959 4812 (Reliqua
2979 4739 3113 4793 Vide
3132 4738 3193 4792 in
3209 4737 3497 4792 Gsaaano
3511 4734 3634 4788 Pa—

1970 4834 2234 4904 trologiae
2264 4840 2400 4889 tom.
2433 4830 2661 4897 CXLII,
2687 4828 2795 4885 col.
2821 4826 3006 4898 1313.)

2038 4921 2127 4978 99.
2176 4922 2401 4976 Dehinc
2447 4936 2593 4976 vero
2660 4918 3094 4974 Adalberonem
3147 4913 3634 4968 Laudunensium

1965 5010 2304 5083 praesulem,
2328 5011 2427 5081 qui
2442 5011 2832 5080 episcOpium,
2853 5020 2971 5077 quo
2990 5003 3370 5076 fungebatur,
3388 5002 3635 5059 Widoni

1967 5101 2204 5168 clerico,
2225 5100 2426 5170 nepoti
2454 5099 2729 5154 videlicet
2760 5095 2996 5150 Beroldi
3027 5093 3313 5164 episcopi,
3375 5095 3635 5150 vendere

1966 5189 2279 5259 usurpavit
2307 5192 2364 5243 et
2394 5203 2601 5243 secum
2621 5187 2680 5241 in
2713 5185 2857 5240 sede
2888 5182 3635 5254 pentiﬁcalicollocarepu-

1964 5280 2144 5347 tabat,
2194 5278 2310 5332 hoc
2369 5277 2595 5347 scripto
2637 5274 2920 5329 correxit:
2962 5294 2984 5323 ι
3021 5272 3246 5328 Domno
3278 5273 3635 5329 Adalberoni

1779 5421 2034 5485 NOTJE

253 5554 697 5625 (357)Arnulfo,
734 5557 833 5626 qui
856 5554 1001 5610 obiit
1022 5572 1074 5611 a.
1137 5553 1296 5625 1023,
1358 5554 1469 5624 vel,
1532 5554 1857 5609 secundum

194 5624 339 5678 Ann.
362 5627 723 5694 Mosomag.,
749 5624 802 5681 ὲ.
831 5626 989 5680 1021.

254 5644 339 5678 1n.
366 5644 633 5682 nosoma
686 5668 723 5694 .,
749 5644 802 5681 a.
831 5644 989 5680 1U‘Z‘l.

254 5694 404 5762 (358')
460 5644 1085 5767 Montgotre-Dame,
1137 5712 1320 5769 prope
1377 5696 1705 5768 Bazoches,
1741 5712 1857 5752 non

1967 5552 2176 5623 procul
2206 5553 2280 5606 ab
2318 5551 2465 5623 urbe
2497 5549 2941 5623 Suessionensi.

2040 5623 2190 5692 (859)
2220 5620 2547 5677 Vedastini.

2039 5694 2190 5767 (360)
2218 5692 2561 5750 Bertiniani.
