4098 6196
452 324 574 407 1159

1377 327 1649 387 GESTA
1693 324 2219 389 PONTIFICUM
2265 324 2996 389 CA’MERACENSIUM

3784 326 3902 391 160

456 529 682 592 sancta:
713 529 1135 584 Laudunensis
1156 527 1428 583 ecclesiae
1477 527 1760 597 episcopo
1819 525 2120 581 Gerardus
2150 506 2211 570 Α
2242 526 2393 581 forte
2426 543 2500 580 ex
2529 543 2851 592 consensu;
2889 549 2911 575 ι
2935 531 3031 581 aut
3052 528 3103 582 si
3122 528 3385 582 debitum
3412 527 3620 582 uxoris
3642 543 3751 597 per
3767 531 3897 582 octo

457 618 641 688 gratia
658 617 764 671 Dei
777 617 1191 687 coepiscopus.
1210 616 1337 671 Etsi
1354 617 1664 687 hucusque
1680 617 1843 670 vario
1866 616 1936 669 de
1952 616 2122 669 vobis

451 704 645 775 plebis
677 721 913 759 rumore
943 706 1088 759 nihil
1124 706 1540 774 movebamur,
1582 726 1601 751 ι
1639 708 1749 759 etc.
1825 704 1968 758 Vide
2028 704 2128 757 ubi

450 809 650 865 supra,
686 794 793 848 col.
830 793 986 848 1317.

521 882 610 935 30.
645 882 786 936 Item
819 882 889 936 ad
922 883 1441 954 archiepiscopum
1473 883 1797 937 Ebulonem
1856 883 1955 953 qui
2016 881 2128 935 hoc

458 975 865 1039 consenserat,
906 972 984 1025 ita
1010 972 1245 1027 scribit:
1293 997 1312 1019 ιι
1378 972 1627 1026 Ebuloni
1680 971 2127 1040 archiepiscopo

456 1058 754 1114 Gerardus
773 1060 994 1114 nullius
1009 1061 1197 1114 meriti
1221 1062 1633 1130 coepiscopus.
1649 1059 1932 1124 Quoniam
1953 1075 2131 1130 quan-

457 1147 590 1201 dam
620 1149 969 1203 execrandae
994 1150 1397 1221 usurpationis
1412 1148 1895 1202 novitatemini‘ra
1925 1148 2126 1202 dioce-

457 1236 570 1290 sim
585 1241 844 1292 vestram
858 1238 1196 1292 coalescere
1211 1238 1565 1305 audivimus,
1588 1259 1609 1282 ιι
1628 1240 1737 1291 etc.
1771 1236 1915 1291 Vide
1950 1235 2123 1304 ibid.,

459 1322 565 1379 col.
594 1323 750 1380 1318.

525 1412 613 1467 31.
649 1415 736 1467 Ad
760 1415 1104 1485 episcopum
1134 1415 1660 1485 Suessonensium,
1697 1414 1849 1470 unde
1895 1430 2077 1484 supra
2112 1429 2123 1468 :

462 1523 483 1547 α
517 1501 768 1556 Beroldo
802 1504 1035 1558 nomine
1065 1508 1121 1559 et
1153 1505 1358 1559 merito
1377 1505 1658 1575 episcopo
1676 1504 1978 1559 Gerardus
2000 1503 2126 1557 nul-

457 1590 572 1644 lius
586 1592 782 1644 meriti
795 1594 1209 1662 coepiscopus,
1233 1594 1514 1664 quicquid
1527 1594 1598 1647 ad
1615 1595 1782 1647 beate
1811 1593 2128 1646 vivendum

455 1680 1155 1748 prastantius.Quoniam
1170 1683 1462 1751 quandam
1498 1682 1846 1737 execrandis
1871 1696 2127 1735 consue-

2239 631 2427 667 nnnos
2444 616 2628 669 scmcl
2641 617 2906 670 coeundo
2925 632 2997 669 ex
3012 632 3311 670 consensu
3325 616 3459 686 ejus
3478 616 3663 685 potuit
3683 616 3898 671 exolvi.

2239 704 2300 757 Si
2332 721 2472 758 vero
2529 704 2793 758 nituntur
2849 705 2999 760 ultra
3049 705 3269 775 aliquid
3318 720 3608 774 quaerere,
3662 706 3900 759 audiant

2241 793 2379 862 quid
2403 793 2550 847 alias
2570 794 2726 847 idem
2740 794 2878 848 dicit
2909 794 3214 862 apostolus
3239 809 3250 847 :
3277 816 3298 840 ιι
3327 794 3416 847 An
3434 794 3901 862 experimentum

2240 881 2461 935 Christi
2485 883 2732 951 capietis
2763 882 2896 953 ejus
2930 882 3379 953 quiloquiturin
3426 882 3737 949 nobis?(ll
3766 882 3900 937 Cor.

2240 987 2365 1039 xm,
2390 972 2466 1039 3).
2507 995 2528 1019 η
2563 971 2729 1035 Quod
2758 972 2931 1026 vobis
2961 972 3342 1026 scribendum
3392 972 3827 1040 estimavimus,
3850 976 3908 1025 ut

2241 1059 2392 1113 hanc
2416 1062 2799 1130 apostolicam
2818 1063 3171 1116 sententiam
3193 1062 3281 1115 eis
3300 1061 3642 1130 proponatis
3666 1061 3905 1115 eviden-

2242 1149 2380 1217 tius,
2407 1150 2506 1219 qui
2535 1150 2705 1204 aliter
2734 1167 2907 1220 quam
2927 1151 3186 1222 legitime
3217 1151 3488 1204 noverint
3511 1149 3786 1219 judicare
3837 1149 3907 1204 de

2242 1238 2608 1293 talibus.Cui
2640 1245 2737 1293 aut
2780 1241 3124 1306 concedant,
3174 1242 3272 1293 aut
3327 1254 3455 1292 eam
3512 1238 3905 1306 detestantes,

2243 1328 2382 1397 quid
2414 1328 2823 1383 rationabilius
2853 1329 3186 1383 invenerint
3213 1327 3599 1399 praetendant.

2311 1418 2440 1473 34.α
2480 1419 2725 1473 Domino
2777 1418 3261 1472 Ambianensium
3318 1418 3598 1485 ebiscopo
3660 1415 3911 1469 Fulconi

2244 1506 2543 1562 Gerardus
2559 1508 2746 1578 gratia
2761 1508 2865 1561 Dei
2878 1507 3393 1562 Cameracensium
3408 1506 3826 1575 coepiscopus,
3856 1508 3911 1557 et

2247 1598 2427 1667 hujus
2459 1600 2593 1651 vitae
2617 1598 3009 1652 innocentiam
3033 1602 3089 1651 et
3128 1593 3483 1651 caelestisi’J6
3503 1610 3635 1649 cum
3673 1593 3911 1665 angelis

2247 1688 2515 1757 gloriam.
2540 1687 2705 1751 Quod
2729 1687 3030 1741 confrater
3051 1690 3254 1740 noster
3273 1683 3764 1738 Terwanensium
3782 1683 3913 1751 epi-

459 1768 679 1823 tudinis
712 1772 1027 1824 novitatem
1058 1769 1210 1824 infra
1250 1774 1513 1825 sanctam
1556 1771 1893 1826 aacclesiam
1932 1769 2126 1825 coalo-
2165 1776 2218 1838 B
2245 1793 2469 1847 scopus
2501 1777 2699 1847 Drogo
2753 1793 2787 1830 a
2844 1778 3055 1832 comite
3105 1774 3389 1829 Balduino
3433 1776 3609 1826 tantis
3669 1771 3911 1843 injuriis

462 1871 633 1911 scere
662 1858 1017 1927 audivimus,
1046 1883 1067 1907 υ
1102 1865 1212 1915 etc.
1259 1860 1403 1915 Vide
1423 1860 1595 1929 ibid.,
1631 1858 1737 1913 col.
1766 1857 1921 1914 1318.

534 1946 623 2000 32.
654 1969 674 1992 ιι
710 1945 1011 2002 Gerardus
1042 1950 1301 2018 nomine,
1348 1966 1466 2003 non
1523 1950 1731 2003 merito
1787 1950 2128 2019 episcopus,

465 2034 730 2089 Le’duino
762 2036 955 2090 abbati
989 2041 1044 2092 et
1073 2039 1227 2092 omni
1260 2038 1709 2109 congregationi
1740 2038 2135 2092 sanctiPatris

465 2124 652 2178 nostri
685 2123 1055 2180 Vedastisub
1079 2142 1149 2181 eo
1181 2126 1442 2199 degenti,
1475 2130 1531 2180 et
1553 2126 1826 2181 omnibus
1848 2127 1999 2180 hanc
2031 2141 2137 2194 pa-

467 2212 665 2282 ginam
696 2214 1275 2286 devotelegentibus,
1308 2219 1364 2269 et
1385 2216 1500 2269 vita
1520 2217 1574 2269 et
1596 2232 1708 2285 pax
1732 2231 1764 2268 a
1798 2215 1919 2269 Deo
1942 2214 2138 2269 multi-

464 2300 736 2370 plicetur,
770 2305 869 2372 qui
901 2308 992 2360 est
1024 2306 1145 2357 vita
1175 2304 1441 2376 etgloria
1455 2304 1839 2359 cunctisinse
1853 2304 2138 2357 credenti-

464 2388 598 2443 bus.
617 2387 902 2454 Quoniam
924 2397 1149 2447 sanctaa
1168 2392 1375 2446 matris
1406 2392 1699 2448 wcclesiee
1744 2392 2137 2464 cognovimus

463 2494 574 2533 vos
588 2493 727 2534 esse
740 2479 946 2549 ﬁlium,
964 2482 1245 2535 imitando
1264 2484 1488 2551 patrem
1507 2485 1775 2536 vestrum
1790 2482 2136 2535 misericor-

465 2567 597 2621 dem
630 2568 834 2638 Deum,
863 2593 885 2617 ο
921 2574 1032 2625 etc.
1071 2570 1213 2625 Vide
1247 2571 1346 2624 ubi
1367 2587 1565 2641 supra,
1593 2570 1700 2625 col.
1734 2570 1893 2625 1319.

536 2654 625 2712 33.
657 2679 677 2704 α
711 2657 1011 2713 Gerardus
1044 2661 1364 2729 episc0pus
1398 2661 1652 2727 nomine,
1687 2675 1803 2714 non
1818 2661 2045 2726 merito,
2065 2658 2132 2712 G.

469 2744 665 2799 abbati
707 2747 988 2801 virtutum
1020 2749 1291 2803 roborari
1312 2748 1714 2803 incrementis.
1736 2749 2136 2802 Leodicenses

467 2833 869 2891 archidiaconi
897 2852 1087 2906 nuper
1124 2838 1195 2892 de
1228 2837 1508 2892 Hezelino
1557 2840 1615 2891 et
1668 2841 1840 2906 nepte
1903 2839 2130 2906 nostra,

467 2937 651 2978 uxore
681 2924 816 2995 ejus
846 2925 1020 2994 dicta,
1043 2925 1376 2980 habuerunt
1395 2925 1730 2992 concilium,
1765 2924 1917 2979 unde
1952 2925 2129 2977 mira-

2245 1867 2638 1937 inpulsatur,»
2675 1872 2786 1921 etc.
2834 1866 2977 1921 Vide
3007 1866 3068 1920 in
3091 1864 3398 1933 Gsnanno,
3442 1868 3501 1917 ut
3549 1877 3750 1933 supra,
3797 1859 3910 1914 col.

2244 1956 2403 2010 i321.

2315 2047 2405 2101 35.
2431 2046 2552 2102 Sub
2582 2047 2701 2102 hiis
2734 2046 2946 2102 diebus
2980 2047 3096 2115 (an.
3160 2043 3317 2112 1023,
3368 2041 3530 2111 Jul.),
3591 2055 3727 2094 cum
3759 2039 3913 2093 forte

2248 2138 2565 2207 imperator
2589 2136 2884 2190 Henricus
2915 2136 2973 2189 in
3005 2135 3383 2205 Aquisgrano
3414 2130 3628 2201 palatio
3663 2134 3779 2183 tam
3839 2128 3915 2182 de

2248 2226 2697 2282 aecclesiasticis
2715 2240 2890 2295 quam
2909 2228 2965 2278 et
2994 2224 3066 2278 de
3096 2221 3471 2278 secularibus
3494 2220 3912 2291 pertractaret,

2248 2319 2309 2371 in
2330 2316 2704 2386 ipsainterim
2727 2314 3000 2368 mcclesia
3011 2311 3393 2382 provincialis
3418 2310 3667 2364 sinodus
3694 2309 3769 2362 ab
3783 2308 3915 2377 epi-

2249 2406 2450 2475 scopis
2469 2404 2762 2459 cclebrata
2783 2406 2894 2458 est.
2912 2402 3024 2458 Ubi
3048 2402 3341 2472 siquidem
3356 2401 3506 2455 inter
3517 2397 3919 2467 archiepisco-

2249 2511 2385 2565 pum
2408 2493 2845 2548 Coloniensium
2868 2491 3234 2561 Pilegrinum
3248 2495 3304 2543 et
3334 2489 3678 2543 Durandum
3701 2486 3917 2540 Leodi-

2250 2585 2519 2638 censium
2539 2580 3190 2653 pontiﬁcemaltercatio
3230 2593 3347 2632 non
3379 2593 3557 2646 parva
3588 2576 3916 2640 incanduit,

2250 2690 2356 2743 pro
2372 2672 2730 2726 monasterio
2747 2669 3017 2723 videlicet
3036 2668 3314 2722 Burcitho
3333 2666 3559 2736 (361-3),
3584 2665 3737 2736 quod
3758 2668 3918 2717 uter-

2253 2779 2367 2834 que
2391 2777 2518 2815 suee
2540 2759 2873 2829 parrochiae
2892 2758 3195 2829 subjicere
3224 2756 3634 2811 contendebat.
3654 2754 3925 2807 Domnus

2252 2854 2444 2905 autem
2466 2849 2766 2904 Gerardus
2784 2849 3128 2919 episcopus,
3149 2852 3210 2901 ut
3257 2845 3593 2900 testimonio
3643 2842 3918 2896 veritatis

2254 2940 2413 2995 litem
2443 2942 2869 3008 compesceret,
2904 2937 3038 2989 viva
3056 2950 3201 2990 voce
3242 2933 3547 3003 increpuit,
3584 2931 3761 3002 quod.
3787 2930 3910 2998 epi-

466 3027 616 3081 mur,
651 3018 965 3084 postquam
994 3031 1069 3069 ex
1101 3016 1349 3070 veritate
1394 3015 1809 3087 cognovimus,
1862 3013 2018 3083 quod
2075 3016 2131 3066 et

2255 3029 2421 3099 scapi
2435 3028 2837 3083 Leodicenses
2855 3027 3113 3097 quinque
3132 3024 3376 3079 abbates
3394 3023 3554 3076 illius
3568 3017 3917 3074 monasterii

466 3103 959 3172 quemadmodum
992 3105 1142 3159 inter
1180 3101 1286 3159 eos
1317 3105 1584 3159 fecerunt
1610 3103 1916 3174 judicium.
1952 3101 2131 3156 Audi-

464 3191 662 3245 vimus
674 3192 850 3262 enim,
867 3194 1117 3248 eundem
1133 3194 1472 3248 chelinum
1484 3208 1642 3248 nunc
1669 3193 1920 3262 primum
1941 3191 2132 3245 dixis-

466 3297 553 3351 se,
575 3281 711 3352 quia
733 3285 918 3338 semel
937 3299 1069 3338 cum
1088 3299 1156 3337 ea
1175 3284 1511 3351 concubuit;
1535 3281 1691 3353 quod
1706 3282 1921 3335 factum
1945 3280 2134 3334 hacte-

464 3387 579 3425 nus
610 3372 808 3440 tacuit,
825 3372 962 3427 dum
985 3372 1139 3442 apud
1159 3373 1439 3442 pleraque
1463 3370 1869 3425 conventicula
1890 3369 2134 3440 proinde

465 3460 873 3528 interpellatus
909 3460 1183 3523 extiterit;
1204 3476 1236 3512 a
1276 3460 1492 3529 quibus
1524 3460 1699 3513 etiam
1730 3474 1837 3527 pro
1867 3458 2133 3527 inpossi-

464 3547 1019 3617 bilitateejusmodi,
1040 3548 1258 3603 rubore
1273 3547 1648 3602 verecundiae
1681 3562 1969 3617 aspersus
2001 3562 2134 3600 cre-

467 3637 576 3692 bro
606 3636 797 3690 rediit.
816 3636 931 3690 Ubi
958 3651 1169 3690 revera
1189 3652 1363 3690 suum
1385 3639 1581 3690 tacere
1610 3635 1756 3691 nihil
1805 3635 1963 3689 aliud
2001 3635 2130 3703 fuit,

467 3742 645 3797 quam
658 3725 1204 3780 contradicentibus
1220 3740 1534 3779 assensum
1555 3724 1825 3794 prebere.
1844 3723 2002 3794 Ergo
2020 3739 2137 3777 non

464 3817 618 3873 ultra
651 3815 935 3870 debuerat
954 3814 1144 3868 audiri
1176 3814 1235 3867 in
1274 3813 1392 3868 hoc
1434 3813 1586 3883 apud
1630 3813 1894 3866 sinodale
1944 3813 2135 3866 conci-

466 3905 631 3975 lium,
667 3905 763 3959 ubi
786 3920 819 3957 a
850 3903 1158 3974 magistris
1195 3903 1430 3958 concilii
1466 3902 1747 3957 attentius
1787 3901 2137 3971 inquirenda

468 3996 562 4049 est
575 3994 818 4063 probata
832 3993 1071 4062 veritas,
1091 3992 1187 4047 vel
1200 3992 1508 4047 refutanda
1522 3992 1748 4046 falsitas
1775 3991 2134 4060 prolatorum

468 4082 809 4137 verborum.
834 4081 949 4137 Sed
970 4082 1468 4151 esto,semelcum
1519 4097 1586 4136 ea
1631 4080 1967 4144 concubuit;
1993 4079 2133 4149 quid

470 4175 663 4227 autem
693 4171 765 4226 de
788 4171 1017 4242 reliquo
1034 4174 1062 4225 ε)
1083 4173 1358 4227 videlicet
1373 4171 1529 4242 quod
1552 4187 1685 4225 cum
1698 4186 1765 4224 ea
1811 4174 1940 4224 octo
1964 4169 2134 4222 annis

2254 3120 2386 3173 sine
2417 3118 2535 3173 ulla
2575 3116 3035 3171 contradictione
3079 3111 3919 3182 archiepiscOpiconsecrave-

2250 3211 2387 3262 runt
2415 3208 2593 3261 immo
2624 3210 2680 3260 et
2701 3206 2849 3274 ipse,
2881 3205 3233 3272 imperatore
3266 3203 3511 3272 rogante
3541 3202 3597 3253 et
3640 3198 3918 3252 Baldrico

2250 3299 2530 3367 episcOpo
2550 3293 2902 3349 Leodicensi
2921 3294 3174 3362 petente,
3198 3292 3257 3344 in
3278 3289 3574 3360 presentia
3590 3288 3789 3341 domui
3812 3289 3917 3341 im-

2249 3385 2544 3455 peratoris
2566 3384 2623 3436 in
2656 3383 2923 3453 Aquensi
2942 3380 3216 3435 aecclesia
3238 3384 3459 3433 sancta;
3483 3377 3681 3431 Mariae
3706 3376 3923 3446 pretati

2250 3472 2588 3530 monasterii
2633 3472 2885 3525 clericos
2932 3469 3248 3536 ordinavit,
3283 3469 3593 3538 ipsumque
3622 3470 3924 3520 monaste-

2249 3564 2400 3617 rium
2423 3577 2556 3615 cum
2589 3561 3041 3629 archiepiscopo
3073 3560 3352 3627 Poppone
3388 3555 3836 3610 Trevirensium
3865 3560 3925 3608 et

2252 3651 2536 3706 Haimone
2556 3648 3018 3703 Vir‘dunensium
3036 3646 3431 3701 consecravit.
3466 3645 3549 3698 Eo
3598 3659 3748 3715 ergo
3799 3644 3927 3698 sibi

2249 3741 2437 3794 videri
2458 3739 2680 3792 rectius
2702 3735 3055 3792 Leodicensi
3077 3751 3255 3806 quam
3283 3734 3619 3789 Coloniensi
3660 3734 3925 3803 regime-

2250 3830 2348 3884 nio
2371 3828 2707 3898 subjacere.
2727 3826 2986 3890 Quodita
3014 3839 3250 3895 quoque
3290 3824 3506 3878 ceteris
3544 3822 3922 3877 testificanti-

2250 3919 2385 3987 bus,
2407 3917 2898 3985 archiepiscopus
2916 3919 3116 3984 preter
3131 3913 3310 3967 ullam
3357 3911 3686 3966 sinodalem
3744 3926 3928 3965 reve-

2252 4007 2501 4063 rentiam
2520 4006 2608 4059 ira
2639 4007 2967 4058 commotus
2990 4003 3310 4056 abscessit-

2321 4096 2412 4150 36.
2438 4094 2552 4148 Sed
2576 4108 2686 4149 nec
2709 4092 2994 4148 oblivioni
3051 4090 3419 4158 tradendum,
3470 4089 3626 4159 quod
3664 4104 3771 4158 per
3808 4089 3930 4143 ali-

2255 4188 2398 4255 quot
2443 4185 2593 4253 dies,
2636 4184 2776 4238 dum
2824 4182 3075 4236 sinodus
3129 4182 3534 4237 celebraretur
3575 4179 3695 4248 (an.
3758 4175 3927 4244 1023,

467 4265 568 4316 aut
593 4261 730 4331 plus
751 4276 821 4315 eo
840 4263 1248 4331 conversatur,
1273 4277 1382 4315 nec
1395 4261 1645 4315 ulterius
1658 4275 1787 4313 eam
1827 4260 2129 4330 cognovit,

2258 4275 2419 4343 Jul.),
2445 4277 2601 4328 tanta
2645 4274 2886 4327 siccitas
2927 4274 3084 4326 aeris
3121 4271 3571 4341 etintempcries
3591 4272 3776 4323 aestus
3815 4283 3933 4321 ex-

468 4365 661 4421 neque
689 4364 832 4420 spes
873 4353 967 4404 est
1011 4350 1151 4419 ulla,
1193 4353 1256 4405 ut
1300 4350 1362 4404 in
1411 4349 1670 4404 futurum
1720 4348 1929 4403 debeat
1964 4349 2132 4401 aliter

469 4441 800 4509 expectari?
828 4438 892 4491 In
909 4438 1130 4507 quibus
1172 4438 1585 4494 discernendis
1613 4437 1883 4491 audiatur
1930 4436 2136 4490 doctor

470 4527 763 4584 mcclesiae
779 4526 1458 4597 Paulusapostolus,qui
1476 4528 1550 4580 ad
1593 4525 1933 4580 Corinthios
1978 4525 2134 4578 scri-

471 4617 645 4686 bens,
688 4616 860 4670 aitzc:
924 4615 1109 4669 Uxori
1155 4615 1246 4667 vir
1293 4615 1554 4669 debitum
1602 4614 1827 4682 reddat,
1868 4614 2140 4668 similiter

470 4708 667 4762 autem
687 4709 745 4760 et
762 4720 914 4760 uxor
928 4703 1057 4758 viro
1089 4702 1144 4771 (Ι
1173 4702 1308 4758 Cor.
1360 4720 1460 4771 vn,
1479 4702 1555 4771 3).
1585 4725 1606 4750 »
1660 4702 1731 4756 Et
1759 4702 1971 4758 dehinc
2001 4718 2141 4772 pro-

473 4796 781 4866 sequitur:
817 4816 839 4841 «ι
878 4793 1071 4847 Nolite
1102 4792 1378 4848 fraudare
1408 4791 1467 4844 in
1501 4791 1774 4859 invicem,
1817 4791 1934 4845 nisi
1991 4792 2143 4846 forte

473 4898 549 4939 ex
582 4898 887 4941 consensu
916 4882 989 4937 ad
1021 4886 1274 4951 tempus,
1309 4885 1373 4935 ut
1401 4881 1626 4936 vacetis
1644 4880 1913 4946 orationi;
1951 4885 2008 4935 et
2038 4881 2142 4934 ite-

475 4986 609 5029 rum
627 4971 992 5027 revertimini
1022 4972 1086 5025 in
1117 4970 1175 5029 id
1196 4969 1412 5040 ipsum,
1437 4984 1510 5025 ne
1540 4971 1782 5039 temptet
1824 4985 1933 5024 vos
1983 4972 2142 5024 sata-

478 5074 591 5115 nas
633 5064 875 5130 propter
918 5059 1401 5117 incontinentiam
1459 5060 1720 5113 vestram
1768 5058 1964 5128 (ibid.,
2001 5059 2076 5128 5).
2116 5078 2137 5108 ι

475 5145 660 5211 Quam
693 5151 1043 5204 sententiam
1064 5149 1136 5205 de
1181 5148 1397 5205 talibus
1445 5146 1788 5218 judicantes
1849 5152 2143 5218 exponant

477 5236 651 5293 nobis
691 5237 835 5307 quid
863 5237 1185 5307 Apostolus
1219 5239 1343 5295 vult
1390 5236 1637 5308 intelligi
1687 5236 1925 5292 dicens:
1966 5258 1988 5283 α
2024 5236 2142 5293 nisi

2259 4363 2568 4417 canduitut
2584 4361 2748 4415 multi
2772 4362 3101 4415 mortalium
3132 4377 3255 4430 prae
3303 4360 3483 4413 nimio
3520 4358 3730 4412 ardore
3772 4357 3932 4410 defi-

2256 4468 2391 4507 cere
2422 4454 2785 4521 putarentur,
2810 4450 2917 4504 sed
2930 4453 2985 4505 et
3004 4450 3228 4520 aliquot
3240 4449 3514 4502 animalia
3535 4446 3736 4502 subito
3753 4445 3930 4500 labe-

2253 4544 2457 4596 rentur
2493 4540 2767 4595 extincla.
2790 4538 3044 4593 Econtra
3067 4554 3212 4593 vero
3243 4538 3534 4591 columnae
3569 4546 3931 4589 marmorea

2250 4630 2443 4700 ipsius
2457 4628 2750 4684 aecclesiee
2765 4628 3082 4683 uberrimis
3096 4630 3153 4681 et
3167 4626 3424 4680 insuetis
3443 4623 3786 4678 madoribus
3830 4623 3930 4675 vi-

2252 4735 2339 4774 sae
2355 4724 2495 4773 sunt
2513 4718 2819 4787 insudare,
2837 4717 2984 4772 adeo
2999 4720 3059 4770 ut
3081 4715 3439 4787 quorumvis
3461 4713 3733 4777 manibus
3768 4712 3935 4766 forte

2249 4807 2519 4862 lavandis
2539 4807 2819 4861 sufﬁcere
2838 4808 3065 4875 posset;
3098 4804 3429 4874 pavimenta
3476 4817 3714 4871 quoque
3759 4817 3934 4855 mar-

2250 4912 2453 4951 morea
2474 4896 2654 4950 veluti
2677 4896 2963 4950 scatentia
2983 4897 3143 4949 tanto
3169 4894 3401 4965 liquore
3432 4891 3727 4957 natabant,
3762 4893 3827 4943 ut
3847 4904 3930 4943 ex

2249 4986 2541 5042 industria
2557 4986 2829 5056 respergi
2844 4985 2916 5039 ab
2940 4985 3132 5055 ipsius
3148 4981 3442 5037 aecclesiae
3458 4978 3813 5035 custodibus
3826 4993 3941 5048 pu-

2250 5078 2535 5129 tarentur.
2563 5075 2646 5128 De
2662 5089 2777 5144 quo
2797 5074 2963 5128 multi
2985 5074 3287 5142 sapientes
3304 5070 3551 5136 attoniti,
3582 5067 3722 5139 quid
3774 5082 3936 5121 con-

2240 5163 2499 5235 jicerent
2520 5163 2888 5230 nesciebant,
2911 5162 3022 5217 sed
3042 5177 3152 5232 pro
3175 5160 3429 5214 humano
3467 5158 3677 5212 intuitu
3727 5155 3935 5209 immi-

2248 5268 2390 5308 nere
2403 5253 2634 5307 ruinam
2643 5251 2979 5323 aliquorum
2990 5250 3320 5322 principum
3332 5246 3756 5318 presagabant,
3772 5259 3938 5315 quos

1772 5389 2068 5451 VARIIE
2112 5388 2604 5459 LECTIONES.

544 5497 625 5541 216
657 5498 948 5555 celestem
979 5499 1032 5554 3.

2056 5593 2333 5656 NOT/E.

556 5693 768 5769 (361-8)
796 5692 1176 5752 Burtscheid.
