4098 6196
224 368 305 434 161
1492 356 1747 427 LIBER
1791 354 2178 429 TERTIUS.

3444 358 3570 433 169

223 570 275 623 ab
300 565 540 622 arcelesim
569 564 841 618 fidelibus
861 568 1160 620 constaret
1182 579 1321 620 esse
1358 565 1697 634 plorandos.
1724 564 1795 618 Et
1820 556 1875 616 A
1904 564 2146 635 gnituri,
2180 566 2368 619 mirati
2402 566 2668 635 profecto
2699 582 2832 638 quae
2861 569 3157 639 viderant,
3190 571 3463 626 dicebant
3495 588 3562 628 se

220 674 323 711 vere
337 658 526 726 utique;
542 670 671 707 cum
684 655 859 724 paulo
872 657 1008 723 post
1024 655 1213 725 primo
1227 655 1463 725 quidem
1482 654 1601 708 dux
1621 652 1789 722 (864),

220 746 377 800 deinde
402 745 692 814 imperator
720 745 1098 813 interierunt;
1132 759 1381 815 quorum
1402 745 1646 797 casibus
1666 758 1796 795 san-

220 841 287 889 cta
309 833 549 899 zeeclesia,
593 837 654 885 ut
684 833 986 901 posterius
1015 834 1226 887 dicturi
1277 848 1505 901 sumus,
1559 831 1796 886 desola-

222 925 384 976 tionem
411 936 769 989 comparasse
800 922 1087 990 deplorat.

270 1009 487 1065 37.Hinc
522 1014 714 1064 autem
763 1011 1083 1081 imperator
1131 1026 1422 1083 egressus
1472 1012 1693 1082 (Aug.),
1725 1009 1798 1063 ad

221 1096 597 1165 Evosium(365;
643 1099 840 1152 villam
887 1100 1381 1170 pulcherrimam,
1435 1116 1608 1170 quam
1644 1100 1801 1154 beati

216 1186 737 1258 videlicetGaugerici
762 1189 1035 1242 nativitas
1061 1189 1392 1256 illustravit,
1420 1206 1550 1243 cum
1576 1190 1799 1259 primo-

220 1277 342 1329 ribus
366 1276 570 1346 quidem
598 1291 845 1330 suorum
874 1277 1264 1346 palatinorum
1284 1279 1550 1344 intendit,
1585 1278 1666 1331 ibi
1684 1278 1799 1331 sci-

217 1366 314 1419 licet
337 1380 446 1418 cum
470 1361 541 1404 2⁸⁷
573 1365 857 1419 Rotberto
887 1381 1029 1437 rege
1063 1367 1420 1437 colloquium
1466 1366 1796 1436 habiturus,

219 1453 293 1507 sed
317 1453 437 1505 etde
463 1456 611 1506 statu
642 1452 982 1527 imperii,§ac
1012 1471 1127 1509 non
1147 1458 1367 1509 tantum
1391 1456 1461 1509 de
1484 1456 1799 1509 mundanis

218 1557 367 1595 verum
387 1541 447 1594 de
464 1541 1222 1611 spiritualibuslocuturus;
1257 1545 1557 1615 sapienter
1584 1544 1801 1614 quippe

215 1630 459 1699 disposito,
490 1634 546 1683 ut
573 1631 635 1683 in
668 1645 736 1684 eo
767 1631 917 1703 loco,
944 1632 1045 1686 ubi
1076 1634 1484 1687 beatissimum
1509 1633 1801 1704 Gaugeri-

217 1733 311 1771 cum
334 1722 547 1773 noverat
575 1723 798 1787 ortum,
833 1721 969 1791 ejus
1000 1723 1347 1793 gaudiosam
1398 1722 1797 1789 festivitatem,

214 1823 309 1876 qua
331 1805 374 1861 3.
404 1808 592 1862 Idibus
626 1810 882 1881 Augusti
914 1816 1026 1878 est,
1060 1812 1363 1866 celebrare
1413 1813 1656 1866 veniret.
1690 1811 1798 1875 Qui

214 1896 425 1949 nimirum
437 1900 645 1966 quanto
658 1898 853 1969 major
868 1902 1022 1953 tanto
1039 1900 1476 1973 humilior,regi
1492 1903 1598 1955 Rol
1610 1904 1796 1971 berto,

212 2000 307 2037 cum
330 1985 387 2038 ad
408 2001 468 2039 se
496 1987 741 2054 veniret,
770 1988 828 2041 in
859 1988 997 2041 villa
1013 1989 1439 2060 Mosomo(366)
1459 1991 1515 2044 in
1541 1991 1799 2045 dicfesto

214 2074 355 2126 sancti
383 2074 994 2131 Laurentiioccurrere
1041 2079 1383 2146 estimavit,
1437 2080 1494 2132 in
1544 2080 1800 2133 crastino

210 2176 314 2215 vero
339 2166 503 2216 sancti
532 2164 851 2236 Gaugeriei
882 2167 1211 2221 venientem
1230 2154 1393 2221 advse
1416 2184 1546 2222 cum
1572 2184 1801 2221 summa

210 2252 515 2307 veneratione
544 2254 833 2324 suscepit.
870 2256 995 2309 Hoc
1027 2258 1218 2310 autem
1250 2260 1366 2310 tam
1399 2258 1658 2327 speciale
1690 2259 1805 2311 col-

210 2338 411 2408 loquiuzn
439 2344 492 2395 et
520 2345 697 2396 tantae
728 2344 1118 2399 solemnitatis
1169 2349 1522 2399 conventum
1565 2361 1682 2399 non
1713 2350 1803 2399 est

211 2443 317 2481 mem
342 2431 625 2498 parvitatis
654 2432 962 2498 evolvere;
996 2434 1097 2488 ubi
1149 2435 1384 2505 quidem
1433 2436 1804 2489 diversarum

209 2518 443 2572 nationum
472 2519 658 2575 duces
675 2537 745 2575 ac
771 2524 1165 2592 satrapae,ubi
1191 2540 1558 2579 summorum
1589 2527 1646 2578 et
1674 2524 1803 2577 illu-

210 2607 368 2660 strium
384 2609 650 2677 virorum,
669 2614 788 2664 tam
821 2612 1175 2681 episcoporu
1186 2629 1238 2665 m
1261 2614 1538 2667 videlicet
1561 2629 1735 2684 quam
1752 2619 1808 2667 et

210 2692 443 2766 abbatum,
472 2698 527 2751 in
558 2715 808 2755 numero
838 2702 1177 2756 conﬂuxere
1209 2717 1507 2771 persomc.
1562 2703 1647 2755 Ad
1694 2703 1805 2756 hoc

205 2785 348 2837 autem
363 2787 578 2854 plurimi
595 2793 1027 2857 convenerunt,
1052 2795 1111 2844 ut
1129 2791 1471 2861 dignitatem
1497 2792 1811 2859 imperato-

207 2871 313 2924 riam
337 2875 689 2945 mirarentur,
708 2893 883 2947 quam
905 2882 1208 2947 tantopere
1232 2882 1387 2933 fama
1412 2880 1703 2933 laudabat.
1722 2880 1807 2933 Ibi

209 2965 326 3013 certe
342 2965 485 3029 pacis
515 2966 861 3035 etjusticiae
901 2983 1131 3021 summa
1161 2968 1432 3023 difﬁnitio
1472 2972 1808 3039 mutuacquc

1901 654 2068 723 plura
2098 654 2323 709 vidisse
2355 671 2528 725 quam
2552 656 3257 713 rumorfuisset.Nullum
3285 662 3439 715 enim
3460 676 3559 716 re-

1907 757 2039 812 gem
2073 746 2170 796 aut
2205 745 2519 798 Persarum
2553 749 2646 799 aut
2680 747 2940 799 Arabum
2972 747 3112 801 huic
3146 750 3414 804 conferre
3457 767 3565 805 au-

1902 832 2074 900 debo,
2108 834 2377 902 quamvis
2410 849 2514 887 eos
2548 835 2775 888 cunctis
2808 836 3088 905 gentibus
3124 838 3335 905 opibus
3385 855 3562 908 pres-

1906 925 2027 973 tare
2059 921 2365 991 legissem.

1973 1006 2061 1064 38.
2097 1009 2236 1064 lude
2269 1012 2439 1064 etiam
2472 1010 2792 1081 imperator
2833 1014 3186 1083 procedens,
3234 1015 3563 1071 Virdunum

1904 1100 2161 1167 perrexit
2190 1099 2377 1170 (Sept.
2409 1099 2485 1169 8),
2518 1101 2879 1156 nativitatem
2913 1106 3135 1157 sanctae
3167 1104 3368 1158 Marite
3401 1105 3563 1160 cele-

1903 1186 2204 1257 braturus,
2232 1188 2443 1259 legatis
2464 1189 2697 1259 quidem
2719 1191 2904 1262 regiis
2928 1206 3135 1245 secum
3164 1193 3565 1265 deductis,qui

1882 1274 1983 1328 ‘ibi
1999 1276 2447 1345 responsionem
2464 1278 2694 1332 comitis
2718 1279 2937 1333 Odonis
2961 1281 3249 1349 audirent,
3267 1283 3561 1353 quomodo

1905 1380 1971 1417 se
2000 1365 2074 1418 ab
2103 1364 2357 1435 objectis
2379 1367 2643 1421 Rotberti
2668 1368 2854 1438 regis,
2873 1384 2903 1421 a
2928 1384 3044 1438 quo
3075 1371 3563 1441 arguebatur,de-

1902 1452 2187 1507 fenderet.
2221 1455 2353 1523 Ipsa
2383 1471 2526 1509 vero
2558 1456 2617 1509 in
2649 1456 2742 1510 die
2774 1456 3008 1511 domina
3039 1458 3401 1529 imperatrix,
3427 1462 3565 1531 quia

1904 1556 2031 1595 eam
2065 1543 2121 1594 in
2154 1544 2604 1610 processionem
2635 1545 3222 1616 domnusepiscopus
3255 1548 3562 1604 addextra-

1904 1629 1988 1682 vit
2016 1629 2184 1699 (367),
2219 1633 2273 1684 ei
2304 1633 2515 1686 stolam
2548 1648 2691 1687 auro
2723 1634 3096 1706 gemmisque
3138 1637 3383 1691 contulit
3413 1637 3563 1692 insi-

1908 1719 2149 1788 gnitam.
2168 1720 2252 1773 lbi
2267 1721 2438 1774 etiam
2451 1721 2704 1775 domnus
2723 1722 3042 1792 imperator
3060 1726 3256 1779 motus
3276 1726 3565 1797 aliquam-

1832 1787 1878 1845 Β
1909 1787 2007 1862 diu
2038 1808 2188 1862 inter
2216 1809 2477 1863 Odonem
2512 1813 2567 1864 et
2596 1787 3027 1866 Theodericum
3060 1787 3399 1868 Tullensem
3419 1816 3566 1888 (368)

1906 1913 2218 1966 accensos,
2236 1900 2497 1952 castellis
2513 1899 2747 1968 dirutis,
2770 1916 2902 1970 quae
2914 1900 3038 1955 0do
3054 1901 3275 1972 injuste
3290 1905 3569 1960 condide-

1906 1990 2013 2053 rat,
2050 1987 2392 2056 interposita
2427 2003 2569 2056 pace
2601 1988 2837 2057 scpivit.
2862 1990 3165 2044 Praeterea
3190 1994 3567 2050 monasteriis

1901 2072 1982 2115 ΞΗ
2042 2077 2223 2129 totius
2284 2077 2577 2145 civitatis,
2628 2078 2881 2146 primum
2930 2079 3166 2148 quidem
3226 2082 3568 2153 capitaneo,

1906 2165 2115 2218 deinde
2136 2165 2372 2233 ceteris,
2394 2166 2664 2234 preciosa
2686 2181 2932 2220 munera
2953 2168 3238 2239 erogavit.
3263 2170 3409 2224 Dein
3432 2186 3571 2226 vero

1908 2254 2103 2308 Mettis
2136 2255 2511 2324 perveniens,
2546 2270 2651 2323 per
2683 2256 2917 2326 singula
2950 2258 3304 2311 monasteria
3356 2259 3570 2314 multas

1909 2360 2053 2413 opes
2078 2343 2395 2410 distribuit,
2433 2343 2773 2414 nullumque
2796 2346 3015 2397 bonum
3041 2349 3140 2399 aut
3169 2346 3452 2401 clericum
3474 2353 3572 2402 aut

1909 2433 2261 2485 monachum
2321 2433 2585 2501 pretcriit
2646 2432 3020 2501 indonatum,
3081 2434 3262 2488 veluti
3318 2436 3572 2506 quodam

1909 2521 2207 2592 praesagio
2238 2521 2635 2575 imminentem
2684 2522 2858 2587 diem,
2893 2524 2992 2591 qui
3049 2523 3291 2577 nimium
3337 2525 3571 2579 vicinus

1911 2614 2052 2676 erat,
2080 2610 2171 2663 sui
2203 2610 2399 2663 obitus
2422 2610 2794 2680 praevideret.
2818 2611 3160 2666 Novissime
3181 2627 3327 2667 vero
3358 2613 3572 2667 domno

1911 2698 2174 2753 Gerardo
2207 2700 2487 2768 episeopo
2522 2703 2930 2767 commeatum,
2952 2701 3101 2754 utad
3136 2706 3580 2756 suarevertere-

1868 2780 1874 2785 ⁴
1915 2794 2024 2851 tur,
2063 2788 2534 2857 accommodans,
2569 2805 2778 2843 aurum
2808 2789 3127 2859 plurimum
3186 2790 3581 2860 didragmavit

1916 2874 2084 2946 (369),
2121 2894 2187 2930 ac
2217 2881 2421 2945 postea
2456 2877 2818 2945 valedieens,
2846 2882 3068 2932 sanctae
3102 2878 3303 2932 Maria:
3323 2879 3437 2933 duo
3460 2878 3581 2949 pal-

1917 2967 2013 3033 lia,
2048 2981 2227 3018 unum
2259 2966 2530 3035 simplex,
2565 2966 2813 3019 alterum
2850 2967 2906 3020 in
2956 2967 3131 3021 modo
3177 2967 3373 3021 crucis
3406 2982 3584 3022 aurea

209 3048 420 3104 amicitiai
446 3054 591 3108 facta
623 3055 1047 3123 reconciliatio;
1089 3056 1170 3109 ibi
1210 3072 1442 3128 qucque
1474 3058 1809 3128 diligentis—
1842 3046 1890 3107 C
1919 3054 2236 3124 superﬁcie
2268 3054 2634 3125 insignitum,
2668 3056 2999 3109 transmisit
3029 3071 3138 3125 per
3169 3071 3322 3110 eum.

207 3136 318 3192 sime
334 3140 394 3194 de
406 3158 536 3210 pace
550 3150 779 3199 sanctae
799 3145 900 3198 Dei
921 3145 1215 3200 aacelesim
1230 3148 1480 3199 maxime
1502 3149 1810 3201 tractatum

209 3230 289 3293 est,
317 3232 363 3282 et
397 3234 683 3300 quomodo
734 3233 1181 3303 Christianitati,
1228 3249 1360 3305 quae
1410 3238 1493 3289 tot
1540 3236 1810 3305 lapsibus

207 3318 337 3383 patet,
363 3321 559 3375 melius
593 3323 922 3376 subvenire
953 3322 1261 3379 deberent.
1299 3323 1448 3377 Exin
1479 3341 1621 3379 vero
1674 3341 1811 3380 sese

210 3402 406 3460 invicem
444 3412 829 3466 consulentes
855 3453 869 3480 ,
922 3412 1163 3466 ubinam
1207 3413 1418 3468 iterum
1467 3418 1813 3469 conventum

208 3490 426 3551 domuum
455 3500 625 3554 etiam
640 3501 1034 3571 apostolicum
1055 3519 1167 3555 una
1191 3518 1322 3556 cum
1338 3506 1450 3555 tam
1471 3505 1614 3557 citra
1638 3520 1811 3574 quam

208 3580 318 3635 ultra
346 3586 552 3656 Alpinis
576 3592 883 3660 episcopis
930 3605 1135 3645 secum
1180 3590 1470 3661 habeant,
1520 3607 1812 3663 nusquam

206 3670 350 3736 aptius
375 3691 536 3745 quam
570 3679 770 3748 Papiae
802 3680 1150 3734 decernunt.
1188 3680 1295 3733 His
1330 3681 1403 3733 ita
1438 3682 1648 3752 gestis,
1679 3697 1811 3735 cum

208 3758 258 3810 ab
281 3761 498 3819 invicem
515 3768 830 3823 discedere
848 3769 1216 3837 debuissent,
1239 3786 1307 3824 ac
1339 3784 1481 3824 vero
1496 3771 1631 3840 quis
1654 3773 1812 3824 tanta

207 3860 254 3899 ac
280 3852 391 3905 tanti
419 3856 699 3923 ponderis
732 3873 973 3911 munera
1007 3856 1377 3912 sufﬁcienter
1420 3860 1632 3927 poterit
1665 3860 1810 3913 esti-

206 3949 340 4007 mare,
370 3943 577 4012 quibus
599 3946 875 3999 vicissim
911 3948 1230 4016 imperator
1252 3963 1452 4018 regem
1473 3948 1809 4018 donavit,ab

207 4026 594 4103 archiepiscope
627 4034 903 4088 videlicet
931 4036 1375 4090 Coloniensium
1416 4039 1472 4091 et
1516 4053 1549 4091 a
1595 4037 1810 4091 domno

205 4114 414 4172 Gerardo
441 4123 746 4191 episcopo,
791 4124 898 4177 sed
929 4127 985 4177 et
1022 4140 1055 4177 a
1087 4126 1236 4179 duce
1267 4124 1584 4180 Godefrido
1635 4127 1808 4181 simul

207 4202 371 4259 oblatis
389 4209 414 4259 ?
432 4209 555 4263 Rex
576 4211 991 4280 imperatorem
1006 4214 1226 4268 donare
1249 4214 1516 4284 cupiens,
1533 4231 1812 4286 quascun-

1988 3144 2075 3197 39.
2135 3144 2440 3197 Reversus
2476 3144 2672 3213 itaque
2717 3144 2969 3197 domnus
3001 3144 3341 3214 episcOpus,
3374 3160 3408 3197 a
3437 3159 3584 3198 con-

1918 3233 2106 3287 suetis
2155 3231 2327 3285 malis
2359 3231 2607 3285 Walteri
2656 3232 2895 3286 minime
2937 3232 3202 3285 feriatur.
3247 3232 3404 3286 Inter
3450 3247 3585 3303 qum

1917 3322 2187 3391 plurima,
2213 3320 2495 3391 juvenem
2528 3336 2701 3375 suum
2751 3321 3043 3390 quendam
3090 3320 3441 3374 Rotbertum
3472 3336 3582 3376 no-

1919 3412 2095 3478 mine,
2118 3413 2234 3464 tam
2266 3409 2568 3464 nobilitate
2588 3409 2827 3480 generis
2846 3426 3020 3479 quam
3044 3409 3258 3463 virtute
3287 3413 3584 3479 prtestan-

1918 3505 2053 3567 tem,
2089 3500 2223 3569 quia
2259 3499 2680 3567 suspicabatur
2708 3514 2843 3553 eum
2873 3515 3001 3553 suae
3030 3498 3308 3552 tirannidi
3342 3498 3587 3552 obstitu-

1919 3604 2068 3655 rum,
2105 3587 2282 3657 coepit
2310 3587 2587 3657 paulatim
2619 3588 2753 3642 odio
2784 3587 3088 3642 insectari.
3123 3586 3240 3641 Sed
3274 3603 3403 3641 non.
3424 3587 3587 3657 quie-

1916 3678 2019 3746 vit,
2045 3677 2234 3731 donec
2260 3691 2414 3747 eum,
2441 3676 2712 3747 quamvis
2744 3677 2856 3730 sub
2890 3674 3359 3746 interpellatione
3391 3675 3589 3729 domni

1917 3766 2234 3835 pontificis,
2268 3765 2367 3835 qui
2400 3781 2507 3820 eos
2540 3764 2832 3820 foederare
2885 3766 3207 3837 quaerebat,
3260 3767 3320 3818 in
3370 3764 3586 3819 tribuis

1919 3854 2046 3926 (370
2077 3856 2355 3924 positum,
2391 3855 2563 3909 etiam
2613 3855 2706 3909 die
2756 3855 3061 3909 Dominica
3107 3852 3421 3908 interfecit.
3471 3854 3588 3908 Pro

1919 3959 2032 4014 qua
2066 3959 2130 3997 re
2164 3947 2219 3997 ct
2249 3943 2381 3997 aliis
2412 3944 2550 3997 huic
2581 3943 2879 3998 similibus
2912 3959 3044 3998 eum
3068 3943 3483 3998 exterminavit
3510 3941 3585 3996 ab

1919 4035 2084 4087 urbe.
2118 4032 2232 4086 Sed
2267 4033 2441 4102 paulo
2464 4036 2618 4103 post,
2640 4033 2828 4101 culpis
2844 4033 3330 4088 Christianorum
3353 4032 3596 4103 exigen-

1921 4123 2078 4176 tibus
2099 4123 2447 4190 imperatore
2462 4121 2758 4191 defuncto,
2776 4121 2910 4175 aliis
2925 4122 3159 4192 quidem
3175 4122 3377 4175 causis
3411 4136 3588 4175 coac-

1920 4211 2105 4280 tus,in
2122 4210 2440 4264 Castellum
2454 4210 2719 4279 recipere
2733 4210 3048 4277 estimavit,
3065 4210 3177 4263 sub
3194 4209 3588 4263 conventione

205 4299 475 4363 que;potuit
502 4315 750 4354 munera
780 4304 843 4355 ut
890 4303 1225 4371 susciperet
1268 4304 1668 4373 praesentavit.
1702 4305 1812 4369 Qui
1841 4304 1894 4364 D
1922 4303 2118 4354 tamen
2140 4302 2510 4353 sacramento
2534 4298 2941 4352 subnixa.Sed
2963 4298 3096 4368 quia
3118 4296 3436 4366 sepissime
3459 4311 3590 4366 per-

206 4384 429 4439 omnibus
458 4404 590 4443 cum
624 4390 951 4461 gratiarum
999 4392 1227 4445 actione
1275 4394 1573 4461 remissis,
1612 4396 1810 4462 utpote
1852 4455 1865 4461 ο

205 4468 500 4546 ditissimus,
550 4479 787 4533 dentem
835 4481 1236 4535 tantummodo
1280 4483 1468 4535 sancti
1521 4481 1814 4536 Vincentii

207 4561 430 4631 martiris,
449 4581 521 4619 ne
552 4566 835 4621 immunis
859 4568 1178 4637 videretur,
1197 4570 1453 4623 retinuit.
1470 4569 1595 4624 Nec
1618 4571 1812 4625 solum

205 4651 352 4703 autem
382 4654 698 4724 imperator
726 4671 931 4727 regem
961 4658 1183 4726 putavit
1214 4657 1812 4726 domandum,verum

209 4735 338 4790 etiam
366 4756 562 4796 omnes
591 4748 714 4798 tam
744 4746 1063 4815 episcopos
1093 4762 1268 4816 quam
1298 4747 1565 4816 abbates,
1602 4749 1708 4802 sed
1756 4752 1812 4803 et

209 4824 415 4894 majores
442 4848 719 4905 quosque
731 4834 1025 4904 preciosis
1041 4835 1385 4889 muneribus
1407 4837 1811 4907 aceumulans,

211 4912 381 4999 nullum
407 4936 575 4989 paene
607 4923 946 4977 indonatum
976 4923 1231 4995 reliquit.
1261 4923 1628 4997 Quicumque
1670 4940 1814 4999 ergo

209 4997 308 5057 illuc
332 5016 720 5067 convenerant
743 5013 1183 5083 imperatoriam
1202 5014 1700 5086 magniﬁcentiam
1720 4997 1816 5070 cio-

1918 4388 2142 4460 jurium
2173 4387 2463 4456 incidens,
2498 4402 2614 4441 non
2653 4401 2789 4440 raro
2823 4387 3029 4456 culpas
3075 4386 3282 4440 solitas
3317 4384 3585 4456 iterabat,

1924 4476 2347 4533 conventiones
2380 4476 2510 4530 illas
2542 4475 2941 4545 saepissimas,
2976 4490 3125 4546 quas
3170 4474 3384 4529 domno
3416 4473 3582 4546 epis-

1924 4581 2092 4637 copo,
2127 4566 2265 4619 dum
2296 4564 2803 4634 reconciliaretur,
2840 4564 3048 4619 callide
3081 4564 3588 4633 promittebat,ra-

1920 4658 2040 4710 tum
2074 4655 2350 4709 duximus
2382 4654 2847 4721 subnectendas,
2869 4656 2932 4707 ut
2954 4654 3145 4708 lector
3163 4652 3438 4706 videlicet
3454 4650 3591 4721 pius

1921 4745 2257 4815 patientiam
2288 4743 2553 4813 episcopi
2588 4744 2934 4813 conpatiens
2983 4742 3325 4809 admiretur,
3370 4743 3428 4793 et
3473 4740 3587 4793 im-

1923 4849 2186 4887 mensam
2210 4832 2418 4886 tiranni
2443 4833 2712 4886 sevitiam
2735 4848 2870 4886 eum
2890 4830 3276 4885 admiratione
3298 4828 3583 4898 deplorat.

1922 4924 2069 4978 Sunt
2100 4926 2294 4976 autem
2324 4921 2672 4993 hujusmodi
2697 4937 2708 4976 :

1994 5010 2083 5067 40.
2123 5032 2144 5061 π
2190 5010 2557 5066 Fidelitatem
2606 5011 2761 5065 sicut
2803 5009 2906 5064 tibi
2952 5006 3206 5079 promisi
3252 5005 3582 5079 adtendam,

1471 5128 1768 5189 VARI/E
1809 5124 2277 5192 LECTIONES

257 5273 320 5319 “7
344 5282 499 5339 deest
527 5283 582 5342 3.
616 5284 676 5342 4.
749 5281 829 5329 2⁸8
860 5286 1287 5343 monasterium
1319 5289 1371 5343 5.
1399 5287 1742 5344 monasterii
1773 5286 1849 5343 2'.

1751 5404 2009 5468 NOT/E

260 5557 381 5630 (366)
398 5562 755 5621 Godet‘ridus
784 5564 1217 5623 Lothariensis.

412 5635 551 5707 Ivoi,
575 5638 651 5691 ad
687 5638 742 5692 tl.
774 5638 1005 5693 Chiers.

410 5699 682 5778 Mou'zon,
716 5710 774 5763 in
803 5709 1121 5766 Ardennis.

262 5771 380 5848 (367)
408 5777 450 5836 l.
481 5795 533 5837 e.
567 5780 644 5837 ad
667 5771 807 5855 ejus
838 5780 1103 5839 dextram
1123 5782 1248 5842 ivit.

1998 5562 2144 5636 (368)
2166 5566 2390 5621 Ducem
2423 5560 2827 5636 Lotbaringiae
2858 5560 3187 5635 superioris
3218 5561 3305 5620 La
3332 5563 3515 5622 ϐων.

1998 5637 2149 5708 (869)
2168 5639 2211 5693 Ι.
2244 5655 2296 5693 e.
2328 5638 2525 5706 plenat
2554 5651 2734 5708 manu
2765 5636 2967 5708 divisit
2997 5678 3011 5691 .

1999 5706 2148 5781 (3'70)
2179 5709 2222 5763 Ι.
2255 5724 2307 5764 e.
2340 5708 2569 5781 treviis,
2605 5707 2758 5764 unde
2788 5706 3010 5765 Gallica
3037 5722 3154 5765 vox
3182 5706 3433 5764 trebvel
3463 5706 3590 5763 tre-

1936 5795 2038 5838 ves
2068 5780 2108 5837 i.
2141 5796 2201 5855 q.
2233 5782 2483 5859 treugae.
