4098 6196
453 349 568 415 163

1379 340 1651 404 GESTA
1690 338 2219 405 PONTIFICUM
2264 340 3004 407 CAMERACENSIUM

3778 349 3897 412 164

454 547 733 620 quamdin
762 548 911 602 tuus‘
933 545 1103 600 fuero
1135 547 1191 599 et
1235 545 1334 599 tua
1363 543 1519 598 bona
1569 544 1925 613 tenuero;et
1951 543 2113 613 post-
2144 522 2201 583 Α
2302 540 2390 597 43.
2428 564 2450 591 α
2476 542 2538 598 Si
2568 542 2681 599 iste
2712 544 2869 598 ﬁlius
2914 544 3188 615 Walteri,
3231 562 3388 601 nunc
3434 547 3616 603 obses
3666 551 3891 619 noster,

451 638 664 708 positis
695 635 1086 691 Karlensibus
1105 633 1417 688 eustumiis
1434 630 1602 702 (371),
1625 632 1800 686 talem
1830 632 2115 686 honorem

450 727 556 782 tibi
587 725 943 794 observabo,
969 724 1201 795 qualem
1231 722 1657 777 Lotharienses
1688 722 1903 775 milites
1934 721 2115 775 domi-

452 818 546 871 nis
565 816 693 870 suis
708 819 765 870 et
785 812 1191 884 episcopis.Et
1220 812 1272 866 si
1298 811 1437 882 quid
1470 816 1672 866 contra
1701 814 1757 865 te
1789 825 2114 880 peccavero

454 910 509 960 et
542 922 617 960 ex
644 909 808 975 parte
858 903 941 958 tui
973 902 1044 957 de
1091 901 1497 955 satisfactione
1540 900 1807 954 facienda
1854 899 2113 952 monitus

456 994 642 1063 fuero,
678 994 850 1047 talem
873 991 1167 1062 justitiam
1197 990 1323 1057 tibi,
1344 988 1460 1042 nisi
1492 988 1636 1042 mihi
1658 988 2003 1055 indulseris,
2032 988 2113 1041 fa-

453 1085 623 1153 ciam,
657 1081 888 1153 qualem
921 1079 1244 1151 supradicti
1278 1078 1705 1133 Lotharienses
1737 1077 1951 1132 milites
1984 1076 2113 1131 suis

453 1172 708 1228 dominis
741 1174 797 1224 et
825 1168 1125 1239 episcOpis
1157 1167 1398 1221 faciunt.
1439 1189 1460 1215 υ

522 1261 610 1316 41.
645 1260 1090 1315 Sacramentum
1132 1257 1289 1327 quod
1319 1255 1463 1325 Odo,
1518 1255 1863 1325 Rotbertus,
1895 1254 2113 1309 Ansel-

452 1366 604 1419 mus,
640 1349 1017 1417 Lantbertus,
1038 1348 1268 1416 petente
1288 1344 1558 1399 Waltero
1584 1344 1963 1416 juraverunt:
1985 1366 2006 1393 α
2023 1344 2113 1398 Ab

453 1440 563 1494 hac
595 1439 739 1493 hora
772 1439 1005 1492 inantea
1025 1451 1143 1490 non
1173 1435 1397 1490 erimus
1413 1434 1520 1488 tibi
1538 1434 1597 1488 in
1620 1434 1852 1499 damno,
1871 1434 1941 1487 de
1972 1432 2110 1499 vita,

453 1528 524 1582 de
554 1529 858 1597 membris,
892 1526 962 1580 de
992 1523 1408 1580 Cameracenci
1450 1522 1774 1593 episeopio,
1809 1522 1881 1576 de
1914 1522 2110 1589 terris,

451 1617 522 1672 'de
572 1617 854 1685 castellis,
903 1630 1095 1684 neque
1135 1612 1207 1668 de
1255 1612 1470 1667 ceteris
1520 1612 1719 1681 bonis,
1753 1627 1887 1682 quae
1938 1610 2114 1664 hodie

449 1710 616 1762 tenes
647 1709 703 1760 et
723 1721 831 1775 per
844 1707 1113 1759 nostrum
1138 1702 1453 1757 concilium
1478 1701 1711 1756 inantea
1730 1699 2112 1771 adquisieris,

2230 635 2497 686 mortuus
2531 632 2726 699 fuerit,
2763 634 3010 689 alterum
3045 651 3153 704 pro
3183 650 3253 690 eo
3283 637 3457 690 nobis
3506 637 3685 706 dabit,
3719 638 3895 692 talem

2228 736 2335 790 per
2365 737 2539 791 quem
2571 738 2682 776 nos
2716 738 2967 777 securos
3001 723 3073 777 de
3109 740 3216 779 sua
3250 724 3523 780 fidelitate
3556 727 3790 792 reddet;
3842 731 3898 780 et

2228 810 2509 881 quicquid
2539 810 2761 881 injuste
2788 828 2970 881 super
2988 827 3098 867 nos
3123 812 3356 881 invasit,
3380 814 3515 868 dum
3538 816 3895 868 ammonitus

2227 914 2261 951 a
2290 900 2465 952 nobis
2489 898 2684 968 fuerit,
2711 901 3039 955 secundum
3058 900 3348 970 judicium
3379 903 3636 956 fidelium
3660 906 3897 958 nostro-

2227 1002 2358 1041 rum
2390 988 2894 1043 determinabitur.
2930 989 2990 1043 Si
3024 989 3329 1045 Walterus
3374 997 3645 1046 mortuus
3695 992 3892 1060 fuerit,

2227 1080 2284 1130 et
2303 1076 2496 1131 adhuc
2517 1077 2677 1132 filius
2709 1077 2843 1148 ejus
2862 1079 2920 1132 in
2939 1082 3227 1148 potestate
3251 1084 3452 1135 nostra
3476 1081 3668 1151 fuerit,
3686 1082 3896 1137 redde-

2226 1181 2360 1221 mus
2390 1166 2553 1221 illum
2584 1168 2868 1222 militibus
2901 1168 3029 1222 suis
3061 1173 3117 1223 et
3148 1170 3302 1223 bona
3346 1173 3567 1224 sancta:
3593 1168 3675 1211 952
3707 1170 3894 1240 hujus

2227 1255 2538 1323 aecclesiae,
2572 1272 2704 1327 quae
2735 1273 2843 1326 per
2869 1257 3281 1312 rectitudinem
3310 1257 3457 1327 (3'15)
3502 1263 3666 1328 pater
3710 1262 3891 1328 tenet,

2229 1346 2465 1398 servato
2496 1348 2691 1398 tamen
2715 1350 2885 1414 pacto
2918 1346 2989 1400 ab
3020 1361 3090 1400 eo
3122 1347 3296 1401 nobis
3329 1349 3649 1416 promisso,
3682 1352 3739 1401 et
3785 1348 3893 1402 do-

2228 1432 2385 1486 mino
2418 1436 2623 1487 nostro
2646 1434 3001 1504 imperatore
3029 1438 3086 1489 et
3115 1445 3207 1489 me
3238 1436 3309 1490 de
3325 1436 3597 1490 fidelitate
3621 1452 3729 1490 sua
3762 1437 3894 1491 red-

2228 1522 2367 1576 ditis
2387 1525 2641 1577 securis.
2667 1522 2737 1575 Et
2754 1523 2805 1576 si
2825 1540 2937 1594 ego
2955 1524 3254 1578 Gerardus
3276 1528 3523 1579 vocatus
3546 1526 3890 1595 episcopus,

2229 1613 2542 1681 antequam
2573 1611 2853 1665 reddatur
2881 1612 3062 1681 ﬁlius,
3097 1616 3366 1667 mortuus
3388 1613 3574 1682 fuero,
3610 1614 3894 1667 reddetur

2230 1701 2401 1769 patri,
2427 1700 2681 1755 servatis
2699 1705 2891 1754 tamen
2915 1702 3410 1756 convcntionibus
3430 1703 3811 1772 supradictis,
3837 1706 3893 1757 et

451 1794 903 1849 salvatidelitate
917 1791 1285 1846 dominorum
1300 1788 2008 1860 nostrorum,quoshodie
2022 1788 2117 1842 ba—
2149 1821 2199 1884 Β
2232 1789 2286 1842 si
2315 1789 2444 1860 regi
2475 1789 2849 1843 Lothariensi
2882 1790 3057 1844 talem
3087 1792 3465 1845 securitatem
3491 1790 3887 1879 fecerit,unde

449 1883 684 1938 bemus.
706 1882 900 1951 Etpro
932 1880 1045 1935 hoc
1075 1883 1244 1950 pacto
1277 1879 1638 1933 destruende
1669 1878 1965 1932 dominum
1998 1892 2116 1930 non

452 1972 760 2040 faciemus,
778 1985 968 2040 neque
980 1969 1221 2023 militem
1235 1968 1637 2038 adquiremus.
1656 1966 1791 2022 Etsi
1812 1967 2116 2020 Walterus

453 2065 655 2115 contra
687 2064 742 2114 te
775 2057 1131 2128 peccaverit,
1165 2061 1223 2111 et
1253 2057 1313 2111 ni
1359 2056 1513 2110 infra
1543 2057 1692 2110 duas
1724 2054 2117 2127 quadragesi-

451 2165 580 2203 mas
611 2147 760 2219 (372)
791 2146 1211 2215 emendaverit,
1258 2161 1330 2200 ex
1369 2148 1531 2215 parte
1577 2146 1765 2200 nostri
1816 2148 2017 2199 contra
2063 2146 2118 2198 te

452 2238 811 2310 adjutorium
842 2252 958 2290 non
988 2235 1247 2290 habebit.
1263 2234 1398 2288 Etsi
1421 2235 1742 2303 monueris,
1763 2250 1869 2304 per
1898 2237 2120 2288 rectam

452 2328 626 2382 ﬁdem
656 2330 710 2380 te
731 2325 1078 2396 juvabimus
1112 2324 1242 2378 sine
1274 2325 1429 2377 malo
1462 2324 1721 2395 ingenio.
1761 2346 1783 2371 ι)

519 2417 609 2471 42.
649 2438 671 2463 α
706 2414 874 2469 Nota)
907 2417 1047 2467 sunt
1077 2413 1353 2468 omnibus
1378 2412 1827 2479 conventiones,
1849 2427 2000 2482 quas
2020 2411 2120 2466 ite-

450 2521 580 2561 rum
611 2504 902 2559 habemus
921 2518 1054 2557 eum
1074 2502 1341 2556 Waltero
1361 2504 1562 2555 nostro
1585 2519 1599 2572 ;
1626 2502 1782 2555 sicut
1812 2501 1987 2556 etiam
2004 2500 2116 2555 du-

451 2595 590 2648 dum
622 2594 828 2663 culpas
856 2593 1174 2659 inauditas,
1210 2607 1359 2662 quas
1399 2594 1601 2645 contra
1645 2606 1755 2645 nos
1788 2588 2113 2657 commisit,

448 2698 555 2753 pro
570 2682 677 2737 Dei
705 2696 902 2735 amore
933 2680 1373 2750 amicorumque
1387 2695 1632 2734 suorum
1660 2679 2015 2746 disimimus,
2049 2692 2120 2732 eo

452 2771 728 2825 videlicet
744 2772 934 2840 pacto,
951 2773 1012 2823 ut
1034 2769 1122 2823 sic
1142 2769 1577 2839 permansisset
1599 2769 1881 2836 deinceps
1902 2767 1960 2820 in
1973 2767 2118 2821 fide-

449 2859 608 2914 litate
636 2862 857 2925 nostra,
877 2859 1033 2913 sicut
1054 2862 1191 2912 tunc
1208 2858 1338 2927 ipse
1360 2861 1416 2911 et
1437 2858 1531 2911 sui
1550 2857 1721 2911 amici
1738 2855 2114 2927 juraverunt.

448 2947 811 3019 Quamquam
842 2947 993 3001 hane
1014 2946 1475 3017 promissionem
1499 2945 1860 2999 horribiliter
1882 2948 1937 2998 et
1953 2945 2117 2998 inau-

447 3038 565 3091 dite
584 3036 950 3109 infregisset,
983 3036 1059 3090 ita
1090 3037 1301 3090 iterum
1323 3050 1393 3090 eo
1421 3038 1625 3090 tenore
1644 3034 1697 3088 ei
1715 3034 2112 3103 indulgemus,

2230 1893 2483 1933 securus
2515 1895 2654 1932 esse
2685 1879 2898 1947 possit.

2298 1967 2387 2021 44.
2412 1989 2435 2019 ι
2464 1967 2595 2021 Non
2617 1966 2715 2020 diu
2734 1969 2792 2020 in
2825 1968 3183 2037 supradictis
3207 1969 3525 2038 promissis
3546 1969 3887 2039 permansit,

2228 2057 2335 2111 sed
2348 2056 2419 2110 de
2444 2056 2668 2111 maloin
2689 2055 2864 2126 pejus
2882 2073 3086 2125 ruens,
3104 2059 3441 2112 eacolesiam
3466 2058 3605 2111 mihi
3621 2059 3893 2113 commis-

2226 2162 2354 2201 sam
2383 2146 2441 2198 in
2471 2146 2863 2215 direptionem
2891 2146 3469 2201 etconculeationem
3493 2147 3714 2215 habuit,
3737 2152 3793 2201 et
3815 2148 3891 2202 ita

2227 2239 2429 2289 contra
2461 2250 2555 2288 me
2589 2250 2656 2289 se
2689 2235 2895 2303 erexit,
2924 2238 2985 2288 ut
3014 2235 3209 2290 tribus
3232 2235 3445 2289 diebus
3467 2251 3558 2289 me
3590 2236 3648 2289 in
3671 2236 3780 2290 hac
3810 2237 3891 2289 ci-

2226 2326 2402 2378 vitate
2439 2339 2571 2377 cum
2602 2324 2732 2377 suis
2782 2323 3137 2377 satellitibus
3178 2328 3438 2379 armatus
3482 2324 3800 2395 obsideret,
3836 2328 3892 2379 et

2227 2428 2300 2467 ne
2320 2414 2460 2483 quis
2490 2428 2753 2467 meorum
2785 2412 2920 2466 hinc
2952 2413 3116 2467 exire
3148 2413 3415 2467 auderet.
3444 2412 3567 2478 Qua
3607 2414 3678 2468 de
3710 2429 3891 2467 causa

2227 2502 2594 2571 Heihampus
2624 2501 2694 2554 ad
2726 2517 2817 2555 me
2841 2501 3020 2570 venit,
3044 2502 3143 2555 ubi
3166 2501 3438 2557 comitem
3462 2502 3891 2557 Herimannum

2227 2606 2459 2646 mecum
2489 2590 2689 2660 habui,
2724 2592 2858 2644 etut
2878 2590 3008 2644 haec
3037 2590 3091 2644 ei
3110 2590 3498 2660 perdonarem
3521 2591 3744 2661 petivit.
3762 2589 3890 2663 Ego

2228 2680 2361 2750 ejus
2393 2678 2661 2749 petitioni
2689 2694 3055 2749 suorumque
3087 2679 3409 2734 amicorum
3439 2695 3727 2749 annuens,
3762 2680 3892 2734 haec

2228 2768 2423 2822 omnia
2455 2769 2509 2823 ei
2540 2767 2757 2838 dimisi,
2791 2771 2848 2822 et
2870 2767 2942 2822 de
2975 2767 3092 2822 hiis
3122 2784 3256 2838 quae
3287 2770 3648 2836 emendavit,
3683 2784 3888 2824 omnes

2228 2859 2394 2928 leges
2426 2857 2769 2926 perdonavi,
2796 2859 2853 2911 et
2870 2861 2930 2911 ut
2960 2859 3322 2912 restauraret
3349 2858 3710 2927 pauperibus
3733 2859 3892 2928 quod

2226 2945 2447 3016 injuste
2479 2946 2567 3000 eis
2599 2946 2868 3012 abstulit,
2894 2944 3096 3015 jussi;
3145 2946 3299 3017 quod
3349 2948 3569 3016 annuit,
3623 2948 3730 3002 sed
3774 2964 3890 3002 non

2226 3035 2583 3104 adimplevit.
2616 3035 2691 3088 At
2721 3034 2817 3088 ille
2848 3034 3080 3103 iterum,
3114 3038 3175 3089 ut
3206 3035 3650 3105 prius,domino
3680 3052 3812 3090 meo
3834 3041 3890 3091 et

448 3129 504 3182 et
533 3142 638 3198 pro
669 3125 777 3180 Dei
807 3140 1006 3180 amore
1040 3128 1096 3179 et
1116 3125 1394 3194 petitione
1435 3124 1600 3194 regis
1632 3122 1896 3177 ltotberti
1918 3121 2114 3191 etepi-
2149 3129 2198 3190 Ο
2226 3124 2369 3177 mihi
2401 3126 2771 3178 sacramento
2804 3123 3141 3178 fidelitatem
3172 3124 3463 3193 promisit,
3496 3127 3553 3179 et
3580 3127 3717 3196 quia
3736 3126 3892 3179 sicut

448 3215 619 3285 scopi
650 3214 941 3270 Harduini
971 3211 1120 3284 (373)
1150 3217 1323 3284 atque
1356 3213 1589 3267 comitis
1623 3211 1890 3265 Balduini
1924 3214 1980 3264 et
2011 3226 2114 3265 eo-

446 3304 606 3358 mitis
623 3303 868 3374 Odonis,
885 3320 993 3358 nec
1013 3319 1128 3357 non
1141 3302 1458 3370 etOttonis,
1478 3301 1769 3367 Rotberti,
1791 3304 1847 3354 et
1866 3300 2116 3353 aliorum

447 3394 770 3447 amicorum
804 3408 1072 3459 suorum,
1100 3392 1200 3462 qui
1232 3392 1344 3445 hoc
1375 3391 1650 3460 placitum
1670 3390 2113 3459 fecerunt,qua-

452 3483 615 3535 tinus
629 3480 842 3535 melius
864 3480 1163 3549 prioribus
1179 3480 1287 3533 has
1300 3479 1516 3533 alteras
1532 3479 1967 3549 promissiones
1986 3494 2119 3531 con-

451 3572 670 3624 servet.
708 3568 896 3622 Nobis
927 3569 1037 3621 erit
1058 3569 1136 3621 ita
1166 3567 1506 3638 obsequens
1540 3568 1598 3621 in
1627 3567 1924 3635 omnibus,
1964 3567 2118 3621 sicut

448 3658 508 3713 in
520 3658 708 3728 primo
722 3656 1011 3728 promisit.
1028 3655 1275 3710 Clerieis
1294 3658 1350 3709 et
1363 3656 1529 3709 laicis
1548 3658 1769 3711 nostrae
1801 3656 2113 3727 aecelesiae,

450 3747 505 3801 si
535 3746 757 3817 aliquid
787 3760 970 3814 super
1002 3744 1163 3799 illum
1198 3743 1598 3813 clamaverint,
1647 3747 1743 3798 aut
1788 3745 2116 3799 secundum

449 3836 642 3907 legem
675 3838 775 3889 aut
805 3835 1132 3888 secundum
1164 3834 1541 3887 concordiam
1585 3834 1645 3887 in
1688 3834 1913 3888 ratione
1941 3832 2021 3874 9‘9
2061 3838 2118 3888 et

442 3923 670 3994 judicio
701 3924 851 3986 erit;
883 3928 937 3977 et
970 3924 1212 3992 insuper
1242 3923 1312 3976 de
1343 3923 1562 3993 quibus
1584 3922 1887 3993 justiciam
1922 3923 2115 3978 facere

448 4012 817 4083 potuerimus
838 4011 1264 4082 illi,justiciam
1295 4028 1532 4082 quoque
1562 4011 1737 4067 faciet
1764 4028 1874 4082 per
1902 4027 2034 4081 nos,
2062 4013 2113 4066 si

452 4101 860 4171 clamaverint,
888 4101 1007 4155 illis
1041 4100 1337 4155 omnibus.
1372 4100 1455 4155 De
1491 4101 1724 4155 civitate
1755 4104 1958 4155 nostra
1988 4102 2114 4155 nul-

449 4191 566 4245 lam
595 4205 872 4262 guerram
897 4187 978 4230 250
1020 4188 1214 4257 faciet,
1259 4205 1392 4261 quae
1435 4190 1508 4244 ad
1556 4190 1870 4262 dampnum
1919 4191 2115 4245 veniet

448 4280 623 4335 nobis
655 4284 711 4334 et
739 4279 1107 4351 episcopatui
1137 4280 1362 4348 nostro,
1392 4279 1510 4333 nisi
1540 4279 1772 4334 licentia
1805 4284 2030 4334 nostra.
2050 4279 2113 4333 Si

449 4368 600 4423 hanc
629 4369 1088 4439 promissionem
1116 4367 1427 4440 infregerit
1449 4372 1504 4422 et
1522 4370 1854 4423 admonitus
1885 4368 2110 4440 dejus-

448 4458 584 4512 ticia
615 4458 810 4526 fuerit,
845 4457 998 4511 sicut
1021 4456 1145 4527 jam
1178 4457 1397 4511 dictum
1427 4460 1547 4527 est,
1580 4457 1735 4512 infra
1766 4458 1913 4512 duas
1962 4474 2110 4528 qua-

450 4546 824 4618 dragesimus
858 4545 1324 4600 emendationem
1354 4545 1548 4614 faciat,
1582 4547 1685 4601 ubi
1717 4547 1831 4601 duo
1861 4546 1955 4601 vel
1984 4550 2110 4601 tres

450 4635 569 4689 sint
598 4634 791 4704 amici,
825 4634 924 4704 qui
954 4633 1067 4687 hoc
1095 4631 1374 4703 placitum
1411 4634 1718 4700 fecerunt;
1754 4640 1811 4690 et
1858 4637 1908 4690 si
1943 4637 2112 4690 sonia

450 4720 596 4794 (3'74)
629 4738 735 4778 eos
765 4721 1037 4791 tenuerit,
1088 4721 1375 4792 probetur
1419 4723 1584 4792 ipsa,
1618 4726 1676 4778 et
1730 4723 1882 4777 infra
1939 4724 2112 4778 aliam

449 4812 960 4883 quadragesimam
994 4811 1273 4881 placitum
1296 4812 1761 4881 expectabimus.
1779 4812 1942 4867 Hanc
1967 4828 2113 4868 con-

449 4901 784 4956 ventionem
815 4917 886 4956 ex
914 4904 1163 4972 utraque
1186 4904 1349 4970 parte
1372 4902 1748 4957 servabimus
1766 4919 1874 4972 per
1894 4907 2114 4958 rectam

448 4985 529 5031 2⁵1
558 4989 734 5044 ﬁdem
766 4993 897 5046 sine
928 4991 1081 5046 malo
1113 4990 1373 5062 ingenio.

2228 3213 2656 3267 Lotharienses
2676 3212 2892 3266 milites
2921 3213 3049 3267 suis
3075 3213 3330 3267 dominis
3354 3216 3412 3267 et
3432 3214 3733 3285 episcoPis
3757 3213 3892 3268 obe-

2227 3302 2411 3370 diunt,
2445 3301 2588 3354 mihi
2606 3301 2894 3369 obediret,
2919 3300 3165 3370 juravit.

2294 3390 2384 3444 45.
2431 3411 2452 3435 ιι
2488 3389 2825 3457 Walterus,
2875 3390 3045 3445 malis
3089 3394 3391 3460 assuetus,
3441 3392 3637 3446 omnia
3683 3407 3892 3446 sacra-

2225 3482 2418 3533 menta
2449 3478 2804 3548 postposuit,
2842 3482 2897 3533 et
2927 3479 3189 3533 deterius
3206 3495 3382 3550 quam
3404 3496 3679 3551 umquam
3713 3481 3894 3536 fecis-

2226 3568 2730 3638 set,postmodum
2762 3567 2919 3622 fecit.
2944 3566 3128 3632 Quam
3158 3568 3446 3623 maliciam
3479 3570 3576 3622 diu
3608 3570 3889 3639 sustinui,

2225 3660 2283 3711 et
2312 3661 2375 3710 ut
2404 3672 2470 3711 se
2502 3657 2842 3711 emendaret
2873 3672 3111 3726 semper
3140 3657 3639 3729 monui.Cumque
3663 3658 3893 3713 videret

2228 3761 2318 3799 me
2353 3746 2573 3800 diutius
2604 3746 2874 3816 taliaLnon
2904 3760 3243 3815 passurum,
3267 3751 3484 3801 statuto
3507 3748 3719 3817 placito
3740 3749 3894 3802 inter

2224 3850 2317 3888 me
2340 3838 2396 3888 et
2426 3834 2608 3903 illum,
2632 3834 2903 3888 comitem
2935 3834 3203 3889 Ottonem
3235 3836 3399 3888 duxit
3430 3851 3657 3890 secum.
3678 3836 3785 3900 Qui
3818 3838 3891 3891 de

2223 3925 2404 3977 tantis
2438 3923 2606 3977 malis
2640 3924 2864 3976 missus
2884 3923 2951 3975 ad
2976 3924 3282 3991 rationem,
3302 3924 3508 3977 iterum
3523 3924 3753 3978 evictus
3768 3941 3893 3979 om-

2224 4013 2318 4066 nia
2348 4013 2701 4080 emendavit,
2737 4014 2793 4065 et
2822 4012 2957 4081 quia
2986 4013 3348 4081 pauperibus
3386 4028 3492 4065 sua
3526 4017 3893 4068 restauraret

2225 4102 2514 4171 promisit,
2531 4104 2587 4155 et
2602 4102 2737 4170 quia
2768 4100 2909 4153 mihi
2935 4100 3352 4170 subjiceretur,
3370 4101 3524 4155 sicut
3545 4102 3891 4157 Lotharien-

2226 4206 2329 4246 ses
2345 4190 2558 4244 milites
2581 4189 2709 4244 suis
2724 4188 2976 4243 dominis
2999 4194 3055 4243 et
3071 4189 3372 4258 epiSCOpis
3392 4189 3812 4260 subjiciuntur,
3829 4196 3896 4245 ut

2224 4281 2392 4352 prius
2422 4278 2715 4350 promisit.
2750 4277 2877 4348 Ego
2908 4292 3050 4331 vero
3083 4277 3315 4332 comitis
3351 4279 3578 4333 Ottonis
3609 4280 3893 4349 petitione

2228 4383 2434 4425 omnes
2455 4369 2624 4439 leges
2654 4383 2721 4421 ea
2744 4367 3133 4421 conventione
3164 4367 3218 4420 ei
3251 4366 3467 4435 dimisi,
3509 4372 3570 4421 ut
3600 4384 3717 4421 non
3763 4384 3897 4423 am-

2227 4460 2382 4530 plius
2406 4458 2466 4511 in
2495 4472 2587 4510 me
2618 4456 2959 4526 delinquere
2991 4454 3129 4524 quid
3162 4455 3431 4524 deberet;
3452 4456 3505 4509 si
3536 4460 3727 4511 autem
3745 4458 3895 4512 deli-

2227 4549 2459 4620 quisset
2480 4550 2535 4599 et
2563 4546 2634 4598 ad
2653 4544 2957 4614 justiciam
2970 4544 3172 4598 venire
3189 4544 3523 4599 admonitus
3536 4550 3718 4615 esset,
3734 4547 3892 4600 infra

2223 4641 2351 4691 tres
2381 4633 2784 4689 hebdomadas
2818 4632 2960 4685 mihi
3002 4632 3381 4702 justiﬁcaret.
3428 4632 3552 4698 Qua
3588 4634 3659 4688 de
3706 4650 3895 4689 causa

2224 4726 2366 4780 mihi
2398 4738 2598 4778 comes
2620 4722 2750 4776 Otto
2781 4720 3164 4776 Godefridum
3188 4725 3244 4775 et
3264 4722 3503 4776 lvonem
3524 4722 3766 4777 obsides
3790 4724 3895 4778 de-

2224 4817 2324 4884 dit,
2350 4817 2413 4869 ut
2443 4813 2494 4868 si
2528 4812 2835 4865 Walterus
2867 4810 2995 4864 haec
3044 4826 3162 4864 non
3203 4810 3609 4881 observasset,
3662 4828 3735 4866 ex
3777 4829 3895 4869 sua

2221 4907 2386 4975 parte
2404 4901 2763 4973 adjutorium
2781 4914 2898 4954 non
2914 4899 3161 4953 haberet
3183 4917 3197 4965 ;
3232 4900 3284 4954 si
3313 4906 3506 4955 autem
3538 4901 3666 4971 ipse
3684 4918 3893 4959 eomes

2224 4995 2339 5049 hoc
2367 4990 2732 5062 infregisset,
2753 4989 2868 5059 ipsi
2891 4988 3135 5043 obsides
3157 4988 3216 5042 in
3234 4992 3582 5058 potestatem
3607 5007 3819 5061 meam,
3836 4994 3896 5048 si

1753 5106 2044 5168 VARI/E
2084 5105 2449 5171 LELTION
2461 5103 2573 5164 ES.

517 5231 600 5313 βίεξ
627 5234 726 5313 ita!
757 5231 1090 5313 {agendum
1143 5241 1414 5292 monente
1442 5235 1570 5309 jam
1604 5234 1992 5306 Colvenerio;
2034 5240 2335 5313 juratione
2386 5239 2554 5295 codd.
2629 5234 2710 5280 2³)
2757 5252 3009 5292 werram
3071 5235 3123 5291 3.
3200 5233 3278 5280 951
3339 5252 3391 5292 s.
3451 5234 3775 5307 perfectam
3834 5240 3893 5295 8.

445 5301 528 5348 252
558 5306 727 5361 deest
754 5301 895 5359 3.34.

2023 5432 2304 5500 NOTAE;

517 5556 669 5630 (3’71)
698 5558 1010 5615 Coutumes
1040 5557 1114 5613 de
1140 5557 1393 5617 France.

542 5628 670 5706 .131?)
693 5630 753 5706 I_._
772 5646 824 5686 e.
842 5630 1269 5706 ‘quarantaine,
1303 5633 1555 5706 spatium
1584 5631 1655 5691 40
1683 5633 1932 5690 dierum.

542 5631 670 5703 372)
693 5631 737 5685 Ι.
772 5646 824 5686 e.
862 5635 1145 5703 quaranta

517 5631 667 5782 €873)
700 5701 1145 5761 Noviomensis.

2289 5559 2438 5633 (3'14)
2471 5561 2609 5617 Sive
2634 5562 2868 5632 sunnis,
2892 5560 3374 5633 impedimentum
3394 5577 3409 5627 ;
3430 5556 3585 5616 unde
3600 5559 3911 5619 Gallicum

2223 5634 2315 5690 soi
2320 5651 2375 5688 η.

2298 5702 2450 5781 (375)
2479 5704 2569 5763 De
2598 5703 2778 5765 droit.
