  <div class='ocr_page' id='page_1' title='image "/cluster/home/n/w/nwhite01/storage/ocr_20150623/149/hvd.32044054760079/088.png"; bbox 0 0 4098 6196; ppageno 0'>
   <div class='ocr_carea' id='block_1_1' title="bbox 163 328 283 392">
    <p class='ocr_par' dir='ltr' id='par_1_1' title="bbox 163 328 283 392">
     <span class='ocr_line' id='line_1_1' title="bbox 163 328 283 392; baseline 0.008 -1"><span class='ocrx_word' id='word_1_1' title='bbox 163 328 283 392; x_wconf 83' lang='grc'><strong>165</strong></span> 
     </span>
    </p>
   </div>
   <div class='ocr_carea' id='block_1_2' title="bbox 1568 323 2244 388">
    <p class='ocr_par' dir='ltr' id='par_1_2' title="bbox 1568 323 2244 388">
     <span class='ocr_line' id='line_1_2' title="bbox 1568 323 2244 388; baseline -0.003 -2"><span class='ocrx_word' id='word_1_2' title='bbox 1568 324 1825 386; x_wconf 87' lang='lat' dir='ltr'><strong>LIBER</strong></span> <span class='ocrx_word' id='word_1_3' title='bbox 1861 323 2244 388; x_wconf 88' lang='lat' dir='ltr'><strong>TERTIUS.</strong></span> 
     </span>
    </p>
   </div>
   <div class='ocr_carea' id='block_1_3' title="bbox 3508 332 3625 399">
    <p class='ocr_par' dir='ltr' id='par_1_3' title="bbox 3508 332 3625 399">
     <span class='ocr_line' id='line_1_3' title="bbox 3508 332 3625 399; baseline 0.017 -2"><span class='ocrx_word' id='word_1_4' title='bbox 3508 332 3625 399; x_wconf 85' lang='lat'><strong>166</strong></span> 
     </span>
    </p>
   </div>
   <div class='ocr_carea' id='block_1_4' title="bbox 164 504 3621 602">
    <p class='ocr_par' dir='ltr' id='par_1_4' title="bbox 164 504 3621 602">
     <span class='ocr_line' id='line_1_4' title="bbox 164 504 3621 602; baseline 0.002 -21"><span class='ocrx_word' id='word_1_5' title='bbox 164 531 374 582; x_wconf 80' lang='lat' dir='ltr'><strong>essent</strong></span> <span class='ocrx_word' id='word_1_6' title='bbox 391 527 715 596; x_wconf 86' lang='lat' dir='ltr'><strong>ammeniti,</strong></span> <span class='ocrx_word' id='word_1_7' title='bbox 740 526 1027 581; x_wconf 88' lang='lat' dir='ltr'><strong>venirent.</strong></span> <span class='ocrx_word' id='word_1_8' title='bbox 1051 524 1217 591; x_wconf 88' lang='lat' dir='ltr'><strong>Quod</strong></span> <span class='ocrx_word' id='word_1_9' title='bbox 1240 525 1371 595; x_wconf 90' lang='lat' dir='ltr'><strong>ipso</strong></span> <span class='ocrx_word' id='word_1_10' title='bbox 1392 525 1603 579; x_wconf 80' lang='lat' dir='ltr'><strong>comite</strong></span> <span class='ocrx_word' id='word_1_11' title='bbox 1624 524 1832 579; x_wconf 87' lang='lat' dir='ltr'><strong>Ottone</strong></span> <span class='ocrx_word' id='word_1_12' title='bbox 1859 504 1918 567; x_wconf 84' lang='grc' dir='ltr'><strong>Α</strong></span> <span class='ocrx_word' id='word_1_13' title='bbox 1962 523 2279 593; x_wconf 90' lang='lat' dir='ltr'><strong>episcopus</strong></span> <span class='ocrx_word' id='word_1_14' title='bbox 2319 523 2749 595; x_wconf 82' lang='lat' dir='ltr'><strong>promulgavit:</strong></span> <span class='ocrx_word' id='word_1_15' title='bbox 2771 547 2792 571; x_wconf 82' lang='lat'><strong>«</strong></span> <span class='ocrx_word' id='word_1_16' title='bbox 2828 525 2938 580; x_wconf 88' lang='lat' dir='ltr'><strong>Hic</strong></span> <span class='ocrx_word' id='word_1_17' title='bbox 2972 527 3285 599; x_wconf 85' lang='lat' dir='ltr'><strong>siquidem,</strong></span> <span class='ocrx_word' id='word_1_18' title='bbox 3319 531 3455 602; x_wconf 84' lang='lat' dir='ltr'><strong>quia</strong></span> <span class='ocrx_word' id='word_1_19' title='bbox 3488 549 3621 589; x_wconf 91' lang='lat' dir='ltr'><strong>cum</strong></span> 
     </span>
    </p>
   </div>
   <div class='ocr_carea' id='block_1_5' title="bbox 158 612 1836 687">
    <p class='ocr_par' dir='ltr' id='par_1_5' title="bbox 158 612 1836 687">
     <span class='ocr_line' id='line_1_5' title="bbox 158 612 1836 687; baseline -0.004 -16"><span class='ocrx_word' id='word_1_20' title='bbox 158 616 413 687; x_wconf 84' lang='lat' dir='ltr'><strong>jubente</strong></span> <span class='ocrx_word' id='word_1_21' title='bbox 431 618 575 671; x_wconf 90' lang='lat' dir='ltr'><strong>mihi</strong></span> <span class='ocrx_word' id='word_1_22' title='bbox 600 615 1253 686; x_wconf 87' lang='lat' dir='ltr'><strong>ﬁrmavitjurejurando</strong></span> <span class='ocrx_word' id='word_1_23' title='bbox 1276 618 1521 684; x_wconf 90' lang='lat' dir='ltr'><strong>uterque</strong></span> <span class='ocrx_word' id='word_1_24' title='bbox 1546 615 1747 667; x_wconf 86' lang='lat' dir='ltr'><strong>obses.</strong></span> <span class='ocrx_word' id='word_1_25' title='bbox 1769 612 1836 665; x_wconf 94' lang='lat' dir='ltr'><strong>In</strong></span> 
     </span>
    </p>
   </div>
   <div class='ocr_carea' id='block_1_6' title="bbox 166 702 1834 776">
    <p class='ocr_par' dir='ltr' id='par_1_6' title="bbox 166 702 1834 776">
     <span class='ocr_line' id='line_1_6' title="bbox 166 702 1834 776; baseline -0.004 -16"><span class='ocrx_word' id='word_1_26' title='bbox 166 722 233 760; x_wconf 86' lang='lat' dir='ltr'><strong>ea</strong></span> <span class='ocrx_word' id='word_1_27' title='bbox 254 708 670 774; x_wconf 77' lang='lat' dir='ltr'><strong>conventione,</strong></span> <span class='ocrx_word' id='word_1_28' title='bbox 696 722 829 776; x_wconf 68' lang='lat' dir='ltr'><strong>quae</strong></span> <span class='ocrx_word' id='word_1_29' title='bbox 862 706 919 758; x_wconf 90' lang='lat' dir='ltr'><strong>in</strong></span> <span class='ocrx_word' id='word_1_30' title='bbox 943 720 1033 757; x_wconf 93' lang='lat' dir='ltr'><strong>me</strong></span> <span class='ocrx_word' id='word_1_31' title='bbox 1057 703 1350 757; x_wconf 76' lang='lat' dir='ltr'><strong>commisit</strong></span> <span class='ocrx_word' id='word_1_32' title='bbox 1371 703 1501 773; x_wconf 91' lang='lat' dir='ltr'><strong>ipse</strong></span> <span class='ocrx_word' id='word_1_33' title='bbox 1528 702 1834 757; x_wconf 89' lang='lat' dir='ltr'><strong>Walterus</strong></span> 
     </span>
    </p>
   </div>
   <div class='ocr_carea' id='block_1_7' title="bbox 165 790 1834 865">
    <p class='ocr_par' dir='ltr' id='par_1_7' title="bbox 165 790 1834 865">
     <span class='ocr_line' id='line_1_7' title="bbox 165 790 1834 865; baseline -0.004 -16"><span class='ocrx_word' id='word_1_34' title='bbox 165 797 333 850; x_wconf 89' lang='lat' dir='ltr'><strong>etsui</strong></span> <span class='ocrx_word' id='word_1_35' title='bbox 366 799 780 865; x_wconf 86' lang='lat' dir='ltr'><strong>proptereum,</strong></span> <span class='ocrx_word' id='word_1_36' title='bbox 813 795 885 848; x_wconf 90' lang='lat' dir='ltr'><strong>ab</strong></span> <span class='ocrx_word' id='word_1_37' title='bbox 918 794 1016 847; x_wconf 85' lang='lat' dir='ltr'><strong>illa</strong></span> <span class='ocrx_word' id='word_1_38' title='bbox 1036 793 1131 847; x_wconf 88' lang='lat' dir='ltr'><strong>die</strong></span> <span class='ocrx_word' id='word_1_39' title='bbox 1162 793 1379 861; x_wconf 86' lang='lat' dir='ltr'><strong>dimisi,</strong></span> <span class='ocrx_word' id='word_1_40' title='bbox 1413 795 1475 846; x_wconf 94' lang='lat' dir='ltr'><strong>ut</strong></span> <span class='ocrx_word' id='word_1_41' title='bbox 1505 792 1558 852; x_wconf 86' lang='lat' dir='ltr'><strong>si</strong></span> <span class='ocrx_word' id='word_1_42' title='bbox 1581 790 1834 860; x_wconf 79' lang='lat' dir='ltr'><strong>amplius</strong></span> 
     </span>
    </p>
   </div>
   <div class='ocr_carea' id='block_1_8' title="bbox 164 881 1837 955">
    <p class='ocr_par' dir='ltr' id='par_1_8' title="bbox 164 881 1837 955">
     <span class='ocr_line' id='line_1_8' title="bbox 164 881 1837 955; baseline -0.004 -17"><span class='ocrx_word' id='word_1_43' title='bbox 164 886 222 938; x_wconf 92' lang='lat' dir='ltr'><strong>in</strong></span> <span class='ocrx_word' id='word_1_44' title='bbox 256 900 353 938; x_wconf 88' lang='lat' dir='ltr'><strong>me</strong></span> <span class='ocrx_word' id='word_1_45' title='bbox 384 885 778 955; x_wconf 85' lang='lat' dir='ltr'><strong>delinquerct,</strong></span> <span class='ocrx_word' id='word_1_46' title='bbox 821 883 977 954; x_wconf 90' lang='lat' dir='ltr'><strong>quod</strong></span> <span class='ocrx_word' id='word_1_47' title='bbox 1026 881 1339 936; x_wconf 88' lang='lat' dir='ltr'><strong>emendare</strong></span> <span class='ocrx_word' id='word_1_48' title='bbox 1373 881 1551 935; x_wconf 82' lang='lat' dir='ltr'><strong>nollet</strong></span> <span class='ocrx_word' id='word_1_49' title='bbox 1581 884 1678 934; x_wconf 91' lang='lat' dir='ltr'><strong>aut</strong></span> <span class='ocrx_word' id='word_1_50' title='bbox 1718 894 1837 932; x_wconf 91' lang='lat' dir='ltr'><strong>non</strong></span> 
     </span>
    </p>
   </div>
   <div class='ocr_carea' id='block_1_9' title="bbox 165 968 1836 1042">
    <p class='ocr_par' dir='ltr' id='par_1_9' title="bbox 165 968 1836 1042">
     <span class='ocr_line' id='line_1_9' title="bbox 165 968 1836 1042; baseline -0.004 -15"><span class='ocrx_word' id='word_1_51' title='bbox 165 979 396 1042; x_wconf 88' lang='lat' dir='ltr'><strong>posset,</strong></span> <span class='ocrx_word' id='word_1_52' title='bbox 434 974 732 1042; x_wconf 67' lang='lat' dir='ltr'><strong>praeterita</strong></span> <span class='ocrx_word' id='word_1_53' title='bbox 766 972 979 1026; x_wconf 89' lang='lat' dir='ltr'><strong>futuris</strong></span> <span class='ocrx_word' id='word_1_54' title='bbox 1004 971 1422 1042; x_wconf 75' lang='lat' dir='ltr'><strong>jungerentur,</strong></span> <span class='ocrx_word' id='word_1_55' title='bbox 1456 976 1511 1024; x_wconf 92' lang='lat' dir='ltr'><strong>et</strong></span> <span class='ocrx_word' id='word_1_56' title='bbox 1547 968 1836 1040; x_wconf 80' lang='lat' dir='ltr'><strong>judicium</strong></span> 
     </span>
    </p>
   </div>
   <div class='ocr_carea' id='block_1_10' title="bbox 163 1058 1833 1133">
    <p class='ocr_par' dir='ltr' id='par_1_10' title="bbox 163 1058 1833 1133">
     <span class='ocr_line' id='line_1_10' title="bbox 163 1058 1833 1133; baseline -0.004 -16"><span class='ocrx_word' id='word_1_57' title='bbox 163 1063 328 1133; x_wconf 86' lang='lat' dir='ltr'><strong>quod</strong></span> <span class='ocrx_word' id='word_1_58' title='bbox 358 1064 453 1117; x_wconf 91' lang='lat' dir='ltr'><strong>sui</strong></span> <span class='ocrx_word' id='word_1_59' title='bbox 486 1062 750 1133; x_wconf 75' lang='lat' dir='ltr'><strong>aequales</strong></span> <span class='ocrx_word' id='word_1_60' title='bbox 781 1062 852 1115; x_wconf 90' lang='lat' dir='ltr'><strong>de</strong></span> <span class='ocrx_word' id='word_1_61' title='bbox 881 1061 1171 1116; x_wconf 89' lang='lat' dir='ltr'><strong>beneﬁcio</strong></span> <span class='ocrx_word' id='word_1_62' title='bbox 1202 1061 1371 1130; x_wconf 90' lang='lat' dir='ltr'><strong>prius</strong></span> <span class='ocrx_word' id='word_1_63' title='bbox 1394 1058 1833 1129; x_wconf 89' lang='lat' dir='ltr'><strong>judicaverunt,</strong></span> 
     </span>
    </p>
   </div>
   <div class='ocr_carea' id='block_1_11' title="bbox 163 1145 1836 1219">
    <p class='ocr_par' dir='ltr' id='par_1_11' title="bbox 163 1145 1836 1219">
     <span class='ocr_line' id='line_1_11' title="bbox 163 1145 1836 1219; baseline -0.004 -14"><span class='ocrx_word' id='word_1_64' title='bbox 163 1156 332 1205; x_wconf 87' lang='lat' dir='ltr'><strong>esset</strong></span> <span class='ocrx_word' id='word_1_65' title='bbox 345 1151 580 1218; x_wconf 88' lang='lat' dir='ltr'><strong>stabile,</strong></span> <span class='ocrx_word' id='word_1_66' title='bbox 595 1154 652 1205; x_wconf 89' lang='lat' dir='ltr'><strong>et</strong></span> <span class='ocrx_word' id='word_1_67' title='bbox 664 1150 816 1219; x_wconf 88' lang='lat' dir='ltr'><strong>sine,</strong></span> <span class='ocrx_word' id='word_1_68' title='bbox 832 1150 1106 1203; x_wconf 83' lang='lat' dir='ltr'><strong>dilatione</strong></span> <span class='ocrx_word' id='word_1_69' title='bbox 1120 1148 1653 1203; x_wconf 88' lang='lat' dir='ltr'><strong>excommunicare.</strong></span> <span class='ocrx_word' id='word_1_70' title='bbox 1669 1145 1836 1210; x_wconf 84' lang='lat' dir='ltr'><strong>Quod</strong></span> 
     </span>
    </p>
   </div>
   <div class='ocr_carea' id='block_1_12' title="bbox 161 1235 1834 1310">
    <p class='ocr_par' dir='ltr' id='par_1_12' title="bbox 161 1235 1834 1310">
     <span class='ocr_line' id='line_1_12' title="bbox 161 1235 1834 1310; baseline -0.004 -17"><span class='ocrx_word' id='word_1_71' title='bbox 161 1246 356 1294; x_wconf 85' lang='lat' dir='ltr'><strong>autem</strong></span> <span class='ocrx_word' id='word_1_72' title='bbox 390 1240 467 1293; x_wconf 88' lang='lat' dir='ltr'><strong>ad</strong></span> <span class='ocrx_word' id='word_1_73' title='bbox 493 1240 900 1310; x_wconf 66' lang='lat' dir='ltr'><strong>paenitentiam</strong></span> <span class='ocrx_word' id='word_1_74' title='bbox 931 1240 987 1292; x_wconf 91' lang='lat' dir='ltr'><strong>et</strong></span> <span class='ocrx_word' id='word_1_75' title='bbox 1025 1238 1098 1291; x_wconf 90' lang='lat' dir='ltr'><strong>ad</strong></span> <span class='ocrx_word' id='word_1_76' title='bbox 1126 1236 1625 1291; x_wconf 85' lang='lat' dir='ltr'><strong>Christianitatem</strong></span> <span class='ocrx_word' id='word_1_77' title='bbox 1657 1235 1834 1303; x_wconf 86' lang='lat' dir='ltr'><strong>perti-</strong></span> 
     </span>
    </p>
   </div>
   <div class='ocr_carea' id='block_1_13' title="bbox 162 1323 1836 1405">
    <p class='ocr_par' dir='ltr' id='par_1_13' title="bbox 162 1323 1836 1405">
     <span class='ocr_line' id='line_1_13' title="bbox 162 1323 1836 1405; baseline -0.004 -22"><span class='ocrx_word' id='word_1_78' title='bbox 162 1335 279 1394; x_wconf 89' lang='lat' dir='ltr'><strong>net,</strong></span> <span class='ocrx_word' id='word_1_79' title='bbox 315 1344 439 1383; x_wconf 89' lang='lat' dir='ltr'><strong>non</strong></span> <span class='ocrx_word' id='word_1_80' title='bbox 482 1329 702 1397; x_wconf 88' lang='lat' dir='ltr'><strong>dimisi,</strong></span> <span class='ocrx_word' id='word_1_81' title='bbox 740 1328 848 1382; x_wconf 91' lang='lat' dir='ltr'><strong>sed</strong></span> <span class='ocrx_word' id='word_1_82' title='bbox 896 1328 954 1381; x_wconf 91' lang='lat' dir='ltr'><strong>in</strong></span> <span class='ocrx_word' id='word_1_83' title='bbox 1006 1326 1455 1405; x_wconf 78' lang='lat' dir='ltr'><strong>conventionem</strong></span> <span class='ocrx_word' id='word_1_84' title='bbox 1502 1323 1723 1392; x_wconf 85' lang='lat' dir='ltr'><strong>habuit,</strong></span> <span class='ocrx_word' id='word_1_85' title='bbox 1775 1326 1836 1377; x_wconf 91' lang='lat' dir='ltr'><strong>ut</strong></span> 
     </span>
    </p>
   </div>
   <div class='ocr_carea' id='block_1_14' title="bbox 162 1415 1403 1488">
    <p class='ocr_par' dir='ltr' id='par_1_14' title="bbox 162 1415 1403 1488">
     <span class='ocr_line' id='line_1_14' title="bbox 162 1415 1403 1488; baseline -0.002 -18"><span class='ocrx_word' id='word_1_86' title='bbox 162 1418 297 1472; x_wconf 87' lang='lat' dir='ltr'><strong>inde</strong></span> <span class='ocrx_word' id='word_1_87' title='bbox 318 1419 455 1488; x_wconf 88' lang='lat' dir='ltr'><strong>ipse</strong></span> <span class='ocrx_word' id='word_1_88' title='bbox 485 1421 542 1471; x_wconf 90' lang='lat' dir='ltr'><strong>et</strong></span> <span class='ocrx_word' id='word_1_89' title='bbox 564 1418 659 1471; x_wconf 88' lang='lat' dir='ltr'><strong>sui</strong></span> <span class='ocrx_word' id='word_1_90' title='bbox 690 1417 978 1470; x_wconf 85' lang='lat' dir='ltr'><strong>rationem</strong></span> <span class='ocrx_word' id='word_1_91' title='bbox 1003 1415 1334 1470; x_wconf 86' lang='lat' dir='ltr'><strong>redderent.</strong></span> <span class='ocrx_word' id='word_1_92' title='bbox 1382 1436 1403 1460; x_wconf 78' lang='grc' dir='ltr'><strong><em>η</em></strong></span> 
     </span>
    </p>
   </div>
   <div class='ocr_carea' id='block_1_15' title="bbox 226 1500 1835 1572">
    <p class='ocr_par' dir='ltr' id='par_1_15' title="bbox 226 1500 1835 1572">
     <span class='ocr_line' id='line_1_15' title="bbox 226 1500 1835 1572; baseline -0.005 -11"><span class='ocrx_word' id='word_1_93' title='bbox 226 1506 323 1561; x_wconf 70' lang='grc'><strong>46.</strong></span> <span class='ocrx_word' id='word_1_94' title='bbox 346 1506 629 1561; x_wconf 79' lang='lat' dir='ltr'><strong>Promisit</strong></span> <span class='ocrx_word' id='word_1_95' title='bbox 649 1505 780 1560; x_wconf 87' lang='lat' dir='ltr'><strong>Otto</strong></span> <span class='ocrx_word' id='word_1_96' title='bbox 805 1520 1007 1560; x_wconf 91' lang='lat' dir='ltr'><strong>comes</strong></span> <span class='ocrx_word' id='word_1_97' title='bbox 1038 1504 1159 1558; x_wconf 93' lang='lat' dir='ltr'><strong>Deo</strong></span> <span class='ocrx_word' id='word_1_98' title='bbox 1190 1505 1529 1572; x_wconf 88' lang='lat' dir='ltr'><strong>sanctaeque</strong></span> <span class='ocrx_word' id='word_1_99' title='bbox 1561 1500 1760 1555; x_wconf 84' lang='lat' dir='ltr'><strong>Mariae</strong></span> <span class='ocrx_word' id='word_1_100' title='bbox 1779 1503 1835 1554; x_wconf 90' lang='lat' dir='ltr'><strong>et</strong></span> 
     </span>
    </p>
   </div>
   <div class='ocr_carea' id='block_1_16' title="bbox 161 1591 1833 1665">
    <p class='ocr_par' dir='ltr' id='par_1_16' title="bbox 161 1591 1833 1665">
     <span class='ocr_line' id='line_1_16' title="bbox 161 1591 1833 1665; baseline -0.004 -16"><span class='ocrx_word' id='word_1_101' title='bbox 161 1596 449 1665; x_wconf 88' lang='lat' dir='ltr'><strong>episcopo</strong></span> <span class='ocrx_word' id='word_1_102' title='bbox 479 1595 744 1649; x_wconf 80' lang='lat' dir='ltr'><strong>Germ-do</strong></span> <span class='ocrx_word' id='word_1_103' title='bbox 768 1596 826 1648; x_wconf 92' lang='lat' dir='ltr'><strong>in</strong></span> <span class='ocrx_word' id='word_1_104' title='bbox 857 1610 1030 1647; x_wconf 91' lang='lat' dir='ltr'><strong>manu</strong></span> <span class='ocrx_word' id='word_1_105' title='bbox 1049 1608 1179 1660; x_wconf 91' lang='lat' dir='ltr'><strong>sua,</strong></span> <span class='ocrx_word' id='word_1_106' title='bbox 1202 1596 1261 1646; x_wconf 90' lang='lat' dir='ltr'><strong>ut</strong></span> <span class='ocrx_word' id='word_1_107' title='bbox 1283 1592 1338 1646; x_wconf 92' lang='lat' dir='ltr'><strong>si</strong></span> <span class='ocrx_word' id='word_1_108' title='bbox 1370 1591 1676 1645; x_wconf 73' lang='lat' dir='ltr'><strong>\‘Valterus</strong></span> <span class='ocrx_word' id='word_1_109' title='bbox 1710 1606 1833 1643; x_wconf 90' lang='lat' dir='ltr'><strong>um-</strong></span> 
     </span>
    </p>
   </div>
   <div class='ocr_carea' id='block_1_17' title="bbox 162 1678 1833 1754">
    <p class='ocr_par' dir='ltr' id='par_1_17' title="bbox 162 1678 1833 1754">
     <span class='ocr_line' id='line_1_17' title="bbox 162 1678 1833 1754; baseline -0.004 -16"><span class='ocrx_word' id='word_1_110' title='bbox 162 1701 339 1754; x_wconf 88' lang='lat' dir='ltr'><strong>quam</strong></span> <span class='ocrx_word' id='word_1_111' title='bbox 369 1684 447 1737; x_wconf 88' lang='lat' dir='ltr'><strong>ab</strong></span> <span class='ocrx_word' id='word_1_112' title='bbox 479 1684 579 1737; x_wconf 90' lang='lat' dir='ltr'><strong>illa</strong></span> <span class='ocrx_word' id='word_1_113' title='bbox 610 1683 755 1737; x_wconf 90' lang='lat' dir='ltr'><strong>hora</strong></span> <span class='ocrx_word' id='word_1_114' title='bbox 788 1687 988 1737; x_wconf 85' lang='lat' dir='ltr'><strong>contra</strong></span> <span class='ocrx_word' id='word_1_115' title='bbox 1019 1682 1363 1752; x_wconf 85' lang='lat' dir='ltr'><strong>episcopum</strong></span> <span class='ocrx_word' id='word_1_116' title='bbox 1382 1678 1833 1749; x_wconf 82' lang='lat' dir='ltr'><strong>eeeclesiamque</strong></span> 
     </span>
    </p>
   </div>
   <div class='ocr_carea' id='block_1_18' title="bbox 162 1768 1834 1841">
    <p class='ocr_par' dir='ltr' id='par_1_18' title="bbox 162 1768 1834 1841">
     <span class='ocr_line' id='line_1_18' title="bbox 162 1768 1834 1841; baseline -0.004 -15"><span class='ocrx_word' id='word_1_117' title='bbox 162 1773 274 1826; x_wconf 84' lang='lat' dir='ltr'><strong>sibi</strong></span> <span class='ocrx_word' id='word_1_118' title='bbox 297 1774 689 1827; x_wconf 89' lang='lat' dir='ltr'><strong>commissam</strong></span> <span class='ocrx_word' id='word_1_119' title='bbox 722 1773 781 1825; x_wconf 91' lang='lat' dir='ltr'><strong>in</strong></span> <span class='ocrx_word' id='word_1_120' title='bbox 811 1771 1005 1841; x_wconf 89' lang='lat' dir='ltr'><strong>aliquo</strong></span> <span class='ocrx_word' id='word_1_121' title='bbox 1036 1770 1407 1840; x_wconf 84' lang='lat' dir='ltr'><strong>deliquisset,</strong></span> <span class='ocrx_word' id='word_1_122' title='bbox 1442 1768 1596 1838; x_wconf 88' lang='lat' dir='ltr'><strong>quod</strong></span> <span class='ocrx_word' id='word_1_123' title='bbox 1631 1783 1834 1821; x_wconf 89' lang='lat' dir='ltr'><strong>emcn-</strong></span> 
     </span>
    </p>
   </div>
   <div class='ocr_carea' id='block_1_19' title="bbox 1957 612 3621 690">
    <p class='ocr_par' dir='ltr' id='par_1_19' title="bbox 1957 612 3621 690">
     <span class='ocr_line' id='line_1_19' title="bbox 1957 612 3621 690; baseline 0.007 -25"><span class='ocrx_word' id='word_1_124' title='bbox 1957 628 2063 682; x_wconf 84' lang='lat' dir='ltr'><strong>pro</strong></span> <span class='ocrx_word' id='word_1_125' title='bbox 2097 612 2836 681; x_wconf 90' lang='lat' dir='ltr'><strong>culpisinnumerabilibus</strong></span> <span class='ocrx_word' id='word_1_126' title='bbox 2862 620 3527 690; x_wconf 84' lang='lat' dir='ltr'><strong>excommunicavimus,</strong></span> <span class='ocrx_word' id='word_1_127' title='bbox 3563 622 3621 676; x_wconf 92' lang='lat' dir='ltr'><strong>in</strong></span> 
     </span>
    </p>
   </div>
   <div class='ocr_carea' id='block_1_20' title="bbox 1956 701 3623 780">
    <p class='ocr_par' dir='ltr' id='par_1_20' title="bbox 1956 701 3623 780">
     <span class='ocr_line' id='line_1_20' title="bbox 1956 701 3623 780; baseline 0.007 -26"><span class='ocrx_word' id='word_1_128' title='bbox 1956 705 2108 754; x_wconf 87' lang='lat' dir='ltr'><strong>tanta</strong></span> <span class='ocrx_word' id='word_1_129' title='bbox 2141 701 2430 755; x_wconf 87' lang='lat' dir='ltr'><strong>dementia</strong></span> <span class='ocrx_word' id='word_1_130' title='bbox 2471 703 2789 756; x_wconf 85' lang='lat' dir='ltr'><strong>adversum</strong></span> <span class='ocrx_word' id='word_1_131' title='bbox 2819 719 2931 758; x_wconf 90' lang='lat' dir='ltr'><strong>nos</strong></span> <span class='ocrx_word' id='word_1_132' title='bbox 2965 704 3306 776; x_wconf 85' lang='lat' dir='ltr'><strong>iusurrexit,</strong></span> <span class='ocrx_word' id='word_1_133' title='bbox 3340 712 3402 762; x_wconf 92' lang='lat' dir='ltr'><strong>ut</strong></span> <span class='ocrx_word' id='word_1_134' title='bbox 3441 727 3623 780; x_wconf 86' lang='lat' dir='ltr'><strong>quos-</strong></span> 
     </span>
    </p>
   </div>
   <div class='ocr_carea' id='block_1_21' title="bbox 1952 791 3625 869">
    <p class='ocr_par' dir='ltr' id='par_1_21' title="bbox 1952 791 3625 869">
     <span class='ocr_line' id='line_1_21' title="bbox 1952 791 3625 869; baseline 0.007 -26"><span class='ocrx_word' id='word_1_135' title='bbox 1952 791 2081 843; x_wconf 85' lang='lat' dir='ltr'><strong>dam</strong></span> <span class='ocrx_word' id='word_1_136' title='bbox 2100 795 2459 856; x_wconf 89' lang='lat' dir='ltr'><strong>nostrorum,</strong></span> <span class='ocrx_word' id='word_1_137' title='bbox 2475 807 2587 861; x_wconf 85' lang='lat' dir='ltr'><strong>qua</strong></span> <span class='ocrx_word' id='word_1_138' title='bbox 2610 792 2876 860; x_wconf 84' lang='lat' dir='ltr'><strong>partibus</strong></span> <span class='ocrx_word' id='word_1_139' title='bbox 2891 791 3025 862; x_wconf 86' lang='lat' dir='ltr'><strong>ejus</strong></span> <span class='ocrx_word' id='word_1_140' title='bbox 3040 810 3155 848; x_wconf 91' lang='lat' dir='ltr'><strong>non</strong></span> <span class='ocrx_word' id='word_1_141' title='bbox 3170 795 3625 869; x_wconf 69' lang='lat' dir='ltr'><strong>favebant,qum-</strong></span> 
     </span>
    </p>
   </div>
   <div class='ocr_carea' id='block_1_22' title="bbox 1949 880 3623 953">
    <p class='ocr_par' dir='ltr' id='par_1_22' title="bbox 1949 880 3623 953">
     <span class='ocr_line' id='line_1_22' title="bbox 1949 880 3623 953; baseline 0.005 -20"><span class='ocrx_word' id='word_1_142' title='bbox 1949 884 2108 933; x_wconf 88' lang='lat' dir='ltr'><strong>reret</strong></span> <span class='ocrx_word' id='word_1_143' title='bbox 2141 880 2493 949; x_wconf 87' lang='lat' dir='ltr'><strong>interﬁcere,</strong></span> <span class='ocrx_word' id='word_1_144' title='bbox 2521 882 2854 950; x_wconf 81' lang='lat' dir='ltr'><strong>militesque</strong></span> <span class='ocrx_word' id='word_1_145' title='bbox 2894 897 3060 952; x_wconf 90' lang='lat' dir='ltr'><strong>suos,</strong></span> <span class='ocrx_word' id='word_1_146' title='bbox 3095 884 3191 953; x_wconf 90' lang='lat' dir='ltr'><strong>qui</strong></span> <span class='ocrx_word' id='word_1_147' title='bbox 3225 900 3428 939; x_wconf 87' lang='lat' dir='ltr'><strong>secum</strong></span> <span class='ocrx_word' id='word_1_148' title='bbox 3459 893 3623 942; x_wconf 84' lang='lat' dir='ltr'><strong>erant</strong></span> 
     </span>
    </p>
   </div>
   <div class='ocr_carea' id='block_1_23' title="bbox 1951 969 3618 1045">
    <p class='ocr_par' dir='ltr' id='par_1_23' title="bbox 1951 969 3618 1045">
     <span class='ocr_line' id='line_1_23' title="bbox 1951 969 3618 1045; baseline 0.005 -24"><span class='ocrx_word' id='word_1_149' title='bbox 1951 970 2458 1037; x_wconf 65' lang='lat' dir='ltr'><strong>cxcommunicati,</strong></span> <span class='ocrx_word' id='word_1_150' title='bbox 2487 969 2772 1039; x_wconf 86' lang='lat' dir='ltr'><strong>majorem</strong></span> <span class='ocrx_word' id='word_1_151' title='bbox 2787 971 3119 1026; x_wconf 67' lang='lat' dir='ltr'><strong>mcclesiam</strong></span> <span class='ocrx_word' id='word_1_152' title='bbox 3148 979 3368 1028; x_wconf 59' lang='lat' dir='ltr'><strong>sanetae</strong></span> <span class='ocrx_word' id='word_1_153' title='bbox 3393 976 3618 1045; x_wconf 73' lang='lat' dir='ltr'><strong>Mariae,</strong></span> 
     </span>
    </p>
   </div>
   <div class='ocr_carea' id='block_1_24' title="bbox 1949 1056 3623 1131">
    <p class='ocr_par' dir='ltr' id='par_1_24' title="bbox 1949 1056 3623 1131">
     <span class='ocr_line' id='line_1_24' title="bbox 1949 1056 3623 1131; baseline 0.007 -22"><span class='ocrx_word' id='word_1_154' title='bbox 1949 1056 2217 1127; x_wconf 86' lang='lat' dir='ltr'><strong>aliasque</strong></span> <span class='ocrx_word' id='word_1_155' title='bbox 2240 1058 2548 1112; x_wconf 74' lang='lat' dir='ltr'><strong>aecclesias</strong></span> <span class='ocrx_word' id='word_1_156' title='bbox 2595 1059 2879 1113; x_wconf 77' lang='lat' dir='ltr'><strong>violenter</strong></span> <span class='ocrx_word' id='word_1_157' title='bbox 2901 1062 3534 1131; x_wconf 87' lang='lat' dir='ltr'><strong>conpelleretintroire.</strong></span> <span class='ocrx_word' id='word_1_158' title='bbox 3553 1065 3623 1120; x_wconf 87' lang='lat' dir='ltr'><strong>Et</strong></span> 
     </span>
    </p>
   </div>
   <div class='ocr_carea' id='block_1_25' title="bbox 1947 1145 3621 1220">
    <p class='ocr_par' dir='ltr' id='par_1_25' title="bbox 1947 1145 3621 1220">
     <span class='ocr_line' id='line_1_25' title="bbox 1947 1145 3621 1220; baseline 0.007 -22"><span class='ocrx_word' id='word_1_159' title='bbox 1947 1145 2079 1199; x_wconf 88' lang='lat' dir='ltr'><strong>ideo</strong></span> <span class='ocrx_word' id='word_1_160' title='bbox 2103 1162 2316 1216; x_wconf 84' lang='lat' dir='ltr'><strong>magna</strong></span> <span class='ocrx_word' id='word_1_161' title='bbox 2331 1147 2665 1201; x_wconf 84' lang='lat' dir='ltr'><strong>necessitas</strong></span> <span class='ocrx_word' id='word_1_162' title='bbox 2684 1148 2854 1202; x_wconf 89' lang='lat' dir='ltr'><strong>nobis</strong></span> <span class='ocrx_word' id='word_1_163' title='bbox 2870 1149 3155 1220; x_wconf 84' lang='lat' dir='ltr'><strong>incubuit,</strong></span> <span class='ocrx_word' id='word_1_164' title='bbox 3172 1156 3232 1205; x_wconf 89' lang='lat' dir='ltr'><strong>ut</strong></span> <span class='ocrx_word' id='word_1_165' title='bbox 3268 1153 3621 1210; x_wconf 87' lang='lat' dir='ltr'><strong>aecclesiasa</strong></span> 
     </span>
    </p>
   </div>
   <div class='ocr_carea' id='block_1_26' title="bbox 1947 1233 3622 1312">
    <p class='ocr_par' dir='ltr' id='par_1_26' title="bbox 1947 1233 3622 1312">
     <span class='ocr_line' id='line_1_26' title="bbox 1947 1233 3622 1312; baseline 0.008 -26"><span class='ocrx_word' id='word_1_166' title='bbox 1947 1233 2145 1288; x_wconf 89' lang='lat' dir='ltr'><strong>divino</strong></span> <span class='ocrx_word' id='word_1_167' title='bbox 2160 1234 2357 1289; x_wconf 83' lang='lat' dir='ltr'><strong>ofﬁcio</strong></span> <span class='ocrx_word' id='word_1_168' title='bbox 2374 1235 2708 1290; x_wconf 84' lang='lat' dir='ltr'><strong>faceremus</strong></span> <span class='ocrx_word' id='word_1_169' title='bbox 2727 1252 2989 1292; x_wconf 82' lang='lat' dir='ltr'><strong>cessare.</strong></span> <span class='ocrx_word' id='word_1_170' title='bbox 3016 1239 3194 1293; x_wconf 86' lang='lat' dir='ltr'><strong>Multa</strong></span> <span class='ocrx_word' id='word_1_171' title='bbox 3216 1257 3450 1312; x_wconf 92' lang='lat' dir='ltr'><strong>quoque</strong></span> <span class='ocrx_word' id='word_1_172' title='bbox 3474 1245 3622 1298; x_wconf 89' lang='lat' dir='ltr'><strong>mala</strong></span> 
     </span>
    </p>
   </div>
   <div class='ocr_carea' id='block_1_27' title="bbox 1945 1322 3617 1398">
    <p class='ocr_par' dir='ltr' id='par_1_27' title="bbox 1945 1322 3617 1398">
     <span class='ocr_line' id='line_1_27' title="bbox 1945 1322 3617 1398; baseline 0.008 -23"><span class='ocrx_word' id='word_1_173' title='bbox 1945 1322 2118 1376; x_wconf 89' lang='lat' dir='ltr'><strong>nobis</strong></span> <span class='ocrx_word' id='word_1_174' title='bbox 2153 1328 2208 1376; x_wconf 89' lang='lat' dir='ltr'><strong>et</strong></span> <span class='ocrx_word' id='word_1_175' title='bbox 2249 1324 2475 1378; x_wconf 87' lang='lat' dir='ltr'><strong>nostris</strong></span> <span class='ocrx_word' id='word_1_176' title='bbox 2516 1325 2674 1393; x_wconf 89' lang='lat' dir='ltr'><strong>fecit,</strong></span> <span class='ocrx_word' id='word_1_177' title='bbox 2709 1341 2842 1395; x_wconf 87' lang='lat' dir='ltr'><strong>quae</strong></span> <span class='ocrx_word' id='word_1_178' title='bbox 2882 1327 3125 1398; x_wconf 80' lang='lat' dir='ltr'><strong>longum</strong></span> <span class='ocrx_word' id='word_1_179' title='bbox 3183 1334 3274 1384; x_wconf 90' lang='lat' dir='ltr'><strong>est</strong></span> <span class='ocrx_word' id='word_1_180' title='bbox 3315 1347 3617 1388; x_wconf 86' lang='lat' dir='ltr'><strong>enarrare.</strong></span> 
     </span>
    </p>
   </div>
   <div class='ocr_carea' id='block_1_28' title="bbox 1945 1410 3624 1491">
    <p class='ocr_par' dir='ltr' id='par_1_28' title="bbox 1945 1410 3624 1491">
     <span class='ocr_line' id='line_1_28' title="bbox 1945 1410 3624 1491; baseline 0.007 -28"><span class='ocrx_word' id='word_1_181' title='bbox 1945 1410 2204 1465; x_wconf 86' lang='lat' dir='ltr'><strong>Tandem</strong></span> <span class='ocrx_word' id='word_1_182' title='bbox 2220 1427 2335 1466; x_wconf 90' lang='lat' dir='ltr'><strong>non</strong></span> <span class='ocrx_word' id='word_1_183' title='bbox 2349 1413 2555 1467; x_wconf 91' lang='lat' dir='ltr'><strong>valens</strong></span> <span class='ocrx_word' id='word_1_184' title='bbox 2580 1413 2714 1484; x_wconf 90' lang='lat' dir='ltr'><strong>ejus</strong></span> <span class='ocrx_word' id='word_1_185' title='bbox 2761 1415 3052 1469; x_wconf 87' lang='lat' dir='ltr'><strong>insaniam</strong></span> <span class='ocrx_word' id='word_1_186' title='bbox 3080 1417 3301 1472; x_wconf 89' lang='lat' dir='ltr'><strong>diutius</strong></span> <span class='ocrx_word' id='word_1_187' title='bbox 3334 1420 3510 1491; x_wconf 84' lang='lat' dir='ltr'><strong>ferre,</strong></span> <span class='ocrx_word' id='word_1_188' title='bbox 3542 1422 3624 1475; x_wconf 89' lang='lat' dir='ltr'><strong>ni-</strong></span> 
     </span>
    </p>
   </div>
   <div class='ocr_carea' id='block_1_29' title="bbox 1945 1498 3620 1571">
    <p class='ocr_par' dir='ltr' id='par_1_29' title="bbox 1945 1498 3620 1571">
     <span class='ocr_line' id='line_1_29' title="bbox 1945 1498 3620 1571; baseline 0.007 -19"><span class='ocrx_word' id='word_1_189' title='bbox 1945 1498 2024 1552; x_wconf 87' lang='lat' dir='ltr'><strong>hil</strong></span> <span class='ocrx_word' id='word_1_190' title='bbox 2056 1499 2128 1553; x_wconf 91' lang='lat' dir='ltr'><strong>de</strong></span> <span class='ocrx_word' id='word_1_191' title='bbox 2151 1516 2260 1554; x_wconf 91' lang='lat' dir='ltr'><strong>suo</strong></span> <span class='ocrx_word' id='word_1_192' title='bbox 2280 1501 2639 1567; x_wconf 86' lang='lat' dir='ltr'><strong>auferentes,</strong></span> <span class='ocrx_word' id='word_1_193' title='bbox 2662 1504 2999 1571; x_wconf 90' lang='lat' dir='ltr'><strong>expulimus</strong></span> <span class='ocrx_word' id='word_1_194' title='bbox 3012 1520 3148 1560; x_wconf 91' lang='lat' dir='ltr'><strong>eum</strong></span> <span class='ocrx_word' id='word_1_195' title='bbox 3179 1524 3210 1560; x_wconf 91' lang='lat' dir='ltr'><strong>a</strong></span> <span class='ocrx_word' id='word_1_196' title='bbox 3236 1511 3439 1562; x_wconf 88' lang='lat' dir='ltr'><strong>nostra</strong></span> <span class='ocrx_word' id='word_1_197' title='bbox 3470 1509 3620 1563; x_wconf 89' lang='lat' dir='ltr'><strong>civi-</strong></span> 
     </span>
    </p>
   </div>
   <div class='ocr_carea' id='block_1_30' title="bbox 1941 1589 3621 1668">
    <p class='ocr_par' dir='ltr' id='par_1_30' title="bbox 1941 1589 3621 1668">
     <span class='ocr_line' id='line_1_30' title="bbox 1941 1589 3621 1668; baseline 0.008 -28"><span class='ocrx_word' id='word_1_198' title='bbox 1941 1590 2076 1643; x_wconf 85' lang='lat' dir='ltr'><strong>tate.</strong></span> <span class='ocrx_word' id='word_1_199' title='bbox 2104 1589 2405 1658; x_wconf 82' lang='lat' dir='ltr'><strong>Expulsus</strong></span> <span class='ocrx_word' id='word_1_200' title='bbox 2442 1593 2634 1644; x_wconf 89' lang='lat' dir='ltr'><strong>autem</strong></span> <span class='ocrx_word' id='word_1_201' title='bbox 2668 1591 2819 1661; x_wconf 85' lang='lat' dir='ltr'><strong>cepit</strong></span> <span class='ocrx_word' id='word_1_202' title='bbox 2849 1593 3167 1649; x_wconf 88' lang='lat' dir='ltr'><strong>adversum</strong></span> <span class='ocrx_word' id='word_1_203' title='bbox 3199 1612 3309 1650; x_wconf 90' lang='lat' dir='ltr'><strong>nos</strong></span> <span class='ocrx_word' id='word_1_204' title='bbox 3366 1599 3621 1668; x_wconf 88' lang='lat' dir='ltr'><strong>amplius</strong></span> 
     </span>
    </p>
   </div>
   <div class='ocr_carea' id='block_1_31' title="bbox 1943 1677 3623 1756">
    <p class='ocr_par' dir='ltr' id='par_1_31' title="bbox 1943 1677 3623 1756">
     <span class='ocr_line' id='line_1_31' title="bbox 1943 1677 3623 1756; baseline 0.008 -26"><span class='ocrx_word' id='word_1_205' title='bbox 1943 1677 2160 1743; x_wconf 91' lang='lat' dir='ltr'><strong>sevire,</strong></span> <span class='ocrx_word' id='word_1_206' title='bbox 2192 1678 2483 1749; x_wconf 87' lang='lat' dir='ltr'><strong>villasque</strong></span> <span class='ocrx_word' id='word_1_207' title='bbox 2517 1683 2754 1735; x_wconf 88' lang='lat' dir='ltr'><strong>nostras</strong></span> <span class='ocrx_word' id='word_1_208' title='bbox 2788 1697 2921 1735; x_wconf 88' lang='lat' dir='ltr'><strong>cum</strong></span> <span class='ocrx_word' id='word_1_209' title='bbox 2952 1684 3227 1738; x_wconf 90' lang='lat' dir='ltr'><strong>ecclesiis</strong></span> <span class='ocrx_word' id='word_1_210' title='bbox 3257 1702 3405 1755; x_wconf 85' lang='lat' dir='ltr'><strong>quas</strong></span> <span class='ocrx_word' id='word_1_211' title='bbox 3437 1690 3623 1756; x_wconf 87' lang='lat' dir='ltr'><strong>p&#39;otuit</strong></span> 
     </span>
    </p>
   </div>
   <div class='ocr_carea' id='block_1_32' title="bbox 1943 1766 3625 1849">
    <p class='ocr_par' dir='ltr' id='par_1_32' title="bbox 1943 1766 3625 1849">
     <span class='ocr_line' id='line_1_32' title="bbox 1943 1766 3625 1849; baseline 0.008 -31"><span class='ocrx_word' id='word_1_212' title='bbox 1943 1766 2273 1835; x_wconf 82' lang='lat' dir='ltr'><strong>depraedari</strong></span> <span class='ocrx_word' id='word_1_213' title='bbox 2287 1771 2459 1837; x_wconf 87' lang='lat' dir='ltr'><strong>atque</strong></span> <span class='ocrx_word' id='word_1_214' title='bbox 2476 1769 2597 1838; x_wconf 82' lang='lat' dir='ltr'><strong>igni</strong></span> <span class='ocrx_word' id='word_1_215' title='bbox 2611 1773 3261 1843; x_wconf 80' lang='lat' dir='ltr'><strong>concremare.Posteaj</strong></span> <span class='ocrx_word' id='word_1_216' title='bbox 3272 1791 3420 1830; x_wconf 89' lang='lat' dir='ltr'><strong>ussu</strong></span> <span class='ocrx_word' id='word_1_217' title='bbox 3436 1781 3625 1849; x_wconf 72' lang='lat' dir='ltr'><strong>nostri</strong></span> 
     </span>
    </p>
   </div>
   <div class='ocr_carea' id='block_1_33' title="bbox 158 1856 3625 1931">
    <p class='ocr_par' dir='ltr' id='par_1_33' title="bbox 158 1856 3625 1931">
     <span class='ocr_line' id='line_1_33' title="bbox 158 1856 3625 1931; baseline 0.002 -16"><span class='ocrx_word' id='word_1_218' title='bbox 158 1863 299 1915; x_wconf 82' lang='lat' dir='ltr'><strong>dare</strong></span> <span class='ocrx_word' id='word_1_219' title='bbox 323 1861 530 1928; x_wconf 85' lang='lat' dir='ltr'><strong>nollet,</strong></span> <span class='ocrx_word' id='word_1_220' title='bbox 551 1865 649 1914; x_wconf 91' lang='lat' dir='ltr'><strong>aut</strong></span> <span class='ocrx_word' id='word_1_221' title='bbox 670 1877 788 1914; x_wconf 93' lang='lat' dir='ltr'><strong>non</strong></span> <span class='ocrx_word' id='word_1_222' title='bbox 820 1863 1045 1929; x_wconf 86' lang='lat' dir='ltr'><strong>posset,</strong></span> <span class='ocrx_word' id='word_1_223' title='bbox 1080 1874 1396 1929; x_wconf 86' lang='lat' dir='ltr'><strong>numquam</strong></span> <span class='ocrx_word' id='word_1_224' title='bbox 1415 1858 1487 1911; x_wconf 91' lang='lat' dir='ltr'><strong>ab</strong></span> <span class='ocrx_word' id='word_1_225' title='bbox 1513 1858 1610 1912; x_wconf 91' lang='lat' dir='ltr'><strong>illo</strong></span> <span class='ocrx_word' id='word_1_226' title='bbox 1632 1862 1731 1911; x_wconf 90' lang='lat' dir='ltr'><strong>aut</strong></span> <span class='ocrx_word' id='word_1_227' title='bbox 1761 1858 1833 1911; x_wconf 88' lang='lat' dir='ltr'><strong>de</strong></span> <span class='ocrx_word' id='word_1_228' title='bbox 1861 1861 1915 1922; x_wconf 91' lang='lat' dir='ltr'>B</span> <span class='ocrx_word' id='word_1_229' title='bbox 1944 1856 2200 1910; x_wconf 87' lang='lat' dir='ltr'><strong>senioris</strong></span> <span class='ocrx_word' id='word_1_230' title='bbox 2230 1873 2261 1908; x_wconf 92' lang='lat' dir='ltr'><strong>a</strong></span> <span class='ocrx_word' id='word_1_231' title='bbox 2306 1856 2517 1910; x_wconf 91' lang='lat' dir='ltr'><strong>comite</strong></span> <span class='ocrx_word' id='word_1_232' title='bbox 2550 1858 2832 1913; x_wconf 90' lang='lat' dir='ltr'><strong>Balduino</strong></span> <span class='ocrx_word' id='word_1_233' title='bbox 2871 1865 2925 1913; x_wconf 87' lang='lat' dir='ltr'><strong>et</strong></span> <span class='ocrx_word' id='word_1_234' title='bbox 2952 1860 3070 1915; x_wconf 89' lang='lat' dir='ltr'><strong>ﬁlio</strong></span> <span class='ocrx_word' id='word_1_235' title='bbox 3102 1860 3235 1931; x_wconf 89' lang='lat' dir='ltr'><strong>ejus</strong></span> <span class='ocrx_word' id='word_1_236' title='bbox 3294 1863 3625 1922; x_wconf 88' lang='lat' dir='ltr'><strong>Tornacum</strong></span> 
     </span>
    </p>
   </div>
   <div class='ocr_carea' id='block_1_34' title="bbox 158 1947 1830 2016">
    <p class='ocr_par' dir='ltr' id='par_1_34' title="bbox 158 1947 1830 2016">
     <span class='ocr_line' id='line_1_34' title="bbox 158 1947 1830 2016; baseline -0.002 -13"><span class='ocrx_word' id='word_1_237' title='bbox 158 1952 285 2005; x_wconf 85' lang='lat' dir='ltr'><strong>suis</strong></span> <span class='ocrx_word' id='word_1_238' title='bbox 330 1950 623 2005; x_wconf 80' lang='lat' dir='ltr'><strong>auxilium</strong></span> <span class='ocrx_word' id='word_1_239' title='bbox 662 1950 792 2002; x_wconf 91' lang='lat' dir='ltr'><strong>sive</strong></span> <span class='ocrx_word' id='word_1_240' title='bbox 835 1948 1149 2003; x_wconf 88' lang='lat' dir='ltr'><strong>consilium</strong></span> <span class='ocrx_word' id='word_1_241' title='bbox 1201 1947 1331 2002; x_wconf 88' lang='lat' dir='ltr'><strong>sive</strong></span> <span class='ocrx_word' id='word_1_242' title='bbox 1373 1948 1830 2016; x_wconf 88' lang='lat' dir='ltr'><strong>receptaculum,</strong></span> 
     </span>
    </p>
   </div>
   <div class='ocr_carea' id='block_1_35' title="bbox 160 2036 1835 2111">
    <p class='ocr_par' dir='ltr' id='par_1_35' title="bbox 160 2036 1835 2111">
     <span class='ocr_line' id='line_1_35' title="bbox 160 2036 1835 2111; baseline -0.004 -16"><span class='ocrx_word' id='word_1_243' title='bbox 160 2040 319 2111; x_wconf 87' lang='lat' dir='ltr'><strong>quod</strong></span> <span class='ocrx_word' id='word_1_244' title='bbox 343 2040 417 2093; x_wconf 89' lang='lat' dir='ltr'><strong>ad</strong></span> <span class='ocrx_word' id='word_1_245' title='bbox 438 2039 759 2108; x_wconf 89' lang='lat' dir='ltr'><strong>dampnum</strong></span> <span class='ocrx_word' id='word_1_246' title='bbox 799 2037 1029 2091; x_wconf 85' lang='lat' dir='ltr'><strong>veniret</strong></span> <span class='ocrx_word' id='word_1_247' title='bbox 1071 2037 1371 2106; x_wconf 86' lang='lat' dir='ltr'><strong>episcopo,</strong></span> <span class='ocrx_word' id='word_1_248' title='bbox 1426 2036 1835 2106; x_wconf 83' lang='lat' dir='ltr'><strong>aeeclesiaeque</strong></span> 
     </span>
    </p>
   </div>
   <div class='ocr_carea' id='block_1_36' title="bbox 157 2124 1838 2195">
    <p class='ocr_par' dir='ltr' id='par_1_36' title="bbox 157 2124 1838 2195">
     <span class='ocr_line' id='line_1_36' title="bbox 157 2124 1838 2195; baseline -0.003 -12"><span class='ocrx_word' id='word_1_249' title='bbox 157 2130 274 2184; x_wconf 87' lang='lat' dir='ltr'><strong>sibi</strong></span> <span class='ocrx_word' id='word_1_250' title='bbox 308 2129 659 2182; x_wconf 62' lang='lat' dir='ltr'><strong>commissae</strong></span> <span class='ocrx_word' id='word_1_251' title='bbox 686 2142 701 2195; x_wconf 88' lang='lat'><strong>;</strong></span> <span class='ocrx_word' id='word_1_252' title='bbox 731 2143 840 2181; x_wconf 87' lang='lat' dir='ltr'><strong>nec</strong></span> <span class='ocrx_word' id='word_1_253' title='bbox 876 2141 1023 2179; x_wconf 89' lang='lat' dir='ltr'><strong>suus</strong></span> <span class='ocrx_word' id='word_1_254' title='bbox 1056 2131 1238 2192; x_wconf 82' lang='lat' dir='ltr'><strong>esset,</strong></span> <span class='ocrx_word' id='word_1_255' title='bbox 1264 2142 1371 2180; x_wconf 90' lang='lat' dir='ltr'><strong>nec</strong></span> <span class='ocrx_word' id='word_1_256' title='bbox 1404 2140 1579 2179; x_wconf 89' lang='lat' dir='ltr'><strong>suum</strong></span> <span class='ocrx_word' id='word_1_257' title='bbox 1617 2124 1838 2179; x_wconf 85' lang='lat' dir='ltr'><strong>beneﬁ-</strong></span> 
     </span>
    </p>
   </div>
   <div class='ocr_carea' id='block_1_37' title="bbox 156 2210 1834 2283">
    <p class='ocr_par' dir='ltr' id='par_1_37' title="bbox 156 2210 1834 2283">
     <span class='ocr_line' id='line_1_37' title="bbox 156 2210 1834 2283; baseline -0.004 -10"><span class='ocrx_word' id='word_1_258' title='bbox 156 2222 315 2273; x_wconf 84' lang='lat' dir='ltr'><strong>cium</strong></span> <span class='ocrx_word' id='word_1_259' title='bbox 346 2220 585 2272; x_wconf 84' lang='lat' dir='ltr'><strong>teneret</strong></span> <span class='ocrx_word' id='word_1_260' title='bbox 612 2218 743 2270; x_wconf 89' lang='lat' dir='ltr'><strong>sine</strong></span> <span class='ocrx_word' id='word_1_261' title='bbox 775 2215 1026 2269; x_wconf 90' lang='lat' dir='ltr'><strong>consilio</strong></span> <span class='ocrx_word' id='word_1_262' title='bbox 1057 2214 1323 2283; x_wconf 89' lang='lat' dir='ltr'><strong>episcopi</strong></span> <span class='ocrx_word' id='word_1_263' title='bbox 1350 2210 1467 2278; x_wconf 60' lang='lat'><strong>2’53;</strong></span> <span class='ocrx_word' id='word_1_264' title='bbox 1511 2217 1567 2267; x_wconf 90' lang='lat' dir='ltr'><strong>et</strong></span> <span class='ocrx_word' id='word_1_265' title='bbox 1588 2213 1834 2283; x_wconf 87' lang='lat' dir='ltr'><strong>juravit,</strong></span> 
     </span>
    </p>
   </div>
   <div class='ocr_carea' id='block_1_38' title="bbox 166 2303 1837 2378">
    <p class='ocr_par' dir='ltr' id='par_1_38' title="bbox 166 2303 1837 2378">
     <span class='ocr_line' id='line_1_38' title="bbox 166 2303 1837 2378; baseline -0.003 -17"><span class='ocrx_word' id='word_1_266' title='bbox 166 2307 328 2378; x_wconf 77' lang='lat' dir='ltr'><strong>quod</strong></span> <span class='ocrx_word' id='word_1_267' title='bbox 369 2307 489 2360; x_wconf 86' lang='lat' dir='ltr'><strong>hoc</strong></span> <span class='ocrx_word' id='word_1_268' title='bbox 523 2305 1042 2360; x_wconf 90' lang='lat' dir='ltr'><strong>secundumsuum</strong></span> <span class='ocrx_word' id='word_1_269' title='bbox 1084 2303 1240 2357; x_wconf 88' lang='lat' dir='ltr'><strong>scire</strong></span> <span class='ocrx_word' id='word_1_270' title='bbox 1279 2318 1385 2372; x_wconf 92' lang='lat' dir='ltr'><strong>per</strong></span> <span class='ocrx_word' id='word_1_271' title='bbox 1424 2307 1640 2356; x_wconf 89' lang='lat' dir='ltr'><strong>rectam</strong></span> <span class='ocrx_word' id='word_1_272' title='bbox 1668 2303 1837 2357; x_wconf 91' lang='lat' dir='ltr'><strong>ﬁdem</strong></span> 
     </span>
    </p>
   </div>
   <div class='ocr_carea' id='block_1_39' title="bbox 158 2390 1838 2463">
    <p class='ocr_par' dir='ltr' id='par_1_39' title="bbox 158 2390 1838 2463">
     <span class='ocr_line' id='line_1_39' title="bbox 158 2390 1838 2463; baseline -0.002 -14"><span class='ocrx_word' id='word_1_273' title='bbox 158 2395 689 2450; x_wconf 85' lang='lat' dir='ltr'><strong>ﬁdemattenderet</strong></span> <span class='ocrx_word' id='word_1_274' title='bbox 718 2394 848 2446; x_wconf 90' lang='lat' dir='ltr'><strong>sine</strong></span> <span class='ocrx_word' id='word_1_275' title='bbox 869 2394 1021 2446; x_wconf 90' lang='lat' dir='ltr'><strong>malo</strong></span> <span class='ocrx_word' id='word_1_276' title='bbox 1037 2391 1295 2463; x_wconf 80' lang='lat' dir='ltr'><strong>ingenio.</strong></span> <span class='ocrx_word' id='word_1_277' title='bbox 1312 2390 1661 2462; x_wconf 86' lang='lat' dir='ltr'><strong>Ivojuravit,</strong></span> <span class='ocrx_word' id='word_1_278' title='bbox 1684 2393 1838 2461; x_wconf 88' lang='lat' dir='ltr'><strong>quod</strong></span> 
     </span>
    </p>
   </div>
   <div class='ocr_carea' id='block_1_40' title="bbox 160 2480 1838 2549">
    <p class='ocr_par' dir='ltr' id='par_1_40' title="bbox 160 2480 1838 2549">
     <span class='ocr_line' id='line_1_40' title="bbox 160 2480 1838 2549; baseline -0.002 -11"><span class='ocrx_word' id='word_1_279' title='bbox 160 2500 366 2538; x_wconf 86' lang='lat' dir='ltr'><strong>comes</strong></span> <span class='ocrx_word' id='word_1_280' title='bbox 381 2484 521 2538; x_wconf 87' lang='lat' dir='ltr'><strong>Otto</strong></span> <span class='ocrx_word' id='word_1_281' title='bbox 540 2499 655 2536; x_wconf 89' lang='lat' dir='ltr'><strong>suo</strong></span> <span class='ocrx_word' id='word_1_282' title='bbox 673 2482 922 2536; x_wconf 89' lang='lat' dir='ltr'><strong>consilio</strong></span> <span class='ocrx_word' id='word_1_283' title='bbox 964 2496 1081 2535; x_wconf 89' lang='lat' dir='ltr'><strong>non</strong></span> <span class='ocrx_word' id='word_1_284' title='bbox 1102 2480 1437 2548; x_wconf 89' lang='lat' dir='ltr'><strong>dimitteret,</strong></span> <span class='ocrx_word' id='word_1_285' title='bbox 1473 2481 1615 2549; x_wconf 88' lang='lat' dir='ltr'><strong>quin</strong></span> <span class='ocrx_word' id='word_1_286' title='bbox 1642 2495 1838 2534; x_wconf 87' lang='lat' dir='ltr'><strong>sacra-</strong></span> 
     </span>
    </p>
   </div>
   <div class='ocr_carea' id='block_1_41' title="bbox 157 2569 1835 2641">
    <p class='ocr_par' dir='ltr' id='par_1_41' title="bbox 157 2569 1835 2641">
     <span class='ocr_line' id='line_1_41' title="bbox 157 2569 1835 2641; baseline -0.003 -13"><span class='ocrx_word' id='word_1_287' title='bbox 157 2580 426 2628; x_wconf 87' lang='lat' dir='ltr'><strong>mentum</strong></span> <span class='ocrx_word' id='word_1_288' title='bbox 459 2572 866 2641; x_wconf 87' lang='lat' dir='ltr'><strong>supradictum</strong></span> <span class='ocrx_word' id='word_1_289' title='bbox 892 2569 1235 2638; x_wconf 88' lang='lat' dir='ltr'><strong>attenderet,</strong></span> <span class='ocrx_word' id='word_1_290' title='bbox 1272 2572 1346 2637; x_wconf 91' lang='lat' dir='ltr'><strong>et,</strong></span> <span class='ocrx_word' id='word_1_291' title='bbox 1371 2570 1423 2622; x_wconf 90' lang='lat' dir='ltr'><strong>si</strong></span> <span class='ocrx_word' id='word_1_292' title='bbox 1452 2569 1614 2622; x_wconf 90' lang='lat' dir='ltr'><strong>exire</strong></span> <span class='ocrx_word' id='word_1_293' title='bbox 1642 2569 1835 2633; x_wconf 87' lang='lat' dir='ltr'><strong>vellet,</strong></span> 
     </span>
    </p>
   </div>
   <div class='ocr_carea' id='block_1_42' title="bbox 159 2658 1840 2733">
    <p class='ocr_par' dir='ltr' id='par_1_42' title="bbox 159 2658 1840 2733">
     <span class='ocr_line' id='line_1_42' title="bbox 159 2658 1840 2733; baseline -0.004 -16"><span class='ocrx_word' id='word_1_294' title='bbox 159 2680 263 2733; x_wconf 79' lang='lat' dir='ltr'><strong>per</strong></span> <span class='ocrx_word' id='word_1_295' title='bbox 296 2666 530 2717; x_wconf 84' lang='lat' dir='ltr'><strong>rectam</strong></span> <span class='ocrx_word' id='word_1_296' title='bbox 563 2660 736 2715; x_wconf 91' lang='lat' dir='ltr'><strong>ﬁdem</strong></span> <span class='ocrx_word' id='word_1_297' title='bbox 755 2660 927 2729; x_wconf 91' lang='lat' dir='ltr'><strong>sequi</strong></span> <span class='ocrx_word' id='word_1_298' title='bbox 970 2658 1192 2712; x_wconf 79' lang='lat' dir='ltr'><strong>faceret</strong></span> <span class='ocrx_word' id='word_1_299' title='bbox 1223 2658 1273 2711; x_wconf 92' lang='lat' dir='ltr'><strong>si</strong></span> <span class='ocrx_word' id='word_1_300' title='bbox 1296 2661 1534 2726; x_wconf 85' lang='lat' dir='ltr'><strong>posset;</strong></span> <span class='ocrx_word' id='word_1_301' title='bbox 1582 2660 1637 2711; x_wconf 88' lang='lat' dir='ltr'><strong>et</strong></span> <span class='ocrx_word' id='word_1_302' title='bbox 1686 2658 1738 2710; x_wconf 87' lang='lat' dir='ltr'><strong>si</strong></span> <span class='ocrx_word' id='word_1_303' title='bbox 1781 2658 1840 2711; x_wconf 89' lang='lat' dir='ltr'><strong>in</strong></span> 
     </span>
    </p>
   </div>
   <div class='ocr_carea' id='block_1_43' title="bbox 160 2746 1840 2823">
    <p class='ocr_par' dir='ltr' id='par_1_43' title="bbox 160 2746 1840 2823">
     <span class='ocr_line' id='line_1_43' title="bbox 160 2746 1840 2823; baseline -0.004 -17"><span class='ocrx_word' id='word_1_304' title='bbox 160 2753 395 2823; x_wconf 84' lang='lat' dir='ltr'><strong>culpam</strong></span> <span class='ocrx_word' id='word_1_305' title='bbox 415 2750 681 2816; x_wconf 88' lang='lat' dir='ltr'><strong>caderet,</strong></span> <span class='ocrx_word' id='word_1_306' title='bbox 729 2764 902 2818; x_wconf 90' lang='lat' dir='ltr'><strong>quam</strong></span> <span class='ocrx_word' id='word_1_307' title='bbox 919 2747 1236 2801; x_wconf 86' lang='lat' dir='ltr'><strong>emendare</strong></span> <span class='ocrx_word' id='word_1_308' title='bbox 1251 2746 1431 2799; x_wconf 89' lang='lat' dir='ltr'><strong>nollet</strong></span> <span class='ocrx_word' id='word_1_309' title='bbox 1448 2748 1545 2798; x_wconf 89' lang='lat' dir='ltr'><strong>aut</strong></span> <span class='ocrx_word' id='word_1_310' title='bbox 1561 2762 1674 2799; x_wconf 90' lang='lat' dir='ltr'><strong>non</strong></span> <span class='ocrx_word' id='word_1_311' title='bbox 1698 2762 1840 2816; x_wconf 89' lang='lat' dir='ltr'><strong>pos-</strong></span> 
     </span>
    </p>
   </div>
   <div class='ocr_carea' id='block_1_44' title="bbox 162 2834 1839 2907">
    <p class='ocr_par' dir='ltr' id='par_1_44' title="bbox 162 2834 1839 2907">
     <span class='ocr_line' id='line_1_44' title="bbox 162 2834 1839 2907; baseline -0.004 -14"><span class='ocrx_word' id='word_1_312' title='bbox 162 2847 268 2907; x_wconf 85' lang='lat' dir='ltr'><strong>set,</strong></span> <span class='ocrx_word' id='word_1_313' title='bbox 303 2839 635 2894; x_wconf 87' lang='lat' dir='ltr'><strong>consilium</strong></span> <span class='ocrx_word' id='word_1_314' title='bbox 668 2837 797 2890; x_wconf 85' lang='lat' dir='ltr'><strong>sive</strong></span> <span class='ocrx_word' id='word_1_315' title='bbox 820 2836 1121 2903; x_wconf 84' lang='lat' dir='ltr'><strong>auxilium,</strong></span> <span class='ocrx_word' id='word_1_316' title='bbox 1157 2835 1284 2888; x_wconf 91' lang='lat' dir='ltr'><strong>sive</strong></span> <span class='ocrx_word' id='word_1_317' title='bbox 1332 2834 1764 2903; x_wconf 83' lang='lat' dir='ltr'><strong>receptaculum</strong></span> <span class='ocrx_word' id='word_1_318' title='bbox 1786 2836 1839 2889; x_wconf 85' lang='lat' dir='ltr'><strong>ei</strong></span> 
     </span>
    </p>
   </div>
   <div class='ocr_carea' id='block_1_45' title="bbox 153 2924 1838 2998">
    <p class='ocr_par' dir='ltr' id='par_1_45' title="bbox 153 2924 1838 2998">
     <span class='ocr_line' id='line_1_45' title="bbox 153 2924 1838 2998; baseline -0.003 -15"><span class='ocrx_word' id='word_1_319' title='bbox 153 2946 269 2983; x_wconf 89' lang='lat' dir='ltr'><strong>non</strong></span> <span class='ocrx_word' id='word_1_320' title='bbox 282 2932 513 2998; x_wconf 74' lang='lat' dir='ltr'><strong>praesta</strong></span> <span class='ocrx_word' id='word_1_321' title='bbox 524 2925 785 2995; x_wconf 84' lang='lat' dir='ltr'><strong>retquod</strong></span> <span class='ocrx_word' id='word_1_322' title='bbox 817 2924 1065 2979; x_wconf 87' lang='lat' dir='ltr'><strong>essetad</strong></span> <span class='ocrx_word' id='word_1_323' title='bbox 1085 2924 1401 2992; x_wconf 87' lang='lat' dir='ltr'><strong>dampnum</strong></span> <span class='ocrx_word' id='word_1_324' title='bbox 1415 2924 1697 2992; x_wconf 88' lang='lat' dir='ltr'><strong>episcopo</strong></span> <span class='ocrx_word' id='word_1_325' title='bbox 1729 2924 1838 2978; x_wconf 89' lang='lat' dir='ltr'><strong>Ge-</strong></span> 
     </span>
    </p>
   </div>
   <div class='ocr_carea' id='block_1_46' title="bbox 158 3011 1840 3084">
    <p class='ocr_par' dir='ltr' id='par_1_46' title="bbox 158 3011 1840 3084">
     <span class='ocr_line' id='line_1_46' title="bbox 158 3011 1840 3084; baseline -0.003 -13"><span class='ocrx_word' id='word_1_326' title='bbox 158 3018 340 3070; x_wconf 83' lang='lat' dir='ltr'><strong>rardo</strong></span> <span class='ocrx_word' id='word_1_327' title='bbox 368 3015 793 3084; x_wconf 65' lang='lat' dir='ltr'><strong>mcclesiaeque</strong></span> <span class='ocrx_word' id='word_1_328' title='bbox 838 3014 953 3067; x_wconf 88' lang='lat' dir='ltr'><strong>sibi</strong></span> <span class='ocrx_word' id='word_1_329' title='bbox 990 3011 1364 3075; x_wconf 64' lang='lat' dir='ltr'><strong>commissae;</strong></span> <span class='ocrx_word' id='word_1_330' title='bbox 1411 3016 1467 3064; x_wconf 89' lang='lat' dir='ltr'><strong>et</strong></span> <span class='ocrx_word' id='word_1_331' title='bbox 1519 3014 1675 3081; x_wconf 78' lang='lat' dir='ltr'><strong>quod</strong></span> <span class='ocrx_word' id='word_1_332' title='bbox 1728 3013 1840 3068; x_wconf 90' lang='lat' dir='ltr'><strong>hoc</strong></span> 
     </span>
    </p>
   </div>
   <div class='ocr_carea' id='block_1_47' title="bbox 157 3100 1838 3178">
    <p class='ocr_par' dir='ltr' id='par_1_47' title="bbox 157 3100 1838 3178">
     <span class='ocr_line' id='line_1_47' title="bbox 157 3100 1838 3178; baseline -0.004 -18"><span class='ocrx_word' id='word_1_333' title='bbox 157 3122 262 3176; x_wconf 82' lang='lat' dir='ltr'><strong>per</strong></span> <span class='ocrx_word' id='word_1_334' title='bbox 316 3109 547 3159; x_wconf 87' lang='lat' dir='ltr'><strong>rectam</strong></span> <span class='ocrx_word' id='word_1_335' title='bbox 599 3103 773 3157; x_wconf 88' lang='lat' dir='ltr'><strong>ﬁdem</strong></span> <span class='ocrx_word' id='word_1_336' title='bbox 816 3103 1167 3156; x_wconf 86' lang='lat' dir='ltr'><strong>observaret</strong></span> <span class='ocrx_word' id='word_1_337' title='bbox 1214 3100 1344 3154; x_wconf 90' lang='lat' dir='ltr'><strong>sine</strong></span> <span class='ocrx_word' id='word_1_338' title='bbox 1399 3100 1550 3155; x_wconf 88' lang='lat' dir='ltr'><strong>malo</strong></span> <span class='ocrx_word' id='word_1_339' title='bbox 1582 3102 1838 3178; x_wconf 78' lang='lat' dir='ltr'><strong>ingenio,</strong></span> 
     </span>
    </p>
   </div>
   <div class='ocr_carea' id='block_1_48' title="bbox 158 3191 1030 3249">
    <p class='ocr_par' dir='ltr' id='par_1_48' title="bbox 158 3191 1030 3249">
     <span class='ocr_line' id='line_1_48' title="bbox 158 3191 1030 3249; baseline -0.008 1"><span class='ocrx_word' id='word_1_340' title='bbox 158 3197 327 3249; x_wconf 74' lang='lat' dir='ltr'><strong>salva</strong></span> <span class='ocrx_word' id='word_1_341' title='bbox 348 3193 642 3248; x_wconf 88' lang='lat' dir='ltr'><strong>ﬁdelitate</strong></span> <span class='ocrx_word' id='word_1_342' title='bbox 675 3191 896 3245; x_wconf 91' lang='lat' dir='ltr'><strong>domini</strong></span> <span class='ocrx_word' id='word_1_343' title='bbox 916 3192 1030 3244; x_wconf 90' lang='lat' dir='ltr'><strong>sui.</strong></span> 
     </span>
    </p>
   </div>
   <div class='ocr_carea' id='block_1_49' title="bbox 224 3278 1842 3351">
    <p class='ocr_par' dir='ltr' id='par_1_49' title="bbox 224 3278 1842 3351">
     <span class='ocr_line' id='line_1_49' title="bbox 224 3278 1842 3351; baseline -0.004 -12"><span class='ocrx_word' id='word_1_344' title='bbox 224 3284 293 3339; x_wconf 71' lang='lat'><strong>47</strong></span> <span class='ocrx_word' id='word_1_345' title='bbox 340 3282 679 3337; x_wconf 90' lang='lat' dir='ltr'><strong>Duodecim</strong></span> <span class='ocrx_word' id='word_1_346' title='bbox 728 3279 973 3335; x_wconf 89' lang='lat' dir='ltr'><strong>obsides</strong></span> <span class='ocrx_word' id='word_1_347' title='bbox 1024 3278 1328 3333; x_wconf 88' lang='lat' dir='ltr'><strong>Walterus</strong></span> <span class='ocrx_word' id='word_1_348' title='bbox 1372 3278 1531 3351; x_wconf 82' lang='lat' dir='ltr'><strong>dedit</strong></span> <span class='ocrx_word' id='word_1_349' title='bbox 1559 3279 1842 3349; x_wconf 85' lang='lat' dir='ltr'><strong>episcOpo</strong></span> 
     </span>
    </p>
   </div>
   <div class='ocr_carea' id='block_1_50' title="bbox 158 3364 1842 3442">
    <p class='ocr_par' dir='ltr' id='par_1_50' title="bbox 158 3364 1842 3442">
     <span class='ocr_line' id='line_1_50' title="bbox 158 3364 1842 3442; baseline -0.003 -15"><span class='ocrx_word' id='word_1_350' title='bbox 158 3372 452 3440; x_wconf 82' lang='lat' dir='ltr'><strong>Gerardo,</strong></span> <span class='ocrx_word' id='word_1_351' title='bbox 486 3386 744 3442; x_wconf 89' lang='lat' dir='ltr'><strong>quorum</strong></span> <span class='ocrx_word' id='word_1_352' title='bbox 777 3369 906 3423; x_wconf 66' lang='lat' dir='ltr'><strong>haec</strong></span> <span class='ocrx_word' id='word_1_353' title='bbox 926 3372 1063 3422; x_wconf 90' lang='lat' dir='ltr'><strong>sunt</strong></span> <span class='ocrx_word' id='word_1_354' title='bbox 1085 3368 1411 3422; x_wconf 90' lang='lat' dir='ltr'><strong>nomina....</strong></span> <span class='ocrx_word' id='word_1_355' title='bbox 1443 3364 1524 3408; x_wconf 63' lang='grc'><strong>2⁵⁵</strong></span> <span class='ocrx_word' id='word_1_356' title='bbox 1545 3368 1643 3438; x_wconf 91' lang='lat' dir='ltr'><strong>qui</strong></span> <span class='ocrx_word' id='word_1_357' title='bbox 1669 3368 1842 3439; x_wconf 88' lang='lat' dir='ltr'><strong>jura-</strong></span> 
     </span>
    </p>
   </div>
   <div class='ocr_carea' id='block_1_51' title="bbox 120 3456 1841 3530">
    <p class='ocr_par' dir='ltr' id='par_1_51' title="bbox 120 3456 1841 3530">
     <span class='ocr_line' id='line_1_51' title="bbox 120 3456 1841 3530; baseline -0.001 -17"><span class='ocrx_word' id='word_1_358' title='bbox 120 3470 393 3529; x_wconf 78' lang='lat' dir='ltr'><strong>_verunt,</strong></span> <span class='ocrx_word' id='word_1_359' title='bbox 445 3458 612 3530; x_wconf 90' lang='lat' dir='ltr'><strong>quod</strong></span> <span class='ocrx_word' id='word_1_360' title='bbox 651 3474 771 3513; x_wconf 92' lang='lat' dir='ltr'><strong>non</strong></span> <span class='ocrx_word' id='word_1_361' title='bbox 809 3457 1126 3511; x_wconf 88' lang='lat' dir='ltr'><strong>dimitteret</strong></span> <span class='ocrx_word' id='word_1_362' title='bbox 1154 3471 1358 3511; x_wconf 87' lang='lat' dir='ltr'><strong>eorum</strong></span> <span class='ocrx_word' id='word_1_363' title='bbox 1406 3456 1657 3511; x_wconf 77' lang='lat' dir='ltr'><strong>consilio</strong></span> <span class='ocrx_word' id='word_1_364' title='bbox 1711 3457 1841 3527; x_wconf 90' lang='lat' dir='ltr'><strong>ipse</strong></span> 
     </span>
    </p>
   </div>
   <div class='ocr_carea' id='block_1_52' title="bbox 155 3545 1842 3619">
    <p class='ocr_par' dir='ltr' id='par_1_52' title="bbox 155 3545 1842 3619">
     <span class='ocr_line' id='line_1_52' title="bbox 155 3545 1842 3619; baseline 0 -19"><span class='ocrx_word' id='word_1_365' title='bbox 155 3550 495 3618; x_wconf 78' lang='lat' dir='ltr'><strong>Walterus,</strong></span> <span class='ocrx_word' id='word_1_366' title='bbox 530 3548 675 3619; x_wconf 91' lang='lat' dir='ltr'><strong>quin</strong></span> <span class='ocrx_word' id='word_1_367' title='bbox 727 3546 877 3600; x_wconf 89' lang='lat' dir='ltr'><strong>hanc</strong></span> <span class='ocrx_word' id='word_1_368' title='bbox 910 3545 1186 3600; x_wconf 89' lang='lat' dir='ltr'><strong>ﬁdelitem</strong></span> <span class='ocrx_word' id='word_1_369' title='bbox 1225 3546 1583 3612; x_wconf 88' lang='lat' dir='ltr'><strong>attenderet;</strong></span> <span class='ocrx_word' id='word_1_370' title='bbox 1616 3547 1671 3599; x_wconf 91' lang='lat' dir='ltr'><strong>et</strong></span> <span class='ocrx_word' id='word_1_371' title='bbox 1699 3547 1752 3600; x_wconf 92' lang='lat' dir='ltr'><strong>si</strong></span> <span class='ocrx_word' id='word_1_372' title='bbox 1782 3546 1842 3600; x_wconf 92' lang='lat' dir='ltr'><strong>in</strong></span> 
     </span>
    </p>
   </div>
   <div class='ocr_carea' id='block_1_53' title="bbox 155 3634 1841 3711">
    <p class='ocr_par' dir='ltr' id='par_1_53' title="bbox 155 3634 1841 3711">
     <span class='ocr_line' id='line_1_53' title="bbox 155 3634 1841 3711; baseline -0.003 -17"><span class='ocrx_word' id='word_1_373' title='bbox 155 3640 391 3711; x_wconf 80' lang='lat' dir='ltr'><strong>culpam</strong></span> <span class='ocrx_word' id='word_1_374' title='bbox 415 3637 687 3703; x_wconf 87' lang='lat' dir='ltr'><strong>caderet,</strong></span> <span class='ocrx_word' id='word_1_375' title='bbox 714 3652 886 3706; x_wconf 90' lang='lat' dir='ltr'><strong>quam</strong></span> <span class='ocrx_word' id='word_1_376' title='bbox 902 3634 1215 3689; x_wconf 88' lang='lat' dir='ltr'><strong>emendare</strong></span> <span class='ocrx_word' id='word_1_377' title='bbox 1247 3635 1426 3689; x_wconf 92' lang='lat' dir='ltr'><strong>nollet</strong></span> <span class='ocrx_word' id='word_1_378' title='bbox 1442 3639 1540 3689; x_wconf 88' lang='lat' dir='ltr'><strong>aut</strong></span> <span class='ocrx_word' id='word_1_379' title='bbox 1556 3650 1674 3689; x_wconf 88' lang='lat' dir='ltr'><strong>non</strong></span> <span class='ocrx_word' id='word_1_380' title='bbox 1696 3650 1841 3704; x_wconf 90' lang='lat' dir='ltr'><strong>pos-</strong></span> 
     </span>
    </p>
   </div>
   <div class='ocr_carea' id='block_1_54' title="bbox 156 3724 1843 3799">
    <p class='ocr_par' dir='ltr' id='par_1_54' title="bbox 156 3724 1843 3799">
     <span class='ocr_line' id='line_1_54' title="bbox 156 3724 1843 3799; baseline -0.002 -17"><span class='ocrx_word' id='word_1_381' title='bbox 156 3735 268 3797; x_wconf 77' lang='lat' dir='ltr'><strong>set,</strong></span> <span class='ocrx_word' id='word_1_382' title='bbox 298 3730 635 3799; x_wconf 85' lang='lat' dir='ltr'><strong>postquam</strong></span> <span class='ocrx_word' id='word_1_383' title='bbox 664 3724 964 3778; x_wconf 90' lang='lat' dir='ltr'><strong>ammoniti</strong></span> <span class='ocrx_word' id='word_1_384' title='bbox 997 3728 1221 3792; x_wconf 91' lang='lat' dir='ltr'><strong>essent,</strong></span> <span class='ocrx_word' id='word_1_385' title='bbox 1264 3724 1417 3777; x_wconf 85' lang='lat' dir='ltr'><strong>infra</strong></span> <span class='ocrx_word' id='word_1_386' title='bbox 1448 3727 1578 3778; x_wconf 90' lang='lat' dir='ltr'><strong>octo</strong></span> <span class='ocrx_word' id='word_1_387' title='bbox 1611 3724 1739 3778; x_wconf 90' lang='lat' dir='ltr'><strong>dies</strong></span> <span class='ocrx_word' id='word_1_388' title='bbox 1769 3724 1843 3778; x_wconf 92' lang='lat' dir='ltr'><strong>ad</strong></span> 
     </span>
    </p>
   </div>
   <div class='ocr_carea' id='block_1_55' title="bbox 148 3809 1843 3888">
    <p class='ocr_par' dir='ltr' id='par_1_55' title="bbox 148 3809 1843 3888">
     <span class='ocr_line' id='line_1_55' title="bbox 148 3809 1843 3888; baseline -0.004 -15"><span class='ocrx_word' id='word_1_389' title='bbox 148 3819 454 3888; x_wconf 86' lang='lat' dir='ltr'><strong>justitiam</strong></span> <span class='ocrx_word' id='word_1_390' title='bbox 472 3816 766 3869; x_wconf 88' lang='lat' dir='ltr'><strong>ducerent</strong></span> <span class='ocrx_word' id='word_1_391' title='bbox 784 3813 838 3865; x_wconf 91' lang='lat' dir='ltr'><strong>si</strong></span> <span class='ocrx_word' id='word_1_392' title='bbox 858 3816 1123 3880; x_wconf 82' lang='lat' dir='ltr'><strong>possent.</strong></span> <span class='ocrx_word' id='word_1_393' title='bbox 1145 3809 1310 3874; x_wconf 90' lang='lat' dir='ltr'><strong>Quod</strong></span> <span class='ocrx_word' id='word_1_394' title='bbox 1324 3813 1383 3865; x_wconf 92' lang='lat' dir='ltr'><strong>ni</strong></span> <span class='ocrx_word' id='word_1_395' title='bbox 1416 3812 1656 3881; x_wconf 83' lang='lat' dir='ltr'><strong>faceret,</strong></span> <span class='ocrx_word' id='word_1_396' title='bbox 1691 3812 1843 3867; x_wconf 84' lang='lat' dir='ltr'><strong>infra</strong></span> 
     </span>
    </p>
   </div>
   <div class='ocr_carea' id='block_1_56' title="bbox 154 3900 1837 3971">
    <p class='ocr_par' dir='ltr' id='par_1_56' title="bbox 154 3900 1837 3971">
     <span class='ocr_line' id='line_1_56' title="bbox 154 3900 1837 3971; baseline -0.004 -10"><span class='ocrx_word' id='word_1_397' title='bbox 154 3908 307 3961; x_wconf 83' lang='lat' dir='ltr'><strong>alios</strong></span> <span class='ocrx_word' id='word_1_398' title='bbox 329 3908 476 3961; x_wconf 89' lang='lat' dir='ltr'><strong>octo</strong></span> <span class='ocrx_word' id='word_1_399' title='bbox 490 3904 626 3957; x_wconf 84' lang='lat' dir='ltr'><strong>dies</strong></span> <span class='ocrx_word' id='word_1_400' title='bbox 648 3901 724 3955; x_wconf 89' lang='lat' dir='ltr'><strong>ad</strong></span> <span class='ocrx_word' id='word_1_401' title='bbox 746 3901 1088 3970; x_wconf 87' lang='lat' dir='ltr'><strong>episcopum</strong></span> <span class='ocrx_word' id='word_1_402' title='bbox 1113 3915 1245 3954; x_wconf 92' lang='lat' dir='ltr'><strong>cum</strong></span> <span class='ocrx_word' id='word_1_403' title='bbox 1280 3900 1588 3955; x_wconf 89' lang='lat' dir='ltr'><strong>beneﬁciis</strong></span> <span class='ocrx_word' id='word_1_404' title='bbox 1611 3916 1837 3971; x_wconf 89' lang='lat' dir='ltr'><strong>eorum,</strong></span> 
     </span>
    </p>
   </div>
   <div class='ocr_carea' id='block_1_57' title="bbox 155 3988 1842 4059">
    <p class='ocr_par' dir='ltr' id='par_1_57' title="bbox 155 3988 1842 4059">
     <span class='ocr_line' id='line_1_57' title="bbox 155 3988 1842 4059; baseline -0.003 -10"><span class='ocrx_word' id='word_1_405' title='bbox 155 3997 206 4049; x_wconf 87' lang='lat' dir='ltr'><strong>si</strong></span> <span class='ocrx_word' id='word_1_406' title='bbox 254 3991 579 4049; x_wconf 82' lang='lat' dir='ltr'><strong>ammoniti</strong></span> <span class='ocrx_word' id='word_1_407' title='bbox 611 3994 837 4057; x_wconf 86' lang='lat' dir='ltr'><strong>essent,</strong></span> <span class='ocrx_word' id='word_1_408' title='bbox 886 4004 993 4059; x_wconf 89' lang='lat' dir='ltr'><strong>per</strong></span> <span class='ocrx_word' id='word_1_409' title='bbox 1023 3990 1246 4042; x_wconf 87' lang='lat' dir='ltr'><strong>rectam</strong></span> <span class='ocrx_word' id='word_1_410' title='bbox 1277 3988 1452 4042; x_wconf 91' lang='lat' dir='ltr'><strong>ﬁdem</strong></span> <span class='ocrx_word' id='word_1_411' title='bbox 1482 3989 1751 4044; x_wconf 90' lang='lat' dir='ltr'><strong>venirent</strong></span> <span class='ocrx_word' id='word_1_412' title='bbox 1780 3994 1842 4044; x_wconf 83' lang='lat' dir='ltr'><strong>et</strong></span> 
     </span>
    </p>
   </div>
   <div class='ocr_carea' id='block_1_58' title="bbox 150 4077 1842 4155">
    <p class='ocr_par' dir='ltr' id='par_1_58' title="bbox 150 4077 1842 4155">
     <span class='ocr_line' id='line_1_58' title="bbox 150 4077 1842 4155; baseline -0.004 -16"><span class='ocrx_word' id='word_1_413' title='bbox 150 4099 492 4155; x_wconf 85' lang='lat' dir='ltr'><strong>numquam</strong></span> <span class='ocrx_word' id='word_1_414' title='bbox 524 4081 585 4134; x_wconf 89' lang='lat' dir='ltr'><strong>ei</strong></span> <span class='ocrx_word' id='word_1_415' title='bbox 615 4078 930 4132; x_wconf 90' lang='lat' dir='ltr'><strong>consilium</strong></span> <span class='ocrx_word' id='word_1_416' title='bbox 961 4079 1088 4131; x_wconf 91' lang='lat' dir='ltr'><strong>sive</strong></span> <span class='ocrx_word' id='word_1_417' title='bbox 1112 4077 1393 4132; x_wconf 87' lang='lat' dir='ltr'><strong>auxilium</strong></span> <span class='ocrx_word' id='word_1_418' title='bbox 1425 4077 1650 4147; x_wconf 88' lang='lat' dir='ltr'><strong>darent,</strong></span> <span class='ocrx_word' id='word_1_419' title='bbox 1685 4079 1842 4149; x_wconf 89' lang='lat' dir='ltr'><strong>quod</strong></span> 
     </span>
    </p>
   </div>
   <div class='ocr_carea' id='block_1_59' title="bbox 151 4166 1842 4241">
    <p class='ocr_par' dir='ltr' id='par_1_59' title="bbox 151 4166 1842 4241">
     <span class='ocr_line' id='line_1_59' title="bbox 151 4166 1842 4241; baseline -0.002 -16"><span class='ocrx_word' id='word_1_420' title='bbox 151 4174 223 4227; x_wconf 82' lang='lat' dir='ltr'><strong>ad</strong></span> <span class='ocrx_word' id='word_1_421' title='bbox 254 4174 600 4241; x_wconf 87' lang='lat' dir='ltr'><strong>dampnum</strong></span> <span class='ocrx_word' id='word_1_422' title='bbox 623 4167 903 4237; x_wconf 91' lang='lat' dir='ltr'><strong>episeopo</strong></span> <span class='ocrx_word' id='word_1_423' title='bbox 926 4166 1337 4236; x_wconf 76' lang='lat' dir='ltr'><strong>aecclesiaeque</strong></span> <span class='ocrx_word' id='word_1_424' title='bbox 1360 4167 1477 4220; x_wconf 88' lang='lat' dir='ltr'><strong>sibi</strong></span> <span class='ocrx_word' id='word_1_425' title='bbox 1505 4168 1842 4223; x_wconf 65' lang='lat' dir='ltr'><strong>commissa:</strong></span> 
     </span>
    </p>
   </div>
   <div class='ocr_carea' id='block_1_60' title="bbox 152 4254 1842 4329">
    <p class='ocr_par' dir='ltr' id='par_1_60' title="bbox 152 4254 1842 4329">
     <span class='ocr_line' id='line_1_60' title="bbox 152 4254 1842 4329; baseline -0.003 -13"><span class='ocrx_word' id='word_1_426' title='bbox 152 4268 343 4329; x_wconf 75' lang='lat' dir='ltr'><strong>esset,</strong></span> <span class='ocrx_word' id='word_1_427' title='bbox 368 4266 433 4313; x_wconf 85' lang='lat' dir='ltr'><strong>et</strong></span> <span class='ocrx_word' id='word_1_428' title='bbox 456 4254 1100 4328; x_wconf 85' lang='lat' dir='ltr'><strong>episcopumjuvarent</strong></span> <span class='ocrx_word' id='word_1_429' title='bbox 1119 4259 1323 4309; x_wconf 85' lang='lat' dir='ltr'><strong>contra</strong></span> <span class='ocrx_word' id='word_1_430' title='bbox 1345 4271 1477 4309; x_wconf 90' lang='lat' dir='ltr'><strong>eum</strong></span> <span class='ocrx_word' id='word_1_431' title='bbox 1504 4271 1612 4326; x_wconf 89' lang='lat' dir='ltr'><strong>per</strong></span> <span class='ocrx_word' id='word_1_432' title='bbox 1624 4259 1842 4311; x_wconf 89' lang='lat' dir='ltr'><strong>rectam</strong></span> 
     </span>
    </p>
   </div>
   <div class='ocr_carea' id='block_1_61' title="bbox 149 4350 1841 4505">
    <p class='ocr_par' dir='ltr' id='par_1_61' title="bbox 149 4350 1841 4505">
     <span class='ocr_line' id='line_1_61' title="bbox 149 4350 1841 4505; baseline -0.003 -11"><span class='ocrx_word' id='word_1_433' title='bbox 149 4350 517 4494; x_wconf 43' lang='lat' dir='ltr'><strong>fidies-Idaeo</strong></span> <span class='ocrx_word' id='word_1_434' title='bbox 551 4438 645 4490; x_wconf 90' lang='lat' dir='ltr'><strong>est</strong></span> <span class='ocrx_word' id='word_1_435' title='bbox 674 4448 909 4505; x_wconf 90' lang='lat' dir='ltr'><strong>quoque</strong></span> <span class='ocrx_word' id='word_1_436' title='bbox 953 4432 1263 4487; x_wconf 89' lang='lat' dir='ltr'><strong>conventio</strong></span> <span class='ocrx_word' id='word_1_437' title='bbox 1313 4430 1640 4488; x_wconf 90' lang='lat' dir='ltr'><strong>novissime</strong></span> <span class='ocrx_word' id='word_1_438' title='bbox 1687 4435 1841 4505; x_wconf 90' lang='lat' dir='ltr'><strong>apud</strong></span> 
     </span>
    </p>
   </div>
   <div class='ocr_carea' id='block_1_62' title="bbox 1946 1944 3632 2024">
    <p class='ocr_par' dir='ltr' id='par_1_62' title="bbox 1946 1944 3632 2024">
     <span class='ocr_line' id='line_1_62' title="bbox 1946 1944 3632 2024; baseline 0.006 -26"><span class='ocrx_word' id='word_1_439' title='bbox 1946 1944 2295 2012; x_wconf 88' lang='lat' dir='ltr'><strong>conductus,</strong></span> <span class='ocrx_word' id='word_1_440' title='bbox 2315 1945 2415 1999; x_wconf 88' lang='lat' dir='ltr'><strong>ubi</strong></span> <span class='ocrx_word' id='word_1_441' title='bbox 2432 1945 2949 2002; x_wconf 80' lang='lat' dir='ltr'><strong>interfueruntdux</strong></span> <span class='ocrx_word' id='word_1_442' title='bbox 2968 1948 3181 2004; x_wconf 91' lang='lat' dir='ltr'><strong>Gozelo</strong></span> <span class='ocrx_word' id='word_1_443' title='bbox 3218 1956 3274 2005; x_wconf 91' lang='lat' dir='ltr'><strong>et</strong></span> <span class='ocrx_word' id='word_1_444' title='bbox 3305 1954 3632 2024; x_wconf 87' lang='lat' dir='ltr'><strong>episcopus</strong></span> 
     </span>
    </p>
   </div>
   <div class='ocr_carea' id='block_1_63' title="bbox 1950 2034 3634 2111">
    <p class='ocr_par' dir='ltr' id='par_1_63' title="bbox 1950 2034 3634 2111">
     <span class='ocr_line' id='line_1_63' title="bbox 1950 2034 3634 2111; baseline 0.008 -26"><span class='ocrx_word' id='word_1_445' title='bbox 1950 2034 2359 2102; x_wconf 78' lang='lat' dir='ltr'><strong>Leodicensis,</strong></span> <span class='ocrx_word' id='word_1_446' title='bbox 2384 2034 2599 2088; x_wconf 89' lang='lat' dir='ltr'><strong>nullam</strong></span> <span class='ocrx_word' id='word_1_447' title='bbox 2621 2036 2795 2090; x_wconf 90' lang='lat' dir='ltr'><strong>nobis</strong></span> <span class='ocrx_word' id='word_1_448' title='bbox 2813 2035 3107 2106; x_wconf 84' lang='lat' dir='ltr'><strong>justitiam</strong></span> <span class='ocrx_word' id='word_1_449' title='bbox 3128 2039 3282 2111; x_wconf 84' lang='lat' dir='ltr'><strong>fecit,</strong></span> <span class='ocrx_word' id='word_1_450' title='bbox 3305 2043 3411 2096; x_wconf 90' lang='lat' dir='ltr'><strong>sed</strong></span> <span class='ocrx_word' id='word_1_451' title='bbox 3431 2043 3634 2099; x_wconf 87' lang='lat' dir='ltr'><strong>fraude</strong></span> 
     </span>
    </p>
   </div>
   <div class='ocr_carea' id='block_1_64' title="bbox 1951 2123 3631 2199">
    <p class='ocr_par' dir='ltr' id='par_1_64' title="bbox 1951 2123 3631 2199">
     <span class='ocr_line' id='line_1_64' title="bbox 1951 2123 3631 2199; baseline 0.008 -24"><span class='ocrx_word' id='word_1_452' title='bbox 1951 2138 2058 2176; x_wconf 86' lang='lat' dir='ltr'><strong>sua</strong></span> <span class='ocrx_word' id='word_1_453' title='bbox 2077 2123 2350 2176; x_wconf 89' lang='lat' dir='ltr'><strong>omnibus</strong></span> <span class='ocrx_word' id='word_1_454' title='bbox 2406 2124 2799 2192; x_wconf 80' lang='lat' dir='ltr'><strong>manifestata,</strong></span> <span class='ocrx_word' id='word_1_455' title='bbox 2838 2126 2898 2179; x_wconf 88' lang='lat' dir='ltr'><strong>in</strong></span> <span class='ocrx_word' id='word_1_456' title='bbox 2938 2128 3169 2182; x_wconf 90' lang='lat' dir='ltr'><strong>malicia</strong></span> <span class='ocrx_word' id='word_1_457' title='bbox 3207 2135 3631 2199; x_wconf 83' lang='lat' dir='ltr'><strong>perseveravit.</strong></span> 
     </span>
    </p>
   </div>
   <div class='ocr_carea' id='block_1_65' title="bbox 1952 2210 3633 2287">
    <p class='ocr_par' dir='ltr' id='par_1_65' title="bbox 1952 2210 3633 2287">
     <span class='ocr_line' id='line_1_65' title="bbox 1952 2210 3633 2287; baseline 0.007 -23"><span class='ocrx_word' id='word_1_458' title='bbox 1952 2210 2066 2264; x_wconf 90' lang='lat' dir='ltr'><strong>Sed</strong></span> <span class='ocrx_word' id='word_1_459' title='bbox 2091 2215 2151 2265; x_wconf 92' lang='lat' dir='ltr'><strong>ut</strong></span> <span class='ocrx_word' id='word_1_460' title='bbox 2179 2212 2412 2266; x_wconf 86' lang='lat' dir='ltr'><strong>tandem</strong></span> <span class='ocrx_word' id='word_1_461' title='bbox 2481 2216 2733 2283; x_wconf 80' lang='lat' dir='ltr'><strong>cogente</strong></span> <span class='ocrx_word' id='word_1_462' title='bbox 2768 2216 3126 2270; x_wconf 88' lang='lat' dir='ltr'><strong>necessitate</strong></span> <span class='ocrx_word' id='word_1_463' title='bbox 3183 2221 3633 2287; x_wconf 88' lang='lat' dir='ltr'><strong>oportunitatem</strong></span> 
     </span>
    </p>
   </div>
   <div class='ocr_carea' id='block_1_66' title="bbox 1953 2298 3633 2378">
    <p class='ocr_par' dir='ltr' id='par_1_66' title="bbox 1953 2298 3633 2378">
     <span class='ocr_line' id='line_1_66' title="bbox 1953 2298 3633 2378; baseline 0.008 -27"><span class='ocrx_word' id='word_1_464' title='bbox 1953 2298 2192 2366; x_wconf 85' lang='lat' dir='ltr'><strong>invenit,</strong></span> <span class='ocrx_word' id='word_1_465' title='bbox 2215 2300 2325 2354; x_wconf 90' lang='lat' dir='ltr'><strong>hoc</strong></span> <span class='ocrx_word' id='word_1_466' title='bbox 2348 2300 2621 2368; x_wconf 86' lang='lat' dir='ltr'><strong>placitum</strong></span> <span class='ocrx_word' id='word_1_467' title='bbox 2648 2302 2704 2355; x_wconf 92' lang='lat' dir='ltr'><strong>in</strong></span> <span class='ocrx_word' id='word_1_468' title='bbox 2728 2304 3028 2371; x_wconf 87' lang='lat' dir='ltr'><strong>presentia</strong></span> <span class='ocrx_word' id='word_1_469' title='bbox 3078 2306 3351 2377; x_wconf 74' lang='lat' dir='ltr'><strong>Hugonis</strong></span> <span class='ocrx_word' id='word_1_470' title='bbox 3399 2311 3633 2378; x_wconf 85' lang='lat' dir='ltr'><strong>episco-</strong></span> 
     </span>
    </p>
   </div>
   <div class='ocr_carea' id='block_1_67' title="bbox 1952 2389 3631 2465">
    <p class='ocr_par' dir='ltr' id='par_1_67' title="bbox 1952 2389 3631 2465">
     <span class='ocr_line' id='line_1_67' title="bbox 1952 2389 3631 2465; baseline 0.008 -24"><span class='ocrx_word' id='word_1_471' title='bbox 1952 2390 2011 2458; x_wconf 88' lang='lat' dir='ltr'><strong>pi</strong></span> <span class='ocrx_word' id='word_1_472' title='bbox 2042 2389 2208 2457; x_wconf 80' lang='lat'><strong>(376),</strong></span> <span class='ocrx_word' id='word_1_473' title='bbox 2236 2390 2468 2443; x_wconf 81' lang='lat' dir='ltr'><strong>comitis</strong></span> <span class='ocrx_word' id='word_1_474' title='bbox 2491 2406 2725 2460; x_wconf 84' lang='lat' dir='ltr'><strong>quoque</strong></span> <span class='ocrx_word' id='word_1_475' title='bbox 2751 2392 3374 2465; x_wconf 86' lang='lat' dir='ltr'><strong>Balduinietﬁliiejus,</strong></span> <span class='ocrx_word' id='word_1_476' title='bbox 3397 2414 3631 2455; x_wconf 88' lang='lat' dir='ltr'><strong>necnon</strong></span> 
     </span>
    </p>
   </div>
   <div class='ocr_carea' id='block_1_68' title="bbox 1953 2477 3410 2546">
    <p class='ocr_par' dir='ltr' id='par_1_68' title="bbox 1953 2477 3410 2546">
     <span class='ocr_line' id='line_1_68' title="bbox 1953 2477 3410 2546; baseline 0.002 -15"><span class='ocrx_word' id='word_1_477' title='bbox 1953 2477 2181 2531; x_wconf 89' lang='lat' dir='ltr'><strong>Ottonis</strong></span> <span class='ocrx_word' id='word_1_478' title='bbox 2203 2480 2259 2531; x_wconf 89' lang='lat' dir='ltr'><strong>et</strong></span> <span class='ocrx_word' id='word_1_479' title='bbox 2282 2477 2604 2546; x_wconf 88' lang='lat' dir='ltr'><strong>Eustachii,</strong></span> <span class='ocrx_word' id='word_1_480' title='bbox 2640 2479 2953 2535; x_wconf 89' lang='lat' dir='ltr'><strong>nobiscum</strong></span> <span class='ocrx_word' id='word_1_481' title='bbox 2979 2482 3231 2537; x_wconf 88' lang='lat' dir='ltr'><strong>ﬁrmavit</strong></span> <span class='ocrx_word' id='word_1_482' title='bbox 3260 2481 3357 2540; x_wconf 64' lang='grc'><strong>256.</strong></span> <span class='ocrx_word' id='word_1_483' title='bbox 3388 2510 3410 2534; x_wconf 77' lang='grc' dir='ltr'><strong>η</strong></span> 
     </span>
    </p>
   </div>
   <div class='ocr_carea' id='block_1_69' title="bbox 2024 2565 3626 2640">
    <p class='ocr_par' dir='ltr' id='par_1_69' title="bbox 2024 2565 3626 2640">
     <span class='ocr_line' id='line_1_69' title="bbox 2024 2565 3626 2640; baseline 0.007 -20"><span class='ocrx_word' id='word_1_484' title='bbox 2024 2566 2094 2620; x_wconf 77' lang='grc'><strong>49</strong></span> <span class='ocrx_word' id='word_1_485' title='bbox 2129 2565 2213 2619; x_wconf 81' lang='lat' dir='ltr'><strong>Ex</strong></span> <span class='ocrx_word' id='word_1_486' title='bbox 2239 2582 2356 2636; x_wconf 87' lang='lat' dir='ltr'><strong>quo</strong></span> <span class='ocrx_word' id='word_1_487' title='bbox 2390 2566 2643 2623; x_wconf 86' lang='lat' dir='ltr'><strong>domnus</strong></span> <span class='ocrx_word' id='word_1_488' title='bbox 2702 2568 3021 2640; x_wconf 89' lang='lat' dir='ltr'><strong>episcopus</strong></span> <span class='ocrx_word' id='word_1_489' title='bbox 3061 2572 3366 2629; x_wconf 84' lang='lat' dir='ltr'><strong>Gerardus</strong></span> <span class='ocrx_word' id='word_1_490' title='bbox 3416 2576 3626 2631; x_wconf 87' lang='lat' dir='ltr'><strong>urbem</strong></span> 
     </span>
    </p>
   </div>
   <div class='ocr_carea' id='block_1_70' title="bbox 1954 2656 3633 2733">
    <p class='ocr_par' dir='ltr' id='par_1_70' title="bbox 1954 2656 3633 2733">
     <span class='ocr_line' id='line_1_70' title="bbox 1954 2656 3633 2733; baseline 0.007 -25"><span class='ocrx_word' id='word_1_491' title='bbox 1954 2656 2333 2709; x_wconf 86' lang='lat' dir='ltr'><strong>commissam</strong></span> <span class='ocrx_word' id='word_1_492' title='bbox 2366 2656 2621 2724; x_wconf 84' lang='lat' dir='ltr'><strong>primum</strong></span> <span class='ocrx_word' id='word_1_493' title='bbox 2670 2659 2930 2728; x_wconf 87' lang='lat' dir='ltr'><strong>intravit,</strong></span> <span class='ocrx_word' id='word_1_494' title='bbox 2973 2659 3186 2715; x_wconf 88' lang='lat' dir='ltr'><strong>videns</strong></span> <span class='ocrx_word' id='word_1_495' title='bbox 3233 2663 3470 2733; x_wconf 87' lang='lat' dir='ltr'><strong>quidem</strong></span> <span class='ocrx_word' id='word_1_496' title='bbox 3510 2668 3633 2720; x_wconf 90' lang='lat' dir='ltr'><strong>tam</strong></span> 
     </span>
    </p>
   </div>
   <div class='ocr_carea' id='block_1_71' title="bbox 1947 2747 3632 2815">
    <p class='ocr_par' dir='ltr' id='par_1_71' title="bbox 1947 2747 3632 2815">
     <span class='ocr_line' id='line_1_71' title="bbox 1947 2747 3632 2815; baseline 0.007 -18"><span class='ocrx_word' id='word_1_497' title='bbox 1947 2747 2207 2815; x_wconf 80' lang='lat' dir='ltr'><strong>augusta</strong></span> <span class='ocrx_word' id='word_1_498' title='bbox 2247 2759 2419 2814; x_wconf 89' lang='lat' dir='ltr'><strong>quam</strong></span> <span class='ocrx_word' id='word_1_499' title='bbox 2469 2748 2701 2800; x_wconf 87' lang='lat' dir='ltr'><strong>vetusta</strong></span> <span class='ocrx_word' id='word_1_500' title='bbox 2759 2750 3102 2802; x_wconf 88' lang='lat' dir='ltr'><strong>monasterii</strong></span> <span class='ocrx_word' id='word_1_501' title='bbox 3160 2756 3381 2805; x_wconf 52' lang='lat' dir='ltr'><strong>sanctae</strong></span> <span class='ocrx_word' id='word_1_502' title='bbox 3431 2753 3632 2810; x_wconf 86' lang='lat' dir='ltr'><strong>Mariae</strong></span> 
     </span>
    </p>
   </div>
   <div class='ocr_carea' id='block_1_72' title="bbox 1953 2833 3633 2912">
    <p class='ocr_par' dir='ltr' id='par_1_72' title="bbox 1953 2833 3633 2912">
     <span class='ocr_line' id='line_1_72' title="bbox 1953 2833 3633 2912; baseline 0.007 -25"><span class='ocrx_word' id='word_1_503' title='bbox 1953 2833 2221 2902; x_wconf 75' lang='lat' dir='ltr'><strong>aediﬁcia,</strong></span> <span class='ocrx_word' id='word_1_504' title='bbox 2280 2850 2348 2886; x_wconf 87' lang='lat' dir='ltr'><strong>ac</strong></span> <span class='ocrx_word' id='word_1_505' title='bbox 2380 2849 2741 2888; x_wconf 88' lang='lat' dir='ltr'><strong>annosorum</strong></span> <span class='ocrx_word' id='word_1_506' title='bbox 2770 2837 3063 2905; x_wconf 88' lang='lat' dir='ltr'><strong>parietum</strong></span> <span class='ocrx_word' id='word_1_507' title='bbox 3096 2838 3377 2894; x_wconf 88' lang='lat' dir='ltr'><strong>ﬁssuram</strong></span> <span class='ocrx_word' id='word_1_508' title='bbox 3419 2857 3633 2912; x_wconf 89' lang='lat' dir='ltr'><strong>suspe-</strong></span> 
     </span>
    </p>
   </div>
   <div class='ocr_carea' id='block_1_73' title="bbox 1954 2915 3632 3000">
    <p class='ocr_par' dir='ltr' id='par_1_73' title="bbox 1954 2915 3632 3000">
     <span class='ocr_line' id='line_1_73' title="bbox 1954 2915 3632 3000; baseline 0.007 -27"><span class='ocrx_word' id='word_1_509' title='bbox 1954 2923 2141 2990; x_wconf 88' lang='lat' dir='ltr'><strong>ctans,</strong></span> <span class='ocrx_word' id='word_1_510' title='bbox 2202 2937 2336 2975; x_wconf 89' lang='lat' dir='ltr'><strong>mox</strong></span> <span class='ocrx_word' id='word_1_511' title='bbox 2369 2922 2626 2976; x_wconf 91' lang='lat' dir='ltr'><strong>animum</strong></span> <span class='ocrx_word' id='word_1_512' title='bbox 2682 2923 2751 2977; x_wconf 93' lang='lat' dir='ltr'><strong>ad</strong></span> <span class='ocrx_word' id='word_1_513' title='bbox 2790 2925 3220 2980; x_wconf 89' lang='lat' dir='ltr'><strong>meliorandum</strong></span> <span class='ocrx_word' id='word_1_514' title='bbox 3260 2928 3524 3000; x_wconf 88' lang='lat' dir='ltr'><strong>intendit,</strong></span> <span class='ocrx_word' id='word_1_515' title='bbox 3579 2915 3632 2985; x_wconf 85' lang='lat' dir='ltr'><strong>si</strong></span> 
     </span>
    </p>
   </div>
   <div class='ocr_carea' id='block_1_74' title="bbox 1953 3009 3631 3088">
    <p class='ocr_par' dir='ltr' id='par_1_74' title="bbox 1953 3009 3631 3088">
     <span class='ocr_line' id='line_1_74' title="bbox 1953 3009 3631 3088; baseline 0.006 -25"><span class='ocrx_word' id='word_1_516' title='bbox 1953 3009 2126 3078; x_wconf 84' lang='lat' dir='ltr'><strong>forte,</strong></span> <span class='ocrx_word' id='word_1_517' title='bbox 2153 3010 2274 3064; x_wconf 91' lang='lat' dir='ltr'><strong>Deo</strong></span> <span class='ocrx_word' id='word_1_518' title='bbox 2304 3015 2646 3079; x_wconf 67' lang='lat' dir='ltr'><strong>praestante,</strong></span> <span class='ocrx_word' id='word_1_519' title='bbox 2666 3016 2898 3082; x_wconf 91' lang='lat' dir='ltr'><strong>tempus</strong></span> <span class='ocrx_word' id='word_1_520' title='bbox 2932 3014 2984 3068; x_wconf 91' lang='lat' dir='ltr'><strong>ei</strong></span> <span class='ocrx_word' id='word_1_521' title='bbox 3018 3020 3355 3085; x_wconf 87' lang='lat' dir='ltr'><strong>suppeteret</strong></span> <span class='ocrx_word' id='word_1_522' title='bbox 3389 3022 3631 3088; x_wconf 91' lang='lat' dir='ltr'><strong>oportu-</strong></span> 
     </span>
    </p>
   </div>
   <div class='ocr_carea' id='block_1_75' title="bbox 1954 3100 3631 3174">
    <p class='ocr_par' dir='ltr' id='par_1_75' title="bbox 1954 3100 3631 3174">
     <span class='ocr_line' id='line_1_75' title="bbox 1954 3100 3631 3174; baseline 0.006 -22"><span class='ocrx_word' id='word_1_523' title='bbox 1954 3114 2093 3152; x_wconf 90' lang='lat' dir='ltr'><strong>num</strong></span> <span class='ocrx_word' id='word_1_524' title='bbox 2119 3115 2133 3167; x_wconf 86' lang='lat'><strong>;</strong></span> <span class='ocrx_word' id='word_1_525' title='bbox 2166 3100 2275 3152; x_wconf 90' lang='lat' dir='ltr'><strong>sed</strong></span> <span class='ocrx_word' id='word_1_526' title='bbox 2305 3100 2460 3169; x_wconf 89' lang='lat' dir='ltr'><strong>quia,</strong></span> <span class='ocrx_word' id='word_1_527' title='bbox 2481 3103 2544 3153; x_wconf 91' lang='lat' dir='ltr'><strong>ut</strong></span> <span class='ocrx_word' id='word_1_528' title='bbox 2574 3116 2753 3170; x_wconf 88' lang='lat' dir='ltr'><strong>supra</strong></span> <span class='ocrx_word' id='word_1_529' title='bbox 2776 3102 3191 3172; x_wconf 81' lang='lat' dir='ltr'><strong>retulimus(n,</strong></span> <span class='ocrx_word' id='word_1_530' title='bbox 3226 3106 3301 3174; x_wconf 75' lang='lat'><strong>2),</strong></span> <span class='ocrx_word' id='word_1_531' title='bbox 3334 3109 3449 3160; x_wconf 84' lang='lat' dir='ltr'><strong>tam</strong></span> <span class='ocrx_word' id='word_1_532' title='bbox 3479 3107 3631 3163; x_wconf 91' lang='lat' dir='ltr'><strong>inte-</strong></span> 
     </span>
    </p>
   </div>
   <div class='ocr_carea' id='block_1_76' title="bbox 1878 3188 3727 3267">
    <p class='ocr_par' dir='ltr' id='par_1_76' title="bbox 1878 3188 3727 3267">
     <span class='ocr_line' id='line_1_76' title="bbox 1878 3188 3727 3267; baseline 0.006 -27"><span class='ocrx_word' id='word_1_533' title='bbox 1878 3203 1924 3263; x_wconf 77' lang='grc' dir='ltr'>ο</span> <span class='ocrx_word' id='word_1_534' title='bbox 1955 3188 2131 3241; x_wconf 86' lang='lat' dir='ltr'><strong>stinis</strong></span> <span class='ocrx_word' id='word_1_535' title='bbox 2153 3203 2327 3257; x_wconf 91' lang='lat' dir='ltr'><strong>quam</strong></span> <span class='ocrx_word' id='word_1_536' title='bbox 2342 3188 2641 3243; x_wconf 85' lang='lat' dir='ltr'><strong>extraneis</strong></span> <span class='ocrx_word' id='word_1_537' title='bbox 2666 3189 3081 3261; x_wconf 89' lang='lat' dir='ltr'><strong>seditionibus,</strong></span> <span class='ocrx_word' id='word_1_538' title='bbox 3105 3192 3422 3264; x_wconf 89' lang='lat' dir='ltr'><strong>inpeditus,</strong></span> <span class='ocrx_word' id='word_1_539' title='bbox 3440 3211 3633 3267; x_wconf 88' lang='lat' dir='ltr'><strong>usque</strong></span> <span class='ocrx_word' id='word_1_540' title='bbox 3722 3206 3727 3213; x_wconf 84' lang='lat'><em>’</em></span> 
     </span>
    </p>
   </div>
   <div class='ocr_carea' id='block_1_77' title="bbox 1955 3276 3629 3351">
    <p class='ocr_par' dir='ltr' id='par_1_77' title="bbox 1955 3276 3629 3351">
     <span class='ocr_line' id='line_1_77' title="bbox 1955 3276 3629 3351; baseline 0.005 -21"><span class='ocrx_word' id='word_1_541' title='bbox 1955 3276 2028 3330; x_wconf 92' lang='lat' dir='ltr'><strong>ad</strong></span> <span class='ocrx_word' id='word_1_542' title='bbox 2085 3292 2301 3332; x_wconf 90' lang='lat' dir='ltr'><strong>annum</strong></span> <span class='ocrx_word' id='word_1_543' title='bbox 2346 3277 2669 3331; x_wconf 72' lang='lat' dir='ltr'><strong>Dominicae</strong></span> <span class='ocrx_word' id='word_1_544' title='bbox 2700 3277 3121 3334; x_wconf 85' lang='lat' dir='ltr'><strong>incarnationis</strong></span> <span class='ocrx_word' id='word_1_545' title='bbox 3167 3280 3324 3351; x_wconf 68' lang='grc'><strong>1023,</strong></span> <span class='ocrx_word' id='word_1_546' title='bbox 3361 3284 3456 3337; x_wconf 92' lang='lat' dir='ltr'><strong>sui</strong></span> <span class='ocrx_word' id='word_1_547' title='bbox 3490 3300 3629 3339; x_wconf 85' lang='lat' dir='ltr'><strong>vero</strong></span> 
     </span>
    </p>
   </div>
   <div class='ocr_carea' id='block_1_78' title="bbox 1956 3362 3631 3435">
    <p class='ocr_par' dir='ltr' id='par_1_78' title="bbox 1956 3362 3631 3435">
     <span class='ocr_line' id='line_1_78' title="bbox 1956 3362 3631 3435; baseline 0.005 -17"><span class='ocrx_word' id='word_1_548' title='bbox 1956 3365 2317 3435; x_wconf 85' lang='lat' dir='ltr'><strong>praesulatus</strong></span> <span class='ocrx_word' id='word_1_549' title='bbox 2337 3362 2413 3406; x_wconf 62' lang='grc'><strong>257</strong></span> <span class='ocrx_word' id='word_1_550' title='bbox 2435 3365 2715 3419; x_wconf 89' lang='lat' dir='ltr'><strong>inchoare</strong></span> <span class='ocrx_word' id='word_1_551' title='bbox 2728 3381 2846 3420; x_wconf 89' lang='lat' dir='ltr'><strong>non</strong></span> <span class='ocrx_word' id='word_1_552' title='bbox 2860 3367 3062 3435; x_wconf 87' lang='lat' dir='ltr'><strong>potuit.</strong></span> <span class='ocrx_word' id='word_1_553' title='bbox 3087 3368 3250 3424; x_wconf 90' lang='lat' dir='ltr'><strong>Tunc</strong></span> <span class='ocrx_word' id='word_1_554' title='bbox 3274 3386 3414 3426; x_wconf 89' lang='lat' dir='ltr'><strong>vero</strong></span> <span class='ocrx_word' id='word_1_555' title='bbox 3433 3372 3631 3428; x_wconf 88' lang='lat' dir='ltr'><strong>divina</strong></span> 
     </span>
    </p>
   </div>
   <div class='ocr_carea' id='block_1_79' title="bbox 1957 3453 3626 3523">
    <p class='ocr_par' dir='ltr' id='par_1_79' title="bbox 1957 3453 3626 3523">
     <span class='ocr_line' id='line_1_79' title="bbox 1957 3453 3626 3523; baseline 0.005 -16"><span class='ocrx_word' id='word_1_556' title='bbox 1957 3454 2363 3508; x_wconf 89' lang='lat' dir='ltr'><strong>misericordia</strong></span> <span class='ocrx_word' id='word_1_557' title='bbox 2394 3453 2602 3523; x_wconf 88' lang='lat' dir='ltr'><strong>fretus,</strong></span> <span class='ocrx_word' id='word_1_558' title='bbox 2636 3469 2705 3508; x_wconf 90' lang='lat' dir='ltr'><strong>ac</strong></span> <span class='ocrx_word' id='word_1_559' title='bbox 2727 3454 3042 3510; x_wconf 90' lang='lat' dir='ltr'><strong>multorum</strong></span> <span class='ocrx_word' id='word_1_560' title='bbox 3066 3456 3326 3512; x_wconf 88' lang='lat' dir='ltr'><strong>ﬁdelium</strong></span> <span class='ocrx_word' id='word_1_561' title='bbox 3360 3460 3467 3515; x_wconf 90' lang='lat' dir='ltr'><strong>Dei</strong></span> <span class='ocrx_word' id='word_1_562' title='bbox 3496 3476 3626 3515; x_wconf 90' lang='lat' dir='ltr'><strong>ora-</strong></span> 
     </span>
    </p>
   </div>
   <div class='ocr_carea' id='block_1_80' title="bbox 1955 3542 3631 3619">
    <p class='ocr_par' dir='ltr' id='par_1_80' title="bbox 1955 3542 3631 3619">
     <span class='ocr_line' id='line_1_80' title="bbox 1955 3542 3631 3619; baseline 0.005 -23"><span class='ocrx_word' id='word_1_563' title='bbox 1955 3543 2218 3597; x_wconf 88' lang='lat' dir='ltr'><strong>tionibus</strong></span> <span class='ocrx_word' id='word_1_564' title='bbox 2231 3542 2449 3613; x_wconf 90' lang='lat' dir='ltr'><strong>quibus</strong></span> <span class='ocrx_word' id='word_1_565' title='bbox 2471 3543 3002 3599; x_wconf 88' lang='lat' dir='ltr'><strong>oderatroboratus</strong></span> <span class='ocrx_word' id='word_1_566' title='bbox 3033 3547 3170 3615; x_wconf 91' lang='lat' dir='ltr'><strong>tam,</strong></span> <span class='ocrx_word' id='word_1_567' title='bbox 3204 3549 3480 3619; x_wconf 90' lang='lat' dir='ltr'><strong>antiquas</strong></span> <span class='ocrx_word' id='word_1_568' title='bbox 3500 3565 3631 3605; x_wconf 90' lang='lat' dir='ltr'><strong>mo-</strong></span> 
     </span>
    </p>
   </div>
   <div class='ocr_carea' id='block_1_81' title="bbox 1956 3631 3633 3705">
    <p class='ocr_par' dir='ltr' id='par_1_81' title="bbox 1956 3631 3633 3705">
     <span class='ocr_line' id='line_1_81' title="bbox 1956 3631 3633 3705; baseline 0.005 -20"><span class='ocrx_word' id='word_1_569' title='bbox 1956 3631 2045 3686; x_wconf 93' lang='lat' dir='ltr'><strong>les</strong></span> <span class='ocrx_word' id='word_1_570' title='bbox 2067 3631 2353 3702; x_wconf 88' lang='lat' dir='ltr'><strong>parietum</strong></span> <span class='ocrx_word' id='word_1_571' title='bbox 2371 3631 2636 3687; x_wconf 90' lang='lat' dir='ltr'><strong>demoliri</strong></span> <span class='ocrx_word' id='word_1_572' title='bbox 2660 3633 2941 3703; x_wconf 88' lang='lat' dir='ltr'><strong>precepit.</strong></span> <span class='ocrx_word' id='word_1_573' title='bbox 2966 3633 3093 3698; x_wconf 88' lang='lat' dir='ltr'><strong>Quo</strong></span> <span class='ocrx_word' id='word_1_574' title='bbox 3124 3635 3298 3705; x_wconf 91' lang='lat' dir='ltr'><strong>facto,</strong></span> <span class='ocrx_word' id='word_1_575' title='bbox 3324 3638 3483 3692; x_wconf 90' lang='lat' dir='ltr'><strong>omni</strong></span> <span class='ocrx_word' id='word_1_576' title='bbox 3505 3642 3633 3693; x_wconf 87' lang='lat' dir='ltr'><strong>stu-</strong></span> 
     </span>
    </p>
   </div>
   <div class='ocr_carea' id='block_1_82' title="bbox 1959 3720 3631 3797">
    <p class='ocr_par' dir='ltr' id='par_1_82' title="bbox 1959 3720 3631 3797">
     <span class='ocr_line' id='line_1_82' title="bbox 1959 3720 3631 3797; baseline 0.005 -23"><span class='ocrx_word' id='word_1_577' title='bbox 1959 3720 2053 3774; x_wconf 89' lang='lat' dir='ltr'><strong>dio</strong></span> <span class='ocrx_word' id='word_1_578' title='bbox 2083 3720 2407 3789; x_wconf 88' lang='lat' dir='ltr'><strong>accinctus,</strong></span> <span class='ocrx_word' id='word_1_579' title='bbox 2463 3724 2659 3790; x_wconf 89' lang='lat' dir='ltr'><strong>utpote</strong></span> <span class='ocrx_word' id='word_1_580' title='bbox 2707 3722 2948 3790; x_wconf 89' lang='lat' dir='ltr'><strong>sapiens</strong></span> <span class='ocrx_word' id='word_1_581' title='bbox 2979 3724 3362 3795; x_wconf 87' lang='lat' dir='ltr'><strong>architectus,</strong></span> <span class='ocrx_word' id='word_1_582' title='bbox 3397 3727 3631 3797; x_wconf 89' lang='lat' dir='ltr'><strong>incepto</strong></span> 
     </span>
    </p>
   </div>
   <div class='ocr_carea' id='block_1_83' title="bbox 1958 3808 3630 3885">
    <p class='ocr_par' dir='ltr' id='par_1_83' title="bbox 1958 3808 3630 3885">
     <span class='ocr_line' id='line_1_83' title="bbox 1958 3808 3630 3885; baseline 0.006 -24"><span class='ocrx_word' id='word_1_583' title='bbox 1958 3809 2144 3863; x_wconf 87' lang='lat' dir='ltr'><strong>labori</strong></span> <span class='ocrx_word' id='word_1_584' title='bbox 2163 3808 2454 3863; x_wconf 90' lang='lat' dir='ltr'><strong>sollicitus</strong></span> <span class='ocrx_word' id='word_1_585' title='bbox 2474 3810 2668 3879; x_wconf 88' lang='lat' dir='ltr'><strong>instat,</strong></span> <span class='ocrx_word' id='word_1_586' title='bbox 2704 3814 2760 3864; x_wconf 92' lang='lat' dir='ltr'><strong>et</strong></span> <span class='ocrx_word' id='word_1_587' title='bbox 2787 3808 2867 3851; x_wconf 63' lang='lat'><strong>258</strong></span> <span class='ocrx_word' id='word_1_588' title='bbox 2896 3814 3261 3868; x_wconf 87' lang='lat' dir='ltr'><strong>necessariis</strong></span> <span class='ocrx_word' id='word_1_589' title='bbox 3294 3816 3630 3885; x_wconf 88' lang='lat' dir='ltr'><strong>sumptibus</strong></span> 
     </span>
    </p>
   </div>
   <div class='ocr_carea' id='block_1_84' title="bbox 1955 3899 3636 3974">
    <p class='ocr_par' dir='ltr' id='par_1_84' title="bbox 1955 3899 3636 3974">
     <span class='ocr_line' id='line_1_84' title="bbox 1955 3899 3636 3974; baseline 0.004 -21"><span class='ocrx_word' id='word_1_590' title='bbox 1955 3900 2279 3971; x_wconf 87' lang='lat' dir='ltr'><strong>prudenter</strong></span> <span class='ocrx_word' id='word_1_591' title='bbox 2295 3899 2597 3969; x_wconf 84' lang='lat' dir='ltr'><strong>expensis,</strong></span> <span class='ocrx_word' id='word_1_592' title='bbox 2614 3900 2685 3953; x_wconf 89' lang='lat' dir='ltr'><strong>ad</strong></span> <span class='ocrx_word' id='word_1_593' title='bbox 2703 3900 3166 3974; x_wconf 85' lang='lat' dir='ltr'><strong>reediﬁeandum</strong></span> <span class='ocrx_word' id='word_1_594' title='bbox 3186 3905 3363 3958; x_wconf 65' lang='lat' dir='ltr'><strong>tantm</strong></span> <span class='ocrx_word' id='word_1_595' title='bbox 3388 3905 3477 3958; x_wconf 86' lang='lat' dir='ltr'><strong>dif</strong></span> <span class='ocrx_word' id='word_1_596' title='bbox 3477 3904 3636 3959; x_wconf 88' lang='lat' dir='ltr'><strong>ﬁcul-</strong></span> 
     </span>
    </p>
   </div>
   <div class='ocr_carea' id='block_1_85' title="bbox 1958 3987 3631 4060">
    <p class='ocr_par' dir='ltr' id='par_1_85' title="bbox 1958 3987 3631 4060">
     <span class='ocr_line' id='line_1_85' title="bbox 1958 3987 3631 4060; baseline 0.004 -17"><span class='ocrx_word' id='word_1_597' title='bbox 1958 3991 2094 4044; x_wconf 85' lang='lat' dir='ltr'><strong>tatis</strong></span> <span class='ocrx_word' id='word_1_598' title='bbox 2151 4004 2301 4059; x_wconf 90' lang='lat' dir='ltr'><strong>opus</strong></span> <span class='ocrx_word' id='word_1_599' title='bbox 2351 3987 2624 4056; x_wconf 82' lang='lat' dir='ltr'><strong>anhelat;</strong></span> <span class='ocrx_word' id='word_1_600' title='bbox 2664 3990 2879 4058; x_wconf 90' lang='lat' dir='ltr'><strong>quippe</strong></span> <span class='ocrx_word' id='word_1_601' title='bbox 2912 3991 3147 4060; x_wconf 91' lang='lat' dir='ltr'><strong>timens,</strong></span> <span class='ocrx_word' id='word_1_602' title='bbox 3192 4008 3264 4047; x_wconf 90' lang='lat' dir='ltr'><strong>ne</strong></span> <span class='ocrx_word' id='word_1_603' title='bbox 3315 3996 3414 4047; x_wconf 90' lang='lat' dir='ltr'><strong>aut</strong></span> <span class='ocrx_word' id='word_1_604' title='bbox 3444 3996 3631 4049; x_wconf 89' lang='lat' dir='ltr'><strong>morte</strong></span> 
     </span>
    </p>
   </div>
   <div class='ocr_carea' id='block_1_86' title="bbox 1958 4076 3631 4152">
    <p class='ocr_par' dir='ltr' id='par_1_86' title="bbox 1958 4076 3631 4152">
     <span class='ocr_line' id='line_1_86' title="bbox 1958 4076 3631 4152; baseline 0.002 -21"><span class='ocrx_word' id='word_1_605' title='bbox 1958 4081 2278 4147; x_wconf 87' lang='lat' dir='ltr'><strong>preventus</strong></span> <span class='ocrx_word' id='word_1_606' title='bbox 2311 4079 2409 4130; x_wconf 91' lang='lat' dir='ltr'><strong>aut</strong></span> <span class='ocrx_word' id='word_1_607' title='bbox 2434 4077 2692 4146; x_wconf 90' lang='lat' dir='ltr'><strong>qualibet</strong></span> <span class='ocrx_word' id='word_1_608' title='bbox 2712 4076 2823 4129; x_wconf 90' lang='lat' dir='ltr'><strong>alia</strong></span> <span class='ocrx_word' id='word_1_609' title='bbox 2856 4093 3037 4133; x_wconf 89' lang='lat' dir='ltr'><strong>causa</strong></span> <span class='ocrx_word' id='word_1_610' title='bbox 3071 4083 3331 4145; x_wconf 88' lang='lat' dir='ltr'><strong>coactus,</strong></span> <span class='ocrx_word' id='word_1_611' title='bbox 3359 4097 3511 4152; x_wconf 89' lang='lat' dir='ltr'><strong>opus</strong></span> <span class='ocrx_word' id='word_1_612' title='bbox 3544 4083 3631 4135; x_wconf 88' lang='lat' dir='ltr'><strong>in-</strong></span> 
     </span>
    </p>
   </div>
   <div class='ocr_carea' id='block_1_87' title="bbox 1957 4165 3631 4238">
    <p class='ocr_par' dir='ltr' id='par_1_87' title="bbox 1957 4165 3631 4238">
     <span class='ocr_line' id='line_1_87' title="bbox 1957 4165 3631 4238; baseline 0.001 -16"><span class='ocrx_word' id='word_1_613' title='bbox 1957 4167 2285 4238; x_wconf 86' lang='lat' dir='ltr'><strong>perfectum</strong></span> <span class='ocrx_word' id='word_1_614' title='bbox 2333 4166 2644 4235; x_wconf 89' lang='lat' dir='ltr'><strong>relinquat.</strong></span> <span class='ocrx_word' id='word_1_615' title='bbox 2688 4165 2777 4218; x_wconf 88' lang='lat' dir='ltr'><strong>Ad</strong></span> <span class='ocrx_word' id='word_1_616' title='bbox 2808 4165 2920 4220; x_wconf 84' lang='lat' dir='ltr'><strong>hoc</strong></span> <span class='ocrx_word' id='word_1_617' title='bbox 2960 4182 3102 4221; x_wconf 83' lang='lat' dir='ltr'><strong>vero</strong></span> <span class='ocrx_word' id='word_1_618' title='bbox 3151 4168 3454 4224; x_wconf 85' lang='lat' dir='ltr'><strong>difﬁcilius</strong></span> <span class='ocrx_word' id='word_1_619' title='bbox 3484 4171 3631 4224; x_wconf 90' lang='lat' dir='ltr'><strong>nihil</strong></span> 
     </span>
    </p>
   </div>
   <div class='ocr_carea' id='block_1_88' title="bbox 1958 4251 3628 4327">
    <p class='ocr_par' dir='ltr' id='par_1_88' title="bbox 1958 4251 3628 4327">
     <span class='ocr_line' id='line_1_88' title="bbox 1958 4251 3628 4327; baseline 0.001 -17"><span class='ocrx_word' id='word_1_620' title='bbox 1958 4271 2117 4324; x_wconf 92' lang='lat' dir='ltr'><strong>esse,</strong></span> <span class='ocrx_word' id='word_1_621' title='bbox 2153 4256 2309 4326; x_wconf 90' lang='lat' dir='ltr'><strong>quod</strong></span> <span class='ocrx_word' id='word_1_622' title='bbox 2341 4269 2514 4309; x_wconf 91' lang='lat' dir='ltr'><strong>suum</strong></span> <span class='ocrx_word' id='word_1_623' title='bbox 2536 4251 2899 4307; x_wconf 90' lang='lat' dir='ltr'><strong>desiderium</strong></span> <span class='ocrx_word' id='word_1_624' title='bbox 2947 4259 3302 4325; x_wconf 90' lang='lat' dir='ltr'><strong>remoretur,</strong></span> <span class='ocrx_word' id='word_1_625' title='bbox 3360 4258 3628 4327; x_wconf 86' lang='lat' dir='ltr'><strong>advertit,</strong></span> 
     </span>
    </p>
   </div>
   <div class='ocr_carea' id='block_1_89' title="bbox 1959 4341 3632 4416">
    <p class='ocr_par' dir='ltr' id='par_1_89' title="bbox 1959 4341 3632 4416">
     <span class='ocr_line' id='line_1_89' title="bbox 1959 4341 3632 4416; baseline 0.001 -17"><span class='ocrx_word' id='word_1_626' title='bbox 1959 4361 2132 4415; x_wconf 88' lang='lat' dir='ltr'><strong>quam</strong></span> <span class='ocrx_word' id='word_1_627' title='bbox 2163 4345 2317 4398; x_wconf 88' lang='lat' dir='ltr'><strong>lenta</strong></span> <span class='ocrx_word' id='word_1_628' title='bbox 2348 4342 2654 4398; x_wconf 88' lang='lat' dir='ltr'><strong>convectio</strong></span> <span class='ocrx_word' id='word_1_629' title='bbox 2687 4341 3112 4414; x_wconf 90' lang='lat' dir='ltr'><strong>columnarum,</strong></span> <span class='ocrx_word' id='word_1_630' title='bbox 3159 4360 3290 4416; x_wconf 88' lang='lat' dir='ltr'><strong>quae</strong></span> <span class='ocrx_word' id='word_1_631' title='bbox 3320 4346 3528 4416; x_wconf 89' lang='lat' dir='ltr'><strong>procul</strong></span> <span class='ocrx_word' id='word_1_632' title='bbox 3557 4346 3632 4400; x_wconf 92' lang='lat' dir='ltr'><strong>ab</strong></span> 
     </span>
    </p>
   </div>
   <div class='ocr_carea' id='block_1_90' title="bbox 1959 4430 3634 4502">
    <p class='ocr_par' dir='ltr' id='par_1_90' title="bbox 1959 4430 3634 4502">
     <span class='ocr_line' id='line_1_90' title="bbox 1959 4430 3634 4502; baseline -0.001 -14"><span class='ocrx_word' id='word_1_633' title='bbox 1959 4434 2105 4488; x_wconf 90' lang='lat' dir='ltr'><strong>urbe</strong></span> <span class='ocrx_word' id='word_1_634' title='bbox 2157 4433 2279 4487; x_wconf 85' lang='lat' dir='ltr'><strong>fere</strong></span> <span class='ocrx_word' id='word_1_635' title='bbox 2311 4433 2370 4486; x_wconf 92' lang='lat' dir='ltr'><strong>in</strong></span> <span class='ocrx_word' id='word_1_636' title='bbox 2401 4430 2711 4502; x_wconf 82' lang='lat' dir='ltr'><strong>trigesimo</strong></span> <span class='ocrx_word' id='word_1_637' title='bbox 2754 4432 3003 4489; x_wconf 90' lang='lat' dir='ltr'><strong>miliario</strong></span> <span class='ocrx_word' id='word_1_638' title='bbox 3036 4433 3432 4489; x_wconf 88' lang='lat' dir='ltr'><strong>caedebantur.</strong></span> <span class='ocrx_word' id='word_1_639' title='bbox 3467 4434 3634 4487; x_wconf 88' lang='lat' dir='ltr'><strong>Divi-</strong></span> 
     </span>
    </p>
   </div>
   <div class='ocr_carea' id='block_1_91' title="bbox 147 4512 3631 4595">
    <p class='ocr_par' dir='ltr' id='par_1_91' title="bbox 147 4512 3631 4595">
     <span class='ocr_line' id='line_1_91' title="bbox 147 4512 3631 4595; baseline -0.002 -12"><span class='ocrx_word' id='word_1_640' title='bbox 147 4528 485 4583; x_wconf 84' lang='lat' dir='ltr'><strong>Schelmas</strong></span> <span class='ocrx_word' id='word_1_641' title='bbox 512 4521 894 4593; x_wconf 66' lang='lat' dir='ltr'><strong>255oppidum</strong></span> <span class='ocrx_word' id='word_1_642' title='bbox 912 4520 1082 4587; x_wconf 81' lang='lat' dir='ltr'><strong>facta,</strong></span> <span class='ocrx_word' id='word_1_643' title='bbox 1104 4537 1300 4591; x_wconf 87' lang='lat' dir='ltr'><strong>quam,</strong></span> <span class='ocrx_word' id='word_1_644' title='bbox 1334 4522 1638 4576; x_wconf 89' lang='lat' dir='ltr'><strong>utcunctis</strong></span> <span class='ocrx_word' id='word_1_645' title='bbox 1668 4524 1839 4578; x_wconf 89' lang='lat' dir='ltr'><strong>inno-</strong></span> <span class='ocrx_word' id='word_1_646' title='bbox 1871 4512 1925 4573; x_wconf 92' lang='lat' dir='ltr'>D</span> <span class='ocrx_word' id='word_1_647' title='bbox 1958 4539 2092 4577; x_wconf 85' lang='lat' dir='ltr'><strong>nam</strong></span> <span class='ocrx_word' id='word_1_648' title='bbox 2123 4538 2267 4593; x_wconf 79' lang='lat' dir='ltr'><strong>ergo</strong></span> <span class='ocrx_word' id='word_1_649' title='bbox 2304 4522 2672 4578; x_wconf 88' lang='lat' dir='ltr'><strong>clementiam</strong></span> <span class='ocrx_word' id='word_1_650' title='bbox 2728 4525 3080 4595; x_wconf 89' lang='lat' dir='ltr'><strong>deprecatus</strong></span> <span class='ocrx_word' id='word_1_651' title='bbox 3139 4526 3202 4577; x_wconf 92' lang='lat' dir='ltr'><strong>ut</strong></span> <span class='ocrx_word' id='word_1_652' title='bbox 3233 4524 3347 4578; x_wconf 90' lang='lat' dir='ltr'><strong>sibi</strong></span> <span class='ocrx_word' id='word_1_653' title='bbox 3386 4523 3631 4592; x_wconf 88' lang='lat' dir='ltr'><strong>propius</strong></span> 
     </span>
    </p>
   </div>
   <div class='ocr_carea' id='block_1_92' title="bbox 150 4607 1839 4683">
    <p class='ocr_par' dir='ltr' id='par_1_92' title="bbox 150 4607 1839 4683">
     <span class='ocr_line' id='line_1_92' title="bbox 150 4607 1839 4683; baseline -0.002 -13"><span class='ocrx_word' id='word_1_654' title='bbox 150 4619 451 4683; x_wconf 79' lang='lat' dir='ltr'><strong>tesceret,</strong></span> <span class='ocrx_word' id='word_1_655' title='bbox 505 4611 837 4667; x_wconf 88' lang='lat' dir='ltr'><strong>semilatino</strong></span> <span class='ocrx_word' id='word_1_656' title='bbox 885 4625 1160 4665; x_wconf 89' lang='lat' dir='ltr'><strong>sermone</strong></span> <span class='ocrx_word' id='word_1_657' title='bbox 1211 4607 1554 4680; x_wconf 88' lang='lat' dir='ltr'><strong>hujusmodi</strong></span> <span class='ocrx_word' id='word_1_658' title='bbox 1586 4610 1839 4667; x_wconf 88' lang='lat' dir='ltr'><strong>domnus</strong></span> 
     </span>
    </p>
   </div>
   <div class='ocr_carea' id='block_1_93' title="bbox 1958 4611 3633 4685">
    <p class='ocr_par' dir='ltr' id='par_1_93' title="bbox 1958 4611 3633 4685">
     <span class='ocr_line' id='line_1_93' title="bbox 1958 4611 3633 4685; baseline -0.002 -18"><span class='ocrx_word' id='word_1_659' title='bbox 1958 4612 2223 4667; x_wconf 91' lang='lat' dir='ltr'><strong>solamen</strong></span> <span class='ocrx_word' id='word_1_660' title='bbox 2250 4612 2486 4683; x_wconf 90' lang='lat' dir='ltr'><strong>aliquod</strong></span> <span class='ocrx_word' id='word_1_661' title='bbox 2518 4617 2802 4682; x_wconf 62' lang='lat' dir='ltr'><strong>praestare</strong></span> <span class='ocrx_word' id='word_1_662' title='bbox 2833 4613 3132 4685; x_wconf 76' lang='lat' dir='ltr'><strong>dignetur,</strong></span> <span class='ocrx_word' id='word_1_663' title='bbox 3167 4612 3417 4682; x_wconf 89' lang='lat' dir='ltr'><strong>quadam</strong></span> <span class='ocrx_word' id='word_1_664' title='bbox 3449 4611 3633 4681; x_wconf 82' lang='lat' dir='ltr'><strong>siqui-</strong></span> 
     </span>
    </p>
   </div>
   <div class='ocr_carea' id='block_1_94' title="bbox 1497 4752 2323 4816">
    <p class='ocr_par' dir='ltr' id='par_1_94' title="bbox 1497 4752 2323 4816">
     <span class='ocr_line' id='line_1_94' title="bbox 1497 4752 2323 4816; baseline 0.001 -4"><span class='ocrx_word' id='word_1_665' title='bbox 1497 4753 1789 4815; x_wconf 79' lang='lat' dir='ltr'><strong>VARUE</strong></span> <span class='ocrx_word' id='word_1_666' title='bbox 1837 4752 2323 4816; x_wconf 89' lang='lat' dir='ltr'><strong>LECTIONES.</strong></span> 
     </span>
    </p>
   </div>
   <div class='ocr_carea' id='block_1_95' title="bbox 215 4879 3638 4959">
    <p class='ocr_par' dir='ltr' id='par_1_95' title="bbox 215 4879 3638 4959">
     <span class='ocr_line' id='line_1_95' title="bbox 215 4879 3638 4959; baseline 0.002 -25"><span class='ocrx_word' id='word_1_667' title='bbox 215 4885 798 4959; x_wconf 63' lang='lat' dir='ltr'><strong>Sasci].obtiner§t,</strong></span> <span class='ocrx_word' id='word_1_668' title='bbox 822 4881 919 4959; x_wconf 70' lang='lat' dir='ltr'><strong>vel</strong></span> <span class='ocrx_word' id='word_1_669' title='bbox 933 4882 1241 4959; x_wconf 67' lang='lat' dir='ltr'><strong>reciperet.</strong></span> <span class='ocrx_word' id='word_1_670' title='bbox 1286 4879 1399 4959; x_wconf 43' lang='grc' dir='ltr'>βω</span> <span class='ocrx_word' id='word_1_671' title='bbox 1424 4884 1657 4959; x_wconf 51' lang='lat' dir='ltr'><strong>nomine</strong></span> <span class='ocrx_word' id='word_1_672' title='bbox 1672 4884 2168 4959; x_wconf 68' lang='lat' dir='ltr'><strong>desuntomnibus</strong></span> <span class='ocrx_word' id='word_1_673' title='bbox 2186 4905 2203 4950; x_wconf 85' lang='lat'><strong>,-</strong></span> <span class='ocrx_word' id='word_1_674' title='bbox 2227 4886 2287 4940; x_wconf 86' lang='lat' dir='ltr'><strong>in</strong></span> <span class='ocrx_word' id='word_1_675' title='bbox 2313 4881 2387 4940; x_wconf 65' lang='grc' dir='ltr'><strong>ρ’.</strong></span> <span class='ocrx_word' id='word_1_676' title='bbox 2428 4883 2462 4941; x_wconf 83' lang='lat'><strong>3</strong></span> <span class='ocrx_word' id='word_1_677' title='bbox 2502 4883 2553 4941; x_wconf 80' lang='lat'><strong>4.</strong></span> <span class='ocrx_word' id='word_1_678' title='bbox 2599 4903 2672 4942; x_wconf 86' lang='lat' dir='ltr'><strong>ne</strong></span> <span class='ocrx_word' id='word_1_679' title='bbox 2701 4886 2953 4959; x_wconf 80' lang='lat' dir='ltr'><strong>spatium</strong></span> <span class='ocrx_word' id='word_1_680' title='bbox 2979 4882 3211 4959; x_wconf 75' lang='lat' dir='ltr'><strong>quidem</strong></span> <span class='ocrx_word' id='word_1_681' title='bbox 3227 4884 3308 4959; x_wconf 80' lang='lat' dir='ltr'><strong>iis</strong></span> <span class='ocrx_word' id='word_1_682' title='bbox 3336 4883 3638 4959; x_wconf 60' lang='lat' dir='ltr'><strong>relictum.</strong></span> 
     </span>
    </p>
   </div>
   <div class='ocr_carea' id='block_1_96' title="bbox 148 4952 3637 5033">
    <p class='ocr_par' dir='ltr' id='par_1_96' title="bbox 148 4952 3637 5033">
     <span class='ocr_line' id='line_1_96' title="bbox 148 4952 3637 5033; baseline 0.003 -30"><span class='ocrx_word' id='word_1_683' title='bbox 148 4959 229 5003; x_wconf 62' lang='grc' dir='ltr'><strong>εὖ</strong></span> <span class='ocrx_word' id='word_1_684' title='bbox 264 4966 363 5016; x_wconf 62' lang='grc' dir='ltr'><strong>,διε</strong></span> <span class='ocrx_word' id='word_1_685' title='bbox 407 4958 492 5033; x_wconf 44' lang='grc' dir='ltr'><strong>1ᾄ</strong></span> <span class='ocrx_word' id='word_1_686' title='bbox 515 4957 571 5033; x_wconf 57' lang='lat'><strong>2,</strong></span> <span class='ocrx_word' id='word_1_687' title='bbox 614 4957 666 5009; x_wconf 70' lang='lat'><strong>2&#39;</strong></span> <span class='ocrx_word' id='word_1_688' title='bbox 706 4953 1017 5033; x_wconf 39' lang='lat' dir='ltr'><strong>Schelinhas</strong></span> <span class='ocrx_word' id='word_1_689' title='bbox 1066 4952 1521 5033; x_wconf 60' lang='lat' dir='ltr'><strong>4._Qhel_mas_</strong></span> <span class='ocrx_word' id='word_1_690' title='bbox 1557 4954 2181 5033; x_wconf 67' lang='lat' dir='ltr'><strong>Sequenti&#39;aOppidum</strong></span> <span class='ocrx_word' id='word_1_691' title='bbox 2209 4962 2652 5033; x_wconf 79' lang='lat' dir='ltr'><strong>——_ornamenta</strong></span> <span class='ocrx_word' id='word_1_692' title='bbox 2699 4952 2963 5033; x_wconf 71' lang='lat' dir='ltr'><strong>adhibuit</strong></span> <span class='ocrx_word' id='word_1_693' title='bbox 2986 4952 3234 5033; x_wconf 75' lang='lat' dir='ltr'><strong>deerant</strong></span> <span class='ocrx_word' id='word_1_694' title='bbox 3261 4956 3637 5033; x_wconf 51' lang='lat' dir='ltr'><strong>in_m2.__fol_io</strong></span> 
     </span>
    </p>
   </div>
   <div class='ocr_carea' id='block_1_97' title="bbox 156 5021 3635 5104">
    <p class='ocr_par' dir='ltr' id='par_1_97' title="bbox 156 5021 3635 5104">
     <span class='ocr_line' id='line_1_97' title="bbox 156 5021 3635 5104; baseline -0.001 -17"><span class='ocrx_word' id='word_1_695' title='bbox 156 5036 395 5089; x_wconf 76' lang='lat' dir='ltr'><strong>exciso.</strong></span> <span class='ocrx_word' id='word_1_696' title='bbox 430 5028 664 5104; x_wconf 84' lang='lat' dir='ltr'><strong>Eadem</strong></span> <span class='ocrx_word' id='word_1_697' title='bbox 698 5021 1200 5104; x_wconf 66' lang='lat' dir='ltr'><strong>desugt_2‘,spatio</strong></span> <span class='ocrx_word' id='word_1_698' title='bbox 1222 5024 1399 5104; x_wconf 65' lang='lat' dir='ltr'><strong>trium</strong></span> <span class='ocrx_word' id='word_1_699' title='bbox 1422 5021 1759 5104; x_wconf 43' lang='lat' dir='ltr'><strong>[laciniam</strong></span> <span class='ocrx_word' id='word_1_700' title='bbox 1778 5021 2010 5104; x_wconf 47' lang='lat' dir='ltr'><strong>relict-(3&#39;,</strong></span> <span class='ocrx_word' id='word_1_701' title='bbox 2027 5033 2085 5104; x_wconf 68' lang='lat' dir='ltr'><strong>et</strong></span> <span class='ocrx_word' id='word_1_702' title='bbox 2109 5028 2367 5104; x_wconf 78' lang='lat' dir='ltr'><strong>margini</strong></span> <span class='ocrx_word' id='word_1_703' title='bbox 2383 5029 2674 5100; x_wconf 79' lang='lat' dir='ltr'><strong>inscripto</strong></span> <span class='ocrx_word' id='word_1_704' title='bbox 2692 5049 2708 5083; x_wconf 86' lang='lat'><em>:</em></span> <span class='ocrx_word' id='word_1_705' title='bbox 2731 5030 2944 5104; x_wconf 79' lang='lat' dir='ltr'><strong>desunt</strong></span> <span class='ocrx_word' id='word_1_706' title='bbox 2974 5028 3217 5104; x_wconf 74' lang='lat' dir='ltr'><strong>reliqua.</strong></span> <span class='ocrx_word' id='word_1_707' title='bbox 3294 5025 3374 5070; x_wconf 63' lang='grc' dir='ltr'><strong>εδδ</strong></span> <span class='ocrx_word' id='word_1_708' title='bbox 3399 5051 3420 5077; x_wconf 78' lang='grc' dir='ltr'><strong>(ι</strong></span> <span class='ocrx_word' id='word_1_709' title='bbox 3442 5028 3635 5104; x_wconf 53' lang='lat' dir='ltr'><strong>Verba</strong></span> 
     </span>
    </p>
   </div>
   <div class='ocr_carea' id='block_1_98' title="bbox 139 5094 3627 5174">
    <p class='ocr_par' dir='ltr' id='par_1_98' title="bbox 139 5094 3627 5174">
     <span class='ocr_line' id='line_1_98' title="bbox 139 5094 3627 5174; baseline -0 -17"><span class='ocrx_word' id='word_1_710' title='bbox 139 5106 382 5174; x_wconf 71' lang='lat' dir='ltr'><strong>placiti,</strong></span> <span class='ocrx_word' id='word_1_711' title='bbox 407 5101 621 5174; x_wconf 60' lang='lat' dir='ltr'><strong>exciso</strong></span> <span class='ocrx_word' id='word_1_712' title='bbox 642 5104 822 5174; x_wconf 63' lang='lat' dir='ltr'><strong>etiam</strong></span> <span class='ocrx_word' id='word_1_713' title='bbox 839 5094 980 5174; x_wconf 68' lang='lat' dir='ltr'><strong>fglip</strong></span> <span class='ocrx_word' id='word_1_714' title='bbox 996 5095 1057 5147; x_wconf 85' lang='lat' dir='ltr'><strong>in</strong></span> <span class='ocrx_word' id='word_1_715' title='bbox 1080 5094 1405 5174; x_wconf 44' lang='lat' dir='ltr'><strong>exemplari</strong></span> <span class='ocrx_word' id='word_1_716' title='bbox 1426 5096 1601 5149; x_wconf 78' lang='lat' dir='ltr'><strong>Santi</strong></span> <span class='ocrx_word' id='word_1_717' title='bbox 1628 5096 1921 5174; x_wconf 37' lang='lat' dir='ltr'><strong>GliisleAni,</strong></span> <span class='ocrx_word' id='word_1_718' title='bbox 1948 5094 2395 5174; x_wconf 64' lang='lat' dir='ltr'><strong>desiderantur,</strong></span> <span class='ocrx_word' id='word_1_719' title='bbox 2423 5107 2501 5166; x_wconf 80' lang='lat' dir='ltr'><strong>et,</strong></span> <span class='ocrx_word' id='word_1_720' title='bbox 2527 5094 2607 5174; x_wconf 70' lang='lat' dir='ltr'><strong>ui_</strong></span> <span class='ocrx_word' id='word_1_721' title='bbox 2624 5098 2955 5174; x_wconf 70' lang='lat' dir='ltr'><strong>verisimile</strong></span> <span class='ocrx_word' id='word_1_722' title='bbox 2973 5094 3228 5174; x_wconf 33' lang='lat' dir='ltr'><strong>est,falia</strong></span> <span class='ocrx_word' id='word_1_723' title='bbox 3253 5099 3532 5174; x_wconf 73' lang='lat' dir='ltr'><strong>nonnulla</strong></span> <span class='ocrx_word' id='word_1_724' title='bbox 3553 5102 3627 5156; x_wconf 84' lang='lat' dir='ltr'><strong>de</strong></span> 
     </span>
    </p>
   </div>
   <div class='ocr_carea' id='block_1_99' title="bbox 152 5164 3637 5242">
    <p class='ocr_par' dir='ltr' id='par_1_99' title="bbox 152 5164 3637 5242">
     <span class='ocr_line' id='line_1_99' title="bbox 152 5164 3637 5242; baseline 0 -17"><span class='ocrx_word' id='word_1_725' title='bbox 152 5164 271 5230; x_wconf 62' lang='lat' dir='ltr'><strong>ﬁne</strong></span> <span class='ocrx_word' id='word_1_726' title='bbox 306 5171 604 5239; x_wconf 69' lang='lat' dir='ltr'><strong>W’alteri,</strong></span> <span class='ocrx_word' id='word_1_727' title='bbox 632 5192 653 5216; x_wconf 74' lang='grc' dir='ltr'><strong><em>ι</em></strong></span> <span class='ocrx_word' id='word_1_728' title='bbox 677 5168 826 5242; x_wconf 81' lang='lat' dir='ltr'><strong>dicit</strong></span> <span class='ocrx_word' id='word_1_729' title='bbox 850 5164 1402 5242; x_wconf 33' lang='lat' dir='ltr'><strong>_Colvene_rius.‘._Sed</strong></span> <span class='ocrx_word' id='word_1_730' title='bbox 1421 5184 1587 5238; x_wconf 81' lang='lat' dir='ltr'><strong>quam</strong></span> <span class='ocrx_word' id='word_1_731' title='bbox 1614 5184 1799 5242; x_wconf 81' lang='lat' dir='ltr'><strong>neque</strong></span> <span class='ocrx_word' id='word_1_732' title='bbox 1820 5168 1877 5223; x_wconf 72' lang='grc'><strong>2.</strong></span> <span class='ocrx_word' id='word_1_733' title='bbox 1901 5185 2011 5242; x_wconf 73' lang='lat' dir='ltr'><strong>nec</strong></span> <span class='ocrx_word' id='word_1_734' title='bbox 2029 5164 2559 5242; x_wconf 10' lang='lat' dir='ltr'><strong>reliquiiquicquan</strong></span> <span class='ocrx_word' id='word_1_735' title='bbox 2582 5171 2680 5224; x_wconf 80' lang='lat' dir='ltr'><strong>hic</strong></span> <span class='ocrx_word' id='word_1_736' title='bbox 2703 5170 3027 5242; x_wconf 78' lang='lat' dir='ltr'><strong>exhibeant</strong></span> <span class='ocrx_word' id='word_1_737' title='bbox 3049 5169 3338 5242; x_wconf 76' lang='lat' dir='ltr'><strong>ejusmodi</strong></span> <span class='ocrx_word' id='word_1_738' title='bbox 3358 5171 3534 5227; x_wconf 90' lang='lat' dir='ltr'><strong>immo</strong></span> <span class='ocrx_word' id='word_1_739' title='bbox 3563 5187 3637 5226; x_wconf 87' lang='lat' dir='ltr'><strong>ne</strong></span> 
     </span>
    </p>
   </div>
   <div class='ocr_carea' id='block_1_100' title="bbox 160 5248 497 5317">
    <p class='ocr_par' dir='ltr' id='par_1_100' title="bbox 160 5248 497 5317">
     <span class='ocr_line' id='line_1_100' title="bbox 160 5248 497 5317; baseline -0.015 -16"><span class='ocrx_word' id='word_1_740' title='bbox 160 5248 497 5317; x_wconf 68' lang='lat' dir='ltr'><strong>vestigium</strong></span> 
     </span>
    </p>
   </div>
   <div class='ocr_carea' id='block_1_101' title="bbox 597 5236 3016 5318">
    <p class='ocr_par' dir='ltr' id='par_1_101' title="bbox 597 5236 3016 5318">
     <span class='ocr_line' id='line_1_101' title="bbox 597 5236 3016 5318; baseline 0 -23"><span class='ocrx_word' id='word_1_741' title='bbox 597 5240 789 5318; x_wconf 69' lang='lat' dir='ltr'><strong>(iidem</strong></span> <span class='ocrx_word' id='word_1_742' title='bbox 838 5238 1068 5318; x_wconf 64' lang='lat' dir='ltr'><strong>iacunaa</strong></span> <span class='ocrx_word' id='word_1_743' title='bbox 1096 5238 1158 5290; x_wconf 87' lang='lat' dir='ltr'><strong>in</strong></span> <span class='ocrx_word' id='word_1_744' title='bbox 1218 5236 1331 5318; x_wconf 61' lang='lat' dir='ltr'><strong>ulla</strong></span> <span class='ocrx_word' id='word_1_745' title='bbox 1354 5236 1659 5318; x_wconf 67' lang='lat' dir='ltr'><strong>appareat,</strong></span> <span class='ocrx_word' id='word_1_746' title='bbox 1696 5236 1787 5318; x_wconf 64' lang='lat' dir='ltr'><strong>hi1</strong></span> <span class='ocrx_word' id='word_1_747' title='bbox 1812 5240 2119 5294; x_wconf 81' lang='lat' dir='ltr'><strong>excidisse</strong></span> <span class='ocrx_word' id='word_1_748' title='bbox 2135 5236 2197 5293; x_wconf 69' lang='lat' dir='ltr'><strong>in</strong></span> <span class='ocrx_word' id='word_1_749' title='bbox 2236 5236 2299 5294; x_wconf 72' lang='grc' dir='ltr'><strong>Ιῖ</strong></span> <span class='ocrx_word' id='word_1_750' title='bbox 2327 5236 2835 5318; x_wconf 57' lang='lat' dir='ltr'><strong>(:rédimus,_Nam</strong></span> <span class='ocrx_word' id='word_1_751' title='bbox 2866 5240 3016 5312; x_wconf 85' lang='lat' dir='ltr'><strong>quod</strong></span> 
     </span>
    </p>
   </div>
   <div class='ocr_carea' id='block_1_102' title="bbox 3109 5240 3635 5297">
    <p class='ocr_par' dir='ltr' id='par_1_102' title="bbox 3109 5240 3635 5297">
     <span class='ocr_line' id='line_1_102' title="bbox 3109 5240 3635 5297; baseline 0.006 -3"><span class='ocrx_word' id='word_1_752' title='bbox 3109 5240 3415 5297; x_wconf 81' lang='lat' dir='ltr'><strong>oIvenerio</strong></span> <span class='ocrx_word' id='word_1_753' title='bbox 3434 5242 3635 5297; x_wconf 82' lang='lat' dir='ltr'><strong>folium</strong></span> 
     </span>
    </p>
   </div>
   <div class='ocr_carea' id='block_1_103' title="bbox 153 5259 3638 5389">
    <p class='ocr_par' dir='ltr' id='par_1_103' title="bbox 153 5259 3638 5389">
     <span class='ocr_line' id='line_1_103' title="bbox 160 5259 3635 5317; baseline -0.001 -15"><span class='ocrx_word' id='word_1_754' title='bbox 160 5259 497 5317; x_wconf 68' lang='lat' dir='ltr'><strong>vestigium</strong></span> <span class='ocrx_word' id='word_1_755' title='bbox 597 5259 789 5295; x_wconf 79' lang='lat' dir='ltr'><strong>amem</strong></span> <span class='ocrx_word' id='word_1_756' title='bbox 838 5259 1068 5291; x_wconf 75' lang='lat' dir='ltr'><strong>Iacuuw</strong></span> <span class='ocrx_word' id='word_1_757' title='bbox 1096 5259 1158 5290; x_wconf 80' lang='lat' dir='ltr'><strong>In</strong></span> <span class='ocrx_word' id='word_1_758' title='bbox 1218 5259 1331 5291; x_wconf 84' lang='lat' dir='ltr'><strong>UUU</strong></span> <span class='ocrx_word' id='word_1_759' title='bbox 1361 5259 1659 5308; x_wconf 69' lang='lat' dir='ltr'><strong>apparent,</strong></span> <span class='ocrx_word' id='word_1_760' title='bbox 1696 5259 1783 5292; x_wconf 81' lang='lat' dir='ltr'><strong><em>H11</em></strong></span> <span class='ocrx_word' id='word_1_761' title='bbox 1812 5259 2118 5294; x_wconf 70' lang='lat' dir='ltr'><strong>EXCIGISSE</strong></span> <span class='ocrx_word' id='word_1_762' title='bbox 2135 5259 2197 5293; x_wconf 83' lang='grc' dir='ltr'><em>ιη</em></span> <span class='ocrx_word' id='word_1_763' title='bbox 2236 5259 2289 5294; x_wconf 88' lang='grc'><strong>1.</strong></span> <span class='ocrx_word' id='word_1_764' title='bbox 2327 5259 2647 5296; x_wconf 79' lang='lat' dir='ltr'><strong>credimus.</strong></span> <span class='ocrx_word' id='word_1_765' title='bbox 2682 5259 2835 5295; x_wconf 69' lang='lat' dir='ltr'><strong>1V8”)</strong></span> <span class='ocrx_word' id='word_1_766' title='bbox 2866 5259 3012 5312; x_wconf 87' lang='lat' dir='ltr'><strong>quoa</strong></span> <span class='ocrx_word' id='word_1_767' title='bbox 3060 5259 3415 5297; x_wconf 64' lang='grc' dir='ltr'><strong>(λοιγθηθιοιο</strong></span> <span class='ocrx_word' id='word_1_768' title='bbox 3434 5259 3635 5297; x_wconf 83' lang='lat' dir='ltr'><strong>101mm</strong></span> 
     </span>
     <span class='ocr_line' id='line_1_104' title="bbox 153 5259 3638 5389; baseline -0.001 -15"><span class='ocrx_word' id='word_1_769' title='bbox 153 5322 456 5389; x_wconf 45' lang='lat' dir='ltr'><strong>excisuri;</strong></span> <span class='ocrx_word' id='word_1_770' title='bbox 471 5259 806 5380; x_wconf 70' lang='lat' dir='ltr'><strong>vidqebatur,</strong></span> <span class='ocrx_word' id='word_1_771' title='bbox 831 5308 1079 5389; x_wconf 66' lang='lat' dir='ltr'><strong>hopjam</strong></span> <span class='ocrx_word' id='word_1_772' title='bbox 1102 5307 1308 5389; x_wconf 58' lang='lat' dir='ltr'><strong>scriba</strong></span> <span class='ocrx_word' id='word_1_773' title='bbox 1340 5309 1469 5389; x_wconf 69' lang='lat' dir='ltr'><strong>ipse</strong></span> <span class='ocrx_word' id='word_1_774' title='bbox 1504 5308 1638 5389; x_wconf 77' lang='lat' dir='ltr'><strong>dele</strong></span> <span class='ocrx_word' id='word_1_775' title='bbox 1652 5311 2055 5389; x_wconf 45' lang='lat' dir='ltr'><strong>visse_potest,</strong></span> <span class='ocrx_word' id='word_1_776' title='bbox 2080 5318 2390 5384; x_wconf 81' lang='lat' dir='ltr'><strong>antequam</strong></span> <span class='ocrx_word' id='word_1_777' title='bbox 2413 5311 2860 5371; x_wconf 77' lang='lat' dir='ltr'><strong>conscriberet;</strong></span> <span class='ocrx_word' id='word_1_778' title='bbox 2886 5312 3036 5383; x_wconf 85' lang='lat' dir='ltr'><strong>quod</strong></span> <span class='ocrx_word' id='word_1_779' title='bbox 3055 5327 3215 5385; x_wconf 73' lang='lat' dir='ltr'><strong>saepe</strong></span> <span class='ocrx_word' id='word_1_780' title='bbox 3232 5311 3447 5369; x_wconf 80' lang='lat' dir='ltr'><strong>factum</strong></span> <span class='ocrx_word' id='word_1_781' title='bbox 3476 5313 3638 5370; x_wconf 80' lang='lat' dir='ltr'><strong>vide-</strong></span> 
     </span>
    </p>
   </div>
   <div class='ocr_carea' id='block_1_104' title="bbox 154 5376 2039 5452">
    <p class='ocr_par' dir='ltr' id='par_1_104' title="bbox 154 5376 2039 5452">
     <span class='ocr_line' id='line_1_105' title="bbox 154 5376 2039 5452; baseline -0.002 -15"><span class='ocrx_word' id='word_1_782' title='bbox 154 5408 287 5445; x_wconf 70' lang='lat' dir='ltr'><strong>mus</strong></span> <span class='ocrx_word' id='word_1_783' title='bbox 368 5384 456 5428; x_wconf 56' lang='grc' dir='ltr'><strong>Ξῖ</strong></span> <span class='ocrx_word' id='word_1_784' title='bbox 489 5398 735 5439; x_wconf 82' lang='lat' dir='ltr'><strong>numero</strong></span> <span class='ocrx_word' id='word_1_785' title='bbox 762 5376 1013 5452; x_wconf 72' lang='lat' dir='ltr'><strong>spatium</strong></span> <span class='ocrx_word' id='word_1_786' title='bbox 1044 5378 1321 5434; x_wconf 82' lang='lat' dir='ltr'><strong>relictum</strong></span> <span class='ocrx_word' id='word_1_787' title='bbox 1340 5376 1403 5433; x_wconf 76' lang='lat' dir='ltr'><strong>in</strong></span> <span class='ocrx_word' id='word_1_788' title='bbox 1426 5379 1595 5434; x_wconf 88' lang='lat' dir='ltr'><strong>codd.</strong></span> <span class='ocrx_word' id='word_1_789' title='bbox 1670 5376 1750 5422; x_wconf 50' lang='lat'><strong>958</strong></span> <span class='ocrx_word' id='word_1_790' title='bbox 1788 5376 1959 5436; x_wconf 79' lang='lat' dir='ltr'><strong>deest</strong></span> <span class='ocrx_word' id='word_1_791' title='bbox 1986 5380 2039 5435; x_wconf 85' lang='lat'><strong>3.</strong></span> 
     </span>
    </p>
   </div>
   <div class='ocr_carea' id='block_1_105' title="bbox 1773 5503 2050 5570">
    <p class='ocr_par' dir='ltr' id='par_1_105' title="bbox 1773 5503 2050 5570">
     <span class='ocr_line' id='line_1_106' title="bbox 1773 5503 2050 5570; baseline 0.011 -3"><span class='ocrx_word' id='word_1_792' title='bbox 1773 5503 2050 5570; x_wconf 74' lang='grc' dir='ltr'><strong>ΝΟΤᾸΞ.</strong></span> 
     </span>
    </p>
   </div>
   <div class='ocr_carea' id='block_1_106' title="bbox 222 5636 1050 5726">
    <p class='ocr_par' dir='ltr' id='par_1_106' title="bbox 222 5636 1050 5726">
     <span class='ocr_line' id='line_1_107' title="bbox 222 5636 1050 5726; baseline -0.022 -15"><span class='ocrx_word' id='word_1_793' title='bbox 222 5649 393 5726; x_wconf 60' lang='grc' dir='ltr'><strong>(πθ)</strong></span> <span class='ocrx_word' id='word_1_794' title='bbox 422 5640 849 5704; x_wconf 85' lang='lat' dir='ltr'><strong>Tornacensis.</strong></span> <span class='ocrx_word' id='word_1_795' title='bbox 890 5636 1050 5696; x_wconf 66' lang='lat' dir='ltr'><strong>Conv</strong></span> 
     </span>
    </p>
   </div>
  </div>
