4106 6184
1389 318 1662 381 GESTA
1703 314 2234 382 PONTIFICU‘M
2281 315 3030 381 CAMERACENSIUM
3793 313 3914 382 138

470 320 587 388 M7

471 528 603 583 dem
647 525 741 580 die
789 539 1045 580 ascenso
1072 539 1246 595 equo,
1278 538 1388 594 per
1439 525 1703 578 nostram
1757 521 2033 577 viciniam
2072 525 2132 578 in
2157 499 2228 563 ὦ
2251 521 2540 578 ritualiter
2555 527 2849 590 senserat,
2868 524 3071 594 procul
3088 523 3266 580 dubio
3285 525 3911 580 sanctmconsecratio-

469 616 670 671 multis
693 616 841 670 locis
866 614 1057 669 abdita
1080 616 1258 668 terra:
1277 616 1574 668 scrutatur
1607 631 1621 678 ;
1645 613 1997 683 tandemque
2012 614 2131 669 Deo

476 705 816 775 opitulante,
854 704 953 774 qui
994 718 1311 773 numquam
1341 702 1509 757 deest
1536 702 1918 772 sperantibus
1949 704 2008 757 in
2040 718 2127 773 se,

470 795 532 848 in
561 795 692 854 vico
711 808 883 863 quem
909 793 1053 846 dixit
1066 793 1380 862 antiquitas
1402 791 1638 846 Lesden
1660 790 1827 859 (377),
1845 791 2132 863 quiquar-

470 886 528 936 to
559 883 807 936 miliario
837 882 908 936 ab
940 882 1088 936 urbe
1120 881 1365 946 secedit,
1400 884 1600 949 aperta
1621 880 1986 950 terra,juxta
2026 895 2127 933 vo—

469 976 592 1026 tum
622 971 846 1040 lapides
879 971 1253 1025 columnares
1273 970 1515 1023 invenit.
1550 970 1674 1022 Nec
1707 969 1998 1024 solumibi
2022 969 2130 1022 sed

470 1061 643 1116 etiam
674 1061 940 1130 propius,
990 1060 1048 1112 in
1077 1060 1214 1113 villa
1261 1059 1534 1113 videlicet
1567 1058 1797 1130 Nigella
1839 1058 1986 1128 (378)
2037 1058 2128 1113 fo-

466 1150 660 1218 diens,
694 1149 849 1203 aliud
882 1164 1076 1220 genus
1108 1148 1399 1202 bonorum
1433 1147 1689 1217 lapidum
1724 1162 1791 1201 se
1823 1147 2128 1217 reperisse

466 1238 719 1293 laetatur.
746 1237 915 1292 Unde
948 1237 1069 1292 Deo
1093 1237 1316 1307 gratias
1337 1236 1614 1305 reddens,
1639 1239 1824 1290 totum
1841 1252 1908 1291 se
1931 1236 2126 1290 studio

465 1327 546 1397 pii
577 1327 798 1381 laboris
830 1326 1122 1391 accinxit;
1156 1340 1225 1380 ac
1256 1340 1329 1380 ne
1368 1325 1622 1395 amplius
1654 1325 1947 1395 demorer,
1982 1341 2126 1396 ope-

465 1420 631 1470 rante
652 1415 1294 1487 divinafmisericordia,
1328 1431 1478 1484 opus
1502 1415 1854 1470 immensum
1886 1418 2126 1484 septen-

464 1506 582 1573 nio,
603 1520 755 1559 anno
768 1504 1043 1558 videlicet
1057 1504 1379 1559 Dominicm
1393 1504 1814 1559 incarnationis
1831 1501 2124 1573 1030(379)

462 1593 716 1648 reddidit
730 1596 1218 1649 consummatum.
1235 1594 1384 1648 Exin
1396 1608 1560 1661 vero,
1581 1594 1735 1664 quod
1750 1608 2125 1663 consequens

464 1687 607 1752 erat,
630 1686 805 1753 prout
835 1683 1049 1751 decuit,
1073 1682 1157 1737 15.
1184 1683 1480 1738 Kalendas
1514 1683 1871 1737 Novembris
1903 1683 2125 1738 solem-

460 1773 613 1827 niter
641 1776 699 1827 et
725 1775 787 1827 ut
808 1773 886 1826 ita
917 1772 1107 1826 dicam
1138 1771 1273 1841 plus
1294 1788 1470 1843 quam
1500 1772 1845 1826 solemniter
1874 1772 2115 1827 dedica-

462 1861 563 1914 vit.
597 1861 742 1925 Quis
772 1861 929 1915 enim
949 1864 1125 1915 tantae
1148 1861 1355 1932 gloriae
1387 1877 1656 1931 pompam
1694 1863 1871 1933 digne
1902 1862 2124 1916 sufﬁcit

460 1965 773 2019 enarrare,
809 1953 909 2003 aut
939 1951 1075 2020 quis
1107 1950 1524 2005 dicacissimus
1546 1952 1871 2006 verborum
1903 1950 2123 2005 ambitu

2250 612 2343 665 nis
2361 612 2558 666 studio
2577 612 2830 666 credidit
2848 614 3278 669 incumbentes.
3303 614 3418 668 Sed
3438 614 3576 684 quid
3596 615 3667 670 de
3691 615 3909 669 nundi-

2246 701 2342 754 nis
2364 701 2707 756 solemniter
2737 703 3020 756 institutis
3042 703 3070 755 ‘?
3099 702 3238 772 quid
3265 704 3437 757 etiam
3460 705 3532 758 de
3553 706 3768 759 ceteris
3800 720 3907 759 so-

2247 790 2542 844 lemnibus
2573 792 2964 846 ornamentis?
2985 792 3150 856 Quod
3171 793 3444 846 nimirum
3469 792 3701 847 facilius
3724 793 3907 846 admi-

2246 879 2366 931 rari
2391 895 2712 949 possumus
2745 896 2918 950 quam
2952 880 3200 934 referre.
3225 881 3584 935 Consecrato
3609 897 3751 953 ergo
3774 897 3906 935 mo-

2245 969 2524 1036 nasterio,
2556 970 2735 1023 multa
2764 972 3104 1024 ornamenta
3126 970 3392 1023 adhibuit
3409 968 3509 1039 il59;
3541 986 3778 1024 auream
3812 976 3904 1025 ta-

2242 1055 2442 1110 bulam
2454 1058 2769 1127 ampliavit,
2791 1059 3058 1129 utrisque
3075 1051 3359 1113 lateribus
3374 1064 3687 1130 argenteas
3699 1060 3908 1114 subro-

2244 1161 2419 1216 gans;
2462 1161 2674 1201 cruces
2726 1163 2943 1202 aureas
2987 1164 3120 1202 cum
3175 1149 3524 1203 ventilabris
3555 1148 3700 1218 (381)
3733 1164 3907 1219 mque

2245 1235 2442 1290 aureis
2462 1237 2803 1305 renovavit;
2837 1236 3079 1291 calicem
3110 1253 3372 1306 aureum,
3390 1237 3561 1307 pallia
3584 1253 3817 1308 quoque
3850 1241 3910 1292 et

2244 1325 2483 1379 casulas
2497 1326 2736 1395 addidit,
2760 1329 2816 1380 et
2834 1326 2893 1379 in
2908 1327 3041 1380 aliis
3055 1327 3394 1397 quibusque
3416 1326 3774 1381 utensilibus
3792 1342 3908 1381 cu-

2245 1430 2369 1468 ram
2388 1415 2679 1485 apposuit.
2697 1414 2783 1468 Ad
2800 1415 3085 1470 luminare
3100 1416 3536 1485 procurandum
3558 1430 3626 1469 eo
3648 1415 3780 1484 loci,
3801 1415 3909 1469 ubi

2245 1505 2435 1557 sancti
2452 1504 2742 1558 Johannis
2757 1505 3341 1572 constatoratorium,
3369 1505 3520 1559 duos
3542 1520 3807 1573 mensus,
3845 1505 3911 1559 in

2243 1592 2537 1647 Andrelec
2568 1591 2716 1662 (382)
2748 1593 3080 1663 deputavit;
3105 1597 3311 1648 etcum
3328 1609 3580 1648 necesse
3602 1593 3790 1664 fuerit,
3813 1595 3906 1647 in-

2245 1682 2505 1735 servient
2522 1682 2901 1736 resarciendo
2924 1684 3091 1752 operi
3112 1681 3384 1752 ejusdem
3404 1683 3662 1737 oratorii.
3686 1683 3910 1737 Praate-

2242 1786 2341 1825 rea
2359 1772 2415 1823 in
2427 1767 2507 1812 960
2521 1770 2752 1824 Wileve
2773 1768 2921 1839 (383)
2944 1772 3229 1840 praedium
3245 1771 3507 1825 Fulberti
3522 1771 3780 1840 episcopi
3802 1770 3906 1825 his

2243 1859 2664 1914 adnumeravit.
2684 1860 3121 1914 Bestaurationi
3135 1860 3274 1913 novi
3287 1861 3485 1929 operis
3501 1864 3634 1914 octo
3653 1876 3907 1914 mensus

2242 1949 2299 2002 in
2315 1948 2658 2019 Letfringen
2685 1948 2832 2018 (384)
2847 1964 2980 2003 cum
3002 1948 3275 2003 aecclesia
3298 1965 3404 2002 sua
3426 1949 3741 2020 delegavit.
3772 1949 3907 2004 Me-

459 2042 676 2093 tantam
704 2038 1047 2109 dignitatem
1094 2039 1307 2108 poterit
1336 2039 1615 2094 cohibere
1653 2041 1682 2093 ?
1710 2041 1812 2095 ubi
1850 2040 2124 2094 videlicet
2156 2041 2206 2102 Β
2241 2038 2511 2092 dietatem
2552 2038 2623 2092 de
2663 2038 2800 2091 villa
2852 2037 3114 2092 Ireneias
3162 2036 3311 2107 (385)
3342 2053 3474 2092 cum
3506 2038 3780 2092 aecclesia
3824 2038 3906 2093 ad

460 2130 796 2181 sanctorum
828 2143 1076 2197 corpora
1105 2131 1326 2182 nostrai
1367 2128 1682 2184 dioceseos
1715 2145 1848 2184 cum
1870 2129 2042 2198 plebe
2066 2132 2123 2184 et

461 2216 619 2270 clero
649 2216 708 2270 in
731 2233 911 2271 unum
925 2220 1305 2288 congregata,
1326 2217 1427 2271 ubi
1447 2218 1663 2273 choros
1679 2221 1796 2272 tam
1816 2218 2124 2272 monacho-

457 2320 588 2360 rum
618 2320 792 2375 quam
824 2309 880 2359 et
924 2307 1343 2361 canonicorum
1376 2308 1713 2361 catervatim
1746 2309 2118 2377 commixtos,

366 2446 375 2449 -
460 2394 559 2448 ubi
599 2395 774 2448 etiam
813 2410 930 2448 non
977 2397 1199 2449 tantum
1246 2396 1455 2450 urbem
1495 2397 1764 2465 interius,
1802 2412 2011 2450 verum
2061 2400 2117 2451 et

458 2499 701 2553 campos
718 2484 979 2538 exterius
990 2484 1219 2552 passim
1231 2485 1544 2556 utriusque
1557 2501 1741 2541 sexus
1754 2486 2122 2540 multitudine

459 2576 771 2642 pernatare
798 2571 1056 2626 videres.
1080 2571 1382 2637 Quomodo
1402 2577 1594 2628 autem
1626 2577 1967 2629 sanctorum
1989 2591 2106 2628 cor-

465 2675 608 2730 pora
651 2661 807 2714 circa
854 2661 1038 2714 altare
1083 2662 1336 2717 domnus
1385 2663 1704 2734 episcopus
1765 2665 2119 2732 ordinasset,

465 2764 714 2803 summae
744 2749 978 2819 pietatis
1002 2754 1101 2811 est
1146 2767 1478 2806 memorare
1508 2768 1578 2806 ac
1607 2754 1723 2822 piis
1751 2754 2122 2808 auditoribus

462 2838 735 2893 salutare.
758 2838 891 2907 Ipse
910 2855 1162 2908 namque
1194 2841 1528 2910 pariterque
1552 2843 1739 2896 obbas
1761 2843 2118 2912 Richardus,

461 2927 634 2981 ambo
659 2927 933 2981 videlicet
965 2930 1310 2982 secmentati
1331 2927 1498 2999 (380),
1530 2931 1938 2985 beatissimum
1971 2932 2120 2987 Gau-

462 3015 749 3087 gericum,
784 3018 982 3085 utpote
1015 3018 1348 3085 pontificem
1370 3033 1663 3073 summum
1688 3023 1743 3074 et
1764 3024 1985 3076 sancta;
2015 3021 2121 3075 de-

462 3104 773 3159 dicationis
792 3106 1141 3176 magistrum
1157 3106 1522 3176 precipuum,
1544 3123 1677 3162 cum
1700 3125 1929 3164 summa
1943 3110 2120 3165 devo-

461 3193 619 3248 tione
660 3195 955 3263 tollentes,
1003 3194 1278 3250 laudibus
1311 3197 1657 3268 decantatis,
1694 3199 1854 3253 clero
1885 3200 2119 3269 quidem

457 3297 528 3336 ac
558 3283 774 3353 populo
805 3299 929 3353 prae
960 3284 1175 3354 gaudio
1207 3284 1345 3339 dum
1376 3286 1505 3340 haec
1537 3290 1872 3357 spectarent
1901 3287 2121 3342 illacri-

458 3372 779 3440 mantibus,
812 3372 871 3424 in
903 3371 1178 3426 cathedra
1209 3374 1546 3445 pontiﬁcali,
1568 3376 1722 3429 sicut
1752 3381 1885 3430 ante
1906 3377 2115 3448 fuerat,

461 3459 845 3514 collocarunt.
897 3460 1073 3513 Juxta
1103 3476 1276 3530 quem
1307 3463 1563 3517 medium
1594 3466 1834 3519 sanctos
1884 3481 2118 3535 quoque

2236 2142 2386 2181 usus
2417 2142 2738 2196 pauperum
2778 2126 2955 2180 dedit.
2991 2127 3079 2180 Ad
3121 2127 3479 2196 prehendam
3511 2127 3754 2182 fratrum
3778 2143 3906 2181 aec-

2239 2215 2483 2268 clesiam
2500 2215 2558 2268 in
2572 2215 2707 2268 villa
2722 2215 2994 2283 Maionis,
3016 2232 3149 2286 qua:
3172 2215 3470 2270 Fontanas
3501 2216 3902 2287 dicitur(386),

2237 2307 2293 2357 et
2315 2304 2567 2358 alodium
2591 2303 2900 2358 Gertrudis
2923 2304 3162 2358 addidit.
3196 2304 3406 2358 Villam
3436 2306 3691 2359 Pescant
3721 2305 3792 2360 de
3803 2321 3907 2375 pa-

2238 2397 2470 2447 rentum
2487 2392 2808 2447 hereditate
2850 2408 2981 2448 cum
3004 2393 3222 2448 familia
3257 2395 3567 2465 utriusque
3602 2409 3786 2448 sexus
3802 2395 3911 2448 sti-

2236 2483 2469 2552 pendiis
2518 2483 2862 2536 eorumdem
2895 2482 3262 2536 contradidit.
3318 2481 3508 2553 cuius
3539 2498 3784 2537 censum
3816 2483 3904 2539 ita

2237 2572 2554 2641 bipertivit,
2588 2574 2648 2625 ut
2678 2571 2739 2625 in
2769 2570 3137 2626 dedicatione
3172 2572 3466 2626 aecclesiae
3523 2572 3901 2627 medietatem

2237 2660 2373 2731 ejus
2401 2660 2785 2728 insumerent,
2847 2660 3250 2731 reliquamque
3289 2661 3348 2714 in
3385 2660 3481 2715 die
3512 2661 3906 2715 ordinationis

2238 2765 2386 2819 suae,
2420 2749 2612 2820 quoad
2631 2750 2877 2819 viveret,
2912 2750 3299 2819 perciperent,
3325 2764 3514 2820 eoque
3536 2750 3737 2804 seculo
3759 2750 3907 2804 sub-

2236 2842 2445 2905 tracto,
2492 2838 2814 2908 predictam
2833 2824 3231 2893 ordinationis
3263 2839 3416 2893 diem
3455 2839 3515 2892 in
3545 2839 3904 2893 anniversa-

2237 2929 2385 2981 riam
2415 2929 2701 2982 transitus
2733 2928 2827 2982 sui
2851 2930 3296 2982 commutarent.
3332 2927 3625 2981 Praedium
3659 2928 3905 2982 Rolainn

2237 3020 2366 3072 curt
2383 3016 2551 3087 (387),
2576 3016 2730 3087 quod
2754 3033 2787 3070 a
2812 3016 3141 3087 Ragnelino
3171 3017 3417 3085 accepit,
3449 3017 3754 3085 episcopio
3785 3017 3901 3069 ad-

2224 3106 2455 3177 junxit;
2483 3106 2768 3176 .itemquc
2783 3103 2862 3147 261
2893 3105 3049 3159 aliud
3080 3105 3139 3159 in
3184 3105 3484 3176 Bragbant
3511 3105 3583 3159 ad
3610 3103 3904 3176 [Hadonis

2236 3210 2494 3250 crucem.
2519 3195 2793 3259 Quartam
2816 3208 3048 3265 quoque
3070 3196 3293 3264 partem
3319 3194 3707 3248 Perronensis
3739 3194 3901 3263 ﬁsci,

2234 3299 2410 3354 quam
2449 3301 2478 3337 a
2520 3287 2797 3354 quattuor
2835 3282 3113 3355 ingenuis
3162 3282 3503 3337 hominibus
3550 3281 3898 3353 adquisivit,

2236 3374 2519 3429 Rotberto
2553 3372 2783 3426 scilicet
2812 3373 2987 3442 atque
3020 3371 3311 3441 Hubaldo,
3346 3371 3638 3440 Athelino,
3672 3369 3903 3439 Suevo,

2236 3479 2457 3517 mensae
2471 3460 2821 3531 episcopiad
2839 3460 3157 3515 Castellum
3175 3462 3398 3515 sancta;
3430 3460 3650 3529 Maria,
3666 3460 3760 3513 cui
3773 3459 3904 3513 cir-

450 3547 1611 3623 KpontiﬁcesAutbertum,Vindentianum
1644 3552 1981 3623 Hadulfum,
2017 3555 2118 3624 qui
2151 3580 2203 3643 Ο
2235 3551 2547 3622 cumjacet,
2565 3549 2898 3604 destinavit.
2925 3548 3123 3603 Sancti
3142 3549 3391 3603 Andreae
3406 3549 3722 3603 oratorium
3745 3547 3905 3603 inibi

458 3638 516 3688 et
577 3635 694 3704 ipsi
742 3635 1016 3706 ejusdem
1058 3637 1263 3691 altaris
1300 3640 1689 3694 comministri
1721 3641 1969 3711 fuerant,
2029 3643 2118 3696 al-

452 3723 753 3779 trinsecus
802 3726 1178 3793 statuerunt,
1258 3726 1611 3797 interposito
1682 3729 1855 3784 etiam
1904 3731 2117 3787 baculo

458 3812 647 3867 sancti
670 3812 912 3866 Vedasti
929 3828 1063 3866 cum
1080 3814 1348 3884 reliquiis
1370 3816 1520 3870 suis.
1555 3817 1777 3873 Deinde
1810 3835 1948 3874 vero
1972 3824 2120 3875 cete-

456 3917 580 3971 ros,
601 3901 659 3954 id
677 3907 770 3956 est
785 3904 1061 3956 martires
1086 3918 1193 3956 con
1205 3902 1474 3958 fessores
1507 3921 1574 3959 ac
1596 3906 1885 3978 virgines,
1910 3925 2117 3963 unum-

456 3989 934 4060 quemquejuxta
957 3991 1221 4045 ordinem
1246 4008 1441 4065 suum,
1467 3995 1528 4047 in
1546 3995 1794 4050 circuitu
1814 4001 1989 4066 prout
2009 3999 2115 4052 de-

455 4079 623 4133 cebat
645 4079 976 4148 conposuit.
1003 4079 1186 4135 Porro
1208 4081 1297 4135 sic
1331 4084 1674 4154 conpositos
1692 4086 1968 4156 quisquis
1988 4088 2114 4158 spi-

2232 3657 2265 3694 a
2297 3640 2675 3694 fundamento
2725 3639 3055 3692 construxit
3083 3636 3252 3706 (388),
3283 3638 3633 3708 tertiamque
3665 3641 3903 3707 partem

2233 3733 2459 3800 quartae
2490 3728 2674 3799 partis
2695 3728 3015 3797 supradicti
3036 3727 3421 3780 iiscicontulit
3444 3727 3907 3798 congregationi

2233 3818 2678 3887 monachorum,
2700 3831 2875 3887 quam
2905 3817 2999 3885 pia
3023 3816 3415 3870 sollicitudine
3441 3815 3585 3870 fovit
3611 3816 3902 3885 quamdiu

2232 3908 2398 3962 vixit.
2424 3908 2699 3961 Alodium
2717 3905 3066 3960 Theoderici
3101 3906 3336 3973 montis,
3359 3904 3515 3974 quod
3540 3905 3905 3959 Hervardus

2233 3998 2403 4053 miles
2444 3999 2500 4051 et
2528 3995 2707 4050 Fulco
2741 4010 2926 4065 nepos
2975 3994 3109 4065 ejus
3158 3994 3586 4063 hereditabant,
3619 3995 3708 4048 eis
3740 3991 3904 4063 (389)

2228 4102 2469 4142 manere
2514 4086 2719 4154 voluit,
2771 4088 2828 4138 et
2857 4084 3165 4137 Watincas
3220 4082 3388 4153 (390),
3439 4098 3614 4153 quam
3658 4082 3731 4137 de
3778 4098 3903 4137 suo

521 4245 683 4328 259nm
712 4247 823 4303 bac
858 4263 996 4328 voca
1026 4247 1075 4302 1.
1110 4249 1455 4328 D_es_i_n_eba_t_
1473 4256 1733 4325 tempore
1759 4254 2118 4328 Colveuerii,
2139 4266 2200 4314 ut
2220 4260 2348 4328 ipse
2376 4257 2567 4321 dicit,.
2602 4253 2803 4328 ultimo
2820 4252 3205 4328 quaternione
3233 4249 3712 4328 deperditg.__0ui
3743 4267 3903 4323 qua-

455 4320 931 4395 ternioegeuute
970 4320 1188 4395 swculo
1206 4321 1324 4395 XII
1353 4323 1541 4395 adhuc
1584 4320 1800 4381 extans
1840 4358 1911 4366 —
1958 4320 2279 4385 tunc'em‘fn
2307 4329 2358 4382 2.
2383 4328 2459 4380 7..
2495 4320 2622 4380 eum
2654 4320 3106 4395 descripserunt
3131 4320 3344 4395 ——jain
3384 4339 3440 4395 ε.Δ
3467 4321 3556 4395 XI
3570 4320 3629 4395 ν.
3664 4320 3903 4395 deper-

454 4391 618 4465 ditus
644 4390 779 4460 fuit;
802 4391 869 4465 3.Δ
890 4392 1046 4465 enim
1077 4408 1190 4446 non
1211 4392 1351 4465 jam”
1369 4394 1596 4464 habuit,
1629 4397 1739 4451 sed
1757 4398 1820 4451 in
1849 4414 1987 4453 voce
2007 4401 2276 4455 adhibuit
2307 4399 2612 4465 desinens,
2648 4390 3101 4450 eodem-calamo
3129 4390 3328 4448 statim
3346 4390 3914 4465 subjungitlgrevis-

452 4463 660 4542 simam
711 4460 1277 4542 coutinuationem'_:
1330 4464 1474 4542 Post
1500 4460 1677 4542 istum
1704 4493 1776 4542 :-
1820 4467 2054 4542 Savjne,
2093 4488 2259 4542 quam
2291 4468 2453 4522 infra
2485 4460 3203 4542 subjiciemus._Etiam_4.
3228 4466 3281 4518 5.
3316 4465 3378 4517 in
3394 4460 3581 4542 jece
3622 4463 3910 4542 adhibuit

452 4533 752 4605 desinunt,
788 4532 850 4585 in
880 4533 1073 4605 media
1099 4535 1353 4605 pagina;
1384 4536 1474 4589 nil
1492 4537 1564 4592 de

452 4554 752 4600 aesmum,
788 4554 850 4585 III
880 4554 1073 4587 meum
1099 4554 1353 4605 pagina;
1384 4554 1471 4589 nu
1492 4554 1564 4592 ae
1607 4554 1883 4593 eranum.
1910 4554 1991 4594 b‘e

449 4601 526 4657 2‘.
562 4618 728 4675 quem
757 4619 867 4658 nos
892 4603 1223 4659 habuimus.
1247 4604 1329 4646 960
1357 4606 1527 4660 deest
1558 4554 1632 4662 .
1663 4605 1740 4650 261
1772 4610 1913 4665 Item
1943 4610 1995 4665 2.

523 4752 671 4821 (377)
704 4754 979 4808 Lesdain.
1024 4753 1201 4809 COLV.

450 4822 670 4948 C'(328)
720 4825 1023 4896 Noyelles,
1092 4826 1151 4879 in
1220 4826 1463 4881 sinistra
1532 4829 1659 4899 ripa
1713 4829 1967 4887 Scaldis.
2027 4833 2113 4887 LE

502 4911 574 4948 LA
614 4936 627 4948 .

522 4962 677 5033 (379)
726 4967 796 5020 A.
837 4964 989 5035 1027,
1041 4983 1123 5020 xv
1181 4966 1289 5021 Kal
1320 4968 1471 5023 Nov.
1525 4976 1935 5027 consecratum
1984 4974 2121 5029 dicit

449 5035 743 5114 Chronica
777 5037 843 5114 S.
870 5038 1126 5114 Andreae
1181 5038 1424 5114 Castelli
1454 5039 1846 5098 Cameracesii
1880 5045 2013 5114 1,21,
2047 5060 2120 5099 ex

449 5106 760 5230 ancilibus
791 5106 1061 5177 ejusdem
1104 5112 1464 5183 monasterii,
1500 5117 1561 5167 ut
1588 5114 1840 5185 videtur,
1874 5106 2114 5171 h'oc'de-

449 5192 566 5230 seri
614 5192 746 5231 ens.

447 5192 807 5373 Ξίξέἷὲδῖῗθ.
852 5251 1124 5306 vestibus
1158 5253 1567 5325 segmentatis,
1616 5271 1726 5311 acu
1784 5257 1978 5327 pictis,
2013 5257 2104 5311 in-

517 5389 667 5457 (281)
699 5390 967 5446 Vexillis.

697 5461 1077 5556 gpdegl‘echt,
1118 5479 1304 5535 prope
1333 5466 1665 5525 Bruxellas.
1856 5549 1863 5556 ὓ

696 5533 982 5683 ἓὲιτῖθζίέθ
1012 5605 1434 5683 Ledringhem,
1471 5610 1710 5668 arrond.
1742 5609 1814 5667 de
1836 5610 2108 5669 Dunker-

449 5688 583 5751 que.
609 5674 695 5734 Ls
724 5675 903 5736 ϐων.

1607 4539 1883 4611 erditum.
1910 4534 2232 4611 sequentia
2261 4541 2453 4611 igitur
2483 4534 2603 4592 non'
2627 4538 2834 4592 damus
2857 4536 2975 4590 nisi
2998 4551 3075 4590 ex
3103 4538 3154 4589 2.
3192 4551 3357 4607 quem
3383 4534 3795 4605 Calvenerius,
3831 4542 3909 4589 et

2030 4681 2306 4744 NOTAE.

2294 4758 2442 4831 (385)
2457 4759 2741 4815 Fortasse
2774 4758 3047 4829 Ivergny,
3069 4757 3583 4812 arrondissement
3601 4756 3670 4811 de
3684 4756 3904 4812 Saint-

2219 4832 2349 4886 Pol.
2377 4832 2442 4885 L.

2294 4902 2440 4971 (386)
2505 4900 2786 4955 Fontaine
2853 4901 2927 4954 N.
3006 4900 3107 4968 D.,
3168 4901 3262 4955 vel
3318 4898 3898 4971 Fontaine-aufljire,

2229 4969 2325 5028 vel
2393 4971 3096 5098 Eontaine-en-Beauvois
3130 5013 3145 5043 ,
3216 4973 3307 5026 vel
3364 4969 3906 5025 Fontaine-I’Evé-

2229 5061 2362 5098 aue.
2451 5085 2463 5098 .

2272 5061 2362 5100 ue.
2399 5061 2463 5098 [Α.

2228 5062 2888 5187 qu(83.87)?aillencourt,
2922 5131 3037 5170 arr.
3071 5115 3336 5187 d’Arras,
3369 5116 3468 5168 aut
3497 5112 3905 5187 lelecourt,

2216 5204 2333 5241 arr.
2354 5188 2425 5240 de
2457 5185 2777 5240 Saint-Pol.
2803 5187 2869 5240 L.

2286 5256 2434 5328 (388)
2466 5258 2533 5310 10
2590 5256 2718 5328 Kal.
2751 5256 2875 5312 Oct.
2910 5256 3048 5312 1025
3089 5256 3420 5312 dedicatum
3474 5255 3614 5328 dicit
3657 5254 3902 5314 Chron.

2217 5329 2277 5383 S.
2300 5326 2557 5382 ‘Andreaa
2575 5326 2812 5382 Castelli
2845 5328 3237 5384 Cameracesii
3267 5345 3326 5397 ιι,
3352 5328 3437 5381 19.
3462 5327 3553 5380 Ad
3571 5331 3912 5398 sequentia

2215 5400 2292 5454 cf.
2326 5399 2660 5472 diplomata
2696 5398 2943 5472 Gerardi
2998 5403 3171 5472 atque
3200 5398 3555 5471 Conradifll,
3582 5399 3733 5470 apud
3770 5400 3913 5455 Mi—

2217 5487 2404 5525 rmum
2436 5469 2580 5540 Opp.
2607 5469 2745 5538 dipl.
2768 5471 2810 5524 Ι.
2834 5472 2923 5525 55.

2280 5540 2432 5610 (889)
2465 5539 2560 5594 SC.
2587 5541 2915 5597 monachis.

2291 5611 2440 5684 (390)
2474 5611 2857 5685 Wattignies,
2881 5630 3000 5671 arr.
3031 5614 3347 5671 d’Avesne.
3381 5613 3448 5671 L.
