4098 6196
164 325 281 386 169

1606 317 1862 380 LIBER
1930 320 2296 385 TERTIUS

3499 329 3612 394 170

160 526 298 596 jure
314 524 665 578 Hervardns
686 522 1006 594 jamdictus
1020 521 1389 591 possederat,
1408 520 1750 590 etquicquid
1775 520 1834 575 in
1859 499 1924 564 Α
1952 520 2147 589 palatii
2177 519 2300 590 ivit,
2326 535 2510 591 seque
2544 521 2824 575 deditioni
2857 523 3020 594 regis
3038 524 3229 580 libens
3252 525 3460 584 obtulit
3489 531 3608 600 (an.

165 615 398 667 Briasto
430 610 578 682 (391)
610 612 934 665 Fulcuinus
965 615 1137 681 atque
1172 611 1394 664 Resino
1425 609 1645 662 habere
1675 610 1836 663 vide-

165 704 405 770 bantur;
459 704 773 771 villamque
825 703 1071 770 insuper
1111 716 1243 769 quae
1284 699 1572 752 Fontanas
1602 699 1834 767 dicitur;

165 793 220 844 et
251 791 312 842 in
359 791 608 843 Petrosa
641 790 870 843 tertiam
905 793 1129 857 partem
1162 803 1292 841 cum
1326 787 1635 855 aecclesia;
1681 802 1838 856 prae-

165 879 449 948 diumquc
482 879 537 930 in
573 878 811 932 Solman
834 895 866 929 a
895 875 1110 946 Fagala
1132 879 1457 945 acceptum,
1483 875 1757 944 aliudque
1781 876 1839 926 in

163 967 526 1019 Bermerenc
558 965 705 1035 (392)
735 981 765 1018 a
799 964 1106 1019 Gonthone
1123 964 1326 1033 milite;
1352 965 1606 1033 itemque
1622 963 1680 1015 in
1701 963 1838 1016 villa

161 1071 342 1124 quam
360 1055 632 1108 Mansum
651 1054 839 1108 sancti
865 1054 1117 1106 Andreae
1150 1054 1452 1106 nominare
1485 1052 1684 1116 voluit,
1721 1066 1838 1104 me-

161 1144 464 1209 dietatem;
486 1145 939 1213 aecclesiamque
962 1143 1031 1196 de
1052 1141 1356 1195 Ferrerias
1387 1139 1534 1210 (393)
1568 1155 1839 1194 concam-

160 1231 381 1284 biatam
420 1230 558 1276 ἰδὲ-5
597 1248 627 1284 a
672 1232 954 1285 fratribus
1005 1234 1226 1284 sanctae
1286 1230 1508 1298 Mariae;
1550 1229 1839 1299 aliamque

164 1320 357 1372 sancti
389 1320 666 1390 Benigni;
690 1325 746 1374 et
768 1321 839 1373 de
869 1319 1001 1386 Ors,
1035 1323 1090 1372 et
1121 1320 1192 1372 de
1211 1319 1548 1372 Wasvilare
1581 1316 1751 1386 (394);
1783 1319 1840 1370 et

161 1409 230 1461 de
263 1408 561 1472 Viseto,et
583 1408 735 1478 apud
758 1408 1056 1478 Bragbant
1077 1407 1333 1461 alodium
1363 1405 1658 1477 quoddam
1689 1404 1838 1458 Ham

163 1513 297 1550 cum
331 1497 635 1566 (ecclesia;
667 1497 998 1550 mcclesiam
1033 1495 1102 1549 de
1123 1495 1363 1549 Liniaco
1387 1492 1555 1564 (395);
1591 1493 1662 1547 de
1694 1493 1838 1548 Fur-

163 1587 256 1638 nis
289 1583 373 1625 9'35
423 1586 623 1654 aliam;
680 1585 739 1638 in
783 1584 1096 1639 Cameraco
1146 1584 1316 1637 aliam
1370 1583 1558 1637 sancti
1605 1581 1836 1635 Martini

161 1690 294 1726 cum
354 1673 558 1743 furno;
600 1674 967 1727 medietatem
1006 1673 1219 1727 telonei
1268 1673 1404 1726 novi
1465 1672 1644 1726 castri
1702 1686 1836 1724 cum

158 1763 454 1816 ambabus
489 1763 785 1816 aacclesiis
825 1767 881 1816 et
912 1761 1246 1815 molendino
1276 1777 1415 1814 uno.

1951 609 2107 676 1025,
2162 609 2384 678 Decb.)
2420 610 2719 664 Processu
2750 611 3031 679 temporis
3072 613 3416 686 Balduinus,
3451 619 3608 676 ﬁlius

1946 697 2236 763 Balduini,
2273 699 2516 768 cupiens
2549 715 2615 752 se
2639 714 2877 769 aequare
2902 700 3068 769 patri,
3095 701 3167 754 ab
3201 717 3272 756 eo
3295 703 3612 762 dissidium

1946 785 2104 854 fecit;
2136 787 2459 856 adiensque
2490 787 2924 856 imperatorem,
2958 803 3064 857 per
3094 805 3226 843 eum
3260 806 3325 845 se
3349 797 3611 862 speravit

1944 890 2124 942 posse
2174 876 2456 944 consequi
2488 891 2518 928 a
2549 876 2763 929 domno
2792 877 3095 946 episcopo,
3139 881 3201 932 ut
3238 880 3353 933 sibi
3382 897 3606 952 propu-

1944 963 2194 1033 gnacula
2225 963 2428 1017 liceret
2470 967 2817 1019 construere
2850 966 2909 1019 in
2937 966 3278 1038 Cameraco,
3309 970 3607 1027 adversus

1943 1055 2164 1120 patrem
2196 1051 2571 1106 rebellaturo.
2614 1051 2738 1117 Qua
2772 1069 2879 1122 spe
2927 1055 3193 1124 privatus
3230 1059 3340 1128 est,
3376 1063 3602 1116 contra-

1943 1139 2172 1193 dicente
2205 1139 2484 1210 episcopo
2512 1137 2611 1194 270.
2692 1181 2705 1195 .
2787 1183 2800 1196 .
2883 1184 2896 1195 .
2980 1184 2990 1196 .
3074 1185 3086 1198 .

2013 1227 2102 1281 51.
2137 1227 2426 1282 Triburiae
2451 1244 2630 1284 secus
2661 1229 3020 1301 Maguntiam
3047 1232 3367 1302 imperator
3395 1235 3610 1292 Conra-

1943 1314 2056 1370 dus
2102 1316 2172 1369 de
2205 1316 2460 1370 diversis
2491 1318 2758 1385 partibus
2790 1319 3106 1390 episcopos
3139 1325 3505 1395 convocavit,
3547 1330 3610 1382 ut

1944 1420 2076 1475 quae
2108 1405 2372 1458 utilitatis
2405 1408 2462 1459 et
2491 1405 2799 1477 religionis
2822 1411 2980 1478 sunt,
3013 1409 3086 1462 ad
3113 1409 3366 1466 invicem
3388 1413 3612 1468 confer-

1943 1496 2075 1547 rent
2126 1494 2241 1562 (an.
2292 1492 2448 1562 1036,
2499 1494 2690 1563 Mai.).
2741 1494 2851 1558 Qui
2897 1499 3030 1565 post
3076 1497 3270 1568 aliqua
3317 1499 3608 1556 dictorum

1947 1597 2191 1635 suorum
2214 1581 2326 1634 hoc
2340 1581 2674 1636 habuerunt
2691 1584 3026 1654 capitulum,
3053 1589 3114 1638 ut
3135 1586 3187 1640 si
3207 1589 3604 1662 quandojeju-

1943 1670 2106 1724 nium
2150 1668 2321 1738 primi
2356 1670 2580 1724 mensis
2611 1670 2669 1723 in
2702 1686 2770 1724 ea
2800 1671 3186 1744 hebdomada,
3230 1691 3344 1745 qua
3377 1680 3606 1732 constat

1947 1757 2355 1828 caputjejunii
2386 1756 2554 1827 (398),
2589 1759 2742 1813 sicut
2771 1759 2940 1828 solet,
2976 1762 3258 1833 evineret,
3292 1766 3601 1822 amborum

224 1851 319 1903 50.
371 1851 602 1905 Diebus
633 1850 901 1919 posthaec
934 1850 1154 1904 abiisse
1182 1847 1260 1890 26⁷
1292 1849 1465 1918 datis,
1501 1865 1637 1902 sors
1677 1848 1836 1902 dedit
1864 1837 1916 1898 Β
1935 1846 2302 1917 jejuniorum
2333 1846 2646 1900 celebritas
2679 1863 2792 1901 una
2813 1847 2993 1902 ofﬁcii
3016 1851 3346 1920 expletione
3368 1855 3605 1923 conple-

158 1939 364 1992 ultima
399 1938 728 1992 Henricum
750 1954 954 2009 regem
986 1939 1137 1992 divae
1161 1938 1461 1992 memoriae
1493 1937 1646 1990 diem
1671 1936 1835 1991 obire

155 2030 270 2094 (an.
309 2027 474 2097 1024,
509 2027 625 2082 Jul.
659 2027 769 2088 l3).
802 2027 990 2098 Cujus
1025 2043 1057 2080 a
1087 2028 1204 2081 vita
1235 2041 1518 2080 recessus
1553 2029 1835 2096 quantum

156 2114 555 2169 desolationis
589 2115 765 2169 fuerit
795 2115 1153 2182 hominibus,
1187 2131 1292 2183 pro
1315 2115 1488 2168 nobis
1520 2114 1730 2168 melius
1763 2114 1846 2167 lo-

156 2206 374 2272 quatur
401 2204 667 2257 mundus
699 2205 759 2256 in
789 2205 918 2257 suis
952 2203 1400 2257 calamitatibus.
1433 2202 1692 2256 Tandem
1715 2203 1834 2255 col-

153 2293 288 2345 lecti
320 2292 631 2361 principes
663 2291 963 2345 Saxonum
984 2291 1136 2361 apud
1159 2291 1538 2361 Maguntiam,
1563 2290 1829 2359 prefece-

157 2385 290 2434 runt
330 2382 454 2435 sibi
499 2383 562 2435 in
608 2396 808 2451 regem
839 2380 1172 2434 Conradum
1200 2381 1316 2448 (an.
1352 2378 1511 2448 1024,
1557 2380 1721 2451 Sept.
1755 2380 1831 2448 8).

155 2469 420 2532 Quorum
453 2469 808 2523 ordinationi
831 2469 954 2522 dux
981 2468 1234 2535 Gothilo,
1259 2469 1540 2537 princeps
1563 2468 1836 2524 videlicet

157 2556 672 2625 Lothariensium,
707 2558 1003 2611 contraire
1031 2557 1236 2622 voluit;
1256 2558 1689 2627 episcoposque
1719 2556 1834 2611 Co-

161 2645 356 2716 loniae,
381 2647 767 2717 Noviomagi,
795 2646 1060 2713 Virduni,
1087 2644 1366 2714 Trajecti,
1392 2645 1596 2698 Leodii
1626 2646 1840 2700 allocu-

153 2746 268 2805 tus,
307 2737 756 2790 sacramentum
789 2750 819 2786 a
850 2733 1109 2804 singulis
1147 2733 1392 2801 accepit,
1431 2734 1667 2786 nonnisi
1700 2733 1836 2802 ejus

158 2842 466 2882 consensu
497 2839 713 2877 manus
739 2838 805 2875 se
826 2823 880 2874 ei
899 2823 1140 2875 daturos
1165 2837 1356 2891 neque
1380 2821 1448 2874 ad
1471 2837 1602 2874 eum
1625 2822 1834 2876 ituros.

155 2918 276 2970 Hoc
309 2915 470 2968 idem
504 2913 626 2965 dux
649 2911 796 2980 (396)
829 2910 1238 2964 Theodericus
1261 2925 1581 2979 comesque
1611 2910 1832 2980 Hayno.

152 3006 423 3058 sensium
472 2999 838 3070 Raginerius
872 3014 1003 3051 cum
1049 2998 1165 3051 sibi
1211 2998 1580 3066 conplicibus
1633 3014 1836 3052 sacra-

157 3097 350 3146 mento
399 3090 814 3142 firmaverunt.
846 3086 1010 3150 Quod
1051 3086 1316 3156 episcOpi
1363 3087 1536 3156 primi
1579 3087 1836 3158 infrege-

1946 1938 2130 1991 retur.
2174 1935 2237 1987 In
2287 1935 2396 1988 hoc
2429 1951 2644 1988 rursus
2676 1936 3187 1992 moderatissimus
3219 1943 3426 2008 pastor
3456 1944 3602 1997 anti—
3629 1980 3633 1984 -

1945 2040 2118 2095 quam
2165 2026 2394 2092 patrum
2440 2024 2928 2078 consuetudinem
2959 2029 3187 2082 servari
3218 2032 3510 2104 monebat,
3545 2036 3602 2088 et

1943 2113 2003 2166 in
2022 2112 2201 2166 altera
2223 2111 2587 2166 hebdomada
2600 2113 2858 2167 ofﬁcium
2876 2115 3049 2183 primi
3063 2113 3148 2186 jej
3159 2118 3279 2172 unii
3298 2120 3601 2175 celebran-

1944 2201 2100 2268 dum,
2150 2216 2255 2269 pro
2302 2201 2729 2255 consuetudine
2777 2202 3033 2273 antiqua,
3075 2207 3377 2262 censebat.
3411 2207 3599 2278 Cujus

1942 2289 2134 2344 oblata
2157 2290 2446 2342 sententia
2475 2289 2602 2342 visa
2634 2292 2726 2344 est
2743 2305 3027 2361 congrua,
3062 2297 3118 2347 et
3139 2293 3212 2348 ab
3241 2293 3328 2348 eis
3360 2296 3599 2352 decreta

1941 2381 2032 2432 est
2061 2377 2331 2431 tenenda.

2007 2464 2094 2519 52.
2129 2463 2473 2519 Istiusmodi
2494 2465 2795 2518 decretum
2823 2481 2855 2518 a
2877 2465 3141 2522 Franciae
3165 2469 3466 2541 episcopis
3497 2472 3598 2526 da-

1936 2557 2058 2608 tum
2081 2557 2172 2608 est
2203 2552 2430 2607 servari
2450 2552 2740 2623 subjectis
2763 2553 2878 2608 sibi
2908 2557 3162 2626 populis.
3191 2558 3361 2614 Unus
3392 2575 3599 2616 eorum

1939 2643 2148 2697 celitus
2197 2642 2310 2695 sibi
2360 2641 2582 2695 delatas
2631 2642 2777 2696 dixit
2808 2659 2946 2697 esse
2975 2645 3198 2717 literas,
3231 2663 3365 2718 puaa
3395 2665 3601 2718 pacem

1939 2735 2242 2785 monerent
2272 2730 2668 2792 renovandam
2699 2730 2756 2783 in
2787 2734 2960 2784 terra.
2991 2733 3176 2798 Quam
3205 2751 3333 2790 rem
3363 2739 3602 2792 manda-

1939 2820 2020 2872 vit
2050 2819 2283 2885 ceteris,
2306 2823 2359 2871 ct
2391 2819 2517 2871 haec
2550 2819 2830 2873 tradenda
2874 2820 3033 2874 dedit
3083 2825 3353 2892 populis:
3413 2827 3596 2882 Arma

1939 2907 2254 2976 quisquam
2300 2921 2417 2959 non
2457 2906 2660 2974 ferret,
2713 2907 2936 2975 direpta
2985 2925 3100 2963 non
3152 2915 3462 2984 repeteret;
3504 2917 3603 2971 sui

1941 2994 2252 3064 sanguinis
2285 2995 2376 3048 vel
2403 2990 2481 3035 2Ἱ1
2512 2994 2832 3064 cujuslibet
2869 2998 3142 3069 proximi,
3175 3000 3332 3055 ultor
3361 3003 3599 3058 minime

1941 3085 2206 3137 existens
2236 3083 2699 3151 percussoribus
2736 3089 3054 3154 cogeretur
3082 3088 3414 3161 indulgere;
3438 3090 3600 3163 jeju-

156 3184 308 3246 i-unt,
344 3179 453 3250 qui
486 3192 558 3231 se
592 3177 819 3245 primos
850 3175 1156 3242 dederunt,
1193 3174 1602 3245 canticumquo
1637 3175 1834 3245 p0puli
1867 3176 1917 3237 C
1942 3171 2104 3224 nium
2134 3171 2192 3222 in
2230 3185 2379 3239 pane
2425 3173 2480 3224 et
2516 3185 2667 3240 aqua
2699 3172 2854 3225 omni
2899 3177 3065 3227 sexta
3107 3175 3255 3229 feria
3305 3179 3599 3234 observa-

121 3270 368 3322 -malum
421 3265 565 3319 facti
611 3265 750 3317 sunt
796 3261 964 3333 (397).
1014 3262 1122 3315 His
1155 3262 1430 3316 omnibus
1461 3264 1832 3332 pactionibus

154 3373 267 3411 non
316 3357 680 3410 accesserat
717 3351 970 3404 domnus
999 3351 1339 3421 episcopus,
1374 3352 1480 3405 sed
1512 3355 1834 3422 conapatur

155 3461 253 3499 eos
266 3446 335 3498 ad
357 3444 538 3514 pacis
560 3435 928 3510 redigere268
942 3438 1212 3509 gratiam,
1228 3444 1540 3510 postquam
1555 3441 1836 3511 cognovit

155 3550 355 3588 eorum
387 3532 600 3585 minus
622 3528 775 3582 bene
806 3543 1010 3580 sanam
1033 3528 1401 3581 sententiam.
1437 3527 1676 3582 Interim
1705 3544 1835 3582 sus-

153 3622 348 3690 pendit
401 3633 591 3673 suum
636 3633 670 3670 a
720 3616 884 3686 regis
915 3616 1232 3684 praesentia
1261 3615 1528 3687 gradum,
1560 3631 1654 3685 tne
1682 3616 1833 3685 ipsis

151 3711 314 3763 ﬁeret
342 3706 432 3750 339
456 3704 809 3760 scandalum
831 3703 1202 3774 offensionis)
1225 3703 1465 3757 directis
1489 3707 1681 3757 tamen
1704 3704 1832 3760 offi-

154 3798 314 3852 ciose
347 3795 602 3866 legatis,
637 3793 864 3846 macula
902 3807 968 3846 se
1000 3792 1160 3846 exuit
1189 3791 1572 3860 suspicionis.
1609 3792 1832 3848 Nihilo-

152 3887 348 3940 minus
369 3899 589 3955 regem
604 3881 966 3935 Francorum
980 3881 1212 3950 placare
1227 3881 1572 3934 muneribus
1587 3882 1830 3951 studuit,

143 3991 217 4028 ne
249 3975 372 4028 sibi
409 3971 689 4042 primitus
724 3968 1168 4037 usurpationem
1204 3967 1468 4036 inferret,
1504 3985 1680 4039 quam
1711 3974 1830 4025 toto

149 4079 338 4134 regno
371 4061 581 4114 facere
611 4059 684 4111 ad
715 4057 1027 4112 consilium
1061 4056 1282 4125 habuit,
1321 4056 1668 4111 Balduinum
1699 4074 1832 4127 pre-

145 4155 310 4205 terea
343 4150 631 4204 comitem
663 4145 954 4216 repressit
994 4144 1279 4211 modeste,
1315 4161 1387 4198 ne
1424 4145 1538 4198 sibi
1567 4148 1834 4200 munitio-

146 4258 255 4294 nes
293 4239 684 4293 construeret
713 4234 1036 4302 Cameraci,
1063 4233 1316 4286 VValteri
1337 4239 1652 4304 corrUptus
1674 4235 1832 4290 frau-

146 4330 462 4383 dulentiis.
525 4325 789 4378 Ducibus
841 4323 1070 4377 tandem
1127 4326 1262 4393 post
1319 4339 1534 4376 annum
1591 4327 1646 4378 et
1703 4326 1826 4380 fere

149 4419 422 4471 medium
454 4415 527 4468 ad
561 4429 762 4483 pacem
799 4413 991 4481 ﬂexis,
1026 4427 1157 4465 cum
1196 4413 1283 4466 eis
1314 4413 1385 4465 ad
1415 4416 1617 4483 Aquas
1653 4414 1830 4468 Grani

1939 3265 2089 3328 rent,
2114 3261 2171 3312 et
2200 3259 2258 3311 in
2290 3258 2536 3312 sabbato
2568 3275 2599 3312 a
2628 3276 2803 3313 carne
2825 3263 2881 3314 et
2909 3262 3307 3333 pinguamine;
3344 3267 3595 3339 soloque

1939 3347 2052 3401 hoc
2087 3348 2342 3401 contenti
2363 3345 2594 3417 jejunio
2626 3349 2686 3400 in
2717 3350 2974 3403 omnium
3007 3356 3382 3420 peccatorum
3426 3358 3600 3410 satis-

1938 3435 2210 3503 factione,
2262 3435 2480 3489 nullam
2524 3451 2590 3489 se
2622 3436 2842 3491 scirent
2871 3440 2942 3492 ab
2975 3440 3063 3493 eis
3093 3441 3267 3495 aliam
3315 3444 3598 3499 addicen-

1938 3524 2072 3578 dam
2116 3523 2534 3594 pcenitentiam.
2576 3523 2647 3578 Et
2694 3525 2822 3579 haec
2852 3533 3221 3584 sacramento
3251 3545 3318 3585 se
3350 3547 3599 3589 servare

1938 3613 2254 3682 firmarent,
2276 3613 2431 3682 quod
2449 3612 2548 3682 qui
2571 3612 2770 3680 nollet,
2796 3614 3220 3671 christianitate
3243 3620 3597 3693 privaretur,

1937 3705 1994 3756 et
2024 3705 2336 3756 exeuntem
2352 3701 2423 3754 de
2448 3702 2670 3756 saeculo
2694 3701 2891 3756 nullus
2914 3705 3184 3760 visitaret
3204 3722 3314 3761 nec
3337 3710 3600 3779 sepultu-

1937 3805 2021 3843 rm
2039 3789 2312 3843 traderet.
2337 3789 2465 3842 Alia
2487 3805 2721 3861 quoque
2738 3791 3128 3861 importabilia
3145 3810 3320 3865 quam
3349 3798 3599 3866 plurima

1937 3877 2226 3932 dederunt
2265 3879 2555 3946 mandata,
2589 3895 2722 3950 quae
2759 3881 2925 3933 oneri
2955 3881 3084 3936 visa
3115 3887 3253 3938 sunt
3282 3887 3596 3955 replicare.

1939 3966 2062 4020 Hac
2094 3967 2348 4020 novitate
2379 3967 2650 4034 pulsatus
2682 3969 2936 4022 mandati
2955 3973 3154 4039 presul
3187 3977 3413 4046 noster,
3438 3975 3598 4030 inﬁr-

1938 4055 2238 4124 mitatique
2301 4055 2667 4123 peccantium
2729 4057 3236 4131 condescendens,
3271 4065 3600 4120 secundum

1938 4144 2176 4198 decreta
2197 4147 2536 4197 sanctorum
2564 4148 2793 4212 patrum
2824 4147 2894 4199 ad
2919 4148 3155 4220 singula
3183 4165 3362 4204 suum
3392 4152 3601 4206 forma-

1938 4232 2022 4284 vit
2060 4232 2376 4301 eloquium.
2409 4232 2608 4286 Genus
2649 4233 2965 4288 humanum
3005 4237 3076 4288 ab
3122 4237 3282 4290 initio
3314 4240 3599 4293 trifariam

1937 4320 2196 4374 divisum
2227 4335 2365 4374 esse
2395 4323 2767 4390 monstravit,
2793 4323 2853 4374 in
2873 4324 3207 4378 oratoribus
3238 4324 3407 4397 (399),
3439 4329 3599 4398 agri-

1941 4409 2289 4478 cultoribus,
2313 4409 2768 4480 pugnatoribus;
2793 4410 3119 4481 horumque
3143 4413 3414 4485 singulos
3433 4417 3598 4471 alter-

1476 4529 1772 4591 VARUE
1819 4525 2287 4594 LECTIONES

220 4636 371 4683 επεὶ-5
414 4638 659 4708 Fereria
690 4635 1138 4708 cambiatamﬂ'.
1195 4633 1276 4678 εδδ
1309 4635 1537 4708 Furncs
1697 4635 1775 4679 267
1799 4639 1882 4692 ita
1913 4636 1966 4691 2.
1999 4636 2053 4691 2¹
2095 4637 2166 4690 ab
2201 4635 2376 4708 hisce
2401 4633 2653 4708 conjegit
2689 4634 2852 4708 001v.
2896 4632 2975 4708 263
3006 4635 3089 4690 ita
3147 4638 3400 4708 confecit
3432 4638 3594 4692 Colv.

149 4714 352 4764 redire
389 4709 531 4762 ΞΕ.
561 4705 640 4749 269
673 4709 845 4761 ferret
892 4709 966 4779 ‘2‘.
1005 4704 1087 4748 370
1116 4707 1668 4779 Postjizecduarum
1715 4708 2008 4764 linearum
2057 4707 2249 4779 spatio
2278 4703 2518 4775 relicto,
2562 4703 2617 4758 2'
2662 4707 2921 4777 margini
2970 4703 3285 4778 ascripsit':
3348 4710 3594 4764 Desunt.

155 4783 242 4836 De
270 4783 325 4836 Ξ.
365 4781 467 4833 nil
491 4780 797 4833 annotavit
829 4778 1240 4833 Colvenerius.
1272 4775 1348 4819 271
1412 4781 1565 4833 licet.
1597 4779 1674 4834 εκ

1746 4873 2021 4938 NOTAE.

226 4981 383 5049 (391)
421 4979 705 5048 Briastre,
741 4994 860 5032 arr.
896 4980 967 5033 de
997 4979 1291 5036 Cambrai.
1328 4981 1393 5036 L.

225 5053 384 5132 {392)
439 5051 793 5119 Bermerain;
840 5066 946 5105 sur
987 5051 1346 5123 l’Escaillon,
1400 5069 1516 5107 arr.
1559 5053 1629 5107 de
1661 5052 1834 5107 Cam—

154 5124 310 5176 brai.
351 5124 429 5174 L.

231 5195 388 5262 (.393)
427 5192 712 5264 Felﬁriére,
745 5211 864 5248 arr.
886 5194 1235 5264 d’AvcsncS,
1270 5211 1346 5250 Ou
1375 5195 1664 5264 Fel‘l‘iél'e,
1698 5196 1836 5264 Pré8

154 5267 234 5318 du
265 5267 496 5317 tlateau
527 5263 594 5316 L.

229 5335 384 5403 r394)
443 5333 846 5405 Saint—Benin,
898 5335 1032 5406 Ors,
1071 5337 1308 5407 Basuel,
1346 5342 1558 5392 canton
1605 5338 1682 5392 du
1722 5335 1834 5390 Ga-

157 5411 320 5460 teau.
359 5407 432 5458 [λ.

227 5476 384 5548 {395)
421 5476 632 5548 Ligny,
667 5493 782 5530 arr.
817 5476 889 5532 de
921 5476 1213 5534 Cambrai.
1248 5481 1314 5534 L.

233 5547 389 5620 (396)
426 5546 848 5621 Letharingiaa.

575 5655 862 5724 PATROL.
898 5655 1188 5726 CXLIX.

2013 4980 2160 5052 (397)
2205 4979 2295 5052 Cf.
2327 4980 2542 5035 Thren.
2574 4980 2626 5049 3,
2665 4979 2764 5034 lli:
2813 4980 3006 5033 factus
3049 4995 3173 5033 sum
3223 4980 3301 5052 in,
3333 4978 3596 5034 derisum

1942 5051 2099 5107 omni
2122 5051 2330 5124 papula
2369 5069 2515 5124 meo,
2561 5053 2848 5124 canticum
2881 5066 3078 5103 eorum
3118 5056 3234 5103 tota
3253 5051 3381 5124 φρ.
3415 5051 3595 5124 GoLv.

2011 5121 2158 5195 (393)
2190 5121 2374 5190 Caput
2395 5123 2613 5193 jejunii
2645 5125 2928 5195 vocantur
2959 5121 3363 5195 quatpordies
3387 5138 3419 5174 a
3451 5123 3598 5177 feria

1941 5191 2146 5266 quarta
2178 5191 2670 5266 Cinerum‘usque
2704 5193 2774 5266 ad
2805 5193 3050 5266 primum
3084 5191 3435 5266 dominicam
3463 5210 3599 5263 qua-

1940 5262 2315 5336 dragesimae.
2351 5265 2540 5336 Conv:
2563 5264 2948 5336 _Sigcbert_u_m
2987 5263 3061 5336 de
3083 5262 3316 5336 jejunio
3348 5262 3599 5335 quatuor

1939 5332 2293 5404 temporum,
2340 5335 2492 5404 apud
2526 5332 2788 5387 Martene
2829 5332 3006 5388 Thes.
3041 5332 3240 5389 1.7298.

2011 5405 2159 5476 (399)
2216 5407 2259 5460 Ι.
2318 5421 2370 5459 e.
2431 5405 2924 5476 orantibus,_seu
2963 5404 3398 5461 sacerdotibus.
3449 5406 3598 5461 Haec

1940 5474 2254 5548 tripartitio
2281 5476 2411 5530 Noe
2444 5476 2736 5544 tribuitur,
2770 5474 2890 5549 ﬁlis
2909 5476 3038 5549 suis
3067 5476 3314 5537 dicenti:
3357 5477 3437 5533 Tu
3465 5493 3599 5549 sup-

1932 5546 2079 5622 plex
2107 5564 2232 5621 ora,
2274 5553 2334 5603 tu
2355 5552 2627 5620 protegc,
2663 5552 2834 5621 tuque
2863 5546 3088 5604 Iabora.

3145 5653 3186 5721 6
