  <div class='ocr_page' id='page_1' title='image "/cluster/home/n/w/nwhite01/storage/ocr_20150623/149/hvd.32044054760079/092.png"; bbox 0 0 4058 6182; ppageno 0'>
   <div class='ocr_carea' id='block_1_1' title="bbox 198 282 1790 349">
    <p class='ocr_par' dir='ltr' id='par_1_1' title="bbox 198 282 1770 347">
     <span class='ocr_line' id='line_1_1' title="bbox 198 282 1770 347; baseline 0 -1"><span class='ocrx_word' id='word_1_1' title='bbox 198 288 284 347; x_wconf 89' lang='grc'><strong>173</strong></span> <span class='ocrx_word' id='word_1_2' title='bbox 1513 282 1770 346; x_wconf 89' lang='lat' dir='ltr'><strong>LIBER</strong></span> 
     </span>
    </p>
   </div>
   <div class='ocr_carea' id='block_1_2' title="bbox 1902 282 2175 349">
    <p class='ocr_par' dir='ltr' id='par_1_2' title="bbox 1902 285 2175 349">
     <span class='ocr_line' id='line_1_2' title="bbox 1902 285 2175 349; baseline 0 -2"><span class='ocrx_word' id='word_1_3' title='bbox 1902 285 2175 349; x_wconf 68' lang='lat' dir='ltr'><strong>ERTIUS</strong></span> 
     </span>
    </p>
   </div>
   <div class='ocr_carea' id='block_1_3' title="bbox 3428 298 3549 360">
    <p class='ocr_par' dir='ltr' id='par_1_3' title="bbox 3428 298 3549 360">
     <span class='ocr_line' id='line_1_3' title="bbox 3428 298 3549 360; baseline 0.017 -2"><span class='ocrx_word' id='word_1_4' title='bbox 3428 298 3549 360; x_wconf 87' lang='grc'><strong>174</strong></span> 
     </span>
    </p>
   </div>
   <div class='ocr_carea' id='block_1_4' title="bbox 193 464 3552 567">
    <p class='ocr_par' dir='ltr' id='par_1_4' title="bbox 193 464 3552 567">
     <span class='ocr_line' id='line_1_4' title="bbox 193 464 3552 567; baseline 0.004 -27"><span class='ocrx_word' id='word_1_5' title='bbox 193 483 380 555; x_wconf 86' lang='lat' dir='ltr'><strong>utquod</strong></span> <span class='ocrx_word' id='word_1_6' title='bbox 406 482 685 536; x_wconf 86' lang='lat' dir='ltr'><strong>habebunt</strong></span> <span class='ocrx_word' id='word_1_7' title='bbox 716 482 937 555; x_wconf 83' lang='lat' dir='ltr'><strong>singuli</strong></span> <span class='ocrx_word' id='word_1_8' title='bbox 966 482 1027 537; x_wconf 91' lang='lat' dir='ltr'><strong>in</strong></span> <span class='ocrx_word' id='word_1_9' title='bbox 1051 481 1275 537; x_wconf 84' lang='lat' dir='ltr'><strong>caelesti</strong></span> <span class='ocrx_word' id='word_1_10' title='bbox 1297 483 1434 553; x_wconf 87' lang='lat' dir='ltr'><strong>vita,</strong></span> <span class='ocrx_word' id='word_1_11' title='bbox 1462 483 1778 543; x_wconf 79' lang='lat' dir='ltr'><strong>sufficiens</strong></span> <span class='ocrx_word' id='word_1_12' title='bbox 1803 464 1865 529; x_wconf 79' lang='grc' dir='ltr'><strong>Α</strong></span> <span class='ocrx_word' id='word_1_13' title='bbox 1895 486 1955 538; x_wconf 89' lang='lat' dir='ltr'><strong>ut</strong></span> <span class='ocrx_word' id='word_1_14' title='bbox 1974 484 2047 537; x_wconf 89' lang='lat' dir='ltr'><strong>ad</strong></span> <span class='ocrx_word' id='word_1_15' title='bbox 2072 487 2271 539; x_wconf 90' lang='lat' dir='ltr'><strong>votum</strong></span> <span class='ocrx_word' id='word_1_16' title='bbox 2290 486 2361 540; x_wconf 89' lang='lat' dir='ltr'><strong>de</strong></span> <span class='ocrx_word' id='word_1_17' title='bbox 2384 501 2570 557; x_wconf 87' lang='lat' dir='ltr'><strong>regno</strong></span> <span class='ocrx_word' id='word_1_18' title='bbox 2593 491 2820 559; x_wconf 80' lang='lat' dir='ltr'><strong>ageret,</strong></span> <span class='ocrx_word' id='word_1_19' title='bbox 2837 492 2893 544; x_wconf 90' lang='lat' dir='ltr'><strong>et</strong></span> <span class='ocrx_word' id='word_1_20' title='bbox 2915 506 3072 545; x_wconf 87' lang='lat' dir='ltr'><strong>arma</strong></span> <span class='ocrx_word' id='word_1_21' title='bbox 3090 493 3349 551; x_wconf 88' lang='lat' dir='ltr'><strong>ferentes</strong></span> <span class='ocrx_word' id='word_1_22' title='bbox 3370 495 3552 567; x_wconf 87' lang='lat' dir='ltr'><strong>impu-</strong></span> 
     </span>
    </p>
   </div>
   <div class='ocr_carea' id='block_1_5' title="bbox 191 572 1777 650">
    <p class='ocr_par' dir='ltr' id='par_1_5' title="bbox 191 572 1777 650">
     <span class='ocr_line' id='line_1_5' title="bbox 191 572 1777 650; baseline -0.004 -19"><span class='ocrx_word' id='word_1_23' title='bbox 191 576 245 631; x_wconf 84' lang='lat' dir='ltr'><strong>sit</strong></span> <span class='ocrx_word' id='word_1_24' title='bbox 287 576 464 650; x_wconf 80' lang='lat' dir='ltr'><strong>gloria,</strong></span> <span class='ocrx_word' id='word_1_25' title='bbox 520 572 1065 642; x_wconf 81' lang='lat' dir='ltr'><strong>participabuntquc</strong></span> <span class='ocrx_word' id='word_1_26' title='bbox 1134 575 1483 626; x_wconf 89' lang='lat' dir='ltr'><strong>cunctorum</strong></span> <span class='ocrx_word' id='word_1_27' title='bbox 1542 572 1777 639; x_wconf 79' lang='lat' dir='ltr'><strong>laetitia,</strong></span> 
     </span>
    </p>
   </div>
   <div class='ocr_carea' id='block_1_6' title="bbox 193 660 1566 732">
    <p class='ocr_par' dir='ltr' id='par_1_6' title="bbox 193 660 1566 732">
     <span class='ocr_line' id='line_1_6' title="bbox 193 660 1566 732; baseline -0.01 -10"><span class='ocrx_word' id='word_1_28' title='bbox 193 667 397 722; x_wconf 79' lang='lat' dir='ltr'><strong>karitatis</strong></span> <span class='ocrx_word' id='word_1_29' title='bbox 424 661 770 732; x_wconf 76' lang='lat' dir='ltr'><strong>perfectione</strong></span> <span class='ocrx_word' id='word_1_30' title='bbox 802 661 975 729; x_wconf 87' lang='lat' dir='ltr'><strong>pleni,</strong></span> <span class='ocrx_word' id='word_1_31' title='bbox 1009 660 1155 715; x_wconf 84' lang='lat' dir='ltr'><strong>utﬁt</strong></span> <span class='ocrx_word' id='word_1_32' title='bbox 1183 662 1507 730; x_wconf 85' lang='lat' dir='ltr'><strong>aequalitas.</strong></span> <span class='ocrx_word' id='word_1_33' title='bbox 1544 685 1566 709; x_wconf 76' lang='grc' dir='ltr'>ι)</span> 
     </span>
    </p>
   </div>
   <div class='ocr_carea' id='block_1_7' title="bbox 243 749 1785 819">
    <p class='ocr_par' dir='ltr' id='par_1_7' title="bbox 243 749 1785 819">
     <span class='ocr_line' id='line_1_7' title="bbox 243 749 1785 819; baseline -0.005 -9"><span class='ocrx_word' id='word_1_34' title='bbox 243 756 311 809; x_wconf 84' lang='grc'><strong>53.</strong></span> <span class='ocrx_word' id='word_1_35' title='bbox 341 754 501 809; x_wconf 85' lang='lat' dir='ltr'>Causa</span> <span class='ocrx_word' id='word_1_36' title='bbox 528 754 662 819; x_wconf 92' lang='lat' dir='ltr'><strong>post</strong></span> <span class='ocrx_word' id='word_1_37' title='bbox 691 749 820 802; x_wconf 87' lang='lat' dir='ltr'><strong>haec</strong></span> <span class='ocrx_word' id='word_1_38' title='bbox 855 749 982 817; x_wconf 89' lang='lat' dir='ltr'><strong>fuit,</strong></span> <span class='ocrx_word' id='word_1_39' title='bbox 1018 765 1132 819; x_wconf 89' lang='lat' dir='ltr'><strong>qua</strong></span> <span class='ocrx_word' id='word_1_40' title='bbox 1164 749 1430 803; x_wconf 89' lang='lat' dir='ltr'><strong>Duacum</strong></span> <span class='ocrx_word' id='word_1_41' title='bbox 1461 750 1642 819; x_wconf 85' lang='lat' dir='ltr'><strong>petiit.</strong></span> <span class='ocrx_word' id='word_1_42' title='bbox 1670 749 1785 804; x_wconf 88' lang='lat' dir='ltr'><strong>Ubi</strong></span> 
     </span>
    </p>
   </div>
   <div class='ocr_carea' id='block_1_8' title="bbox 192 837 1781 909">
    <p class='ocr_par' dir='ltr' id='par_1_8' title="bbox 192 837 1781 909">
     <span class='ocr_line' id='line_1_8' title="bbox 192 837 1781 909; baseline -0.005 -11"><span class='ocrx_word' id='word_1_43' title='bbox 192 845 449 899; x_wconf 85' lang='lat' dir='ltr'><strong>conventus</strong></span> <span class='ocrx_word' id='word_1_44' title='bbox 475 839 671 909; x_wconf 85' lang='lat' dir='ltr'><strong>populi</strong></span> <span class='ocrx_word' id='word_1_45' title='bbox 708 837 961 890; x_wconf 85' lang='lat' dir='ltr'><strong>vocibus</strong></span> <span class='ocrx_word' id='word_1_46' title='bbox 994 837 1066 890; x_wconf 90' lang='lat' dir='ltr'><strong>de</strong></span> <span class='ocrx_word' id='word_1_47' title='bbox 1097 838 1408 892; x_wconf 88' lang='lat' dir='ltr'><strong>statuenda</strong></span> <span class='ocrx_word' id='word_1_48' title='bbox 1430 853 1573 907; x_wconf 86' lang='lat' dir='ltr'>pace</span> <span class='ocrx_word' id='word_1_49' title='bbox 1607 837 1781 907; x_wconf 85' lang='lat' dir='ltr'><strong>falsa,</strong></span> 
     </span>
    </p>
   </div>
   <div class='ocr_carea' id='block_1_9' title="bbox 187 925 1776 1002">
    <p class='ocr_par' dir='ltr' id='par_1_9' title="bbox 187 925 1776 1002">
     <span class='ocr_line' id='line_1_9' title="bbox 187 925 1776 1002; baseline -0.006 -14"><span class='ocrx_word' id='word_1_50' title='bbox 187 930 421 1002; x_wconf 85' lang='lat' dir='ltr'><strong>respondit</strong></span> <span class='ocrx_word' id='word_1_51' title='bbox 445 945 544 998; x_wconf 89' lang='lat' dir='ltr'><strong>pro</strong></span> <span class='ocrx_word' id='word_1_52' title='bbox 576 930 858 995; x_wconf 87' lang='lat' dir='ltr'><strong>tempore,</strong></span> <span class='ocrx_word' id='word_1_53' title='bbox 898 925 1057 995; x_wconf 92' lang='lat' dir='ltr'><strong>quod</strong></span> <span class='ocrx_word' id='word_1_54' title='bbox 1088 929 1437 996; x_wconf 79' lang='lat' dir='ltr'><strong>perceperat</strong></span> <span class='ocrx_word' id='word_1_55' title='bbox 1468 926 1541 980; x_wconf 89' lang='lat' dir='ltr'><strong>ab</strong></span> <span class='ocrx_word' id='word_1_56' title='bbox 1574 942 1643 981; x_wconf 89' lang='lat' dir='ltr'><strong>eo</strong></span> <span class='ocrx_word' id='word_1_57' title='bbox 1677 926 1776 996; x_wconf 88' lang='lat' dir='ltr'><strong>qui</strong></span> 
     </span>
    </p>
   </div>
   <div class='ocr_carea' id='block_1_10' title="bbox 186 1012 1776 1084">
    <p class='ocr_par' dir='ltr' id='par_1_10' title="bbox 186 1012 1776 1084">
     <span class='ocr_line' id='line_1_10' title="bbox 186 1012 1776 1084; baseline -0.004 -9"><span class='ocrx_word' id='word_1_58' title='bbox 186 1024 253 1076; x_wconf 89' lang='lat' dir='ltr'><strong>est</strong></span> <span class='ocrx_word' id='word_1_59' title='bbox 273 1020 398 1073; x_wconf 89' lang='lat' dir='ltr'><strong>idem</strong></span> <span class='ocrx_word' id='word_1_60' title='bbox 419 1016 537 1071; x_wconf 88' lang='lat' dir='ltr'><strong>heri</strong></span> <span class='ocrx_word' id='word_1_61' title='bbox 560 1017 616 1069; x_wconf 92' lang='lat' dir='ltr'><strong>et</strong></span> <span class='ocrx_word' id='word_1_62' title='bbox 646 1014 818 1068; x_wconf 85' lang='lat' dir='ltr'><strong>hodie</strong></span> <span class='ocrx_word' id='word_1_63' title='bbox 840 1012 1051 1082; x_wconf 85' lang='lat' dir='ltr'><strong>(Hebr.</strong></span> <span class='ocrx_word' id='word_1_64' title='bbox 1085 1031 1212 1079; x_wconf 85' lang='lat' dir='ltr'><strong>xm,</strong></span> <span class='ocrx_word' id='word_1_65' title='bbox 1247 1014 1323 1084; x_wconf 89' lang='lat'><strong>8),</strong></span> <span class='ocrx_word' id='word_1_66' title='bbox 1358 1030 1468 1069; x_wconf 90' lang='lat' dir='ltr'><strong>nec</strong></span> <span class='ocrx_word' id='word_1_67' title='bbox 1498 1015 1776 1069; x_wconf 88' lang='lat' dir='ltr'><strong>immuta-</strong></span> 
     </span>
    </p>
   </div>
   <div class='ocr_carea' id='block_1_11' title="bbox 183 1101 1783 1173">
    <p class='ocr_par' dir='ltr' id='par_1_11' title="bbox 183 1101 1783 1173">
     <span class='ocr_line' id='line_1_11' title="bbox 183 1101 1783 1173; baseline -0.003 -12"><span class='ocrx_word' id='word_1_68' title='bbox 183 1113 254 1162; x_wconf 87' lang='lat' dir='ltr'><strong>tur</strong></span> <span class='ocrx_word' id='word_1_69' title='bbox 273 1107 487 1161; x_wconf 87' lang='lat' dir='ltr'><strong>crastino</strong></span> <span class='ocrx_word' id='word_1_70' title='bbox 504 1108 787 1173; x_wconf 88' lang='lat' dir='ltr'><strong>tempore.</strong></span> <span class='ocrx_word' id='word_1_71' title='bbox 812 1101 1224 1173; x_wconf 86' lang='lat' dir='ltr'><strong>Suggesserat</strong></span> <span class='ocrx_word' id='word_1_72' title='bbox 1243 1103 1302 1156; x_wconf 93' lang='lat' dir='ltr'><strong>in</strong></span> <span class='ocrx_word' id='word_1_73' title='bbox 1328 1119 1503 1158; x_wconf 88' lang='lat' dir='ltr'><strong>aures</strong></span> <span class='ocrx_word' id='word_1_74' title='bbox 1524 1104 1783 1158; x_wconf 91' lang='lat' dir='ltr'><strong>omnium</strong></span> 
     </span>
    </p>
   </div>
   <div class='ocr_carea' id='block_1_12' title="bbox 188 1188 1786 1262">
    <p class='ocr_par' dir='ltr' id='par_1_12' title="bbox 188 1188 1786 1262">
     <span class='ocr_line' id='line_1_12' title="bbox 188 1188 1786 1262; baseline -0.001 -17"><span class='ocrx_word' id='word_1_75' title='bbox 188 1195 449 1261; x_wconf 84' lang='lat' dir='ltr'><strong>Walterus,</strong></span> <span class='ocrx_word' id='word_1_76' title='bbox 471 1193 571 1262; x_wconf 86' lang='lat' dir='ltr'><strong>qui</strong></span> <span class='ocrx_word' id='word_1_77' title='bbox 614 1193 782 1245; x_wconf 88' lang='lat' dir='ltr'><strong>erant</strong></span> <span class='ocrx_word' id='word_1_78' title='bbox 803 1188 951 1245; x_wconf 72' lang='lat' dir='ltr'><strong>foris</strong></span> <span class='ocrx_word' id='word_1_79' title='bbox 986 1194 1043 1245; x_wconf 91' lang='lat' dir='ltr'><strong>et</strong></span> <span class='ocrx_word' id='word_1_80' title='bbox 1073 1192 1254 1258; x_wconf 92' lang='lat' dir='ltr'><strong>intus,</strong></span> <span class='ocrx_word' id='word_1_81' title='bbox 1281 1191 1624 1262; x_wconf 88' lang='lat' dir='ltr'><strong>episcopum</strong></span> <span class='ocrx_word' id='word_1_82' title='bbox 1655 1192 1786 1262; x_wconf 84' lang='lat' dir='ltr'><strong>paci</strong></span> 
     </span>
    </p>
   </div>
   <div class='ocr_carea' id='block_1_13' title="bbox 190 1279 1787 1352">
    <p class='ocr_par' dir='ltr' id='par_1_13' title="bbox 190 1279 1787 1352">
     <span class='ocr_line' id='line_1_13' title="bbox 190 1279 1787 1352; baseline -0.003 -15"><span class='ocrx_word' id='word_1_83' title='bbox 190 1284 304 1337; x_wconf 87' lang='lat' dir='ltr'><strong>nolle</strong></span> <span class='ocrx_word' id='word_1_84' title='bbox 328 1282 692 1352; x_wconf 86' lang='lat' dir='ltr'><strong>adquiescere</strong></span> <span class='ocrx_word' id='word_1_85' title='bbox 719 1296 733 1347; x_wconf 89' lang='lat'><strong>;</strong></span> <span class='ocrx_word' id='word_1_86' title='bbox 767 1295 883 1333; x_wconf 90' lang='lat' dir='ltr'><strong>non</strong></span> <span class='ocrx_word' id='word_1_87' title='bbox 915 1280 1051 1349; x_wconf 88' lang='lat' dir='ltr'><strong>quia</strong></span> <span class='ocrx_word' id='word_1_88' title='bbox 1092 1282 1218 1333; x_wconf 89' lang='lat' dir='ltr'><strong>erat</strong></span> <span class='ocrx_word' id='word_1_89' title='bbox 1247 1279 1403 1334; x_wconf 84' lang='lat' dir='ltr'><strong>ﬁlius</strong></span> <span class='ocrx_word' id='word_1_90' title='bbox 1446 1281 1610 1349; x_wconf 83' lang='lat' dir='ltr'><strong>pacis</strong></span> <span class='ocrx_word' id='word_1_91' title='bbox 1632 1322 1645 1349; x_wconf 94' lang='lat'><strong>,</strong></span> <span class='ocrx_word' id='word_1_92' title='bbox 1679 1279 1787 1334; x_wconf 90' lang='lat' dir='ltr'><strong>sed</strong></span> 
     </span>
    </p>
   </div>
   <div class='ocr_carea' id='block_1_14' title="bbox 187 1373 1786 1449">
    <p class='ocr_par' dir='ltr' id='par_1_14' title="bbox 187 1373 1786 1449">
     <span class='ocr_line' id='line_1_14' title="bbox 187 1373 1786 1449; baseline -0.003 -18"><span class='ocrx_word' id='word_1_93' title='bbox 187 1380 287 1449; x_wconf 82' lang='lat' dir='ltr'><strong>quia</strong></span> <span class='ocrx_word' id='word_1_94' title='bbox 312 1376 532 1431; x_wconf 86' lang='lat' dir='ltr'><strong>liberius</strong></span> <span class='ocrx_word' id='word_1_95' title='bbox 580 1375 882 1445; x_wconf 67' lang='lat' dir='ltr'><strong>quierebat</strong></span> <span class='ocrx_word' id='word_1_96' title='bbox 914 1373 1152 1429; x_wconf 88' lang='lat' dir='ltr'><strong>studere</strong></span> <span class='ocrx_word' id='word_1_97' title='bbox 1195 1374 1424 1429; x_wconf 89' lang='lat' dir='ltr'><strong>artibus</strong></span> <span class='ocrx_word' id='word_1_98' title='bbox 1459 1391 1585 1429; x_wconf 71' lang='lat' dir='ltr'><strong>sua)</strong></span> <span class='ocrx_word' id='word_1_99' title='bbox 1617 1375 1786 1429; x_wconf 89' lang='lat' dir='ltr'><strong>mali-</strong></span> 
     </span>
    </p>
   </div>
   <div class='ocr_carea' id='block_1_15' title="bbox 189 1463 1787 1536">
    <p class='ocr_par' dir='ltr' id='par_1_15' title="bbox 189 1463 1787 1536">
     <span class='ocr_line' id='line_1_15' title="bbox 189 1463 1787 1536; baseline -0.001 -17"><span class='ocrx_word' id='word_1_100' title='bbox 189 1466 391 1536; x_wconf 83' lang='lat' dir='ltr'><strong>gnitatis.</strong></span> <span class='ocrx_word' id='word_1_101' title='bbox 420 1463 748 1535; x_wconf 87' lang='lat' dir='ltr'><strong>Collegerat</strong></span> <span class='ocrx_word' id='word_1_102' title='bbox 786 1464 901 1517; x_wconf 90' lang='lat' dir='ltr'><strong>duo</strong></span> <span class='ocrx_word' id='word_1_103' title='bbox 932 1464 1212 1532; x_wconf 84' lang='lat' dir='ltr'><strong>superius</strong></span> <span class='ocrx_word' id='word_1_104' title='bbox 1242 1464 1394 1517; x_wconf 86' lang='lat' dir='ltr'><strong>dicta</strong></span> <span class='ocrx_word' id='word_1_105' title='bbox 1434 1464 1507 1534; x_wconf 79' lang='grc' dir='ltr'><strong>(ο.</strong></span> <span class='ocrx_word' id='word_1_106' title='bbox 1540 1465 1631 1535; x_wconf 69' lang='lat'><strong>52}</strong></span> <span class='ocrx_word' id='word_1_107' title='bbox 1666 1481 1678 1519; x_wconf 90' lang='lat'><strong>:</strong></span> <span class='ocrx_word' id='word_1_108' title='bbox 1715 1481 1787 1519; x_wconf 89' lang='lat' dir='ltr'><strong>ne</strong></span> 
     </span>
    </p>
   </div>
   <div class='ocr_carea' id='block_1_16' title="bbox 188 1552 1786 1625">
    <p class='ocr_par' dir='ltr' id='par_1_16' title="bbox 188 1552 1786 1625">
     <span class='ocr_line' id='line_1_16' title="bbox 188 1552 1786 1625; baseline -0.001 -17"><span class='ocrx_word' id='word_1_109' title='bbox 188 1554 289 1625; x_wconf 86' lang='lat' dir='ltr'><strong>quis</strong></span> <span class='ocrx_word' id='word_1_110' title='bbox 317 1569 460 1607; x_wconf 89' lang='lat' dir='ltr'><strong>arma</strong></span> <span class='ocrx_word' id='word_1_111' title='bbox 489 1552 693 1622; x_wconf 88' lang='lat' dir='ltr'><strong>ferret,</strong></span> <span class='ocrx_word' id='word_1_112' title='bbox 727 1567 836 1605; x_wconf 91' lang='lat' dir='ltr'><strong>nec</strong></span> <span class='ocrx_word' id='word_1_113' title='bbox 864 1552 1085 1621; x_wconf 88' lang='lat' dir='ltr'><strong>direpta</strong></span> <span class='ocrx_word' id='word_1_114' title='bbox 1118 1555 1436 1622; x_wconf 84' lang='lat' dir='ltr'><strong>repeteret,</strong></span> <span class='ocrx_word' id='word_1_115' title='bbox 1488 1554 1786 1608; x_wconf 88' lang='lat' dir='ltr'><strong>studebat-</strong></span> 
     </span>
    </p>
   </div>
   <div class='ocr_carea' id='block_1_17' title="bbox 181 1640 1785 1712">
    <p class='ocr_par' dir='ltr' id='par_1_17' title="bbox 181 1640 1785 1712">
     <span class='ocr_line' id='line_1_17' title="bbox 181 1640 1785 1712; baseline 0 -16"><span class='ocrx_word' id='word_1_116' title='bbox 181 1659 280 1712; x_wconf 85' lang='lat' dir='ltr'><strong>que,</strong></span> <span class='ocrx_word' id='word_1_117' title='bbox 307 1645 360 1696; x_wconf 88' lang='lat' dir='ltr'><strong>ut</strong></span> <span class='ocrx_word' id='word_1_118' title='bbox 385 1640 675 1711; x_wconf 73' lang='lat' dir='ltr'><strong>preteritze</strong></span> <span class='ocrx_word' id='word_1_119' title='bbox 703 1641 841 1695; x_wconf 66' lang='lat' dir='ltr'><strong>vitae</strong></span> <span class='ocrx_word' id='word_1_120' title='bbox 889 1640 1112 1709; x_wconf 84' lang='lat' dir='ltr'><strong>rapinis</strong></span> <span class='ocrx_word' id='word_1_121' title='bbox 1156 1643 1212 1694; x_wconf 91' lang='lat' dir='ltr'><strong>et</strong></span> <span class='ocrx_word' id='word_1_122' title='bbox 1244 1640 1511 1695; x_wconf 81' lang='lat' dir='ltr'><strong>caedibus</strong></span> <span class='ocrx_word' id='word_1_123' title='bbox 1563 1642 1785 1712; x_wconf 91' lang='lat' dir='ltr'><strong>quibus</strong></span> 
     </span>
    </p>
   </div>
   <div class='ocr_carea' id='block_1_18' title="bbox 1892 572 3553 659">
    <p class='ocr_par' dir='ltr' id='par_1_18' title="bbox 1892 572 3553 659">
     <span class='ocr_line' id='line_1_18' title="bbox 1892 572 3553 659; baseline 0.01 -34"><span class='ocrx_word' id='word_1_124' title='bbox 1892 577 2120 643; x_wconf 89' lang='lat' dir='ltr'><strong>gnaret.</strong></span> <span class='ocrx_word' id='word_1_125' title='bbox 2172 572 2434 644; x_wconf 88' lang='lat' dir='ltr'><strong>Cumque</strong></span> <span class='ocrx_word' id='word_1_126' title='bbox 2483 575 2623 629; x_wconf 90' lang='lat' dir='ltr'><strong>inibi</strong></span> <span class='ocrx_word' id='word_1_127' title='bbox 2663 577 2924 648; x_wconf 81' lang='lat' dir='ltr'><strong>degeret,</strong></span> <span class='ocrx_word' id='word_1_128' title='bbox 2974 584 3260 650; x_wconf 89' lang='lat' dir='ltr'><strong>quosdam</strong></span> <span class='ocrx_word' id='word_1_129' title='bbox 3310 586 3553 659; x_wconf 88' lang='lat' dir='ltr'><strong>Longo-</strong></span> 
     </span>
    </p>
   </div>
   <div class='ocr_carea' id='block_1_19' title="bbox 1892 661 3553 740">
    <p class='ocr_par' dir='ltr' id='par_1_19' title="bbox 1892 661 3553 740">
     <span class='ocr_line' id='line_1_19' title="bbox 1892 661 3553 740; baseline 0.01 -26"><span class='ocrx_word' id='word_1_130' title='bbox 1892 661 2208 716; x_wconf 82' lang='lat' dir='ltr'><strong>bardorum</strong></span> <span class='ocrx_word' id='word_1_131' title='bbox 2242 663 2559 733; x_wconf 89' lang='lat' dir='ltr'><strong>episcopos</strong></span> <span class='ocrx_word' id='word_1_132' title='bbox 2583 665 2848 733; x_wconf 88' lang='lat' dir='ltr'><strong>partibus</strong></span> <span class='ocrx_word' id='word_1_133' title='bbox 2870 666 3091 722; x_wconf 85' lang='lat' dir='ltr'><strong>Odonis</strong></span> <span class='ocrx_word' id='word_1_134' title='bbox 3113 670 3260 740; x_wconf 81' lang='lat'>(403)</span> <span class='ocrx_word' id='word_1_135' title='bbox 3283 671 3553 729; x_wconf 86' lang='lat' dir='ltr'><strong>faventes</strong></span> 
     </span>
    </p>
   </div>
   <div class='ocr_carea' id='block_1_20' title="bbox 1893 750 3551 832">
    <p class='ocr_par' dir='ltr' id='par_1_20' title="bbox 1893 750 3551 832">
     <span class='ocr_line' id='line_1_20' title="bbox 1893 750 3551 832; baseline 0.008 -29"><span class='ocrx_word' id='word_1_136' title='bbox 1893 750 2238 805; x_wconf 89' lang='lat' dir='ltr'><strong>inreverens</strong></span> <span class='ocrx_word' id='word_1_137' title='bbox 2287 750 2479 807; x_wconf 79' lang='lat' dir='ltr'><strong>factus</strong></span> <span class='ocrx_word' id='word_1_138' title='bbox 2530 753 2591 806; x_wconf 93' lang='lat' dir='ltr'><strong>in</strong></span> <span class='ocrx_word' id='word_1_139' title='bbox 2623 754 2856 808; x_wconf 88' lang='lat' dir='ltr'><strong>vincula</strong></span> <span class='ocrx_word' id='word_1_140' title='bbox 2905 756 3159 826; x_wconf 90' lang='lat' dir='ltr'><strong>conjecit</strong></span> <span class='ocrx_word' id='word_1_141' title='bbox 3206 759 3322 827; x_wconf 83' lang='lat' dir='ltr'><strong>(an.</strong></span> <span class='ocrx_word' id='word_1_142' title='bbox 3370 761 3551 832; x_wconf 72' lang='lat'>1037).</span> 
     </span>
    </p>
   </div>
   <div class='ocr_carea' id='block_1_21' title="bbox 1895 839 3556 918">
    <p class='ocr_par' dir='ltr' id='par_1_21' title="bbox 1895 839 3556 918">
     <span class='ocr_line' id='line_1_21' title="bbox 1895 839 3556 918; baseline 0.007 -25"><span class='ocrx_word' id='word_1_143' title='bbox 1895 839 2423 894; x_wconf 88' lang='lat' dir='ltr'><strong>Mediolanensium</strong></span> <span class='ocrx_word' id='word_1_144' title='bbox 2452 843 2645 895; x_wconf 89' lang='lat' dir='ltr'><strong>autem</strong></span> <span class='ocrx_word' id='word_1_145' title='bbox 2666 843 3152 914; x_wconf 89' lang='lat' dir='ltr'><strong>archiepiscopus</strong></span> <span class='ocrx_word' id='word_1_146' title='bbox 3170 847 3337 917; x_wconf 81' lang='lat'>(404),</span> <span class='ocrx_word' id='word_1_147' title='bbox 3363 864 3427 903; x_wconf 89' lang='lat' dir='ltr'><strong>re</strong></span> <span class='ocrx_word' id='word_1_148' title='bbox 3448 865 3556 918; x_wconf 89' lang='lat' dir='ltr'><strong>pro</strong></span> 
     </span>
    </p>
   </div>
   <div class='ocr_carea' id='block_1_22' title="bbox 1894 927 3559 1002">
    <p class='ocr_par' dir='ltr' id='par_1_22' title="bbox 1894 927 3559 1002">
     <span class='ocr_line' id='line_1_22' title="bbox 1894 927 3559 1002; baseline 0.008 -23"><span class='ocrx_word' id='word_1_149' title='bbox 1894 927 2006 979; x_wconf 88' lang='lat' dir='ltr'><strong>alia</strong></span> <span class='ocrx_word' id='word_1_150' title='bbox 2036 927 2162 996; x_wconf 88' lang='lat' dir='ltr'><strong>pari</strong></span> <span class='ocrx_word' id='word_1_151' title='bbox 2190 929 2363 983; x_wconf 91' lang='lat' dir='ltr'><strong>modo</strong></span> <span class='ocrx_word' id='word_1_152' title='bbox 2397 934 2625 999; x_wconf 89' lang='lat' dir='ltr'><strong>captus,</strong></span> <span class='ocrx_word' id='word_1_153' title='bbox 2661 930 2804 1002; x_wconf 85' lang='lat' dir='ltr'><strong>fuga</strong></span> <span class='ocrx_word' id='word_1_154' title='bbox 2837 932 2955 985; x_wconf 88' lang='lat' dir='ltr'><strong>sibi</strong></span> <span class='ocrx_word' id='word_1_155' title='bbox 2987 934 3305 990; x_wconf 88' lang='lat' dir='ltr'><strong>consuluit.</strong></span> <span class='ocrx_word' id='word_1_156' title='bbox 3338 936 3559 991; x_wconf 83' lang='lat' dir='ltr'><strong>Contra</strong></span> 
     </span>
    </p>
   </div>
   <div class='ocr_carea' id='block_1_23' title="bbox 1894 1018 3665 1097">
    <p class='ocr_par' dir='ltr' id='par_1_23' title="bbox 1894 1018 3665 1097">
     <span class='ocr_line' id='line_1_23' title="bbox 1894 1018 3665 1097; baseline 0.008 -30"><span class='ocrx_word' id='word_1_157' title='bbox 1894 1031 2068 1085; x_wconf 89' lang='lat' dir='ltr'><strong>quem</strong></span> <span class='ocrx_word' id='word_1_158' title='bbox 2089 1020 2496 1085; x_wconf 77' lang='lat' dir='ltr'><strong>exasperatus,</strong></span> <span class='ocrx_word' id='word_1_159' title='bbox 2532 1018 2662 1072; x_wconf 91' lang='lat' dir='ltr'><strong>loca</strong></span> <span class='ocrx_word' id='word_1_160' title='bbox 2683 1035 2816 1090; x_wconf 86' lang='lat' dir='ltr'><strong>quae</strong></span> <span class='ocrx_word' id='word_1_161' title='bbox 2838 1020 2950 1075; x_wconf 90' lang='lat' dir='ltr'><strong>late</strong></span> <span class='ocrx_word' id='word_1_162' title='bbox 2971 1024 3264 1092; x_wconf 85' lang='lat' dir='ltr'><strong>patebant,</strong></span> <span class='ocrx_word' id='word_1_163' title='bbox 3286 1025 3560 1081; x_wconf 90' lang='lat' dir='ltr'><strong>incendio</strong></span> <span class='ocrx_word' id='word_1_164' title='bbox 3654 1092 3665 1097; x_wconf 21' lang='grc' dir='ltr'><strong>κ</strong></span> 
     </span>
    </p>
   </div>
   <div class='ocr_carea' id='block_1_24' title="bbox 1895 1103 3561 1178">
    <p class='ocr_par' dir='ltr' id='par_1_24' title="bbox 1895 1103 3561 1178">
     <span class='ocr_line' id='line_1_24' title="bbox 1895 1103 3561 1178; baseline 0.008 -22"><span class='ocrx_word' id='word_1_165' title='bbox 1895 1103 2121 1173; x_wconf 84' lang='lat' dir='ltr'><strong>absque</strong></span> <span class='ocrx_word' id='word_1_166' title='bbox 2153 1103 2389 1159; x_wconf 88' lang='lat' dir='ltr'><strong>homine</strong></span> <span class='ocrx_word' id='word_1_167' title='bbox 2429 1105 2567 1159; x_wconf 87' lang='lat' dir='ltr'><strong>fecit</strong></span> <span class='ocrx_word' id='word_1_168' title='bbox 2596 1107 2848 1178; x_wconf 57' lang='lat' dir='ltr'><strong>(Mart).</strong></span> <span class='ocrx_word' id='word_1_169' title='bbox 2884 1110 3035 1163; x_wconf 89' lang='lat' dir='ltr'><strong>Nam</strong></span> <span class='ocrx_word' id='word_1_170' title='bbox 3064 1110 3123 1165; x_wconf 88' lang='lat' dir='ltr'><strong>id</strong></span> <span class='ocrx_word' id='word_1_171' title='bbox 3155 1114 3389 1168; x_wconf 90' lang='lat' dir='ltr'><strong>consilii</strong></span> <span class='ocrx_word' id='word_1_172' title='bbox 3426 1130 3561 1168; x_wconf 90' lang='lat' dir='ltr'><strong>cum</strong></span> 
     </span>
    </p>
   </div>
   <div class='ocr_carea' id='block_1_25' title="bbox 1896 1192 3565 1267">
    <p class='ocr_par' dir='ltr' id='par_1_25' title="bbox 1896 1192 3565 1267">
     <span class='ocr_line' id='line_1_25' title="bbox 1896 1192 3565 1267; baseline 0.008 -22"><span class='ocrx_word' id='word_1_173' title='bbox 1896 1192 2311 1263; x_wconf 83' lang='lat' dir='ltr'><strong>Longobardis</strong></span> <span class='ocrx_word' id='word_1_174' title='bbox 2330 1194 2635 1264; x_wconf 85' lang='lat' dir='ltr'><strong>habuerat,</strong></span> <span class='ocrx_word' id='word_1_175' title='bbox 2653 1197 2752 1267; x_wconf 91' lang='lat' dir='ltr'><strong>qui</strong></span> <span class='ocrx_word' id='word_1_176' title='bbox 2773 1198 2832 1251; x_wconf 90' lang='lat' dir='ltr'><strong>in</strong></span> <span class='ocrx_word' id='word_1_177' title='bbox 2846 1214 3158 1256; x_wconf 88' lang='lat' dir='ltr'><strong>commune</strong></span> <span class='ocrx_word' id='word_1_178' title='bbox 3176 1203 3565 1258; x_wconf 87' lang='lat' dir='ltr'><strong>decreverant</strong></span> 
     </span>
    </p>
   </div>
   <div class='ocr_carea' id='block_1_26' title="bbox 1890 1280 3563 1357">
    <p class='ocr_par' dir='ltr' id='par_1_26' title="bbox 1890 1280 3563 1357">
     <span class='ocr_line' id='line_1_26' title="bbox 1890 1280 3563 1357; baseline 0.008 -24"><span class='ocrx_word' id='word_1_179' title='bbox 1890 1280 2229 1351; x_wconf 87' lang='lat' dir='ltr'><strong>juramcnto</strong></span> <span class='ocrx_word' id='word_1_180' title='bbox 2275 1287 2546 1351; x_wconf 89' lang='lat' dir='ltr'><strong>potentes</strong></span> <span class='ocrx_word' id='word_1_181' title='bbox 2589 1300 2723 1338; x_wconf 89' lang='lat' dir='ltr'><strong>cum</strong></span> <span class='ocrx_word' id='word_1_182' title='bbox 2763 1285 3012 1357; x_wconf 83' lang='lat' dir='ltr'><strong>inﬁmis,</strong></span> <span class='ocrx_word' id='word_1_183' title='bbox 3047 1290 3208 1343; x_wconf 91' lang='lat' dir='ltr'><strong>nulla</strong></span> <span class='ocrx_word' id='word_1_184' title='bbox 3239 1292 3464 1346; x_wconf 85' lang='lat' dir='ltr'><strong>ratione</strong></span> <span class='ocrx_word' id='word_1_185' title='bbox 3496 1308 3563 1347; x_wconf 92' lang='lat' dir='ltr'><strong>se</strong></span> 
     </span>
    </p>
   </div>
   <div class='ocr_carea' id='block_1_27' title="bbox 1895 1371 3565 1449">
    <p class='ocr_par' dir='ltr' id='par_1_27' title="bbox 1895 1371 3565 1449">
     <span class='ocr_line' id='line_1_27' title="bbox 1895 1371 3565 1449; baseline 0.009 -29"><span class='ocrx_word' id='word_1_186' title='bbox 1895 1385 2186 1438; x_wconf 87' lang='lat' dir='ltr'><strong>passuros</strong></span> <span class='ocrx_word' id='word_1_187' title='bbox 2217 1371 2537 1440; x_wconf 89' lang='lat' dir='ltr'><strong>quemlibet</strong></span> <span class='ocrx_word' id='word_1_188' title='bbox 2563 1372 2882 1443; x_wconf 91' lang='lat' dir='ltr'><strong>dominum,</strong></span> <span class='ocrx_word' id='word_1_189' title='bbox 2918 1376 3018 1446; x_wconf 91' lang='lat' dir='ltr'><strong>qui</strong></span> <span class='ocrx_word' id='word_1_190' title='bbox 3037 1377 3193 1431; x_wconf 88' lang='lat' dir='ltr'><strong>aliud</strong></span> <span class='ocrx_word' id='word_1_191' title='bbox 3228 1393 3403 1449; x_wconf 88' lang='lat' dir='ltr'><strong>quam</strong></span> <span class='ocrx_word' id='word_1_192' title='bbox 3434 1380 3565 1435; x_wconf 89' lang='lat' dir='ltr'><strong>vel-</strong></span> 
     </span>
    </p>
   </div>
   <div class='ocr_carea' id='block_1_28' title="bbox 1896 1458 3565 1532">
    <p class='ocr_par' dir='ltr' id='par_1_28' title="bbox 1896 1458 3565 1532">
     <span class='ocr_line' id='line_1_28' title="bbox 1896 1458 3565 1532; baseline 0.008 -22"><span class='ocrx_word' id='word_1_193' title='bbox 1896 1458 2045 1528; x_wconf 90' lang='lat' dir='ltr'><strong>lent,</strong></span> <span class='ocrx_word' id='word_1_194' title='bbox 2101 1463 2301 1512; x_wconf 88' lang='lat' dir='ltr'><strong>contra</strong></span> <span class='ocrx_word' id='word_1_195' title='bbox 2343 1475 2447 1514; x_wconf 92' lang='lat' dir='ltr'><strong>eos</strong></span> <span class='ocrx_word' id='word_1_196' title='bbox 2488 1466 2713 1532; x_wconf 81' lang='lat' dir='ltr'><strong>ageret.</strong></span> <span class='ocrx_word' id='word_1_197' title='bbox 2758 1462 3109 1532; x_wconf 87' lang='lat' dir='ltr'><strong>Supervenit</strong></span> <span class='ocrx_word' id='word_1_198' title='bbox 3158 1466 3393 1521; x_wconf 84' lang='lat' dir='ltr'><strong>tandem</strong></span> <span class='ocrx_word' id='word_1_199' title='bbox 3434 1468 3565 1523; x_wconf 89' lang='lat' dir='ltr'><strong>dies</strong></span> 
     </span>
    </p>
   </div>
   <div class='ocr_carea' id='block_1_29' title="bbox 1897 1546 3566 1622">
    <p class='ocr_par' dir='ltr' id='par_1_29' title="bbox 1897 1546 3566 1622">
     <span class='ocr_line' id='line_1_29' title="bbox 1897 1546 3566 1622; baseline 0.007 -23"><span class='ocrx_word' id='word_1_200' title='bbox 1897 1550 2275 1616; x_wconf 85' lang='lat' dir='ltr'><strong>pentecostes</strong></span> <span class='ocrx_word' id='word_1_201' title='bbox 2290 1548 2455 1617; x_wconf 83' lang='lat' dir='ltr'><strong>(Mai.</strong></span> <span class='ocrx_word' id='word_1_202' title='bbox 2472 1546 2582 1618; x_wconf 73' lang='grc'>29),</span> <span class='ocrx_word' id='word_1_203' title='bbox 2602 1566 2736 1620; x_wconf 85' lang='lat' dir='ltr'><strong>quae</strong></span> <span class='ocrx_word' id='word_1_204' title='bbox 2754 1553 3058 1622; x_wconf 87' lang='lat' dir='ltr'><strong>poscebat,</strong></span> <span class='ocrx_word' id='word_1_205' title='bbox 3076 1554 3227 1607; x_wconf 88' lang='lat' dir='ltr'><strong>inter</strong></span> <span class='ocrx_word' id='word_1_206' title='bbox 3244 1555 3566 1610; x_wconf 89' lang='lat' dir='ltr'><strong>missarum</strong></span> 
     </span>
    </p>
   </div>
   <div class='ocr_carea' id='block_1_30' title="bbox 1902 1635 3570 1716">
    <p class='ocr_par' dir='ltr' id='par_1_30' title="bbox 1902 1635 3570 1716">
     <span class='ocr_line' id='line_1_30' title="bbox 1902 1635 3570 1716; baseline 0.007 -28"><span class='ocrx_word' id='word_1_207' title='bbox 1902 1635 2251 1705; x_wconf 89' lang='lat' dir='ltr'><strong>sollempnia</strong></span> <span class='ocrx_word' id='word_1_208' title='bbox 2273 1651 2378 1705; x_wconf 90' lang='lat' dir='ltr'><strong>pro</strong></span> <span class='ocrx_word' id='word_1_209' title='bbox 2402 1638 2829 1693; x_wconf 89' lang='lat' dir='ltr'><strong>consuetudine</strong></span> <span class='ocrx_word' id='word_1_210' title='bbox 2845 1643 3115 1695; x_wconf 87' lang='lat' dir='ltr'><strong>coronari</strong></span> <span class='ocrx_word' id='word_1_211' title='bbox 3137 1657 3361 1715; x_wconf 90' lang='lat' dir='ltr'><strong>regem.</strong></span> <span class='ocrx_word' id='word_1_212' title='bbox 3379 1644 3570 1716; x_wconf 87' lang='lat' dir='ltr'><strong>Igitur</strong></span> 
     </span>
    </p>
   </div>
   <div class='ocr_carea' id='block_1_31' title="bbox 178 1709 3568 1800">
    <p class='ocr_par' dir='ltr' id='par_1_31' title="bbox 178 1709 3568 1800">
     <span class='ocr_line' id='line_1_31' title="bbox 178 1709 3568 1800; baseline 0 -16"><span class='ocrx_word' id='word_1_213' title='bbox 178 1709 339 1800; x_wconf 79' lang='lat' dir='ltr'><strong>pastus</strong></span> <span class='ocrx_word' id='word_1_214' title='bbox 367 1709 569 1792; x_wconf 78' lang='lat' dir='ltr'><strong>fuerat.</strong></span> <span class='ocrx_word' id='word_1_215' title='bbox 604 1730 904 1784; x_wconf 89' lang='lat' dir='ltr'><strong>silentium</strong></span> <span class='ocrx_word' id='word_1_216' title='bbox 934 1728 1192 1796; x_wconf 89' lang='lat' dir='ltr'><strong>daretur,</strong></span> <span class='ocrx_word' id='word_1_217' title='bbox 1245 1731 1302 1784; x_wconf 92' lang='lat' dir='ltr'><strong>et</strong></span> <span class='ocrx_word' id='word_1_218' title='bbox 1331 1744 1403 1783; x_wconf 86' lang='lat' dir='ltr'><strong>ex</strong></span> <span class='ocrx_word' id='word_1_219' title='bbox 1432 1709 1784 1784; x_wconf 46' lang='lat' dir='ltr'><strong>tunc—licen-</strong></span> <span class='ocrx_word' id='word_1_220' title='bbox 1819 1709 1871 1770; x_wconf 83' lang='grc' dir='ltr'>Β</span> <span class='ocrx_word' id='word_1_221' title='bbox 1903 1724 2171 1794; x_wconf 61' lang='lat' dir='ltr'><strong>quaesita,</strong></span> <span class='ocrx_word' id='word_1_222' title='bbox 2207 1723 2365 1778; x_wconf 84' lang='lat' dir='ltr'><strong>nulla</strong></span> <span class='ocrx_word' id='word_1_223' title='bbox 2396 1729 2631 1795; x_wconf 77' lang='lat' dir='ltr'><strong>reperta</strong></span> <span class='ocrx_word' id='word_1_224' title='bbox 2674 1730 2768 1781; x_wconf 85' lang='lat' dir='ltr'><strong>est</strong></span> <span class='ocrx_word' id='word_1_225' title='bbox 2796 1729 3099 1797; x_wconf 79' lang='lat' dir='ltr'><strong>aecclesia,</strong></span> <span class='ocrx_word' id='word_1_226' title='bbox 3141 1709 3359 1799; x_wconf 67' lang='lat' dir='ltr'><strong>praeter</strong></span> <span class='ocrx_word' id='word_1_227' title='bbox 3386 1709 3568 1787; x_wconf 40' lang='lat' dir='ltr'><strong>u‘nam</strong></span> 
     </span>
    </p>
   </div>
   <div class='ocr_carea' id='block_1_32' title="bbox 176 1817 1783 1887">
    <p class='ocr_par' dir='ltr' id='par_1_32' title="bbox 176 1817 1783 1887">
     <span class='ocr_line' id='line_1_32' title="bbox 176 1817 1783 1887; baseline 0.001 -16"><span class='ocrx_word' id='word_1_228' title='bbox 176 1820 281 1887; x_wconf 84' lang='lat' dir='ltr'><strong>tius,</strong></span> <span class='ocrx_word' id='word_1_229' title='bbox 307 1819 454 1873; x_wconf 91' lang='lat' dir='ltr'><strong>nullo</strong></span> <span class='ocrx_word' id='word_1_230' title='bbox 478 1819 705 1873; x_wconf 85' lang='lat' dir='ltr'><strong>ferente</strong></span> <span class='ocrx_word' id='word_1_231' title='bbox 737 1833 918 1886; x_wconf 89' lang='lat' dir='ltr'><strong>arma,</strong></span> <span class='ocrx_word' id='word_1_232' title='bbox 962 1818 1225 1872; x_wconf 85' lang='lat' dir='ltr'><strong>assuetis</strong></span> <span class='ocrx_word' id='word_1_233' title='bbox 1265 1818 1436 1872; x_wconf 88' lang='lat' dir='ltr'><strong>malis</strong></span> <span class='ocrx_word' id='word_1_234' title='bbox 1468 1817 1783 1873; x_wconf 87' lang='lat' dir='ltr'><strong>frueretur.</strong></span> 
     </span>
    </p>
   </div>
   <div class='ocr_carea' id='block_1_33' title="bbox 177 1906 1791 1977">
    <p class='ocr_par' dir='ltr' id='par_1_33' title="bbox 177 1906 1791 1977">
     <span class='ocr_line' id='line_1_33' title="bbox 177 1906 1791 1977; baseline -0.001 -16"><span class='ocrx_word' id='word_1_235' title='bbox 177 1906 302 1972; x_wconf 89' lang='lat' dir='ltr'><strong>Quod</strong></span> <span class='ocrx_word' id='word_1_236' title='bbox 330 1907 646 1977; x_wconf 79' lang='lat' dir='ltr'><strong>praesciens</strong></span> <span class='ocrx_word' id='word_1_237' title='bbox 678 1907 1029 1976; x_wconf 88' lang='lat' dir='ltr'><strong>episcopus,</strong></span> <span class='ocrx_word' id='word_1_238' title='bbox 1078 1906 1282 1960; x_wconf 88' lang='lat' dir='ltr'><strong>sedato</strong></span> <span class='ocrx_word' id='word_1_239' title='bbox 1312 1907 1529 1976; x_wconf 91' lang='lat' dir='ltr'><strong>populo</strong></span> <span class='ocrx_word' id='word_1_240' title='bbox 1562 1907 1791 1960; x_wconf 91' lang='lat' dir='ltr'><strong>callidi-</strong></span> 
     </span>
    </p>
   </div>
   <div class='ocr_carea' id='block_1_34' title="bbox 176 1995 1789 2065">
    <p class='ocr_par' dir='ltr' id='par_1_34' title="bbox 176 1995 1789 2065">
     <span class='ocr_line' id='line_1_34' title="bbox 176 1995 1789 2065; baseline 0 -16"><span class='ocrx_word' id='word_1_241' title='bbox 176 1999 290 2049; x_wconf 84' lang='lat' dir='ltr'><strong>tates</strong></span> <span class='ocrx_word' id='word_1_242' title='bbox 305 1996 449 2050; x_wconf 90' lang='lat' dir='ltr'><strong>illius</strong></span> <span class='ocrx_word' id='word_1_243' title='bbox 468 1995 767 2064; x_wconf 82' lang='lat' dir='ltr'><strong>exposuit,</strong></span> <span class='ocrx_word' id='word_1_244' title='bbox 785 1998 962 2065; x_wconf 90' lang='lat' dir='ltr'><strong>utque</strong></span> <span class='ocrx_word' id='word_1_245' title='bbox 978 1995 1107 2064; x_wconf 90' lang='lat' dir='ltr'><strong>paci</strong></span> <span class='ocrx_word' id='word_1_246' title='bbox 1123 2010 1239 2048; x_wconf 93' lang='lat' dir='ltr'><strong>non</strong></span> <span class='ocrx_word' id='word_1_247' title='bbox 1254 1997 1417 2049; x_wconf 90' lang='lat' dir='ltr'><strong>esset</strong></span> <span class='ocrx_word' id='word_1_248' title='bbox 1434 1995 1789 2061; x_wconf 88' lang='lat' dir='ltr'><strong>contrarius,</strong></span> 
     </span>
    </p>
   </div>
   <div class='ocr_carea' id='block_1_35' title="bbox 178 2082 1790 2152">
    <p class='ocr_par' dir='ltr' id='par_1_35' title="bbox 178 2082 1790 2152">
     <span class='ocr_line' id='line_1_35' title="bbox 178 2082 1790 2152; baseline 0 -17"><span class='ocrx_word' id='word_1_249' title='bbox 178 2083 330 2137; x_wconf 86' lang='lat' dir='ltr'><strong>debita</strong></span> <span class='ocrx_word' id='word_1_250' title='bbox 356 2100 454 2138; x_wconf 86' lang='lat' dir='ltr'><strong>sua</strong></span> <span class='ocrx_word' id='word_1_251' title='bbox 475 2082 822 2151; x_wconf 87' lang='lat' dir='ltr'><strong>multiplicia</strong></span> <span class='ocrx_word' id='word_1_252' title='bbox 847 2082 927 2136; x_wconf 89' lang='lat' dir='ltr'><strong>illi</strong></span> <span class='ocrx_word' id='word_1_253' title='bbox 952 2082 1455 2152; x_wconf 88' lang='lat' dir='ltr'><strong>indulsit,tantum</strong></span> <span class='ocrx_word' id='word_1_254' title='bbox 1484 2085 1545 2136; x_wconf 93' lang='lat' dir='ltr'><strong>ut</strong></span> <span class='ocrx_word' id='word_1_255' title='bbox 1575 2082 1633 2135; x_wconf 92' lang='lat' dir='ltr'><strong>in</strong></span> <span class='ocrx_word' id='word_1_256' title='bbox 1656 2083 1790 2137; x_wconf 88' lang='lat' dir='ltr'><strong>reli-</strong></span> 
     </span>
    </p>
   </div>
   <div class='ocr_carea' id='block_1_36' title="bbox 171 2170 1787 2242">
    <p class='ocr_par' dir='ltr' id='par_1_36' title="bbox 171 2170 1787 2242">
     <span class='ocr_line' id='line_1_36' title="bbox 171 2170 1787 2242; baseline -0.001 -16"><span class='ocrx_word' id='word_1_257' title='bbox 171 2186 314 2241; x_wconf 83' lang='lat' dir='ltr'><strong>quum</strong></span> <span class='ocrx_word' id='word_1_258' title='bbox 357 2173 605 2242; x_wconf 90' lang='lat' dir='ltr'><strong>populus</strong></span> <span class='ocrx_word' id='word_1_259' title='bbox 648 2171 721 2224; x_wconf 90' lang='lat' dir='ltr'><strong>de</strong></span> <span class='ocrx_word' id='word_1_260' title='bbox 763 2185 832 2224; x_wconf 92' lang='lat' dir='ltr'><strong>eo</strong></span> <span class='ocrx_word' id='word_1_261' title='bbox 861 2185 1064 2239; x_wconf 89' lang='lat' dir='ltr'><strong>pacem</strong></span> <span class='ocrx_word' id='word_1_262' title='bbox 1114 2171 1174 2223; x_wconf 92' lang='lat' dir='ltr'><strong>in</strong></span> <span class='ocrx_word' id='word_1_263' title='bbox 1202 2170 1449 2225; x_wconf 87' lang='lat' dir='ltr'><strong>veritate</strong></span> <span class='ocrx_word' id='word_1_264' title='bbox 1495 2186 1787 2241; x_wconf 81' lang='lat' dir='ltr'><strong>quaerere,</strong></span> 
     </span>
    </p>
   </div>
   <div class='ocr_carea' id='block_1_37' title="bbox 173 2258 1792 2329">
    <p class='ocr_par' dir='ltr' id='par_1_37' title="bbox 173 2258 1792 2329">
     <span class='ocr_line' id='line_1_37' title="bbox 173 2258 1792 2329; baseline 0.002 -18"><span class='ocrx_word' id='word_1_265' title='bbox 173 2260 309 2313; x_wconf 86' lang='lat' dir='ltr'><strong>etiam</strong></span> <span class='ocrx_word' id='word_1_266' title='bbox 329 2276 449 2313; x_wconf 90' lang='lat' dir='ltr'><strong>cum</strong></span> <span class='ocrx_word' id='word_1_267' title='bbox 470 2261 745 2329; x_wconf 87' lang='lat' dir='ltr'><strong>dampno,</strong></span> <span class='ocrx_word' id='word_1_268' title='bbox 768 2258 821 2313; x_wconf 90' lang='lat' dir='ltr'><strong>si</strong></span> <span class='ocrx_word' id='word_1_269' title='bbox 851 2274 959 2328; x_wconf 89' lang='lat' dir='ltr'><strong>per</strong></span> <span class='ocrx_word' id='word_1_270' title='bbox 987 2258 1100 2313; x_wconf 92' lang='lat' dir='ltr'><strong>hoc</strong></span> <span class='ocrx_word' id='word_1_271' title='bbox 1119 2262 1325 2328; x_wconf 89' lang='lat' dir='ltr'><strong>posset</strong></span> <span class='ocrx_word' id='word_1_272' title='bbox 1355 2259 1503 2322; x_wconf 83' lang='lat' dir='ltr'><strong>ﬁeri,</strong></span> <span class='ocrx_word' id='word_1_273' title='bbox 1532 2260 1792 2329; x_wconf 85' lang='lat' dir='ltr'><strong>prepriee</strong></span> 
     </span>
    </p>
   </div>
   <div class='ocr_carea' id='block_1_38' title="bbox 171 2345 1795 2419">
    <p class='ocr_par' dir='ltr' id='par_1_38' title="bbox 171 2345 1795 2419">
     <span class='ocr_line' id='line_1_38' title="bbox 171 2345 1795 2419; baseline 0.001 -19"><span class='ocrx_word' id='word_1_274' title='bbox 171 2348 493 2417; x_wconf 60' lang='lat' dir='ltr'><strong>substantiae,</strong></span> <span class='ocrx_word' id='word_1_275' title='bbox 529 2348 633 2419; x_wconf 87' lang='lat' dir='ltr'><strong>qui</strong></span> <span class='ocrx_word' id='word_1_276' title='bbox 690 2347 773 2400; x_wconf 90' lang='lat' dir='ltr'><strong>illi</strong></span> <span class='ocrx_word' id='word_1_277' title='bbox 805 2350 866 2400; x_wconf 91' lang='lat' dir='ltr'><strong>ut</strong></span> <span class='ocrx_word' id='word_1_278' title='bbox 898 2347 1117 2400; x_wconf 91' lang='lat' dir='ltr'><strong>dictum</strong></span> <span class='ocrx_word' id='word_1_279' title='bbox 1148 2349 1256 2413; x_wconf 85' lang='lat' dir='ltr'><strong>est,</strong></span> <span class='ocrx_word' id='word_1_280' title='bbox 1285 2363 1392 2416; x_wconf 92' lang='lat' dir='ltr'><strong>pro</strong></span> <span class='ocrx_word' id='word_1_281' title='bbox 1422 2345 1503 2388; x_wconf 69' lang='grc'><strong>286</strong></span> <span class='ocrx_word' id='word_1_282' title='bbox 1529 2346 1641 2402; x_wconf 90' lang='lat' dir='ltr'><strong>hoc</strong></span> <span class='ocrx_word' id='word_1_283' title='bbox 1673 2348 1795 2402; x_wconf 90' lang='lat' dir='ltr'><strong>uni-</strong></span> 
     </span>
    </p>
   </div>
   <div class='ocr_carea' id='block_1_39' title="bbox 169 2435 945 2491">
    <p class='ocr_par' dir='ltr' id='par_1_39' title="bbox 169 2435 945 2491">
     <span class='ocr_line' id='line_1_39' title="bbox 169 2435 945 2491; baseline 0.005 -6"><span class='ocrx_word' id='word_1_284' title='bbox 169 2450 308 2489; x_wconf 84' lang='lat' dir='ltr'><strong>versa</strong></span> <span class='ocrx_word' id='word_1_285' title='bbox 335 2438 700 2491; x_wconf 81' lang='lat' dir='ltr'><strong>relaxaverat</strong></span> <span class='ocrx_word' id='word_1_286' title='bbox 731 2435 945 2489; x_wconf 89' lang='lat' dir='ltr'><strong>debita.</strong></span> 
     </span>
    </p>
   </div>
   <div class='ocr_carea' id='block_1_40' title="bbox 220 2523 1789 2596">
    <p class='ocr_par' dir='ltr' id='par_1_40' title="bbox 220 2523 1789 2596">
     <span class='ocr_line' id='line_1_40' title="bbox 220 2523 1789 2596; baseline 0.001 -19"><span class='ocrx_word' id='word_1_287' title='bbox 220 2523 291 2577; x_wconf 73' lang='grc'><strong>54.</strong></span> <span class='ocrx_word' id='word_1_288' title='bbox 316 2524 414 2579; x_wconf 85' lang='lat' dir='ltr'><strong>His</strong></span> <span class='ocrx_word' id='word_1_289' title='bbox 443 2526 519 2579; x_wconf 88' lang='lat' dir='ltr'><strong>ita</strong></span> <span class='ocrx_word' id='word_1_290' title='bbox 543 2525 760 2596; x_wconf 83' lang='lat' dir='ltr'><strong>gestis,</strong></span> <span class='ocrx_word' id='word_1_291' title='bbox 783 2524 1110 2577; x_wconf 89' lang='lat' dir='ltr'><strong>Balduinus</strong></span> <span class='ocrx_word' id='word_1_292' title='bbox 1137 2526 1277 2578; x_wconf 91' lang='lat' dir='ltr'><strong>tunc</strong></span> <span class='ocrx_word' id='word_1_293' title='bbox 1295 2524 1579 2594; x_wconf 90' lang='lat' dir='ltr'><strong>temporis</strong></span> <span class='ocrx_word' id='word_1_294' title='bbox 1610 2524 1789 2579; x_wconf 87' lang='lat' dir='ltr'><strong>Flan-</strong></span> 
     </span>
    </p>
   </div>
   <div class='ocr_carea' id='block_1_41' title="bbox 170 2610 1791 2683">
    <p class='ocr_par' dir='ltr' id='par_1_41' title="bbox 170 2610 1791 2683">
     <span class='ocr_line' id='line_1_41' title="bbox 170 2610 1791 2683; baseline 0.002 -20"><span class='ocrx_word' id='word_1_295' title='bbox 170 2610 425 2666; x_wconf 89' lang='lat' dir='ltr'><strong>drensium</strong></span> <span class='ocrx_word' id='word_1_296' title='bbox 443 2628 647 2667; x_wconf 88' lang='lat' dir='ltr'><strong>comes</strong></span> <span class='ocrx_word' id='word_1_297' title='bbox 666 2612 886 2666; x_wconf 88' lang='lat' dir='ltr'><strong>hortari</strong></span> <span class='ocrx_word' id='word_1_298' title='bbox 908 2613 1085 2681; x_wconf 70' lang='lat' dir='ltr'><strong>cmpit</strong></span> <span class='ocrx_word' id='word_1_299' title='bbox 1102 2612 1469 2682; x_wconf 82' lang='lat' dir='ltr'><strong>episcOpum,</strong></span> <span class='ocrx_word' id='word_1_300' title='bbox 1497 2615 1558 2666; x_wconf 92' lang='lat' dir='ltr'><strong>ut</strong></span> <span class='ocrx_word' id='word_1_301' title='bbox 1574 2613 1791 2683; x_wconf 90' lang='lat' dir='ltr'><strong>populo</strong></span> 
     </span>
    </p>
   </div>
   <div class='ocr_carea' id='block_1_42' title="bbox 170 2696 1791 2771">
    <p class='ocr_par' dir='ltr' id='par_1_42' title="bbox 170 2696 1791 2771">
     <span class='ocr_line' id='line_1_42' title="bbox 170 2696 1791 2771; baseline 0.003 -21"><span class='ocrx_word' id='word_1_302' title='bbox 170 2696 355 2769; x_wconf 83' lang='lat' dir='ltr'><strong>favens,</strong></span> <span class='ocrx_word' id='word_1_303' title='bbox 386 2717 588 2771; x_wconf 88' lang='lat' dir='ltr'><strong>pacem</strong></span> <span class='ocrx_word' id='word_1_304' title='bbox 623 2705 999 2755; x_wconf 89' lang='lat' dir='ltr'><strong>sacramento</strong></span> <span class='ocrx_word' id='word_1_305' title='bbox 1032 2701 1265 2754; x_wconf 83' lang='lat' dir='ltr'><strong>firmare</strong></span> <span class='ocrx_word' id='word_1_306' title='bbox 1294 2700 1552 2771; x_wconf 89' lang='lat' dir='ltr'><strong>juberet.</strong></span> <span class='ocrx_word' id='word_1_307' title='bbox 1587 2701 1689 2755; x_wconf 89' lang='lat' dir='ltr'><strong>Ille</strong></span> <span class='ocrx_word' id='word_1_308' title='bbox 1719 2717 1791 2755; x_wconf 90' lang='lat' dir='ltr'><strong>ne</strong></span> 
     </span>
    </p>
   </div>
   <div class='ocr_carea' id='block_1_43' title="bbox 172 2788 1792 2859">
    <p class='ocr_par' dir='ltr' id='par_1_43' title="bbox 172 2788 1792 2859">
     <span class='ocr_line' id='line_1_43' title="bbox 172 2788 1792 2859; baseline 0.003 -21"><span class='ocrx_word' id='word_1_309' title='bbox 172 2789 279 2840; x_wconf 88' lang='lat' dir='ltr'><strong>tunc</strong></span> <span class='ocrx_word' id='word_1_310' title='bbox 299 2790 522 2858; x_wconf 88' lang='lat' dir='ltr'><strong>quidem</strong></span> <span class='ocrx_word' id='word_1_311' title='bbox 552 2806 585 2843; x_wconf 90' lang='lat' dir='ltr'><strong>a</strong></span> <span class='ocrx_word' id='word_1_312' title='bbox 616 2804 803 2843; x_wconf 89' lang='lat' dir='ltr'><strong>sensu</strong></span> <span class='ocrx_word' id='word_1_313' title='bbox 836 2790 991 2842; x_wconf 92' lang='lat' dir='ltr'><strong>bono</strong></span> <span class='ocrx_word' id='word_1_314' title='bbox 1016 2788 1319 2857; x_wconf 80' lang='lat' dir='ltr'><strong>deficiens,</strong></span> <span class='ocrx_word' id='word_1_315' title='bbox 1344 2805 1461 2843; x_wconf 89' lang='lat' dir='ltr'><strong>non</strong></span> <span class='ocrx_word' id='word_1_316' title='bbox 1484 2789 1595 2843; x_wconf 88' lang='lat' dir='ltr'><strong>alia</strong></span> <span class='ocrx_word' id='word_1_317' title='bbox 1618 2805 1792 2859; x_wconf 86' lang='lat' dir='ltr'><strong>quam</strong></span> 
     </span>
    </p>
   </div>
   <div class='ocr_carea' id='block_1_44' title="bbox 165 2876 1791 2948">
    <p class='ocr_par' dir='ltr' id='par_1_44' title="bbox 165 2876 1791 2948">
     <span class='ocr_line' id='line_1_44' title="bbox 165 2876 1791 2948; baseline 0.002 -19"><span class='ocrx_word' id='word_1_318' title='bbox 165 2889 268 2944; x_wconf 74' lang='lat' dir='ltr'><strong>quae</strong></span> <span class='ocrx_word' id='word_1_319' title='bbox 292 2876 375 2930; x_wconf 84' lang='lat' dir='ltr'><strong>lex</strong></span> <span class='ocrx_word' id='word_1_320' title='bbox 404 2880 457 2931; x_wconf 89' lang='lat' dir='ltr'><strong>et</strong></span> <span class='ocrx_word' id='word_1_321' title='bbox 493 2877 873 2948; x_wconf 84' lang='lat' dir='ltr'><strong>evangelium</strong></span> <span class='ocrx_word' id='word_1_322' title='bbox 905 2876 1452 2947; x_wconf 88' lang='lat' dir='ltr'><strong>adnuntiat,jubere</strong></span> <span class='ocrx_word' id='word_1_323' title='bbox 1474 2877 1791 2947; x_wconf 90' lang='lat' dir='ltr'><strong>professus</strong></span> 
     </span>
    </p>
   </div>
   <div class='ocr_carea' id='block_1_45' title="bbox 1902 1812 3565 1882">
    <p class='ocr_par' dir='ltr' id='par_1_45' title="bbox 1902 1812 3565 1882">
     <span class='ocr_line' id='line_1_45' title="bbox 1902 1812 3565 1882; baseline 0.007 -18"><span class='ocrx_word' id='word_1_324' title='bbox 1902 1812 2203 1880; x_wconf 90' lang='lat' dir='ltr'><strong>parvulam</strong></span> <span class='ocrx_word' id='word_1_325' title='bbox 2236 1828 2416 1866; x_wconf 90' lang='lat' dir='ltr'><strong>secus</strong></span> <span class='ocrx_word' id='word_1_326' title='bbox 2464 1814 2657 1882; x_wconf 89' lang='lat' dir='ltr'><strong>ipsam</strong></span> <span class='ocrx_word' id='word_1_327' title='bbox 2688 1815 3019 1870; x_wconf 54' lang='lat' dir='ltr'><strong>civitatem-</strong></span> <span class='ocrx_word' id='word_1_328' title='bbox 3045 1816 3117 1871; x_wconf 92' lang='lat' dir='ltr'><strong>Et</strong></span> <span class='ocrx_word' id='word_1_329' title='bbox 3151 1834 3291 1873; x_wconf 90' lang='lat' dir='ltr'><strong>ecce</strong></span> <span class='ocrx_word' id='word_1_330' title='bbox 3329 1837 3363 1874; x_wconf 89' lang='lat' dir='ltr'><strong>a</strong></span> <span class='ocrx_word' id='word_1_331' title='bbox 3394 1837 3565 1876; x_wconf 89' lang='lat' dir='ltr'><strong>mane</strong></span> 
     </span>
    </p>
   </div>
   <div class='ocr_carea' id='block_1_46' title="bbox 1900 1901 3568 1979">
    <p class='ocr_par' dir='ltr' id='par_1_46' title="bbox 1900 1901 3568 1979">
     <span class='ocr_line' id='line_1_46' title="bbox 1900 1901 3568 1979; baseline 0.007 -27"><span class='ocrx_word' id='word_1_332' title='bbox 1900 1904 2204 1968; x_wconf 86' lang='lat' dir='ltr'><strong>coeperunt</strong></span> <span class='ocrx_word' id='word_1_333' title='bbox 2242 1901 2433 1954; x_wconf 90' lang='lat' dir='ltr'><strong>audiri</strong></span> <span class='ocrx_word' id='word_1_334' title='bbox 2473 1902 2763 1972; x_wconf 87' lang='lat' dir='ltr'><strong>tonitrua,</strong></span> <span class='ocrx_word' id='word_1_335' title='bbox 2815 1920 3135 1960; x_wconf 89' lang='lat' dir='ltr'><strong>coruscare</strong></span> <span class='ocrx_word' id='word_1_336' title='bbox 3176 1907 3412 1979; x_wconf 81' lang='lat' dir='ltr'><strong>fulgura</strong></span> <span class='ocrx_word' id='word_1_337' title='bbox 3449 1912 3568 1963; x_wconf 87' lang='lat' dir='ltr'><strong>tam</strong></span> 
     </span>
    </p>
   </div>
   <div class='ocr_carea' id='block_1_47' title="bbox 1905 1989 3570 2067">
    <p class='ocr_par' dir='ltr' id='par_1_47' title="bbox 1905 1989 3570 2067">
     <span class='ocr_line' id='line_1_47' title="bbox 1905 1989 3570 2067; baseline 0.006 -25"><span class='ocrx_word' id='word_1_338' title='bbox 1905 1989 2128 2060; x_wconf 86' lang='lat' dir='ltr'><strong>gravia,</strong></span> <span class='ocrx_word' id='word_1_339' title='bbox 2156 1991 2217 2042; x_wconf 88' lang='lat' dir='ltr'><strong>ut</strong></span> <span class='ocrx_word' id='word_1_340' title='bbox 2237 1990 2439 2059; x_wconf 90' lang='lat' dir='ltr'><strong>plures</strong></span> <span class='ocrx_word' id='word_1_341' title='bbox 2462 1990 2518 2044; x_wconf 91' lang='lat' dir='ltr'><strong>in</strong></span> <span class='ocrx_word' id='word_1_342' title='bbox 2542 1991 2817 2046; x_wconf 87' lang='lat' dir='ltr'><strong>domibus</strong></span> <span class='ocrx_word' id='word_1_343' title='bbox 2839 1997 3033 2048; x_wconf 87' lang='lat' dir='ltr'><strong>mente</strong></span> <span class='ocrx_word' id='word_1_344' title='bbox 3054 1995 3432 2067; x_wconf 85' lang='lat' dir='ltr'><strong>excederent,</strong></span> <span class='ocrx_word' id='word_1_345' title='bbox 3458 1998 3570 2051; x_wconf 89' lang='lat' dir='ltr'><strong>ali-</strong></span> 
     </span>
    </p>
   </div>
   <div class='ocr_carea' id='block_1_48' title="bbox 1901 2076 3576 2154">
    <p class='ocr_par' dir='ltr' id='par_1_48' title="bbox 1901 2076 3576 2154">
     <span class='ocr_line' id='line_1_48' title="bbox 1901 2076 3576 2154; baseline 0.007 -25"><span class='ocrx_word' id='word_1_346' title='bbox 1901 2077 2102 2146; x_wconf 88' lang='lat' dir='ltr'><strong>quanti</strong></span> <span class='ocrx_word' id='word_1_347' title='bbox 2133 2076 2475 2132; x_wconf 87' lang='lat' dir='ltr'><strong>exhalarent</strong></span> <span class='ocrx_word' id='word_1_348' title='bbox 2508 2079 2657 2133; x_wconf 88' lang='lat' dir='ltr'><strong>inter</strong></span> <span class='ocrx_word' id='word_1_349' title='bbox 2686 2081 3007 2135; x_wconf 90' lang='lat' dir='ltr'><strong>missarum</strong></span> <span class='ocrx_word' id='word_1_350' title='bbox 3040 2082 3234 2137; x_wconf 78' lang='lat' dir='ltr'><strong>ofﬁcia</strong></span> <span class='ocrx_word' id='word_1_351' title='bbox 3271 2081 3381 2154; x_wconf 66' lang='lat'><strong>290,</strong></span> <span class='ocrx_word' id='word_1_352' title='bbox 3416 2086 3576 2140; x_wconf 89' lang='lat' dir='ltr'><strong>sicut</strong></span> 
     </span>
    </p>
   </div>
   <div class='ocr_carea' id='block_1_49' title="bbox 1902 2165 3569 2240">
    <p class='ocr_par' dir='ltr' id='par_1_49' title="bbox 1902 2165 3569 2240">
     <span class='ocr_line' id='line_1_49' title="bbox 1902 2165 3569 2240; baseline 0.006 -23"><span class='ocrx_word' id='word_1_353' title='bbox 1902 2165 2099 2220; x_wconf 85' lang='lat' dir='ltr'><strong>Bruno</strong></span> <span class='ocrx_word' id='word_1_354' title='bbox 2120 2165 2440 2235; x_wconf 88' lang='lat' dir='ltr'><strong>episcopus</strong></span> <span class='ocrx_word' id='word_1_355' title='bbox 2461 2167 2629 2237; x_wconf 87' lang='lat'>(405),</span> <span class='ocrx_word' id='word_1_356' title='bbox 2664 2168 2765 2238; x_wconf 93' lang='lat' dir='ltr'><strong>qui</strong></span> <span class='ocrx_word' id='word_1_357' title='bbox 2785 2169 3029 2223; x_wconf 89' lang='lat' dir='ltr'><strong>missam</strong></span> <span class='ocrx_word' id='word_1_358' title='bbox 3052 2171 3284 2240; x_wconf 89' lang='lat' dir='ltr'><strong>cecinit,</strong></span> <span class='ocrx_word' id='word_1_359' title='bbox 3316 2174 3569 2227; x_wconf 89' lang='lat' dir='ltr'><strong>testatus</strong></span> 
     </span>
    </p>
   </div>
   <div class='ocr_carea' id='block_1_50' title="bbox 1904 2253 3567 2329">
    <p class='ocr_par' dir='ltr' id='par_1_50' title="bbox 1904 2253 3567 2329">
     <span class='ocr_line' id='line_1_50' title="bbox 1904 2253 3567 2329; baseline 0.006 -24"><span class='ocrx_word' id='word_1_360' title='bbox 1904 2256 2015 2306; x_wconf 91' lang='lat' dir='ltr'><strong>est.</strong></span> <span class='ocrx_word' id='word_1_361' title='bbox 2053 2253 2352 2307; x_wconf 88' lang='lat' dir='ltr'><strong>Bertulfus</strong></span> <span class='ocrx_word' id='word_1_362' title='bbox 2377 2254 2548 2307; x_wconf 90' lang='lat' dir='ltr'><strong>etiam</strong></span> <span class='ocrx_word' id='word_1_363' title='bbox 2570 2255 2808 2325; x_wconf 89' lang='lat' dir='ltr'><strong>quidam</strong></span> <span class='ocrx_word' id='word_1_364' title='bbox 2826 2259 3185 2312; x_wconf 88' lang='lat' dir='ltr'><strong>secretarius</strong></span> <span class='ocrx_word' id='word_1_365' title='bbox 3210 2259 3376 2329; x_wconf 88' lang='lat' dir='ltr'><strong>regis</strong></span> <span class='ocrx_word' id='word_1_366' title='bbox 3396 2276 3567 2315; x_wconf 88' lang='lat' dir='ltr'><strong>sanc-</strong></span> 
     </span>
    </p>
   </div>
   <div class='ocr_carea' id='block_1_51' title="bbox 1906 2342 3573 2417">
    <p class='ocr_par' dir='ltr' id='par_1_51' title="bbox 1906 2342 3573 2417">
     <span class='ocr_line' id='line_1_51' title="bbox 1906 2342 3573 2417; baseline 0.005 -22"><span class='ocrx_word' id='word_1_367' title='bbox 1906 2344 2026 2395; x_wconf 90' lang='lat' dir='ltr'><strong>tum</strong></span> <span class='ocrx_word' id='word_1_368' title='bbox 2058 2357 2124 2396; x_wconf 91' lang='lat' dir='ltr'><strong>se</strong></span> <span class='ocrx_word' id='word_1_369' title='bbox 2157 2342 2381 2396; x_wconf 89' lang='lat' dir='ltr'><strong>vidisse</strong></span> <span class='ocrx_word' id='word_1_370' title='bbox 2411 2342 2559 2396; x_wconf 82' lang='lat' dir='ltr'><strong>dixit</strong></span> <span class='ocrx_word' id='word_1_371' title='bbox 2587 2343 2987 2412; x_wconf 84' lang='lat' dir='ltr'><strong>Ambrosium,</strong></span> <span class='ocrx_word' id='word_1_372' title='bbox 3023 2362 3131 2415; x_wconf 90' lang='lat' dir='ltr'><strong>pro</strong></span> <span class='ocrx_word' id='word_1_373' title='bbox 3163 2346 3258 2401; x_wconf 89' lang='lat' dir='ltr'><strong>his</strong></span> <span class='ocrx_word' id='word_1_374' title='bbox 3289 2362 3423 2417; x_wconf 84' lang='lat' dir='ltr'><strong>quae</strong></span> <span class='ocrx_word' id='word_1_375' title='bbox 3465 2363 3573 2403; x_wconf 85' lang='lat' dir='ltr'><strong>rex</strong></span> 
     </span>
    </p>
   </div>
   <div class='ocr_carea' id='block_1_52' title="bbox 1898 2430 3568 2503">
    <p class='ocr_par' dir='ltr' id='par_1_52' title="bbox 1898 2430 3568 2503">
     <span class='ocr_line' id='line_1_52' title="bbox 1898 2430 3568 2503; baseline 0.005 -21"><span class='ocrx_word' id='word_1_376' title='bbox 1898 2431 2049 2483; x_wconf 91' lang='lat' dir='ltr'><strong>male</strong></span> <span class='ocrx_word' id='word_1_377' title='bbox 2082 2431 2353 2502; x_wconf 87' lang='lat' dir='ltr'><strong>gerebat,</strong></span> <span class='ocrx_word' id='word_1_378' title='bbox 2388 2430 2787 2503; x_wconf 86' lang='lat' dir='ltr'><strong>indignatione</strong></span> <span class='ocrx_word' id='word_1_379' title='bbox 2828 2436 3200 2489; x_wconf 89' lang='lat' dir='ltr'><strong>commotum.</strong></span> <span class='ocrx_word' id='word_1_380' title='bbox 3243 2436 3388 2490; x_wconf 90' lang='lat' dir='ltr'><strong>Post</strong></span> <span class='ocrx_word' id='word_1_381' title='bbox 3434 2436 3568 2491; x_wconf 58' lang='lat' dir='ltr'><strong>hac</strong></span> 
     </span>
    </p>
   </div>
   <div class='ocr_carea' id='block_1_53' title="bbox 1898 2517 3562 2591">
    <p class='ocr_par' dir='ltr' id='par_1_53' title="bbox 1898 2517 3562 2591">
     <span class='ocr_line' id='line_1_53' title="bbox 1898 2517 3562 2591; baseline 0.004 -20"><span class='ocrx_word' id='word_1_382' title='bbox 1898 2517 2102 2572; x_wconf 89' lang='lat' dir='ltr'><strong>relicto</strong></span> <span class='ocrx_word' id='word_1_383' title='bbox 2155 2518 2267 2572; x_wconf 91' lang='lat' dir='ltr'><strong>hoc</strong></span> <span class='ocrx_word' id='word_1_384' title='bbox 2317 2519 2554 2589; x_wconf 85' lang='lat' dir='ltr'><strong>negotio</strong></span> <span class='ocrx_word' id='word_1_385' title='bbox 2603 2520 2959 2591; x_wconf 85' lang='lat' dir='ltr'><strong>inperfecto,</strong></span> <span class='ocrx_word' id='word_1_386' title='bbox 3003 2523 3114 2577; x_wconf 88' lang='lat' dir='ltr'><strong>iter</strong></span> <span class='ocrx_word' id='word_1_387' title='bbox 3152 2520 3442 2578; x_wconf 77' lang='lat' dir='ltr'><strong>convertit</strong></span> <span class='ocrx_word' id='word_1_388' title='bbox 3473 2524 3562 2578; x_wconf 94' lang='lat' dir='ltr'><strong>cis</strong></span> 
     </span>
    </p>
   </div>
   <div class='ocr_carea' id='block_1_54' title="bbox 1898 2604 3566 2684">
    <p class='ocr_par' dir='ltr' id='par_1_54' title="bbox 1898 2604 3566 2684">
     <span class='ocr_line' id='line_1_54' title="bbox 1898 2604 3566 2684; baseline 0.006 -26"><span class='ocrx_word' id='word_1_389' title='bbox 1898 2606 2082 2675; x_wconf 86' lang='lat' dir='ltr'><strong>Alpes</strong></span> <span class='ocrx_word' id='word_1_390' title='bbox 2112 2606 2229 2676; x_wconf 85' lang='lat' dir='ltr'><strong>(an.</strong></span> <span class='ocrx_word' id='word_1_391' title='bbox 2265 2604 2434 2675; x_wconf 76' lang='lat'>1039,</span> <span class='ocrx_word' id='word_1_392' title='bbox 2484 2607 2695 2679; x_wconf 64' lang='lat' dir='ltr'><strong>Aug),</strong></span> <span class='ocrx_word' id='word_1_393' title='bbox 2729 2624 2838 2663; x_wconf 91' lang='lat' dir='ltr'><strong>nec</strong></span> <span class='ocrx_word' id='word_1_394' title='bbox 2868 2610 3050 2665; x_wconf 90' lang='lat' dir='ltr'><strong>multo</strong></span> <span class='ocrx_word' id='word_1_395' title='bbox 3100 2616 3236 2681; x_wconf 91' lang='lat' dir='ltr'><strong>post</strong></span> <span class='ocrx_word' id='word_1_396' title='bbox 3273 2612 3566 2684; x_wconf 87' lang='lat' dir='ltr'><strong>languore</strong></span> 
     </span>
    </p>
   </div>
   <div class='ocr_carea' id='block_1_55' title="bbox 1843 2691 3568 2771">
    <p class='ocr_par' dir='ltr' id='par_1_55' title="bbox 1843 2691 3568 2771">
     <span class='ocr_line' id='line_1_55' title="bbox 1843 2691 3568 2771; baseline 0.004 -22"><span class='ocrx_word' id='word_1_397' title='bbox 1843 2744 1848 2749; x_wconf 92' lang='lat'><strong>.</strong></span> <span class='ocrx_word' id='word_1_398' title='bbox 1897 2694 2152 2748; x_wconf 85' lang='lat' dir='ltr'><strong>afﬂictus</strong></span> <span class='ocrx_word' id='word_1_399' title='bbox 2203 2691 2431 2764; x_wconf 54' lang='lat' dir='ltr'><strong>estw;</strong></span> <span class='ocrx_word' id='word_1_400' title='bbox 2465 2699 2521 2751; x_wconf 91' lang='lat' dir='ltr'><strong>et</strong></span> <span class='ocrx_word' id='word_1_401' title='bbox 2558 2697 2676 2750; x_wconf 90' lang='lat' dir='ltr'><strong>vita</strong></span> <span class='ocrx_word' id='word_1_402' title='bbox 2730 2698 2884 2767; x_wconf 89' lang='lat' dir='ltr'><strong>apud</strong></span> <span class='ocrx_word' id='word_1_403' title='bbox 2930 2699 3271 2771; x_wconf 88' lang='lat' dir='ltr'><strong>Trajectum</strong></span> <span class='ocrx_word' id='word_1_404' title='bbox 3300 2702 3568 2771; x_wconf 88' lang='lat' dir='ltr'><strong>privatus</strong></span> 
     </span>
    </p>
   </div>
   <div class='ocr_carea' id='block_1_56' title="bbox 1899 2781 3569 2861">
    <p class='ocr_par' dir='ltr' id='par_1_56' title="bbox 1899 2781 3569 2861">
     <span class='ocr_line' id='line_1_56' title="bbox 1899 2781 3569 2861; baseline 0.006 -26"><span class='ocrx_word' id='word_1_405' title='bbox 1899 2783 2014 2851; x_wconf 88' lang='lat' dir='ltr'><strong>(an.</strong></span> <span class='ocrx_word' id='word_1_406' title='bbox 2052 2781 2209 2852; x_wconf 87' lang='grc'><strong>1039,</strong></span> <span class='ocrx_word' id='word_1_407' title='bbox 2242 2783 2374 2837; x_wconf 83' lang='lat' dir='ltr'><strong>Jun.</strong></span> <span class='ocrx_word' id='word_1_408' title='bbox 2405 2784 2483 2853; x_wconf 83' lang='lat'><strong>4),</strong></span> <span class='ocrx_word' id='word_1_409' title='bbox 2535 2785 2859 2840; x_wconf 86' lang='lat' dir='ltr'><strong>Henricum</strong></span> <span class='ocrx_word' id='word_1_410' title='bbox 2891 2788 3077 2842; x_wconf 85' lang='lat' dir='ltr'><strong>filium</strong></span> <span class='ocrx_word' id='word_1_411' title='bbox 3108 2804 3283 2844; x_wconf 91' lang='lat' dir='ltr'><strong>suum</strong></span> <span class='ocrx_word' id='word_1_412' title='bbox 3313 2790 3485 2861; x_wconf 87' lang='lat' dir='ltr'><strong>regni</strong></span> <span class='ocrx_word' id='word_1_413' title='bbox 3511 2794 3569 2845; x_wconf 89' lang='lat' dir='ltr'><strong>et</strong></span> 
     </span>
    </p>
   </div>
   <div class='ocr_carea' id='block_1_57' title="bbox 1899 2870 3569 2947">
    <p class='ocr_par' dir='ltr' id='par_1_57' title="bbox 1899 2870 3569 2947">
     <span class='ocr_line' id='line_1_57' title="bbox 1899 2870 3569 2947; baseline 0.005 -24"><span class='ocrx_word' id='word_1_414' title='bbox 1899 2870 2122 2925; x_wconf 89' lang='lat' dir='ltr'><strong>laboris</strong></span> <span class='ocrx_word' id='word_1_415' title='bbox 2146 2872 2368 2926; x_wconf 88' lang='lat' dir='ltr'><strong>dimisit</strong></span> <span class='ocrx_word' id='word_1_416' title='bbox 2391 2872 2691 2928; x_wconf 90' lang='lat' dir='ltr'><strong>heredem.</strong></span> <span class='ocrx_word' id='word_1_417' title='bbox 2716 2874 2808 2928; x_wconf 82' lang='lat' dir='ltr'><strong>Ad</strong></span> <span class='ocrx_word' id='word_1_418' title='bbox 2830 2891 3005 2945; x_wconf 89' lang='lat' dir='ltr'><strong>quem</strong></span> <span class='ocrx_word' id='word_1_419' title='bbox 3027 2877 3387 2946; x_wconf 87' lang='lat' dir='ltr'><strong>saepedictus</strong></span> <span class='ocrx_word' id='word_1_420' title='bbox 3417 2894 3569 2947; x_wconf 91' lang='lat' dir='ltr'><strong>pon-</strong></span> 
     </span>
    </p>
   </div>
   <div class='ocr_carea' id='block_1_58' title="bbox 165 2959 3569 3037">
    <p class='ocr_par' dir='ltr' id='par_1_58' title="bbox 165 2959 3569 3037">
     <span class='ocr_line' id='line_1_58' title="bbox 165 2959 3569 3037; baseline 0.005 -24"><span class='ocrx_word' id='word_1_421' title='bbox 165 2966 252 3016; x_wconf 87' lang='lat' dir='ltr'><strong>est.</strong></span> <span class='ocrx_word' id='word_1_422' title='bbox 279 2963 523 3019; x_wconf 84' lang='lat' dir='ltr'><strong>Tandem</strong></span> <span class='ocrx_word' id='word_1_423' title='bbox 557 2965 738 3020; x_wconf 63' lang='lat' dir='ltr'><strong>taedio</strong></span> <span class='ocrx_word' id='word_1_424' title='bbox 761 2966 976 3033; x_wconf 84' lang='lat' dir='ltr'><strong>victus,</strong></span> <span class='ocrx_word' id='word_1_425' title='bbox 1011 2965 1164 3018; x_wconf 90' lang='lat' dir='ltr'><strong>inter</strong></span> <span class='ocrx_word' id='word_1_426' title='bbox 1194 2966 1458 3019; x_wconf 80' lang='lat' dir='ltr'><strong>confines</strong></span> <span class='ocrx_word' id='word_1_427' title='bbox 1490 2965 1790 3020; x_wconf 86' lang='lat' dir='ltr'><strong>Cameraci</strong></span> <span class='ocrx_word' id='word_1_428' title='bbox 1824 2961 1874 3022; x_wconf 93' lang='lat' dir='ltr'><strong>C</strong></span> <span class='ocrx_word' id='word_1_429' title='bbox 1900 2959 2046 3013; x_wconf 58' lang='lat' dir='ltr'><strong>“fex</strong></span> <span class='ocrx_word' id='word_1_430' title='bbox 2076 2959 2534 3037; x_wconf 39' lang='lat' dir='ltr'><strong>iensrmanibus</strong></span> <span class='ocrx_word' id='word_1_431' title='bbox 2576 2977 2642 3015; x_wconf 75' lang='lat' dir='ltr'><strong>SB</strong></span> <span class='ocrx_word' id='word_1_432' title='bbox 2673 2962 2832 3017; x_wconf 76' lang='lat' dir='ltr'><strong>illius</strong></span> <span class='ocrx_word' id='word_1_433' title='bbox 2878 2965 3190 3034; x_wconf 67' lang='lat' dir='ltr'><strong>CommiSit,</strong></span> <span class='ocrx_word' id='word_1_434' title='bbox 3233 2966 3569 3037; x_wconf 78' lang='lat' dir='ltr'><strong>pariterque</strong></span> 
     </span>
    </p>
   </div>
   <div class='ocr_carea' id='block_1_59' title="bbox 166 3051 1789 3124">
    <p class='ocr_par' dir='ltr' id='par_1_59' title="bbox 166 3051 1789 3124">
     <span class='ocr_line' id='line_1_59' title="bbox 166 3051 1789 3124; baseline 0.005 -24"><span class='ocrx_word' id='word_1_435' title='bbox 166 3052 208 3101; x_wconf 87' lang='lat' dir='ltr'><strong>et</strong></span> <span class='ocrx_word' id='word_1_436' title='bbox 234 3051 471 3107; x_wconf 80' lang='lat' dir='ltr'><strong>Atrebati</strong></span> <span class='ocrx_word' id='word_1_437' title='bbox 518 3054 726 3107; x_wconf 88' lang='lat' dir='ltr'><strong>multis</strong></span> <span class='ocrx_word' id='word_1_438' title='bbox 769 3057 1108 3107; x_wconf 89' lang='lat' dir='ltr'><strong>sanctorum</strong></span> <span class='ocrx_word' id='word_1_439' title='bbox 1160 3054 1514 3123; x_wconf 89' lang='lat' dir='ltr'><strong>corporibus</strong></span> <span class='ocrx_word' id='word_1_440' title='bbox 1557 3053 1789 3124; x_wconf 87' lang='lat' dir='ltr'><strong>delatis,</strong></span> 
     </span>
    </p>
   </div>
   <div class='ocr_carea' id='block_1_60' title="bbox 164 3140 1791 3212">
    <p class='ocr_par' dir='ltr' id='par_1_60' title="bbox 164 3140 1791 3212">
     <span class='ocr_line' id='line_1_60' title="bbox 164 3140 1791 3212; baseline 0.004 -23"><span class='ocrx_word' id='word_1_441' title='bbox 164 3151 269 3191; x_wconf 85' lang='lat' dir='ltr'><strong>eum</strong></span> <span class='ocrx_word' id='word_1_442' title='bbox 295 3141 535 3196; x_wconf 87' lang='lat' dir='ltr'><strong>maxima</strong></span> <span class='ocrx_word' id='word_1_443' title='bbox 557 3141 732 3196; x_wconf 82' lang='lat' dir='ltr'><strong>turba</strong></span> <span class='ocrx_word' id='word_1_444' title='bbox 752 3140 825 3195; x_wconf 89' lang='lat' dir='ltr'><strong>ad</strong></span> <span class='ocrx_word' id='word_1_445' title='bbox 855 3141 1049 3195; x_wconf 92' lang='lat' dir='ltr'><strong>locum</strong></span> <span class='ocrx_word' id='word_1_446' title='bbox 1071 3140 1444 3212; x_wconf 87' lang='lat' dir='ltr'><strong>designatum</strong></span> <span class='ocrx_word' id='word_1_447' title='bbox 1477 3142 1656 3195; x_wconf 86' lang='lat' dir='ltr'><strong>venit.</strong></span> <span class='ocrx_word' id='word_1_448' title='bbox 1674 3141 1791 3196; x_wconf 90' lang='lat' dir='ltr'><strong>Sed</strong></span> 
     </span>
    </p>
   </div>
   <div class='ocr_carea' id='block_1_61' title="bbox 167 3226 1792 3299">
    <p class='ocr_par' dir='ltr' id='par_1_61' title="bbox 167 3226 1792 3299">
     <span class='ocr_line' id='line_1_61' title="bbox 167 3226 1792 3299; baseline 0.003 -22"><span class='ocrx_word' id='word_1_449' title='bbox 167 3239 222 3278; x_wconf 85' lang='lat' dir='ltr'><strong>ne</strong></span> <span class='ocrx_word' id='word_1_450' title='bbox 256 3226 342 3280; x_wconf 88' lang='lat' dir='ltr'><strong>hic</strong></span> <span class='ocrx_word' id='word_1_451' title='bbox 379 3229 621 3299; x_wconf 88' lang='lat' dir='ltr'><strong>quidem</strong></span> <span class='ocrx_word' id='word_1_452' title='bbox 651 3229 975 3283; x_wconf 88' lang='lat' dir='ltr'><strong>feriabatur</strong></span> <span class='ocrx_word' id='word_1_453' title='bbox 1003 3226 1080 3271; x_wconf 65' lang='grc'><strong>28⁷</strong></span> <span class='ocrx_word' id='word_1_454' title='bbox 1112 3229 1438 3298; x_wconf 89' lang='lat' dir='ltr'><strong>Walterus,</strong></span> <span class='ocrx_word' id='word_1_455' title='bbox 1486 3245 1642 3283; x_wconf 91' lang='lat' dir='ltr'><strong>nunc</strong></span> <span class='ocrx_word' id='word_1_456' title='bbox 1673 3230 1792 3282; x_wconf 90' lang='lat' dir='ltr'><strong>cir-</strong></span> 
     </span>
    </p>
   </div>
   <div class='ocr_carea' id='block_1_62' title="bbox 163 3316 1796 3385">
    <p class='ocr_par' dir='ltr' id='par_1_62' title="bbox 163 3316 1796 3385">
     <span class='ocr_line' id='line_1_62' title="bbox 163 3316 1796 3385; baseline 0.004 -21"><span class='ocrx_word' id='word_1_457' title='bbox 163 3316 434 3385; x_wconf 87' lang='lat' dir='ltr'><strong>cumcirca,</strong></span> <span class='ocrx_word' id='word_1_458' title='bbox 470 3333 631 3371; x_wconf 90' lang='lat' dir='ltr'><strong>nunc</strong></span> <span class='ocrx_word' id='word_1_459' title='bbox 664 3317 828 3371; x_wconf 90' lang='lat' dir='ltr'><strong>foras</strong></span> <span class='ocrx_word' id='word_1_460' title='bbox 860 3320 917 3371; x_wconf 91' lang='lat' dir='ltr'><strong>et</strong></span> <span class='ocrx_word' id='word_1_461' title='bbox 945 3318 1093 3371; x_wconf 87' lang='lat' dir='ltr'><strong>intra</strong></span> <span class='ocrx_word' id='word_1_462' title='bbox 1124 3317 1434 3372; x_wconf 90' lang='lat' dir='ltr'><strong>ambulans</strong></span> <span class='ocrx_word' id='word_1_463' title='bbox 1475 3322 1531 3372; x_wconf 89' lang='lat' dir='ltr'><strong>et</strong></span> <span class='ocrx_word' id='word_1_464' title='bbox 1569 3318 1796 3372; x_wconf 90' lang='lat' dir='ltr'><strong>mussi-</strong></span> 
     </span>
    </p>
   </div>
   <div class='ocr_carea' id='block_1_63' title="bbox 165 3402 1796 3477">
    <p class='ocr_par' dir='ltr' id='par_1_63' title="bbox 165 3402 1796 3477">
     <span class='ocr_line' id='line_1_63' title="bbox 165 3402 1796 3477; baseline 0.004 -24"><span class='ocrx_word' id='word_1_465' title='bbox 165 3402 283 3471; x_wconf 82' lang='lat' dir='ltr'><strong>tans,</strong></span> <span class='ocrx_word' id='word_1_466' title='bbox 312 3403 461 3458; x_wconf 88' lang='lat' dir='ltr'><strong>hunc</strong></span> <span class='ocrx_word' id='word_1_467' title='bbox 492 3420 835 3477; x_wconf 86' lang='lat' dir='ltr'><strong>repugnare</strong></span> <span class='ocrx_word' id='word_1_468' title='bbox 862 3406 1015 3475; x_wconf 84' lang='lat' dir='ltr'><strong>paci,</strong></span> <span class='ocrx_word' id='word_1_469' title='bbox 1066 3406 1124 3459; x_wconf 90' lang='lat' dir='ltr'><strong>in</strong></span> <span class='ocrx_word' id='word_1_470' title='bbox 1158 3409 1379 3460; x_wconf 90' lang='lat' dir='ltr'><strong>tantum</strong></span> <span class='ocrx_word' id='word_1_471' title='bbox 1411 3409 1473 3460; x_wconf 91' lang='lat' dir='ltr'><strong>ut</strong></span> <span class='ocrx_word' id='word_1_472' title='bbox 1515 3406 1796 3476; x_wconf 89' lang='lat' dir='ltr'><strong>populum</strong></span> 
     </span>
    </p>
   </div>
   <div class='ocr_carea' id='block_1_64' title="bbox 162 3492 1797 3565">
    <p class='ocr_par' dir='ltr' id='par_1_64' title="bbox 162 3492 1797 3565">
     <span class='ocr_line' id='line_1_64' title="bbox 162 3492 1797 3565; baseline 0.004 -24"><span class='ocrx_word' id='word_1_473' title='bbox 162 3496 517 3548; x_wconf 87' lang='lat' dir='ltr'><strong>commoveret</strong></span> <span class='ocrx_word' id='word_1_474' title='bbox 539 3508 729 3563; x_wconf 90' lang='lat' dir='ltr'><strong>prope</strong></span> <span class='ocrx_word' id='word_1_475' title='bbox 758 3493 830 3547; x_wconf 90' lang='lat' dir='ltr'><strong>ad</strong></span> <span class='ocrx_word' id='word_1_476' title='bbox 857 3492 1225 3548; x_wconf 87' lang='lat' dir='ltr'><strong>inferendam</strong></span> <span class='ocrx_word' id='word_1_477' title='bbox 1252 3494 1390 3547; x_wconf 86' lang='lat' dir='ltr'><strong>vim.</strong></span> <span class='ocrx_word' id='word_1_478' title='bbox 1424 3493 1532 3558; x_wconf 91' lang='lat' dir='ltr'><strong>Qui</strong></span> <span class='ocrx_word' id='word_1_479' title='bbox 1559 3495 1797 3565; x_wconf 86' lang='lat' dir='ltr'><strong>minime</strong></span> 
     </span>
    </p>
   </div>
   <div class='ocr_carea' id='block_1_65' title="bbox 162 3575 1796 3652">
    <p class='ocr_par' dir='ltr' id='par_1_65' title="bbox 162 3575 1796 3652">
     <span class='ocr_line' id='line_1_65' title="bbox 162 3575 1796 3652; baseline 0.006 -24"><span class='ocrx_word' id='word_1_480' title='bbox 162 3575 361 3644; x_wconf 86' lang='lat' dir='ltr'><strong>fractus,</strong></span> <span class='ocrx_word' id='word_1_481' title='bbox 394 3582 555 3636; x_wconf 87' lang='lat' dir='ltr'><strong>hunc</strong></span> <span class='ocrx_word' id='word_1_482' title='bbox 588 3581 824 3651; x_wconf 89' lang='lat' dir='ltr'><strong>publice</strong></span> <span class='ocrx_word' id='word_1_483' title='bbox 869 3581 967 3635; x_wconf 88' lang='lat' dir='ltr'><strong>tali</strong></span> <span class='ocrx_word' id='word_1_484' title='bbox 998 3583 1171 3636; x_wconf 92' lang='lat' dir='ltr'><strong>modo</strong></span> <span class='ocrx_word' id='word_1_485' title='bbox 1205 3598 1313 3652; x_wconf 91' lang='lat' dir='ltr'><strong>pro</strong></span> <span class='ocrx_word' id='word_1_486' title='bbox 1344 3578 1796 3637; x_wconf 69' lang='lat' dir='ltr'><strong>coni‘utanda288</strong></span> 
     </span>
    </p>
   </div>
   <div class='ocr_carea' id='block_1_66' title="bbox 159 3664 1796 3737">
    <p class='ocr_par' dir='ltr' id='par_1_66' title="bbox 159 3664 1796 3737">
     <span class='ocr_line' id='line_1_66' title="bbox 159 3664 1796 3737; baseline 0.004 -19"><span class='ocrx_word' id='word_1_487' title='bbox 159 3664 265 3733; x_wconf 85' lang='lat' dir='ltr'><strong>ejus</strong></span> <span class='ocrx_word' id='word_1_488' title='bbox 288 3669 497 3723; x_wconf 87' lang='lat' dir='ltr'><strong>malitia</strong></span> <span class='ocrx_word' id='word_1_489' title='bbox 528 3670 832 3724; x_wconf 89' lang='lat' dir='ltr'><strong>allocutus</strong></span> <span class='ocrx_word' id='word_1_490' title='bbox 877 3672 988 3737; x_wconf 91' lang='lat' dir='ltr'><strong>est,</strong></span> <span class='ocrx_word' id='word_1_491' title='bbox 1024 3671 1229 3725; x_wconf 91' lang='lat' dir='ltr'><strong>dicens</strong></span> <span class='ocrx_word' id='word_1_492' title='bbox 1262 3688 1274 3725; x_wconf 90' lang='lat'><strong>:</strong></span> <span class='ocrx_word' id='word_1_493' title='bbox 1315 3693 1337 3720; x_wconf 73' lang='grc' dir='ltr'><strong>α</strong></span> <span class='ocrx_word' id='word_1_494' title='bbox 1372 3671 1612 3725; x_wconf 89' lang='lat' dir='ltr'><strong>Pictura</strong></span> <span class='ocrx_word' id='word_1_495' title='bbox 1653 3670 1796 3725; x_wconf 91' lang='lat' dir='ltr'><strong>insi-</strong></span> 
     </span>
    </p>
   </div>
   <div class='ocr_carea' id='block_1_67' title="bbox 161 3757 1794 3830">
    <p class='ocr_par' dir='ltr' id='par_1_67' title="bbox 161 3757 1794 3830">
     <span class='ocr_line' id='line_1_67' title="bbox 161 3757 1794 3830; baseline 0.007 -27"><span class='ocrx_word' id='word_1_496' title='bbox 161 3759 268 3807; x_wconf 82' lang='lat' dir='ltr'><strong>nuat</strong></span> <span class='ocrx_word' id='word_1_497' title='bbox 306 3757 630 3828; x_wconf 89' lang='lat' dir='ltr'><strong>imaginem</strong></span> <span class='ocrx_word' id='word_1_498' title='bbox 677 3757 894 3811; x_wconf 88' lang='lat' dir='ltr'><strong>diaboli</strong></span> <span class='ocrx_word' id='word_1_499' title='bbox 945 3758 1018 3811; x_wconf 88' lang='lat' dir='ltr'><strong>ad</strong></span> <span class='ocrx_word' id='word_1_500' title='bbox 1061 3775 1267 3813; x_wconf 90' lang='lat' dir='ltr'><strong>aurem</strong></span> <span class='ocrx_word' id='word_1_501' title='bbox 1307 3763 1469 3814; x_wconf 88' lang='lat' dir='ltr'><strong>stare</strong></span> <span class='ocrx_word' id='word_1_502' title='bbox 1515 3759 1794 3830; x_wconf 89' lang='lat' dir='ltr'><strong>Simonis,</strong></span> 
     </span>
    </p>
   </div>
   <div class='ocr_carea' id='block_1_68' title="bbox 158 3846 1797 3917">
    <p class='ocr_par' dir='ltr' id='par_1_68' title="bbox 158 3846 1797 3917">
     <span class='ocr_line' id='line_1_68' title="bbox 158 3846 1797 3917; baseline 0.005 -25"><span class='ocrx_word' id='word_1_503' title='bbox 158 3849 546 3914; x_wconf 81' lang='lat' dir='ltr'><strong>suggerentem</strong></span> <span class='ocrx_word' id='word_1_504' title='bbox 584 3861 722 3917; x_wconf 68' lang='lat' dir='ltr'><strong>qum</strong></span> <span class='ocrx_word' id='word_1_505' title='bbox 754 3861 900 3900; x_wconf 89' lang='lat' dir='ltr'><strong>voce</strong></span> <span class='ocrx_word' id='word_1_506' title='bbox 929 3846 1224 3916; x_wconf 86' lang='lat' dir='ltr'><strong>proferret</strong></span> <span class='ocrx_word' id='word_1_507' title='bbox 1244 3847 1538 3901; x_wconf 88' lang='lat' dir='ltr'><strong>adversus</strong></span> <span class='ocrx_word' id='word_1_508' title='bbox 1560 3848 1797 3902; x_wconf 89' lang='lat' dir='ltr'><strong>Petrum</strong></span> 
     </span>
    </p>
   </div>
   <div class='ocr_carea' id='block_1_69' title="bbox 157 3933 1795 4006">
    <p class='ocr_par' dir='ltr' id='par_1_69' title="bbox 157 3933 1795 4006">
     <span class='ocr_line' id='line_1_69' title="bbox 157 3933 1795 4006; baseline 0.007 -27"><span class='ocrx_word' id='word_1_509' title='bbox 157 3933 446 3996; x_wconf 74' lang='lat' dir='ltr'><strong>apostolum</strong></span> <span class='ocrx_word' id='word_1_510' title='bbox 480 3933 879 3989; x_wconf 86' lang='lat' dir='ltr'><strong>contendens.</strong></span> <span class='ocrx_word' id='word_1_511' title='bbox 915 3934 1041 3988; x_wconf 89' lang='lat' dir='ltr'><strong>Nec</strong></span> <span class='ocrx_word' id='word_1_512' title='bbox 1072 3938 1168 3988; x_wconf 90' lang='lat' dir='ltr'><strong>tua</strong></span> <span class='ocrx_word' id='word_1_513' title='bbox 1198 3938 1253 3989; x_wconf 89' lang='lat' dir='ltr'><strong>te</strong></span> <span class='ocrx_word' id='word_1_514' title='bbox 1282 3935 1465 3989; x_wconf 88' lang='lat' dir='ltr'><strong>refert</strong></span> <span class='ocrx_word' id='word_1_515' title='bbox 1487 3936 1659 4003; x_wconf 87' lang='lat' dir='ltr'><strong>actio,</strong></span> <span class='ocrx_word' id='word_1_516' title='bbox 1696 3936 1795 4006; x_wconf 89' lang='lat' dir='ltr'><strong>qui</strong></span> 
     </span>
    </p>
   </div>
   <div class='ocr_carea' id='block_1_70' title="bbox 157 4016 1790 4094">
    <p class='ocr_par' dir='ltr' id='par_1_70' title="bbox 157 4016 1790 4094">
     <span class='ocr_line' id='line_1_70' title="bbox 157 4016 1790 4094; baseline 0.005 -24"><span class='ocrx_word' id='word_1_517' title='bbox 157 4016 213 4070; x_wconf 85' lang='lat' dir='ltr'><strong>ad</strong></span> <span class='ocrx_word' id='word_1_518' title='bbox 230 4020 424 4076; x_wconf 87' lang='lat' dir='ltr'><strong>malum</strong></span> <span class='ocrx_word' id='word_1_519' title='bbox 442 4023 517 4077; x_wconf 91' lang='lat' dir='ltr'><strong>ad</strong></span> <span class='ocrx_word' id='word_1_520' title='bbox 531 4022 699 4094; x_wconf 89' lang='lat' dir='ltr'><strong>quod</strong></span> <span class='ocrx_word' id='word_1_521' title='bbox 717 4038 833 4077; x_wconf 93' lang='lat' dir='ltr'><strong>non</strong></span> <span class='ocrx_word' id='word_1_522' title='bbox 858 4021 1113 4090; x_wconf 84' lang='lat' dir='ltr'><strong>sufficis,</strong></span> <span class='ocrx_word' id='word_1_523' title='bbox 1133 4038 1473 4077; x_wconf 90' lang='lat' dir='ltr'><strong>commoves</strong></span> <span class='ocrx_word' id='word_1_524' title='bbox 1493 4027 1746 4079; x_wconf 88' lang='lat' dir='ltr'><strong>ceteros.</strong></span> <span class='ocrx_word' id='word_1_525' title='bbox 1769 4048 1790 4073; x_wconf 77' lang='grc' dir='ltr'>»ι</span> 
     </span>
    </p>
   </div>
   <div class='ocr_carea' id='block_1_71' title="bbox 160 4105 1792 4183">
    <p class='ocr_par' dir='ltr' id='par_1_71' title="bbox 160 4105 1792 4183">
     <span class='ocr_line' id='line_1_71' title="bbox 160 4105 1792 4183; baseline 0.004 -24"><span class='ocrx_word' id='word_1_526' title='bbox 160 4105 409 4179; x_wconf 87' lang='lat' dir='ltr'><strong>Deinceps</strong></span> <span class='ocrx_word' id='word_1_527' title='bbox 429 4109 513 4152; x_wconf 50' lang='lat'><strong>$9</strong></span> <span class='ocrx_word' id='word_1_528' title='bbox 534 4111 824 4182; x_wconf 82' lang='lat' dir='ltr'><strong>pepulum</strong></span> <span class='ocrx_word' id='word_1_529' title='bbox 853 4112 926 4164; x_wconf 88' lang='lat' dir='ltr'><strong>ad</strong></span> <span class='ocrx_word' id='word_1_530' title='bbox 956 4111 1313 4165; x_wconf 90' lang='lat' dir='ltr'><strong>audiendum</strong></span> <span class='ocrx_word' id='word_1_531' title='bbox 1335 4112 1521 4182; x_wconf 83' lang='lat' dir='ltr'><strong>sedat,</strong></span> <span class='ocrx_word' id='word_1_532' title='bbox 1542 4116 1597 4166; x_wconf 91' lang='lat' dir='ltr'><strong>et</strong></span> <span class='ocrx_word' id='word_1_533' title='bbox 1619 4128 1792 4183; x_wconf 88' lang='lat' dir='ltr'><strong>quam</strong></span> 
     </span>
    </p>
   </div>
   <div class='ocr_carea' id='block_1_72' title="bbox 1901 3036 3569 3123">
    <p class='ocr_par' dir='ltr' id='par_1_72' title="bbox 1901 3036 3569 3123">
     <span class='ocr_line' id='line_1_72' title="bbox 1901 3036 3569 3123; baseline 0.005 -24"><span class='ocrx_word' id='word_1_534' title='bbox 1901 3047 2023 3100; x_wconf 87' lang='lat' dir='ltr'><strong>dux</strong></span> <span class='ocrx_word' id='word_1_535' title='bbox 2051 3036 2340 3111; x_wconf 86' lang='lat' dir='ltr'><strong>Gothildo,</strong></span> <span class='ocrx_word' id='word_1_536' title='bbox 2377 3049 2475 3119; x_wconf 94' lang='lat' dir='ltr'><strong>qui</strong></span> <span class='ocrx_word' id='word_1_537' title='bbox 2501 3049 2922 3119; x_wconf 88' lang='lat' dir='ltr'><strong>aliquantulum</strong></span> <span class='ocrx_word' id='word_1_538' title='bbox 2946 3052 3241 3123; x_wconf 88' lang='lat' dir='ltr'><strong>denegare</strong></span> <span class='ocrx_word' id='word_1_539' title='bbox 3263 3036 3569 3123; x_wconf 88' lang='lat' dir='ltr'><strong>disposue-</strong></span> 
     </span>
    </p>
   </div>
   <div class='ocr_carea' id='block_1_73' title="bbox 1900 3134 3563 3213">
    <p class='ocr_par' dir='ltr' id='par_1_73' title="bbox 1900 3134 3563 3213">
     <span class='ocr_line' id='line_1_73' title="bbox 1900 3134 3563 3213; baseline 0.005 -25"><span class='ocrx_word' id='word_1_540' title='bbox 1900 3138 2007 3188; x_wconf 89' lang='lat' dir='ltr'><strong>rat.</strong></span> <span class='ocrx_word' id='word_1_541' title='bbox 2032 3134 2219 3206; x_wconf 90' lang='lat' dir='ltr'><strong>Cujus</strong></span> <span class='ocrx_word' id='word_1_542' title='bbox 2237 3136 2488 3190; x_wconf 84' lang='lat' dir='ltr'><strong>Conradi</strong></span> <span class='ocrx_word' id='word_1_543' title='bbox 2510 3140 2760 3191; x_wconf 88' lang='lat' dir='ltr'><strong>mortem</strong></span> <span class='ocrx_word' id='word_1_544' title='bbox 2773 3138 2902 3192; x_wconf 81' lang='lat' dir='ltr'><strong>haec</strong></span> <span class='ocrx_word' id='word_1_545' title='bbox 2923 3143 3346 3208; x_wconf 88' lang='lat' dir='ltr'><strong>precesserunt</strong></span> <span class='ocrx_word' id='word_1_546' title='bbox 3367 3141 3563 3213; x_wconf 89' lang='lat' dir='ltr'><strong>signa.</strong></span> 
     </span>
    </p>
   </div>
   <div class='ocr_carea' id='block_1_74' title="bbox 1899 3223 3562 3299">
    <p class='ocr_par' dir='ltr' id='par_1_74' title="bbox 1899 3223 3562 3299">
     <span class='ocr_line' id='line_1_74' title="bbox 1899 3223 3562 3299; baseline 0.005 -23"><span class='ocrx_word' id='word_1_547' title='bbox 1899 3223 2070 3277; x_wconf 86' lang='lat' dir='ltr'><strong>Anno</strong></span> <span class='ocrx_word' id='word_1_548' title='bbox 2109 3227 2241 3277; x_wconf 89' lang='lat' dir='ltr'><strong>ante</strong></span> <span class='ocrx_word' id='word_1_549' title='bbox 2291 3227 2616 3295; x_wconf 89' lang='lat' dir='ltr'><strong>transacto,</strong></span> <span class='ocrx_word' id='word_1_550' title='bbox 2650 3241 2855 3281; x_wconf 88' lang='lat' dir='ltr'><strong>mense</strong></span> <span class='ocrx_word' id='word_1_551' title='bbox 2897 3228 3107 3298; x_wconf 86' lang='lat' dir='ltr'><strong>Aprili,</strong></span> <span class='ocrx_word' id='word_1_552' title='bbox 3151 3228 3283 3282; x_wconf 88' lang='lat' dir='ltr'><strong>data</strong></span> <span class='ocrx_word' id='word_1_553' title='bbox 3313 3228 3367 3283; x_wconf 93' lang='lat'><strong>8.</strong></span> <span class='ocrx_word' id='word_1_554' title='bbox 3400 3229 3562 3299; x_wconf 86' lang='lat' dir='ltr'><strong>Idus,</strong></span> 
     </span>
    </p>
   </div>
   <div class='ocr_carea' id='block_1_75' title="bbox 1899 3312 3565 3388">
    <p class='ocr_par' dir='ltr' id='par_1_75' title="bbox 1899 3312 3565 3388">
     <span class='ocr_line' id='line_1_75' title="bbox 1899 3312 3565 3388; baseline 0.004 -24"><span class='ocrx_word' id='word_1_555' title='bbox 1899 3312 2030 3366; x_wconf 88' lang='lat' dir='ltr'><strong>visa</strong></span> <span class='ocrx_word' id='word_1_556' title='bbox 2062 3315 2153 3366; x_wconf 88' lang='lat' dir='ltr'><strong>est</strong></span> <span class='ocrx_word' id='word_1_557' title='bbox 2184 3312 2243 3365; x_wconf 88' lang='lat' dir='ltr'><strong>in</strong></span> <span class='ocrx_word' id='word_1_558' title='bbox 2274 3313 2400 3367; x_wconf 90' lang='lat' dir='ltr'><strong>celo</strong></span> <span class='ocrx_word' id='word_1_559' title='bbox 2434 3313 2583 3367; x_wconf 89' lang='lat' dir='ltr'><strong>inter</strong></span> <span class='ocrx_word' id='word_1_560' title='bbox 2627 3314 2968 3369; x_wconf 90' lang='lat' dir='ltr'><strong>orientalem</strong></span> <span class='ocrx_word' id='word_1_561' title='bbox 2998 3319 3055 3370; x_wconf 90' lang='lat' dir='ltr'><strong>et</strong></span> <span class='ocrx_word' id='word_1_562' title='bbox 3082 3316 3406 3371; x_wconf 89' lang='lat' dir='ltr'><strong>australem</strong></span> <span class='ocrx_word' id='word_1_563' title='bbox 3433 3317 3565 3388; x_wconf 88' lang='lat' dir='ltr'><strong>pla-</strong></span> 
     </span>
    </p>
   </div>
   <div class='ocr_carea' id='block_1_76' title="bbox 1901 3400 3565 3477">
    <p class='ocr_par' dir='ltr' id='par_1_76' title="bbox 1901 3400 3565 3477">
     <span class='ocr_line' id='line_1_76' title="bbox 1901 3400 3565 3477; baseline 0.005 -25"><span class='ocrx_word' id='word_1_564' title='bbox 1901 3415 2036 3471; x_wconf 86' lang='lat' dir='ltr'><strong>gam</strong></span> <span class='ocrx_word' id='word_1_565' title='bbox 2068 3400 2240 3471; x_wconf 90' lang='lat' dir='ltr'><strong>quasi</strong></span> <span class='ocrx_word' id='word_1_566' title='bbox 2266 3401 2442 3472; x_wconf 89' lang='lat' dir='ltr'><strong>ignea</strong></span> <span class='ocrx_word' id='word_1_567' title='bbox 2463 3403 2662 3456; x_wconf 90' lang='lat' dir='ltr'><strong>trabes</strong></span> <span class='ocrx_word' id='word_1_568' title='bbox 2698 3419 2929 3475; x_wconf 85' lang='lat' dir='ltr'><strong>magnae</strong></span> <span class='ocrx_word' id='word_1_569' title='bbox 2960 3405 3406 3476; x_wconf 86' lang='lat' dir='ltr'><strong>magnitudinis,</strong></span> <span class='ocrx_word' id='word_1_570' title='bbox 3431 3420 3565 3477; x_wconf 67' lang='lat' dir='ltr'><strong>qum</strong></span> 
     </span>
    </p>
   </div>
   <div class='ocr_carea' id='block_1_77' title="bbox 1903 3490 3566 3566">
    <p class='ocr_par' dir='ltr' id='par_1_77' title="bbox 1903 3490 3566 3566">
     <span class='ocr_line' id='line_1_77' title="bbox 1903 3490 3566 3566; baseline 0.005 -25"><span class='ocrx_word' id='word_1_571' title='bbox 1903 3503 2150 3543; x_wconf 86' lang='lat' dir='ltr'><strong>currens</strong></span> <span class='ocrx_word' id='word_1_572' title='bbox 2184 3504 2367 3558; x_wconf 88' lang='lat' dir='ltr'><strong>super</strong></span> <span class='ocrx_word' id='word_1_573' title='bbox 2397 3491 2585 3544; x_wconf 90' lang='lat' dir='ltr'><strong>solem</strong></span> <span class='ocrx_word' id='word_1_574' title='bbox 2616 3490 2740 3561; x_wconf 83' lang='lat' dir='ltr'><strong>jam</strong></span> <span class='ocrx_word' id='word_1_575' title='bbox 2771 3492 2846 3545; x_wconf 90' lang='lat' dir='ltr'><strong>ad</strong></span> <span class='ocrx_word' id='word_1_576' title='bbox 2885 3507 3165 3547; x_wconf 88' lang='lat' dir='ltr'><strong>occasum</strong></span> <span class='ocrx_word' id='word_1_577' title='bbox 3195 3498 3566 3566; x_wconf 85' lang='lat' dir='ltr'><strong>vergentem,</strong></span> 
     </span>
    </p>
   </div>
   <div class='ocr_carea' id='block_1_78' title="bbox 1899 3577 3564 3653">
    <p class='ocr_par' dir='ltr' id='par_1_78' title="bbox 1899 3577 3564 3653">
     <span class='ocr_line' id='line_1_78' title="bbox 1899 3577 3564 3653; baseline 0.005 -23"><span class='ocrx_word' id='word_1_578' title='bbox 1899 3577 2032 3631; x_wconf 89' lang='lat' dir='ltr'><strong>visa</strong></span> <span class='ocrx_word' id='word_1_579' title='bbox 2065 3581 2156 3632; x_wconf 91' lang='lat' dir='ltr'><strong>est</strong></span> <span class='ocrx_word' id='word_1_580' title='bbox 2206 3578 2265 3631; x_wconf 93' lang='lat' dir='ltr'><strong>in</strong></span> <span class='ocrx_word' id='word_1_581' title='bbox 2303 3581 2521 3633; x_wconf 87' lang='lat' dir='ltr'><strong>terram</strong></span> <span class='ocrx_word' id='word_1_582' title='bbox 2553 3580 2784 3634; x_wconf 90' lang='lat' dir='ltr'><strong>cadere.</strong></span> <span class='ocrx_word' id='word_1_583' title='bbox 2817 3579 3005 3651; x_wconf 89' lang='lat' dir='ltr'><strong>Cujus</strong></span> <span class='ocrx_word' id='word_1_584' title='bbox 3037 3582 3295 3653; x_wconf 88' lang='lat' dir='ltr'><strong>vestigia</strong></span> <span class='ocrx_word' id='word_1_585' title='bbox 3324 3583 3425 3637; x_wconf 91' lang='lat' dir='ltr'><strong>diu</strong></span> <span class='ocrx_word' id='word_1_586' title='bbox 3455 3599 3564 3652; x_wconf 92' lang='lat' dir='ltr'><strong>po-</strong></span> 
     </span>
    </p>
   </div>
   <div class='ocr_carea' id='block_1_79' title="bbox 1901 3666 3567 3742">
    <p class='ocr_par' dir='ltr' id='par_1_79' title="bbox 1901 3666 3567 3742">
     <span class='ocr_line' id='line_1_79' title="bbox 1901 3666 3567 3742; baseline 0.004 -23"><span class='ocrx_word' id='word_1_587' title='bbox 1901 3668 2137 3719; x_wconf 90' lang='lat' dir='ltr'><strong>tuerunt</strong></span> <span class='ocrx_word' id='word_1_588' title='bbox 2166 3666 2374 3737; x_wconf 88' lang='lat' dir='ltr'><strong>videri,</strong></span> <span class='ocrx_word' id='word_1_589' title='bbox 2418 3668 2573 3722; x_wconf 88' lang='lat' dir='ltr'><strong>sicut</strong></span> <span class='ocrx_word' id='word_1_590' title='bbox 2604 3668 2669 3721; x_wconf 82' lang='lat' dir='ltr'><strong>fit</strong></span> <span class='ocrx_word' id='word_1_591' title='bbox 2699 3668 2800 3723; x_wconf 88' lang='lat' dir='ltr'><strong>ubi</strong></span> <span class='ocrx_word' id='word_1_592' title='bbox 2827 3669 3018 3724; x_wconf 90' lang='lat' dir='ltr'><strong>nubes</strong></span> <span class='ocrx_word' id='word_1_593' title='bbox 3051 3671 3403 3726; x_wconf 90' lang='lat' dir='ltr'><strong>clauduntur</strong></span> <span class='ocrx_word' id='word_1_594' title='bbox 3431 3675 3567 3742; x_wconf 90' lang='lat' dir='ltr'><strong>post</strong></span> 
     </span>
    </p>
   </div>
   <div class='ocr_carea' id='block_1_80' title="bbox 1903 3753 3564 3831">
    <p class='ocr_par' dir='ltr' id='par_1_80' title="bbox 1903 3753 3564 3831">
     <span class='ocr_line' id='line_1_80' title="bbox 1903 3753 3564 3831; baseline 0.005 -24"><span class='ocrx_word' id='word_1_595' title='bbox 1903 3756 2393 3809; x_wconf 89' lang='lat' dir='ltr'><strong>coruscationem.</strong></span> <span class='ocrx_word' id='word_1_596' title='bbox 2423 3756 2548 3810; x_wconf 89' lang='lat' dir='ltr'><strong>Hoc</strong></span> <span class='ocrx_word' id='word_1_597' title='bbox 2568 3756 2697 3826; x_wconf 90' lang='lat' dir='ltr'><strong>ipso</strong></span> <span class='ocrx_word' id='word_1_598' title='bbox 2716 3753 2797 3797; x_wconf 66' lang='grc'><strong>292</strong></span> <span class='ocrx_word' id='word_1_599' title='bbox 2817 3760 3011 3812; x_wconf 87' lang='lat' dir='ltr'><strong>autem</strong></span> <span class='ocrx_word' id='word_1_600' title='bbox 3033 3775 3150 3831; x_wconf 91' lang='lat' dir='ltr'><strong>quo</strong></span> <span class='ocrx_word' id='word_1_601' title='bbox 3173 3760 3329 3814; x_wconf 90' lang='lat' dir='ltr'><strong>diem</strong></span> <span class='ocrx_word' id='word_1_602' title='bbox 3350 3761 3564 3816; x_wconf 88' lang='lat' dir='ltr'><strong>clausit</strong></span> 
     </span>
    </p>
   </div>
   <div class='ocr_carea' id='block_1_81' title="bbox 1903 3842 3567 3926">
    <p class='ocr_par' dir='ltr' id='par_1_81' title="bbox 1903 3842 3567 3926">
     <span class='ocr_line' id='line_1_81' title="bbox 1903 3842 3567 3926; baseline 0.005 -29"><span class='ocrx_word' id='word_1_603' title='bbox 1903 3858 2055 3898; x_wconf 88' lang='lat' dir='ltr'><strong>anno</strong></span> <span class='ocrx_word' id='word_1_604' title='bbox 2086 3843 2329 3913; x_wconf 91' lang='lat' dir='ltr'><strong>eclipsis</strong></span> <span class='ocrx_word' id='word_1_605' title='bbox 2361 3842 2604 3899; x_wconf 55' lang='lat' dir='ltr'><strong>solis”?</strong></span> <span class='ocrx_word' id='word_1_606' title='bbox 2625 3844 2734 3899; x_wconf 89' lang='lat' dir='ltr'><strong>fuit</strong></span> <span class='ocrx_word' id='word_1_607' title='bbox 2754 3846 2941 3915; x_wconf 89' lang='lat' dir='ltr'><strong>pridie</strong></span> <span class='ocrx_word' id='word_1_608' title='bbox 2966 3846 3106 3901; x_wconf 92' lang='lat' dir='ltr'><strong>Idus</strong></span> <span class='ocrx_word' id='word_1_609' title='bbox 3131 3848 3273 3926; x_wconf 41' lang='lat' dir='ltr'><strong>lMaii</strong></span> <span class='ocrx_word' id='word_1_610' title='bbox 3296 3845 3476 3920; x_wconf 77' lang='lat'>(406);</span> <span class='ocrx_word' id='word_1_611' title='bbox 3509 3851 3567 3905; x_wconf 86' lang='lat' dir='ltr'><strong>et</strong></span> 
     </span>
    </p>
   </div>
   <div class='ocr_carea' id='block_1_82' title="bbox 1901 3931 3026 4004">
    <p class='ocr_par' dir='ltr' id='par_1_82' title="bbox 1901 3931 3026 4004">
     <span class='ocr_line' id='line_1_82' title="bbox 1901 3931 3026 4004; baseline 0.004 -19"><span class='ocrx_word' id='word_1_612' title='bbox 1901 3931 1955 3985; x_wconf 72' lang='grc'><strong>2.</strong></span> <span class='ocrx_word' id='word_1_613' title='bbox 1989 3931 2193 3986; x_wconf 90' lang='lat' dir='ltr'><strong>Nonas</strong></span> <span class='ocrx_word' id='word_1_614' title='bbox 2224 3932 2404 4002; x_wconf 83' lang='lat' dir='ltr'><strong>Junii,</strong></span> <span class='ocrx_word' id='word_1_615' title='bbox 2438 3936 2499 3988; x_wconf 91' lang='lat' dir='ltr'><strong>ut</strong></span> <span class='ocrx_word' id='word_1_616' title='bbox 2529 3933 2669 4002; x_wconf 86' lang='lat' dir='ltr'><strong>dixi,</strong></span> <span class='ocrx_word' id='word_1_617' title='bbox 2703 3933 2832 4004; x_wconf 88' lang='lat' dir='ltr'><strong>ipse</strong></span> <span class='ocrx_word' id='word_1_618' title='bbox 2864 3935 3026 3989; x_wconf 90' lang='lat' dir='ltr'><strong>obiit.</strong></span> 
     </span>
    </p>
   </div>
   <div class='ocr_carea' id='block_1_83' title="bbox 1973 4020 3566 4097">
    <p class='ocr_par' dir='ltr' id='par_1_83' title="bbox 1973 4020 3566 4097">
     <span class='ocr_line' id='line_1_83' title="bbox 1973 4020 3566 4097; baseline 0.005 -24"><span class='ocrx_word' id='word_1_619' title='bbox 1973 4020 2060 4074; x_wconf 83' lang='lat'><strong>56.</strong></span> <span class='ocrx_word' id='word_1_620' title='bbox 2096 4020 2509 4091; x_wconf 90' lang='lat' dir='ltr'><strong>Subsequente</strong></span> <span class='ocrx_word' id='word_1_621' title='bbox 2527 4024 2720 4075; x_wconf 87' lang='lat' dir='ltr'><strong>autem</strong></span> <span class='ocrx_word' id='word_1_622' title='bbox 2734 4037 2938 4077; x_wconf 90' lang='lat' dir='ltr'><strong>mense</strong></span> <span class='ocrx_word' id='word_1_623' title='bbox 2961 4024 3234 4094; x_wconf 87' lang='lat' dir='ltr'><strong>Augusto</strong></span> <span class='ocrx_word' id='word_1_624' title='bbox 3254 4024 3372 4094; x_wconf 83' lang='lat' dir='ltr'><strong>(an.</strong></span> <span class='ocrx_word' id='word_1_625' title='bbox 3403 4025 3566 4097; x_wconf 82' lang='grc'>1039)</span> 
     </span>
    </p>
   </div>
   <div class='ocr_carea' id='block_1_84' title="bbox 1906 4108 3565 4182">
    <p class='ocr_par' dir='ltr' id='par_1_84' title="bbox 1906 4108 3565 4182">
     <span class='ocr_line' id='line_1_84' title="bbox 1906 4108 3565 4182; baseline 0.004 -19"><span class='ocrx_word' id='word_1_626' title='bbox 1906 4124 2037 4163; x_wconf 89' lang='lat' dir='ltr'><strong>cum</strong></span> <span class='ocrx_word' id='word_1_627' title='bbox 2051 4108 2180 4178; x_wconf 90' lang='lat' dir='ltr'><strong>ipso</strong></span> <span class='ocrx_word' id='word_1_628' title='bbox 2196 4123 2340 4180; x_wconf 82' lang='lat' dir='ltr'><strong>rege</strong></span> <span class='ocrx_word' id='word_1_629' title='bbox 2362 4108 2700 4179; x_wconf 83' lang='lat' dir='ltr'><strong>Trajectum</strong></span> <span class='ocrx_word' id='word_1_630' title='bbox 2723 4108 2868 4179; x_wconf 73' lang='grc'>(40⁸7)</span> <span class='ocrx_word' id='word_1_631' title='bbox 2881 4111 3045 4164; x_wconf 85' lang='lat' dir='ltr'><strong>venit</strong></span> <span class='ocrx_word' id='word_1_632' title='bbox 3062 4112 3314 4166; x_wconf 88' lang='lat' dir='ltr'><strong>domnus</strong></span> <span class='ocrx_word' id='word_1_633' title='bbox 3333 4113 3565 4182; x_wconf 90' lang='lat' dir='ltr'><strong>episco-</strong></span> 
     </span>
    </p>
   </div>
   <div class='ocr_carea' id='block_1_85' title="bbox 156 4191 3560 4271">
    <p class='ocr_par' dir='ltr' id='par_1_85' title="bbox 156 4191 3560 4271">
     <span class='ocr_line' id='line_1_85' title="bbox 156 4191 3560 4271; baseline 0.003 -24"><span class='ocrx_word' id='word_1_634' title='bbox 156 4191 279 4251; x_wconf 85' lang='lat' dir='ltr'><strong>inter</strong></span> <span class='ocrx_word' id='word_1_635' title='bbox 300 4213 363 4253; x_wconf 88' lang='lat' dir='ltr'><strong>se</strong></span> <span class='ocrx_word' id='word_1_636' title='bbox 390 4215 604 4271; x_wconf 88' lang='lat' dir='ltr'><strong>pacem</strong></span> <span class='ocrx_word' id='word_1_637' title='bbox 639 4204 995 4271; x_wconf 58' lang='lat' dir='ltr'><strong>quaererent,</strong></span> <span class='ocrx_word' id='word_1_638' title='bbox 1020 4200 1122 4270; x_wconf 89' lang='lat' dir='ltr'><strong>qui</strong></span> <span class='ocrx_word' id='word_1_639' title='bbox 1145 4200 1790 4256; x_wconf 90' lang='lat' dir='ltr'><strong>commanducareeum</strong></span> <span class='ocrx_word' id='word_1_640' title='bbox 1822 4204 1876 4264; x_wconf 92' lang='lat' dir='ltr'><strong>D</strong></span> <span class='ocrx_word' id='word_1_641' title='bbox 1902 4213 2036 4268; x_wconf 89' lang='lat' dir='ltr'><strong>pus,</strong></span> <span class='ocrx_word' id='word_1_642' title='bbox 2072 4201 2127 4252; x_wconf 91' lang='lat' dir='ltr'><strong>et</strong></span> <span class='ocrx_word' id='word_1_643' title='bbox 2154 4200 2365 4268; x_wconf 87' lang='lat' dir='ltr'><strong>rogatu</strong></span> <span class='ocrx_word' id='word_1_644' title='bbox 2400 4197 2665 4266; x_wconf 83' lang='lat' dir='ltr'><strong>episcOpi</strong></span> <span class='ocrx_word' id='word_1_645' title='bbox 2705 4196 2973 4251; x_wconf 89' lang='lat' dir='ltr'><strong>Nithardi</strong></span> <span class='ocrx_word' id='word_1_646' title='bbox 2998 4198 3146 4268; x_wconf 86' lang='lat'>(408)</span> <span class='ocrx_word' id='word_1_647' title='bbox 3178 4200 3394 4256; x_wconf 88' lang='lat' dir='ltr'><strong>levavit</strong></span> <span class='ocrx_word' id='word_1_648' title='bbox 3425 4219 3560 4258; x_wconf 87' lang='lat' dir='ltr'><strong>cor-</strong></span> 
     </span>
    </p>
   </div>
   <div class='ocr_carea' id='block_1_86' title="bbox 157 4284 1793 4359">
    <p class='ocr_par' dir='ltr' id='par_1_86' title="bbox 157 4284 1793 4359">
     <span class='ocr_line' id='line_1_86' title="bbox 157 4284 1793 4359; baseline 0.006 -24"><span class='ocrx_word' id='word_1_649' title='bbox 157 4284 411 4356; x_wconf 73' lang='lat' dir='ltr'><strong>volebant,</strong></span> <span class='ocrx_word' id='word_1_650' title='bbox 445 4289 685 4343; x_wconf 88' lang='lat' dir='ltr'><strong>edocet.</strong></span> <span class='ocrx_word' id='word_1_651' title='bbox 722 4287 1019 4359; x_wconf 86' lang='lat' dir='ltr'><strong>Factoque</strong></span> <span class='ocrx_word' id='word_1_652' title='bbox 1052 4289 1236 4343; x_wconf 89' lang='lat' dir='ltr'><strong>verbo</strong></span> <span class='ocrx_word' id='word_1_653' title='bbox 1267 4289 1339 4344; x_wconf 92' lang='lat' dir='ltr'><strong>de</strong></span> <span class='ocrx_word' id='word_1_654' title='bbox 1374 4290 1562 4344; x_wconf 90' lang='lat' dir='ltr'><strong>salute</strong></span> <span class='ocrx_word' id='word_1_655' title='bbox 1584 4290 1793 4345; x_wconf 86' lang='lat' dir='ltr'><strong>animae</strong></span> 
     </span>
    </p>
   </div>
   <div class='ocr_carea' id='block_1_87' title="bbox 159 4376 1794 4448">
    <p class='ocr_par' dir='ltr' id='par_1_87' title="bbox 159 4376 1794 4448">
     <span class='ocr_line' id='line_1_87' title="bbox 159 4376 1794 4448; baseline 0.004 -22"><span class='ocrx_word' id='word_1_656' title='bbox 159 4384 263 4440; x_wconf 84' lang='lat' dir='ltr'><strong>quae</strong></span> <span class='ocrx_word' id='word_1_657' title='bbox 304 4376 761 4430; x_wconf 87' lang='lat' dir='ltr'><strong>christianitatis</strong></span> <span class='ocrx_word' id='word_1_658' title='bbox 800 4377 896 4431; x_wconf 83' lang='lat' dir='ltr'><strong>lex</strong></span> <span class='ocrx_word' id='word_1_659' title='bbox 935 4376 1104 4447; x_wconf 85' lang='lat' dir='ltr'><strong>jubet</strong></span> <span class='ocrx_word' id='word_1_660' title='bbox 1154 4392 1263 4432; x_wconf 90' lang='lat' dir='ltr'><strong>sua</strong></span> <span class='ocrx_word' id='word_1_661' title='bbox 1305 4381 1512 4448; x_wconf 89' lang='lat' dir='ltr'><strong>sponte</strong></span> <span class='ocrx_word' id='word_1_662' title='bbox 1562 4394 1629 4433; x_wconf 91' lang='lat' dir='ltr'><strong>se</strong></span> <span class='ocrx_word' id='word_1_663' title='bbox 1659 4394 1794 4433; x_wconf 92' lang='lat' dir='ltr'><strong>ser-</strong></span> 
     </span>
    </p>
   </div>
   <div class='ocr_carea' id='block_1_88' title="bbox 158 4464 1798 4535">
    <p class='ocr_par' dir='ltr' id='par_1_88' title="bbox 158 4464 1798 4535">
     <span class='ocr_line' id='line_1_88' title="bbox 158 4464 1798 4535; baseline 0.006 -23"><span class='ocrx_word' id='word_1_664' title='bbox 158 4473 271 4515; x_wconf 71' lang='lat' dir='ltr'><strong>vare</strong></span> <span class='ocrx_word' id='word_1_665' title='bbox 298 4465 465 4534; x_wconf 60' lang='grc' dir='ltr'>μορ),</span> <span class='ocrx_word' id='word_1_666' title='bbox 489 4464 841 4535; x_wconf 86' lang='lat' dir='ltr'><strong>promittere</strong></span> <span class='ocrx_word' id='word_1_667' title='bbox 872 4468 1097 4534; x_wconf 88' lang='lat' dir='ltr'><strong>monet;</strong></span> <span class='ocrx_word' id='word_1_668' title='bbox 1129 4469 1186 4520; x_wconf 90' lang='lat' dir='ltr'><strong>et</strong></span> <span class='ocrx_word' id='word_1_669' title='bbox 1217 4481 1350 4520; x_wconf 91' lang='lat' dir='ltr'><strong>cum</strong></span> <span class='ocrx_word' id='word_1_670' title='bbox 1381 4466 1699 4534; x_wconf 79' lang='lat' dir='ltr'><strong>deviarent,</strong></span> <span class='ocrx_word' id='word_1_671' title='bbox 1726 4468 1798 4522; x_wconf 91' lang='lat' dir='ltr'><strong>ad</strong></span> 
     </span>
    </p>
   </div>
   <div class='ocr_carea' id='block_1_89' title="bbox 159 4551 1799 4625">
    <p class='ocr_par' dir='ltr' id='par_1_89' title="bbox 159 4551 1799 4625">
     <span class='ocr_line' id='line_1_89' title="bbox 159 4551 1799 4625; baseline 0.007 -26"><span class='ocrx_word' id='word_1_672' title='bbox 159 4551 525 4613; x_wconf 72' lang='lat' dir='ltr'><strong>paenitentiam</strong></span> <span class='ocrx_word' id='word_1_673' title='bbox 579 4553 864 4608; x_wconf 87' lang='lat' dir='ltr'><strong>redirent.</strong></span> <span class='ocrx_word' id='word_1_674' title='bbox 910 4554 1156 4608; x_wconf 89' lang='lat' dir='ltr'><strong>Alacres</strong></span> <span class='ocrx_word' id='word_1_675' title='bbox 1204 4554 1398 4625; x_wconf 90' lang='lat' dir='ltr'><strong>itaque</strong></span> <span class='ocrx_word' id='word_1_676' title='bbox 1445 4555 1612 4625; x_wconf 59' lang='lat' dir='ltr'><strong>facti,</strong></span> <span class='ocrx_word' id='word_1_677' title='bbox 1647 4555 1799 4610; x_wconf 78' lang='lat' dir='ltr'><strong>dicta</strong></span> 
     </span>
    </p>
   </div>
   <div class='ocr_carea' id='block_1_90' title="bbox 160 4634 1803 4715">
    <p class='ocr_par' dir='ltr' id='par_1_90' title="bbox 160 4634 1803 4715">
     <span class='ocr_line' id='line_1_90' title="bbox 160 4634 1803 4715; baseline 0.006 -26"><span class='ocrx_word' id='word_1_678' title='bbox 160 4634 266 4704; x_wconf 79' lang='lat' dir='ltr'><strong>ejus</strong></span> <span class='ocrx_word' id='word_1_679' title='bbox 294 4656 393 4708; x_wconf 91' lang='lat' dir='ltr'><strong>pro</strong></span> <span class='ocrx_word' id='word_1_680' title='bbox 424 4659 575 4698; x_wconf 87' lang='lat' dir='ltr'><strong>vero</strong></span> <span class='ocrx_word' id='word_1_681' title='bbox 610 4644 916 4711; x_wconf 87' lang='lat' dir='ltr'><strong>tenentes,</strong></span> <span class='ocrx_word' id='word_1_682' title='bbox 943 4643 1255 4697; x_wconf 89' lang='lat' dir='ltr'><strong>unanimes</strong></span> <span class='ocrx_word' id='word_1_683' title='bbox 1293 4644 1711 4715; x_wconf 86' lang='lat' dir='ltr'><strong>promiserunt,</strong></span> <span class='ocrx_word' id='word_1_684' title='bbox 1745 4647 1803 4699; x_wconf 91' lang='lat' dir='ltr'><strong>et</strong></span> 
     </span>
    </p>
   </div>
   <div class='ocr_carea' id='block_1_91' title="bbox 162 4724 1166 4800">
    <p class='ocr_par' dir='ltr' id='par_1_91' title="bbox 162 4724 1166 4800">
     <span class='ocr_line' id='line_1_91' title="bbox 162 4724 1166 4800; baseline 0.008 -24"><span class='ocrx_word' id='word_1_685' title='bbox 162 4724 215 4775; x_wconf 83' lang='lat' dir='ltr'><strong>ad</strong></span> <span class='ocrx_word' id='word_1_686' title='bbox 241 4732 463 4799; x_wconf 84' lang='lat' dir='ltr'><strong>prepria</strong></span> <span class='ocrx_word' id='word_1_687' title='bbox 494 4747 640 4785; x_wconf 90' lang='lat' dir='ltr'><strong>cum</strong></span> <span class='ocrx_word' id='word_1_688' title='bbox 674 4746 815 4800; x_wconf 89' lang='lat' dir='ltr'><strong>pace</strong></span> <span class='ocrx_word' id='word_1_689' title='bbox 846 4730 1166 4785; x_wconf 89' lang='lat' dir='ltr'><strong>redierunt.</strong></span> 
     </span>
    </p>
   </div>
   <div class='ocr_carea' id='block_1_92' title="bbox 214 4811 1797 4893">
    <p class='ocr_par' dir='ltr' id='par_1_92' title="bbox 214 4811 1797 4893">
     <span class='ocr_line' id='line_1_92' title="bbox 214 4811 1797 4893; baseline 0.006 -26"><span class='ocrx_word' id='word_1_690' title='bbox 214 4811 288 4869; x_wconf 84' lang='lat'><strong>55.</strong></span> <span class='ocrx_word' id='word_1_691' title='bbox 318 4816 546 4873; x_wconf 87' lang='lat' dir='ltr'><strong>Italiam</strong></span> <span class='ocrx_word' id='word_1_692' title='bbox 578 4817 891 4874; x_wconf 88' lang='lat' dir='ltr'><strong>Conradus</strong></span> <span class='ocrx_word' id='word_1_693' title='bbox 928 4819 1248 4890; x_wconf 89' lang='lat' dir='ltr'><strong>imperator</strong></span> <span class='ocrx_word' id='word_1_694' title='bbox 1284 4819 1426 4875; x_wconf 91' lang='lat' dir='ltr'><strong>adiit</strong></span> <span class='ocrx_word' id='word_1_695' title='bbox 1467 4822 1582 4891; x_wconf 85' lang='lat' dir='ltr'><strong>(an.</strong></span> <span class='ocrx_word' id='word_1_696' title='bbox 1618 4819 1797 4893; x_wconf 82' lang='lat'>1036),</span> 
     </span>
    </p>
   </div>
   <div class='ocr_carea' id='block_1_93' title="bbox 1904 4287 3563 4361">
    <p class='ocr_par' dir='ltr' id='par_1_93' title="bbox 1904 4287 3563 4361">
     <span class='ocr_line' id='line_1_93' title="bbox 1904 4287 3563 4361; baseline 0.002 -20"><span class='ocrx_word' id='word_1_697' title='bbox 1904 4302 2049 4357; x_wconf 90' lang='lat' dir='ltr'><strong>pora</strong></span> <span class='ocrx_word' id='word_1_698' title='bbox 2078 4288 2418 4341; x_wconf 86' lang='lat' dir='ltr'><strong>sanctorum</strong></span> <span class='ocrx_word' id='word_1_699' title='bbox 2461 4287 2875 4341; x_wconf 89' lang='lat' dir='ltr'><strong>confessorum</strong></span> <span class='ocrx_word' id='word_1_700' title='bbox 2913 4287 3183 4342; x_wconf 87' lang='lat' dir='ltr'><strong>Gondulﬁ</strong></span> <span class='ocrx_word' id='word_1_701' title='bbox 3224 4291 3281 4343; x_wconf 90' lang='lat' dir='ltr'><strong>et</strong></span> <span class='ocrx_word' id='word_1_702' title='bbox 3302 4289 3563 4361; x_wconf 82' lang='lat' dir='ltr'><strong>Monulﬂ,</strong></span> 
     </span>
    </p>
   </div>
   <div class='ocr_carea' id='block_1_94' title="bbox 1907 4373 3567 4446">
    <p class='ocr_par' dir='ltr' id='par_1_94' title="bbox 1907 4373 3567 4446">
     <span class='ocr_line' id='line_1_94' title="bbox 1907 4373 3567 4446; baseline 0.003 -17"><span class='ocrx_word' id='word_1_703' title='bbox 1907 4375 2165 4444; x_wconf 86' lang='lat' dir='ltr'><strong>acceptis</strong></span> <span class='ocrx_word' id='word_1_704' title='bbox 2196 4373 2311 4428; x_wconf 88' lang='lat' dir='ltr'><strong>sibi</strong></span> <span class='ocrx_word' id='word_1_705' title='bbox 2360 4374 2494 4428; x_wconf 91' lang='lat' dir='ltr'><strong>inde</strong></span> <span class='ocrx_word' id='word_1_706' title='bbox 2524 4375 2833 4446; x_wconf 86' lang='lat' dir='ltr'><strong>reliquiis;</strong></span> <span class='ocrx_word' id='word_1_707' title='bbox 2878 4378 2934 4430; x_wconf 89' lang='lat' dir='ltr'><strong>et</strong></span> <span class='ocrx_word' id='word_1_708' title='bbox 2977 4380 3324 4433; x_wconf 86' lang='lat' dir='ltr'><strong>consecrata</strong></span> <span class='ocrx_word' id='word_1_709' title='bbox 3362 4382 3453 4433; x_wconf 91' lang='lat' dir='ltr'><strong>est</strong></span> <span class='ocrx_word' id='word_1_710' title='bbox 3484 4381 3567 4435; x_wconf 91' lang='lat' dir='ltr'><strong>ibi</strong></span> 
     </span>
    </p>
   </div>
   <div class='ocr_carea' id='block_1_95' title="bbox 1909 4463 3569 4539">
    <p class='ocr_par' dir='ltr' id='par_1_95' title="bbox 1909 4463 3569 4539">
     <span class='ocr_line' id='line_1_95' title="bbox 1909 4463 3569 4539; baseline 0.003 -21"><span class='ocrx_word' id='word_1_711' title='bbox 1909 4464 2180 4519; x_wconf 76' lang='lat' dir='ltr'><strong>aecclesia</strong></span> <span class='ocrx_word' id='word_1_712' title='bbox 2228 4465 2288 4517; x_wconf 93' lang='lat' dir='ltr'><strong>in</strong></span> <span class='ocrx_word' id='word_1_713' title='bbox 2335 4463 2557 4517; x_wconf 90' lang='lat' dir='ltr'><strong>honore</strong></span> <span class='ocrx_word' id='word_1_714' title='bbox 2589 4465 2779 4518; x_wconf 90' lang='lat' dir='ltr'><strong>sancti</strong></span> <span class='ocrx_word' id='word_1_715' title='bbox 2824 4464 3092 4520; x_wconf 86' lang='lat' dir='ltr'><strong>Servatii.</strong></span> <span class='ocrx_word' id='word_1_716' title='bbox 3136 4467 3332 4522; x_wconf 87' lang='lat' dir='ltr'><strong>Mettis</strong></span> <span class='ocrx_word' id='word_1_717' title='bbox 3360 4470 3569 4539; x_wconf 88' lang='lat' dir='ltr'><strong>postea</strong></span> 
     </span>
    </p>
   </div>
   <div class='ocr_carea' id='block_1_96' title="bbox 1911 4552 3566 4627">
    <p class='ocr_par' dir='ltr' id='par_1_96' title="bbox 1911 4552 3566 4627">
     <span class='ocr_line' id='line_1_96' title="bbox 1911 4552 3566 4627; baseline 0.003 -20"><span class='ocrx_word' id='word_1_718' title='bbox 1911 4557 2257 4607; x_wconf 89' lang='lat' dir='ltr'><strong>consecrata</strong></span> <span class='ocrx_word' id='word_1_719' title='bbox 2305 4556 2395 4606; x_wconf 91' lang='lat' dir='ltr'><strong>est</strong></span> <span class='ocrx_word' id='word_1_720' title='bbox 2443 4552 2716 4606; x_wconf 82' lang='lat' dir='ltr'><strong>aecclesia</strong></span> <span class='ocrx_word' id='word_1_721' title='bbox 2759 4556 2949 4608; x_wconf 89' lang='lat' dir='ltr'><strong>sancti</strong></span> <span class='ocrx_word' id='word_1_722' title='bbox 2996 4554 3275 4625; x_wconf 88' lang='lat' dir='ltr'><strong>Stephani</strong></span> <span class='ocrx_word' id='word_1_723' title='bbox 3318 4557 3566 4627; x_wconf 85' lang='lat' dir='ltr'><strong>prothe-</strong></span> 
     </span>
    </p>
   </div>
   <div class='ocr_carea' id='block_1_97' title="bbox 1910 4641 3566 4717">
    <p class='ocr_par' dir='ltr' id='par_1_97' title="bbox 1910 4641 3566 4717">
     <span class='ocr_line' id='line_1_97' title="bbox 1910 4641 3566 4717; baseline 0.002 -22"><span class='ocrx_word' id='word_1_724' title='bbox 1910 4643 2207 4712; x_wconf 72' lang='lat' dir='ltr'><strong>martyris,</strong></span> <span class='ocrx_word' id='word_1_725' title='bbox 2240 4641 2341 4695; x_wconf 89' lang='lat' dir='ltr'><strong>ubi</strong></span> <span class='ocrx_word' id='word_1_726' title='bbox 2388 4642 2561 4695; x_wconf 89' lang='lat' dir='ltr'><strong>etiam</strong></span> <span class='ocrx_word' id='word_1_727' title='bbox 2608 4642 2872 4696; x_wconf 90' lang='lat' dir='ltr'><strong>interfuit</strong></span> <span class='ocrx_word' id='word_1_728' title='bbox 2914 4647 3154 4712; x_wconf 86' lang='lat' dir='ltr'><strong>precatu</strong></span> <span class='ocrx_word' id='word_1_729' title='bbox 3195 4645 3566 4717; x_wconf 89' lang='lat' dir='ltr'><strong>Theoderici,</strong></span> 
     </span>
    </p>
   </div>
   <div class='ocr_carea' id='block_1_98' title="bbox 1913 4730 3565 4802">
    <p class='ocr_par' dir='ltr' id='par_1_98' title="bbox 1913 4730 3565 4802">
     <span class='ocr_line' id='line_1_98' title="bbox 1913 4730 3565 4802; baseline 0.001 -17"><span class='ocrx_word' id='word_1_730' title='bbox 1913 4730 2183 4802; x_wconf 90' lang='lat' dir='ltr'><strong>ejusdem</strong></span> <span class='ocrx_word' id='word_1_731' title='bbox 2204 4731 2369 4784; x_wconf 91' lang='lat' dir='ltr'><strong>urbis</strong></span> <span class='ocrx_word' id='word_1_732' title='bbox 2401 4730 2686 4800; x_wconf 89' lang='lat' dir='ltr'><strong>episcopi,</strong></span> <span class='ocrx_word' id='word_1_733' title='bbox 2719 4733 2819 4801; x_wconf 90' lang='lat' dir='ltr'><strong>qui</strong></span> <span class='ocrx_word' id='word_1_734' title='bbox 2843 4732 2895 4786; x_wconf 90' lang='lat' dir='ltr'><strong>ei</strong></span> <span class='ocrx_word' id='word_1_735' title='bbox 2926 4733 3084 4787; x_wconf 90' lang='lat' dir='ltr'><strong>dedit</strong></span> <span class='ocrx_word' id='word_1_736' title='bbox 3099 4734 3409 4802; x_wconf 87' lang='lat' dir='ltr'><strong>preciosas</strong></span> <span class='ocrx_word' id='word_1_737' title='bbox 3431 4735 3565 4788; x_wconf 91' lang='lat' dir='ltr'><strong>reli-</strong></span> 
     </span>
    </p>
   </div>
   <div class='ocr_carea' id='block_1_99' title="bbox 1911 4818 3564 4891">
    <p class='ocr_par' dir='ltr' id='par_1_99' title="bbox 1911 4818 3564 4891">
     <span class='ocr_line' id='line_1_99' title="bbox 1911 4818 3564 4891; baseline 0.002 -18"><span class='ocrx_word' id='word_1_738' title='bbox 1911 4820 2082 4890; x_wconf 88' lang='lat' dir='ltr'><strong>quias</strong></span> <span class='ocrx_word' id='word_1_739' title='bbox 2112 4818 2300 4888; x_wconf 90' lang='lat' dir='ltr'><strong>ipsius</strong></span> <span class='ocrx_word' id='word_1_740' title='bbox 2333 4819 2607 4890; x_wconf 73' lang='lat' dir='ltr'><strong>martyris</strong></span> <span class='ocrx_word' id='word_1_741' title='bbox 2646 4818 2886 4891; x_wconf 88' lang='lat' dir='ltr'><strong>Christi,</strong></span> <span class='ocrx_word' id='word_1_742' title='bbox 2920 4836 3069 4891; x_wconf 86' lang='lat' dir='ltr'><strong>quas</strong></span> <span class='ocrx_word' id='word_1_743' title='bbox 3105 4836 3310 4875; x_wconf 91' lang='lat' dir='ltr'><strong>secum</strong></span> <span class='ocrx_word' id='word_1_744' title='bbox 3340 4822 3564 4877; x_wconf 86' lang='lat' dir='ltr'><strong>detulit.</strong></span> 
     </span>
    </p>
   </div>
   <div class='ocr_carea' id='block_1_100' title="bbox 1441 4951 2260 5015">
    <p class='ocr_par' dir='ltr' id='par_1_100' title="bbox 1441 4951 2260 5015">
     <span class='ocr_line' id='line_1_100' title="bbox 1441 4951 2260 5015; baseline 0 -3"><span class='ocrx_word' id='word_1_745' title='bbox 1441 4954 1738 5015; x_wconf 73' lang='lat' dir='ltr'><strong>VARI/E</strong></span> <span class='ocrx_word' id='word_1_746' title='bbox 1792 4951 2260 5015; x_wconf 90' lang='lat' dir='ltr'><strong>LECTIONES</strong></span> 
     </span>
    </p>
   </div>
   <div class='ocr_carea' id='block_1_101' title="bbox 212 5091 504 5169">
    <p class='ocr_par' dir='ltr' id='par_1_101' title="bbox 212 5091 504 5169">
     <span class='ocr_line' id='line_1_101' title="bbox 212 5091 504 5169; baseline 0.014 -16"><span class='ocrx_word' id='word_1_747' title='bbox 212 5091 282 5139; x_wconf 41' lang='grc' dir='ltr'>Β</span> <span class='ocrx_word' id='word_1_748' title='bbox 305 5116 408 5169; x_wconf 87' lang='lat' dir='ltr'><strong>per</strong></span> <span class='ocrx_word' id='word_1_749' title='bbox 425 5100 504 5157; x_wconf 74' lang='lat'><strong>2‘.</strong></span> 
     </span>
    </p>
   </div>
   <div class='ocr_carea' id='block_1_102' title="bbox 586 5093 1798 5173">
    <p class='ocr_par' dir='ltr' id='par_1_102' title="bbox 586 5093 1798 5173">
     <span class='ocr_line' id='line_1_102' title="bbox 586 5093 1798 5173; baseline 0.002 -18"><span class='ocrx_word' id='word_1_750' title='bbox 586 5093 671 5173; x_wconf 47' lang='grc' dir='ltr'><em>Ψ</em></span> <span class='ocrx_word' id='word_1_751' title='bbox 694 5101 833 5173; x_wconf 91' lang='lat' dir='ltr'><strong>quid</strong></span> <span class='ocrx_word' id='word_1_752' title='bbox 855 5096 1246 5173; x_wconf 20' lang='lat' dir='ltr'><strong>feriegbaturﬂ.</strong></span> <span class='ocrx_word' id='word_1_753' title='bbox 1323 5095 1403 5144; x_wconf 62' lang='lat'><strong>988</strong></span> <span class='ocrx_word' id='word_1_754' title='bbox 1420 5104 1703 5157; x_wconf 90' lang='lat' dir='ltr'><strong>consueta</strong></span> <span class='ocrx_word' id='word_1_755' title='bbox 1725 5099 1798 5173; x_wconf 59' lang='grc' dir='ltr'><strong>ξ’.</strong></span> 
     </span>
    </p>
   </div>
   <div class='ocr_carea' id='block_1_103' title="bbox 160 5163 460 5240">
    <p class='ocr_par' dir='ltr' id='par_1_103' title="bbox 160 5163 460 5240">
     <span class='ocr_line' id='line_1_103' title="bbox 160 5163 460 5240; baseline 0.017 -17"><span class='ocrx_word' id='word_1_756' title='bbox 160 5163 375 5240; x_wconf 77' lang='lat' dir='ltr'><strong>lempnia</strong></span> <span class='ocrx_word' id='word_1_757' title='bbox 386 5173 460 5228; x_wconf 65' lang='grc' dir='ltr'><strong>ρ’.</strong></span> 
     </span>
    </p>
   </div>
   <div class='ocr_carea' id='block_1_104' title="bbox 543 5169 1805 5245">
    <p class='ocr_par' dir='ltr' id='par_1_104' title="bbox 543 5169 1805 5245">
     <span class='ocr_line' id='line_1_104' title="bbox 543 5169 1805 5245; baseline 0 -17"><span class='ocrx_word' id='word_1_758' title='bbox 543 5170 630 5215; x_wconf 68' lang='grc'><strong>²9¹</strong></span> <span class='ocrx_word' id='word_1_759' title='bbox 662 5169 919 5228; x_wconf 79' lang='lat' dir='ltr'><strong>déest2‘.</strong></span> <span class='ocrx_word' id='word_1_760' title='bbox 994 5169 1077 5215; x_wconf 68' lang='lat'>393</span> <span class='ocrx_word' id='word_1_761' title='bbox 1098 5174 1230 5245; x_wconf 89' lang='lat' dir='ltr'><strong>ipso</strong></span> <span class='ocrx_word' id='word_1_762' title='bbox 1250 5178 1309 5229; x_wconf 80' lang='grc' dir='ltr'>θι</span> <span class='ocrx_word' id='word_1_763' title='bbox 1326 5174 1474 5228; x_wconf 92' lang='lat' dir='ltr'><strong>solis</strong></span> <span class='ocrx_word' id='word_1_764' title='bbox 1488 5174 1703 5229; x_wconf 81' lang='lat' dir='ltr'><strong>desunt</strong></span> <span class='ocrx_word' id='word_1_765' title='bbox 1730 5172 1805 5228; x_wconf 78' lang='lat'><strong>2&#39;.</strong></span> 
     </span>
    </p>
   </div>
   <div class='ocr_carea' id='block_1_105' title="bbox 1980 5094 3574 5160">
    <p class='ocr_par' dir='ltr' id='par_1_105' title="bbox 1980 5094 3574 5160">
     <span class='ocr_line' id='line_1_105' title="bbox 1980 5094 3574 5160; baseline 0.003 -5"><span class='ocrx_word' id='word_1_766' title='bbox 1980 5099 2060 5146; x_wconf 75' lang='lat'>389</span> <span class='ocrx_word' id='word_1_767' title='bbox 2109 5098 2322 5156; x_wconf 89' lang='lat' dir='ltr'><strong>deinde</strong></span> <span class='ocrx_word' id='word_1_768' title='bbox 2358 5098 2432 5155; x_wconf 72' lang='lat'><strong>2‘.</strong></span> <span class='ocrx_word' id='word_1_769' title='bbox 2542 5094 2623 5144; x_wconf 66' lang='lat'><strong>290</strong></span> <span class='ocrx_word' id='word_1_770' title='bbox 2669 5118 2722 5156; x_wconf 86' lang='lat' dir='ltr'><strong>a.</strong></span> <span class='ocrx_word' id='word_1_771' title='bbox 2773 5117 2826 5158; x_wconf 89' lang='lat' dir='ltr'><strong>e.</strong></span> <span class='ocrx_word' id='word_1_772' title='bbox 2889 5106 3009 5158; x_wconf 85' lang='lat' dir='ltr'><strong>tres</strong></span> <span class='ocrx_word' id='word_1_773' title='bbox 3051 5104 3225 5158; x_wconf 87' lang='lat' dir='ltr'><strong>etiam</strong></span> <span class='ocrx_word' id='word_1_774' title='bbox 3272 5101 3325 5158; x_wconf 63' lang='grc' dir='ltr'>ἰ..</span> <span class='ocrx_word' id='word_1_775' title='bbox 3357 5117 3434 5159; x_wconf 90' lang='lat' dir='ltr'><strong>m.</strong></span> <span class='ocrx_word' id='word_1_776' title='bbox 3469 5119 3574 5160; x_wconf 90' lang='lat' dir='ltr'><strong>so-</strong></span> 
     </span>
    </p>
   </div>
   <div class='ocr_carea' id='block_1_106' title="bbox 1709 5294 2030 5383">
    <p class='ocr_par' dir='ltr' id='par_1_106' title="bbox 1709 5294 2030 5383">
     <span class='ocr_line' id='line_1_106' title="bbox 1709 5294 2030 5383; baseline -0.006 0"><span class='ocrx_word' id='word_1_777' title='bbox 1709 5314 1967 5383; x_wconf 65' lang='lat' dir='ltr'><strong>NOTZE</strong></span> <span class='ocrx_word' id='word_1_778' title='bbox 2025 5294 2030 5299; x_wconf 78' lang='grc'><em>’</em></span> 
     </span>
    </p>
   </div>
   <div class='ocr_carea' id='block_1_107' title="bbox 215 5440 935 5511">
    <p class='ocr_par' dir='ltr' id='par_1_107' title="bbox 215 5440 935 5511">
     <span class='ocr_line' id='line_1_107' title="bbox 215 5440 935 5511; baseline 0.004 -15"><span class='ocrx_word' id='word_1_779' title='bbox 215 5440 345 5511; x_wconf 64' lang='lat'>(£02)</span> <span class='ocrx_word' id='word_1_780' title='bbox 383 5444 425 5499; x_wconf 92' lang='grc' dir='ltr'>Ι.</span> <span class='ocrx_word' id='word_1_781' title='bbox 462 5460 516 5499; x_wconf 90' lang='lat' dir='ltr'><strong>e.</strong></span> <span class='ocrx_word' id='word_1_782' title='bbox 555 5445 935 5500; x_wconf 87' lang='lat' dir='ltr'><strong>servaturos.</strong></span> 
     </span>
    </p>
   </div>
   <div class='ocr_carea' id='block_1_108' title="bbox 216 5512 905 5583">
    <p class='ocr_par' dir='ltr' id='par_1_108' title="bbox 216 5512 905 5583">
     <span class='ocr_line' id='line_1_108' title="bbox 216 5512 905 5583; baseline 0.004 -17"><span class='ocrx_word' id='word_1_783' title='bbox 216 5512 349 5583; x_wconf 79' lang='lat'>(403)</span> <span class='ocrx_word' id='word_1_784' title='bbox 384 5514 905 5583; x_wconf 88' lang='lat' dir='ltr'><strong>Campaniensis..</strong></span> 
     </span>
    </p>
   </div>
   <div class='ocr_carea' id='block_1_109' title="bbox 216 5584 776 5656">
    <p class='ocr_par' dir='ltr' id='par_1_109' title="bbox 216 5584 776 5656">
     <span class='ocr_line' id='line_1_109' title="bbox 216 5584 776 5656; baseline 0 -14"><span class='ocrx_word' id='word_1_785' title='bbox 216 5584 348 5656; x_wconf 63' lang='lat'>(40‘)</span> <span class='ocrx_word' id='word_1_786' title='bbox 388 5584 776 5642; x_wconf 85' lang='lat' dir='ltr'><strong>Heribertus.</strong></span> 
     </span>
    </p>
   </div>
   <div class='ocr_carea' id='block_1_110' title="bbox 220 5653 760 5730">
    <p class='ocr_par' dir='ltr' id='par_1_110' title="bbox 220 5653 760 5730">
     <span class='ocr_line' id='line_1_110' title="bbox 220 5653 760 5730; baseline 0.009 -17"><span class='ocrx_word' id='word_1_787' title='bbox 220 5653 352 5730; x_wconf 63' lang='lat'>(606)</span> <span class='ocrx_word' id='word_1_788' title='bbox 391 5656 760 5718; x_wconf 79' lang='lat' dir='ltr'><strong>Mindensis.</strong></span> 
     </span>
    </p>
   </div>
   <div class='ocr_carea' id='block_1_111' title="bbox 1989 5442 3221 5521">
    <p class='ocr_par' dir='ltr' id='par_1_111' title="bbox 1989 5442 3221 5521">
     <span class='ocr_line' id='line_1_111' title="bbox 1989 5442 3221 5521; baseline 0.003 -24"><span class='ocrx_word' id='word_1_789' title='bbox 1989 5442 2138 5521; x_wconf 62' lang='lat' dir='ltr'>(40g)</span> <span class='ocrx_word' id='word_1_790' title='bbox 2171 5443 2341 5521; x_wconf 65' lang='lat' dir='ltr'><strong>Errat</strong></span> <span class='ocrx_word' id='word_1_791' title='bbox 2368 5445 2591 5521; x_wconf 79' lang='lat' dir='ltr'><strong>noster;</strong></span> <span class='ocrx_word' id='word_1_792' title='bbox 2625 5442 2734 5499; x_wconf 84' lang='lat' dir='ltr'><strong>fuit</strong></span> <span class='ocrx_word' id='word_1_793' title='bbox 2757 5444 2826 5501; x_wconf 88' lang='grc'>55</span> <span class='ocrx_word' id='word_1_794' title='bbox 2857 5445 2913 5501; x_wconf 83' lang='grc'><strong>(1.</strong></span> <span class='ocrx_word' id='word_1_795' title='bbox 2946 5446 3033 5501; x_wconf 76' lang='grc'><strong>22.</strong></span> <span class='ocrx_word' id='word_1_796' title='bbox 3069 5448 3221 5521; x_wconf 84' lang='lat' dir='ltr'><strong>Aug.</strong></span> 
     </span>
    </p>
   </div>
   <div class='ocr_carea' id='block_1_112' title="bbox 1991 5513 2510 5584">
    <p class='ocr_par' dir='ltr' id='par_1_112' title="bbox 1991 5513 2510 5584">
     <span class='ocr_line' id='line_1_112' title="bbox 1991 5513 2510 5584; baseline -0.002 -15"><span class='ocrx_word' id='word_1_797' title='bbox 1991 5513 2141 5584; x_wconf 81' lang='grc'>(407)</span> <span class='ocrx_word' id='word_1_798' title='bbox 2180 5514 2510 5569; x_wconf 89' lang='lat' dir='ltr'><strong>Mastricht.</strong></span> 
     </span>
    </p>
   </div>
   <div class='ocr_carea' id='block_1_113' title="bbox 1989 5583 2552 5663">
    <p class='ocr_par' dir='ltr' id='par_1_113' title="bbox 1989 5583 2552 5663">
     <span class='ocr_line' id='line_1_113' title="bbox 1989 5583 2552 5663; baseline 0.005 -22"><span class='ocrx_word' id='word_1_799' title='bbox 1989 5583 2139 5663; x_wconf 78' lang='lat'>(408)</span> <span class='ocrx_word' id='word_1_800' title='bbox 2178 5585 2552 5646; x_wconf 88' lang='lat' dir='ltr'><strong>Leodiensis.</strong></span> 
     </span>
    </p>
   </div>
  </div>
