4058 6182
484 249 605 337 175

1372 244 1648 307 GESTA
1692 244 2000 307 PONTIF
2004 243 2221 309 ICUM
2264 240 3025 307 CAMERACENSIUM.

3798 241 3922 302 176

558 444 647 499 57.
682 444 974 499 Aldonem
1020 443 1091 497 de
1133 442 1309 511 Vide,
1354 442 1455 512 qui
1484 441 1796 495 ecclesiam
1842 438 1923 481 293
1963 436 2151 515 sancti
2183 434 2229 494 A
2260 439 2401 493 mihi
2426 442 2554 495 seni
2565 440 2686 512 jam
2709 439 3144 495 fessodevobis
3162 439 3916 510 hucusquepromittebam,

487 533 805 606 Gaugerici
826 533 884 586 in
920 531 1361 586 advocationem
1392 531 1645 598 tenebat,
1667 545 1841 600 quam
1871 529 2046 583 nimis
2069 527 2151 581 af-

488 622 759 694 fligebat,
793 620 993 675 multis
1037 616 1119 660 993
1149 620 1482 673 convictum
1521 618 1799 688 nequitiis
1847 633 1879 670 a
1919 617 2150 671 civitate

494 711 736 781 expulit.
764 709 902 762 Erat
933 709 1085 763 enim
1110 705 1516 761 fraudulentus
1554 706 1740 773 valde,
1768 708 1823 759 et
1857 706 2084 759 alienus
2117 720 2148 758 a

483 799 728 853 veritate
769 802 825 852 et
864 796 1139 852 ﬁdelitate
1171 796 1386 866 ipsius.
1430 794 1709 864 Campum
1757 793 1904 863 (409)
1944 795 2145 847 contra

483 903 617 941 eum
655 886 911 956 accepit,
947 885 1101 939 unde
1143 900 1209 939 se
1250 883 1564 937 recredidit
1594 883 1759 951 (410),
1794 885 1851 936 et
1879 882 2149 952 legaliter

483 975 623 1030 fecit
650 972 750 1042 995,
783 975 920 1028 dum
954 989 1127 1027 suum
1159 971 1530 1042 adjudicatus
1561 970 1813 1040 perdidit
1842 967 1941 1021 296.
1980 1011 1991 1023 .
2030 1010 2041 1023 .
2080 1010 2093 1022 .
2131 1009 2141 1021 .

549 1063 638 1118 58.
672 1064 936 1117 Domnus
954 1061 1252 1115 Gerardus
1269 1059 1348 1103 29⁷
1367 1060 1685 1129 episcopus
1717 1058 2145 1111 dedicationem

481 1152 775 1207 aecclesiae
789 1152 846 1204 in
861 1151 1086 1204 honore
1105 1153 1325 1202 sanctae
1342 1149 1444 1201 Dei
1460 1147 1767 1219 genitricis
1784 1146 1984 1199 Mariae
1999 1143 2081 1211 (41
2096 1146 2144 1213 1)

480 1241 781 1309 facturus,
818 1240 1070 1293 removit
1098 1236 1277 1291 altare
1310 1254 1341 1290 a
1372 1236 1608 1305 proprio
1640 1236 1806 1304 loco;
1842 1237 1896 1287 et
1925 1232 2146 1288 effossa

2258 526 2316 580 in
2348 529 2483 582 vitm
2516 533 2776 599 tempore
2806 529 3007 583 ultimo
3041 528 3400 582 subtraxerit
3429 528 3610 595 Deus,
3642 543 3757 582 non
3780 542 3915 593 vos,

2256 617 2349 669 cui
2384 619 2754 672 incessanter
2795 634 2997 686 pecco.
3030 617 3301 671 Breviter
3330 621 3524 671 tamen
3554 616 3665 671 hoc
3695 616 3919 669 vestris

2254 705 2498 759 auribus
2549 722 2835 777 suggero,
2881 706 3017 776 quia
3065 706 3135 759 de
3176 705 3452 760 fidelitate
3503 705 3797 759 servanda
3845 704 3917 756 ad

2254 795 2582 848 communis
2614 794 2781 866 regni
2816 798 3029 848 statum
3060 794 3213 864 apud
3235 810 3344 849 vos
3375 795 3436 847 in
3466 793 3636 864 culpa
3667 809 3783 847 non
3808 793 3918 846 ha-

2251 882 2414 935 beor.
2442 883 2723 954 Trigenta
2745 899 2933 937 annos
2968 883 3259 951 ducimus,
3295 898 3410 953 quo
3441 882 3500 936 in
3532 884 3736 936 nostra
3766 881 3918 935 urbe

2250 970 2404 1024 inter
2433 972 2782 1042 pagcnsium
2800 975 3136 1026 nostrorum
3152 971 3383 1041 gladios
3396 971 3670 1024 vivimus.
3686 970 3918 1035 Quibus

2250 1075 2425 1129 quam
2457 1060 2635 1112 multa
2666 1060 2797 1114 data
2818 1064 2957 1114 sunt
2988 1060 3059 1113 ab
3083 1060 3356 1114 aacclesia
3374 1064 3594 1127 nostra,
3623 1059 3918 1114 cotidiana

2250 1146 2682 1213 distributione,
2718 1164 2967 1218 quaeque
2997 1147 3070 1201 ab
3111 1148 3320 1203 Ottone
3358 1150 3415 1201 et
3445 1147 3724 1201 Heinrico
3759 1148 3917 1200 divae

2248 1235 2549 1289 memoriae
2570 1238 2839 1307 regibus,
2865 1237 3418 1306 praedecessoribus
3442 1237 3590 1289 meis
3613 1236 3920 1307 episcopis

477 1331 634 1383 terra
679 1344 811 1399 qua
861 1328 1017 1381 circa
1059 1328 1210 1393 erat,
1252 1325 1451 1378 multa
1496 1327 1837 1378 sanctorum
1878 1323 2144 1392 reliquiae
2251 1322 2480 1391 collata,
2516 1324 2656 1377 mihi
2699 1325 2891 1393 etiam,
2928 1330 2983 1379 et
3023 1341 3055 1379 a
3085 1326 3438 1396 patrimonio
3483 1329 3620 1380 sunt
3655 1330 3917 1395 reperta,

477 1418 695 1471 ibidem
721 1420 969 1485 repertae
993 1417 1151 1479 sunt;
1177 1411 1424 1483 insuper
1442 1412 1745 1466 brachium
1770 1410 2141 1465 confessoris
2251 1427 2366 1464 non
2409 1416 2545 1465 sunt
2589 1413 2989 1484 suggerenda.
3047 1416 3112 1469 Et
3152 1415 3307 1469 sicut
3346 1414 3671 1468 liberalitas
3712 1417 3923 1467 vestra

474 1503 692 1559 Christi
715 1504 979 1573 Vedasti,
1015 1507 1069 1557 et
1099 1519 1216 1557 non
1249 1502 1479 1556 modica
1510 1516 1649 1569 pars
1674 1501 1745 1554 de
1789 1500 1977 1569 capite
2009 1498 2143 1568 ejus
2252 1499 2624 1554 sacellarium
2638 1500 2785 1571 (414)
2804 1500 2999 1570 habet,
3016 1504 3115 1573 qui
3134 1503 3336 1557 causis
3355 1502 3920 1572 supervenientibus

475 1597 531 1647 et
561 1592 916 1663 quibusdam
948 1591 1252 1645 membris.
1287 1590 1647 1644 Consecrata
1680 1592 1772 1642 est
1803 1589 1983 1660 igitur
2011 1588 2143 1655 ipsa
2252 1587 2576 1642 cotidianas
2619 1604 2915 1659 expensas
2946 1589 3149 1659 faciat,
3196 1592 3275 1645 ita
3314 1595 3369 1645 et
3408 1606 3520 1662 ego
3562 1590 3921 1645 sacellarius

476 1681 751 1736 aecolesia
782 1680 1189 1750 sollempuitcr
1232 1678 1284 1731 2.
1330 1677 1481 1732 Non.
1530 1678 1802 1745 Januar.,
1838 1678 2140 1747 apportata
2171 1683 2223 1746 Β
2252 1691 2455 1731 eorum
2488 1693 2619 1730 sum
2641 1720 2655 1747 ,
2707 1681 2769 1731 ut
2812 1679 3010 1732 dilatio
3041 1679 3281 1750 mortis,
3315 1695 3388 1734 ne
3428 1680 3617 1734 dicam
3646 1683 3787 1735 vitae
3819 1695 3923 1734 re-

478 1771 668 1825 sancti
698 1768 937 1823 Vedasti
971 1783 1216 1838 corpore
1239 1765 1514 1821 cumaliis
1539 1766 1763 1820 sanctis
1785 1782 1816 1820 a
1832 1764 2140 1820 monachis

479 1853 2136 1928 ejusdemloci398...................

549 2032 637 2087 59.
672 2033 886 2087 Paucis
915 2036 1048 2086 ante
1072 2032 1387 2087 transactis
1407 2032 1638 2102 diebus,
1663 2032 2035 2099 Lietduinus,
2069 2045 2141 2083 ex

476 2120 627 2175 laico
642 2120 969 2174 monachus
993 2124 1047 2175 et
1066 2121 1251 2176 abbas
1274 2121 1695 2176 monachorum
1716 2124 1852 2191 post
1875 2121 2086 2188 factus,
2108 2135 2140 2172 a

478 2209 701 2264 saeculo
723 2208 931 2263 abiens
946 2209 1335 2277 laudabiliter,
1352 2212 1409 2264 et
1434 2209 1504 2262 ad
1527 2208 1684 2263 aliud
1706 2210 2060 2278 perveniens
2078 2211 2141 2261 ut

477 2312 788 2367 speramus
819 2298 1073 2351 feliciter
1095 2299 1280 2365 (circa
1310 2314 1404 2351 an.
1440 2294 1619 2365 1044),
1654 2298 1858 2350 tristes
1889 2296 2143 2349 reddidit

476 2401 627 2455 quos
659 2386 729 2438 ad
762 2402 934 2440 omne
963 2385 1498 2439 bonuminstruxit.
1527 2386 1609 2439 De
1640 2400 1756 2455 quo
1789 2388 1849 2437 ut
1880 2384 2141 2453 aliquan-

475 2474 662 2529 tulum
681 2475 869 2555 dicam
894 2490 905 2528 :
931 2474 1349 2544 pen-indoctam
1380 2474 1486 2526 Dei
1520 2473 1883 2542 sapientiam,
1904 2474 2140 2526 stultam

478 2562 735 2617 ostendit
770 2562 1283 2631 grammaticorum
1324 2562 1579 2614 inflatam
1612 2562 1967 2629 doctrinam,
2003 2560 2140 2613 dum

478 2650 757 2720 quicquid
800 2648 986 2702 seculi
1035 2648 1163 2718 fuit,
1201 2649 1493 2703 sollicitus
1538 2650 1718 2717 cavit,
1766 2655 1821 2702 et
1861 2664 1993 2718 quia
2036 2647 2139 2701 Dei

479 2741 638 2806 sunt,
672 2736 865 2790 fidelis
896 2740 1169 2806 Operator
1198 2736 1553 2807 adimplevit.
1589 2738 1699 2789 Hic
1728 2737 1995 2790 abbatem
2033 2736 2139 2789 Ri-

479 2810 784 2893 chardum,
818 2824 1167 2895 religiosum
1196 2825 1508 2878 admodum
1538 2825 1750 2893 virum,
1785 2828 1840 2879 ct
1869 2824 2139 2879 Frederi-

2251 1764 2421 1835 quies
2455 1772 2656 1819 eorum
2687 1766 2785 1837 qui
2817 1783 3045 1821 mecum
3079 1770 3219 1821 sunt
3250 1769 3477 1839 acquiri
3505 1771 3715 1837 valeat,
3755 1769 3922 1840 quod

2249 1854 2418 1925 virga
2448 1853 2779 1924 disciplina:
2818 1859 3037 1910 vestra)
3077 1855 3551 1925 habuerat\(415)
3589 1856 3809 1911 facere.
3846 1856 3921 1911 Et

2248 1940 2376 1995 haec
2407 1941 2582 2013 cujus
2601 1943 2718 1996 nisi
2736 1944 2905 2015 regni
2938 1944 3164 2015 gratia?
3186 1944 3234 1998 E
3264 1950 3467 1998 contra
3497 1940 3922 2015 302adgravata

2246 2033 2338 2083 est
2356 2046 2564 2084 manus
2582 2030 2773 2102 plagae
2796 2036 3015 2086 vestrae
3039 2048 3219 2102 super
3240 2048 3369 2104 nos,
3395 2034 3628 2104 quando
3645 2035 3919 2102 parvitas

2247 2121 2453 2171 nostra
2476 2119 2671 2173 minus
2693 2119 2902 2175 idonea
2921 2124 3014 2174 est
3031 2120 3226 2174 habita
3250 2121 3402 2190 apud
3419 2137 3547 2175 vos.
3567 2122 3693 2176 Hoc
3715 2127 3919 2178 tamen

2250 2206 2483 2260 domino
2513 2206 2676 2273 dico,
2720 2210 2779 2261 ut
2811 2207 2882 2262 de
2920 2224 3013 2262 me
3042 2209 3192 2263 mala
3224 2208 3503 2278 quaelibet
3545 2212 3809 2277 estimct,
3844 2212 3921 2267 de

2248 2294 2491 2348 utilitate
2521 2310 2662 2349 vero
2681 2298 2736 2349 et
2761 2312 2942 2350 causa
2968 2297 3138 2367 quasi
3159 2298 3523 2366 provisionis
3544 2302 3767 2353 nostrae
3794 2316 3918 2355 non

2249 2383 2611 2452 quibuslibet
2642 2384 2772 2453 pias
2810 2400 2987 2439 aures
3017 2386 3296 2454 praebeat,
3333 2386 3441 2440 sed
3480 2401 3585 2442 eos
3616 2389 3918 2455 consulat,

2248 2472 2468 2542 quibus
2500 2488 2652 2543 gens
2684 2475 2741 2526 et
2769 2475 2953 2542 patria
2984 2476 3076 2528 est
3106 2474 3361 2544 cognita,
3395 2476 3650 2547 plusque
3682 2478 3925 2531 utilitati

2249 2575 2422 2630 quam
2444 2561 2820 2630 suggestioni
2840 2561 3058 2615 credat.
3083 2562 3208 2616 Nec
3226 2565 3417 2617 tamen
3438 2565 3621 2635 regiae
3636 2568 3924 2637 congruit

2248 2662 2543 2717 personae,
2577 2649 3022 2720 impugnatores
3066 2650 3352 2705 hactenus
3380 2652 3547 2720 pacis
3586 2652 3921 2708 familiares

2248 2735 2502 2804 habere,
2538 2740 2592 2789 et
2625 2752 2729 2790 eos
2761 2752 2867 2807 per
2895 2754 3047 2808 quos
3078 2740 3267 2808 viguit
3297 2741 3502 2809 procul
3534 2741 3817 2811 adjicere.
3852 2743 3922 2797 In

2245 2839 2386 2877 vero
2406 2825 2548 2876 mihi
2578 2825 2814 2891 credite,
2841 2828 2975 2896 quia
2996 2828 3197 2880 suasio
3217 2827 3330 2880 ista
3352 2844 3450 2881 res
3476 2833 3566 2883 est
3600 2830 3909 2898 simulata,

414 2901 419 2905 ’
478 2930 631 2982 cum,
667 2912 899 2967 comitis
943 2912 1211 2966 Balduini
1250 2913 1607 2967 avunculum
1651 2912 1798 2982 (412)
1841 2930 1872 2967 a
1920 2915 2141 2968 saeculo
2170 2936 2215 2998 ρ
2249 2928 2365 2965 non
2396 2928 2558 2980 vera,
2586 2916 2640 2965 et
2662 2914 2881 2967 idcirco
2908 2915 3078 2968 vobis
3114 2915 3353 2970 obedire
3375 2917 3598 2983 distuli,
3632 2919 3770 2989 quia
3803 2935 3921 2973 nec

478 3017 856 3069 conversum,
883 3001 1229 3069 prudentem
1254 2998 1650 3071 etjustum299
1671 3002 2008 3068 introduxit,
2036 3018 2143 3071 per

478 3106 652 3162 quem
684 3091 853 3143 locus
887 3089 983 3142 ille
1017 3090 1075 3141 in
1105 3092 1308 3142 sancta
1336 3089 1625 3159 religione
1654 3092 1709 3143 et
1740 3090 1940 3143 mundi
1969 3090 2148 3148 facul-

473 3182 589 3235 tate
622 3178 799 3247 coepit
828 3178 1083 3247 pollere,
1122 3180 1179 3230 et
1207 3177 1280 3231 ab
1313 3192 1382 3231 eo
1414 3177 1563 3246 (413)
1596 3178 1724 3232 loco
1756 3178 2142 3249 subrogatus,

477 3267 774 3335 nobiliter,
809 3270 872 3319 ut
902 3267 1119 3335 decuit,
1141 3266 1199 3319 in
1231 3266 1505 3320 omnibus
1536 3266 1707 3319 bonis
1727 3268 2070 3336 permansit.
2094 3268 2144 3320 A

479 3356 861 3410 fundamento
897 3356 1318 3407 monasterium
1352 3354 1701 3408 restauravit
1742 3357 1857 3421 (an.
1893 3353 2051 3423 1031)
2089 3359 2146 3409 et

478 3443 755 3497 omnibus
788 3442 1138 3495 utilitatibus
1162 3442 1480 3510 ampliavit,
1507 3445 1563 3496 et
1584 3459 1642 3496 in
1661 3443 1935 3497 omnibus
1957 3443 2141 3513 justi-

478 3530 853 3584 ticationibus
885 3530 1116 3584 Domini
1148 3530 1277 3584 sine
1309 3530 1547 3600 querela
1578 3531 1741 3584 vixit.
1780 3530 1951 3599 Huic,
1986 3534 2140 3600 post-

477 3633 650 3689 quam
705 3633 838 3671 eum
884 3618 1045 3671 Deus
1077 3619 1235 3685 tulit,
1281 3618 1467 3671 abbas
1516 3618 1775 3672 Joannes
1821 3620 2136 3688 successit,

478 3706 702 3761 electus
720 3722 752 3759 a
775 3705 1082 3774 fratribus,
1099 3706 1311 3760 domno
1333 3706 1613 3775 episcopo
1627 3706 1885 3761 Gerardo
1909 3708 2140 3762 favente

480 3810 612 3847 cum
647 3794 858 3848 comite
892 3794 1178 3847 Balduino
1207 3792 1305 3848 300.

548 3882 636 3936 60.
666 3905 687 3929 α
725 3882 973 3936 Domino
996 3882 1274 3936 Heinrico
1306 3886 1697 3954 augustorum
1728 3886 2135 3956 serenissima,

480 3970 780 4024 Gerardus
799 3971 1213 4041 episcoporum
1232 3972 1472 4025 ultimus
1492 3975 1548 4025 et
1561 3988 1874 4026 servorum
1897 3974 1998 4027 Dei
2023 3990 2144 4028 ser-

476 4075 609 4128 vus,
643 4058 809 4129 pacis
840 4063 895 4114 et
925 4060 1136 4113 salutis
1175 4062 1475 4130 perpetuae
1508 4076 1722 4115 munus
1751 4056 1853 4116 301.
1879 4062 2142 4117 Peccatis

477 4148 626 4202 meis
659 4148 772 4202 hoc
803 4152 1044 4219 reputo,
1080 4151 1142 4203 ut
1181 4148 1457 4203 solatium
1487 4149 1951 4221 qualecumque,
1986 4151 2142 4222 quod

2251 3001 2423 3055 vobis
2442 3017 2551 3054 nec
2574 3001 2746 3055 nobis
2766 3002 2935 3072 quies
2959 3004 3107 3057 ultra
3138 3008 3420 3059 maneret.
3445 3005 3596 3060 Sane
3615 3022 3731 3060 non
3764 3007 3918 3061 adeo

2250 3089 2484 3156 mirum,
2530 3089 2582 3142 si
2615 3090 2686 3143 ab
2725 3106 2788 3142 re
2818 3091 2953 3160 plus
2990 3090 3155 3161 justo
3199 3093 3340 3146 mihi
3379 3093 3790 3166 indignemini,
3824 3096 3921 3149 si-

2251 3176 2465 3231 cuti303
2487 3177 2806 3232 Mauricius
2827 3178 3114 3250 Gregorio
3137 3182 3338 3250 (anno.
3364 3197 3455 3251 ep.
3478 3182 3531 3251 4,
3556 3180 3665 3253 31),
3700 3199 3922 3254 quam-

2251 3267 2343 3320 vis
2386 3265 2562 3337 longe
2614 3266 2764 3319 infra
2811 3267 3183 3337 Gregorium.
3232 3270 3501 3325 Verenda
3544 3287 3685 3326 vero
3732 3287 3922 3342 quam

2251 3356 2432 3409 subiit
2482 3354 2801 3409 Mauricius
2840 3356 3127 3425 vindicta,
3169 3357 3307 3412 dum
3330 3362 3442 3422 .est
3482 3358 3610 3412 heri
3648 3363 3705 3413 et
3732 3360 3922 3415 hodie

2249 3442 2458 3514 (Hebr.
2495 3460 2618 3511 xm,
2653 3442 2727 3513 8),
2765 3443 2939 3515 cujus
2968 3446 3224 3514 petimur
3252 3447 3472 3500 vicaria
3494 3461 3773 3517 persona.
3804 3448 3928 3503 Per

2247 3546 2381 3584 eum
2408 3531 2510 3601 qui
2540 3531 2818 3585 formavit
2858 3536 2914 3585 et
2944 3533 3221 3588 adunavit
3251 3534 3583 3589 mcclesiam
3622 3535 3695 3590 de
3725 3536 3923 3591 latere

2248 3634 2387 3689 suo,
2423 3634 2531 3671 vos
2575 3634 2919 3693 precamur,
2968 3636 3041 3674 ne
3072 3622 3357 3676 scindatis
3386 3620 3467 3662 δίη
3504 3626 3561 3677 et
3598 3623 3920 3694 dissipetis

2247 3722 2374 3760 eam
2404 3722 2416 3775 ;
2449 3722 2541 3775 ne,
2586 3709 2741 3778 quod
2781 3707 2969 3777 absit,
3021 3712 3184 3763 extra
3224 3725 3350 3764 eam
3391 3711 3773 3765 inveniamini
3804 3729 3922 3782 per

2246 3796 2655 3866 purgationem
2680 3795 2989 3850 ventilabri
3011 3797 3136 3851 Dei.
3164 3797 3474 3868 Loquaces
3496 3799 3919 3856 adolescentes

2248 3898 2379 3937 cum
2403 3883 2664 3937 Hoboam
2688 3900 2759 3938 ne
2781 3884 3083 3952 admittite,
3117 3886 3259 3955 quin
3292 3886 3487 3954 potius
3509 3903 3615 3956 per
3634 3888 3919 3943 silentem

2246 3970 2461 4041 Chusi,
2514 3972 2699 4026 David
2741 3972 3222 4041 sapientissimus
3265 3974 3546 4044 princeps
3591 3976 3747 4030 inter
3788 3983 3918 4032 tres

2246 4059 2333 4131 (II
2369 4061 2517 4132 Reg.
2552 4062 2750 4131 χχιιι),
2784 4062 2952 4131 quasi
2994 4065 3047 4116 te
3074 4059 3172 4116 δαί.
3210 4086 3230 4110 ιι
3280 4105 3291 4116 .
3330 4104 3343 4117 .
3390 4103 3403 4117 .
3509 4105 3522 4118 .
3567 4104 3579 4117 .
3628 4106 3640 4117 .
3694 4106 3706 4118 .

1790 4283 2080 4344 VARUE
2125 4284 2487 4347 LECTION
2493 4286 2590 4346 ES

542 4418 624 4463 993
644 4423 704 4475 in
733 4421 1362 4508 2.'tletste'Colvenerio
1385 4444 1411 4472 «
1451 4424 1643 4508 Hujus
1665 4425 2182 4508 capituli‘guinque
2203 4429 2411 4508 priora
2449 4428 2635 4508 verba
2663 4437 2833 4508 erant
2867 4447 3061 4500 erasa,
3096 4432 3277 4508 sicuti
3305 4438 3362 4508 et
3383 4431 3556 4508 finis;
3596 4433 3753 4508 unde
3785 4453 3922 4493 ma-

472 4508 747 4573 gnahcum
770 4491 1125 4573 difﬁcultate
1162 4508 1229 4573 ea
1270 4494 1475 4573 legere
1509 4491 1691 4573 potui.
1725 4491 1746 4544 ἱ
1787 4495 1853 4547 In
1890 4491 1963 4573 ’ἐς
2001 4491 2101 4573 (ibi
2118 4491 2254 4573 jain
2276 4500 2417 4573 inde
2440 4516 2471 4553 θ
2494 4516 2543 4553 c.
2572 4500 2657 4573 49.
2692 4500 2850 4573 nulla
2883 4509 2973 4573 cst
3006 4491 3258 4573 capitum
3282 4491 3609 4573 distinctio,
3641 4506 3813 4560 locus
3828 4491 3921 4562 ita

475 4562 713 4641 legite);
737 4576 992 4641 :‘srecum
1023 4562 1230 4641 detulit
1268 4562 1417 4641 Aqua
1450 4562 1965 4641 fei'ebatur_sancti
1996 4566 2062 4620 G.
2097 4562 2288 4638 spatio
2310 4572 2413 4641 nni
2450 4572 2579 4624 voci
2601 4570 2840 4641 relic-t0,
2917 4572 2999 4616 994
3018 4562 3194 4629 nimis
3224 4571 3301 4627 ‘2‘.
3329 4562 3411 4615 995
3438 4576 3521 4627 ita
3540 4562 3612 4628 2".
3649 4578 3748 4629 cui
3778 4578 3929 4632 dum

478 4628 649 4718 deest
677 4632 779 4718 ρει
804 4631 967 4685 Colv.
1043 4628 1124 4671 296
1144 4628 1409 4718 postliEec
1438 4636 1563 4718 in
1596 4636 2059 4718 qnfcdeinnerasa
2088 4628 2461 4718 erantln‘ﬂﬂ
2488 4642 2735 4695 duarum
2774 4628 2971 4718 vdeam
3004 4628 3270 4718 spatinmA
3284 4642 3581 4718 _rc_lictum.
3764 4628 3922 4718 pris:

480 4701 634 4775 thazc
651 4701 894 4775 duarum
926 4705 1404 4775 vocuqispatium
1437 4701 1681 4775 reliquit
1712 4706 1785 4759 ‘2'.
1860 4703 1941 4747 393

1962 4710 2225 4777 post/uec
2254 4711 2315 4763 in
2346 4712 2397 4763 '2.
2421 4726 2612 4766 erasae
2635 4720 2807 4766 erant
2833 4712 2897 4767 14
2920 4710 3127 4769 lineae:
3161 4716 3222 4768 in
3242 4713 3316 4769 9‘.
3350 4715 3525 4770 lineae
3558 4721 3615 4770 et
3638 4710 3922 4774 dimidiae

477 4772 727 4859 spatinm
740 4774 1061 4859 relictum“
1089 4768 1245 4826 2992a
1277 4771 1374 4859 Fr:
1392 4768 1701 4859 —justun1
1729 4768 2039 4859 dcsu12t_§2‘.
2101 4778 2181 4859 ἔξοο
2209 4779 2355 4859 Post
2379 4781 2552 4859 tinem
2574 4782 2747 4859 lngus
2768 4800 2893 4859 cap.
2929 4800 3055 4859 etim
3150 4786 3205 4859 ἓξ
3242 4768 3485 4840 vacaret
3500 4768 3924 4859 semipagj—eﬁlvla',

478 4840 1061 4924 aliqnisrece‘ntiori
1088 4859 1264 4924 mann
1292 4840 1618 4924 adscripsit
1637 4847 1773 4924 {nec
1821 4848 2006 4924 verba
2035 4863 2047 4901 :
2092 4849 2259 4924 Anno
2296 4851 2451 4905 1148.
2486 4852 2537 4905 8.
2590 4840 2728 4906 ldvus
2762 4840 3127 4924 Sc‘ptembris
3170 4840 3619 4911 Cameracensis
3646 4840 3923 4914 ὲοὲιὲὲἷέ

476 4910 537 4964 S'
572 4910 795 4996 Mnrim’
831 4917 887 4967 et
927 4914 1183 4996 ccglgsig
1323 4910 1596 4996 "S‘Pei‘ti:
1630 4921 1930 4996 .to‘u'thue
1965 4919 2796 4996 Οὲδίθηιὲίηυυοβοάθωίίυθ
2842 4910 3114 4979 incendio
3161 4926 3479 4996 Perierunt.
3518 4950 3539 4975 ιι
3572 4910 3918 4982 Cotvgﬁiﬁ

468 4987 611 5066 post.
630 5000 824 5066 usque
855 4987 1026 5054 quasi
1058 4988 1112 5037 te
1145 4991 1299 5038 teste
1332 4984 1672 5066 Celveterio
1700 5010 1726 5066 _«
1756 4984 2410 5066 desuntduecirciter
2440 4992 2633 5066 lizzcgc.
2678 4984 2814 5066 Quae
2845 4984 3181 5066 sequantui:
3215 4997 3291 5050 ad
3320 4997 3496 5051 linem
3532 5014 3710 5066 usque
3735 5000 3918 5054 Liet-

472 5051 638 5105 berti
649 5051 761 5129 alia
778 5051 969 5129 manu,
986 5056 1505 5129 eagquefeccntiori
1521 5058 1744 5129 scripta
1759 5066 1915 5122 sunt;
1934 5060 2178 5129 phrasis
2202 5068 2394 5115 tamen
2408 5064 2518 5116 sim
2528 5063 2625 5117 ilis
2648 5051 2895 5119 cnndem
2918 5051 3148 5120 redolet
3168 5074 3485 5121 auctorem.
3522 5091 3543 5116 η

3624 5069 3799 5124 criba
3816 5073 3899 5127 ‘2‘.

473 5124 733 5193 margini
762 5124 1084 5195 adscripsit
1109 5146 1126 5179 :
1149 5125 1361 5181 desunt
1391 5124 1674 5196 paucula}
1710 5133 1845 5183 tunc
1863 5124 2065 5184 eodem
2084 5132 2304 5187 calamo
2330 5134 2533 5205 pergit
2552 5137 2683 5189 sine
2717 5135 2830 5190 2111a
2862 5137 3291 5193 distinctione:
3316 5139 3471 5192 Huic
3500 5140 3760 5210 quidem,
3789 5124 3914 5198 etc.

2059 5259 2313 5322 NOT/E

545 5391 693 5463 (409)
724 5393 766 5447 Ι.
801 5409 852 5448 e.
886 5394 1162 5452 duellum.

566 5464 694 5541 491)
725 5464 800 5541 Se
830 5465 1099 5541 reddidit,
1137 5469 1353 5524 victum
1381 5486 1448 5525 se
1477 5470 1794 5541 professus
1825 5475 1936 5527 est.

566 5534 691 5603 411)
724 5534 1158 5592 Atrebatensis.

543 5603 693 5680 (41‘2)
723 5605 810 5662 Cf.
847 5605 995 5663 Mab.
1016 5608 1161 5665 Acta
1190 5608 1293 5667 SS.
1325 5611 1543 5668 Bened.
1569 5628 1711 5671 saec.
1746 5613 1840 5685 VI,
1861 5631 1899 5685 ι,
1924 5629 1982 5685 p.
2007 5613 2130 5674 190.

2311 5404 2458 5478 (413)
2488 5405 2584 5478 _Sc.
2621 5406 2915 5461 Richardo
2942 5424 2957 5478 ;
2989 5408 3066 5463 cf.
3100 5426 3151 5465 c.
3179 5410 3265 5465 16.
3295 5410 3473 5467 Conv.

2311 5406 2436 5472 (413
2488 5406 2584 5460 Sc.
2621 5406 2915 5461 Richardo
2942 5424 2957 5478 ;
2989 5408 3066 5463 cf.
3100 5426 3151 5465 c.
3179 5410 3265 5465 16.
3295 5410 3473 5467 Conv.

2243 5406 2458 5600 Νέης
2485 5476 2623 5531 Sive
2672 5478 3102 5551 saccellarium,
3146 5481 3637 5555 Sackelmeister,
3677 5500 3712 5539 a
3770 5501 3920 5542 sac-

2313 5615 2461 5690 (415)
2491 5618 2533 5674 Ι.
2564 5634 2616 5676 e.
2653 5619 2964 5695 debuerat,
2998 5622 3161 5680 avait
3198 5622 3231 5679 ὰ
3260 5623 3439 5687 faire.
