4098 6196
179 385 262 446 177

887 376 1488 471 ΟΟΝΤΙΝΠᾼΤΙΟ.
1526 414 1600 425 -
1631 378 1904 441 GESTA
1937 380 2382 444 LIETBERTI
2414 382 2676 445 EPISC.

3403 390 3519 456 1'78

704 608 1163 728 GESTA
1252 615 2009 731 LIETBERTI
2094 617 2720 734 EPISCOPI
2787 609 2903 673 ³⁰⁶

224 924 261 976 1.
285 923 415 992 (Cap.
443 922 548 991 61.)
572 924 724 978 Huic
746 925 982 995 quidem
1003 923 1264 979 Gerardo
1295 923 1556 993 pontiﬁci
1586 923 1743 977 dom-
1767 896 1831 961 Α
1857 923 2183 979 ministeria
2206 928 2518 983 mcclesiae.
2553 928 2662 982 His
2678 927 2758 972 310
2788 931 3048 1000 acceptis
3080 929 3408 984 honoribus
3439 929 3516 983 ita

174 1027 253 1064 nus
276 1011 561 1065 Lietbertus
604 1011 666 1065 in
711 1013 1113 1082 episcopatum
1161 1012 1478 1081 successit,
1512 1013 1611 1082 qui
1668 1027 1742 1066 ex

180 1100 479 1153 Brachatensi
522 1100 710 1169 patria
758 1101 925 1170 (416),
959 1101 1145 1155 nobili
1180 1102 1345 1155 ortus
1377 1101 1673 1170 prosapia,
1707 1118 1739 1154 a

172 1188 561 1260 progenitoribus
578 1188 726 1258 (41⁵1)
748 1190 1090 1244 educandus
1106 1204 1254 1259 puer
1267 1190 1627 1244 commissus
1649 1192 1741 1242 est

176 1277 255 1329 sub
278 1277 433 1346 ipsius
460 1276 699 1331 Gerardi
730 1278 1027 1347 pontiﬁcis
1057 1278 1203 1347 (418)
1226 1278 1556 1347 disciplina.
1582 1279 1741 1333 Puer

170 1365 302 1436 igitur
322 1365 417 1419 iste
442 1365 675 1419 docibili
705 1367 942 1437 ingenio
972 1368 1259 1436 praeditus
1291 1370 1346 1421 et
1375 1367 1618 1421 assidua
1656 1367 1739 1436 pii

172 1454 369 1524 magistri
392 1453 642 1507 doctrina
667 1454 1037 1524 informatus,
1064 1456 1296 1526 gemina
1318 1456 1565 1511 scientia
1598 1455 1726 1511 alfa-

172 1540 239 1593 tim
256 1541 504 1595 imbuitur.
527 1542 713 1606 Quem
736 1543 944 1597 videns
961 1544 1094 1613 pius
1110 1528 1291 1613 ‘pater
1318 1545 1492 1598 bonis
1524 1544 1736 1598 studiis

171 1645 371 1683 crescere
390 1634 437 1683 et
461 1647 565 1700 per
596 1631 726 1685 dies
757 1632 1031 1703 singulos
1054 1633 1126 1685 ad
1165 1634 1409 1687 meliora
1442 1648 1735 1688 conscen-

170 1717 280 1785 dere,
298 1719 443 1787 erepit
462 1735 593 1772 eum
613 1719 994 1775 vehementer
1013 1721 1259 1793 diligere
1278 1726 1334 1776 et
1355 1723 1738 1777 consiliorum

168 1822 348 1860 suorum
372 1808 701 1877 participem
721 1809 935 1874 facere;
961 1814 1036 1879 et,
1052 1814 1114 1863 ut
1144 1811 1395 1880 amplius
1415 1811 1473 1865 in
1493 1811 1739 1865 scientia

167 1908 258 1947 eum
268 1897 620 1964 conﬁrmaret,
644 1899 942 1968 regendas
956 1900 1154 1953 scolas
1168 1903 1391 1953 sanctae
1408 1900 1607 1953 Mariae
1619 1916 1737 1953 ma-

165 1985 239 2035 tris
251 1985 498 2038 ecclesiis
511 1986 567 2039 ei
581 1987 895 2054 commisit,
911 1988 1013 2056 qui
1025 1988 1212 2041 honor
1228 1990 1464 2057 prOpter
1476 1988 1738 2043 laborem

166 2086 287 2124 rarus
310 2069 373 2112 εἴη
398 2073 687 2128 nobilibus
708 2076 1113 2145 committitur,
1139 2076 1246 2130 sed
1277 2080 1494 2146 quanto
1524 2078 1734 2145 rarior,

160 2163 273 2212 tanto
297 2161 460 2232 magis
503 2159 587 2202 208
638 2162 1040 2217 honorabilior
1090 2164 1503 2233 conprobatur.
1540 2165 1735 2236 Hujus

163 2246 293 2313 igitur
315 2251 605 2304 ministerii
632 2251 1055 2306 exercitatione
1077 2253 1446 2322 perfectioris
1471 2254 1735 2308 scientiae
1764 2239 1819 2302 Β

162 2334 332 2390 culmen
340 2336 565 2407 juvenis
592 2339 688 2393 ille
701 2341 853 2410 cepit
866 2342 1173 2413 attingere,
1190 2346 1245 2395 et
1263 2342 1418 2396 inter
1436 2343 1735 2411 sapientes

161 2424 387 2491 sapienter
411 2427 650 2495 pollere.
674 2428 922 2501 Cognita
951 2445 1093 2484 vero
1124 2431 1403 2500 episcopo
1435 2431 1737 2484 scolastici

158 2510 391 2584 industria,
422 2518 722 2587 separavit
749 2534 883 2573 eum
923 2536 957 2572 a
983 2534 1303 2589 puerorum
1332 2521 1620 2588 doctrina,
1646 2520 1736 2572 fa-

160 2601 273 2654 ciens
291 2604 429 2657 illum
459 2620 698 2676 semper
729 2607 1059 2662 consistere
1089 2608 1150 2662 in
1188 2609 1489 2678 presentia
1519 2624 1649 2678 sua,
1682 2612 1739 2662 et

158 2686 272 2743 lateri
296 2707 392 2746 suo
409 2693 733 2765 adhaerere,
753 2696 886 2750 etin
910 2696 1155 2768 judiciis
1184 2698 1315 2751 suis
1347 2701 1461 2751 tam
1480 2697 1735 2767 publicis

158 2781 508 2849 quamprivatis
523 2783 849 2837 auditorem
880 2785 936 2837 in
966 2786 1196 2856 primis,
1231 2789 1286 2840 et
1317 2802 1455 2839 mox
1474 2786 1735 2857 judicem

157 2864 384 2923 insistere.
406 2871 613 2943 Sicque
646 2872 866 2927 factum
896 2879 1007 2943 est,
1031 2876 1094 2928 ut
1128 2873 1370 2944 juvenis
1409 2875 1507 2928 ille
1552 2891 1734 2943 parvo

155 2958 479 3027 posttempore
500 2961 559 3014 in
590 2961 814 3014 divinis
849 2965 904 3015 et
933 2963 992 3015 in
1022 2962 1296 3017 humanis
1315 2962 1733 3017 efﬁcacissime

157 3042 640 3112 claresceret.Quem
654 3049 865 3103 videns
883 3051 1202 3119 episcopus
1218 3051 1393 3105 bonis
1416 3051 1734 3106 virtutibus

152 3128 205 3169 3'9
224 3133 477 3190 abundare
508 3141 565 3190 et
598 3138 930 3192 castitatem
972 3138 1308 3192 inviolatam
1349 3155 1731 3208 conservare,

155 3220 277 3286 ccepit
299 3236 413 3275 eum
433 3224 702 3295 diligere,
737 3240 859 3294 pra
883 3227 1175 3291 omnibus,
1220 3231 1275 3282 et
1305 3227 1527 3297 privata
1546 3232 1602 3281 et
1633 3245 1736 3297 pu-

153 3304 257 3359 blica
280 3308 451 3365 facere
479 3328 551 3366 ex
583 3313 838 3368 consilio
868 3315 1080 3383 ipsius.
1113 3314 1183 3368 Et
1213 3316 1349 3385 quia
1382 3332 1516 3369 eum
1539 3316 1735 3369 divina

152 3392 384 3451 clementia
404 3403 457 3454 et
477 3400 766 3470 sapientia
780 3403 836 3456 et
852 3403 1168 3457 virtutibus
1187 3404 1565 3471 exaltaverat,
1584 3419 1735 3459 com-

150 3483 321 3538 modum
332 3487 479 3542 duxit
495 3505 635 3543 eum
649 3489 971 3559 episcopus
997 3493 1395 3564 magniﬁcare,
1413 3491 1729 3549 conferens

1857 1014 2146 1084 utebatur,
2171 1019 2233 1070 ut
2260 1015 2589 1087 majoribus
2609 1018 2985 1088 perfruendis
3018 1019 3254 1091 dignior
3274 1018 3517 1089 judica-

1854 1107 2036 1157 retur.

1920 1190 1972 1244 2.
2013 1191 2176 1262 (Cap.
2210 1192 2324 1259 62.)
2356 1194 2500 1248 Post
2556 1196 2877 1266 aliqantum
2906 1213 3050 1250 vero
3083 1197 3368 1267 temporis
3400 1196 3517 1266 ipsi

1848 1276 2107 1334 Gerardo
2138 1281 2418 1351 pontiﬁci,
2452 1286 2838 1354 vergentibus
2876 1285 3048 1338 annis
3098 1286 3169 1338 ad
3200 1299 3503 1353 occasum,

1848 1371 2125 1422 senectus
2141 1370 2424 1440 obrepsit,
2444 1388 2548 1440 pro
2570 1389 2683 1443 qua
2703 1373 2951 1427 debilior
2976 1373 3099 1444 jam
3123 1374 3296 1427 ﬁebat
3328 1390 3358 1427 a
3381 1375 3510 1444 prio

1843 1455 1896 1508 ri
1916 1459 2090 1525 statu,
2123 1456 2183 1510 in
2220 1462 2332 1511 tam
2363 1460 2576 1513 divinis
2599 1462 2882 1515 misteriis
2915 1479 3087 1532 quam
3134 1464 3192 1516 in
3242 1462 3515 1517 humanis

1842 1545 2118 1615 negotiis.
2163 1546 2276 1600 Sed
2321 1547 2657 1602 Lielbertus
2691 1565 2864 1618 quem
2903 1567 2935 1603 a
2996 1567 3174 1620 puero
3232 1551 3517 1605 nutrierat

1839 1631 1938 1702 ³11,
1961 1650 2133 1706 quem
2162 1637 2488 1691 honoribus
2519 1639 2895 1705 exaltaverat,
2929 1640 2989 1692 in
3027 1642 3275 1710 utroque
3309 1641 3403 1694 val

1839 1722 2106 1793 juvabat.
2128 1724 2357 1778 Accidit
2377 1725 2617 1793 interea,
2644 1728 2705 1779 ut
2731 1726 3044 1781 Gualterus
3063 1728 3514 1783 Cameracensis

1846 1812 2204 1867 castellauus
2218 1815 2290 1867 ab
2307 1814 2705 1883 inimicisIsuis
2722 1814 3065 1870 interfectus
3081 1816 3343 1870 interiret
3361 1816 3510 1886 (419)

1846 1901 1963 1971 (an.
1998 1900 2177 1970 1041),
2212 1902 2565 1973 unicumque
2625 1904 2805 1957 ﬁlium
2856 1920 2988 1957 cum
3046 1920 3231 1958 uxore
3264 1921 3373 1958 sua
3412 1922 3511 1959 su-

1849 1990 2129 2058 perstites
2149 1990 2263 2044 sibi
2282 1990 2661 2062 relinqueret.
2682 1992 2823 2057 Quae
2839 1994 3074 2062 quidem
3090 2009 3259 2062 uxor,
3277 1993 3514 2048 Ermen-

1848 2079 2038 2133 trudis
2080 2082 2338 2149 nomine,
2373 2080 2446 2134 ab
2482 2081 2712 2135 insania
2733 2082 3035 2137 maritisui
3058 2098 3177 2135 non
3226 2083 3508 2152 cessavit,

1851 2168 1957 2221 sed
1980 2183 2086 2237 per
2114 2168 2319 2239 pejora
2348 2185 2599 2240 quaeque
2638 2171 2946 2238 oberrans,
2973 2171 3163 2224 mariti
3187 2171 3281 2224 sui
3302 2171 3509 2240 nequi-

1849 2257 1962 2310 tias
1986 2257 2421 2326 superexcellit.
2457 2258 2525 2312 Et
2556 2260 2693 2329 quia
2726 2260 3002 2313 malitiam
3047 2276 3151 2328 per
3182 2275 3268 2327 se,
3306 2262 3366 2312 ut
3397 2274 3504 2311 vo-

1848 2344 2022 2413 lebat,
2059 2360 2341 2400 exercere
2366 2362 2479 2400 non
2512 2348 2715 2416 potuit,
2747 2347 2990 2400 —-ﬁlius
3020 2348 3171 2400 enim
3192 2345 3325 2415 ejus
3358 2362 3506 2415 puer

1847 2433 2077 2501 erat1—,
2111 2434 2403 2489 tirannum
2434 2436 2725 2506 quendam
2755 2436 2989 2489 nomine
3022 2435 3369 2503 Johannem,
3403 2435 3502 2489 ad-

1846 2527 2116 2576 vocatum
2138 2524 2605 2593 Atrebatensem,
2623 2524 2740 2578 sibi
2754 2524 2812 2577 in
2827 2522 3168 2594 conjugium
3185 2523 3502 2594 copulavit,

1844 2611 2056 2682 suique
2071 2613 2126 2666 et
2140 2611 2243 2666 ﬁlii
2259 2612 2352 2666 sui
2365 2614 2678 2682 patronum
2693 2628 2831 2666 esse
2847 2613 3167 2667 constituit.
3190 2612 3378 2665 Filius
3401 2628 3504 2666 au-

1842 2702 1957 2769 tem
1990 2700 2083 2754 ille
2115 2716 2249 2754 mox
2289 2704 2535 2755 mortem
2558 2701 2721 2771 obiit,
2762 2702 3087 2755 secundum
3119 2700 3275 2771 quod
3308 2700 3502 2771 scrip-

1841 2790 1962 2842 tum
1986 2791 2077 2842 est
2110 2805 2121 2842 :
2160 2788 2484 2843 Generatio
2513 2791 2821 2860 impiorum
2834 2790 3063 2860 peribit
3085 2789 3273 2859 (Psal.
3297 2807 3499 2859 xxxvr,

1840 2875 1951 2946 28).
1985 2877 2285 2931 Johannes
2316 2892 2478 2947 vero,
2526 2879 2619 2931 cui
2651 2883 2835 2933 mater
2862 2880 3028 2948 pueri
3061 2881 3344 2948 nupserat
3372 2878 3501 2949 qui-

1840 2981 1954 3035 que
1987 2980 2093 3034 per
2122 2968 2367 3019 matrem
2396 2968 2748 3021 beneficium
2779 2968 2947 3053 Ραθςὶ
2976 2968 3292 3034 invaserat,
3345 2967 3498 3019 nite-

1839 3054 2010 3107 batur
2042 3056 2139 3106 aut
2170 3054 2224 3105 vi
2258 3058 2355 3106 aut
2384 3055 2517 3108 dolo
2558 3055 2695 3108 illud
2748 3056 2861 3108 sibi
2897 3055 3303 3123 transducere,
3338 3055 3498 3124 quod

1839 3142 1935 3194 lex
1964 3140 2122 3193 nulla
2153 3142 2267 3195 sibi
2298 3143 2684 3211 permittebat.
2718 3143 2902 3195 Porro
2936 3145 2996 3195 ut
3042 3157 3140 3196 res
3194 3141 3495 3197 faciliores

1840 3229 2080 3282 haberet
2111 3228 2374 3299 effectus,
2397 3231 2570 3298 cmpit
2592 3231 2783 3299 ipsum
2807 3229 3130 3283 Gerardum
3160 3230 3498 3298 pontiﬁcem

1838 3318 2070 3388 magnis
2094 3317 2413 3371 sollicitare
2444 3318 2964 3388 promissionibus,
2998 3322 3055 3371 et
3085 3318 3333 3387 pecunia
3365 3333 3493 3372 cor-

1836 3423 2108 3476 rumpere
2158 3408 2534 3461 necessarios
2585 3410 2641 3461 et
2696 3406 3018 3461 familiares
3077 3406 3230 3477 ejus.
3294 3404 3493 3476 Hujus

1836 3497 2072 3564 quidem
2103 3495 2336 3550 consilii
2394 3495 2738 3561 Litbertum,
2774 3495 2924 3549 inter
2960 3494 3166 3549 ﬁdeles
3195 3493 3494 3564 pontiﬁcis

151 3569 678 3633 eiarchidiaconatum
691 3580 1213 3649 etprwposituram
1226 3584 1486 3638 etcetera
1501 3585 1727 3656 majora
1742 3593 1809 3656 Ic
1836 3584 2361 3656 sapientissimum,
2396 3585 2737 3655 participem
2766 3599 2905 3639 esse
2922 3583 3125 3653 noluit,
3156 3583 3372 3637 timens
3417 3597 3493 3637 ne

1382 3750 1683 3813 VARl/E
1726 3750 2190 3813 LECTIONES

192 3916 387 4000 3“hunc
417 3927 647 3982 titulum
681 3927 755 3982 de
785 3934 987 3983 nostro
1014 3929 1398 4000 suplevimus;
1429 3931 1491 3984 iu
1521 3930 1574 3984 ἓ.
1598 3928 1671 3984 2'.
1710 3946 1818 3985 non
1849 3931 2039 3984 adest.
2066 3930 2357 3999 Incipiunt
2376 3930 2654 3997 excerpta
2675 3943 2745 4000 ex
2769 3927 2930 4000 libro
2949 3930 3255 4000 gestorum
3276 3926 3487 4000 Came-

149 3994 406 4070 rgeepsium
424 4000 787 4070 pontificum.
810 4000 891 4053 De
924 3994 1134 4070 domno
1162 4001 1460 4056 Lietberto
1491 4016 1850 4056 successore
1873 4001 2117 4056 Gerardi
2142 3994 2405 4070 episcopi
2433 4000 2485 4053 '7.
2508 3994 2608 4070 qui
2626 3999 2723 4053 hic
2755 3994 2982 4068 incipit:
3016 3999 3119 4052 E’x
3145 4014 3214 4070 ep
3234 3998 3487 4070 capitum

148 4057 509 4123 distinctionem
539 4069 933 4125 instituimus.
964 4069 1043 4113 307
1074 4071 1289 4126 rarius.
1320 4069 1401 4113 303
1430 4072 1664 4127 deest'l.
1698 4070 1778 4115 309
1805 4072 2085 4141 operibus
2116 4057 2280 4125 7.310
2301 4057 2418 4125 Sic.
2450 4057 2612 4123 ’7.’311
2643 4070 2727 4123 ita
2756 4070 2808 4123 ’7.
2842 4057 3136 4124 ηἰιιῑθίθὶηι
3165 4066 3216 4123 2.
3250 4057 3325 4123 2“.

1699 4240 1976 4305 ΝΟΤιΕ.

192 4435 304 4502 (116)
329 4438 424 4493 Est
450 4444 610 4495 terra
631 4441 705 4495 de
735 4441 925 4496 Alost.
959 4441 1060 4496 ubi
1090 4441 1360 4495 Brakele.
1392 4440 1573 4495 Conv.

153 4571 160 4578 ν
194 4505 304 4584 (ﬁt?)
328 4510 743 4584 Necrologium
781 4513 987 4584 Beata
1034 4512 1235 4584 Mariae
1282 4510 1730 4584 Cameracensis

150 4574 629 4655 inbibl._CameraE.
664 4600 718 4655 n.
770 4582 894 4655 219.
930 4582 1153 4637 saeculo
1184 4599 1262 4655 xu
1298 4583 1424 4655 in.._
1452 4598 1524 4655 ex
1582 4583 1731 4655 anti-

150 4650 283 4723 quiori
300 4651 673 4723 descriptum,
707 4654 837 4708 haec
868 4654 1079 4709 habet:
1114 4654 1168 4708 5.
1202 4653 1331 4707 Kal.
1368 4652 1549 4708 Febr.
1584 4653 1733 4706 obiit

1842 4441 1948 4495 size
1975 4438 2155 4495 voluit
2186 4438 2524 4493 emendare.
2564 4437 2858 4508 EplSCOpO
2914 4441 3106 4491 autem
3162 4440 3496 4491 rennuente

1843 4511 1992 4582 quod
2019 4508 2253 4582 obtulit,
2284 4509 2461 4581 juxta
2493 4508 2850 4582 sententiam
2882 4508 3140 4580 episcopi
3166 4521 3494 4582 excommu-

1844 4577 2075 4636 nicatus
2120 4577 2301 4650 obiit;
2347 4586 2405 4634 et
2454 4579 2719 4650 sepultus
2769 4584 2861 4633 est
2911 4577 3090 4633 secus
3149 4578 3391 4650 Oisium,
3434 4577 3496 4650 in

1841 4657 2036 4707 monte
2064 4651 2239 4705 Erni.
2271 4649 2433 4714 Quod
2446 4647 2676 4721 quidem
2700 4650 2775 4703 ad
2804 4655 3024 4705 tantum
3042 4649 3183 4704 mali
3195 4647 3492 4721 pervenit,

153 4704 975 4803 ἕθφῖνίμέ
1760 4704 1813 4763 D
1841 4704 2122 4803 utvomnis
2164 4704 2335 4803 regio
2375 4704 2827 4803 Cimeracensis
2856 4720 3148 4803 fere_igni
3175 4704 3494 4803 combusta,

152 4784 548 4866 obiitAOSbur‘gis
577 4801 775 4849 mater
804 4784 1107 4849 Lietberti
1139 4784 1416 4866 episcopi.

192 4858 316 4937 (118)-
325 4858 521 4937 carnis
549 4881 780 4936 genere
809 4866 930 4919 sibi
947 4858 1280 4937 propinqui,
1315 4858 1474 4919 addit
1496 4865 1730 4937 Bodul-

153 4922 266 5007 [933m
279 4922 389 5007 Vita
401 4922 707 4990 Lietb'erti.
732 4937 848 4991 Sed
865 4922 1106 4991 dubium
1130 4922 1330 5007 efﬁcit,
1356 4936 1513 5006 quod
1527 4940 1729 4990 noster

150 4998 205 5073 nil
218 5015 279 5073 ea
295 5002 357 5058 de
373 5021 435 5059 re
464 5007 713 5061 notavit.

194 5070 304 5139 (419)
346 5076 716 5133 Camer-aui...
769 5077 845 5131 ad
890 5079 1101 5132 ostium
1131 5078 1482 5132 monasterii
1511 5082 1731 5131 sancta:

149 5134 314 5209 Maris,
333 5147 458 5200 dum
492 5155 719 5217 oraret,
749 5155 809 5202 ut
840 5150 1000 5202 aiuut
1021 5179 1088 5187 —
1122 5164 1228 5203 nos
1251 5149 1315 5202 id
1339 5164 1546 5218 parum
1580 5163 1729 5201 com-

145 5218 310 5270 Pérlum
347 5218 633 5290 habemus
666 5249 734 5259 —
763 5235 794 5273 a
814 5226 1087 5290 quattuor
1122 5220 1275 5290 viris
1311 5219 1526 5290 adhuc
1542 5218 1730 5290 ipsum

150 5288 456 5362 r{Myeutiqne
480 5290 644 5362 facta
663 5287 904 5362 paratis
936 5287 1620 5362 inter/icitur._Ch:onic.
1668 5289 1727 5342 S.

150 5348 332 5411 Andreae
358 5358 545 5414 Cestri
565 5348 967 5416 Cameracesii
984 5378 1042 5428 ιι,
1067 5360 1119 5414 8.
1148 5358 1407 5414 Annales
1428 5359 1731 5413 Elnonen-

148 5432 214 5472 δεῖς
230 5428 454 5483 minores
478 5432 610 5486 hmo
636 5432 851 5486 habent
880 5449 891 5485 :
928 5432 1085 5484 1011.
1134 5430 1438 5485 Walterus
1464 5432 1733 5485 Camera-

150 5496 291 5575 uﬁasis
314 5502 669 5556 caste/lenus
681 5504 757 5557 ad
773 5504 1017 5575 januam
1043 5502 1334 5575 mcclesim
1366 5507 1587 5555 sanctae
1598 5500 1731 5554 Ma-

149 5560 219 5613 ris?
239 5566 348 5622 dum
374 5579 595 5635 oraret.
623 5560 983 5629 interfectus
1003 5580 1113 5629 est.
1155 5573 1369 5628 Tamen
1406 5588 1547 5626 vero
1575 5577 1732 5626 ante-

150 5644 263 5717 tmi
285 5645 444 5717 m_orti
470 5644 739 5699 debitum
762 5644 1180 5717 persolvisset,
1220 5643 1371 5717 quod
1385 5642 1608 5716 injuste
1635 5642 1729 5717 I_'e-

149 5710 278 5775 cerat,
304 5709 413 5770 Deo
441 5719 498 5771 et
516 5721 743 5772 sanctae
762 5709 987 5773 'Mariae
1016 5709 1188 5791 atque
1220 5709 1490 5788 episcopo
1515 5712 1726 5770 accele-

1825 4796 2002 4869 jiussu
2034 4792 2247 4869 uxoris
2269 4808 2390 4846 suae
2419 4792 2846 4869 Ermentrqus
2870 4793 3112 4869 penitus
3138 4794 3496 4869 vastaretur.

1837 4858 2024 4934 Hujus
2054 4865 2251 4934 itaque
2264 4869 2510 4934 mortem
2533 4877 2724 4934 comes
2744 4858 3146 4934 [vllandrensis
3172 4858 3504 4934 Balduinus

1837 4882 1911 4920 Π(
1958 4882 2024 4917 US
2054 4882 2251 4934 Itaque
2264 4882 2510 4917 mortem
2533 4882 2724 4917 comes
2744 4882 2783 4915 l'
2800 4882 3145 4915 ιδπανθιιδιδ
3172 4882 3501 4912 υᾶιιιιιιιιυδ

1837 4882 2064 5002 del/ens,
2090 4949 2198 5005 gra
2212 4933 2536 5002 vitertulit,
2571 4932 2721 5005 quod
2741 4932 2814 4985 ab
2847 4932 3002 5005 atrio
3024 4934 3255 5005 sanctae
3285 4929 3501 4982 matris

1836 5001 2133 5084 aecclesize
2150 5020 2361 5084 corpus
2391 5001 2527 5084 ejus
2551 5001 2780 5084 injuste
2805 5001 2878 5055 ab
2938 5001 3206 5082 episcopo
3252 5013 3500 5070 seques-

1838 5082 2055 5131 tratum
2096 5072 2333 5143 fuisset,
2363 5072 2577 5128 et’ideo
2599 5072 2839 5145 injuste,
2862 5072 2993 5145 quia
3010 5072 3288 5145 moriens
3306 5085 3503 5145 coram

1835 5147 2176 5203 astantibus
2206 5162 2275 5200 se
2305 5141 2669 5216 culpabilem
2688 5143 2812 5196 Deo
2842 5142 3129 5216 reddidit.
3168 5141 3289 5216 Qua
3327 5141 3401 5196 de
3433 5155 3502 5194 re

1835 5220 1910 5273 ab
1962 5212 2412 5288 archiepiscopo
2442 5222 2500 5288 et
2530 5232 2561 5268 a
2597 5217 2832 5288 comite
2872 5212 3164 5288 Balcluino
3186 5213 3507 5288 cpiscopus

1835 5294 2090 5355 coactus,
2111 5283 2418 5359 eumjuste
2437 5285 2714 5359 absolvit,
2735 5300 2900 5356 quem
2925 5283 3154 5359 injuste
3174 5283 3294 5354 liga
3306 5284 3409 5359 vit;
3445 5285 3504 5335 et

1836 5362 1928 5414 sic
1942 5354 2152 5429 corpus
2165 5354 2292 5430 eju's
2305 5374 2335 5411 a
2353 5357 2481 5411 loco
2492 5354 2770 5430 superius
2782 5354 3078 5430 nomin_'a_to
3089 5354 3383 5430 dissepult
3391 5368 3501 5430 um,

1838 5431 1913 5485 ad
1946 5430 2008 5484 S.
2026 5425 2285 5483 Amandi
2299 5425 2718 5481 monasterium
2750 5441 2923 5480 secus
2944 5426 3233 5480 Elnonem
3249 5425 3510 5479 fluvium

1837 5502 2014 5555 situm
2065 5499 2409 5553 translatum
2442 5504 2551 5561 est,
2589 5502 2647 5550 et
2676 5497 2964 5561 sepultum
2998 5501 3091 5551 est
3138 5497 3201 5550 in
3235 5496 3497 5551 claustro

1838 5586 2214 5626 monacorum
2237 5574 2373 5623 ante
2406 5567 2573 5623 fores
2600 5566 2909 5622 aecclesiae.
2945 5567 3325 5638 Epitaphium
3348 5566 3484 5638 ejus

1911 5641 2186 5696 Continet
2207 5641 2331 5694 haec
2365 5638 2523 5693 fossa
2559 5638 2831 5694 Gualteri
2846 5639 3137 5710 principis
3165 5653 3321 5710 ossa,

1911 5710 2089 5777 Quem
2124 5710 2575 5767 Cameracensis
2604 5707 2871 5768 orantem
2892 5707 3153 5782 perculit
3183 5707 3368 5765 ensis.
