4058 6182
380 323 500 386 179

1249 322 1523 386 GESTA
1566 321 2097 386 PONTIFICUM
2166 321 2929 391 CAMERACENSIUM.

3701 328 3827 391 180

382 526 693 595 prudentia
723 526 779 580 et
809 526 1086 580 ﬁdelitate
1117 527 1251 598 ejus
1281 527 1352 581 ab
1385 528 1615 595 incepto
1638 526 2039 597 repelleretur.
2072 507 2130 568 Α
2160 524 2376 594 aliique
2400 525 2947 580 archidiaconicum
2965 527 3183 581 casatis
3202 528 3349 596 (422)
3364 527 3823 582 Cameracensis

382 614 555 667 Unde
582 617 645 668 ut
675 630 809 668 eum
842 631 874 668 a
909 616 1186 669 consultu
1215 614 1510 685 pontiﬁcis
1541 614 1717 686 longe
1745 615 1966 669 faceret
1988 618 2046 669 et

380 719 413 755 a
455 703 687 757 civitate
719 704 925 772 procul
957 704 1295 773 expelleret,
1330 705 1599 759 confictis
1631 704 2042 758 causisinimi-

384 791 555 844 citias
590 792 643 844 ei
673 792 1081 857 insimulabat;
1103 794 1319 862 quibus
1343 792 1575 847 silocus
1593 795 1773 861 esset,
1798 796 2045 846 mortem

384 880 562 932 etiam
591 879 645 932 ei
668 880 1015 934 collaturum
1058 882 1357 951 plerisque
1389 882 1770 936 revelaverat.
1817 880 2043 934 Interea

379 966 683 1021 Gerardus
715 968 1472 1038 episcOpusinﬁrmabatur;
1504 972 1703 1023 etcum
1734 971 1922 1023 aetatis
1945 971 2043 1024 de-

381 1057 622 1126 crepitae
652 1057 923 1111 molestia
953 1061 1138 1112 acutae
1160 1057 1351 1112 febris
1375 1058 1694 1113 valitudine
1719 1060 2046 1131 angebatur

380 1147 437 1198 ta
470 1148 535 1200 ut
571 1162 604 1198 a
635 1145 807 1199 domo
841 1161 951 1199 sua
982 1146 1099 1198 nisi
1134 1145 1385 1203 alterius
1407 1147 1680 1200 manibus
1700 1150 2042 1217 exportatus

380 1234 543 1288 exire
565 1249 684 1289 non
704 1235 947 1303 valeret,
974 1249 1166 1304 neque
1190 1234 1530 1305 disponere,
1553 1235 1692 1306 quid
1707 1236 1823 1290 sibi
1847 1236 1939 1290 vel
1958 1237 2042 1290 rei

379 1322 638 1392 publica:
666 1322 807 1378 utile
824 1326 1005 1379 esset.
1030 1323 1291 1377 Domnus
1305 1339 1450 1378 vero
1473 1323 1809 1379 Lietbertus
1828 1341 1960 1378 cum
1974 1341 2042 1379 eo

380 1412 623 1466 assidue
653 1427 791 1466 esse
823 1428 939 1466 non
967 1416 1215 1481 poterat,
1247 1415 1489 1482 propter
1511 1413 1863 1467 simultatem
1880 1417 1937 1468 et
1967 1414 2046 1467 in-

386 1500 620 1570 sidiam,
653 1516 828 1571 quam
858 1501 1150 1555 adversus
1191 1516 1323 1554 eum
1356 1501 1658 1556 Johannes
1715 1503 2041 1573 inferebat;

380 1589 642 1660 Ideoque
672 1588 825 1659 apud
855 1605 1071 1644 novum
1089 1592 1346 1643 castrum
1372 1594 1593 1643 sanctae
1624 1590 1827 1645 Maria
1849 1594 2044 1645 custo-

379 1678 491 1732 dite
524 1678 657 1749 ejus
680 1678 1019 1747 deputatum
1050 1679 1407 1745 morabatur,
1440 1679 1557 1732 nisi
1580 1680 1894 1748 aliquando
1917 1681 2045 1750 epi-

377 1783 626 1838 scopum
656 1767 1105 1821 refocillationis
1138 1766 1326 1838 gratia
1356 1767 1645 1835 visitaret,
1680 1772 2043 1839 congregato

379 1857 746 1926 constipatus
778 1856 1061 1909 exercitu.
1094 1855 1395 1909 Gaudebat
1424 1856 1608 1927 igitur
1636 1856 1941 1910 Johannes
1973 1857 2045 1911 de

380 1946 513 2018 ejus
537 1944 825 2013 absentia,
850 1945 957 1999 sed
974 1944 1119 1997 nihil
1139 1947 1332 1997 tamen
1353 1944 1666 2013 impetrare
1680 1945 1752 1998 ab
1765 1944 2044 2014 episcopo

376 2034 628 2104 valebat,
665 2050 733 2089 eo
752 2033 909 2104 quod
928 2034 1001 2087 ab
1025 2032 1232 2086 amicis
1258 2033 1539 2087 Lietberti
1571 2033 2048 2088 dissolverentur

381 2125 439 2178 et
466 2123 541 2177 ad
580 2121 829 2177 nihilum
851 2121 1225 2176 traherentur
1264 2122 1457 2175 omnia
1477 2122 1776 2191 petitionis
1807 2137 1936 2176 suae
1965 2122 2049 2176 in-

385 2227 581 2284 genia.

452 2300 506 2354 3.
542 2299 706 2371 (Cap.
736 2298 851 2368 63.)
880 2298 1026 2353 Cum
1049 2298 1177 2353 hmo
1212 2300 1553 2371 agerentur,
1590 2300 2045 2369 superveniente
2085 2335 2135 2397 Β

384 2405 511 2444 sum
542 2388 872 2444 vocationis
929 2390 1192 2456 tempore
1221 2388 1441 2456 praesul
1474 2388 1774 2442 Gerardus
1834 2388 2047 2443 defun-

386 2480 549 2550 gitur
577 2475 726 2549 (420)
750 2477 867 2547 (an.
903 2476 1062 2543 1051,
1096 2476 1259 2530 Mart
1292 2476 1411 2544 14);
1443 2476 1746 2531 Johannes
1777 2478 2048 2533 tamenin

386 2566 620 2619 civitate
650 2567 933 2633 remanet,
971 2565 1345 2618 castellatura
1374 2565 1709 2620 indonatus.
1733 2566 1922 2620 Porro
1954 2580 2049 2621 se-

386 2652 550 2723 pulto
583 2652 1009 2706 honorabiliter
1030 2653 1184 2706 sicut
1204 2652 1449 2706 decebat
1474 2651 1733 2707 Gerardo
1751 2655 2046 2723 pontiﬁce,

391 2740 717 2796 Henricum
733 2755 937 2811 regem
956 2740 1104 2810 (421)
1120 2740 1706 2795 Lotha-Karlensium
1735 2739 1817 2783 313
1836 2743 2052 2797 adeunt

392 2829 645 2885 domnus
685 2828 1020 2884 Lietbertus
1078 2828 1439 2900 praepositus
1502 2832 1558 2883 et
1597 2829 2049 2887 archidiaconus

2160 613 2473 681 eecclesiae,
2496 616 2866 682 reportantes
2878 615 3153 669 baculum
3173 617 3587 686 pontiﬁcalem,
3608 619 3666 670 et
3683 632 3829 670 nun-

2157 702 2370 755 tiantes
2385 702 2648 771 episcopi
2662 703 2756 756 sui
2768 703 3214 773 depositionem.
3225 705 3487 758 Audiens
3500 705 3827 774 imperator

2160 789 2380 842 obitum
2403 789 2543 843 tanti
2576 790 2707 859 viri,
2733 790 2827 860 pie
2859 791 2932 859 ei,
2957 806 3026 846 eo
3056 793 3212 862 quod
3236 793 3514 847 omnibus
3545 792 3828 846 amabilis

2144 880 2300 944 erat,
2334 878 2651 948 condoluit,
2684 881 2953 950 cepitque
2980 892 3253 951 querere
3284 882 3617 953 diligenter,
3639 896 3824 950 quem

2161 965 2362 1019 inloco
2377 965 2428 1036 ej
2439 982 2509 1020 us
2522 967 2774 1021 similem
2797 968 3127 1040 subrogare
3141 970 3452 1039 potuisset.
3467 968 3573 1023 Cui
3586 970 3833 1040 quidem

2159 1052 2270 1108 hac
2293 1054 2351 1108 in
2382 1070 2447 1108 re
2472 1055 2748 1125 sollicito,
2780 1058 3038 1112 occurrit
3065 1058 3259 1112 animo
3292 1055 3460 1127 (423),
3486 1058 3643 1128 quod
3676 1057 3837 1111 Liet-

2156 1141 2364 1196 bertus
2383 1142 2654 1213 ejusdem
2669 1143 3120 1200 Cameracensis
3141 1147 3436 1201 mcclesiaa
3454 1147 3829 1216 prepositus,

2160 1230 2258 1300 qui
2289 1247 2439 1285 suus
2465 1231 2588 1303 jam
2620 1233 2840 1288 dudum
2879 1235 3223 1305 capellanus
3254 1233 3337 1277 313
3365 1238 3508 1304 erat,
3542 1250 3715 1305 quem
3765 1235 3837 1288 ﬁ-

2158 1317 2527 1374 delissimum
2550 1321 2666 1375 sibi
2697 1326 2753 1375 et
2783 1323 3074 1378 ecclesia
3095 1323 3181 1377 illi
3210 1339 3371 1392 saepe
3405 1324 3822 1377 necessarium

2159 1406 2218 1459 in
2250 1408 2448 1462 multis
2479 1410 2853 1479 probaverat,
2888 1411 2961 1465 ad
2990 1405 3310 1482 regendam
3342 1411 3677 1467 aecclesiam
3698 1410 3825 1464 Ca-

2159 1509 2568 1550 meracensem
2598 1498 2848 1553 idoneus
2878 1496 3198 1554 enltebat'..

2158 1580 2178 1598 '
2231 1583 2353 1638 Hoc
2364 1586 2737 1659 potissimum
2751 1587 2875 1659 loco
2888 1587 3307 1659 addereglibuit
3330 1593 3611 1659 excerpta
3628 1587 3839 1643 Came-

2230 1657 2505 1727 racensia
2516 1657 2672 1727 apud
2692 1657 2968 1711 Jacobnm
3002 1659 3075 1712 de
3098 1657 3279 1713 Cuise
3309 1659 3381 1712 ob
3394 1657 3684 1727 via,’edit.
3709 1659 3839 1713 Pa-

2231 1726 2363 1788 ris.,
2388 1726 2586 1799 LVIII,
2609 1743 2665 1796 p.
2690 1728 2814 1799 450.
2833 1727 3020 1799 Cujus
3042 1729 3194 1795 (scil.
3215 1726 3506 1798 Herluini)
3524 1730 3721 1784 audito
3736 1730 3837 1784 dec

2234 1811 2432 1870 cessu,
2455 1798 2773 1870 imperator
2784 1798 3130 1870 Gerardum,
3149 1801 3512 1868 capellanum
3528 1816 3723 1870 suum,
3753 1801 3835 1854 ad

2236 1867 2676 1940 _sede_m__ipsam
2709 1869 3042 1923 destinavit.
3081 1869 3191 1933 Qui
3221 1867 3433 1924 multas
3474 1867 3727 1940 injurias
3754 1872 3836 1924 ab

2234 1937 2573 2009 hominibus
2604 1939 2733 1992 suis
2764 1940 2978 2009 illatas,
3012 1956 3129 1994 non
3158 1940 3355 1994 minus
3388 1944 3523 2009 post
3538 1937 3840 1996 ecclesiae

2235 2008 2444 2082 collata
2460 2008 2746 2082 beneﬁcia
2768 2009 3052 2082 [passus],
3079 2012 3276 2065 carnis
3300 2008 3531 2065 solutus
3544 2016 3837 2082 ergastu-

2233 2078 2311 2146 lo,
2333 2079 2613 2132 nutritum
2626 2078 2820 2153 suum,
2843 2078 3143 2153 dominum
3167 2082 3491 2149 Libertum,
3509 2078 3837 2153 dere1iquit

2235 2150 2825 2222 successorem.Sed
2858 2152 3048 2222 ipsius
3079 2152 3324 2206 Gerardi
3354 2150 3742 2222 temporibus,
3770 2154 3836 2205 in

2235 2219 2491 2294 ecclesia
2512 2221 2913 2294 Attrebatensi
2937 2221 3103 2294 juxta
3136 2223 3332 2294 majus
3349 2219 3531 2276 altare
3562 2219 3841 2294 reliquiae

2236 2294 2374 2343 sunt
2392 2290 2663 2361 inventae,
2684 2308 2817 2362 quae
2838 2290 3056 2347 ibidem
3078 2290 3251 2346 hodie
3267 2290 3722 2347 conservantur.
3747 2295 3847 2347 Ad

2236 2376 2483 2430 quarum
2512 2362 2908 2417 inventionem
2930 2363 3110 2417 multa
3141 2364 3393 2417 inﬁrmis
3417 2368 3554 2417 sunt
3575 2379 3684 2433 per
3699 2368 3840 2418 tres

2235 2446 2423 2485 annos
2455 2433 2728 2487 coutinue
2786 2434 2995 2487 collata
3023 2434 3331 2488 beneﬁcia.
3384 2434 3671 2488 Dominus
3724 2434 3838 2488 Li-

2234 2501 2442 2574 bertus
2473 2503 2788 2558 ecclesiam
2819 2504 3089 2558 Beaurim
3121 2504 3267 2574 (424)
3310 2520 3441 2558 cum
3472 2505 3702 2558 decima
3736 2522 3841 2559 ca-

2237 2573 2467 2626 nonicis
2498 2574 3016 2628 Attrebatensibus
3047 2574 3205 2628 dedit
3249 2573 3307 2629 et
3336 2574 3507 2629 Berle
3537 2575 3706 2642 (425),
3777 2580 3838 2629 et

2237 2642 2549 2697 ecclesiam
2580 2646 2767 2698 sancti
2819 2645 3128 2714 Sepulchri
3174 2646 3236 2698 in
3274 2647 3508 2699 civitate
3550 2644 3838 2699 Camera-

2238 2714 2403 2766 censi
2433 2713 2715 2785 fundavit,
2750 2717 2809 2768 in
2839 2713 2954 2785 qua
2985 2732 3119 2769 cum
3148 2717 3328 2770 multo
3367 2716 3591 2769 honore
3623 2718 3834 2784 sepul-

2236 2785 2333 2837 tus
2353 2786 2691 2858 requiescit.
2723 2786 3009 2841 Dominus
3021 2786 3323 2842 Gerardus
3345 2785 3550 2858 junior
3580 2785 3837 2841 Liberto

2239 2856 2556 2910 successit.

1704 2997 1996 3060 VARIIE
2043 2999 2510 3065 LECTIONES

460 3157 541 3204 319
570 3129 674 3216 ita.
707 3158 761 3214 ’7.
795 3158 1120 3216 ariensium
1146 3156 1202 3215 2.
1235 3158 1524 3215 riensium
1552 3156 1606 3214 2.
1639 3155 1721 3200 313
1746 3159 1831 3214 ita
1854 3162 2124 3217 correxit
2157 3161 2320 3219 CoIv.
2357 3179 2436 3220 ex
2474 3162 2601 3219 Vita
2627 3164 2946 3231 Lietberti;
2968 3164 3242 3220 manibus
3273 3164 3326 3219 2.
3350 3164 3403 3221 2.
3439 3164 3494 3219 7.

1976 3280 2253 3343 NOTE.

464 3409 1237 3483 (420)Diem_obitusn~idus
1268 3408 1443 3483 Mart.
1479 3422 1639 3483 esse,
1662 3408 1724 3483 ip
1745 3422 1814 3461 eo
1834 3422 2047 3460 conve-
2088 3406 2138 3467 C
2167 3410 2366 3483 dulqu
2412 3412 2733 3483 ecclesiam
2781 3412 2841 3466 S.
2901 3412 3170 3483 Sepulcri
3227 3416 3633 3468 consecratam
3693 3413 3843 3467 dicit

396 3476 564 3553 niunt
592 3476 949 3553 Necrologia
970 3481 1029 3534 S.
1064 3479 1482 3553 Gaugerici(in
1498 3476 1641 3553 bibl.
1664 3476 2048 3553 C_amerac._n.

395 3551 466 3607 55
488 3547 937 3620 άθδοῐυὶριιιηῖε.
962 3569 1021 3603 x1
1043 3566 1160 3620 63.,
1195 3547 1268 3604 ex
1297 3549 1656 3620 antiquiori),
1692 3547 2055 3620 BeataewMia-

398 3624 504 3677 riae
544 3618 714 3690 (bibl:
737 3621 970 3690 Camer.
1002 3618 1126 3687 219,
1189 3636 1239 3674 s.
1274 3620 1396 3690 xii).
1430 3618 1830 3690 Aquiﬁcinense
1888 3618 2055 3690 (bibl.

399 3688 583 3747 Duae.
634 3708 692 3746 n.
724 3689 851 3747 825.
885 3708 937 3746 s.
970 3708 1052 3744 xu
1098 3692 1202 3759 in.)
1242 3694 1299 3744 et
1327 3688 1542 3744 Chron.
1567 3689 1627 3743 S.
1661 3688 1915 3742 Andreae
1944 3688 2056 3741 Ca-

400 3764 559 3818 stelli
586 3763 999 3828 Cameracesii,
1032 3777 1182 3815 anno
1216 3760 1353 3814 1133
1383 3761 1791 3828 compositum.
1826 3760 2058 3812 Annum

401 3835 669 3916 plerique
726 3836 988 3916 statuunt
1019 3833 1174 3914 1050,
1209 3831 1306 3912 alii
1342 3830 1493 3914 1048.
1528 3830 1642 3885 Sed
1672 3828 2059 3911 Colvencrius

401 3905 570 3961 affert
587 3904 842 3973 diploma
861 3903 1147 3959 Lietberti
1169 3917 1431 3972 eplScopl
1454 3905 1812 3973 monasterio
1834 3900 1893 3953 S.
1917 3901 2060 3973 _Aut-

398 3977 556 4033 berti
584 3969 941 4030 concessum
973 3990 1124 4029 anno
1159 3969 1390 4028 Domini
1421 3971 1578 4041 1057,
1614 3977 1673 4026 et
1699 3969 2062 4041 praesulatus

402 4049 595 4117 ipsius
624 4062 775 4117 anno
793 4047 1061 4117 septimo,
1079 4050 1135 4100 et
1166 4045 1404 4117 Miraaus
1435 4043 1579 4117 Opp,
1614 4042 1751 4117 dipl.
1773 4042 1833 4117 1,Δ
1855 4041 1956 4117 153
2005 4044 2062 4116 et

439 4120 507 4173 55
538 4119 653 4173 duo
683 4116 793 4170 alia
816 4116 1118 4172 anno1064

405 4205 555 4244 anno
585 4187 695 4256 14°,
728 4188 883 4243 unde
913 4181 1201 4258 sequitur,
1255 4185 1540 4258 Lietberti
1583 4184 1837 4258 primum
1861 4181 2061 4258 fuisse

404 4276 623 4315 annum
654 4253 811 4314 1051.
840 4253 1133 4313 Ριοὰιῐιίιιε
1165 4253 1340 4327 porro
1361 4256 1575 4327 inVita
1589 4253 1895 4327 Lietbeﬂrti,
1928 4256 2061 4327 ante

1139 4111 1504 4187 praesulatus
1524 4111 1731 4187 idom‘ni
1760 4111 2061 4187 Lietberti

403 4347 620 4410 annum
653 4329 784 4410 1131
822 4323 1183 4410 conscripta,
1203 4329 1333 4410 haec
1354 4326 1531 4408 habet
1552 4324 1690 4407 c.-18
1723 4340 1735 4379 :
1772 4323 2063 4410 Convenit
2090 4388 2097 4391 Α

403 4402 468 4456 in
501 4416 671 4456 unum
704 4392 1459 4466 Cameracensis-ecclesia,
1478 4397 1616 4468 pari
1637 4409 1927 4468 consensu
1945 4392 2063 4446 ele-

407 4478 575 4527 ctura
607 4471 665 4524 d.
700 4470 1162 4523 Lietbertum....
1185 4468 1334 4523 Post
1354 4466 1829 4522 haec'Henricum
1860 4478 2062 4534 regem

408 4543 626 4596 adeunt
656 4555 841 4593 novus
889 4539 1131 4607 electus,
1164 4539 1397 4592 scilicet
1437 4538 1680 4592 domnus
1706 4533 2066 4607 Lietbertus

2168 3497 2317 3556 anno
2332 3482 2488 3551 1064,
2509 3483 2835 3556 indictione
2851 3484 2903 3556 2,
2928 3482 3312 3556 annoiquoque
3326 3483 3705 3554 pontificatus
3723 3484 3840 3538 do-

2168 3553 2315 3606 mini
2348 3553 2540 3624 nostri
2570 3559 2627 3606 et
2658 3555 2897 3624 patroni
2934 3553 3236 3609 Lietb'erti
3266 3553 3375 3622 14°,
3438 3556 3837 3624 eumdemque

2168 3627 2461 3676 mortuum
2484 3623 2624 3677 dicit
2645 3623 2796 3695 anno
2836 3625 3216 3695 pontiﬁcatus
3254 3627 3347 3679 sui
3376 3625 3487 3691 26°,
3520 3623 3841 3679 dominicae

2170 3695 2598 3765 incarnationis
2620 3693 2800 3759 1ΟἻδο,
2832 3693 2931 3765 qui
2954 3695 3065 3749 loci
3084 3696 3256 3751 ambo
3288 3696 3425 3749 dant
3457 3712 3673 3749 annum
3694 3711 3842 3749 con-

2173 3764 2521 3836 secrationis
2554 3765 2709 3819 1051.
2745 3764 3026 3819 Eumdem
3059 3766 3311 3836 denique
3337 3782 3553 3820 annum
3590 3766 3719 3819 1051
3756 3766 3845 3819 in-

2173 3835 2327 3889 dicat
2344 3834 2635 3888 Chronica
2658 3837 2718 3906 S.
2743 3836 2993 3890 Andreae
3017 3834 3622 3890 Cestri-Cameracesii
3645 3854 3707 3906 ιι,
3734 3836 3831 3905 12,

2172 3906 2274 3960 ubi
2322 3923 2376 3959 v.
2407 3909 2618 3959 notata.
2651 3904 2739 3959 Cf.
2773 3908 2943 3960 etiam
2979 3909 3118 3960 Acta
3150 3906 3253 3960 SS.
3288 3908 3446 3960 Junii
3475 3907 3572 3974 IV,
3607 3904 3731 3960 585.
3770 3904 3845 3946 +-

2172 3978 2386 4030 Mirum
2433 3978 2627 4046 itaque
2657 3981 2748 4030 est
2777 3978 2934 4046 quod
2962 3976 3163 4031 Simon
3194 3978 3379 4031 abbas
3412 3977 3472 4032 S.
3514 3977 3735 4030 Bertini
3770 3978 3833 4031 in

2172 4047 2548 4118 Chartulario
2569 4047 2628 4100 S.
2663 4047 2903 4113 Bertini,
2927 4048 3019 4101 ed.
3041 4047 3325 4116 Guérard,
3350 4064 3405 4118 p.
3441 4048 3565 4113 184,
3594 4048 3841 4101 exhibet

2173 4118 2426 4187 diploma
2456 4117 2721 4171 Balduini
2745 4118 2976 4172 comitis
3008 4117 3418 4182 Flandrensis,
3453 4118 3649 4171 datum
3681 4133 3844 4173 anno

2174 4189 2230 4243 d.
2256 4189 2297 4242 i.
2332 4188 2488 4259 1056,
2511 4188 2836 4243 indictione
2855 4188 2957 4242 9...
3000 4189 3098 4242 die
3128 4194 3334 4243 sancto
3361 4188 3717 4259 Epiphania,
3750 4204 3846 4243 as-

2177 4258 2440 4330 tantibus
2458 4260 2634 4330 hujus
2666 4260 2761 4330 rei
2783 4259 3056 4330 testibus,
3085 4260 3238 4312 inter
3264 4275 3413 4329 quos
3456 4259 3667 4330 tertius
3685 4264 3782 4312 est
3829 4276 3842 4313 :

2176 4329 2422 4400 Signum
2457 4328 2717 4383 Gerardi
2767 4328 3218 4383 Cameracensis
3266 4328 3545 4400 episcopi.
3606 4329 3846 4384 Nomen

2173 4399 2423 4455 Gerardi
2452 4399 2668 4453 falsum
2697 4414 2855 4470 esse,
2890 4400 3020 4454 luce
3042 4401 3260 4454 clarius
3292 4399 3566 4470 apparet;
3603 4400 3711 4470 sed
3740 4400 3841 4452 in-

2175 4471 2352 4526 dictio
2382 4470 2648 4541 quadrat.
2694 4469 2974 4524 Fortasse
3014 4472 3073 4523 in
3111 4471 3311 4525 charta
3335 4469 3450 4524 fuit
3511 4486 3527 4541 ξ
3588 4469 3844 4541 Signum

2176 4542 2242 4595 L.
2280 4540 2732 4595 Cameracensis
2761 4541 3037 4610 episcopi,
3096 4541 3251 4611 quod
3284 4541 3331 4594 L
3360 4556 3465 4609 pro
3492 4540 3541 4594 G
3600 4540 3841 4611 legens,

400 4610 762 4696 praepositus
790 4614 848 4663 et
878 4603 1329 4696 archidiaconus
1352 4624 1403 4661 ει.
1434 4624 1485 4696 a.
1520 4626 1569 4661 ι’.
1597 4623 1664 4696 ο.»
1686 4605 1827 4696 C’.”a.
1862 4603 2065 4696 mdes:
2092 4636 2145 4696 D
2175 4612 2385 4696 Simgn
2407 4611 2614 4696 δέθενᾱί
2643 4626 2680 4696 e
2697 4603 3039 4696 conjectura
3071 4603 3503 4693 supplevit-pro
3551 4603 3832 4696 iftferti.

411 4675 729 4736 truétionis
757 4696 878 4735 suae
898 4695 1093 4734 casum
1113 4678 1373 4733 ﬂebilem
1391 4684 1448 4733 et
1471 4693 1521 4732 e.
1553 4694 1602 4731 s.
1624 4677 1681 4731 d.
1702 4675 1835 4728 Illis
1857 4675 2064 4745 quippe

414 4751 629 4808 diebus
656 4750 808 4823 apud
836 4751 1384 4823 Aggrippinensem
1415 4747 1712 4823 Coloniam
1745 4744 2067 4813 excubans,

410 4838 593 4895 super
630 4819 1087 4895 observationis
1108 4819 1709 4895 quadragesimaedie
1744 4830 2064 4895 resurrec-

411 4885 594 4950 tionis
623 4894 931 4949 dominicae
955 4885 1419 4960 praestolabatur
1440 4889 1812 4956 dominicum,
1838 4885 2065 4940 consul-

415 4970 583 5019 turus
629 4964 852 5020 ibidem
893 4962 1092 5019 nobile
1122 4978 1356 5017 suorum
1406 4960 1800 5032 palatinorum
1832 4972 2066 5011 suorum

412 5035 811 5106 consiliumt...
849 5035 942 5087 cui
973 5034 1203 5106 quidem
1225 5049 1286 5086 ιη
1308 5030 1505 5106 liuere
1521 5030 1787 5106 Δ801]ἰοίιο
1817 5043 2067 5106 sugges-

415 5111 532 5159 tum
556 5110 690 5158 esta
712 5097 1262 5171 Cameracensibus,
1287 5103 1436 5175 quod
1456 5097 1901 5175 Lietbertus...
1925 5097 2071 5152 elec-

416 5181 510 5231 tus
540 5180 701 5230 esset
733 5175 806 5229 ab
835 5176 1170 5230 omnibus...
1203 5171 1450 5229 Electus
1480 5178 1572 5226 est
1613 5173 1676 5224 in
1721 5171 1819 5224 die
1867 5174 2072 5223 sancto

407 5246 647 5319 paschae
678 5246 922 5319 domnus
951 5253 1157 5319 noster
1187 5245 1534 5319 Lietbertus
1590 5241 1663 5295 ab
1712 5243 2071 5319 imperatore

415 5311 758 5390 cunctisque
808 5316 1120 5390 palatinis»
1153 5311 1921 5390 principibus....-Actum
1979 5314 2071 5390 est

412 5381 899 5460 Aggrippinaiin
935 5381 1527 5460 palatio-imperialit
1551 5381 1952 5460 confirmatum
1968 5449 1981 5460 .
2007 5381 2070 5432 in

416 5452 670 5513 ec'cvles'ia
692 5457 751 5512 S.
785 5452 1279 5530 Petr'iprincipis
1299 5452 1707 5530 apostOIorum.
1743 5452 1918 5530 Atqui
1965 5452 2070 5530 im-

414 5533 746 5601 peratorem
775 5521 1033 5601 Coloniae
1063 5521 1285 5601 pascha
1315 5521 1750 5601 celebrasse},
1775 5521 1909 5601 1051
1946 5521 2070 5573 sci-

414 5591 549 5655 fnus
576 5616 652 5654 ex
683 5599 1039 5653 Herimanno
1063 5591 1356 5668 'Augiensi
1386 5597 1472 5668 (a.
1498 5596 1632 5668 1048
1652 5593 1776 5668 fuit_
1789 5592 1848 5668 in
1893 5591 2069 5668 bava-

414 5671 541 5742 ria)
567 5687 620 5727 a.
656 5668 792 5727 1049
821 5662 1228 5738 Goslariaeﬁi.
1263 5662 1405 5722 1050
1430 5665 1729 5737 Traiecti).
1756 5663 1914 5717 Idem
1950 5662 2069 5716 Ro-

2246 4683 2391 4747 (421)
2439 4683 2853 4752 Imperatorem
2886 4682 3119 4751 potius;
3169 4681 3294 4751 jam
3353 4682 3507 4735 enim
3566 4681 3635 4734 25
3684 4682 3833 4735 Dec.

2177 4753 2315 4807 1046
2340 4754 2542 4807 Romae
2576 4756 2892 4806 coronatus
2923 4752 3135 4806 fuerat.

2245 4821 2374 4891 (422
2398 4823 2689 4877 Attacbés
2710 4822 2740 4875 εὶ
2772 4822 2827 4875 1a
2849 4824 3093 4889 maison,
3116 4823 3445 4877 domestici.
3477 4823 3527 4876 A
3557 4821 3842 4875 Cambrai

2175 4899 2324 4949 cette
2337 4894 2769 4948 dénomination
2785 4892 3155 4963 s’appliquait
3168 4897 3399 4948 surtout
3410 4909 3523 4947 aux
3542 4893 3607 4946 24
3631 4891 3848 4946 (“ranos

2172 4967 2250 5046 lie'
2262 4981 2380 5033 vez,
2412 4965 2682 5046 instituas
2709 4979 2859 5046 pour
2880 4965 3198 5046 qpnnaitre,
3223 4980 3331 5046 sur
3353 4963 3406 5018 le
3424 4963 3837 5046 coniurement

2181 5036 2257 5089 du
2290 5036 2477 5105 grand
2498 5035 2677 5102 bailli,
2711 5034 2818 5088 des
2849 5032 3084 5105 atl‘aires
3116 5034 3398 5104 féodales,
3421 5032 3627 5087 civiles
3660 5036 3718 5087 et
3734 5034 3853 5087 cri-

2180 5104 2470 5175 minclles,
2496 5105 2597 5176 qui
2628 5105 2840 5159 étaient
2871 5105 2942 5159 de
2972 5104 3389 5176 Iajuridiction
3418 5105 3490 5158 de
3548 5105 3845 5174 l'evéque.

2182 5177 2267 5231 LE
2297 5176 2480 5232 GLAY.

2250 5246 2397 5318 (423)
2430 5247 2610 5301 Paulo
2641 5245 2811 5301 aliter
2828 5245 3135 5318 ,Rodulfus
3170 5246 3315 5318 loco
3347 5260 3527 5318 supra
3584 5244 3850 5318 indicato

2180 5315 2399 5386 narrat,
2435 5317 2937 5387 Lietbertumjam
2960 5316 3117 5371 domi
3134 5316 3384 5370 electum
3402 5316 3593 5370 fuisse
3623 5330 3657 5368 a
3680 5315 3847 5387 clero

2179 5390 2351 5458 atque
2382 5390 2618 5458 populo,
2652 5385 2964 5459 antequam
2991 5387 3293 5442 Coloniam
3320 5388 3505 5459 irent;
3538 5386 3689 5459 hanc
3718 5385 3851 5439 ele-

2182 5456 2433 5513 ctionem
2461 5456 3190 5530 imperatori—suggestam
3220 5462 3279 5514 et
3305 5458 3379 5513 ab
3409 5473 3480 5513 eo
3525 5456 3849 5511 conﬁrma-

2178 5532 2314 5584 tam.

2251 5600 2375 5667 (424
2429 5600 2740 5655 Beaurain.

2251 5602 2398 5739 (425)
2430 5671 2655 5726 Berles.

2251 5670 2396 5740 (425)
2430 5671 2655 5726 Berles.
