4058 6182
225 353 319 417 185
989 351 1590 419 CONTINUATIO.
1633 391 1702 402 -—
1730 356 2002 421 GESTA
2051 357 2499 424 LIETBERTI
2545 359 2802 420 EPISC.

3487 357 3605 420 186

222 555 267 608 in
298 557 483 607 terram
503 552 632 623 ejus
663 553 916 608 transire
946 555 1207 624 parabat.
1242 554 1596 610 Sedentibus
1626 555 1822 625 itaque

2017 539 2101 594 13.
2152 541 2317 612 (Cap.
2368 541 2480 610 ἻΟ.)
2529 540 2652 604 Quo
2702 540 2874 607 facto,
2936 544 3188 596 accinxit
3247 559 3313 597 se
3361 558 3600 597 rursum

224 645 522 712 imperatore
553 646 604 694 et
636 643 847 695 comite
881 659 911 696 e
935 643 1194 710 diverso,
1222 659 1411 713 neque
1443 643 1628 697 altero
1659 644 1825 697 alteri

223 746 397 784 nocere
423 729 740 783 valentibus
772 736 1008 799 propter
1039 733 1400 784 altitudinem
1431 733 1831 786 intercurren-

222 821 279 872 tis
305 820 461 883 ﬂuvii,
506 834 636 886 pars
685 819 953 888 quaedam
1013 820 1084 873 ab
1137 822 1515 890 imperatorio
1565 822 1832 875 exercitu

225 907 499 960 clanculum
544 911 876 978 segregata,
939 925 1048 976 per
1103 908 1486 963 Cameracum
1535 911 1830 963 civitatem

221 995 462 1049 adversus
484 996 890 1064 imperatorem
921 998 1223 1051 sedentem
1263 999 1607 1068 imparatum
1636 995 1716 1040 325
1747 997 1832 1051 of-

223 1084 437 1149 fendere,
453 1087 505 1136 et
526 1085 613 1136 sic
637 1100 709 1137 ex
735 1086 1056 1153 improviso
1077 1102 1384 1155 superare.
1409 1087 1572 1150 Quod
1596 1088 1830 1156 quidem

223 1172 396 1225 fectum
425 1170 649 1239 fuisset,
682 1174 796 1225 nisi
819 1174 890 1226 ad
923 1174 1186 1227 ultimum
1224 1191 1329 1244 per
1356 1175 1616 1246 legatum
1649 1175 1832 1228 moni-

218 1263 291 1314 tus
317 1275 492 1314 comes
531 1276 664 1314 cum
695 1263 822 1315 suis
854 1262 1108 1333 fugeret,
1142 1268 1198 1317 et
1255 1264 1582 1317 custodiam
1613 1263 1827 1316 littoris

222 1364 422 1401 vacuam
450 1349 884 1420 derelinqueret
902 1347 1000 1404 336.

276 1439 345 1491 tt.
375 1437 525 1507 (Cap.
561 1436 674 1506 68.)
709 1439 836 1492 Hoc
868 1439 1000 1492 viso
1057 1441 1376 1508 imperator
1404 1440 1678 1494 Scaldum
1717 1441 1830 1494 flu-

221 1531 363 1594 vium,
399 1529 612 1594 paratis
662 1528 961 1596 pontibus,
1022 1528 1272 1596 transiit,
1333 1531 1389 1582 et
1435 1533 1654 1582 terram
1694 1529 1828 1582 Bal-

220 1612 441 1668 duini337
489 1615 646 1668 hosti
693 1616 842 1685 (445)
876 1631 1001 1669 suae
1051 1617 1471 1670 devastandam
1494 1608 1837 1681 distribuitf

219 1705 384 1772 sicque
411 1703 814 1773 depopulando
844 1719 969 1758 eam
1004 1705 1202 1772 praeda
1241 1708 1296 1758 et
1329 1707 1471 1776 igni,
1523 1721 1715 1776 usque
1755 1707 1825 1759 ad

219 1792 599 1846 Debullientem
626 1793 817 1845 rivum
847 1793 996 1861 (446)
1015 1809 1147 1846 cum
1179 1795 1441 1848 exercitu
1472 1810 1582 1848 suo
1619 1809 1827 1864 perve-

1942 628 2243 683 Johannes
2271 630 2344 682 ad
2373 631 2697 684 deducendi
2755 631 3076 702 negotium,
3112 633 3164 684 si
3213 631 3341 685 ﬁeri
3390 637 3597 701 posset

1941 718 2136 787 aliquo
2169 723 2356 787 pacto,
2377 720 2821 788 perclausulam
2852 720 3010 772 illam
3031 720 3246 774 ducere
3280 722 3599 790 imperato-

1943 807 2028 860 ris
2059 808 2402 861 exercitum.
2439 809 2955 878 Laborantiigitur
2977 809 3198 863 homini
3227 813 3283 862 et
3313 811 3602 879 quaerenti

1942 895 2002 948 id
2033 897 2225 965 ipsum
2256 897 2560 965 perficere,
2595 900 2779 967 portae
2837 898 3120 951 clausulae
3169 897 3326 951 illius
3384 904 3600 966 apertae

1946 990 2082 1037 sunt
2130 985 2201 1038 de
2236 986 2425 1038 media
2459 991 2665 1050 nocte;
2712 988 2917 1056 sicque
2959 988 3283 1040 clausulam
3320 987 3475 1039 illam
3506 988 3600 1040 in-

1944 1074 2143 1128 troivit
2157 1075 2489 1142 imperator,
2508 1075 2656 1127 facta
2673 1075 3040 1128 inimicorum
3059 1091 3302 1128 suorum
3316 1075 3599 1130 resistere

1941 1162 2259 1215 volentium
2314 1179 2429 1216 non
2475 1164 2710 1216 minima
2741 1164 2922 1216 caede.
2955 1165 3370 1218 Pertransiens
3404 1169 3597 1218 autem

1943 1251 2270 1304 clausulam
2330 1252 2506 1318 illam,
2568 1257 2622 1304 et
2678 1251 3006 1305 interfectis
3054 1269 3088 1304 a
3128 1253 3350 1306 dextris
3381 1253 3600 1307 etasi-

1942 1339 2147 1412 nistris
2167 1340 2620 1393 occursantibus
2640 1340 2774 1406 sibi,
2791 1341 2862 1393 ad
2879 1342 3104 1394 Islense
3123 1341 3430 1394 castellum
3451 1342 3598 1411 (448)

1942 1428 2223 1496 pervenit,
2249 1428 2346 1481 ubi
2371 1429 2723 1482 Lantbertus
2739 1445 2938 1482 comes
2959 1429 3286 1483 Lensensis
3308 1446 3441 1483 cum
3459 1432 3602 1484 mul-

1940 1517 2016 1568 tis
2046 1517 2097 1569 ei
2129 1532 2470 1584 occurrens,
2505 1517 2848 1570 interfectus
2891 1518 3184 1571 occubuit.
3231 1517 3320 1570 Ab
3361 1533 3430 1570 eo
3464 1518 3596 1587 qui-

1942 1605 2071 1657 dem
2103 1605 2344 1658 castello
2375 1606 2611 1659 divertit
2649 1607 2718 1658 ad
2751 1606 3080 1659 Tornacum
3120 1607 3433 1674 civitatem,
3493 1606 3594 1659 ubi

1943 1691 2001 1744 in
2031 1693 2282 1762 quodam
2313 1694 2628 1762 municipio
2653 1695 2892 1747 inclusit
2922 1710 3038 1748 non
3068 1711 3310 1764 parvam
3350 1693 3598 1748 militum

1945 1781 2598 1852 electorumfugientem
2622 1783 3068 1850 multitudinem,
3095 1799 3245 1851 quos
3288 1782 3595 1835 obsidione

216 1880 294 1934 nit.
315 1880 424 1944 Quo
446 1881 654 1935 inloco
675 1882 963 1950 prmfatus
989 1882 1314 1950 Johannes,
1342 1883 1602 1952 acceptis
1621 1898 1825 1937 secum
1861 1887 1910 1946 Β
1945 1874 1999 1923 et
2028 1869 2100 1922 ad
2132 1871 2399 1924 Ultimum
2430 1870 2581 1924 fame
2603 1885 2927 1939 oppressos
2961 1871 3219 1940 Conpum
3248 1871 3322 1923 ad
3352 1871 3597 1924 deditio“

217 1969 524 2023 satellitibus
545 1970 679 2023 suis
711 1985 908 2023 coram
930 1971 1278 2039 imperatore
1301 1972 1569 2038 veniens,
1594 1971 1830 2043 rogavit

215 2072 338 2126 eum,
375 2061 431 2110 ut
459 2057 895 2111 castellaturam
927 2057 1414 2112 Cameracensem
1471 2060 1585 2112 sibi
1625 2060 1831 2114 donari

215 2144 419 2198 fecisset
447 2146 774 2200 secundum
803 2146 1165 2214 promissum
1196 2163 1389 2214 suum,
1427 2148 1480 2201 si
1510 2147 1684 2202 vellet
1712 2164 1831 2200 am-

214 2233 340 2300 plius
367 2250 397 2286 a
425 2249 487 2287 se
516 2239 576 2287 et
607 2250 639 2287 a
660 2234 790 2287 suis
821 2234 1043 2288 habere
1065 2236 1438 2289 conductum.

269 2321 324 2374 12
371 2321 525 2392 (Cap.
581 2321 694 2388 69.)
749 2323 934 2392 Igitur
992 2324 1314 2392 imperator
1376 2325 1608 2378 vocavit
1652 2326 1723 2378 ad
1763 2340 1830 2380 se

214 2409 530 2462 Lietbertum
563 2411 912 2479 episcopum
942 2441 1010 2449 —
1041 2427 1292 2479 presens
1325 2412 1479 2465 enim
1517 2418 1660 2482 erat,
1685 2443 1754 2452 —
1777 2418 1831 2466 et

212 2497 469 2564 postulare
527 2499 703 2568 cepit,
743 2505 805 2551 ut
836 2499 1090 2552 Johanni
1122 2501 1556 2554 castellaturam
1588 2501 1832 2555 donaret

211 2584 498 2640 Cameracae
537 2587 816 2640 civitatis.
853 2588 982 2640 Hiis
1013 2589 1249 2652 auditis,
1285 2590 1606 2659 episcOpus
1638 2605 1829 2660 usque

215 2674 268 2726 ad
290 2676 518 2728 animam
548 2676 956 2744 conturbatur,
983 2692 1115 2730 cum
1143 2677 1266 2746 jam
1299 2693 1423 2731 eam
1441 2677 1606 2749 justo
1628 2679 1831 2732 heredi

213 2762 470 2830 donasset,
503 2769 559 2816 et
609 2763 969 2818 sevissimus
1002 2766 1267 2818 tirannus
1306 2765 1525 2835 injuste
1557 2782 1685 2819 eam
1733 2781 1844 2820 re-'

213 2854 416 2918 peteret.
467 2851 795 2921 Respondit
843 2853 1100 2922 tandem,
1153 2869 1220 2906 se
1251 2869 1368 2908 non
1409 2870 1591 2922 posse
1637 2855 1832 2909 facere

211 2942 336 3008 quod
366 2941 681 3009 imperator
708 2941 1048 3010 imperabat,
1107 2943 1242 3011 quia
1278 2943 1512 3014 Hugoni
1569 2945 1830 3016 legitimo

213 3026 472 3081 herediags
509 3029 838 3082 secundum
888 3030 1082 3100 legem
1132 3031 1473 3100 patriaejam
1496 3048 1624 3086 eam
1646 3035 1831 3087 dona-

211 3123 360 3170 verat.
417 3119 740 3186 Imperator
788 3120 1027 3186 propter
1069 3118 1386 3173 instantem
1417 3123 1832 3176 necessitatem

136 3271 142 3279 ⁸
209 3205 402 3258 volebat
418 3205 985 3273 petitioniJohannis
1009 3206 1359 3261 satisfacere
1383 3227 1394 3272 ;
1421 3210 1700 3279 episcopo
1724 3227 1831 3263 au-

210 3295 299 3346 tem
324 3293 646 3361 videbatur,
674 3294 830 3362 quod
861 3293 1099 3363 fecerat,
1143 3296 1300 3349 nullo
1333 3297 1504 3352 modo
1555 3313 1620 3352 se
1650 3314 1831 3367 posse

211 3380 521 3436 dissolvere.
558 3383 902 3448 Imperatori
923 3383 1078 3451 quod
1103 3385 1333 3452 petebat.
1365 3385 1493 3439 leve
1525 3387 1834 3441 videbatur

211 3471 254 3522 et
275 3470 583 3539 modicum;
628 3471 911 3538 episcopo
969 3471 1126 3540 quod
1183 3473 1491 3540 petebatur
1539 3491 1721 3544 grave
1779 3479 1835 3529 et

209 3560 557 3613 mortiferum.
591 3559 658 3612 Si
675 3559 830 3612 enim
852 3559 1151 3613 infandum
1178 3560 1472 3615 hominem
1505 3566 1705 3616 contra
1732 3564 1834 3634 jus

212 3645 362 3701 aliena
391 3651 685 3716 petentem
717 3648 774 3700 in
805 3648 1098 3701 civitatem
1131 3653 1618 3718 suamreciperet,
1645 3667 1834 3722 neque

208 3735 334 3789 intus
349 3752 545 3805 pacem
567 3753 696 3807 prae
711 3737 1002 3790 tirannide
1025 3736 1158 3806 ejus
1182 3739 1444 3807 haberet,
1473 3756 1663 3810 neque
1683 3740 1831 3794 foris

210 3823 586 3880 exheredatum
613 3828 672 3879 et
689 3827 964 3894 parentes
995 3825 1129 3893 ejus
1152 3829 1448 3881 sustinere
1462 3832 1688 3896 posset.
1715 3830 1836 3883 Hu-

207 3912 426 3967 miliatus
459 3915 645 3985 igitur
667 3917 723 3966 et
754 3912 1136 3967 conturbatus
1156 3915 1474 3984 episcopus
1493 3933 1835 3987 usquequa-

208 4015 314 4069 que,
343 4003 798 4056 viviﬁcationem
835 4003 1068 4070 petebat
1098 4018 1128 4055 a
1186 4004 1384 4057 divina
1434 4005 1833 4073 miseratione,

165 4111 176 4118 -
210 4091 381 4144 volens
415 4092 638 4145 donum
669 4105 842 4144 suum
873 4090 1134 4160 legitime
1166 4092 1491 4159 perfectum
1521 4094 1837 4148 inviolabi-

210 4174 315 4230 liter
332 4194 693 4248 permanere.
719 4180 993 4234 Sentiens
1018 4179 1199 4250 igitur
1220 4182 1558 4250 imperator,
1585 4197 1652 4236 se
1682 4183 1839 4236 blan-

210 4265 340 4319 ditiis
392 4270 708 4337 impetrare
772 4285 889 4322 non
946 4285 1128 4337 posse
1181 4270 1336 4338 quod
1375 4269 1627 4339 petebat,
1664 4272 1840 4339 cmpit

207 4353 338 4406 abuti
375 4357 670 4421 violentia,
719 4357 1055 4426 precipiens
1105 4358 1447 4427 episcopum
1475 4365 1518 4411 ‘a
1552 4359 1837 4413 militibus

207 4444 327 4510 rapi,
363 4447 415 4497 et
445 4448 616 4498 extra
674 4448 1026 4513 potestatem
1085 4445 1232 4514 (447)
1292 4445 1425 4515 ejus
1477 4447 1731 4515 positum
1781 4447 1836 4499 in

212 4533 440 4584 custodia
470 4535 788 4587 reservari.
822 4535 1080 4588 Tandem
1113 4535 1432 4603 episcopus
1466 4535 1836 4604 coepiscopo-

215 4632 317 4671 rum
345 4625 394 4672 et
421 4623 745 4676 amicorum
773 4619 854 4663 339
875 4623 1194 4676 liberrimis
1226 4623 1493 4676 consiliis
1529 4628 1837 4692 correptus

213 4707 512 4780 sciensque,
545 4711 704 4780 quod
737 4712 1064 4764 secundum
1103 4711 1437 4782 apostolum
1471 4713 1596 4782 regi
1629 4713 1838 4766 debeat

209 4807 319 4848 esse
348 4798 652 4868 subjectus
681 4798 868 4866 (Rom.
907 4817 1025 4867 xm,
1053 4800 1121 4867 1),
1157 4801 1361 4853 annuit
1391 4800 1730 4869 imperatori
1763 4802 1836 4854 de

214 4880 444 4940 Iohanne
477 4888 636 4956 quod
677 4889 930 4957 petebat,
965 4889 1171 4958 sicque
1202 4889 1258 4940 in
1292 4903 1459 4942 suam
1488 4891 1834 4958 potestatem

214 4970 369 5040 rediit,
408 4974 691 5029 liberatus
733 4976 804 5030 ab
824 4977 982 5030 omni
1016 4977 1301 5031 custodia.

1945 1974 2096 2012 nem.
2130 1958 2252 2011 Illis
2300 1960 2480 2029 igitur
2508 1961 2767 2028 acceptis
2799 1965 2854 2013 et
2885 1975 2989 2029 per
3021 1961 3322 2030 ergastula
3353 1959 3598 2012 militum

1945 2063 2187 2101 suorum
2210 2048 2267 2101 in
2299 2048 2564 2101 custodia
2597 2048 2870 2118 reclusis,
2900 2048 3214 2118 imperator
3249 2065 3381 2101 cum
3413 2046 3601 2118 gloria

1942 2137 2015 2190 ad
2047 2136 2314 2190 civitates
2347 2137 2516 2206 regni
2562 2138 2656 2190 sui
2687 2138 2878 2191 rediit.
2931 2138 3046 2190 Sed
3093 2153 3204 2191 nos
3237 2154 3265 2188 a
3298 2135 3601 2206 proposito

1943 2225 2332 2291 deviavimus,
2368 2225 2716 2294 dumopera
2745 2227 3121 2294 imperatoris
3144 2229 3596 2294 prosequentes,

1943 2314 2420 2384 aliquantispera
2479 2315 2668 2384 gestis
2717 2314 2913 2367 domui
2966 2314 3245 2367 Lietberti
3302 2313 3598 2382 pontiﬁcis

1944 2403 2236 2456 siluimus.
2302 2403 2687 2457 Remittamus
2736 2404 2917 2472 igitur
2960 2402 3112 2455 bella
3143 2401 3513 2469 imperatoris
3545 2404 3602 2454 et

1943 2492 2253 2562 magnifica
2283 2492 2434 2545 facta
2479 2491 2692 2544 edituis
2737 2490 2883 2560 (449)
2915 2490 3068 2560 ejus,
3103 2493 3159 2544 et
3188 2504 3300 2544 nos
3337 2489 3409 2542 ad
3431 2493 3602 2560 gesta

1940 2580 2234 2649 pontificis
2266 2596 2397 2650 quae
2431 2583 2650 2634 restant
2680 2581 3012 2632 redeamus.

2013 2669 2081 2722 14
2112 2669 2278 2740 (Cap.
2312 2669 2426 2737 Ἠ.)
2473 2669 2807 2722 Recedente
2840 2669 3186 2736 imperatore
3215 2669 3276 2720 in
3306 2667 3477 2738 regni
3509 2670 3604 2722 sui

1943 2758 2209 2828 patriam,
2245 2758 2495 2811 recessit
2516 2773 2749 2828 quoque
2773 2757 2982 2812 domus
3014 2757 3349 2811 Lietbertus
3381 2757 3605 2825 episco-

1943 2863 2056 2916 pus
2089 2847 2470 2900 Cameracum
2501 2847 2558 2900 in
2591 2847 2885 2900 civitatem
2914 2861 3103 2899 suam.
3151 2844 3263 2910 Qui
3292 2846 3605 2916 Hugonem

1945 2952 2214 3006 puerum,
2247 2952 2422 3006 quem
2453 2935 2837 2989 castellanum
2867 2935 3106 3001 fecerat,
3141 2950 3258 2988 non
3289 2951 3320 2987 a
3361 2950 3427 2987 se
3464 2949 3603 3003 rep-

1946 3025 2110 3093 pulit,
2149 3024 2255 3077 sed
2289 3039 2406 3077 non
2450 3024 2662 3077 minori
2714 3039 2853 3077 cura
2903 3039 3076 3092 quam
3108 3024 3237 3092 ipse
3294 3023 3596 3090 Ansellus,

1948 3113 2304 3166 constitutus
2327 3115 2530 3165 custos
2548 3112 2683 3181 ejus
2724 3117 2779 3165 et
2800 3114 2973 3180 tutor,
3009 3112 3168 3165 fovet
3206 3126 3338 3164 eum
3370 3114 3427 3163 et
3455 3127 3603 3164 enu-

1865 3232 1915 3292 C
1946 3201 2064 3268 trit,
2119 3201 2342 3254 ducens
2391 3201 2450 3253 in
2507 3201 2734 3254 irritum
2765 3201 2981 3253 donum
3012 3199 3154 3253 illud
3187 3200 3600 3268 castellaturae,

1944 3289 2098 3360 quod
2131 3305 2238 3359 per
2276 3289 2612 3343 violentiam
2658 3288 3032 3358 imperatoris
3093 3289 3310 3342 donare
3359 3291 3604 3342 coactus

1945 3383 2037 3433 est
2066 3379 2338 3432 Johanni.
2375 3378 2500 3431 Hoc
2521 3380 2715 3430 autem
2747 3377 2965 3430 factum
2994 3377 3313 3446 imperator
3341 3377 3434 3446 pie
3463 3393 3601 3445 per-

1943 3467 2093 3537 tulit,
2119 3467 2392 3536 nullaque
2424 3465 2640 3536 injuria
2671 3466 2917 3534 proinde
2975 3465 3320 3535 episcopum
3377 3463 3603 3533 affecit;

1946 3559 2086 3627 quin
2147 3559 2343 3626 potius
2402 3557 2616 3610 donum
2647 3555 2810 3622 illud,
2871 3554 3025 3623 quod
3093 3554 3164 3607 ab
3207 3553 3304 3607 illo
3350 3554 3605 3607 Johanni

1947 3645 2165 3700 factum
2215 3647 2424 3710 fuerat,
2479 3646 2606 3699 suis
2647 3643 2996 3697 muneribus
3031 3644 3262 3713 alioque
3319 3642 3606 3696 beneficio

1948 3735 2322 3802 restauravit,
2347 3735 2626 3804 pacisque
2650 3733 3031 3786 concordiam
3081 3733 3232 3786 inter
3262 3731 3608 3801 episcopum

1948 3827 2004 3876 et
2026 3823 2220 3892 ipsum
2254 3824 2676 3876 reconciliavit.
2712 3822 2947 3875 Sciebat
2979 3822 3134 3874 enim
3164 3821 3380 3874 factum
3415 3821 3604 3874 fuisse

1947 3915 2090 3966 nutu
2122 3912 2351 3965 consilii
2385 3912 2498 3978 sui,
2534 3911 2690 3980 quod
2723 3911 3041 3978 episcopus
3072 3909 3189 3979 ipsi
3215 3908 3452 3980 Hugoni
3483 3908 3605 3978 pri-

1947 4017 2106 4054 mum
2128 4000 2563 4053 castellaturam
2593 4001 2936 4052 donaverat.

2020 4091 2104 4142 15.
2132 4089 2464 4158 Episcopus
2485 4088 2666 4157 igitur
2683 4088 2990 4140 letiﬁcatus
3013 4087 3217 4155 adepta
3237 4087 3606 4155 imperatoris

1951 4179 2137 4250 gratia
2151 4180 2207 4230 et
2228 4178 2298 4232 de
2317 4179 2589 4246 superata
2605 4175 2892 4229 Johannis
2915 4175 3498 4245 quaastioneinjusta,
3521 4176 3607 4227 ci-

1948 4269 2184 4320 vitatem
2216 4281 2384 4320 suam
2421 4266 2803 4317 (Jameracum
2835 4263 3089 4316 exaltare
3121 4263 3474 4316 omnimodis
3506 4279 3606 4315 sa-

1947 4357 2200 4426 tagebat.
2243 4354 2418 4407 Cives
2459 4354 2672 4422 itaque,
2725 4353 2824 4421 qui
2855 4351 3094 4404 diutinae
3141 4350 3452 4404 seditionis
3495 4365 3603 4419 0p-

1948 4445 2260 4514 pressione
2272 4441 2593 4512 paupertati
2618 4439 2837 4494 redacti
2853 4439 3100 4506 fuerant,
3117 4439 3281 4509 pacis
3296 4439 3606 4492 dulcedine

1950 4532 2228 4585 viviﬁcati
2258 4531 2426 4600 quasi
2459 4531 2529 4584 de
2566 4529 2884 4598 sepulchro
2932 4529 3140 4582 mortis
3194 4528 3604 4598 resurgebant.

1949 4626 2080 4677 Prae
2102 4621 2302 4674 labore
2335 4619 2490 4672 enim
2523 4622 2579 4672 et
2600 4618 2795 4672 studio
2819 4617 3135 4686 pontificis,
3161 4617 3218 4670 in
3242 4617 3474 4670 civitate
3495 4613 3608 4668 Ca—

1950 4710 2278 4765 meracensi
2311 4711 2368 4763 et
2389 4709 2848 4778 circumquaque
2882 4708 2939 4760 in
2957 4707 3230 4760 omnibus
3253 4704 3606 4773 appenditiis

1947 4799 2353 4852 misericordia
2399 4801 2454 4850 et
2508 4797 2728 4850 veritas
2772 4796 2884 4848 sibi
2918 4795 3253 4859 obviabant,
3299 4792 3532 4862 justitia
3554 4795 3611 4846 et

1945 4905 2058 4958 pax
2085 4888 2287 4940 oscula
2310 4886 2568 4939 libabant
2588 4886 2776 4954 (Psal.
2823 4899 3061 4950 LXXXIV,
3126 4883 3231 4950 11).
3277 4883 3493 4950 Aperta
3550 4885 3608 4934 et

1947 4980 2210 5030 reserata
2237 4977 2373 5028 sunt
2394 4975 2607 5044 omnia,
2641 4989 2750 5029 nec
2780 4972 2876 5027 fur
2897 4973 3169 5026 inventus
3203 4986 3393 5041 neque
3427 4987 3610 5041 rapax

1486 5107 1778 5168 VARIIE
1825 5107 2186 5169 LECTION
2195 5107 2310 5168 ES.

265 5232 737 5309 32"’ininparatum
767 5239 820 5295 2.
899 5238 981 5283 333
1010 5240 1499 5312 dereliquisset7.
1576 5240 1654 5284 337
1695 5242 1926 5296 comitis
1965 5243 2018 5295 '7.
2096 5238 2175 5282 333
2205 5243 2225 5295 Ι
2257 5260 2287 5295 a
2320 5242 2404 5296 lh.
2441 5241 2610 5297 deest
2633 5241 2684 5294 Ἳ.
2762 5235 2841 5279 329
2871 5254 3114 5294 suorum
3147 5239 3311 5293 addit
3342 5237 3393 5292 7.

1758 5365 2034 5429 NOTAE.

269 5511 397 5582 (445)
429 5515 467 5566 Ι.
503 5531 555 5568 e.
593 5515 898 5570 exercitui.

268 5582 397 5656 (446)
455 5587 533 5639 Le
585 5587 960 5652 Boulcnrieu,
1013 5602 1197 5656 prope
1251 5587 1420 5656 Evin,
1463 5589 1698 5644 arrond.
1771 5590 1843 5642 de

215 5648 459 5709 Béthuue.
487 5657 569 5711 Le
603 5658 781 5711 GLAY.

265 5723 391 5793 (447)
420 5727 459 5781 I.
495 5743 548 5782 e.
584 5732 802 5784 terram
834 5745 960 5785 suae
996 5730 1258 5786 ditionis.

2019 5517 2166 5587 (448)
2198 5519 2364 5585 Lille,
2391 5518 2483 5570 cui
2518 5517 2805 5586 originem
2830 5517 2990 5571 dedit
3021 5517 3343 5571 Balduinus
3375 5510 3606 5573 a.1066,

1954 5590 2191 5643 fundata
2225 5589 2478 5644 ecclesia
2519 5589 2714 5643 Sancti
2746 5589 2924 5642 Petri.

2019 5660 2166 5728 (149)
2188 5659 2478 5714 Ostiariis.
