4058 6182
344 346 460 410 187

1214 350 1487 413 GESTA
1543 352 2073 417 PONTIFICUM
2116 354 2891 422 CAMERACENSIUM.

3660 371 3775 434 188

338 561 530 618 neque
559 548 850 619 injurians
909 549 1224 619 quisquam
1242 548 1341 620 339,
1393 551 1492 621 qui
1523 552 1705 623 aliqui
1743 554 1995 622 dampna
2030 536 2091 597 Α
2117 570 2229 624 pus
2252 554 2665 612 Ermenaldum
2697 559 2948 615 vinculis
2982 564 3372 634 mancipatum
3403 569 3769 638 repperiens,

337 636 570 691 inferat.
596 635 808 691 Clerici
829 638 888 690 in
906 638 1199 691 aecclesiis
1220 639 1513 707 opulentia
1546 640 1765 699 referti,
1791 642 1999 696 laudes

338 725 459 778 Deo
498 724 871 793 referebant;
903 726 1033 778 laici
1068 741 1200 780 curn
1256 728 1413 780 omni
1446 743 1591 797 pace
1641 728 1837 783 ofﬁcia
1893 746 2001 784 sua

340 813 730 881 exercebant;
750 813 984 867 beatum
1002 813 1276 868 dixerunt
1289 816 1565 884 populum
1580 817 1672 870 cui
1694 818 1820 871 haec
1840 822 1998 883 sunt,

337 900 515 954 immo
544 900 866 955 beatiorem
889 902 1254 972 episcopum,
1307 919 1412 972 per
1441 920 1616 975 quem
1649 908 1805 959 tanta
1835 906 2000 976 pacis

337 988 551 1059 gaudia
579 988 958 1058 pullularunt.

407 1074 493 1131 16.
526 1076 691 1147 (Cap.
724 1076 838 1145 '72.)
859 1079 1088 1132 Interea
1135 1079 1309 1150 Hugo
1342 1081 1717 1134 castellatura
1748 1082 1998 1136 donatus

339 1167 506 1219 aetate
545 1164 920 1234 proﬁciebat,
971 1169 1320 1237 tempusque
1362 1169 1690 1237 proximum
1721 1170 1994 1239 instabat,

342 1268 458 1322 quo
503 1252 785 1307 Ansellus
816 1253 1104 1324 regimine
1137 1254 1270 1325 ejus
1302 1271 1507 1311 carere
1536 1261 1593 1311 et
1622 1259 1749 1328 ipse
1778 1257 1997 1313 bonum

339 1355 512 1394 suum
535 1340 682 1409 (450)
710 1343 976 1411 recipere
996 1343 1262 1397 debebat.
1292 1345 1473 1399 Porro
1489 1346 1731 1401 Ansello
1761 1347 1999 1401 videba-

336 1431 448 1498 tur,
483 1429 618 1498 quia
648 1429 719 1482 ad
744 1430 1062 1501 regendam
1092 1430 1880 1505 331castellaturamjuvenis
1902 1437 1997 1488 ille

336 1516 593 1570 nondum
625 1518 1051 1572 essetidoneus
1075 1538 1089 1583 ;
1125 1520 1375 1591 ideoque
1423 1523 1715 1591 protelare
1764 1524 1999 1577 volebat

338 1605 622 1659 custodite
634 1621 761 1660 suae
776 1605 1055 1675 ofﬁcium,
1072 1608 1123 1660 si
1140 1609 1256 1662 sibi
1270 1611 1630 1679 permitteret
1652 1612 1993 1681 episcopus.

337 1692 454 1747 Sed
488 1695 759 1763 quamvis
800 1695 1065 1764 pontifex
1087 1697 1615 1765 deimperfectione
1650 1700 1920 1770 Hugonis
1939 1701 1995 1754 id

336 1780 530 1851 ipsum
563 1783 807 1836 sentiret
839 1798 971 1836 cum
1003 1784 1265 1851 Ansello,
1309 1787 1543 1840 nolebat
1578 1791 1771 1841 tamen
1803 1789 1997 1858 ipsum

2118 642 2515 715 fecitabsolvi,
2548 650 2604 700 et
2626 662 2830 702 secum
2844 651 3015 720 quasi
3036 651 3108 705 ab
3130 668 3268 708 orco
3288 656 3652 711 subtractum
3674 658 3772 713 lae-

2114 732 2236 784 tum
2269 732 2522 788 reduxit.

2188 802 2271 856 18.
2308 803 2518 859 Postea
2532 821 2675 860 vero
2699 806 2870 879 Hugo
2893 809 3107 865 infecta
3138 827 3282 881 pace
3313 813 3548 869 domum
3576 816 3769 881 rediit,

2113 891 2167 944 et
2216 891 2288 944 ab
2335 892 2564 961 incepta
2602 897 2991 963 perversitate
3022 914 3140 953 non
3173 916 3440 967 cessans,
3474 903 3773 973 prioribus

2111 979 2282 1032 malis
2312 980 2512 1050 pejora
2545 984 2977 1051 superaddidit.
3012 986 3187 1043 Cives
3210 1005 3461 1061 namque
3493 992 3770 1047 meliores

2110 1070 2167 1120 et
2206 1067 2448 1123 ditiores
2481 1072 2832 1126 contumelia
2861 1077 2918 1128 et
2959 1074 3198 1145 injuriis
3257 1077 3570 1148 afﬁciebat,
3622 1081 3772 1135 alios

2108 1154 2516 1225 indempnatos
2547 1161 2605 1212 et
2632 1159 2990 1230 injudicatos
3014 1163 3074 1216 in
3109 1164 3279 1235 cippo
3301 1165 3449 1237 (454)
3479 1168 3774 1224 vilissimo

2108 1244 2490 1313 concludens,
2521 1250 2577 1300 et
2606 1247 2757 1302 inter
2778 1249 3068 1305 dedecora
3084 1254 3334 1323 plurima
3364 1254 3763 1312 barbamilliis

2107 1333 2391 1388 evellens.
2419 1334 2805 1391 Evremarum
2819 1354 3090 1410 namque,
3117 1341 3188 1396 de
3211 1342 3524 1398 ditioribus
3538 1344 3773 1401 civibus

2110 1438 2308 1491 unum,
2333 1423 2913 1481 inhonestetraxitad
2938 1429 3172 1498 cippum
3192 1431 3494 1499 publicum
3521 1448 3535 1503 ;
3572 1433 3775 1489 Geral-

2108 1511 2247 1564 dum
2279 1526 2533 1582 quoque,
2568 1513 2720 1567 iuter
2748 1520 3111 1571 mercatores
3158 1518 3319 1573 intus
3349 1523 3406 1573 et
3444 1520 3593 1575 foris
3623 1524 3775 1576 satis

2109 1599 2429 1669 cognitum,
2473 1615 2721 1669 corpore
2777 1604 3015 1672 quidem
3071 1610 3129 1660 et
3179 1610 3348 1662 aetate
3403 1615 3771 1679 provectum,

2110 1687 2355 1741 tirannis
2389 1688 2561 1742 etiam
2585 1691 2993 1746 reverendum.
3026 1694 3145 1749 Pro
3168 1694 3284 1749 hiis
3317 1697 3522 1751 etaliis
3553 1698 3772 1769 hujus-

2108 1776 2265 1829 modi
2298 1792 2458 1846 saepe
2490 1782 2797 1847 correptus
2820 1781 2893 1834 ab
2924 1783 3224 1853 episcopo,
3256 1788 3313 1838 et
3344 1786 3642 1840 emendari
3667 1803 3773 1842 no-

347 1868 650 1922 fraudaria
662 1870 934 1938 preﬁiniti
951 1873 1229 1940 temporis
1244 1875 1453 1942 spatio,
1484 1878 1695 1945 putans
1712 1877 1994 1945 juvenem

2110 1864 2258 1933 lens,
2291 1865 2399 1919 sed
2432 1866 2490 1919 in
2507 1866 2680 1936 pejus
2696 1883 3002 1940 corruens,
3018 1874 3563 1929 excommunicatus
3586 1880 3678 1930 est
3694 1876 3769 1931 ab

337 1956 829 2025 perdisciplinam
861 1974 1027 2011 suam
1059 1960 1132 2013 ad
1155 1961 1421 2015 veritatis
1444 1962 1599 2016 viam
1619 1980 1799 2033 posse
1832 1982 1995 2020 revo-

340 2044 484 2113 cari,
518 2045 574 2096 si
607 2044 890 2098 caecitatis
906 2061 1033 2101 sum
1064 2048 1394 2117 ignorantia
1417 2067 1449 2104 a
1470 2056 1630 2105 recto
1652 2053 1993 2108 deviaverit.

338 2130 439 2185 Sic
468 2133 748 2186 Ansellus
779 2134 1113 2189 nullatenus
1144 2137 1457 2206 impetrare
1488 2140 1668 2194 valuit
1696 2157 1870 2209 prece
1903 2145 1996 2197 vel

337 2220 558 2288 precio,
583 2220 724 2289 quin
745 2221 916 2293 Hugo
932 2224 1365 2279 castellaturam
1389 2243 1558 2281 suam
1575 2244 1692 2282 non
1709 2233 1999 2299 reciperet

336 2307 395 2361 in
413 2308 505 2361 die
520 2323 650 2362 suo.
675 2309 1112 2382 Adeptoitaque
1138 2313 1312 2386 Hugo
1336 2315 1586 2370 honoris
1608 2319 1699 2371 sui
1712 2318 2001 2388 guberna-

336 2396 486 2461 culo,
518 2397 792 2451 continuo
822 2399 1013 2467 palam
1034 2400 1483 2473 fecitomnibus,
1515 2406 1672 2475 quod
1693 2408 2000 2461 claudebat

333 2484 393 2537 in
410 2484 620 2539 animo.
656 2487 840 2540 Antea
877 2489 1031 2541 enim
1059 2493 1359 2560 quomodo
1397 2509 1529 2548 eum
1568 2510 1994 2566 cognosceres,

333 2588 466 2626 cum
483 2573 860 2642 prohiberent
876 2577 1051 2631 simul
1070 2581 1232 2649 etas,
1256 2584 1447 2636 metus
1466 2586 1522 2636 et
1535 2585 1822 2654 magister
1837 2586 1863 2638 ἱ)
1885 2584 2002 2638 Μο-

335 2660 408 2715 do
427 2676 573 2716 vero
602 2678 728 2717 suae
750 2665 1059 2734 potestatis
1081 2682 1343 2738 compos,
1390 2672 1569 2725 totius
1590 2673 1916 2743 magisterii
1946 2680 2001 2728 et

334 2750 662 2820 disciplinae
675 2756 1057 2823 contemptor,
1077 2755 1287 2827 fasque
1300 2757 1587 2829 nefasque
1603 2761 1995 2831 confundens,

333 2842 470 2909 post
483 2840 803 2908 pravitates
817 2842 1018 2896 cordis
1049 2843 1144 2897 sui
1167 2848 1222 2897 et
1239 2846 1481 2901 illicitas
1504 2849 1838 2918 voluptates
1862 2866 1995 2921 gra-

333 2928 489 2982 ditur
525 2927 657 2981 sine
723 2933 999 2998 respectu
1059 2932 1275 3002 aliquo.
1333 2934 1612 2989 Potestne
1659 2943 1997 3007 respectum

326 3016 575 3087 justitim
630 3019 852 3087 tenere,
913 3019 1014 3088 qui
1063 3020 1123 3073 in
1173 3022 1405 3077 civitate
1454 3024 1674 3078 domini
1707 3026 1801 3080 sui
1849 3028 1993 3082 etin

2108 1968 2197 2007 eo.
2226 1955 2296 2007 At
2326 1953 2421 2008 ille
2455 1958 2510 2008 et
2540 1955 2652 2010 hoc
2684 1957 2856 2011 etiam
2893 1962 3263 2030 contempsit,
3299 1963 3635 2034 nullamque
3666 1965 3772 2019 mi-

2109 2041 2499 2096 sericordiam
2516 2060 2793 2112 quaerens
2814 2047 2906 2101 vel
2922 2047 3385 2103 meliorationem
3399 2053 3769 2119 promittens,

2107 2130 2180 2184 ad
2202 2132 2473 2184 comitem
2504 2131 2701 2186 Sancti
2721 2133 2977 2198 Quintini
3008 2136 3167 2205 abiit,
3202 2137 3401 2208 ibique
3430 2140 3775 2208 aliquandiu

2106 2222 2401 2287 versatus,
2427 2220 2706 2291 quicquid
2724 2223 2857 2277 mali
2889 2224 3093 2295 potuit,
3113 2225 3406 2280 adversus
3421 2227 3767 2297 episcopum

2108 2310 2163 2359 et
2185 2308 2518 2362 {ecclesiam
2549 2308 2683 2379 ejus
2719 2310 2876 2366 fecit.

2180 2394 2266 2449 19.
2299 2396 2461 2467 (Cap.
2482 2396 2751 2466 '73.)Post
2780 2415 3004 2468 paucos
3032 2404 3226 2456 autem
3257 2402 3385 2457 dies
3412 2402 3472 2457 in
3493 2403 3768 2458 Camera-

2109 2484 2274 2538 censi
2303 2500 2455 2555 pago
2479 2501 2594 2539 non
2616 2488 2855 2558 longius
2887 2506 2918 2542 a
2937 2489 3169 2544 civitate
3200 2506 3373 2560 quam
3406 2490 3608 2545 decem
3623 2492 3775 2547 mili-

2108 2572 2241 2634 bus,
2261 2574 2411 2643 apud
2425 2575 2715 2644 quendam
2737 2576 2931 2630 locum
2964 2578 3350 2633 Porrivallem
3379 2580 3770 2649 dictum,mu-

2108 2660 2387 2730 nicipium
2418 2664 2686 2731 ﬁrmavit,
2703 2664 2762 2719 in
2776 2666 3229 2735 quodintroiens
3253 2684 3385 2722 cum
3410 2668 3771 2723 satellitibus

2109 2749 2257 2817 suis,
2292 2765 2390 2804 res
2423 2752 2650 2806 vicinas
2681 2753 3026 2809 devastabat
3051 2756 3355 2825 episcopii,
3387 2760 3771 2813 transeuntes

2107 2837 2214 2890 diri
2224 2839 2411 2907 piens,
2433 2840 2890 2913 circumquaque
2914 2847 3219 2899 manentes
3233 2846 3297 2898 af
3298 2845 3504 2900 ﬁciens
3517 2846 3766 2916 rapinis.

2108 2925 2235 2980 Hoc
2253 2929 2444 2981 autem
2464 2929 2782 2999 episcOpus
2796 2931 2892 2984 diu
2909 2931 3063 2987 ferre
3076 2949 3194 2987 non
3208 2935 3415 3002 potuit,
3435 2934 3540 2989 sed
3560 2933 3773 2989 collec-

2105 3018 2198 3068 tos
2212 3017 2442 3085 equites
2461 3019 2516 3071 et
2528 3017 2756 3086 pedites
2770 3018 2842 3072 ad
2856 3020 3235 3089 municipium
3247 3022 3389 3076 illud
3402 3023 3630 3076 direxit.
3649 3023 3704 3076 Μ
3713 3040 3776 3077 u-

331 3105 461 3159 foro
491 3103 626 3174 ejus
655 3104 975 3176 lignarium
998 3105 1147 3178 (451)
1171 3125 1276 3179 per
1304 3112 1611 3182 angariam
1642 3112 1791 3184 (452)
1825 3115 1993 3168 colli-

2110 3103 2384 3173 nicipium
2401 3121 2540 3160 vero
2552 3105 2696 3160 illud
2709 3109 2941 3162 assultu
2959 3106 3040 3150 335
3056 3109 3424 3178 opprimitur,
3440 3112 3497 3165 et
3514 3126 3773 3182 coangu-

332 3194 421 3264 git‘
442 3190 549 3263 332;
584 3208 717 3247 cum
746 3193 804 3247 id
824 3208 1079 3264 unquam
1097 3202 1445 3254 antecessor
1466 3200 1519 3271 ej
1530 3216 1599 3255 us
1624 3217 1740 3256 non
1763 3202 1990 3272 fecerit,

2103 3194 2317 3245 statum
2339 3197 2396 3247 et
2424 3193 2563 3264 igne
2594 3211 2955 3250 succensum
2983 3197 3055 3250 ad
3090 3199 3309 3252 terram
3336 3200 3766 3268 prosternitur;

331 3287 387 3336 οι
426 3284 811 3342 contradictio
869 3288 1149 3342 reclamet
1179 3292 1234 3342 et
1263 3288 1572 3358 prohibeat
1602 3290 1818 3344 domini
1855 3292 1992 3344 sui?
2102 3279 2310 3350 sicque
2345 3281 2671 3337 locusillea
2693 3285 3046 3340 satellitibus
3069 3288 3123 3340 et
3144 3302 3177 3339 a
3205 3287 3549 3341 latrunculis
3563 3303 3770 3342 emun-

330 3370 572 3428 Factum
602 3380 694 3430 est
722 3380 915 3432 autem
946 3377 1393 3449 hoclignarium
1422 3393 1455 3429 ει
1487 3378 1741 3449 Ηυεοηθ
1773 3379 1991 3433 caste]-
2102 3368 2486 3442 datur.Hugo
2502 3372 2681 3443 igitur
2712 3372 2807 3425 ille
2824 3372 3129 3428 destructo
3161 3375 3480 3443 municipio
3510 3376 3581 3429 ad
3605 3376 3769 3429 aliud

330 3461 463 3515 lano
492 3463 551 3517 in
567 3465 800 3519 civitate
832 3465 1270 3536 Cameracensi,
1313 3468 1369 3519 et
1399 3467 1658 3536 positum
1690 3470 1784 3520 est
1814 3469 1872 3519 in
1903 3467 1996 3520 in-
2102 3457 2357 3528 ἀίνθΐῑίῑ,
2393 3460 2489 3513 Olli
2519 3459 2777 3514 Ῑῐιοθίυπι
2806 3461 2954 3529 (455)
2987 3462 3303 3533 ιωιίίιιιίὶθε
3335 3478 3547 3517 nomen
3576 3464 3767 3532 ίωΡο·

332 3549 550 3604 clastro
573 3548 653 3596 333
681 3552 828 3622 (453)
861 3554 1049 3607 sancti
1080 3553 1347 3607 Autberti
1379 3553 1451 3607 ad
1476 3555 1999 3609 contradictionem

329 3636 609 3692 Lietberti
634 3640 931 3709 pontiﬁcis
958 3658 972 3710 ;
1007 3646 1064 3696 et
1092 3641 1221 3696 haec"
1253 3641 1362 3694 fuit
1390 3641 1577 3710 prima
1609 3657 1790 3697 causa
1822 3643 1893 3698 de
1916 3644 1998 3697 in-

326 3724 620 3796 juriarum
652 3727 785 3798 ejus
818 3729 1120 3799 primitiis.

402 3815 488 3868 17.
514 3815 784 3870 Secunda
808 3817 1026 3888 injuria
1045 3816 1178 3871 talis
1192 3819 1431 3883 exstitit,
1467 3818 1623 3889 quod
1642 3818 1992 3876 Ermenaldo

328 3903 529 3957 villico
550 3908 607 3958 et
622 3905 984 3960 cubiculario
1004 3906 1267 3976 episcopi
1285 3907 1490 3960 decem
1511 3924 1727 3961 vaccas
1752 3908 1995 3964 abstulit

328 3995 383 4045 et
412 3992 469 4044 in
501 3993 733 4048 civitate
765 4010 893 4064 sua,
927 4010 993 4048 se
1026 3997 1340 4064 praesente,
1375 3996 1616 4050 adduxit
1646 4000 1704 4051 et
1741 3999 1994 4052 comedit

326 4081 638 4152 ipsumque
673 4081 1085 4137 Ermenaldum
1117 4083 1184 4136 ad
1209 4084 1474 4138 ultimum
1497 4085 1991 4155 comprehensum

326 4168 587 4240 alligavit
608 4171 852 4225 catenis.
885 4171 1048 4235 Quod
1074 4187 1207 4225 cum
1229 4173 1510 4241 episcopo
1542 4174 1867 4227 nuntiatum
1898 4190 1993 4229 es-

327 4261 436 4324 set,
470 4258 640 4313 valde
666 4259 931 4328 indoluit,
973 4260 1250 4330 venitque
1279 4260 1352 4313 ad
1391 4261 1628 4315 domum
1661 4263 1987 4333 castellani,

322 4346 531 4400 volens
565 4348 742 4414 scire,
784 4364 965 4418 quare
995 4349 1426 4403 cubicularium
1459 4366 1638 4404 suum
1669 4353 1893 4405 teneret
1930 4353 1989 4405 in

2099 3547 2238 3616 suit,
2272 3549 2642 3618 paredasque
2674 3552 2729 3603 et
2759 3549 2909 3603 mala
2924 3549 3176 3618 plurima
3206 3552 3264 3602 in
3298 3552 3641 3620 episcopum
3663 3568 3769 3606 re-

2097 3636 2322 3704 petivit.
2378 3635 2545 3699 Quod
2590 3637 2763 3690 etiam
2820 3638 3139 3707 episcopus
3209 3638 3454 3693 moleste
3511 3641 3769 3708 accepit,

2099 3724 2517 3794 copiosamque
2575 3728 2932 3779 armatorum
2988 3726 3416 3780 multitudinem
3446 3727 3519 3780 ad
3567 3729 3768 3781 locum

2097 3812 2264 3865 illum
2294 3811 2563 3878 deduxit;
2581 3814 2912 3884 fuissetque
2927 3814 3203 3868 continuo
3222 3815 3603 3883 municipium
3618 3816 3767 3869 illud

2099 3901 2404 3956 solotenus
2447 3902 2825 3967 subversum,
2869 3902 2985 3956 nisi
3028 3902 3346 3957 Rotbertus
3395 3903 3467 3957 de
3499 3904 3762 3957 Perrona

2099 4006 2232 4043 cum
2263 3991 2393 4043 suis
2424 3990 2558 4044 dolo
2582 3990 2931 4059 obstitisset,
2968 3991 3069 4060 qui
3098 3993 3342 4044 venerat
3367 3991 3426 4044 in
3457 3991 3761 4059 pontiﬁcis

2097 4079 2398 4133 auxilium.
2432 4079 2541 4132 His
2586 4078 2664 4132 ita
2691 4080 2996 4132 incassum
3027 4078 3323 4145 decursis,
3364 4078 3765 4133 Cameracen-

2097 4183 2199 4221 ses
2246 4166 2462 4222 infecto
2516 4168 2754 4238 negotio
2810 4167 2883 4220 ad
2924 4166 3217 4221 civitatem
3273 4182 3442 4221 suam
3486 4170 3631 4221 sunt
3668 4182 3769 4221 re-

2096 4257 2261 4310 versi

2165 4346 2233 4399 20
2260 4345 2426 4416 (Cap.
2460 4343 2573 4413 74.)
2605 4344 2829 4398 Interea
2853 4344 3025 4415 Hugo
3039 4343 3136 4398 ille
3153 4344 3447 4414 quandam
3465 4343 3764 4414 juvencu-

319 4435 593 4490 vinculis.
627 4435 728 4489 Ille
758 4452 902 4491 vero
936 4452 1071 4490 mox
1099 4440 1162 4490 ut
1199 4437 1703 4492 advertitdomum
1726 4439 1985 4494 intrasse
2012 4458 2064 4517 ι)
2094 4433 2227 4499 lam,
2255 4433 2711 4531 Adamaomine,
2733 4435 2965 4531 neptem
2980 4433 3255 4487 videlicet
3276 4430 3580 4531 Richeldis
3595 4432 3768 4531 Mpn-

323 4523 621 4578 dominum
650 4540 843 4593 suum,
862 4525 1000 4596 fuga
1014 4525 1221 4596 lapsus
1254 4529 1346 4579 est
1377 4542 1485 4595 per
1502 4527 1752 4582 alterum
1773 4528 1984 4583 domus
2091 4524 2282 4576 tensis
2298 4520 2642 4589 comitissae,
2663 4521 2818 4591 cepit
2831 4537 3047 4590 amare,
3064 4536 3312 4590 eamque
3333 4521 3392 4573 in
3412 4520 3769 4591 conjugium

321 4612 557 4667 ostium.
595 4612 966 4667 Vociferante
995 4614 1177 4685 igitur
1204 4615 1489 4685 episcopo
1512 4618 1568 4669 et
1585 4615 1677 4685 adj
1690 4619 1895 4671 urante
1926 4617 1984 4671 in
2093 4610 2372 4665 sibivelle
2388 4608 2597 4679 cupide
2612 4610 2907 4679 copulare.
2930 4609 3041 4665 Sed
3063 4609 3200 4680 quia
3212 4608 3768 4663 cxcommunicatus

322 4701 677 4756 sacramenti
706 4702 962 4770 nomine,
988 4717 1060 4756 ne
1091 4692 1438 4771 ab1ret,’sed
1461 4708 1629 4757 stans
1661 4704 1732 4758 de
1776 4704 1986 4759 Erme-

323 4789 494 4844 naldo
539 4806 715 4862 quem
762 4795 999 4861 ceperat
1025 4788 1106 4833 33‘
1151 4793 1436 4847 rationem
1474 4792 1775 4848 redderet:
1828 4798 1985 4848 stare

322 4877 527 4947 noluit,
549 4880 657 4934 sed
672 4895 928 4935 ascenso
951 4896 1102 4952 equo
1125 4880 1372 4952 aufugit.
1409 4881 1537 4936 Hoc
1567 4881 1719 4952 viso,
1753 4882 1983 4952 episco-

2092 4701 2386 4774 quomodo
2417 4715 2650 4771 quaque
2672 4698 2897 4753 ratione
2947 4700 3004 4753 id
3045 4698 3378 4768 perﬁceret,
3431 4696 3765 4750 nesciebat.

2094 4790 2370 4846 Incendio
2392 4788 2685 4860 siquidem
2718 4787 2971 4842 carnalis
3003 4787 3221 4841 amoris
3243 4787 3533 4854 devictus,
3567 4785 3638 4838 ad
3664 4786 3772 4839 Ri-

2093 4880 2362 4936 cheldem
2378 4877 2740 4933 comitissam
2754 4876 3150 4947 progreditur,
3172 4875 3386 4929 obnixe
3416 4873 3757 4928 obsecrans

1636 5023 1930 5085 VARI/E
1980 5020 2444 5086 LECTIONES

389 5123 470 5167 330
497 5126 1116 5202 quisQue_1._quilibe_t
1158 5128 1286 5202 Vita
1337 5129 1531 5202 Liotb,
1564 5125 1642 5202 33!
1675 5131 2003 5202 regendum
2031 5131 2083 5184 '7.
2161 5126 2243 5174 332
2270 5128 2508 5199 collegit
2536 5126 2589 5180 '1.
2665 5122 2745 5166 333
2773 5127 2865 5180 est
2922 5124 2983 5178 in
3041 5124 3297 5179 claustro
3330 5123 3382 5177 7.
3459 5122 3541 5168 334
3570 5139 3757 5179 acce-

320 5201 482 5268 perat
511 5195 566 5252 ἓ.
597 5195 674 5250 ετ
747 5195 929 5253 335112?
959 5201 1011 5255 '1.
1060 5200 1185 5254 Vita
1216 5201 1409 5255 Lietb.
1445 5200 1600 5255 saltu
1616 5201 1668 5255 2.

1897 5297 2173 5359 NOT/E.

384 5402 534 5473 (450)
577 5403 696 5458 Son
744 5404 903 5459 bien.

387 5474 534 5547 (451)
570 5474 848 5547 Magasin
880 5478 954 5532 de
984 5476 1135 5530 bois.

387 5546 535 5616 (452)
568 5546 610 5599 Ι.
645 5561 696 5600 e.
730 5547 1051 5603 violentam
1097 5548 1483 5618 exactionem,
1517 5547 1589 5601 de
1619 5546 1802 5618 lignis
1835 5562 1968 5617 quae

318 5618 391 5673 ad
428 5618 891 5673 comburendum
923 5619 983 5672 in
1002 5617 1296 5672 civitatem
1320 5617 1979 5674 advehebantur.Cox.v.

384 5689 533 5761 (453)
564 5688 804 5756 Enclos,
839 5690 877 5744 i.
913 5705 973 5760 q.
1006 5689 1302 5746 enceinte.

2154 5403 2300 5474 (454)
2325 5403 2407 5458 Le
2438 5418 2560 5474 cep,
2593 5401 2944 5474 ferrumque
2975 5401 3341 5474 captivorum
3357 5399 3758 5469 pedesinclu-

2089 5471 2337 5542 du‘ntur;
2368 5471 2615 5543 tumpro
2648 5471 2885 5527 carcere
2917 5473 3067 5541 ipso.
3103 5472 3187 5543 Ls
3214 5471 3397 5543 ϐων.

2093 5541 2856 5672 G(1155)Inchi-Ien-Artois,
2900 5551 3109 5598 canton
3160 5542 3230 5596 de
3282 5541 3611 5613 Marquion.
3657 5542 3752 5596 LE

2144 5634 2270 5671 LAY.

2144 5634 2270 5671 LAY.
