  <div class='ocr_page' id='page_1' title='image "/cluster/home/n/w/nwhite01/storage/ocr_20150623/149/hvd.32044054760079/100.png"; bbox 0 0 4058 6182; ppageno 0'>
   <div class='ocr_carea' id='block_1_1' title="bbox 202 369 294 432">
    <p class='ocr_par' dir='ltr' id='par_1_1' title="bbox 202 369 294 432">
     <span class='ocr_line' id='line_1_1' title="bbox 202 369 294 432; baseline 0.011 -1"><span class='ocrx_word' id='word_1_1' title='bbox 202 369 294 432; x_wconf 81' lang='grc'>189</span> 
     </span>
    </p>
   </div>
   <div class='ocr_carea' id='block_1_2' title="bbox 961 361 2746 431">
    <p class='ocr_par' dir='ltr' id='par_1_2' title="bbox 961 361 2746 431">
     <span class='ocr_line' id='line_1_2' title="bbox 961 361 2746 431; baseline 0.002 -5"><span class='ocrx_word' id='word_1_2' title='bbox 961 362 1565 428; x_wconf 88' lang='lat' dir='ltr'>CONTINUATIO.</span> <span class='ocrx_word' id='word_1_3' title='bbox 1597 398 1665 408; x_wconf 90' lang='lat'><strong><em>—</em></strong></span> <span class='ocrx_word' id='word_1_4' title='bbox 1695 361 1969 424; x_wconf 85' lang='lat' dir='ltr'>GESTA</span> <span class='ocrx_word' id='word_1_5' title='bbox 2001 363 2449 426; x_wconf 82' lang='lat' dir='ltr'>LlETBERTI</span> <span class='ocrx_word' id='word_1_6' title='bbox 2483 367 2746 431; x_wconf 89' lang='lat' dir='ltr'><strong>EPISC.</strong></span> 
     </span>
    </p>
   </div>
   <div class='ocr_carea' id='block_1_3' title="bbox 3464 369 3580 432">
    <p class='ocr_par' dir='ltr' id='par_1_3' title="bbox 3464 369 3580 432">
     <span class='ocr_line' id='line_1_3' title="bbox 3464 369 3580 432; baseline 0.017 -2"><span class='ocrx_word' id='word_1_7' title='bbox 3464 369 3580 432; x_wconf 69' lang='grc'>490</span> 
     </span>
    </p>
   </div>
   <div class='ocr_carea' id='block_1_4' title="bbox 201 545 3574 620">
    <p class='ocr_par' dir='ltr' id='par_1_4' title="bbox 201 545 3574 620">
     <span class='ocr_line' id='line_1_4' title="bbox 201 545 3574 620; baseline -0.001 -15"><span class='ocrx_word' id='word_1_8' title='bbox 201 553 384 620; x_wconf 86' lang='lat' dir='ltr'>eam,ut</span> <span class='ocrx_word' id='word_1_9' title='bbox 412 549 524 603; x_wconf 88' lang='lat' dir='ltr'>sibi</span> <span class='ocrx_word' id='word_1_10' title='bbox 551 550 612 604; x_wconf 91' lang='lat' dir='ltr'>in</span> <span class='ocrx_word' id='word_1_11' title='bbox 634 549 1065 604; x_wconf 75' lang='lat' dir='ltr'>matrimonium</span> <span class='ocrx_word' id='word_1_12' title='bbox 1089 547 1480 618; x_wconf 88' lang='lat' dir='ltr'>conjungeret</span> <span class='ocrx_word' id='word_1_13' title='bbox 1495 545 1678 598; x_wconf 81' lang='lat' dir='ltr'>Adam</span> <span class='ocrx_word' id='word_1_14' title='bbox 1710 560 1807 598; x_wconf 90' lang='lat' dir='ltr'>ne-</span> <span class='ocrx_word' id='word_1_15' title='bbox 1836 557 1893 606; x_wconf 81' lang='grc' dir='ltr'><strong>Α</strong></span> <span class='ocrx_word' id='word_1_16' title='bbox 1927 560 2060 614; x_wconf 69' lang='lat' dir='ltr'>quae</span> <span class='ocrx_word' id='word_1_17' title='bbox 2080 547 2505 600; x_wconf 87' lang='lat' dir='ltr'>consecrandae</span> <span class='ocrx_word' id='word_1_18' title='bbox 2522 547 3087 619; x_wconf 88' lang='lat' dir='ltr'>erantbenedicens,</span> <span class='ocrx_word' id='word_1_19' title='bbox 3115 552 3170 604; x_wconf 91' lang='lat' dir='ltr'>et</span> <span class='ocrx_word' id='word_1_20' title='bbox 3193 552 3387 605; x_wconf 90' lang='lat' dir='ltr'>cetera</span> <span class='ocrx_word' id='word_1_21' title='bbox 3403 549 3574 602; x_wconf 92' lang='lat' dir='ltr'>mini-</span> 
     </span>
    </p>
   </div>
   <div class='ocr_carea' id='block_1_5' title="bbox 197 634 1807 710">
    <p class='ocr_par' dir='ltr' id='par_1_5' title="bbox 197 634 1807 710">
     <span class='ocr_line' id='line_1_5' title="bbox 197 634 1807 710; baseline -0.006 -16"><span class='ocrx_word' id='word_1_22' title='bbox 197 645 321 710; x_wconf 87' lang='lat' dir='ltr'>ptem</span> <span class='ocrx_word' id='word_1_23' title='bbox 339 655 512 692; x_wconf 90' lang='lat' dir='ltr'>suam.</span> <span class='ocrx_word' id='word_1_24' title='bbox 534 639 607 692; x_wconf 77' lang='lat' dir='ltr'>At</span> <span class='ocrx_word' id='word_1_25' title='bbox 627 637 723 690; x_wconf 90' lang='lat' dir='ltr'>illa</span> <span class='ocrx_word' id='word_1_26' title='bbox 738 638 1016 707; x_wconf 80' lang='lat' dir='ltr'>precibus</span> <span class='ocrx_word' id='word_1_27' title='bbox 1031 636 1162 707; x_wconf 92' lang='lat' dir='ltr'>ejus</span> <span class='ocrx_word' id='word_1_28' title='bbox 1182 637 1432 703; x_wconf 88' lang='lat' dir='ltr'>devicta,</span> <span class='ocrx_word' id='word_1_29' title='bbox 1453 634 1525 688; x_wconf 91' lang='lat' dir='ltr'>ad</span> <span class='ocrx_word' id='word_1_30' title='bbox 1543 635 1807 688; x_wconf 90' lang='lat' dir='ltr'>ultimum</span> 
     </span>
    </p>
   </div>
   <div class='ocr_carea' id='block_1_6' title="bbox 198 725 1807 797">
    <p class='ocr_par' dir='ltr' id='par_1_6' title="bbox 198 725 1807 797">
     <span class='ocr_line' id='line_1_6' title="bbox 198 725 1807 797; baseline -0.005 -15"><span class='ocrx_word' id='word_1_31' title='bbox 198 726 524 797; x_wconf 85' lang='lat' dir='ltr'>annuitquod</span> <span class='ocrx_word' id='word_1_32' title='bbox 547 725 799 796; x_wconf 87' lang='lat' dir='ltr'>petebat,</span> <span class='ocrx_word' id='word_1_33' title='bbox 835 727 887 779; x_wconf 88' lang='lat' dir='ltr'>si</span> <span class='ocrx_word' id='word_1_34' title='bbox 919 725 1083 794; x_wconf 89' lang='lat' dir='ltr'>prius</span> <span class='ocrx_word' id='word_1_35' title='bbox 1119 725 1431 779; x_wconf 88' lang='lat' dir='ltr'>absolutus</span> <span class='ocrx_word' id='word_1_36' title='bbox 1463 725 1626 778; x_wconf 82' lang='lat' dir='ltr'>esset</span> <span class='ocrx_word' id='word_1_37' title='bbox 1663 738 1807 775; x_wconf 89' lang='lat' dir='ltr'>ana-</span> 
     </span>
    </p>
   </div>
   <div class='ocr_carea' id='block_1_7' title="bbox 196 813 1803 886">
    <p class='ocr_par' dir='ltr' id='par_1_7' title="bbox 196 813 1803 886">
     <span class='ocr_line' id='line_1_7' title="bbox 196 813 1803 886; baseline -0.004 -16"><span class='ocrx_word' id='word_1_38' title='bbox 196 819 421 882; x_wconf 81' lang='lat' dir='ltr'>themate,</span> <span class='ocrx_word' id='word_1_39' title='bbox 443 831 558 884; x_wconf 90' lang='lat' dir='ltr'>quo</span> <span class='ocrx_word' id='word_1_40' title='bbox 581 816 652 868; x_wconf 87' lang='lat' dir='ltr'>ab</span> <span class='ocrx_word' id='word_1_41' title='bbox 671 816 950 886; x_wconf 85' lang='lat' dir='ltr'>episc0po</span> <span class='ocrx_word' id='word_1_42' title='bbox 971 813 1382 869; x_wconf 85' lang='lat' dir='ltr'>Cameracensi</span> <span class='ocrx_word' id='word_1_43' title='bbox 1408 813 1642 866; x_wconf 91' lang='lat' dir='ltr'>vinctus</span> <span class='ocrx_word' id='word_1_44' title='bbox 1661 814 1803 864; x_wconf 90' lang='lat' dir='ltr'>erat.</span> 
     </span>
    </p>
   </div>
   <div class='ocr_carea' id='block_1_8' title="bbox 197 903 1802 972">
    <p class='ocr_par' dir='ltr' id='par_1_8' title="bbox 197 903 1802 972">
     <span class='ocr_line' id='line_1_8' title="bbox 197 903 1802 972; baseline -0.002 -16"><span class='ocrx_word' id='word_1_45' title='bbox 197 905 314 969; x_wconf 86' lang='lat' dir='ltr'>Quid</span> <span class='ocrx_word' id='word_1_46' title='bbox 327 904 558 957; x_wconf 81' lang='lat' dir='ltr'>faceret?</span> <span class='ocrx_word' id='word_1_47' title='bbox 573 903 1018 958; x_wconf 80' lang='lat' dir='ltr'>Absolutionem</span> <span class='ocrx_word' id='word_1_48' title='bbox 1038 919 1154 957; x_wconf 91' lang='lat' dir='ltr'>non</span> <span class='ocrx_word' id='word_1_49' title='bbox 1170 903 1412 957; x_wconf 79' lang='lat' dir='ltr'>curabat</span> <span class='ocrx_word' id='word_1_50' title='bbox 1424 914 1802 972; x_wconf 76' lang='lat' dir='ltr'>magnopere;</span> 
     </span>
    </p>
   </div>
   <div class='ocr_carea' id='block_1_9' title="bbox 195 988 1805 1064">
    <p class='ocr_par' dir='ltr' id='par_1_9' title="bbox 195 988 1805 1064">
     <span class='ocr_line' id='line_1_9' title="bbox 195 988 1805 1064; baseline -0.003 -17"><span class='ocrx_word' id='word_1_51' title='bbox 195 993 364 1064; x_wconf 75' lang='lat' dir='ltr'>quaerit</span> <span class='ocrx_word' id='word_1_52' title='bbox 389 995 577 1045; x_wconf 83' lang='lat' dir='ltr'>tamen</span> <span class='ocrx_word' id='word_1_53' title='bbox 594 1007 721 1045; x_wconf 90' lang='lat' dir='ltr'>eam</span> <span class='ocrx_word' id='word_1_54' title='bbox 743 992 816 1045; x_wconf 90' lang='lat' dir='ltr'>ab</span> <span class='ocrx_word' id='word_1_55' title='bbox 836 992 1115 1062; x_wconf 90' lang='lat' dir='ltr'>episcopo</span> <span class='ocrx_word' id='word_1_56' title='bbox 1133 1008 1242 1061; x_wconf 89' lang='lat' dir='ltr'>per</span> <span class='ocrx_word' id='word_1_57' title='bbox 1264 990 1675 1057; x_wconf 70' lang='lat' dir='ltr'>internuntios,</span> <span class='ocrx_word' id='word_1_58' title='bbox 1700 988 1805 1042; x_wconf 91' lang='lat' dir='ltr'>de-</span> 
     </span>
    </p>
   </div>
   <div class='ocr_carea' id='block_1_10' title="bbox 194 1079 1805 1150">
    <p class='ocr_par' dir='ltr' id='par_1_10' title="bbox 194 1079 1805 1150">
     <span class='ocr_line' id='line_1_10' title="bbox 194 1079 1805 1150; baseline -0.003 -15"><span class='ocrx_word' id='word_1_59' title='bbox 194 1082 371 1138; x_wconf 85' lang='lat' dir='ltr'>siderio</span> <span class='ocrx_word' id='word_1_60' title='bbox 387 1081 601 1134; x_wconf 83' lang='lat' dir='ltr'>ardens</span> <span class='ocrx_word' id='word_1_61' title='bbox 623 1082 948 1150; x_wconf 68' lang='lat' dir='ltr'>concupitae</span> <span class='ocrx_word' id='word_1_62' title='bbox 995 1080 1224 1150; x_wconf 68' lang='lat' dir='ltr'>puellm.</span> <span class='ocrx_word' id='word_1_63' title='bbox 1266 1081 1452 1134; x_wconf 86' lang='lat' dir='ltr'>Porro</span> <span class='ocrx_word' id='word_1_64' title='bbox 1485 1079 1805 1148; x_wconf 87' lang='lat' dir='ltr'>episcopus</span> 
     </span>
    </p>
   </div>
   <div class='ocr_carea' id='block_1_11' title="bbox 195 1169 1806 1240">
    <p class='ocr_par' dir='ltr' id='par_1_11' title="bbox 195 1169 1806 1240">
     <span class='ocr_line' id='line_1_11' title="bbox 195 1169 1806 1240; baseline -0.002 -16"><span class='ocrx_word' id='word_1_65' title='bbox 195 1171 422 1240; x_wconf 81' lang='lat' dir='ltr'>fatigatus</span> <span class='ocrx_word' id='word_1_66' title='bbox 447 1170 807 1223; x_wconf 81' lang='lat' dir='ltr'>multimodis</span> <span class='ocrx_word' id='word_1_67' title='bbox 839 1169 1076 1240; x_wconf 81' lang='lat' dir='ltr'>injuriis</span> <span class='ocrx_word' id='word_1_68' title='bbox 1109 1169 1264 1239; x_wconf 90' lang='lat' dir='ltr'>ejus,</span> <span class='ocrx_word' id='word_1_69' title='bbox 1307 1169 1621 1223; x_wconf 78' lang='lat' dir='ltr'>absolvere</span> <span class='ocrx_word' id='word_1_70' title='bbox 1672 1183 1806 1221; x_wconf 91' lang='lat' dir='ltr'>cum</span> 
     </span>
    </p>
   </div>
   <div class='ocr_carea' id='block_1_12' title="bbox 191 1256 1806 1328">
    <p class='ocr_par' dir='ltr' id='par_1_12' title="bbox 191 1256 1806 1328">
     <span class='ocr_line' id='line_1_12' title="bbox 191 1256 1806 1328; baseline -0.002 -16"><span class='ocrx_word' id='word_1_71' title='bbox 191 1259 393 1327; x_wconf 86' lang='lat' dir='ltr'>nolebat,</span> <span class='ocrx_word' id='word_1_72' title='bbox 417 1258 534 1311; x_wconf 87' lang='lat' dir='ltr'>nisi</span> <span class='ocrx_word' id='word_1_73' title='bbox 546 1259 713 1328; x_wconf 88' lang='lat' dir='ltr'>prius</span> <span class='ocrx_word' id='word_1_74' title='bbox 727 1258 1134 1313; x_wconf 88' lang='lat' dir='ltr'>dimissionem</span> <span class='ocrx_word' id='word_1_75' title='bbox 1149 1274 1323 1312; x_wconf 91' lang='lat' dir='ltr'>manu</span> <span class='ocrx_word' id='word_1_76' title='bbox 1337 1273 1442 1328; x_wconf 90' lang='lat' dir='ltr'>pro</span> <span class='ocrx_word' id='word_1_77' title='bbox 1449 1256 1806 1327; x_wconf 80' lang='lat' dir='ltr'>pria—quod</span> 
     </span>
    </p>
   </div>
   <div class='ocr_carea' id='block_1_13' title="bbox 191 1345 1804 1417">
    <p class='ocr_par' dir='ltr' id='par_1_13' title="bbox 191 1345 1804 1417">
     <span class='ocr_line' id='line_1_13' title="bbox 191 1345 1804 1417; baseline 0 -17"><span class='ocrx_word' id='word_1_78' title='bbox 191 1351 231 1400; x_wconf 85' lang='lat' dir='ltr'>et</span> <span class='ocrx_word' id='word_1_79' title='bbox 274 1347 425 1417; x_wconf 83' lang='lat' dir='ltr'>vulgo</span> <span class='ocrx_word' id='word_1_80' title='bbox 468 1348 724 1416; x_wconf 83' lang='lat' dir='ltr'>werpire</span> <span class='ocrx_word' id='word_1_81' title='bbox 757 1345 1284 1401; x_wconf 87' lang='lat' dir='ltr'>dicitur—faceret</span> <span class='ocrx_word' id='word_1_82' title='bbox 1321 1362 1396 1401; x_wconf 87' lang='lat' dir='ltr'>ex</span> <span class='ocrx_word' id='word_1_83' title='bbox 1436 1346 1594 1400; x_wconf 92' lang='lat' dir='ltr'>omni</span> <span class='ocrx_word' id='word_1_84' title='bbox 1621 1345 1804 1400; x_wconf 89' lang='lat' dir='ltr'>bene-</span> 
     </span>
    </p>
   </div>
   <div class='ocr_carea' id='block_1_14' title="bbox 189 1434 1804 1506">
    <p class='ocr_par' dir='ltr' id='par_1_14' title="bbox 189 1434 1804 1506">
     <span class='ocr_line' id='line_1_14' title="bbox 189 1434 1804 1506; baseline -0.001 -17"><span class='ocrx_word' id='word_1_85' title='bbox 189 1437 309 1502; x_wconf 86' lang='lat' dir='ltr'>ﬁcio,</span> <span class='ocrx_word' id='word_1_86' title='bbox 329 1436 476 1506; x_wconf 91' lang='lat' dir='ltr'>quod</span> <span class='ocrx_word' id='word_1_87' title='bbox 499 1435 652 1489; x_wconf 89' lang='lat' dir='ltr'>infra</span> <span class='ocrx_word' id='word_1_88' title='bbox 675 1435 954 1489; x_wconf 86' lang='lat' dir='ltr'>ambitum</span> <span class='ocrx_word' id='word_1_89' title='bbox 977 1434 1310 1489; x_wconf 75' lang='lat' dir='ltr'>Cameracae</span> <span class='ocrx_word' id='word_1_90' title='bbox 1330 1436 1587 1490; x_wconf 80' lang='lat' dir='ltr'>civitatis</span> <span class='ocrx_word' id='word_1_91' title='bbox 1619 1435 1804 1489; x_wconf 89' lang='lat' dir='ltr'>habe-</span> 
     </span>
    </p>
   </div>
   <div class='ocr_carea' id='block_1_15' title="bbox 188 1523 1804 1595">
    <p class='ocr_par' dir='ltr' id='par_1_15' title="bbox 188 1523 1804 1595">
     <span class='ocr_line' id='line_1_15' title="bbox 188 1523 1804 1595; baseline 0 -17"><span class='ocrx_word' id='word_1_92' title='bbox 188 1525 452 1595; x_wconf 74' lang='lat' dir='ltr'>batllugo</span> <span class='ocrx_word' id='word_1_93' title='bbox 484 1540 624 1578; x_wconf 87' lang='lat' dir='ltr'>vero</span> <span class='ocrx_word' id='word_1_94' title='bbox 665 1525 738 1578; x_wconf 90' lang='lat' dir='ltr'>ad</span> <span class='ocrx_word' id='word_1_95' title='bbox 780 1525 1044 1578; x_wconf 90' lang='lat' dir='ltr'>ultimum</span> <span class='ocrx_word' id='word_1_96' title='bbox 1092 1525 1407 1579; x_wconf 84' lang='lat' dir='ltr'>ambitione</span> <span class='ocrx_word' id='word_1_97' title='bbox 1463 1523 1804 1594; x_wconf 87' lang='lat' dir='ltr'>juvenculae</span> 
     </span>
    </p>
   </div>
   <div class='ocr_carea' id='block_1_16' title="bbox 185 1612 1805 1683">
    <p class='ocr_par' dir='ltr' id='par_1_16' title="bbox 185 1612 1805 1683">
     <span class='ocr_line' id='line_1_16' title="bbox 185 1612 1805 1683; baseline 0.001 -18"><span class='ocrx_word' id='word_1_98' title='bbox 185 1612 711 1680; x_wconf 85' lang='lat' dir='ltr'>inﬂammatus,fecit</span> <span class='ocrx_word' id='word_1_99' title='bbox 737 1614 1016 1682; x_wconf 87' lang='lat' dir='ltr'>episcopo</span> <span class='ocrx_word' id='word_1_100' title='bbox 1032 1614 1358 1666; x_wconf 89' lang='lat' dir='ltr'>secundum</span> <span class='ocrx_word' id='word_1_101' title='bbox 1403 1614 1696 1683; x_wconf 86' lang='lat' dir='ltr'>cptionem</span> <span class='ocrx_word' id='word_1_102' title='bbox 1740 1629 1805 1667; x_wconf 92' lang='lat' dir='ltr'>c-</span> 
     </span>
    </p>
   </div>
   <div class='ocr_carea' id='block_1_17' title="bbox 180 1700 1803 1772">
    <p class='ocr_par' dir='ltr' id='par_1_17' title="bbox 180 1700 1803 1772">
     <span class='ocr_line' id='line_1_17' title="bbox 180 1700 1803 1772; baseline 0.002 -20"><span class='ocrx_word' id='word_1_103' title='bbox 180 1700 276 1769; x_wconf 92' lang='lat' dir='ltr'>jus:</span> <span class='ocrx_word' id='word_1_104' title='bbox 315 1702 580 1770; x_wconf 83' lang='lat' dir='ltr'>werpivit</span> <span class='ocrx_word' id='word_1_105' title='bbox 621 1702 809 1771; x_wconf 86' lang='lat' dir='ltr'>palam</span> <span class='ocrx_word' id='word_1_106' title='bbox 850 1701 1145 1769; x_wconf 91' lang='lat' dir='ltr'>omnibus,</span> <span class='ocrx_word' id='word_1_107' title='bbox 1190 1705 1483 1770; x_wconf 82' lang='lat' dir='ltr'>praesente</span> <span class='ocrx_word' id='word_1_108' title='bbox 1525 1702 1803 1772; x_wconf 89' lang='lat' dir='ltr'>episcopo</span> 
     </span>
    </p>
   </div>
   <div class='ocr_carea' id='block_1_18' title="bbox 185 1789 1805 1859">
    <p class='ocr_par' dir='ltr' id='par_1_18' title="bbox 185 1789 1805 1859">
     <span class='ocr_line' id='line_1_18' title="bbox 185 1789 1805 1859; baseline 0.001 -18"><span class='ocrx_word' id='word_1_109' title='bbox 185 1790 387 1859; x_wconf 80' lang='lat' dir='ltr'>suisque</span> <span class='ocrx_word' id='word_1_110' title='bbox 431 1789 739 1859; x_wconf 86' lang='lat' dir='ltr'>militibus,</span> <span class='ocrx_word' id='word_1_111' title='bbox 798 1793 1093 1858; x_wconf 84' lang='lat' dir='ltr'>praesente</span> <span class='ocrx_word' id='word_1_112' title='bbox 1153 1791 1457 1843; x_wconf 88' lang='lat' dir='ltr'>comitissa</span> <span class='ocrx_word' id='word_1_113' title='bbox 1522 1790 1805 1844; x_wconf 78' lang='lat' dir='ltr'>Richelde</span> 
     </span>
    </p>
   </div>
   <div class='ocr_carea' id='block_1_19' title="bbox 185 1878 1805 1948">
    <p class='ocr_par' dir='ltr' id='par_1_19' title="bbox 185 1878 1805 1948">
     <span class='ocr_line' id='line_1_19' title="bbox 185 1878 1805 1948; baseline 0.001 -18"><span class='ocrx_word' id='word_1_114' title='bbox 185 1880 387 1946; x_wconf 83' lang='lat' dir='ltr'>suisque</span> <span class='ocrx_word' id='word_1_115' title='bbox 402 1878 790 1947; x_wconf 86' lang='lat' dir='ltr'>principibus,</span> <span class='ocrx_word' id='word_1_116' title='bbox 807 1879 1084 1948; x_wconf 90' lang='lat' dir='ltr'>quicquid</span> <span class='ocrx_word' id='word_1_117' title='bbox 1105 1878 1354 1932; x_wconf 87' lang='lat' dir='ltr'>habebat</span> <span class='ocrx_word' id='word_1_118' title='bbox 1368 1878 1638 1932; x_wconf 85' lang='lat' dir='ltr'>beneficii</span> <span class='ocrx_word' id='word_1_119' title='bbox 1653 1878 1805 1931; x_wconf 87' lang='lat' dir='ltr'>infra</span> 
     </span>
    </p>
   </div>
   <div class='ocr_carea' id='block_1_20' title="bbox 179 1965 1804 2037">
    <p class='ocr_par' dir='ltr' id='par_1_20' title="bbox 179 1965 1804 2037">
     <span class='ocr_line' id='line_1_20' title="bbox 179 1965 1804 2037; baseline 0 -17"><span class='ocrx_word' id='word_1_120' title='bbox 179 1967 426 2021; x_wconf 83' lang='lat' dir='ltr'>civitatem</span> <span class='ocrx_word' id='word_1_121' title='bbox 444 1967 635 2036; x_wconf 89' lang='lat' dir='ltr'>ipsam</span> <span class='ocrx_word' id='word_1_122' title='bbox 654 1965 976 2032; x_wconf 89' lang='lat' dir='ltr'>Cameraci;</span> <span class='ocrx_word' id='word_1_123' title='bbox 1003 1968 1209 2037; x_wconf 89' lang='lat' dir='ltr'>sicque</span> <span class='ocrx_word' id='word_1_124' title='bbox 1247 1967 1578 2033; x_wconf 89' lang='lat' dir='ltr'>absolutus,</span> <span class='ocrx_word' id='word_1_125' title='bbox 1618 1967 1804 2020; x_wconf 81' lang='lat' dir='ltr'>fideli-</span> 
     </span>
    </p>
   </div>
   <div class='ocr_carea' id='block_1_21' title="bbox 179 2055 1800 2126">
    <p class='ocr_par' dir='ltr' id='par_1_21' title="bbox 179 2055 1800 2126">
     <span class='ocr_line' id='line_1_21' title="bbox 179 2055 1800 2126; baseline 0 -18"><span class='ocrx_word' id='word_1_126' title='bbox 179 2058 318 2109; x_wconf 87' lang='lat' dir='ltr'>tatem</span> <span class='ocrx_word' id='word_1_127' title='bbox 337 2056 613 2125; x_wconf 87' lang='lat' dir='ltr'>episcopo</span> <span class='ocrx_word' id='word_1_128' title='bbox 628 2056 768 2110; x_wconf 89' lang='lat' dir='ltr'>fecit</span> <span class='ocrx_word' id='word_1_129' title='bbox 785 2057 856 2110; x_wconf 91' lang='lat' dir='ltr'>de</span> <span class='ocrx_word' id='word_1_130' title='bbox 886 2056 1132 2126; x_wconf 83' lang='lat' dir='ltr'>reliquis</span> <span class='ocrx_word' id='word_1_131' title='bbox 1172 2055 1564 2110; x_wconf 72' lang='lat' dir='ltr'>castellaturae</span> <span class='ocrx_word' id='word_1_132' title='bbox 1603 2055 1800 2125; x_wconf 89' lang='lat' dir='ltr'>bonis,</span> 
     </span>
    </p>
   </div>
   <div class='ocr_carea' id='block_1_22' title="bbox 176 2144 818 2198">
    <p class='ocr_par' dir='ltr' id='par_1_22' title="bbox 176 2144 818 2198">
     <span class='ocr_line' id='line_1_22' title="bbox 176 2144 818 2198; baseline 0.002 -2"><span class='ocrx_word' id='word_1_133' title='bbox 176 2146 220 2196; x_wconf 88' lang='lat' dir='ltr'>et</span> <span class='ocrx_word' id='word_1_134' title='bbox 233 2145 348 2197; x_wconf 88' lang='lat' dir='ltr'>inde</span> <span class='ocrx_word' id='word_1_135' title='bbox 377 2144 622 2198; x_wconf 90' lang='lat' dir='ltr'>obsides</span> <span class='ocrx_word' id='word_1_136' title='bbox 639 2144 818 2197; x_wconf 90' lang='lat' dir='ltr'>dedit.</span> 
     </span>
    </p>
   </div>
   <div class='ocr_carea' id='block_1_23' title="bbox 230 2231 1802 2306">
    <p class='ocr_par' dir='ltr' id='par_1_23' title="bbox 230 2231 1802 2306">
     <span class='ocr_line' id='line_1_23' title="bbox 230 2231 1802 2306; baseline 0.004 -22"><span class='ocrx_word' id='word_1_137' title='bbox 230 2231 302 2284; x_wconf 77' lang='lat'>21.</span> <span class='ocrx_word' id='word_1_138' title='bbox 333 2232 471 2285; x_wconf 83' lang='lat' dir='ltr'>Haec</span> <span class='ocrx_word' id='word_1_139' title='bbox 491 2236 690 2286; x_wconf 88' lang='lat' dir='ltr'>autem</span> <span class='ocrx_word' id='word_1_140' title='bbox 710 2232 964 2287; x_wconf 83' lang='lat' dir='ltr'>ﬁdelitas</span> <span class='ocrx_word' id='word_1_141' title='bbox 983 2248 1100 2287; x_wconf 91' lang='lat' dir='ltr'>non</span> <span class='ocrx_word' id='word_1_142' title='bbox 1135 2234 1233 2288; x_wconf 92' lang='lat' dir='ltr'>diu</span> <span class='ocrx_word' id='word_1_143' title='bbox 1274 2238 1366 2289; x_wconf 93' lang='lat' dir='ltr'>est</span> <span class='ocrx_word' id='word_1_144' title='bbox 1401 2236 1472 2290; x_wconf 88' lang='lat' dir='ltr'>ab</span> <span class='ocrx_word' id='word_1_145' title='bbox 1509 2236 1640 2306; x_wconf 88' lang='lat' dir='ltr'>ipso</span> <span class='ocrx_word' id='word_1_146' title='bbox 1675 2236 1802 2290; x_wconf 91' lang='lat' dir='ltr'>Hu-</span> 
     </span>
    </p>
   </div>
   <div class='ocr_carea' id='block_1_24' title="bbox 176 2320 1800 2391">
    <p class='ocr_par' dir='ltr' id='par_1_24' title="bbox 176 2320 1800 2391">
     <span class='ocr_line' id='line_1_24' title="bbox 176 2320 1800 2391; baseline 0.004 -18"><span class='ocrx_word' id='word_1_147' title='bbox 176 2334 299 2390; x_wconf 84' lang='lat' dir='ltr'>gone</span> <span class='ocrx_word' id='word_1_148' title='bbox 319 2321 648 2389; x_wconf 89' lang='lat' dir='ltr'>observata,</span> <span class='ocrx_word' id='word_1_149' title='bbox 680 2322 816 2391; x_wconf 88' lang='lat' dir='ltr'>quia</span> <span class='ocrx_word' id='word_1_150' title='bbox 854 2323 913 2375; x_wconf 91' lang='lat' dir='ltr'>in</span> <span class='ocrx_word' id='word_1_151' title='bbox 959 2320 1238 2376; x_wconf 77' lang='lat' dir='ltr'>natali336</span> <span class='ocrx_word' id='word_1_152' title='bbox 1297 2325 1486 2378; x_wconf 85' lang='lat' dir='ltr'>sancti</span> <span class='ocrx_word' id='word_1_153' title='bbox 1547 2325 1800 2380; x_wconf 83' lang='lat' dir='ltr'>Andreae</span> 
     </span>
    </p>
   </div>
   <div class='ocr_carea' id='block_1_25' title="bbox 169 2408 1803 2483">
    <p class='ocr_par' dir='ltr' id='par_1_25' title="bbox 169 2408 1803 2483">
     <span class='ocr_line' id='line_1_25' title="bbox 169 2408 1803 2483; baseline 0.005 -22"><span class='ocrx_word' id='word_1_154' title='bbox 169 2408 518 2478; x_wconf 83' lang='lat' dir='ltr'>jurejurando</span> <span class='ocrx_word' id='word_1_155' title='bbox 550 2411 930 2480; x_wconf 88' lang='lat' dir='ltr'>promissam,</span> <span class='ocrx_word' id='word_1_156' title='bbox 966 2410 1208 2482; x_wconf 77' lang='lat' dir='ltr'>infregit</span> <span class='ocrx_word' id='word_1_157' title='bbox 1253 2427 1383 2466; x_wconf 90' lang='lat' dir='ltr'>eam</span> <span class='ocrx_word' id='word_1_158' title='bbox 1405 2413 1456 2466; x_wconf 77' lang='grc'>2.</span> <span class='ocrx_word' id='word_1_159' title='bbox 1492 2412 1637 2467; x_wconf 83' lang='lat' dir='ltr'>feria</span> <span class='ocrx_word' id='word_1_160' title='bbox 1667 2419 1803 2483; x_wconf 89' lang='lat' dir='ltr'>post</span> 
     </span>
    </p>
   </div>
   <div class='ocr_carea' id='block_1_26' title="bbox 173 2497 1798 2571">
    <p class='ocr_par' dir='ltr' id='par_1_26' title="bbox 173 2497 1798 2571">
     <span class='ocr_line' id='line_1_26' title="bbox 173 2497 1798 2571; baseline 0.005 -22"><span class='ocrx_word' id='word_1_161' title='bbox 173 2497 378 2566; x_wconf 86' lang='lat' dir='ltr'>palmas.</span> <span class='ocrx_word' id='word_1_162' title='bbox 398 2498 462 2553; x_wconf 90' lang='lat' dir='ltr'>In</span> <span class='ocrx_word' id='word_1_163' title='bbox 495 2499 608 2552; x_wconf 86' lang='lat' dir='ltr'>hac</span> <span class='ocrx_word' id='word_1_164' title='bbox 631 2500 786 2553; x_wconf 91' lang='lat' dir='ltr'>enim</span> <span class='ocrx_word' id='word_1_165' title='bbox 810 2500 956 2553; x_wconf 87' lang='lat' dir='ltr'>feria</span> <span class='ocrx_word' id='word_1_166' title='bbox 981 2500 1227 2570; x_wconf 88' lang='lat' dir='ltr'>majoris</span> <span class='ocrx_word' id='word_1_167' title='bbox 1251 2501 1594 2556; x_wconf 88' lang='lat' dir='ltr'>ebdomadae</span> <span class='ocrx_word' id='word_1_168' title='bbox 1627 2502 1798 2571; x_wconf 79' lang='grc'>(456),</span> 
     </span>
    </p>
   </div>
   <div class='ocr_carea' id='block_1_27' title="bbox 1920 634 3578 708">
    <p class='ocr_par' dir='ltr' id='par_1_27' title="bbox 1920 634 3578 708">
     <span class='ocr_line' id='line_1_27' title="bbox 1920 634 3578 708; baseline 0.004 -21"><span class='ocrx_word' id='word_1_169' title='bbox 1920 634 2197 687; x_wconf 87' lang='lat' dir='ltr'>steriisui</span> <span class='ocrx_word' id='word_1_170' title='bbox 2220 649 2396 703; x_wconf 91' lang='lat' dir='ltr'>opera</span> <span class='ocrx_word' id='word_1_171' title='bbox 2420 636 2758 704; x_wconf 85' lang='lat' dir='ltr'>perficiens.</span> <span class='ocrx_word' id='word_1_172' title='bbox 2808 638 3036 691; x_wconf 80' lang='lat' dir='ltr'>Accidit</span> <span class='ocrx_word' id='word_1_173' title='bbox 3083 642 3295 708; x_wconf 89' lang='lat' dir='ltr'>autem,</span> <span class='ocrx_word' id='word_1_174' title='bbox 3345 643 3407 693; x_wconf 92' lang='lat' dir='ltr'>ut</span> <span class='ocrx_word' id='word_1_175' title='bbox 3445 656 3578 693; x_wconf 90' lang='lat' dir='ltr'>cum</span> 
     </span>
    </p>
   </div>
   <div class='ocr_carea' id='block_1_28' title="bbox 1919 721 3574 795">
    <p class='ocr_par' dir='ltr' id='par_1_28' title="bbox 1919 721 3574 795">
     <span class='ocr_line' id='line_1_28' title="bbox 1919 721 3574 795; baseline 0.006 -21"><span class='ocrx_word' id='word_1_176' title='bbox 1919 721 2100 791; x_wconf 85' lang='lat' dir='ltr'>hujus</span> <span class='ocrx_word' id='word_1_177' title='bbox 2123 722 2345 776; x_wconf 88' lang='lat' dir='ltr'>laboris</span> <span class='ocrx_word' id='word_1_178' title='bbox 2366 725 2648 778; x_wconf 85' lang='lat' dir='ltr'>exercitio</span> <span class='ocrx_word' id='word_1_179' title='bbox 2669 726 2738 778; x_wconf 89' lang='lat' dir='ltr'>ad</span> <span class='ocrx_word' id='word_1_180' title='bbox 2763 726 3054 795; x_wconf 88' lang='lat' dir='ltr'>quandam</span> <span class='ocrx_word' id='word_1_181' title='bbox 3079 727 3272 781; x_wconf 88' lang='lat' dir='ltr'>villam</span> <span class='ocrx_word' id='word_1_182' title='bbox 3311 729 3574 783; x_wconf 84' lang='lat' dir='ltr'>Buricel-</span> 
     </span>
    </p>
   </div>
   <div class='ocr_carea' id='block_1_29' title="bbox 1916 810 3575 887">
    <p class='ocr_par' dir='ltr' id='par_1_29' title="bbox 1916 810 3575 887">
     <span class='ocr_line' id='line_1_29' title="bbox 1916 810 3575 887; baseline 0.007 -25"><span class='ocrx_word' id='word_1_183' title='bbox 1916 810 2036 863; x_wconf 92' lang='lat' dir='ltr'>lum</span> <span class='ocrx_word' id='word_1_184' title='bbox 2052 812 2280 866; x_wconf 89' lang='lat' dir='ltr'>nomine</span> <span class='ocrx_word' id='word_1_185' title='bbox 2297 812 2621 882; x_wconf 81' lang='lat' dir='ltr'>deveniret,</span> <span class='ocrx_word' id='word_1_186' title='bbox 2644 815 3094 884; x_wconf 71' lang='lat' dir='ltr'>aecclesiamque</span> <span class='ocrx_word' id='word_1_187' title='bbox 3110 815 3263 869; x_wconf 86' lang='lat' dir='ltr'>villae</span> <span class='ocrx_word' id='word_1_188' title='bbox 3280 817 3412 887; x_wconf 85' lang='lat' dir='ltr'>ejus</span> <span class='ocrx_word' id='word_1_189' title='bbox 3433 833 3575 873; x_wconf 91' lang='lat' dir='ltr'>con-</span> 
     </span>
    </p>
   </div>
   <div class='ocr_carea' id='block_1_30' title="bbox 1917 901 3578 972">
    <p class='ocr_par' dir='ltr' id='par_1_30' title="bbox 1917 901 3578 972">
     <span class='ocr_line' id='line_1_30' title="bbox 1917 901 3578 972; baseline 0.004 -21"><span class='ocrx_word' id='word_1_190' title='bbox 1917 901 2263 954; x_wconf 86' lang='lat' dir='ltr'>secrandam</span> <span class='ocrx_word' id='word_1_191' title='bbox 2301 902 2695 971; x_wconf 88' lang='lat' dir='ltr'>benediceret,</span> <span class='ocrx_word' id='word_1_192' title='bbox 2739 907 2794 956; x_wconf 89' lang='lat' dir='ltr'>et</span> <span class='ocrx_word' id='word_1_193' title='bbox 2832 907 2967 972; x_wconf 91' lang='lat' dir='ltr'>post</span> <span class='ocrx_word' id='word_1_194' title='bbox 2991 906 3496 958; x_wconf 88' lang='lat' dir='ltr'>consecrationem</span> <span class='ocrx_word' id='word_1_195' title='bbox 3520 906 3578 958; x_wconf 93' lang='lat' dir='ltr'>in</span> 
     </span>
    </p>
   </div>
   <div class='ocr_carea' id='block_1_31' title="bbox 1917 987 3576 1063">
    <p class='ocr_par' dir='ltr' id='par_1_31' title="bbox 1917 987 3576 1063">
     <span class='ocr_line' id='line_1_31' title="bbox 1917 987 3576 1063; baseline 0.005 -24"><span class='ocrx_word' id='word_1_196' title='bbox 1917 987 2332 1042; x_wconf 81' lang='lat' dir='ltr'>confirmandis</span> <span class='ocrx_word' id='word_1_197' title='bbox 2357 991 2528 1043; x_wconf 88' lang='lat' dir='ltr'>etiam</span> <span class='ocrx_word' id='word_1_198' title='bbox 2553 991 2890 1046; x_wconf 91' lang='lat' dir='ltr'>hominibus</span> <span class='ocrx_word' id='word_1_199' title='bbox 2907 989 2986 1033; x_wconf 65' lang='lat'>3-“)</span> <span class='ocrx_word' id='word_1_200' title='bbox 3018 993 3315 1063; x_wconf 87' lang='lat' dir='ltr'>fatigatus,</span> <span class='ocrx_word' id='word_1_201' title='bbox 3359 993 3576 1048; x_wconf 90' lang='lat' dir='ltr'>ibidem</span> 
     </span>
    </p>
   </div>
   <div class='ocr_carea' id='block_1_32' title="bbox 1919 1079 3575 1152">
    <p class='ocr_par' dir='ltr' id='par_1_32' title="bbox 1919 1079 3575 1152">
     <span class='ocr_line' id='line_1_32' title="bbox 1919 1079 3575 1152; baseline 0.005 -24"><span class='ocrx_word' id='word_1_202' title='bbox 1919 1080 2307 1145; x_wconf 83' lang='lat' dir='ltr'>pernoctaret.</span> <span class='ocrx_word' id='word_1_203' title='bbox 2339 1079 2634 1133; x_wconf 86' lang='lat' dir='ltr'>Prefatum</span> <span class='ocrx_word' id='word_1_204' title='bbox 2656 1096 2799 1134; x_wconf 89' lang='lat' dir='ltr'>vero</span> <span class='ocrx_word' id='word_1_205' title='bbox 2825 1081 3133 1152; x_wconf 85' lang='lat' dir='ltr'>Hugonem</span> <span class='ocrx_word' id='word_1_206' title='bbox 3165 1097 3361 1136; x_wconf 86' lang='lat' dir='ltr'>sermo</span> <span class='ocrx_word' id='word_1_207' title='bbox 3394 1080 3575 1152; x_wconf 83' lang='lat' dir='ltr'>hujus</span> 
     </span>
    </p>
   </div>
   <div class='ocr_carea' id='block_1_33' title="bbox 1917 1165 3576 1238">
    <p class='ocr_par' dir='ltr' id='par_1_33' title="bbox 1917 1165 3576 1238">
     <span class='ocr_line' id='line_1_33' title="bbox 1917 1165 3576 1238; baseline 0.004 -21"><span class='ocrx_word' id='word_1_208' title='bbox 1917 1167 2000 1218; x_wconf 87' lang='lat' dir='ltr'>rei</span> <span class='ocrx_word' id='word_1_209' title='bbox 2026 1181 2142 1219; x_wconf 92' lang='lat' dir='ltr'>non</span> <span class='ocrx_word' id='word_1_210' title='bbox 2165 1165 2347 1231; x_wconf 88' lang='lat' dir='ltr'>latuit;</span> <span class='ocrx_word' id='word_1_211' title='bbox 2373 1169 2471 1237; x_wconf 89' lang='lat' dir='ltr'>qui</span> <span class='ocrx_word' id='word_1_212' title='bbox 2495 1170 2754 1238; x_wconf 86' lang='lat' dir='ltr'>acceptis</span> <span class='ocrx_word' id='word_1_213' title='bbox 2778 1185 2983 1223; x_wconf 91' lang='lat' dir='ltr'>secum</span> <span class='ocrx_word' id='word_1_214' title='bbox 3006 1170 3395 1238; x_wconf 85' lang='lat' dir='ltr'>complicibus</span> <span class='ocrx_word' id='word_1_215' title='bbox 3447 1171 3576 1223; x_wconf 90' lang='lat' dir='ltr'>suis</span> 
     </span>
    </p>
   </div>
   <div class='ocr_carea' id='block_1_34' title="bbox 1916 1253 3580 1328">
    <p class='ocr_par' dir='ltr' id='par_1_34' title="bbox 1916 1253 3580 1328">
     <span class='ocr_line' id='line_1_34' title="bbox 1916 1253 3580 1328; baseline 0.004 -22"><span class='ocrx_word' id='word_1_216' title='bbox 1916 1253 1985 1306; x_wconf 88' lang='lat' dir='ltr'>ad</span> <span class='ocrx_word' id='word_1_217' title='bbox 2020 1254 2253 1308; x_wconf 91' lang='lat' dir='ltr'>domum</span> <span class='ocrx_word' id='word_1_218' title='bbox 2285 1255 2442 1309; x_wconf 89' lang='lat' dir='ltr'>illam</span> <span class='ocrx_word' id='word_1_219' title='bbox 2465 1258 2748 1326; x_wconf 87' lang='lat' dir='ltr'>pervenit,</span> <span class='ocrx_word' id='word_1_220' title='bbox 2776 1259 2832 1310; x_wconf 90' lang='lat' dir='ltr'>in</span> <span class='ocrx_word' id='word_1_221' title='bbox 2857 1275 2969 1328; x_wconf 88' lang='lat' dir='ltr'>qua</span> <span class='ocrx_word' id='word_1_222' title='bbox 2987 1257 3110 1328; x_wconf 91' lang='lat' dir='ltr'>jam</span> <span class='ocrx_word' id='word_1_223' title='bbox 3133 1259 3282 1312; x_wconf 86' lang='lat' dir='ltr'>lecto</span> <span class='ocrx_word' id='word_1_224' title='bbox 3304 1261 3580 1328; x_wconf 88' lang='lat' dir='ltr'>receptus</span> 
     </span>
    </p>
   </div>
   <div class='ocr_carea' id='block_1_35' title="bbox 1918 1343 3576 1417">
    <p class='ocr_par' dir='ltr' id='par_1_35' title="bbox 1918 1343 3576 1417">
     <span class='ocr_line' id='line_1_35' title="bbox 1918 1343 3576 1417; baseline 0.003 -22"><span class='ocrx_word' id='word_1_225' title='bbox 1918 1343 2234 1412; x_wconf 86' lang='lat' dir='ltr'>episcopus</span> <span class='ocrx_word' id='word_1_226' title='bbox 2288 1344 2510 1398; x_wconf 76' lang='lat' dir='ltr'>lassata</span> <span class='ocrx_word' id='word_1_227' title='bbox 2560 1346 2821 1400; x_wconf 89' lang='lat' dir='ltr'>membra</span> <span class='ocrx_word' id='word_1_228' title='bbox 2874 1347 3321 1400; x_wconf 88' lang='lat' dir='ltr'>commendabat</span> <span class='ocrx_word' id='word_1_229' title='bbox 3372 1347 3576 1417; x_wconf 85' lang='lat' dir='ltr'>quieti.</span> 
     </span>
    </p>
   </div>
   <div class='ocr_carea' id='block_1_36' title="bbox 1919 1431 3575 1504">
    <p class='ocr_par' dir='ltr' id='par_1_36' title="bbox 1919 1431 3575 1504">
     <span class='ocr_line' id='line_1_36' title="bbox 1919 1431 3575 1504; baseline 0.001 -18"><span class='ocrx_word' id='word_1_230' title='bbox 1919 1433 2145 1486; x_wconf 86' lang='lat' dir='ltr'>Fractis</span> <span class='ocrx_word' id='word_1_231' title='bbox 2168 1431 2244 1473; x_wconf 18' lang='lat' dir='ltr'>3A“</span> <span class='ocrx_word' id='word_1_232' title='bbox 2265 1434 2475 1487; x_wconf 90' lang='lat' dir='ltr'>domus</span> <span class='ocrx_word' id='word_1_233' title='bbox 2499 1434 2681 1504; x_wconf 86' lang='lat' dir='ltr'>hujus</span> <span class='ocrx_word' id='word_1_234' title='bbox 2705 1436 2896 1504; x_wconf 91' lang='lat' dir='ltr'>ostiis,</span> <span class='ocrx_word' id='word_1_235' title='bbox 2919 1438 2974 1488; x_wconf 93' lang='lat' dir='ltr'>et</span> <span class='ocrx_word' id='word_1_236' title='bbox 3013 1436 3368 1504; x_wconf 89' lang='lat' dir='ltr'>quibusdam</span> <span class='ocrx_word' id='word_1_237' title='bbox 3419 1436 3575 1489; x_wconf 85' lang='lat' dir='ltr'>resi-</span> 
     </span>
    </p>
   </div>
   <div class='ocr_carea' id='block_1_37' title="bbox 1918 1522 3578 1593">
    <p class='ocr_par' dir='ltr' id='par_1_37' title="bbox 1918 1522 3578 1593">
     <span class='ocr_line' id='line_1_37' title="bbox 1918 1522 3578 1593; baseline 0.002 -19"><span class='ocrx_word' id='word_1_238' title='bbox 1918 1523 2210 1575; x_wconf 91' lang='lat' dir='ltr'>stentibus</span> <span class='ocrx_word' id='word_1_239' title='bbox 2227 1523 2573 1590; x_wconf 88' lang='lat' dir='ltr'>interfectis,</span> <span class='ocrx_word' id='word_1_240' title='bbox 2591 1525 2856 1593; x_wconf 87' lang='lat' dir='ltr'>pervenit</span> <span class='ocrx_word' id='word_1_241' title='bbox 2870 1525 2938 1576; x_wconf 88' lang='lat' dir='ltr'>ad</span> <span class='ocrx_word' id='word_1_242' title='bbox 2956 1539 3266 1591; x_wconf 87' lang='lat' dir='ltr'>cameram,</span> <span class='ocrx_word' id='word_1_243' title='bbox 3284 1525 3343 1576; x_wconf 92' lang='lat' dir='ltr'>in</span> <span class='ocrx_word' id='word_1_244' title='bbox 3363 1540 3477 1593; x_wconf 88' lang='lat' dir='ltr'>qua</span> <span class='ocrx_word' id='word_1_245' title='bbox 3494 1522 3578 1567; x_wconf 61' lang='lat'><strong>342</strong></span> 
     </span>
    </p>
   </div>
   <div class='ocr_carea' id='block_1_38' title="bbox 1919 1611 3579 1681">
    <p class='ocr_par' dir='ltr' id='par_1_38' title="bbox 1919 1611 3579 1681">
     <span class='ocr_line' id='line_1_38' title="bbox 1919 1611 3579 1681; baseline 0.001 -17"><span class='ocrx_word' id='word_1_246' title='bbox 1919 1611 2184 1679; x_wconf 86' lang='lat' dir='ltr'>pontifex</span> <span class='ocrx_word' id='word_1_247' title='bbox 2207 1612 2502 1674; x_wconf 81' lang='lat' dir='ltr'>cubitabat</span> <span class='ocrx_word' id='word_1_248' title='bbox 2533 1627 2664 1664; x_wconf 91' lang='lat' dir='ltr'>eum</span> <span class='ocrx_word' id='word_1_249' title='bbox 2689 1612 2968 1665; x_wconf 74' lang='lat' dir='ltr'>VViboldo</span> <span class='ocrx_word' id='word_1_250' title='bbox 3016 1614 3317 1681; x_wconf 88' lang='lat' dir='ltr'>preposito</span> <span class='ocrx_word' id='word_1_251' title='bbox 3353 1628 3477 1665; x_wconf 88' lang='lat' dir='ltr'>suo</span> <span class='ocrx_word' id='word_1_252' title='bbox 3522 1615 3579 1666; x_wconf 91' lang='lat' dir='ltr'>et</span> 
     </span>
    </p>
   </div>
   <div class='ocr_carea' id='block_1_39' title="bbox 1919 1699 3576 1768">
    <p class='ocr_par' dir='ltr' id='par_1_39' title="bbox 1919 1699 3576 1768">
     <span class='ocr_line' id='line_1_39' title="bbox 1919 1699 3576 1768; baseline 0.002 -16"><span class='ocrx_word' id='word_1_253' title='bbox 1919 1699 2242 1768; x_wconf 88' lang='lat' dir='ltr'>capellanis</span> <span class='ocrx_word' id='word_1_254' title='bbox 2268 1700 2416 1753; x_wconf 89' lang='lat' dir='ltr'>suis.</span> <span class='ocrx_word' id='word_1_255' title='bbox 2436 1700 2708 1753; x_wconf 89' lang='lat' dir='ltr'>Sentiens</span> <span class='ocrx_word' id='word_1_256' title='bbox 2734 1700 3054 1755; x_wconf 74' lang='lat' dir='ltr'>&#39;Wiboldus</span> <span class='ocrx_word' id='word_1_257' title='bbox 3087 1699 3254 1754; x_wconf 86' lang='lat' dir='ltr'>dolos</span> <span class='ocrx_word' id='word_1_258' title='bbox 3268 1704 3324 1755; x_wconf 89' lang='lat' dir='ltr'>et</span> <span class='ocrx_word' id='word_1_259' title='bbox 3347 1702 3576 1755; x_wconf 88' lang='lat' dir='ltr'>violen—</span> 
     </span>
    </p>
   </div>
   <div class='ocr_carea' id='block_1_40' title="bbox 1915 1788 3578 1859">
    <p class='ocr_par' dir='ltr' id='par_1_40' title="bbox 1915 1788 3578 1859">
     <span class='ocr_line' id='line_1_40' title="bbox 1915 1788 3578 1859; baseline 0.002 -19"><span class='ocrx_word' id='word_1_260' title='bbox 1915 1788 2053 1840; x_wconf 87' lang='lat' dir='ltr'>tiam</span> <span class='ocrx_word' id='word_1_261' title='bbox 2067 1788 2432 1858; x_wconf 85' lang='lat' dir='ltr'>hujusmodi,</span> <span class='ocrx_word' id='word_1_262' title='bbox 2459 1789 2610 1841; x_wconf 89' lang='lat' dir='ltr'>ostio</span> <span class='ocrx_word' id='word_1_263' title='bbox 2634 1804 2884 1842; x_wconf 85' lang='lat' dir='ltr'>camerae</span> <span class='ocrx_word' id='word_1_264' title='bbox 2907 1789 3076 1859; x_wconf 86' lang='lat' dir='ltr'>quasi</span> <span class='ocrx_word' id='word_1_265' title='bbox 3110 1805 3213 1858; x_wconf 88' lang='lat' dir='ltr'>pro</span> <span class='ocrx_word' id='word_1_266' title='bbox 3243 1789 3410 1843; x_wconf 88' lang='lat' dir='ltr'>obice</span> <span class='ocrx_word' id='word_1_267' title='bbox 3439 1805 3578 1844; x_wconf 91' lang='lat' dir='ltr'>sese</span> 
     </span>
    </p>
   </div>
   <div class='ocr_carea' id='block_1_41' title="bbox 1916 1877 3575 1948">
    <p class='ocr_par' dir='ltr' id='par_1_41' title="bbox 1916 1877 3575 1948">
     <span class='ocr_line' id='line_1_41' title="bbox 1916 1877 3575 1948; baseline 0 -16"><span class='ocrx_word' id='word_1_268' title='bbox 1916 1877 2339 1948; x_wconf 84' lang='lat' dir='ltr'>opposuit;sed</span> <span class='ocrx_word' id='word_1_269' title='bbox 2357 1893 2509 1931; x_wconf 90' lang='lat' dir='ltr'>unus</span> <span class='ocrx_word' id='word_1_270' title='bbox 2549 1877 2822 1946; x_wconf 87' lang='lat' dir='ltr'>pluribus</span> <span class='ocrx_word' id='word_1_271' title='bbox 2865 1879 3151 1931; x_wconf 85' lang='lat' dir='ltr'>resistere</span> <span class='ocrx_word' id='word_1_272' title='bbox 3199 1893 3315 1932; x_wconf 93' lang='lat' dir='ltr'>non</span> <span class='ocrx_word' id='word_1_273' title='bbox 3347 1879 3575 1946; x_wconf 89' lang='lat' dir='ltr'>valens,</span> 
     </span>
    </p>
   </div>
   <div class='ocr_carea' id='block_1_42' title="bbox 1914 1966 3572 2036">
    <p class='ocr_par' dir='ltr' id='par_1_42' title="bbox 1914 1966 3572 2036">
     <span class='ocr_line' id='line_1_42' title="bbox 1914 1966 3572 2036; baseline -0.001 -16"><span class='ocrx_word' id='word_1_274' title='bbox 1914 1969 2099 2022; x_wconf 87' lang='lat' dir='ltr'>fracto</span> <span class='ocrx_word' id='word_1_275' title='bbox 2115 1968 2264 2022; x_wconf 90' lang='lat' dir='ltr'>ostio</span> <span class='ocrx_word' id='word_1_276' title='bbox 2292 1967 2364 2020; x_wconf 91' lang='lat' dir='ltr'>ab</span> <span class='ocrx_word' id='word_1_277' title='bbox 2397 1968 2526 2036; x_wconf 92' lang='lat' dir='ltr'>ipso</span> <span class='ocrx_word' id='word_1_278' title='bbox 2579 1966 2830 2036; x_wconf 84' lang='lat' dir='ltr'>llugone</span> <span class='ocrx_word' id='word_1_279' title='bbox 2859 1967 3246 2034; x_wconf 88' lang='lat' dir='ltr'>interemptus</span> <span class='ocrx_word' id='word_1_280' title='bbox 3277 1966 3572 2020; x_wconf 89' lang='lat' dir='ltr'>occubuit.</span> 
     </span>
    </p>
   </div>
   <div class='ocr_carea' id='block_1_43' title="bbox 1913 2056 3571 2126">
    <p class='ocr_par' dir='ltr' id='par_1_43' title="bbox 1913 2056 3571 2126">
     <span class='ocr_line' id='line_1_43' title="bbox 1913 2056 3571 2126; baseline -0.001 -16"><span class='ocrx_word' id='word_1_281' title='bbox 1913 2056 2178 2126; x_wconf 92' lang='lat' dir='ltr'>Denique</span> <span class='ocrx_word' id='word_1_282' title='bbox 2192 2056 2733 2126; x_wconf 89' lang='lat' dir='ltr'>episcopum,sicut</span> <span class='ocrx_word' id='word_1_283' title='bbox 2760 2057 2818 2108; x_wconf 90' lang='lat' dir='ltr'>in</span> <span class='ocrx_word' id='word_1_284' title='bbox 2849 2056 2999 2110; x_wconf 92' lang='lat' dir='ltr'>lecto</span> <span class='ocrx_word' id='word_1_285' title='bbox 3029 2056 3286 2125; x_wconf 86' lang='lat' dir='ltr'>jacebat,</span> <span class='ocrx_word' id='word_1_286' title='bbox 3323 2071 3457 2108; x_wconf 93' lang='lat' dir='ltr'>cum</span> <span class='ocrx_word' id='word_1_287' title='bbox 3478 2072 3571 2108; x_wconf 87' lang='lat' dir='ltr'>ca-</span> 
     </span>
    </p>
   </div>
   <div class='ocr_carea' id='block_1_44' title="bbox 1911 2144 3574 2199">
    <p class='ocr_par' dir='ltr' id='par_1_44' title="bbox 1911 2144 3574 2199">
     <span class='ocr_line' id='line_1_44' title="bbox 1911 2144 3574 2199; baseline -0.002 -1"><span class='ocrx_word' id='word_1_288' title='bbox 1911 2146 2084 2199; x_wconf 91' lang='lat' dir='ltr'>misia</span> <span class='ocrx_word' id='word_1_289' title='bbox 2107 2148 2325 2199; x_wconf 88' lang='lat' dir='ltr'>tantum</span> <span class='ocrx_word' id='word_1_290' title='bbox 2347 2144 2444 2198; x_wconf 90' lang='lat' dir='ltr'>ille</span> <span class='ocrx_word' id='word_1_291' title='bbox 2473 2146 2722 2198; x_wconf 88' lang='lat' dir='ltr'>insanus</span> <span class='ocrx_word' id='word_1_292' title='bbox 2741 2145 3033 2198; x_wconf 89' lang='lat' dir='ltr'>homicida</span> <span class='ocrx_word' id='word_1_293' title='bbox 3056 2161 3171 2198; x_wconf 91' lang='lat' dir='ltr'>non</span> <span class='ocrx_word' id='word_1_294' title='bbox 3192 2145 3384 2198; x_wconf 90' lang='lat' dir='ltr'>timuit</span> <span class='ocrx_word' id='word_1_295' title='bbox 3415 2145 3574 2198; x_wconf 86' lang='lat' dir='ltr'>acci-</span> 
     </span>
    </p>
   </div>
   <div class='ocr_carea' id='block_1_45' title="bbox 1910 2233 3575 2303">
    <p class='ocr_par' dir='ltr' id='par_1_45' title="bbox 1910 2233 3575 2303">
     <span class='ocr_line' id='line_1_45' title="bbox 1910 2233 3575 2303; baseline -0.002 -15"><span class='ocrx_word' id='word_1_296' title='bbox 1910 2250 2072 2303; x_wconf 85' lang='lat' dir='ltr'>perc,</span> <span class='ocrx_word' id='word_1_297' title='bbox 2099 2234 2244 2288; x_wconf 88' lang='lat' dir='ltr'>etad</span> <span class='ocrx_word' id='word_1_298' title='bbox 2293 2233 2556 2287; x_wconf 89' lang='lat' dir='ltr'>Oiseium</span> <span class='ocrx_word' id='word_1_299' title='bbox 2601 2233 2982 2301; x_wconf 88' lang='lat' dir='ltr'>municipium</span> <span class='ocrx_word' id='word_1_300' title='bbox 3031 2248 3204 2286; x_wconf 91' lang='lat' dir='ltr'>suum</span> <span class='ocrx_word' id='word_1_301' title='bbox 3248 2233 3324 2284; x_wconf 87' lang='lat' dir='ltr'>ita</span> <span class='ocrx_word' id='word_1_302' title='bbox 3355 2233 3575 2285; x_wconf 90' lang='lat' dir='ltr'>nudum</span> 
     </span>
    </p>
   </div>
   <div class='ocr_carea' id='block_1_46' title="bbox 1909 2321 3357 2392">
    <p class='ocr_par' dir='ltr' id='par_1_46' title="bbox 1909 2321 3357 2392">
     <span class='ocr_line' id='line_1_46' title="bbox 1909 2321 3357 2392; baseline -0.002 -16"><span class='ocrx_word' id='word_1_303' title='bbox 1909 2325 2240 2392; x_wconf 87' lang='lat' dir='ltr'>asportare,</span> <span class='ocrx_word' id='word_1_304' title='bbox 2277 2322 2664 2390; x_wconf 84' lang='lat' dir='ltr'>clausumque</span> <span class='ocrx_word' id='word_1_305' title='bbox 2691 2321 2746 2374; x_wconf 90' lang='lat' dir='ltr'>in</span> <span class='ocrx_word' id='word_1_306' title='bbox 2780 2321 3047 2374; x_wconf 88' lang='lat' dir='ltr'>custodia</span> <span class='ocrx_word' id='word_1_307' title='bbox 3081 2322 3357 2374; x_wconf 87' lang='lat' dir='ltr'>retinere.</span> 
     </span>
    </p>
   </div>
   <div class='ocr_carea' id='block_1_47' title="bbox 1977 2408 3573 2481">
    <p class='ocr_par' dir='ltr' id='par_1_47' title="bbox 1977 2408 3573 2481">
     <span class='ocr_line' id='line_1_47' title="bbox 1977 2408 3573 2481; baseline -0.003 -15"><span class='ocrx_word' id='word_1_308' title='bbox 1977 2410 2263 2481; x_wconf 72' lang='lat' dir='ltr'>23.(Cap.</span> <span class='ocrx_word' id='word_1_309' title='bbox 2311 2408 2426 2479; x_wconf 80' lang='lat'>&#39;76.)</span> <span class='ocrx_word' id='word_1_310' title='bbox 2478 2410 2602 2463; x_wconf 89' lang='lat' dir='ltr'>Hac</span> <span class='ocrx_word' id='word_1_311' title='bbox 2660 2410 2843 2479; x_wconf 80' lang='lat' dir='ltr'>igitur</span> <span class='ocrx_word' id='word_1_312' title='bbox 2884 2410 3036 2462; x_wconf 86' lang='lat' dir='ltr'>fama</span> <span class='ocrx_word' id='word_1_313' title='bbox 3058 2408 3344 2462; x_wconf 85' lang='lat' dir='ltr'>Arnulfus</span> <span class='ocrx_word' id='word_1_314' title='bbox 3373 2423 3573 2464; x_wconf 90' lang='lat' dir='ltr'>comes</span> 
     </span>
    </p>
   </div>
   <div class='ocr_carea' id='block_1_48' title="bbox 1917 2496 3571 2567">
    <p class='ocr_par' dir='ltr' id='par_1_48' title="bbox 1917 2496 3571 2567">
     <span class='ocr_line' id='line_1_48' title="bbox 1917 2496 3571 2567; baseline -0.003 -14"><span class='ocrx_word' id='word_1_315' title='bbox 1917 2500 2323 2567; x_wconf 87' lang='lat' dir='ltr'>Flandrensis,</span> <span class='ocrx_word' id='word_1_316' title='bbox 2349 2502 2405 2553; x_wconf 91' lang='lat' dir='ltr'>et</span> <span class='ocrx_word' id='word_1_317' title='bbox 2425 2498 2673 2567; x_wconf 89' lang='lat' dir='ltr'>materej</span> <span class='ocrx_word' id='word_1_318' title='bbox 2685 2514 2755 2550; x_wconf 91' lang='lat' dir='ltr'>us</span> <span class='ocrx_word' id='word_1_319' title='bbox 2778 2496 3081 2550; x_wconf 79' lang='lat' dir='ltr'>Richeldis</span> <span class='ocrx_word' id='word_1_320' title='bbox 3114 2497 3370 2567; x_wconf 81' lang='lat' dir='ltr'>excitati,</span> <span class='ocrx_word' id='word_1_321' title='bbox 3406 2512 3571 2551; x_wconf 90' lang='lat' dir='ltr'>sum-</span> 
     </span>
    </p>
   </div>
   <div class='ocr_carea' id='block_1_49' title="bbox 177 2585 3568 2660">
    <p class='ocr_par' dir='ltr' id='par_1_49' title="bbox 177 2585 3568 2660">
     <span class='ocr_line' id='line_1_49' title="bbox 177 2585 3568 2660; baseline 0.001 -23"><span class='ocrx_word' id='word_1_322' title='bbox 177 2587 522 2641; x_wconf 79' lang='lat' dir='ltr'>Atrewasiam</span> <span class='ocrx_word' id='word_1_323' title='bbox 546 2587 692 2657; x_wconf 73' lang='grc'>(457)</span> <span class='ocrx_word' id='word_1_324' title='bbox 716 2589 929 2642; x_wconf 88' lang='lat' dir='ltr'>silvam</span> <span class='ocrx_word' id='word_1_325' title='bbox 950 2591 1235 2658; x_wconf 89' lang='lat' dir='ltr'>penetrat,</span> <span class='ocrx_word' id='word_1_326' title='bbox 1260 2591 1318 2642; x_wconf 90' lang='lat' dir='ltr'>et</span> <span class='ocrx_word' id='word_1_327' title='bbox 1346 2590 1540 2644; x_wconf 88' lang='lat' dir='ltr'>omnia</span> <span class='ocrx_word' id='word_1_328' title='bbox 1571 2607 1704 2660; x_wconf 80' lang='lat' dir='ltr'>quae</span> <span class='ocrx_word' id='word_1_329' title='bbox 1717 2591 1798 2645; x_wconf 89' lang='lat' dir='ltr'>ibi</span> <span class='ocrx_word' id='word_1_330' title='bbox 1832 2595 1877 2658; x_wconf 88' lang='lat' dir='ltr'>C</span> <span class='ocrx_word' id='word_1_331' title='bbox 1914 2589 2029 2658; x_wconf 87' lang='lat' dir='ltr'>ptis</span> <span class='ocrx_word' id='word_1_332' title='bbox 2043 2588 2327 2642; x_wconf 90' lang='lat' dir='ltr'>militibus</span> <span class='ocrx_word' id='word_1_333' title='bbox 2348 2589 2475 2642; x_wconf 89' lang='lat' dir='ltr'>suis</span> <span class='ocrx_word' id='word_1_334' title='bbox 2497 2588 2771 2640; x_wconf 87' lang='lat' dir='ltr'>continuo</span> <span class='ocrx_word' id='word_1_335' title='bbox 2787 2587 2959 2639; x_wconf 88' lang='lat' dir='ltr'>ambo</span> <span class='ocrx_word' id='word_1_336' title='bbox 2974 2587 3044 2639; x_wconf 90' lang='lat' dir='ltr'>ad</span> <span class='ocrx_word' id='word_1_337' title='bbox 3059 2585 3320 2639; x_wconf 91' lang='lat' dir='ltr'>Oiseium</span> <span class='ocrx_word' id='word_1_338' title='bbox 3334 2601 3568 2653; x_wconf 87' lang='lat' dir='ltr'>venere,</span> 
     </span>
    </p>
   </div>
   <div class='ocr_carea' id='block_1_50' title="bbox 173 2675 1796 2750">
    <p class='ocr_par' dir='ltr' id='par_1_50' title="bbox 173 2675 1796 2750">
     <span class='ocr_line' id='line_1_50' title="bbox 173 2675 1796 2750; baseline 0.005 -26"><span class='ocrx_word' id='word_1_339' title='bbox 173 2676 389 2743; x_wconf 82' lang='lat' dir='ltr'>repperit</span> <span class='ocrx_word' id='word_1_340' title='bbox 410 2676 685 2745; x_wconf 87' lang='lat' dir='ltr'>jumenta</span> <span class='ocrx_word' id='word_1_341' title='bbox 743 2675 1281 2747; x_wconf 89' lang='lat' dir='ltr'>Cameracensium,</span> <span class='ocrx_word' id='word_1_342' title='bbox 1335 2679 1525 2732; x_wconf 88' lang='lat' dir='ltr'>ablata</span> <span class='ocrx_word' id='word_1_343' title='bbox 1573 2679 1796 2750; x_wconf 87' lang='lat' dir='ltr'>injuste</span> 
     </span>
    </p>
   </div>
   <div class='ocr_carea' id='block_1_51' title="bbox 171 2762 1794 2836">
    <p class='ocr_par' dir='ltr' id='par_1_51' title="bbox 171 2762 1794 2836">
     <span class='ocr_line' id='line_1_51' title="bbox 171 2762 1794 2836; baseline 0.005 -23"><span class='ocrx_word' id='word_1_344' title='bbox 171 2762 371 2816; x_wconf 74' lang='lat' dir='ltr'>abduxit</span> <span class='ocrx_word' id='word_1_345' title='bbox 390 2779 619 2817; x_wconf 91' lang='lat' dir='ltr'>secum.</span> <span class='ocrx_word' id='word_1_346' title='bbox 639 2763 750 2828; x_wconf 87' lang='lat' dir='ltr'>Qui</span> <span class='ocrx_word' id='word_1_347' title='bbox 774 2781 906 2817; x_wconf 92' lang='lat' dir='ltr'>cum</span> <span class='ocrx_word' id='word_1_348' title='bbox 935 2766 1160 2834; x_wconf 89' lang='lat' dir='ltr'>saepius</span> <span class='ocrx_word' id='word_1_349' title='bbox 1205 2769 1547 2820; x_wconf 89' lang='lat' dir='ltr'>moneretur</span> <span class='ocrx_word' id='word_1_350' title='bbox 1565 2767 1636 2820; x_wconf 90' lang='lat' dir='ltr'>ab</span> <span class='ocrx_word' id='word_1_351' title='bbox 1669 2768 1794 2836; x_wconf 86' lang='lat' dir='ltr'>cpi-</span> 
     </span>
    </p>
   </div>
   <div class='ocr_carea' id='block_1_52' title="bbox 173 2851 1796 2924">
    <p class='ocr_par' dir='ltr' id='par_1_52' title="bbox 173 2851 1796 2924">
     <span class='ocr_line' id='line_1_52' title="bbox 173 2851 1796 2924; baseline 0.004 -22"><span class='ocrx_word' id='word_1_352' title='bbox 173 2865 318 2918; x_wconf 87' lang='lat' dir='ltr'>scopo</span> <span class='ocrx_word' id='word_1_353' title='bbox 338 2851 391 2904; x_wconf 90' lang='lat' dir='ltr'>in</span> <span class='ocrx_word' id='word_1_354' title='bbox 414 2851 692 2906; x_wconf 84' lang='lat' dir='ltr'>ﬁdelitate</span> <span class='ocrx_word' id='word_1_355' title='bbox 706 2851 922 2922; x_wconf 88' lang='lat' dir='ltr'>jurata,</span> <span class='ocrx_word' id='word_1_356' title='bbox 948 2857 1010 2906; x_wconf 91' lang='lat' dir='ltr'>ut</span> <span class='ocrx_word' id='word_1_357' title='bbox 1030 2869 1096 2907; x_wconf 90' lang='lat' dir='ltr'>ea</span> <span class='ocrx_word' id='word_1_358' title='bbox 1119 2853 1412 2924; x_wconf 87' lang='lat' dir='ltr'>redderet,</span> <span class='ocrx_word' id='word_1_359' title='bbox 1458 2856 1662 2922; x_wconf 90' lang='lat' dir='ltr'>noluit,</span> <span class='ocrx_word' id='word_1_360' title='bbox 1688 2855 1796 2909; x_wconf 91' lang='lat' dir='ltr'>sed</span> 
     </span>
    </p>
   </div>
   <div class='ocr_carea' id='block_1_53' title="bbox 171 2938 1791 3016">
    <p class='ocr_par' dir='ltr' id='par_1_53' title="bbox 171 2938 1791 3016">
     <span class='ocr_line' id='line_1_53' title="bbox 171 2938 1791 3016; baseline 0.007 -26"><span class='ocrx_word' id='word_1_361' title='bbox 171 2938 277 2992; x_wconf 80' lang='lat' dir='ltr'>etin</span> <span class='ocrx_word' id='word_1_362' title='bbox 302 2940 422 3008; x_wconf 91' lang='lat' dir='ltr'>ipso</span> <span class='ocrx_word' id='word_1_363' title='bbox 443 2941 842 2996; x_wconf 86' lang='lat' dir='ltr'>absolutionis</span> <span class='ocrx_word' id='word_1_364' title='bbox 865 2941 977 3011; x_wconf 91' lang='lat' dir='ltr'>die,</span> <span class='ocrx_word' id='word_1_365' title='bbox 1004 2943 1103 3011; x_wconf 87' lang='lat' dir='ltr'>qui</span> <span class='ocrx_word' id='word_1_366' title='bbox 1132 2948 1223 2997; x_wconf 88' lang='lat' dir='ltr'>est</span> <span class='ocrx_word' id='word_1_367' title='bbox 1251 2946 1385 2997; x_wconf 89' lang='lat' dir='ltr'>ante</span> <span class='ocrx_word' id='word_1_368' title='bbox 1406 2959 1791 3016; x_wconf 87' lang='lat' dir='ltr'>parasceven,</span> 
     </span>
    </p>
   </div>
   <div class='ocr_carea' id='block_1_54' title="bbox 168 3026 1794 3106">
    <p class='ocr_par' dir='ltr' id='par_1_54' title="bbox 168 3026 1794 3106">
     <span class='ocr_line' id='line_1_54' title="bbox 168 3026 1794 3106; baseline 0.006 -28"><span class='ocrx_word' id='word_1_369' title='bbox 168 3026 510 3083; x_wconf 84' lang='lat' dir='ltr'>difﬁdentiam</span> <span class='ocrx_word' id='word_1_370' title='bbox 535 3027 685 3098; x_wconf 73' lang='grc'>(458)</span> <span class='ocrx_word' id='word_1_371' title='bbox 712 3030 949 3084; x_wconf 90' lang='lat' dir='ltr'>domino</span> <span class='ocrx_word' id='word_1_372' title='bbox 984 3046 1095 3085; x_wconf 91' lang='lat' dir='ltr'>suo</span> <span class='ocrx_word' id='word_1_373' title='bbox 1144 3033 1460 3088; x_wconf 85' lang='lat' dir='ltr'>mandavit.</span> <span class='ocrx_word' id='word_1_374' title='bbox 1503 3034 1668 3106; x_wconf 87' lang='lat' dir='ltr'>(Cap.</span> <span class='ocrx_word' id='word_1_375' title='bbox 1703 3034 1794 3104; x_wconf 87' lang='lat'>75)</span> 
     </span>
    </p>
   </div>
   <div class='ocr_carea' id='block_1_55' title="bbox 165 3113 1788 3191">
    <p class='ocr_par' dir='ltr' id='par_1_55' title="bbox 165 3113 1788 3191">
     <span class='ocr_line' id='line_1_55' title="bbox 165 3113 1788 3191; baseline 0.006 -23"><span class='ocrx_word' id='word_1_376' title='bbox 165 3113 738 3173; x_wconf 85' lang='lat' dir='ltr'>PosteaCameracum</span> <span class='ocrx_word' id='word_1_377' title='bbox 764 3119 1208 3191; x_wconf 88' lang='lat' dir='ltr'>derelinquens,</span> <span class='ocrx_word' id='word_1_378' title='bbox 1241 3122 1481 3176; x_wconf 89' lang='lat' dir='ltr'>divertit</span> <span class='ocrx_word' id='word_1_379' title='bbox 1510 3123 1584 3176; x_wconf 88' lang='lat' dir='ltr'>ad</span> <span class='ocrx_word' id='word_1_380' title='bbox 1616 3123 1788 3178; x_wconf 93' lang='lat' dir='ltr'>Oise-</span> 
     </span>
    </p>
   </div>
   <div class='ocr_carea' id='block_1_56' title="bbox 166 3204 1789 3281">
    <p class='ocr_par' dir='ltr' id='par_1_56' title="bbox 166 3204 1789 3281">
     <span class='ocr_line' id='line_1_56' title="bbox 166 3204 1789 3281; baseline 0.006 -25"><span class='ocrx_word' id='word_1_381' title='bbox 166 3205 260 3257; x_wconf 88' lang='lat' dir='ltr'>ium</span> <span class='ocrx_word' id='word_1_382' title='bbox 277 3204 433 3275; x_wconf 79' lang='grc'>(459),</span> <span class='ocrx_word' id='word_1_383' title='bbox 467 3207 807 3278; x_wconf 89' lang='lat' dir='ltr'>malumque</span> <span class='ocrx_word' id='word_1_384' title='bbox 828 3205 906 3250; x_wconf 79' lang='lat'>337</span> <span class='ocrx_word' id='word_1_385' title='bbox 929 3210 1086 3279; x_wconf 90' lang='lat' dir='ltr'>quod</span> <span class='ocrx_word' id='word_1_386' title='bbox 1107 3211 1292 3278; x_wconf 88' lang='lat' dir='ltr'>potuit</span> <span class='ocrx_word' id='word_1_387' title='bbox 1316 3211 1469 3265; x_wconf 91' lang='lat' dir='ltr'>sicut</span> <span class='ocrx_word' id='word_1_388' title='bbox 1515 3211 1789 3281; x_wconf 89' lang='lat' dir='ltr'>primitus</span> 
     </span>
    </p>
   </div>
   <div class='ocr_carea' id='block_1_57' title="bbox 163 3290 1794 3369">
    <p class='ocr_par' dir='ltr' id='par_1_57' title="bbox 163 3290 1794 3369">
     <span class='ocr_line' id='line_1_57' title="bbox 163 3290 1794 3369; baseline 0.006 -24"><span class='ocrx_word' id='word_1_389' title='bbox 163 3290 326 3348; x_wconf 87' lang='lat' dir='ltr'>facere</span> <span class='ocrx_word' id='word_1_390' title='bbox 356 3297 613 3352; x_wconf 87' lang='lat' dir='ltr'>instituit</span> <span class='ocrx_word' id='word_1_391' title='bbox 641 3298 959 3354; x_wconf 87' lang='lat' dir='ltr'>adversum</span> <span class='ocrx_word' id='word_1_392' title='bbox 993 3296 1074 3340; x_wconf 79' lang='lat'>338</span> <span class='ocrx_word' id='word_1_393' title='bbox 1106 3300 1469 3369; x_wconf 88' lang='lat' dir='ltr'>episcopum.</span> <span class='ocrx_word' id='word_1_394' title='bbox 1495 3300 1794 3354; x_wconf 88' lang='lat' dir='ltr'>Mandavit</span> 
     </span>
    </p>
   </div>
   <div class='ocr_carea' id='block_1_58' title="bbox 164 3382 1792 3459">
    <p class='ocr_par' dir='ltr' id='par_1_58' title="bbox 164 3382 1792 3459">
     <span class='ocr_line' id='line_1_58' title="bbox 164 3382 1792 3459; baseline 0.008 -28"><span class='ocrx_word' id='word_1_395' title='bbox 164 3382 310 3450; x_wconf 81' lang='lat' dir='ltr'>igitur</span> <span class='ocrx_word' id='word_1_396' title='bbox 327 3386 648 3455; x_wconf 89' lang='lat' dir='ltr'>episcopus</span> <span class='ocrx_word' id='word_1_397' title='bbox 670 3387 723 3440; x_wconf 91' lang='lat' dir='ltr'>ei</span> <span class='ocrx_word' id='word_1_398' title='bbox 749 3403 868 3441; x_wconf 92' lang='lat' dir='ltr'>non</span> <span class='ocrx_word' id='word_1_399' title='bbox 880 3388 1062 3442; x_wconf 83' lang='lat' dir='ltr'>semel</span> <span class='ocrx_word' id='word_1_400' title='bbox 1081 3389 1182 3440; x_wconf 73' lang='lat' dir='ltr'>sed</span> <span class='ocrx_word' id='word_1_401' title='bbox 1211 3389 1343 3457; x_wconf 88' lang='lat' dir='ltr'>plus</span> <span class='ocrx_word' id='word_1_402' title='bbox 1366 3389 1495 3443; x_wconf 89' lang='lat' dir='ltr'>vice</span> <span class='ocrx_word' id='word_1_403' title='bbox 1520 3391 1707 3459; x_wconf 89' lang='lat' dir='ltr'>tertia,</span> <span class='ocrx_word' id='word_1_404' title='bbox 1730 3394 1792 3444; x_wconf 92' lang='lat' dir='ltr'>ut</span> 
     </span>
    </p>
   </div>
   <div class='ocr_carea' id='block_1_59' title="bbox 163 3474 1792 3548">
    <p class='ocr_par' dir='ltr' id='par_1_59' title="bbox 163 3474 1792 3548">
     <span class='ocr_line' id='line_1_59' title="bbox 163 3474 1792 3548; baseline 0.006 -25"><span class='ocrx_word' id='word_1_405' title='bbox 163 3475 654 3542; x_wconf 85' lang='lat' dir='ltr'>anteconspectum</span> <span class='ocrx_word' id='word_1_406' title='bbox 669 3474 802 3544; x_wconf 88' lang='lat' dir='ltr'>ejus</span> <span class='ocrx_word' id='word_1_407' title='bbox 818 3477 1086 3546; x_wconf 88' lang='lat' dir='ltr'>veniens,</span> <span class='ocrx_word' id='word_1_408' title='bbox 1122 3479 1521 3546; x_wconf 86' lang='lat' dir='ltr'>praesentibus</span> <span class='ocrx_word' id='word_1_409' title='bbox 1550 3494 1792 3548; x_wconf 90' lang='lat' dir='ltr'>compa-</span> 
     </span>
    </p>
   </div>
   <div class='ocr_carea' id='block_1_60' title="bbox 163 3559 1786 3638">
    <p class='ocr_par' dir='ltr' id='par_1_60' title="bbox 163 3559 1786 3638">
     <span class='ocr_line' id='line_1_60' title="bbox 163 3559 1786 3638; baseline 0.007 -29"><span class='ocrx_word' id='word_1_410' title='bbox 163 3559 294 3613; x_wconf 84' lang='lat' dir='ltr'>ribus</span> <span class='ocrx_word' id='word_1_411' title='bbox 314 3563 935 3632; x_wconf 72' lang='lat' dir='ltr'>suisinrectum(460)</span> <span class='ocrx_word' id='word_1_412' title='bbox 966 3567 1147 3618; x_wconf 85' lang='lat' dir='ltr'>staret</span> <span class='ocrx_word' id='word_1_413' title='bbox 1195 3567 1268 3619; x_wconf 84' lang='lat' dir='ltr'>de</span> <span class='ocrx_word' id='word_1_414' title='bbox 1317 3567 1607 3638; x_wconf 89' lang='lat' dir='ltr'>injustitia</span> <span class='ocrx_word' id='word_1_415' title='bbox 1659 3583 1786 3622; x_wconf 86' lang='lat' dir='ltr'>sua.</span> 
     </span>
    </p>
   </div>
   <div class='ocr_carea' id='block_1_61' title="bbox 164 3626 1874 3716">
    <p class='ocr_par' dir='ltr' id='par_1_61' title="bbox 164 3626 1874 3716">
     <span class='ocr_line' id='line_1_61' title="bbox 164 3626 1874 3716; baseline 0.005 -14"><span class='ocrx_word' id='word_1_416' title='bbox 164 3646 412 3716; x_wconf 78' lang='lat' dir='ltr'>Ipsevero</span> <span class='ocrx_word' id='word_1_417' title='bbox 444 3653 661 3706; x_wconf 89' lang='lat' dir='ltr'>crebro</span> <span class='ocrx_word' id='word_1_418' title='bbox 699 3653 810 3706; x_wconf 89' lang='lat' dir='ltr'>sub</span> <span class='ocrx_word' id='word_1_419' title='bbox 859 3655 1090 3707; x_wconf 88' lang='lat' dir='ltr'>nomine</span> <span class='ocrx_word' id='word_1_420' title='bbox 1143 3660 1314 3708; x_wconf 66' lang='lat' dir='ltr'>terrae</span> <span class='ocrx_word' id='word_1_421' title='bbox 1362 3671 1486 3709; x_wconf 86' lang='lat' dir='ltr'>suae</span> <span class='ocrx_word' id='word_1_422' title='bbox 1519 3660 1575 3709; x_wconf 92' lang='lat' dir='ltr'>et</span> <span class='ocrx_word' id='word_1_423' title='bbox 1619 3656 1676 3708; x_wconf 93' lang='lat' dir='ltr'>in</span> <span class='ocrx_word' id='word_1_424' title='bbox 1715 3655 1794 3700; x_wconf 85' lang='lat'>339</span> <span class='ocrx_word' id='word_1_425' title='bbox 1821 3626 1874 3686; x_wconf 84' lang='lat' dir='ltr'><strong>D</strong></span> 
     </span>
    </p>
   </div>
   <div class='ocr_carea' id='block_1_62' title="bbox 162 3734 1792 3810">
    <p class='ocr_par' dir='ltr' id='par_1_62' title="bbox 162 3734 1792 3810">
     <span class='ocr_line' id='line_1_62' title="bbox 162 3734 1792 3810; baseline 0.006 -22"><span class='ocrx_word' id='word_1_426' title='bbox 162 3734 396 3792; x_wconf 86' lang='lat' dir='ltr'>ﬁdelitate</span> <span class='ocrx_word' id='word_1_427' title='bbox 426 3756 608 3810; x_wconf 89' lang='lat' dir='ltr'>quam</span> <span class='ocrx_word' id='word_1_428' title='bbox 629 3741 934 3809; x_wconf 88' lang='lat' dir='ltr'>juraverat</span> <span class='ocrx_word' id='word_1_429' title='bbox 961 3744 1374 3809; x_wconf 87' lang='lat' dir='ltr'>commonitus,</span> <span class='ocrx_word' id='word_1_430' title='bbox 1421 3745 1490 3797; x_wconf 81' lang='lat' dir='ltr'>ad</span> <span class='ocrx_word' id='word_1_431' title='bbox 1529 3746 1792 3798; x_wconf 90' lang='lat' dir='ltr'>ultimum</span> 
     </span>
    </p>
   </div>
   <div class='ocr_carea' id='block_1_63' title="bbox 163 3828 1790 3902">
    <p class='ocr_par' dir='ltr' id='par_1_63' title="bbox 163 3828 1790 3902">
     <span class='ocr_line' id='line_1_63' title="bbox 163 3828 1790 3902; baseline 0.006 -25"><span class='ocrx_word' id='word_1_432' title='bbox 163 3828 264 3877; x_wconf 87' lang='lat' dir='ltr'>ante</span> <span class='ocrx_word' id='word_1_433' title='bbox 275 3832 656 3896; x_wconf 86' lang='lat' dir='ltr'>conspectum</span> <span class='ocrx_word' id='word_1_434' title='bbox 670 3828 889 3882; x_wconf 89' lang='lat' dir='ltr'>domini</span> <span class='ocrx_word' id='word_1_435' title='bbox 903 3831 995 3883; x_wconf 90' lang='lat' dir='ltr'>sui</span> <span class='ocrx_word' id='word_1_436' title='bbox 1010 3833 1392 3898; x_wconf 88' lang='lat' dir='ltr'>presentibus</span> <span class='ocrx_word' id='word_1_437' title='bbox 1409 3833 1790 3902; x_wconf 85' lang='lat' dir='ltr'>comparibus</span> 
     </span>
    </p>
   </div>
   <div class='ocr_carea' id='block_1_64' title="bbox 162 3915 1792 3990">
    <p class='ocr_par' dir='ltr' id='par_1_64' title="bbox 162 3915 1792 3990">
     <span class='ocr_line' id='line_1_64' title="bbox 162 3915 1792 3990; baseline 0.008 -26"><span class='ocrx_word' id='word_1_438' title='bbox 162 3915 261 3966; x_wconf 87' lang='lat' dir='ltr'>suis</span> <span class='ocrx_word' id='word_1_439' title='bbox 283 3917 451 3982; x_wconf 85' lang='lat' dir='ltr'>venit;</span> <span class='ocrx_word' id='word_1_440' title='bbox 478 3918 591 3970; x_wconf 89' lang='lat' dir='ltr'>sed</span> <span class='ocrx_word' id='word_1_441' title='bbox 609 3917 681 3970; x_wconf 92' lang='lat' dir='ltr'>de</span> <span class='ocrx_word' id='word_1_442' title='bbox 723 3919 1197 3990; x_wconf 89' lang='lat' dir='ltr'>quibuscumque</span> <span class='ocrx_word' id='word_1_443' title='bbox 1248 3921 1651 3990; x_wconf 86' lang='lat' dir='ltr'>interpellatus</span> <span class='ocrx_word' id='word_1_444' title='bbox 1700 3929 1792 3977; x_wconf 91' lang='lat' dir='ltr'>est</span> 
     </span>
    </p>
   </div>
   <div class='ocr_carea' id='block_1_65' title="bbox 161 4005 1788 4079">
    <p class='ocr_par' dir='ltr' id='par_1_65' title="bbox 161 4005 1788 4079">
     <span class='ocr_line' id='line_1_65' title="bbox 161 4005 1788 4079; baseline 0.009 -28"><span class='ocrx_word' id='word_1_445' title='bbox 161 4009 346 4057; x_wconf 82' lang='lat' dir='ltr'>rectum</span> <span class='ocrx_word' id='word_1_446' title='bbox 372 4005 577 4060; x_wconf 87' lang='lat' dir='ltr'>facere</span> <span class='ocrx_word' id='word_1_447' title='bbox 618 4005 848 4074; x_wconf 90' lang='lat' dir='ltr'>nolens,</span> <span class='ocrx_word' id='word_1_448' title='bbox 884 4006 1164 4076; x_wconf 89' lang='lat' dir='ltr'>injustior</span> <span class='ocrx_word' id='word_1_449' title='bbox 1187 4023 1363 4078; x_wconf 88' lang='lat' dir='ltr'>quam</span> <span class='ocrx_word' id='word_1_450' title='bbox 1386 4011 1788 4079; x_wconf 88' lang='lat' dir='ltr'>venisset,re-</span> 
     </span>
    </p>
   </div>
   <div class='ocr_carea' id='block_1_66' title="bbox 158 4092 1787 4166">
    <p class='ocr_par' dir='ltr' id='par_1_66' title="bbox 158 4092 1787 4166">
     <span class='ocr_line' id='line_1_66' title="bbox 158 4092 1787 4166; baseline 0.009 -25"><span class='ocrx_word' id='word_1_451' title='bbox 158 4092 326 4145; x_wconf 87' lang='lat' dir='ltr'>cessit.</span> <span class='ocrx_word' id='word_1_452' title='bbox 351 4093 524 4148; x_wconf 80' lang='lat' dir='ltr'>Unde</span> <span class='ocrx_word' id='word_1_453' title='bbox 550 4109 860 4163; x_wconf 90' lang='lat' dir='ltr'>compares</span> <span class='ocrx_word' id='word_1_454' title='bbox 883 4093 1016 4165; x_wconf 88' lang='lat' dir='ltr'>ejus</span> <span class='ocrx_word' id='word_1_455' title='bbox 1036 4098 1090 4149; x_wconf 88' lang='lat' dir='ltr'>et</span> <span class='ocrx_word' id='word_1_456' title='bbox 1107 4095 1202 4149; x_wconf 91' lang='lat' dir='ltr'>alii</span> <span class='ocrx_word' id='word_1_457' title='bbox 1223 4098 1636 4166; x_wconf 90' lang='lat' dir='ltr'>quamplurimi</span> <span class='ocrx_word' id='word_1_458' title='bbox 1677 4116 1787 4156; x_wconf 91' lang='lat' dir='ltr'>no-</span> 
     </span>
    </p>
   </div>
   <div class='ocr_carea' id='block_1_67' title="bbox 154 4176 1785 4256">
    <p class='ocr_par' dir='ltr' id='par_1_67' title="bbox 154 4176 1785 4256">
     <span class='ocr_line' id='line_1_67' title="bbox 154 4176 1785 4256; baseline 0.012 -29"><span class='ocrx_word' id='word_1_459' title='bbox 154 4176 292 4248; x_wconf 87' lang='lat' dir='ltr'>biles,</span> <span class='ocrx_word' id='word_1_460' title='bbox 315 4183 410 4251; x_wconf 89' lang='lat' dir='ltr'>qui</span> <span class='ocrx_word' id='word_1_461' title='bbox 433 4184 737 4237; x_wconf 90' lang='lat' dir='ltr'>communi</span> <span class='ocrx_word' id='word_1_462' title='bbox 756 4184 1062 4255; x_wconf 89' lang='lat' dir='ltr'>utriusque</span> <span class='ocrx_word' id='word_1_463' title='bbox 1083 4204 1266 4243; x_wconf 89' lang='lat' dir='ltr'>causa</span> <span class='ocrx_word' id='word_1_464' title='bbox 1283 4187 1420 4243; x_wconf 88' lang='lat' dir='ltr'>huic</span> <span class='ocrx_word' id='word_1_465' title='bbox 1442 4190 1656 4256; x_wconf 87' lang='lat' dir='ltr'>placito</span> <span class='ocrx_word' id='word_1_466' title='bbox 1693 4193 1785 4246; x_wconf 88' lang='lat' dir='ltr'>in-</span> 
     </span>
    </p>
   </div>
   <div class='ocr_carea' id='block_1_68' title="bbox 155 4267 1785 4350">
    <p class='ocr_par' dir='ltr' id='par_1_68' title="bbox 155 4267 1785 4350">
     <span class='ocr_line' id='line_1_68' title="bbox 155 4267 1785 4350; baseline 0.01 -31"><span class='ocrx_word' id='word_1_467' title='bbox 155 4267 391 4338; x_wconf 85' lang='lat' dir='ltr'>terfuere,</span> <span class='ocrx_word' id='word_1_468' title='bbox 415 4272 736 4341; x_wconf 84' lang='lat' dir='ltr'>Hugonem</span> <span class='ocrx_word' id='word_1_469' title='bbox 760 4288 926 4327; x_wconf 90' lang='lat' dir='ltr'>reum</span> <span class='ocrx_word' id='word_1_470' title='bbox 944 4281 1250 4346; x_wconf 87' lang='lat' dir='ltr'>vocantes,</span> <span class='ocrx_word' id='word_1_471' title='bbox 1277 4283 1494 4332; x_wconf 88' lang='lat' dir='ltr'>terram</span> <span class='ocrx_word' id='word_1_472' title='bbox 1517 4296 1690 4350; x_wconf 91' lang='lat' dir='ltr'>quam</span> <span class='ocrx_word' id='word_1_473' title='bbox 1714 4282 1785 4335; x_wconf 89' lang='lat' dir='ltr'>de</span> 
     </span>
    </p>
   </div>
   <div class='ocr_carea' id='block_1_69' title="bbox 157 4355 1224 4431">
    <p class='ocr_par' dir='ltr' id='par_1_69' title="bbox 157 4355 1224 4431">
     <span class='ocr_line' id='line_1_69' title="bbox 157 4355 1224 4431; baseline 0.012 -26"><span class='ocrx_word' id='word_1_474' title='bbox 157 4355 396 4428; x_wconf 79' lang='lat' dir='ltr'>episcOpo</span> <span class='ocrx_word' id='word_1_475' title='bbox 419 4360 682 4427; x_wconf 87' lang='lat' dir='ltr'>tenebat,</span> <span class='ocrx_word' id='word_1_476' title='bbox 711 4361 764 4414; x_wconf 90' lang='lat' dir='ltr'>ei</span> <span class='ocrx_word' id='word_1_477' title='bbox 788 4360 1224 4431; x_wconf 87' lang='lat' dir='ltr'>adjudieavere.</span> 
     </span>
    </p>
   </div>
   <div class='ocr_carea' id='block_1_70' title="bbox 208 4443 1784 4528">
    <p class='ocr_par' dir='ltr' id='par_1_70' title="bbox 208 4443 1784 4528">
     <span class='ocr_line' id='line_1_70' title="bbox 208 4443 1784 4528; baseline 0.01 -32"><span class='ocrx_word' id='word_1_478' title='bbox 208 4443 279 4498; x_wconf 67' lang='grc' dir='ltr'>ἐξ.</span> <span class='ocrx_word' id='word_1_479' title='bbox 314 4446 487 4518; x_wconf 85' lang='lat' dir='ltr'>Hugo</span> <span class='ocrx_word' id='word_1_480' title='bbox 512 4453 707 4502; x_wconf 88' lang='lat' dir='ltr'>autem</span> <span class='ocrx_word' id='word_1_481' title='bbox 731 4449 803 4501; x_wconf 90' lang='lat' dir='ltr'>ad</span> <span class='ocrx_word' id='word_1_482' title='bbox 837 4452 1238 4520; x_wconf 91' lang='lat' dir='ltr'>municipium,</span> <span class='ocrx_word' id='word_1_483' title='bbox 1286 4455 1444 4525; x_wconf 86' lang='lat' dir='ltr'>quod</span> <span class='ocrx_word' id='word_1_484' title='bbox 1484 4459 1639 4528; x_wconf 91' lang='lat' dir='ltr'>apud</span> <span class='ocrx_word' id='word_1_485' title='bbox 1685 4459 1784 4514; x_wconf 94' lang='lat' dir='ltr'>Oi-</span> 
     </span>
    </p>
   </div>
   <div class='ocr_carea' id='block_1_71' title="bbox 157 4531 1785 4618">
    <p class='ocr_par' dir='ltr' id='par_1_71' title="bbox 157 4531 1785 4618">
     <span class='ocr_line' id='line_1_71' title="bbox 157 4531 1785 4618; baseline 0.014 -39"><span class='ocrx_word' id='word_1_486' title='bbox 157 4531 309 4586; x_wconf 82' lang='lat' dir='ltr'>seium</span> <span class='ocrx_word' id='word_1_487' title='bbox 330 4537 445 4589; x_wconf 89' lang='lat' dir='ltr'>sibi</span> <span class='ocrx_word' id='word_1_488' title='bbox 474 4540 812 4605; x_wconf 87' lang='lat' dir='ltr'>paraverat,</span> <span class='ocrx_word' id='word_1_489' title='bbox 837 4538 1170 4609; x_wconf 83' lang='lat' dir='ltr'>abjudicata</span> <span class='ocrx_word' id='word_1_490' title='bbox 1193 4546 1347 4596; x_wconf 87' lang='lat' dir='ltr'>terra</span> <span class='ocrx_word' id='word_1_491' title='bbox 1369 4561 1477 4598; x_wconf 86' lang='lat' dir='ltr'>sua</span> <span class='ocrx_word' id='word_1_492' title='bbox 1498 4547 1689 4618; x_wconf 84' lang='lat' dir='ltr'>rediit,</span> <span class='ocrx_word' id='word_1_493' title='bbox 1729 4552 1785 4602; x_wconf 89' lang='lat' dir='ltr'>et</span> 
     </span>
    </p>
   </div>
   <div class='ocr_carea' id='block_1_72' title="bbox 156 4619 1782 4697">
    <p class='ocr_par' dir='ltr' id='par_1_72' title="bbox 156 4619 1782 4697">
     <span class='ocr_line' id='line_1_72' title="bbox 156 4619 1782 4697; baseline 0.013 -25"><span class='ocrx_word' id='word_1_494' title='bbox 156 4619 332 4676; x_wconf 86' lang='lat' dir='ltr'>malum</span> <span class='ocrx_word' id='word_1_495' title='bbox 354 4625 654 4680; x_wconf 88' lang='lat' dir='ltr'>adversus</span> <span class='ocrx_word' id='word_1_496' title='bbox 701 4628 1046 4697; x_wconf 88' lang='lat' dir='ltr'>episcopum</span> <span class='ocrx_word' id='word_1_497' title='bbox 1088 4629 1281 4685; x_wconf 86' lang='lat' dir='ltr'>facere</span> <span class='ocrx_word' id='word_1_498' title='bbox 1326 4648 1441 4688; x_wconf 91' lang='lat' dir='ltr'>non</span> <span class='ocrx_word' id='word_1_499' title='bbox 1495 4639 1782 4693; x_wconf 91' lang='lat' dir='ltr'>cessavit.</span> 
     </span>
    </p>
   </div>
   <div class='ocr_carea' id='block_1_73' title="bbox 158 4705 1782 4796">
    <p class='ocr_par' dir='ltr' id='par_1_73' title="bbox 158 4705 1782 4796">
     <span class='ocr_line' id='line_1_73' title="bbox 158 4705 1782 4796; baseline 0.013 -37"><span class='ocrx_word' id='word_1_500' title='bbox 158 4705 450 4781; x_wconf 85' lang='lat' dir='ltr'>Episcopus</span> <span class='ocrx_word' id='word_1_501' title='bbox 473 4719 668 4769; x_wconf 82' lang='lat' dir='ltr'>tamen</span> <span class='ocrx_word' id='word_1_502' title='bbox 692 4717 980 4785; x_wconf 89' lang='lat' dir='ltr'>patienter</span> <span class='ocrx_word' id='word_1_503' title='bbox 997 4718 1196 4773; x_wconf 88' lang='lat' dir='ltr'>ferens</span> <span class='ocrx_word' id='word_1_504' title='bbox 1221 4721 1346 4775; x_wconf 89' lang='lat' dir='ltr'>haec</span> <span class='ocrx_word' id='word_1_505' title='bbox 1361 4725 1575 4791; x_wconf 88' lang='lat' dir='ltr'>omnia,</span> <span class='ocrx_word' id='word_1_506' title='bbox 1613 4727 1782 4796; x_wconf 87' lang='lat' dir='ltr'>abje-</span> 
     </span>
    </p>
   </div>
   <div class='ocr_carea' id='block_1_74' title="bbox 158 4800 1780 4880">
    <p class='ocr_par' dir='ltr' id='par_1_74' title="bbox 158 4800 1780 4880">
     <span class='ocr_line' id='line_1_74' title="bbox 158 4800 1780 4880; baseline 0.014 -33"><span class='ocrx_word' id='word_1_507' title='bbox 158 4801 227 4848; x_wconf 74' lang='lat' dir='ltr'>ctu</span> <span class='ocrx_word' id='word_1_508' title='bbox 251 4800 444 4856; x_wconf 85' lang='lat' dir='ltr'>timore</span> <span class='ocrx_word' id='word_1_509' title='bbox 489 4805 864 4872; x_wconf 88' lang='lat' dir='ltr'>parrochiam</span> <span class='ocrx_word' id='word_1_510' title='bbox 913 4821 1080 4860; x_wconf 90' lang='lat' dir='ltr'>suam</span> <span class='ocrx_word' id='word_1_511' title='bbox 1126 4808 1431 4880; x_wconf 86' lang='lat' dir='ltr'>circuibat,</span> <span class='ocrx_word' id='word_1_512' title='bbox 1472 4814 1780 4869; x_wconf 72' lang='lat' dir='ltr'>aecclesias</span> 
     </span>
    </p>
   </div>
   <div class='ocr_carea' id='block_1_75' title="bbox 1913 2679 3569 2752">
    <p class='ocr_par' dir='ltr' id='par_1_75' title="bbox 1913 2679 3569 2752">
     <span class='ocr_line' id='line_1_75' title="bbox 1913 2679 3569 2752; baseline -0.002 -16"><span class='ocrx_word' id='word_1_513' title='bbox 1913 2683 2351 2752; x_wconf 88' lang='lat' dir='ltr'>etrequirentes</span> <span class='ocrx_word' id='word_1_514' title='bbox 2369 2683 2713 2751; x_wconf 85' lang='lat' dir='ltr'>episcopum</span> <span class='ocrx_word' id='word_1_515' title='bbox 2737 2682 2794 2735; x_wconf 93' lang='lat' dir='ltr'>in</span> <span class='ocrx_word' id='word_1_516' title='bbox 2820 2681 3109 2750; x_wconf 88' lang='lat' dir='ltr'>sapientia</span> <span class='ocrx_word' id='word_1_517' title='bbox 3133 2683 3187 2733; x_wconf 92' lang='lat' dir='ltr'>et</span> <span class='ocrx_word' id='word_1_518' title='bbox 3210 2679 3569 2747; x_wconf 81' lang='lat' dir='ltr'>fortitudine,</span> 
     </span>
    </p>
   </div>
   <div class='ocr_carea' id='block_1_76' title="bbox 1884 2768 3573 2826">
    <p class='ocr_par' dir='ltr' id='par_1_76' title="bbox 1884 2768 3573 2826">
     <span class='ocr_line' id='line_1_76' title="bbox 1884 2768 3573 2826; baseline -0.004 0"><span class='ocrx_word' id='word_1_519' title='bbox 1884 2773 2040 2826; x_wconf 87' lang='lat' dir='ltr'>&#39;sine</span> <span class='ocrx_word' id='word_1_520' title='bbox 2081 2788 2244 2826; x_wconf 82' lang='lat' dir='ltr'>mora</span> <span class='ocrx_word' id='word_1_521' title='bbox 2286 2773 2583 2826; x_wconf 89' lang='lat' dir='ltr'>inventum</span> <span class='ocrx_word' id='word_1_522' title='bbox 2632 2772 2994 2825; x_wconf 86' lang='lat' dir='ltr'>reduxerunt</span> <span class='ocrx_word' id='word_1_523' title='bbox 3026 2785 3159 2824; x_wconf 91' lang='lat' dir='ltr'>eum</span> <span class='ocrx_word' id='word_1_524' title='bbox 3189 2768 3573 2824; x_wconf 87' lang='lat' dir='ltr'>Cameracum</span> 
     </span>
    </p>
   </div>
   <div class='ocr_carea' id='block_1_77' title="bbox 1907 2859 3572 2932">
    <p class='ocr_par' dir='ltr' id='par_1_77' title="bbox 1907 2859 3572 2932">
     <span class='ocr_line' id='line_1_77' title="bbox 1907 2859 3572 2932; baseline -0.003 -17"><span class='ocrx_word' id='word_1_525' title='bbox 1907 2877 2039 2916; x_wconf 91' lang='lat' dir='ltr'>cum</span> <span class='ocrx_word' id='word_1_526' title='bbox 2062 2862 2278 2932; x_wconf 78' lang='lat' dir='ltr'>grandi</span> <span class='ocrx_word' id='word_1_527' title='bbox 2299 2861 2488 2932; x_wconf 87' lang='lat' dir='ltr'>gloria</span> <span class='ocrx_word' id='word_1_528' title='bbox 2513 2864 2567 2913; x_wconf 93' lang='lat' dir='ltr'>et</span> <span class='ocrx_word' id='word_1_529' title='bbox 2593 2860 2816 2913; x_wconf 88' lang='lat' dir='ltr'>honore</span> <span class='ocrx_word' id='word_1_530' title='bbox 2833 2900 2846 2927; x_wconf 93' lang='lat'>,</span> <span class='ocrx_word' id='word_1_531' title='bbox 2872 2859 3159 2912; x_wconf 88' lang='lat' dir='ltr'>donantes</span> <span class='ocrx_word' id='word_1_532' title='bbox 3184 2873 3428 2927; x_wconf 82' lang='lat' dir='ltr'>insuper</span> <span class='ocrx_word' id='word_1_533' title='bbox 3449 2873 3572 2911; x_wconf 87' lang='lat' dir='ltr'>mu-</span> 
     </span>
    </p>
   </div>
   <div class='ocr_carea' id='block_1_78' title="bbox 1905 2946 3572 3016">
    <p class='ocr_par' dir='ltr' id='par_1_78' title="bbox 1905 2946 3572 3016">
     <span class='ocr_line' id='line_1_78' title="bbox 1905 2946 3572 3016; baseline -0.004 -12"><span class='ocrx_word' id='word_1_534' title='bbox 1905 2951 2151 3005; x_wconf 91' lang='lat' dir='ltr'>neribus</span> <span class='ocrx_word' id='word_1_535' title='bbox 2167 2949 2499 3004; x_wconf 88' lang='lat' dir='ltr'>aecclesiam</span> <span class='ocrx_word' id='word_1_536' title='bbox 2515 2954 2735 3002; x_wconf 65' lang='lat' dir='ltr'>sancta;</span> <span class='ocrx_word' id='word_1_537' title='bbox 2749 2948 2949 3001; x_wconf 88' lang='lat' dir='ltr'>Mariae</span> <span class='ocrx_word' id='word_1_538' title='bbox 2964 2947 3192 3016; x_wconf 89' lang='lat' dir='ltr'>aliaque</span> <span class='ocrx_word' id='word_1_539' title='bbox 3215 2946 3572 3000; x_wconf 88' lang='lat' dir='ltr'>monasteria</span> 
     </span>
    </p>
   </div>
   <div class='ocr_carea' id='block_1_79' title="bbox 1906 3033 3572 3106">
    <p class='ocr_par' dir='ltr' id='par_1_79' title="bbox 1906 3033 3572 3106">
     <span class='ocr_line' id='line_1_79' title="bbox 1906 3033 3572 3106; baseline -0.004 -13"><span class='ocrx_word' id='word_1_540' title='bbox 1906 3039 2162 3093; x_wconf 88' lang='lat' dir='ltr'>civitatis</span> <span class='ocrx_word' id='word_1_541' title='bbox 2185 3039 2538 3093; x_wconf 85' lang='lat' dir='ltr'>Cameracae.</span> <span class='ocrx_word' id='word_1_542' title='bbox 2567 3037 2675 3090; x_wconf 87' lang='lat' dir='ltr'>His</span> <span class='ocrx_word' id='word_1_543' title='bbox 2706 3037 2900 3105; x_wconf 87' lang='lat' dir='ltr'>itaque</span> <span class='ocrx_word' id='word_1_544' title='bbox 2924 3037 3100 3106; x_wconf 85' lang='lat' dir='ltr'>digne</span> <span class='ocrx_word' id='word_1_545' title='bbox 3124 3037 3179 3088; x_wconf 90' lang='lat' dir='ltr'>et</span> <span class='ocrx_word' id='word_1_546' title='bbox 3200 3033 3572 3088; x_wconf 87' lang='lat' dir='ltr'>laudabiliter</span> 
     </span>
    </p>
   </div>
   <div class='ocr_carea' id='block_1_80' title="bbox 1902 3122 3554 3199">
    <p class='ocr_par' dir='ltr' id='par_1_80' title="bbox 1902 3122 3554 3199">
     <span class='ocr_line' id='line_1_80' title="bbox 1902 3122 3554 3199; baseline -0.005 -17"><span class='ocrx_word' id='word_1_547' title='bbox 1902 3127 2204 3199; x_wconf 84' lang='lat' dir='ltr'>perfectis,</span> <span class='ocrx_word' id='word_1_548' title='bbox 2247 3127 2698 3180; x_wconf 86' lang='lat' dir='ltr'>Flandrensium</span> <span class='ocrx_word' id='word_1_549' title='bbox 2739 3139 2940 3179; x_wconf 91' lang='lat' dir='ltr'>comes</span> <span class='ocrx_word' id='word_1_550' title='bbox 2971 3140 3104 3178; x_wconf 92' lang='lat' dir='ltr'>cum</span> <span class='ocrx_word' id='word_1_551' title='bbox 3133 3126 3316 3176; x_wconf 90' lang='lat' dir='ltr'>matre</span> <span class='ocrx_word' id='word_1_552' title='bbox 3357 3137 3467 3176; x_wconf 88' lang='lat' dir='ltr'>sua</span> <span class='ocrx_word' id='word_1_553' title='bbox 3497 3122 3554 3175; x_wconf 90' lang='lat' dir='ltr'>in</span> 
     </span>
    </p>
   </div>
   <div class='ocr_carea' id='block_1_81' title="bbox 1902 3210 3566 3286">
    <p class='ocr_par' dir='ltr' id='par_1_81' title="bbox 1902 3210 3566 3286">
     <span class='ocr_line' id='line_1_81' title="bbox 1902 3210 3566 3286; baseline -0.004 -15"><span class='ocrx_word' id='word_1_554' title='bbox 1902 3218 2090 3286; x_wconf 88' lang='lat' dir='ltr'>patria</span> <span class='ocrx_word' id='word_1_555' title='bbox 2111 3233 2218 3270; x_wconf 91' lang='lat' dir='ltr'>sua</span> <span class='ocrx_word' id='word_1_556' title='bbox 2241 3215 2413 3270; x_wconf 86' lang='lat' dir='ltr'>laetus</span> <span class='ocrx_word' id='word_1_557' title='bbox 2462 3215 2655 3269; x_wconf 89' lang='lat' dir='ltr'>rediit.</span> <span class='ocrx_word' id='word_1_558' title='bbox 2710 3215 3043 3284; x_wconf 89' lang='lat' dir='ltr'>Episcopus</span> <span class='ocrx_word' id='word_1_559' title='bbox 3091 3213 3273 3284; x_wconf 84' lang='lat' dir='ltr'>igitur</span> <span class='ocrx_word' id='word_1_560' title='bbox 3305 3210 3566 3280; x_wconf 88' lang='lat' dir='ltr'>perfecto</span> 
     </span>
    </p>
   </div>
   <div class='ocr_carea' id='block_1_82' title="bbox 1904 3299 3562 3377">
    <p class='ocr_par' dir='ltr' id='par_1_82' title="bbox 1904 3299 3562 3377">
     <span class='ocr_line' id='line_1_82' title="bbox 1904 3299 3562 3377; baseline -0.005 -15"><span class='ocrx_word' id='word_1_561' title='bbox 1904 3308 2036 3362; x_wconf 90' lang='lat' dir='ltr'>odio</span> <span class='ocrx_word' id='word_1_562' title='bbox 2058 3300 2136 3346; x_wconf 60' lang='lat'>3-33</span> <span class='ocrx_word' id='word_1_563' title='bbox 2159 3306 2216 3358; x_wconf 92' lang='lat' dir='ltr'>in</span> <span class='ocrx_word' id='word_1_564' title='bbox 2242 3306 2556 3377; x_wconf 85' lang='lat' dir='ltr'>Hugonem</span> <span class='ocrx_word' id='word_1_565' title='bbox 2605 3304 2907 3371; x_wconf 89' lang='lat' dir='ltr'>incitatus,</span> <span class='ocrx_word' id='word_1_566' title='bbox 2970 3317 3104 3356; x_wconf 89' lang='lat' dir='ltr'>eum</span> <span class='ocrx_word' id='word_1_567' title='bbox 3160 3299 3394 3371; x_wconf 90' lang='lat' dir='ltr'>insequi</span> <span class='ocrx_word' id='word_1_568' title='bbox 3445 3316 3562 3354; x_wconf 92' lang='lat' dir='ltr'>non</span> 
     </span>
    </p>
   </div>
   <div class='ocr_carea' id='block_1_83' title="bbox 1905 3389 3562 3465">
    <p class='ocr_par' dir='ltr' id='par_1_83' title="bbox 1905 3389 3562 3465">
     <span class='ocr_line' id='line_1_83' title="bbox 1905 3389 3562 3465; baseline -0.005 -15"><span class='ocrx_word' id='word_1_569' title='bbox 1905 3395 2186 3463; x_wconf 88' lang='lat' dir='ltr'>cessavit,</span> <span class='ocrx_word' id='word_1_570' title='bbox 2220 3395 2609 3465; x_wconf 90' lang='lat' dir='ltr'>quoadusque</span> <span class='ocrx_word' id='word_1_571' title='bbox 2642 3393 2944 3446; x_wconf 88' lang='lat' dir='ltr'>destructo</span> <span class='ocrx_word' id='word_1_572' title='bbox 2992 3390 3176 3444; x_wconf 90' lang='lat' dir='ltr'>Oiseii</span> <span class='ocrx_word' id='word_1_573' title='bbox 3221 3389 3562 3458; x_wconf 90' lang='lat' dir='ltr'>municipio,</span> 
     </span>
    </p>
   </div>
   <div class='ocr_carea' id='block_1_84' title="bbox 1906 3478 3572 3555">
    <p class='ocr_par' dir='ltr' id='par_1_84' title="bbox 1906 3478 3572 3555">
     <span class='ocr_line' id='line_1_84' title="bbox 1906 3478 3572 3555; baseline -0.005 -15"><span class='ocrx_word' id='word_1_574' title='bbox 1906 3501 2039 3540; x_wconf 92' lang='lat' dir='ltr'>eum</span> <span class='ocrx_word' id='word_1_575' title='bbox 2069 3484 2274 3555; x_wconf 88' lang='lat' dir='ltr'>procul</span> <span class='ocrx_word' id='word_1_576' title='bbox 2303 3483 2598 3553; x_wconf 88' lang='lat' dir='ltr'>pellereta</span> <span class='ocrx_word' id='word_1_577' title='bbox 2622 3480 3140 3535; x_wconf 87' lang='lat' dir='ltr'>Cameracensium</span> <span class='ocrx_word' id='word_1_578' title='bbox 3173 3479 3413 3533; x_wconf 84' lang='lat' dir='ltr'>ﬁnibus.</span> <span class='ocrx_word' id='word_1_579' title='bbox 3451 3478 3572 3531; x_wconf 84' lang='lat' dir='ltr'>Ex-</span> 
     </span>
    </p>
   </div>
   <div class='ocr_carea' id='block_1_85' title="bbox 1905 3567 3574 3644">
    <p class='ocr_par' dir='ltr' id='par_1_85' title="bbox 1905 3567 3574 3644">
     <span class='ocr_line' id='line_1_85' title="bbox 1905 3567 3574 3644; baseline -0.006 -16"><span class='ocrx_word' id='word_1_580' title='bbox 1905 3575 2117 3644; x_wconf 89' lang='lat' dir='ltr'>pulsus</span> <span class='ocrx_word' id='word_1_581' title='bbox 2151 3573 2342 3627; x_wconf 87' lang='lat' dir='ltr'>taliter</span> <span class='ocrx_word' id='word_1_582' title='bbox 2372 3569 3073 3638; x_wconf 85' lang='lat' dir='ltr'>aCameracensipatria,</span> <span class='ocrx_word' id='word_1_583' title='bbox 3117 3569 3190 3622; x_wconf 86' lang='lat' dir='ltr'>de</span> <span class='ocrx_word' id='word_1_584' title='bbox 3231 3569 3387 3622; x_wconf 91' lang='lat' dir='ltr'>omni</span> <span class='ocrx_word' id='word_1_585' title='bbox 3449 3567 3574 3620; x_wconf 86' lang='lat' dir='ltr'>cla-</span> 
     </span>
    </p>
   </div>
   <div class='ocr_carea' id='block_1_86' title="bbox 1908 3655 3574 3729">
    <p class='ocr_par' dir='ltr' id='par_1_86' title="bbox 1908 3655 3574 3729">
     <span class='ocr_line' id='line_1_86' title="bbox 1908 3655 3574 3729; baseline -0.006 -13"><span class='ocrx_word' id='word_1_586' title='bbox 1908 3679 2070 3717; x_wconf 91' lang='lat' dir='ltr'>more</span> <span class='ocrx_word' id='word_1_587' title='bbox 2103 3661 2265 3716; x_wconf 90' lang='lat' dir='ltr'>siluit</span> <span class='ocrx_word' id='word_1_588' title='bbox 2294 3663 2589 3714; x_wconf 88' lang='lat' dir='ltr'>adversus</span> <span class='ocrx_word' id='word_1_589' title='bbox 2617 3659 2962 3729; x_wconf 90' lang='lat' dir='ltr'>episcopum</span> <span class='ocrx_word' id='word_1_590' title='bbox 2986 3658 3044 3710; x_wconf 90' lang='lat' dir='ltr'>in</span> <span class='ocrx_word' id='word_1_591' title='bbox 3063 3657 3218 3710; x_wconf 92' lang='lat' dir='ltr'>omni</span> <span class='ocrx_word' id='word_1_592' title='bbox 3240 3656 3430 3725; x_wconf 90' lang='lat' dir='ltr'>ipsius</span> <span class='ocrx_word' id='word_1_593' title='bbox 3445 3655 3574 3724; x_wconf 89' lang='lat' dir='ltr'>epi-</span> 
     </span>
    </p>
   </div>
   <div class='ocr_carea' id='block_1_87' title="bbox 1909 3743 3570 3820">
    <p class='ocr_par' dir='ltr' id='par_1_87' title="bbox 1909 3743 3570 3820">
     <span class='ocr_line' id='line_1_87' title="bbox 1909 3743 3570 3820; baseline -0.006 -15"><span class='ocrx_word' id='word_1_594' title='bbox 1909 3753 2076 3820; x_wconf 91' lang='lat' dir='ltr'>scepi</span> <span class='ocrx_word' id='word_1_595' title='bbox 2095 3753 2234 3817; x_wconf 84' lang='lat' dir='ltr'>vita;</span> <span class='ocrx_word' id='word_1_596' title='bbox 2265 3755 2418 3804; x_wconf 90' lang='lat' dir='ltr'>terra</span> <span class='ocrx_word' id='word_1_597' title='bbox 2446 3747 2527 3792; x_wconf 72' lang='lat'><strong>344</strong></span> <span class='ocrx_word' id='word_1_598' title='bbox 2548 3765 2780 3820; x_wconf 90' lang='lat' dir='ltr'>quoque</span> <span class='ocrx_word' id='word_1_599' title='bbox 2812 3747 3104 3818; x_wconf 87' lang='lat' dir='ltr'>requievit</span> <span class='ocrx_word' id='word_1_600' title='bbox 3145 3763 3176 3799; x_wconf 87' lang='lat' dir='ltr'>a</span> <span class='ocrx_word' id='word_1_601' title='bbox 3217 3744 3365 3798; x_wconf 90' lang='lat' dir='ltr'>facie</span> <span class='ocrx_word' id='word_1_602' title='bbox 3401 3743 3570 3796; x_wconf 89' lang='lat' dir='ltr'>mali-</span> 
     </span>
    </p>
   </div>
   <div class='ocr_carea' id='block_1_88' title="bbox 1910 3840 2329 3911">
    <p class='ocr_par' dir='ltr' id='par_1_88' title="bbox 1910 3840 2329 3911">
     <span class='ocr_line' id='line_1_88' title="bbox 1910 3840 2329 3911; baseline -0.002 -18"><span class='ocrx_word' id='word_1_603' title='bbox 1910 3840 2150 3911; x_wconf 85' lang='lat' dir='ltr'>gnitatis</span> <span class='ocrx_word' id='word_1_604' title='bbox 2174 3840 2329 3910; x_wconf 89' lang='lat' dir='ltr'>ejus.</span> 
     </span>
    </p>
   </div>
   <div class='ocr_carea' id='block_1_89' title="bbox 1978 3922 3570 3998">
    <p class='ocr_par' dir='ltr' id='par_1_89' title="bbox 1978 3922 3570 3998">
     <span class='ocr_line' id='line_1_89' title="bbox 1978 3922 3570 3998; baseline -0.004 -15"><span class='ocrx_word' id='word_1_605' title='bbox 1978 3928 2066 3983; x_wconf 68' lang='lat'>24.</span> <span class='ocrx_word' id='word_1_606' title='bbox 2109 3930 2282 3998; x_wconf 83' lang='lat' dir='ltr'>(Cap.</span> <span class='ocrx_word' id='word_1_607' title='bbox 2316 3929 2440 3996; x_wconf 81' lang='grc' dir='ltr'>ἾἻ.)</span> <span class='ocrx_word' id='word_1_608' title='bbox 2470 3925 2692 3980; x_wconf 81' lang='lat' dir='ltr'>Interea</span> <span class='ocrx_word' id='word_1_609' title='bbox 2745 3925 3063 3994; x_wconf 90' lang='lat' dir='ltr'>episcopus</span> <span class='ocrx_word' id='word_1_610' title='bbox 3114 3922 3570 3993; x_wconf 87' lang='lat' dir='ltr'>superveniente</span> 
     </span>
    </p>
   </div>
   <div class='ocr_carea' id='block_1_90' title="bbox 1909 4011 3570 4086">
    <p class='ocr_par' dir='ltr' id='par_1_90' title="bbox 1909 4011 3570 4086">
     <span class='ocr_line' id='line_1_90' title="bbox 1909 4011 3570 4086; baseline -0.004 -15"><span class='ocrx_word' id='word_1_611' title='bbox 1909 4018 2074 4072; x_wconf 88' lang='lat' dir='ltr'>senio</span> <span class='ocrx_word' id='word_1_612' title='bbox 2110 4017 2284 4086; x_wconf 84' lang='lat' dir='ltr'>coepit</span> <span class='ocrx_word' id='word_1_613' title='bbox 2317 4032 2565 4085; x_wconf 89' lang='lat' dir='ltr'>corpore</span> <span class='ocrx_word' id='word_1_614' title='bbox 2591 4017 2984 4085; x_wconf 88' lang='lat' dir='ltr'>languescere</span> <span class='ocrx_word' id='word_1_615' title='bbox 3006 4011 3103 4081; x_wconf 59' lang='lat'><strong>345,</strong></span> <span class='ocrx_word' id='word_1_616' title='bbox 3126 4013 3232 4066; x_wconf 88' lang='lat' dir='ltr'>sed</span> <span class='ocrx_word' id='word_1_617' title='bbox 3259 4013 3330 4066; x_wconf 89' lang='lat' dir='ltr'>de</span> <span class='ocrx_word' id='word_1_618' title='bbox 3353 4016 3570 4067; x_wconf 89' lang='lat' dir='ltr'>aeterna</span> 
     </span>
    </p>
   </div>
   <div class='ocr_carea' id='block_1_91' title="bbox 1907 4102 3573 4171">
    <p class='ocr_par' dir='ltr' id='par_1_91' title="bbox 1907 4102 3573 4171">
     <span class='ocr_line' id='line_1_91' title="bbox 1907 4102 3573 4171; baseline -0.003 -13"><span class='ocrx_word' id='word_1_619' title='bbox 1907 4107 2030 4160; x_wconf 86' lang='lat' dir='ltr'>vita</span> <span class='ocrx_word' id='word_1_620' title='bbox 2059 4107 2375 4171; x_wconf 90' lang='lat' dir='ltr'>sollicitus,</span> <span class='ocrx_word' id='word_1_621' title='bbox 2431 4105 2487 4157; x_wconf 93' lang='lat' dir='ltr'>in</span> <span class='ocrx_word' id='word_1_622' title='bbox 2528 4104 2721 4156; x_wconf 92' lang='lat' dir='ltr'>animo</span> <span class='ocrx_word' id='word_1_623' title='bbox 2780 4103 3222 4165; x_wconf 85' lang='lat' dir='ltr'>convalescere;</span> <span class='ocrx_word' id='word_1_624' title='bbox 3283 4102 3573 4154; x_wconf 84' lang='lat' dir='ltr'>heredita-</span> 
     </span>
    </p>
   </div>
   <div class='ocr_carea' id='block_1_92' title="bbox 1905 4191 3570 4264">
    <p class='ocr_par' dir='ltr' id='par_1_92' title="bbox 1905 4191 3570 4264">
     <span class='ocr_line' id='line_1_92' title="bbox 1905 4191 3570 4264; baseline -0.005 -14"><span class='ocrx_word' id='word_1_625' title='bbox 1905 4200 2139 4264; x_wconf 91' lang='lat' dir='ltr'>temque</span> <span class='ocrx_word' id='word_1_626' title='bbox 2161 4193 2240 4235; x_wconf 67' lang='grc' dir='ltr'>3ῑ6</span> <span class='ocrx_word' id='word_1_627' title='bbox 2271 4193 2621 4262; x_wconf 89' lang='lat' dir='ltr'>preclaram,</span> <span class='ocrx_word' id='word_1_628' title='bbox 2642 4208 2816 4261; x_wconf 89' lang='lat' dir='ltr'>quam</span> <span class='ocrx_word' id='word_1_629' title='bbox 2832 4192 2903 4244; x_wconf 87' lang='lat' dir='ltr'>ab</span> <span class='ocrx_word' id='word_1_630' title='bbox 2927 4191 3417 4243; x_wconf 89' lang='lat' dir='ltr'>antecessoribus</span> <span class='ocrx_word' id='word_1_631' title='bbox 3434 4204 3570 4258; x_wconf 87' lang='lat' dir='ltr'>pos-</span> 
     </span>
    </p>
   </div>
   <div class='ocr_carea' id='block_1_93' title="bbox 1909 4276 3570 4349">
    <p class='ocr_par' dir='ltr' id='par_1_93' title="bbox 1909 4276 3570 4349">
     <span class='ocr_line' id='line_1_93' title="bbox 1909 4276 3570 4349; baseline -0.006 -11"><span class='ocrx_word' id='word_1_632' title='bbox 1909 4285 2140 4338; x_wconf 77' lang='lat' dir='ltr'>sidebet</span> <span class='ocrx_word' id='word_1_633' title='bbox 2187 4283 2258 4335; x_wconf 89' lang='lat' dir='ltr'>ad</span> <span class='ocrx_word' id='word_1_634' title='bbox 2299 4280 2498 4334; x_wconf 90' lang='lat' dir='ltr'>mundi</span> <span class='ocrx_word' id='word_1_635' title='bbox 2552 4279 2735 4349; x_wconf 86' lang='lat' dir='ltr'>hujus</span> <span class='ocrx_word' id='word_1_636' title='bbox 2768 4279 3048 4348; x_wconf 84' lang='lat' dir='ltr'>gloriam,</span> <span class='ocrx_word' id='word_1_637' title='bbox 3085 4276 3410 4330; x_wconf 89' lang='lat' dir='ltr'>transferre</span> <span class='ocrx_word' id='word_1_638' title='bbox 3440 4279 3570 4329; x_wconf 90' lang='lat' dir='ltr'>stu-</span> 
     </span>
    </p>
   </div>
   <div class='ocr_carea' id='block_1_94' title="bbox 1903 4364 3572 4426">
    <p class='ocr_par' dir='ltr' id='par_1_94' title="bbox 1903 4364 3572 4426">
     <span class='ocr_line' id='line_1_94' title="bbox 1903 4364 3572 4426; baseline -0.007 0"><span class='ocrx_word' id='word_1_639' title='bbox 1903 4373 2028 4426; x_wconf 91' lang='lat' dir='ltr'>duit</span> <span class='ocrx_word' id='word_1_640' title='bbox 2045 4371 2117 4424; x_wconf 91' lang='lat' dir='ltr'>ad</span> <span class='ocrx_word' id='word_1_641' title='bbox 2131 4369 2588 4423; x_wconf 86' lang='lat' dir='ltr'>nanciscendam</span> <span class='ocrx_word' id='word_1_642' title='bbox 2605 4370 2845 4420; x_wconf 64' lang='lat' dir='ltr'>aeterna:</span> <span class='ocrx_word' id='word_1_643' title='bbox 2869 4367 3003 4419; x_wconf 86' lang='lat' dir='ltr'>vitae</span> <span class='ocrx_word' id='word_1_644' title='bbox 3027 4365 3290 4418; x_wconf 90' lang='lat' dir='ltr'>letitiam.</span> <span class='ocrx_word' id='word_1_645' title='bbox 3325 4364 3572 4416; x_wconf 89' lang='lat' dir='ltr'>Tantum</span> 
     </span>
    </p>
   </div>
   <div class='ocr_carea' id='block_1_95' title="bbox 1902 4452 3570 4525">
    <p class='ocr_par' dir='ltr' id='par_1_95' title="bbox 1902 4452 3570 4525">
     <span class='ocr_line' id='line_1_95' title="bbox 1902 4452 3570 4525; baseline -0.007 -10"><span class='ocrx_word' id='word_1_646' title='bbox 1902 4461 2057 4515; x_wconf 91' lang='lat' dir='ltr'>enim</span> <span class='ocrx_word' id='word_1_647' title='bbox 2075 4461 2146 4514; x_wconf 90' lang='lat' dir='ltr'>de</span> <span class='ocrx_word' id='word_1_648' title='bbox 2170 4457 2617 4524; x_wconf 87' lang='lat' dir='ltr'>hereditatibus,</span> <span class='ocrx_word' id='word_1_649' title='bbox 2654 4458 2710 4509; x_wconf 91' lang='lat' dir='ltr'>et</span> <span class='ocrx_word' id='word_1_650' title='bbox 2738 4455 2834 4508; x_wconf 91' lang='lat' dir='ltr'>sui</span> <span class='ocrx_word' id='word_1_651' title='bbox 2854 4454 3014 4525; x_wconf 90' lang='lat' dir='ltr'>juris</span> <span class='ocrx_word' id='word_1_652' title='bbox 3037 4453 3324 4508; x_wconf 81' lang='lat' dir='ltr'>reditibus</span> <span class='ocrx_word' id='word_1_653' title='bbox 3350 4452 3420 4505; x_wconf 92' lang='lat' dir='ltr'>ad</span> <span class='ocrx_word' id='word_1_654' title='bbox 3452 4467 3570 4504; x_wconf 86' lang='lat' dir='ltr'>aec-</span> 
     </span>
    </p>
   </div>
   <div class='ocr_carea' id='block_1_96' title="bbox 1900 4539 3572 4616">
    <p class='ocr_par' dir='ltr' id='par_1_96' title="bbox 1900 4539 3572 4616">
     <span class='ocr_line' id='line_1_96' title="bbox 1900 4539 3572 4616; baseline -0.007 -12"><span class='ocrx_word' id='word_1_655' title='bbox 1900 4550 2142 4604; x_wconf 86' lang='lat' dir='ltr'>clesiam</span> <span class='ocrx_word' id='word_1_656' title='bbox 2167 4552 2388 4602; x_wconf 84' lang='lat' dir='ltr'>sanctae</span> <span class='ocrx_word' id='word_1_657' title='bbox 2424 4546 2528 4599; x_wconf 92' lang='lat' dir='ltr'>Dei</span> <span class='ocrx_word' id='word_1_658' title='bbox 2555 4544 2865 4616; x_wconf 87' lang='lat' dir='ltr'>genitricis</span> <span class='ocrx_word' id='word_1_659' title='bbox 2899 4543 3099 4597; x_wconf 69' lang='lat' dir='ltr'>Mariae</span> <span class='ocrx_word' id='word_1_660' title='bbox 3121 4539 3572 4596; x_wconf 90' lang='lat' dir='ltr'>Cameracensis</span> 
     </span>
    </p>
   </div>
   <div class='ocr_carea' id='block_1_97' title="bbox 1900 4628 3570 4705">
    <p class='ocr_par' dir='ltr' id='par_1_97' title="bbox 1900 4628 3570 4705">
     <span class='ocr_line' id='line_1_97' title="bbox 1900 4628 3570 4705; baseline -0.007 -13"><span class='ocrx_word' id='word_1_661' title='bbox 1900 4637 2193 4692; x_wconf 71' lang='lat' dir='ltr'>aacclesiaa</span> <span class='ocrx_word' id='word_1_662' title='bbox 2208 4651 2313 4705; x_wconf 90' lang='lat' dir='ltr'>per</span> <span class='ocrx_word' id='word_1_663' title='bbox 2327 4635 3028 4688; x_wconf 87' lang='lat' dir='ltr'>cartaruminstrumenta</span> <span class='ocrx_word' id='word_1_664' title='bbox 3046 4631 3310 4699; x_wconf 75' lang='lat' dir='ltr'>contulit,</span> <span class='ocrx_word' id='word_1_665' title='bbox 3345 4632 3406 4683; x_wconf 86' lang='lat' dir='ltr'>ut</span> <span class='ocrx_word' id='word_1_666' title='bbox 3435 4628 3570 4682; x_wconf 90' lang='lat' dir='ltr'>inde</span> 
     </span>
    </p>
   </div>
   <div class='ocr_carea' id='block_1_98' title="bbox 1900 4721 3570 4793">
    <p class='ocr_par' dir='ltr' id='par_1_98' title="bbox 1900 4721 3570 4793">
     <span class='ocr_line' id='line_1_98' title="bbox 1900 4721 3570 4793; baseline -0.007 -13"><span class='ocrx_word' id='word_1_667' title='bbox 1900 4727 2286 4782; x_wconf 88' lang='lat' dir='ltr'>refectionem</span> <span class='ocrx_word' id='word_1_668' title='bbox 2311 4724 2426 4777; x_wconf 86' lang='lat' dir='ltr'>cibi</span> <span class='ocrx_word' id='word_1_669' title='bbox 2449 4727 2506 4778; x_wconf 89' lang='lat' dir='ltr'>et</span> <span class='ocrx_word' id='word_1_670' title='bbox 2532 4727 2706 4793; x_wconf 88' lang='lat' dir='ltr'>potus</span> <span class='ocrx_word' id='word_1_671' title='bbox 2736 4723 2990 4777; x_wconf 88' lang='lat' dir='ltr'>habeant</span> <span class='ocrx_word' id='word_1_672' title='bbox 3019 4721 3285 4776; x_wconf 89' lang='lat' dir='ltr'>canonici</span> <span class='ocrx_word' id='word_1_673' title='bbox 3314 4734 3420 4788; x_wconf 92' lang='lat' dir='ltr'>per</span> <span class='ocrx_word' id='word_1_674' title='bbox 3440 4733 3570 4771; x_wconf 90' lang='lat' dir='ltr'>om-</span> 
     </span>
    </p>
   </div>
   <div class='ocr_carea' id='block_1_99' title="bbox 1875 4805 3571 4880">
    <p class='ocr_par' dir='ltr' id='par_1_99' title="bbox 1875 4805 3571 4880">
     <span class='ocr_line' id='line_1_99' title="bbox 1875 4805 3571 4880; baseline -0.006 -12"><span class='ocrx_word' id='word_1_675' title='bbox 1875 4831 2005 4870; x_wconf 79' lang='lat' dir='ltr'>nes</span> <span class='ocrx_word' id='word_1_676' title='bbox 2029 4814 2358 4869; x_wconf 89' lang='lat' dir='ltr'>dominicas</span> <span class='ocrx_word' id='word_1_677' title='bbox 2383 4815 2566 4867; x_wconf 92' lang='lat' dir='ltr'>totius</span> <span class='ocrx_word' id='word_1_678' title='bbox 2595 4812 2755 4880; x_wconf 82' lang='lat' dir='ltr'>anni;</span> <span class='ocrx_word' id='word_1_679' title='bbox 2788 4812 2864 4864; x_wconf 89' lang='lat' dir='ltr'>ita</span> <span class='ocrx_word' id='word_1_680' title='bbox 2889 4815 3102 4878; x_wconf 88' lang='lat' dir='ltr'>tamen,</span> <span class='ocrx_word' id='word_1_681' title='bbox 3129 4812 3190 4861; x_wconf 87' lang='lat' dir='ltr'>ut</span> <span class='ocrx_word' id='word_1_682' title='bbox 3213 4809 3270 4860; x_wconf 91' lang='lat' dir='ltr'>in</span> <span class='ocrx_word' id='word_1_683' title='bbox 3296 4805 3571 4860; x_wconf 90' lang='lat' dir='ltr'>omnibus</span> 
     </span>
    </p>
   </div>
   <div class='ocr_carea' id='block_1_100' title="bbox 1423 4952 2237 5018">
    <p class='ocr_par' dir='ltr' id='par_1_100' title="bbox 1423 4952 2237 5018">
     <span class='ocr_line' id='line_1_100' title="bbox 1423 4952 2237 5018; baseline 0.004 -9"><span class='ocrx_word' id='word_1_684' title='bbox 1423 4952 1707 5016; x_wconf 67' lang='lat' dir='ltr'>VARIJE</span> <span class='ocrx_word' id='word_1_685' title='bbox 1746 4954 2237 5018; x_wconf 86' lang='lat' dir='ltr'>LECTIONES.</span> 
     </span>
    </p>
   </div>
   <div class='ocr_carea' id='block_1_101' title="bbox 207 5067 3602 5156">
    <p class='ocr_par' dir='ltr' id='par_1_101' title="bbox 207 5067 3602 5156">
     <span class='ocr_line' id='line_1_101' title="bbox 207 5067 3602 5156; baseline -0.005 -10"><span class='ocrx_word' id='word_1_686' title='bbox 207 5067 485 5156; x_wconf 47' lang='grc' dir='ltr'>ἴτ’,ηείξιὲρ</span> <span class='ocrx_word' id='word_1_687' title='bbox 514 5076 593 5156; x_wconf 69' lang='grc' dir='ltr'>’1-Δ</span> <span class='ocrx_word' id='word_1_688' title='bbox 643 5073 721 5119; x_wconf 79' lang='grc'>³³⁷</span> <span class='ocrx_word' id='word_1_689' title='bbox 755 5077 970 5156; x_wconf 58' lang='lat' dir='ltr'>malum</span> <span class='ocrx_word' id='word_1_690' title='bbox 999 5076 1209 5156; x_wconf 50' lang='lat'>7,338</span> <span class='ocrx_word' id='word_1_691' title='bbox 1235 5081 1527 5156; x_wconf 71' lang='lat' dir='ltr'>adversus</span> <span class='ocrx_word' id='word_1_692' title='bbox 1546 5086 1597 5138; x_wconf 77' lang='lat'>7.</span> <span class='ocrx_word' id='word_1_693' title='bbox 1675 5085 1757 5131; x_wconf 75' lang='lat'>339</span> <span class='ocrx_word' id='word_1_694' title='bbox 1786 5088 1959 5144; x_wconf 84' lang='lat' dir='ltr'>deest</span> <span class='ocrx_word' id='word_1_695' title='bbox 1996 5088 2050 5142; x_wconf 80' lang='lat'>7.</span> <span class='ocrx_word' id='word_1_696' title='bbox 2126 5085 2207 5131; x_wconf 81' lang='grc' dir='ltr'>3ίο</span> <span class='ocrx_word' id='word_1_697' title='bbox 2260 5085 2497 5156; x_wconf 78' lang='lat' dir='ltr'>populis</span> <span class='ocrx_word' id='word_1_698' title='bbox 2555 5085 2627 5156; x_wconf 57' lang='grc' dir='ltr'>π,</span> <span class='ocrx_word' id='word_1_699' title='bbox 2669 5084 2728 5156; x_wconf 85' lang='lat' dir='ltr'>in</span> <span class='ocrx_word' id='word_1_700' title='bbox 2767 5079 3188 5156; x_wconf 14' lang='lat' dir='ltr'>Achrismandis</span> <span class='ocrx_word' id='word_1_701' title='bbox 3245 5078 3436 5156; x_wconf 64' lang='lat' dir='ltr'>tqrbis</span> <span class='ocrx_word' id='word_1_702' title='bbox 3507 5076 3602 5130; x_wconf 76' lang='grc' dir='ltr'>γ..</span> 
     </span>
    </p>
   </div>
   <div class='ocr_carea' id='block_1_102' title="bbox 157 5137 3570 5223">
    <p class='ocr_par' dir='ltr' id='par_1_102' title="bbox 157 5137 3570 5223">
     <span class='ocr_line' id='line_1_102' title="bbox 157 5137 3570 5223; baseline -0.006 0"><span class='ocrx_word' id='word_1_703' title='bbox 157 5137 315 5223; x_wconf 49' lang='grc' dir='ltr'>Ῑλίίδ·</span> <span class='ocrx_word' id='word_1_704' title='bbox 386 5143 464 5187; x_wconf 67' lang='lat'>3“</span> <span class='ocrx_word' id='word_1_705' title='bbox 503 5149 694 5223; x_wconf 56' lang='lat' dir='ltr'>9mm&quot;</span> <span class='ocrx_word' id='word_1_706' title='bbox 726 5147 883 5223; x_wconf 56' lang='lat' dir='ltr'>alid,”</span> <span class='ocrx_word' id='word_1_707' title='bbox 912 5148 964 5202; x_wconf 80' lang='grc'>⁷·</span> <span class='ocrx_word' id='word_1_708' title='bbox 1042 5146 1124 5223; x_wconf 45' lang='lat'>34?</span> <span class='ocrx_word' id='word_1_709' title='bbox 1151 5168 1202 5205; x_wconf 68' lang='grc' dir='ltr'>αι</span> <span class='ocrx_word' id='word_1_710' title='bbox 1233 5152 1336 5207; x_wconf 67' lang='lat' dir='ltr'>Ubi</span> <span class='ocrx_word' id='word_1_711' title='bbox 1361 5170 1416 5223; x_wconf 82' lang='grc' dir='ltr'>ρ.</span> <span class='ocrx_word' id='word_1_712' title='bbox 1454 5137 1503 5209; x_wconf 14' lang='grc' dir='ltr'>Ξῖ.</span> <span class='ocrx_word' id='word_1_713' title='bbox 1548 5137 1620 5211; x_wconf 45' lang='grc'>2)).</span> <span class='ocrx_word' id='word_1_714' title='bbox 1698 5137 1992 5214; x_wconf 57' lang='grc' dir='ltr'>ελί3ἶῖδίο</span> <span class='ocrx_word' id='word_1_715' title='bbox 2011 5137 2208 5214; x_wconf 71' lang='lat' dir='ltr'>animo</span> <span class='ocrx_word' id='word_1_716' title='bbox 2225 5137 2633 5212; x_wconf 42' lang='lat' dir='ltr'>&#39;7ft-otisanimi</span> <span class='ocrx_word' id='word_1_717' title='bbox 2669 5153 2895 5223; x_wconf 79' lang='lat' dir='ltr'>viribus</span> <span class='ocrx_word' id='word_1_718' title='bbox 2929 5150 3204 5223; x_wconf 31' lang='lat' dir='ltr'>V_l_.Ael_&#39;tb.</span> <span class='ocrx_word' id='word_1_719' title='bbox 3267 5146 3359 5223; x_wconf 52' lang='grc' dir='ltr'>ἒβη</span> <span class='ocrx_word' id='word_1_720' title='bbox 3389 5152 3570 5223; x_wconf 62' lang='lat' dir='ltr'>t.q.r.</span> 
     </span>
    </p>
   </div>
   <div class='ocr_carea' id='block_1_103' title="bbox 155 5214 3568 5298">
    <p class='ocr_par' dir='ltr' id='par_1_103' title="bbox 155 5214 3568 5298">
     <span class='ocr_line' id='line_1_103' title="bbox 155 5214 3568 5298; baseline 0.003 -35"><span class='ocrx_word' id='word_1_721' title='bbox 155 5224 192 5263; x_wconf 86' lang='lat' dir='ltr'>a.</span> <span class='ocrx_word' id='word_1_722' title='bbox 221 5214 254 5265; x_wconf 85' lang='lat' dir='ltr'>f.</span> <span class='ocrx_word' id='word_1_723' title='bbox 284 5232 352 5269; x_wconf 80' lang='grc' dir='ltr'>ιη.</span> <span class='ocrx_word' id='word_1_724' title='bbox 387 5232 440 5270; x_wconf 90' lang='lat' dir='ltr'>e.</span> <span class='ocrx_word' id='word_1_725' title='bbox 476 5218 713 5272; x_wconf 79' lang='lat' dir='ltr'>desunt.</span> <span class='ocrx_word' id='word_1_726' title='bbox 748 5216 799 5271; x_wconf 84' lang='lat'>7.</span> <span class='ocrx_word' id='word_1_727' title='bbox 833 5222 1084 5272; x_wconf 88' lang='lat' dir='ltr'>terra—</span> <span class='ocrx_word' id='word_1_728' title='bbox 1106 5214 1606 5296; x_wconf 73' lang='lat' dir='ltr'>hereditatemque</span> <span class='ocrx_word' id='word_1_729' title='bbox 1637 5230 1987 5298; x_wconf 86' lang='lat' dir='ltr'>praeclaram</span> <span class='ocrx_word' id='word_1_730' title='bbox 2018 5231 2232 5286; x_wconf 81' lang='lat' dir='ltr'>desunt</span> <span class='ocrx_word' id='word_1_731' title='bbox 2260 5228 2315 5282; x_wconf 72' lang='lat'>2&quot;</span> <span class='ocrx_word' id='word_1_732' title='bbox 2389 5225 2470 5268; x_wconf 60' lang='lat'>345</span> <span class='ocrx_word' id='word_1_733' title='bbox 2491 5229 2828 5280; x_wconf 88' lang='lat' dir='ltr'>lassescere</span> <span class='ocrx_word' id='word_1_734' title='bbox 2859 5221 2910 5276; x_wconf 91' lang='lat'>7.</span> <span class='ocrx_word' id='word_1_735' title='bbox 2987 5218 3068 5263; x_wconf 57' lang='grc' dir='ltr'>ωδ</span> <span class='ocrx_word' id='word_1_736' title='bbox 3103 5214 3484 5276; x_wconf 77' lang='lat' dir='ltr'>hereditatem</span> <span class='ocrx_word' id='word_1_737' title='bbox 3515 5219 3568 5273; x_wconf 82' lang='lat'>&#39;1.</span> 
     </span>
    </p>
   </div>
   <div class='ocr_carea' id='block_1_104' title="bbox 1728 5377 1984 5441">
    <p class='ocr_par' dir='ltr' id='par_1_104' title="bbox 1728 5377 1984 5441">
     <span class='ocr_line' id='line_1_104' title="bbox 1728 5377 1984 5441; baseline 0 -1"><span class='ocrx_word' id='word_1_738' title='bbox 1728 5377 1984 5441; x_wconf 74' lang='grc' dir='ltr'>ΝΟΤιΕ</span> 
     </span>
    </p>
   </div>
   <div class='ocr_carea' id='block_1_105' title="bbox 207 5493 990 5566">
    <p class='ocr_par' dir='ltr' id='par_1_105' title="bbox 207 5493 990 5566">
     <span class='ocr_line' id='line_1_105' title="bbox 207 5493 990 5566; baseline 0.005 -16"><span class='ocrx_word' id='word_1_739' title='bbox 207 5493 336 5566; x_wconf 54' lang='grc' dir='ltr'>τξᾷξνῤ)</span> <span class='ocrx_word' id='word_1_740' title='bbox 365 5496 405 5566; x_wconf 83' lang='lat' dir='ltr'>l.</span> <span class='ocrx_word' id='word_1_741' title='bbox 441 5512 495 5550; x_wconf 88' lang='lat' dir='ltr'>e.</span> <span class='ocrx_word' id='word_1_742' title='bbox 541 5498 990 5556; x_wconf 83' lang='lat' dir='ltr'>Char-Woche.</span> 
     </span>
    </p>
   </div>
   <div class='ocr_carea' id='block_1_106' title="bbox 204 5563 1784 5643">
    <p class='ocr_par' dir='ltr' id='par_1_106' title="bbox 204 5563 1784 5643">
     <span class='ocr_line' id='line_1_106' title="bbox 204 5563 1784 5643; baseline 0.01 -26"><span class='ocrx_word' id='word_1_743' title='bbox 204 5563 330 5643; x_wconf 41' lang='grc' dir='ltr'>(ξξὸἷ)</span> <span class='ocrx_word' id='word_1_744' title='bbox 361 5565 630 5643; x_wconf 44' lang='grc' dir='ltr'>[θίοιθόῑ</span> <span class='ocrx_word' id='word_1_745' title='bbox 669 5569 1020 5627; x_wconf 85' lang='lat' dir='ltr'>d’Arouaise</span> <span class='ocrx_word' id='word_1_746' title='bbox 1086 5576 1473 5643; x_wconf 79' lang='lat' dir='ltr'>commencait</span> <span class='ocrx_word' id='word_1_747' title='bbox 1533 5592 1672 5633; x_wconf 91' lang='lat' dir='ltr'>vers</span> <span class='ocrx_word' id='word_1_748' title='bbox 1730 5579 1784 5634; x_wconf 91' lang='lat' dir='ltr'>le</span> 
     </span>
    </p>
   </div>
   <div class='ocr_carea' id='block_1_107' title="bbox 152 5631 1768 5717">
    <p class='ocr_par' dir='ltr' id='par_1_107' title="bbox 152 5631 1768 5717">
     <span class='ocr_line' id='line_1_107' title="bbox 152 5631 1768 5717; baseline 0.008 -26"><span class='ocrx_word' id='word_1_749' title='bbox 152 5631 355 5717; x_wconf 24' lang='lat' dir='ltr'>flbileeu</span> <span class='ocrx_word' id='word_1_750' title='bbox 383 5639 659 5717; x_wconf 72' lang='lat' dir='ltr'>d’Encre,</span> <span class='ocrx_word' id='word_1_751' title='bbox 684 5646 739 5695; x_wconf 84' lang='lat' dir='ltr'>et</span> <span class='ocrx_word' id='word_1_752' title='bbox 763 5631 1406 5717; x_wconf 51' lang='lat' dir='ltr'>s’étendaitjusqu‘au&#39;x</span> <span class='ocrx_word' id='word_1_753' title='bbox 1419 5631 1676 5704; x_wconf 85' lang='lat' dir='ltr'>sources</span> <span class='ocrx_word' id='word_1_754' title='bbox 1697 5631 1768 5704; x_wconf 78' lang='lat' dir='ltr'>de</span> 
     </span>
    </p>
   </div>
   <div class='ocr_carea' id='block_1_108' title="bbox 149 5700 801 5767">
    <p class='ocr_par' dir='ltr' id='par_1_108' title="bbox 149 5700 801 5767">
     <span class='ocr_line' id='line_1_108' title="bbox 149 5700 801 5767; baseline 0.025 -16"><span class='ocrx_word' id='word_1_755' title='bbox 149 5700 188 5751; x_wconf 82' lang='lat' dir='ltr'>la</span> <span class='ocrx_word' id='word_1_756' title='bbox 210 5701 460 5766; x_wconf 83' lang='lat' dir='ltr'>Sambre.</span> <span class='ocrx_word' id='word_1_757' title='bbox 498 5710 585 5764; x_wconf 72' lang='lat' dir='ltr'>Ls</span> <span class='ocrx_word' id='word_1_758' title='bbox 616 5700 801 5767; x_wconf 73' lang='lat' dir='ltr'>GLAY.</span> 
     </span>
    </p>
   </div>
   <div class='ocr_carea' id='block_1_109' title="bbox 1961 5507 2892 5579">
    <p class='ocr_par' dir='ltr' id='par_1_109' title="bbox 1961 5507 2892 5579">
     <span class='ocr_line' id='line_1_109' title="bbox 1961 5507 2892 5579; baseline -0.005 -15"><span class='ocrx_word' id='word_1_759' title='bbox 1961 5509 2110 5579; x_wconf 80' lang='grc'>(458)</span> <span class='ocrx_word' id='word_1_760' title='bbox 2144 5511 2288 5578; x_wconf 84' lang='lat' dir='ltr'>Défi,</span> <span class='ocrx_word' id='word_1_761' title='bbox 2323 5507 2892 5577; x_wconf 85' lang='lat' dir='ltr'>herausforderung.</span> 
     </span>
    </p>
   </div>
   <div class='ocr_carea' id='block_1_110' title="bbox 1971 5580 2782 5652">
    <p class='ocr_par' dir='ltr' id='par_1_110' title="bbox 1971 5580 2782 5652">
     <span class='ocr_line' id='line_1_110' title="bbox 1971 5580 2782 5652; baseline -0.005 -17"><span class='ocrx_word' id='word_1_762' title='bbox 1971 5580 2120 5652; x_wconf 74' lang='grc'>(459)</span> <span class='ocrx_word' id='word_1_763' title='bbox 2152 5581 2526 5652; x_wconf 78' lang='lat' dir='ltr'>Oisy,_prope</span> <span class='ocrx_word' id='word_1_764' title='bbox 2566 5580 2782 5632; x_wconf 83' lang='lat' dir='ltr'>Arras.</span> 
     </span>
    </p>
   </div>
   <div class='ocr_carea' id='block_1_111' title="bbox 1953 5650 2437 5721">
    <p class='ocr_par' dir='ltr' id='par_1_111' title="bbox 1953 5650 2437 5721">
     <span class='ocr_line' id='line_1_111' title="bbox 1953 5650 2437 5721; baseline 0 -17"><span class='ocrx_word' id='word_1_765' title='bbox 1953 5650 2105 5721; x_wconf 78' lang='lat'>(460)</span> <span class='ocrx_word' id='word_1_766' title='bbox 2130 5650 2437 5706; x_wconf 86' lang='lat' dir='ltr'>Zurechte.</span> 
     </span>
    </p>
   </div>
  </div>
