4058 6182
362 374 472 438 191

1283 376 1557 437 GESTA
1592 376 2122 442 PONTIFICtUM
2158 377 2893 469 CAMERACENSIUM

3670 380 3783 445 192

359 574 641 628 secundis
668 574 833 628 feriis
873 590 904 627 a
938 576 1400 645 congregatione
1447 577 1802 646 generaliter
1831 577 2016 630 missa
2043 561 2102 622 Α
2130 583 2184 633 et
2212 581 2396 635 laicos
2430 595 2574 634 suos
2594 580 2670 633 ita
2693 579 2992 651 diligebat,
3028 581 3182 634 sicut
3205 579 3440 651 gallina,
3476 594 3607 649 quae
3640 594 3782 632 con-

359 662 691 717 celebretur
722 679 826 732 pro
858 664 1047 715 anima
1078 663 1212 735 ejus
1244 668 1296 717 et
1326 680 1430 733 pro
1463 665 1691 719 cunctis
1741 665 2015 719 fidelibus

358 750 674 806 defunctis.
700 752 771 805 Et
801 754 937 824 quia
969 754 1041 806 de
1070 753 1307 807 caritate
1341 769 1480 823 erga
1513 755 1846 808 mcclesiam
1877 771 2018 809 san-

359 842 469 893 ctae
492 840 691 894 Mariae
714 845 769 895 et
791 840 1109 894 canonicos
1132 841 1266 911 ejus
1291 842 1447 896 illata
1478 842 1758 911 disserui,
1785 859 1899 896 non
1918 858 2017 896 re-

358 927 553 982 ticebo
567 929 822 999 penitus,
849 929 1081 1000 qualem
1111 945 1176 983 se
1199 930 1330 983 aliis
1362 931 1615 984 civitatis
1638 929 2018 985 monasteriis

360 1015 712 1071 exhibuerit.
741 1018 1159 1072 Monasterium
1182 1019 1371 1072 sancti
1415 1019 1733 1089 Sepulchri
1761 1020 1833 1071 ab
1886 1020 2017 1088 ipso

360 1101 540 1158 fundo
565 1105 875 1161 mdificavit
897 1105 1062 1176 (461),
1089 1110 1144 1160 et
1165 1107 1357 1175 posito
1389 1107 1530 1160 inibi
1555 1107 1763 1161 abbate
1785 1105 1863 1149 347
1886 1124 2018 1161 cum

358 1194 689 1263 monachis,
714 1195 907 1249 locum
928 1195 1088 1248 illum
1127 1195 1584 1264 possesionibus
1607 1198 1663 1249 et
1694 1196 2017 1250 commodis

360 1281 545 1335 rebus
582 1282 880 1353 decenter,
906 1284 1325 1352 sicutpresens
1351 1288 1581 1353 tempus
1612 1284 1838 1352 probat,
1875 1284 2016 1338 dita-

359 1368 461 1422 vit.
487 1370 550 1423 In
572 1371 846 1424 aacclesia
863 1386 1007 1425 vero
1030 1372 1218 1426 sancti
1239 1373 1506 1426 Autberti
1531 1373 1837 1444 regulares
1854 1389 2021 1427 cano-

359 1457 524 1511 nicos
547 1475 680 1513 eum
699 1459 909 1513 abbate
949 1460 1350 1515 constituit3t8
1391 1460 1565 1530 (462);
1600 1463 1805 1516 altaria
1845 1463 2017 1515 valde

357 1546 511 1601 bona
534 1550 590 1602 et
612 1549 1036 1620 possessiones
1059 1550 1364 1619 preclaras
1401 1551 1829 1619 superaddidit;
1854 1566 2022 1604 cano-

2130 685 2395 739 gregans
2416 669 2611 739 pullos
2635 684 2781 723 suos
2804 669 2963 723 fovet
2986 684 3090 723 eos
3115 670 3226 723 sub
3253 669 3377 723 alas
3424 683 3589 722 suas.
3625 666 3783 721 Nulli

2130 758 2309 828 igitur
2331 758 2402 811 de
2426 757 2656 811 civibus
2674 758 2803 812 suis
2819 759 3036 826 nocuit,
3054 774 3188 811 cum
3205 757 3479 812 omnibus
3492 755 3783 826 prodesse

2130 845 2438 900 studuerit.
2470 845 2773 900 Civitatem
2798 847 3011 917 itaque,
3046 862 3221 918 quam
3243 846 3561 917 episcopus
3591 843 3782 897 factus

2129 950 2233 1003 pro
2257 950 2583 988 \verrarum
2606 934 2894 988 seditione
2926 934 3219 988 desertam
3260 934 3499 1001 invenit,
3538 932 3784 1002 populo-

2130 1038 2257 1077 sam
2271 1025 2326 1075 et
2340 1023 2712 1092 oppulentam
2725 1023 2984 1077 moriens
2999 1022 3328 1094 dereliquit.
3367 1022 3601 1075 Novum
3639 1034 3784 1073 vero

2130 1117 2387 1166 castrum
2418 1115 2638 1166 sanctae
2658 1112 2857 1165 Mariae
2895 1115 2951 1165 et
2984 1111 3277 1165 abbatiam
3311 1110 3500 1164 sancti
3531 1107 3785 1162 Andreae

2130 1200 2379 1268 apostoli
2405 1204 2460 1254 et
2478 1200 2790 1254 cenobium
2814 1200 3000 1253 sancti
3032 1199 3339 1253 Humberti
3374 1199 3446 1252 de
3486 1195 3786 1250 Maricolis
3866 1193 3870 1197 ’

2132 1288 2187 1342 in
2209 1289 2419 1343 melius
2450 1304 2687 1358 semper
2710 1289 2969 1343 exaltare
3001 1304 3117 1342 non
3175 1287 3454 1342 cessavit.
3509 1286 3788 1339 Preterea

2133 1378 2579 1449 congregationi
2602 1380 2824 1430 sanctae
2848 1376 3047 1430 Mariae
3070 1375 3444 1430 Atrebatensi
3474 1372 3789 1428 ecclesiam

2133 1466 2204 1518 de
2238 1466 2490 1519 Belreim
2511 1465 2768 1518 tradidit.
2805 1464 2875 1518 Et
2906 1465 2963 1517 in
2984 1464 3339 1518 monasterio
3372 1463 3557 1517 sancti
3582 1460 3787 1514 Vindi-

2133 1553 2283 1607 ciani
2298 1553 2451 1623 apud
2467 1557 2719 1608 montem
2739 1555 2925 1607 sancti
2948 1552 3121 1624 Eligii
3136 1553 3249 1606 sito
3267 1552 3587 1605 canonicos
3610 1565 3791 1621 regu-

359 1635 510 1689 nicis
544 1636 774 1707 ejectis,
801 1638 899 1707 qui
940 1638 1159 1693 ibidem
1197 1640 1570 1710 negligenter
1607 1640 2020 1694 deserviebant
2054 1622 2102 1681 Β
2132 1643 2287 1695 lares
2305 1622 2627 1711 constituit,
2645 1622 3071 1712 etejeclisinde
3086 1640 3654 1709 canonicisillis,qui
3680 1655 3789 1691 an-

359 1725 694 1795 prebendas
733 1727 1047 1797 magniﬁce
1090 1727 1161 1781 de
1188 1743 1297 1780 suo
1347 1728 1585 1797 proprio
1627 1728 2016 1793 restauravit;

360 1812 763 1882 Erleboldum,
789 1815 889 1885 qui
914 1815 1247 1869 aecclesiam
1272 1820 1493 1870 sanctae
1516 1815 1726 1870 Crucis
1759 1816 2019 1870 aediﬁca-

358 1902 461 1971 vit,
484 1904 540 1955 et
560 1903 739 1957 rebus
762 1907 819 1957 et
843 1904 1090 1958 consilio
1116 1905 1359 1958 multum
1388 1905 1566 1974 juvit,
1610 1910 1665 1959 et
1705 1905 1763 1958 in
1795 1907 2018 1977 eligen-

360 1990 453 2044 dis
488 1994 543 2044 et
572 1992 862 2061 ponendis
895 1994 1199 2047 canonicis
1233 2009 1540 2047 numerum
1579 1997 1635 2047 ct
1672 1994 2018 2049 electionem

360 2078 644 2133 adhibuit.
670 2080 1001 2134 Ecclesium
1017 2082 1208 2135 sancti
1225 2082 1484 2150 Vedasti,
1503 2098 1678 2152 quam
1694 2082 1830 2135 fecit
1866 2083 2019 2136 idem

360 2166 735 2239 Erleboldus,
759 2168 896 2224 fecit
927 2170 1176 2224 consilio
1200 2174 1256 2225 et
1281 2170 1498 2224 auxilio
1535 2171 1688 2240 ejus.
1720 2171 2018 2226 Monaste-

358 2254 511 2309 rium
534 2257 922 2326 sanctipatris
944 2259 1136 2312 nostri
1173 2258 1485 2330 Gaygerici
1527 2276 1643 2313 non
1684 2261 2014 2329 pretermit-

358 2345 494 2414 tam,
520 2346 614 2399 cui
637 2346 863 2400 deditin
887 2347 1112 2402 Athene
1135 2348 1318 2419 hujus
1330 2346 1411 2389 349
1432 2349 1686 2402 civitatis
1710 2350 2016 2418 decimam,

359 2436 560 2488 etcum
582 2435 761 2489 rebus
776 2434 906 2489 aliis
922 2436 1092 2489 valde
1105 2435 1281 2489 bonis
1300 2437 1373 2490 ad
1388 2436 1598 2507 pedem
1616 2437 1833 2490 montis
1858 2436 2019 2507 ejus-

360 2523 492 2579 dem
514 2525 702 2577 sancti
718 2522 1033 2596 Gaugerici
1058 2526 1322 2579 cambam
1340 2541 1535 2579 unam.
1571 2524 1837 2579 Clericos
1874 2541 2020 2579 vero

2132 1736 2223 1784 tea
2245 1730 2323 1783 ibi
2338 1730 2712 1802 negligenter
2724 1729 3164 1799 deserviebant,
3184 1728 3365 1782 multa
3378 1729 3449 1782 de
3470 1727 3599 1781 suis
3612 1727 3790 1781 bonis

2133 1819 2559 1888 superaddidit.
2591 1818 2848 1872 Tandem
2872 1819 3023 1872 inter
3053 1816 3399 1888 hujusmodi
3426 1816 3793 1870 bonorumo—

2130 1923 2335 1977 perum
2358 1907 2637 1962 exercitia
2669 1907 2886 1961 decidit
2924 1907 2984 1961 in
3025 1906 3440 1974 inﬁrmitatem,
3479 1920 3652 1975 quam
3685 1919 3793 1973 per

2131 2001 2252 2049 tres
2271 1995 2393 2050 fere
2416 2011 2604 2050 annos
2628 2012 2761 2050 cum
2773 1996 2952 2049 multa
2965 1995 3242 2064 patientia
3275 1996 3599 2059 sustinens,
3622 1994 3682 2046 in
3708 1992 3793 2045 vi-

2130 2084 2270 2155 gilia
2294 2084 2482 2137 sancti
2508 2083 2797 2137 Johannis
2816 2084 3096 2152 Baptistae
3125 2082 3337 2152 plenus
3380 2081 3608 2136 dierum
3645 2081 3793 2135 obiit

2130 2170 2562 2241 mortem(463).
2599 2171 2877 2242 Sepultus
2905 2176 2996 2225 est
3027 2172 3221 2224 autem
3263 2170 3320 2223 in
3366 2170 3543 2223 multa
3577 2169 3789 2248 gloria,

2130 2276 2264 2313 cum
2282 2260 2485 2314 dolore
2509 2263 2701 2313 tamen
2722 2260 2996 2329 ﬁliorum,
3013 2260 3072 2313 in
3097 2258 3287 2314 sancti
3325 2257 3632 2328 Sepulchri
3675 2272 3791 2310 aee-

2131 2348 2334 2419 clesia,
2352 2349 2670 2419 quamipse
2692 2349 3065 2403 cdiﬁcaverat
3081 2352 3136 2402 et
3161 2348 3371 2402 abbate
3393 2348 3449 2401 et
3483 2345 3793 2400 monachis

2130 2437 2409 2492 decenter
2437 2437 2847 2492 adornaverat.

1026 2709 1484 2825 GESTA
1533 2710 2153 2826 GERARDI
2212 2713 2311 2822 ΙΙ
2356 2710 2981 2826 EPISCOPI
3030 2697 3135 2752 35°

433 2916 483 2970 1.
516 2916 638 2971 Sub
670 2919 930 2986 tempore
944 2933 1061 2988 quo
1085 2918 1388 2972 secundus
1412 2917 1871 2987 (464)Henricus
1896 2918 2018 2972 Ro-

361 3021 598 3060 manum
627 3007 861 3060 tenebat
904 3006 1234 3077 imperium,
1269 3007 1532 3061 succesit
1572 3007 1873 3061 secundus
1911 3006 2020 3061 Ge-

360 3095 493 3148 rard
502 3110 570 3148 us
584 3095 655 3148 ad
669 3093 745 3149 Ca
755 3110 1158 3150 meracensem
1187 3096 1590 3166 episcopatum
1605 3103 1741 3166 post
1755 3111 2020 3150 avuncu-

359 3183 480 3239 lum
502 3199 677 3238 suum
698 3185 1082 3253 Lietbertum,
1108 3186 1302 3240 habita
1336 3185 1481 3239 cleri
1506 3189 1563 3239 et
1585 3185 1782 3255 pepuli
1807 3186 2021 3240 Came-

2146 2917 2263 2972 sibi
2307 2918 2648 2972 commissis
2701 2918 2957 2973 debitam
3018 2918 3388 2973 dilectionem
3420 2918 3716 2988 conferre,
3752 2923 3813 2972 et

2143 3022 2351 3077 pacem
2400 3008 2473 3062 de
2532 3007 2788 3062 inimicis
2830 3008 3126 3078 aquirere,
3164 3007 3455 3077 imprimis
3492 3007 3810 3078 Hugonem

2145 3096 2550 3165 eastellanum,
2571 3112 2745 3166 quem
2765 3111 2955 3166 usque
2971 3096 3028 3149 in
3047 3096 3222 3150 ﬁnem
3245 3111 3392 3150 suus
3407 3096 3812 3166 predecessor

2144 3185 2484 3240 Lietbertus
2515 3185 2631 3240 sibi
2661 3200 2884 3254 passus
2916 3187 3008 3238 est
3036 3184 3358 3253 inimicum,
3393 3200 3500 3253 per
3529 3184 3810 3239 comitem

362 3274 632 3327 racensis
656 3275 917 3329 omnium
961 3275 1268 3343 electione,
1313 3290 1447 3328 cum
1484 3290 1743 3329 assensu
1778 3277 1834 3328 et
1866 3274 2022 3329 dono
2063 3261 2114 3323 C
2143 3290 2348 3328 senem
2385 3274 2706 3329 Robertum
2730 3275 3215 3344 etperprincipes
3245 3273 3652 3328 Flandriarum
3670 3288 3810 3342 pre-

360 3363 580 3433 regalis
592 3364 889 3431 potentiae.
904 3363 1012 3427 Qui
1029 3379 1163 3418 mox
1177 3366 1449 3418 sacratus
1466 3379 1499 3417 a
1512 3363 1765 3435 Hugone
1795 3362 2020 3432 Diensi,

361 3454 635 3519 precepto
664 3452 1051 3505 Hildebrandi
1072 3455 1207 3505 tunc
1222 3451 1554 3521 apostolici,
1571 3451 1724 3520 apud
1748 3451 2025 3522 Augusti-

360 3537 599 3608 dunum,
629 3539 979 3610 regrediens
1003 3540 1325 3594 honoriﬁce
1347 3542 1665 3609 susceptus
1690 3541 1782 3592 est
1800 3554 1835 3591 a
1858 3555 2020 3593 com-

359 3626 549 3680 misso
587 3626 704 3681 sibi
742 3627 955 3697 populo
986 3627 1529 3683 Cameracensium.
1563 3628 1705 3683 Cum
1740 3630 1932 3682 autem
1962 3629 2023 3682 in

361 3729 472 3769 suo
502 3714 742 3771 introitu
762 3716 1223 3786 susceptiofﬁcii
1244 3716 1387 3787 jura
1422 3715 1604 3772 voluit
1634 3732 1938 3787 exercere,
1967 3722 2024 3773 et

2141 3365 2368 3432 paravit
2390 3364 2506 3418 sibi
2563 3363 2860 3418 hominem
2899 3363 3047 3432 (465)
3105 3368 3160 3417 et
3207 3362 3481 3427 amicum,
3532 3366 3650 3415 tam
3693 3376 3809 3431 per

2142 3454 2315 3507 fidem
2342 3468 2517 3523 quam
2534 3467 2640 3522 per
2672 3454 3125 3506 sacramentum.
3155 3452 3415 3506 Retinuit
3450 3454 3643 3504 tamen
3672 3450 3809 3519 epi—

2140 3558 2361 3611 scopus
2384 3542 2444 3594 in
2477 3542 2608 3595 suis
2648 3541 2923 3596 manibus
2982 3539 3251 3595 redditus
3301 3539 3626 3606 castellani,
3666 3554 3809 3608 qua;

2140 3631 2589 3684 continebantur
2609 3630 2761 3684 infra
2786 3632 2996 3684 urbem
3034 3628 3355 3684 Cameraci.
3405 3627 3493 3681 Ex
3526 3627 3622 3680 illa
3653 3642 3809 3680 vero

2140 3718 2462 3774 concordia
2507 3723 2682 3774 terrae
2750 3735 2885 3790 quae
2943 3718 3179 3774 inculta
3236 3721 3423 3783 erant,
3486 3715 3812 3786 negocian-

1658 3842 1941 3905 VARIIE
1981 3841 2475 3905 LECTIONES.

412 3968 489 4011 317
520 3972 603 4025 ita
633 3972 686 4026 7.
711 3973 910 4042 posuit
938 3974 976 4027 i.
1001 3972 1271 4027 abbatem
1302 3973 1355 4026 2.

1540 3972 1619 4016 343
1650 3976 1759 4029 Hic
1792 3976 1976 4030 desiit
1998 3978 2049 4030 2.
2085 3976 2287 4032 ultimo
2319 3974 2459 4030 folio
2481 3971 2815 4029 deficiente.
2849 3974 2901 4027 2.
2936 3973 3020 4026 ita
3052 3972 3275 4028 desinit
3295 3991 3311 4023 :
3336 3968 3656 4024 constituit.
3680 3968 3819 4022 Ab-

341 4041 498 4097 batia
518 4041 727 4097 valde.’
744 4044 971 4098 Interea
994 4060 1023 4098 e
1069 4045 1274 4113 iscopo
1305 4048 1759 4114 superveniente
1792 4048 1961 4101 senio
1986 4050 2163 4117 caepit
2188 4062 2436 4118 corpore
2457 4045 2779 4099 lacescere.
2805 4044 2936 4097 Vita
2954 4043 3221 4097 solicitus
3263 4043 3321 4095 in
3363 4041 3553 4093 animo
3585 4054 3818 4093 conva-

342 4113 570 4167 lescere
601 4114 1003 4167 hereditatem.
1028 4061 1527 4167 glieﬁniturliber
1551 4118 1957 4167 Atrebatensis
1977 4120 2250 4167 ecclesiae
2268 4117 2328 4167 Β.
2364 4117 2583 4167 Mariae.
2628 4113 2787 4167 1482.
2833 4114 3153 4167 Seauentia
3201 4113 3390 4167 igitur
3441 4125 3586 4165 unus
3634 4109 3818 4162 nobis

342 4113 570 4168 lescere
601 4114 1003 4170 hereditatem.

342 4185 614 4258 servavit
630 4186 683 4240 ’7.
716 4201 953 4258 quocum
984 4185 1346 4258 con/ferenda
1378 4193 1469 4241 est
1511 4188 1638 4242 Vita
1662 4188 1964 4242 Lietberti
1984 4206 2014 4243 υ
2043 4188 2132 4243 57.
2174 4187 2255 4231 349
2274 4190 2357 4242 ita
2391 4188 2653 4258 correxi;
2681 4186 2739 4258 d.
2774 4184 3044 4240 mathene
3067 4184 3119 4238 7.

1091 4109 1527 4169 ieﬁniturliber
1551 4118 1957 4171 Atrebatensis
1977 4109 2250 4172 ecclesiae
2268 4109 2328 4172 ς.
2364 4117 2583 4170 Mariae.
2628 4113 2787 4169 1482.
2833 4113 3390 4225 Βθᾳιιθηιίθδῶᾳίειιιε
3441 4125 3586 4165 unus
3634 4109 3821 4190 nobis

1100 4185 1346 4225 fartian
1378 4193 1469 4225 ac!
1511 4188 1638 4225 l’iln
1671 4188 2014 4225 [inibo-oti.-
2044 4188 2111 4225 E‘T
2174 4187 2255 4225 319
2280 4190 2357 4225 ita
2391 4188 2653 4225 nnrravi-
2681 4186 2712 4225 Α
2774 4186 3044 4225 ΜΩΗῚΩηρ
3067 4184 3097 4225 ’7
3272 4182 3501 4225 titnlnm
3519 4186 3820 4225 nnmtnm-

3272 4182 3501 4237 titulum
3519 4181 3820 4252 capitum-

344 4270 451 4330 que
481 4256 926 4313 distinctionem
956 4257 1380 4329 supplevimus;
1416 4274 1529 4313 non
1559 4265 1692 4314 erat
1722 4263 1784 4315 in
1817 4258 1867 4313 7.
1894 4260 1972 4325 Τί
2005 4275 2038 4314 e
2067 4259 2279 4332 quibus
2313 4261 2438 4314 haec
2471 4257 2650 4313 Gesta
2683 4257 2905 4312 damus.

1946 4380 2201 4442 NOTAE

411 4507 558 4577 (461)
600 4507 990 4562 Consecravit
1038 4507 1127 4562 25.
1175 4508 1300 4562 Oct.
1338 4508 1495 4562 1064.
1532 4508 1662 4562 Vita
1718 4509 1908 4564 Lietb.
1948 4526 1999 4564 c.
2041 4511 2095 4570 D
2141 4511 2288 4565 uicae
2345 4509 2780 4563 incarnationis
2838 4523 2869 4561 a
2928 4506 3085 4561 1076.
3144 4506 3275 4560 Vita
3332 4505 3632 4561 Lietbcrti.
3687 4505 3819 4560 Ne-

338 4578 735 4702 ii9lé35hartam
764 4577 1123 4633 fundationis
1161 4579 1336 4632 habet
1377 4578 1618 4632 Miraeus
1661 4579 1805 4649 Opp.
1855 4580 1994 4650 dipl.

412 4718 559 4789 (462)
587 4718 807 4784 Quarta
838 4718 990 4773 Maii
1019 4719 1282 4773 MLXVI
1299 4720 1511 4773 inserit
1542 4720 1671 4772 Vita
1697 4721 1997 4775 Lietberti.

340 4788 614 4845 Chartam
645 4791 803 4845 dedit
825 4791 1065 4844 Mirmus
1087 4790 1233 4860 Opp.
1254 4791 1373 4859 dipl
1406 4791 1449 4861 Ι,
1484 4790 1603 4845 157.
1630 4790 1645 4797 ’

411 4861 557 4931 (463)
591 4863 764 4917 Anno
812 4861 948 4915 1076
998 4862 1327 4932 secundum
1375 4863 1716 4916 Auctarium
1753 4863 1999 4932 Aquici-

340 4930 621 4987 nense'ad
650 4930 1105 5004 Sigebertum;9
1138 4932 1274 4987 Kal.
1329 4932 1441 5004 Jul.
1487 4932 1624 5004 1076
1672 4930 1999 4988 secundum

340 5004 491 5056 Ann.
508 5002 877 5059 Laubienses
892 5008 947 5058 et
961 5002 1455 5074 NecrologiumS.
1477 5003 1791 5073 Sepulchri
1804 5005 2001 5059 Came-

340 5075 611 5128 racensis
635 5090 685 5127 s.
706 5091 811 5144 xu;
838 5075 1091 5129 tradidit
1130 5076 1406 5144 spiritum
1448 5074 1542 5128 26θ
1603 5077 2001 5131 ordinationis

340 5160 462 5225 suae
494 5153 877 5227 anno.‘.h..et.
1010 5188 1022 5199 .
1060 5144 1127 5200 10
1143 5144 1274 5227 Kal.
1308 5145 1453 5227 Julii
1495 5146 1832 5227 decedente
1874 5146 2000 5201 sole

340 5216 625 5296 migravit
640 5216 714 5269 ad
728 5215 1065 5297 Christum.
1090 5258 1104 5270 .
1143 5258 1155 5269 .
1193 5259 1205 5270 .
1231 5217 1392 5271 Ante
1408 5216 1816 5298 quinquenium
1832 5234 1998 5290 quam

344 5286 838 5367 vztade’eederet,
886 5285 1062 5367 effodi
1104 5288 1815 5367 sepulclzrumszbzfeeit,
1851 5289 2001 5367 quod

341 5357 1144 5430 certisdiebusrevisens,et
1150 5357 1346 5429 primo
1360 5359 1592 5430 quidem
1621 5357 1880 5430 desuper
1908 5360 1996 5412 in-

339 5428 649 5500 cumbens,
675 5428 947 5500 lacrimis
977 5433 1040 5500 et
1063 5428 1387 5499 gemitibus
1417 5429 1634 5484 fossam
1668 5428 1997 5500 perfunde-

336 5498 462 5556 bat:
506 5499 721 5554 deinde
761 5515 913 5569 pane
948 5498 1231 5554 velCarne
1252 5500 1347 5554 vel
1360 5501 1500 5554 aliis
1521 5498 1999 5569 cibariisimple-

338 5570 459 5639 bat,
491 5587 615 5643 quae
636 5569 1001 5641 pauperibus
1023 5572 1265 5643 erogari
1295 5587 1430 5643 mox
1467 5570 1747 5637 faciebat.
1781 5569 1997 5643 Sepul:

340 5646 435 5694 tus
480 5639 572 5697 est
611 5639 802 5712 autem
859 5657 983 5694 eum
1035 5639 1231 5712 gloria
1282 5649 1348 5712 _et
1398 5642 1623 5712 honore
1669 5639 2000 5712 pontiﬁcali

339 5727 489 5775 anno
525 5711 908 5786 pontiﬁcatus
972 5709 1068 5771 sui
1114 5709 1208 5770 26°
1273 5710 1326 5767 9.
1385 5711 1516 5767 Kal.
1577 5709 1742 5783 Julii,
1809 5711 1995 5767 domi-

2139 4582 2469 4635 croloa-ium
2500 4580 2786 4634 S.Mariaa
2828 4577 3276 4632 Cameracensis
3443 4595 3523 4630 xu
3585 4577 3700 4630 inc.
3748 4578 3811 4631 9.

2136 4651 2266 4705 Kal.
2301 4623 2415 4706 iul.
2450 4650 2597 4705 obiit
2632 4649 2979 4704 Lietbertus
3023 4655 3245 4702 sanctae
3279 4649 3579 4701 memoriae
3613 4653 3672 4701 et
3706 4664 3813 4701 re-

2135 4722 2381 4793 ligionis
2411 4722 2735 4792 episcopus.
2767 4720 2879 4783 Qui
2907 4720 3099 4793 altare
3158 4720 3234 4773 de
3290 4718 3627 4793 Andre/et}:
3671 4734 3819 4793 eum

2137 4789 2499 4864 appenditiis
2528 4789 2673 4864 suis,
2709 4798 2768 4845 et
2802 4792 3041 4864 tertiam
3056 4795 3292 4864 partem
3344 4790 3405 4843 in
3454 4789 3817 4864 Lietscinis,

2138 4860 2531 4918 ct'dimidiam
2562 4862 2757 4915 villam
2793 4860 2982 4931 Ogeii,
3009 4862 3162 4914 sicut
3191 4862 3254 4913 in
3301 4866 3465 4913 curta
3514 4875 3616 4913 sua
3650 4862 3823 4931 scri-

2136 4934 2320 4999 bitur,
2347 4933 2422 4987 ad
2451 4949 2589 4987 usus
2620 4929 2857 4986 nostros
2904 4932 3098 4985 libere
3134 4937 3194 4985 et
3222 4931 3489 5000 legitime
3525 4929 3761 4983 tradidi
3771 4936 3821 4990 (,-

2136 5011 2194 5059 et
2225 5006 2287 5058 in
2306 5004 2625 5059 Cameraeo
2646 5003 2930 5057 decimam
2954 5008 3208 5056 monetae
3236 5009 3293 5056 et
3326 5008 3609 5054 matcram
3633 5017 3821 5071 quam

2136 5075 2357 5146 injuste
2368 5075 2847 5146 perdideramus,
2885 5072 3134 5146 redidit;
3168 5079 3242 5146 et_
3268 5073 3329 5146 in
3371 5073 3496 5146 vico
3542 5071 3616 5146 de
3643 5069 3823 5123 Pas-

2136 5140 2739 5220 quertbraucambam
2773 5160 2960 5220 unam,
3025 5149 3083 5197 et
3104 5144 3166 5196 in
3197 5142 3518 5220 Bolepgria
3567 5140 3822 5220 furnnin

2137 5213 2330 5286 unum,
2356 5223 2415 5271 ct
2447 5218 2509 5270 in
2542 5216 2672 5287 foro
2701 5214 2975 5287 gavalum
3008 5229 3178 5287 unum
3217 5213 3391 5287 nobis
3439 5213 3825 5287 (le-proprio

2135 5281 2520 5359 comparavit:
2553 5292 2611 5340 et
2643 5281 2909 5359 legitime
2942 5300 3067 5359 cum
3100 5285 3196 5337 bis
3226 5284 3404 5336 multa
3464 5281 3577 5334 alia
3616 5281 3826 5359 “nobis

2135 5365 2195 5414 et
2211 5353 2500 5415 aecclesize
2532 5353 2771 5425 nostrae,
2805 5357 2960 5409 sicut
2994 5355 3180 5408 bonus
3205 5364 3434 5425 pastor,
3491 5353 3820 5425 confirma-

2139 5430 2242 5492 vit,
2278 5435 2336 5482 ct
2370 5445 2442 5482 ne
2467 5429 2597 5499 quis
2620 5423 3019 5499 infringeret,
3036 5423 3539 5499 excomnnica‘vit.
3583 5423 3821 5499 Notula

2132 5499 2418 5553 historica
2440 5495 2491 5551 si
2526 5516 2628 5563 xu,
2690 5495 2864 5568 quam
2916 5497 3049 5550 dedi
3087 5498 3146 5549 in
3206 5496 3535 5549 Annalibus
3576 5495 3826 5547 nostris

2134 5570 2283 5638 Vlll,
2318 5569 2443 5636 428,
2478 5572 2678 5638 aperte
2703 5568 2987 5622 mendosa
3006 5571 3120 5621 est.

2226 5611 3100 5710 ἱὲὠῖἓιῥ’ἕέἑι’ὀίι”ιέἒῖί“ιὲἶτῐίιῖἒῖ

2225 5711 2352 5781 465)
2375 5711 2699 5765 Vasallum.
