  <div class='ocr_page' id='page_1' title='image "/cluster/home/n/w/nwhite01/storage/ocr_20150623/149/hvd.32044054760079/102.png"; bbox 0 0 4058 6182; ppageno 0'>
   <div class='ocr_carea' id='block_1_1' title="bbox 259 270 2810 344">
    <p class='ocr_par' dir='ltr' id='par_1_1' title="bbox 259 270 2810 344">
     <span class='ocr_line' id='line_1_1' title="bbox 259 270 2810 344; baseline 0.002 -13"><span class='ocrx_word' id='word_1_1' title='bbox 259 280 349 340; x_wconf 89' lang='lat'><strong>193</strong></span> <span class='ocrx_word' id='word_1_2' title='bbox 995 270 1601 334; x_wconf 89' lang='lat' dir='ltr'><strong>CONTINUATIO.</strong></span> <span class='ocrx_word' id='word_1_3' title='bbox 1637 304 1714 318; x_wconf 90' lang='lat'><strong><em>—</em></strong></span> <span class='ocrx_word' id='word_1_4' title='bbox 1752 271 2021 334; x_wconf 81' lang='lat' dir='ltr'><strong>GESTA</strong></span> <span class='ocrx_word' id='word_1_5' title='bbox 2056 272 2434 344; x_wconf 83' lang='lat' dir='ltr'><strong>GEBARDI</strong></span> <span class='ocrx_word' id='word_1_6' title='bbox 2463 273 2518 334; x_wconf 90' lang='lat' dir='ltr'>II</span> <span class='ocrx_word' id='word_1_7' title='bbox 2549 273 2810 338; x_wconf 87' lang='lat' dir='ltr'><strong>EPISC.</strong></span> 
     </span>
    </p>
   </div>
   <div class='ocr_carea' id='block_1_2' title="bbox 3511 278 3626 347">
    <p class='ocr_par' dir='ltr' id='par_1_2' title="bbox 3511 278 3626 347">
     <span class='ocr_line' id='line_1_2' title="bbox 3511 278 3626 347; baseline -0.078 -1"><span class='ocrx_word' id='word_1_8' title='bbox 3511 278 3626 347; x_wconf 90' lang='lat'><strong>194</strong></span> 
     </span>
    </p>
   </div>
   <div class='ocr_carea' id='block_1_3' title="bbox 257 452 3624 551">
    <p class='ocr_par' dir='ltr' id='par_1_3' title="bbox 257 452 3624 551">
     <span class='ocr_line' id='line_1_3' title="bbox 257 452 3624 551; baseline 0.001 -19"><span class='ocrx_word' id='word_1_9' title='bbox 257 488 328 534; x_wconf 90' lang='lat' dir='ltr'><strong>tur</strong></span> <span class='ocrx_word' id='word_1_10' title='bbox 349 477 487 546; x_wconf 70' lang='lat'><strong>(466);</strong></span> <span class='ocrx_word' id='word_1_11' title='bbox 508 490 704 528; x_wconf 89' lang='lat' dir='ltr'><strong>rerum</strong></span> <span class='ocrx_word' id='word_1_12' title='bbox 722 474 1075 530; x_wconf 84' lang='lat' dir='ltr'><strong>abundantia</strong></span> <span class='ocrx_word' id='word_1_13' title='bbox 1108 473 1280 526; x_wconf 84' lang='lat' dir='ltr'><strong>citius</strong></span> <span class='ocrx_word' id='word_1_14' title='bbox 1305 471 1675 538; x_wconf 77' lang='lat' dir='ltr'><strong>reformatur,</strong></span> <span class='ocrx_word' id='word_1_15' title='bbox 1699 471 1856 541; x_wconf 90' lang='lat' dir='ltr'><strong>quod</strong></span> <span class='ocrx_word' id='word_1_16' title='bbox 1883 452 1942 514; x_wconf 84' lang='grc' dir='ltr'><strong>Α</strong></span> <span class='ocrx_word' id='word_1_17' title='bbox 1969 472 2254 526; x_wconf 85' lang='lat' dir='ltr'><strong>conﬁteri.</strong></span> <span class='ocrx_word' id='word_1_18' title='bbox 2281 473 2442 544; x_wconf 89' lang='lat' dir='ltr'><strong>Ergo</strong></span> <span class='ocrx_word' id='word_1_19' title='bbox 2475 473 2786 529; x_wconf 77' lang='lat' dir='ltr'><strong>VVibei-tus</strong></span> <span class='ocrx_word' id='word_1_20' title='bbox 2816 475 2913 529; x_wconf 89' lang='lat' dir='ltr'><strong>ille</strong></span> <span class='ocrx_word' id='word_1_21' title='bbox 2930 477 3334 548; x_wconf 68' lang='lat' dir='ltr'><strong>pel-judicium</strong></span> <span class='ocrx_word' id='word_1_22' title='bbox 3365 481 3438 533; x_wconf 91' lang='lat' dir='ltr'><strong>ad</strong></span> <span class='ocrx_word' id='word_1_23' title='bbox 3461 482 3624 551; x_wconf 89' lang='lat' dir='ltr'><strong>stipi-</strong></span> 
     </span>
    </p>
   </div>
   <div class='ocr_carea' id='block_1_4' title="bbox 256 564 1354 637">
    <p class='ocr_par' dir='ltr' id='par_1_4' title="bbox 256 564 1354 637">
     <span class='ocr_line' id='line_1_4' title="bbox 256 564 1354 637; baseline -0.01 -12"><span class='ocrx_word' id='word_1_24' title='bbox 256 569 401 637; x_wconf 86' lang='lat' dir='ltr'><strong>isopia</strong></span> <span class='ocrx_word' id='word_1_25' title='bbox 430 566 779 619; x_wconf 87' lang='lat' dir='ltr'><strong>retrohabita</strong></span> <span class='ocrx_word' id='word_1_26' title='bbox 810 569 927 620; x_wconf 88' lang='lat' dir='ltr'><strong>tota</strong></span> <span class='ocrx_word' id='word_1_27' title='bbox 962 564 1354 619; x_wconf 74' lang='lat' dir='ltr'><strong>obliviscitur.</strong></span> 
     </span>
    </p>
   </div>
   <div class='ocr_carea' id='block_1_5' title="bbox 306 651 1854 725">
    <p class='ocr_par' dir='ltr' id='par_1_5' title="bbox 306 651 1854 725">
     <span class='ocr_line' id='line_1_5' title="bbox 306 651 1854 725; baseline -0.003 -16"><span class='ocrx_word' id='word_1_28' title='bbox 306 660 346 710; x_wconf 72' lang='lat'><strong>9..</strong></span> <span class='ocrx_word' id='word_1_29' title='bbox 375 657 426 708; x_wconf 87' lang='lat' dir='ltr'><strong>lu</strong></span> <span class='ocrx_word' id='word_1_30' title='bbox 453 652 804 723; x_wconf 84' lang='lat' dir='ltr'><strong>plenitudine</strong></span> <span class='ocrx_word' id='word_1_31' title='bbox 835 671 978 725; x_wconf 90' lang='lat' dir='ltr'><strong>ergo</strong></span> <span class='ocrx_word' id='word_1_32' title='bbox 1010 654 1174 722; x_wconf 85' lang='lat' dir='ltr'>pacis</span> <span class='ocrx_word' id='word_1_33' title='bbox 1198 657 1252 705; x_wconf 92' lang='lat' dir='ltr'><strong>ct</strong></span> <span class='ocrx_word' id='word_1_34' title='bbox 1272 651 1469 722; x_wconf 82' lang='lat' dir='ltr'><strong>gaudii</strong></span> <span class='ocrx_word' id='word_1_35' title='bbox 1494 651 1654 704; x_wconf 91' lang='lat' dir='ltr'><strong>clero</strong></span> <span class='ocrx_word' id='word_1_36' title='bbox 1679 654 1733 704; x_wconf 92' lang='lat' dir='ltr'><strong>et</strong></span> <span class='ocrx_word' id='word_1_37' title='bbox 1754 667 1854 720; x_wconf 87' lang='lat' dir='ltr'><strong>po-</strong></span> 
     </span>
    </p>
   </div>
   <div class='ocr_carea' id='block_1_6' title="bbox 251 741 1852 815">
    <p class='ocr_par' dir='ltr' id='par_1_6' title="bbox 251 741 1852 815">
     <span class='ocr_line' id='line_1_6' title="bbox 251 741 1852 815; baseline -0.004 -17"><span class='ocrx_word' id='word_1_38' title='bbox 251 746 508 815; x_wconf 89' lang='lat' dir='ltr'><strong>pulointus</strong></span> <span class='ocrx_word' id='word_1_39' title='bbox 527 748 581 796; x_wconf 90' lang='lat' dir='ltr'><strong>et</strong></span> <span class='ocrx_word' id='word_1_40' title='bbox 616 742 766 796; x_wconf 80' lang='lat' dir='ltr'><strong>foris</strong></span> <span class='ocrx_word' id='word_1_41' title='bbox 785 745 1000 812; x_wconf 90' lang='lat' dir='ltr'><strong>posito,</strong></span> <span class='ocrx_word' id='word_1_42' title='bbox 1034 741 1296 794; x_wconf 84' lang='lat' dir='ltr'><strong>decrevit</strong></span> <span class='ocrx_word' id='word_1_43' title='bbox 1329 741 1648 809; x_wconf 82' lang='lat' dir='ltr'><strong>cpiscOpus</strong></span> <span class='ocrx_word' id='word_1_44' title='bbox 1674 741 1852 808; x_wconf 87' lang='lat' dir='ltr'><strong>impe-</strong></span> 
     </span>
    </p>
   </div>
   <div class='ocr_carea' id='block_1_7' title="bbox 250 831 1853 901">
    <p class='ocr_par' dir='ltr' id='par_1_7' title="bbox 250 831 1853 901">
     <span class='ocr_line' id='line_1_7' title="bbox 250 831 1853 901; baseline -0.004 -14"><span class='ocrx_word' id='word_1_45' title='bbox 250 841 453 887; x_wconf 80' lang='lat' dir='ltr'><strong>ratorem</strong></span> <span class='ocrx_word' id='word_1_46' title='bbox 499 831 678 897; x_wconf 84' lang='lat' dir='ltr'><strong>adire,</strong></span> <span class='ocrx_word' id='word_1_47' title='bbox 737 831 806 884; x_wconf 87' lang='lat' dir='ltr'><strong>de</strong></span> <span class='ocrx_word' id='word_1_48' title='bbox 858 846 972 901; x_wconf 93' lang='lat' dir='ltr'><strong>quo</strong></span> <span class='ocrx_word' id='word_1_49' title='bbox 1034 831 1162 898; x_wconf 90' lang='lat' dir='ltr'><strong>ipse</strong></span> <span class='ocrx_word' id='word_1_50' title='bbox 1209 831 1497 884; x_wconf 86' lang='lat' dir='ltr'><strong>honorem</strong></span> <span class='ocrx_word' id='word_1_51' title='bbox 1547 832 1853 897; x_wconf 85' lang='lat' dir='ltr'><strong>receperat</strong></span> 
     </span>
    </p>
   </div>
   <div class='ocr_carea' id='block_1_8' title="bbox 252 917 1851 988">
    <p class='ocr_par' dir='ltr' id='par_1_8' title="bbox 252 917 1851 988">
     <span class='ocr_line' id='line_1_8' title="bbox 252 917 1851 988; baseline -0.004 -13"><span class='ocrx_word' id='word_1_52' title='bbox 252 927 428 976; x_wconf 68' lang='lat' dir='ltr'><strong>sancta)</strong></span> <span class='ocrx_word' id='word_1_53' title='bbox 445 920 888 973; x_wconf 84' lang='lat' dir='ltr'><strong>Cameracensis</strong></span> <span class='ocrx_word' id='word_1_54' title='bbox 909 918 1201 972; x_wconf 68' lang='lat' dir='ltr'><strong>ecclesiae.</strong></span> <span class='ocrx_word' id='word_1_55' title='bbox 1224 918 1337 971; x_wconf 91' lang='lat' dir='ltr'><strong>Sed</strong></span> <span class='ocrx_word' id='word_1_56' title='bbox 1358 935 1472 971; x_wconf 87' lang='lat' dir='ltr'><strong>nou</strong></span> <span class='ocrx_word' id='word_1_57' title='bbox 1505 917 1636 988; x_wconf 88' lang='lat' dir='ltr'><strong>loge</strong></span> <span class='ocrx_word' id='word_1_58' title='bbox 1660 917 1851 969; x_wconf 89' lang='lat' dir='ltr'><strong>adhuc</strong></span> 
     </span>
    </p>
   </div>
   <div class='ocr_carea' id='block_1_9' title="bbox 249 1007 1851 1076">
    <p class='ocr_par' dir='ltr' id='par_1_9' title="bbox 249 1007 1851 1076">
     <span class='ocr_line' id='line_1_9' title="bbox 249 1007 1851 1076; baseline -0.004 -12"><span class='ocrx_word' id='word_1_59' title='bbox 249 1012 444 1064; x_wconf 88' lang='lat' dir='ltr'><strong>multum</strong></span> <span class='ocrx_word' id='word_1_60' title='bbox 465 1011 813 1076; x_wconf 83' lang='lat' dir='ltr'><strong>recesserat,</strong></span> <span class='ocrx_word' id='word_1_61' title='bbox 847 1024 979 1061; x_wconf 93' lang='lat' dir='ltr'><strong>cum</strong></span> <span class='ocrx_word' id='word_1_62' title='bbox 1012 1007 1175 1060; x_wconf 91' lang='lat' dir='ltr'><strong>cives</strong></span> <span class='ocrx_word' id='word_1_63' title='bbox 1205 1007 1506 1060; x_wconf 77' lang='lat' dir='ltr'><strong>Cameraci</strong></span> <span class='ocrx_word' id='word_1_64' title='bbox 1540 1007 1688 1059; x_wconf 89' lang='lat' dir='ltr'><strong>male</strong></span> <span class='ocrx_word' id='word_1_65' title='bbox 1713 1021 1851 1058; x_wconf 89' lang='lat' dir='ltr'><strong>con-</strong></span> 
     </span>
    </p>
   </div>
   <div class='ocr_carea' id='block_1_10' title="bbox 250 1096 1850 1166">
    <p class='ocr_par' dir='ltr' id='par_1_10' title="bbox 250 1096 1850 1166">
     <span class='ocr_line' id='line_1_10' title="bbox 250 1096 1850 1166; baseline -0.004 -13"><span class='ocrx_word' id='word_1_66' title='bbox 250 1101 355 1154; x_wconf 87' lang='lat' dir='ltr'><strong>sulti</strong></span> <span class='ocrx_word' id='word_1_67' title='bbox 383 1097 859 1166; x_wconf 87' lang='lat' dir='ltr'><strong>conspirationem</strong></span> <span class='ocrx_word' id='word_1_68' title='bbox 893 1096 1071 1150; x_wconf 91' lang='lat' dir='ltr'><strong>multo</strong></span> <span class='ocrx_word' id='word_1_69' title='bbox 1101 1100 1364 1164; x_wconf 86' lang='lat' dir='ltr'><strong>tempore</strong></span> <span class='ocrx_word' id='word_1_70' title='bbox 1398 1099 1763 1148; x_wconf 88' lang='lat' dir='ltr'><strong>susurratam</strong></span> <span class='ocrx_word' id='word_1_71' title='bbox 1796 1096 1850 1146; x_wconf 90' lang='lat' dir='ltr'><strong>et</strong></span> 
     </span>
    </p>
   </div>
   <div class='ocr_carea' id='block_1_11' title="bbox 247 1184 1851 1255">
    <p class='ocr_par' dir='ltr' id='par_1_11' title="bbox 247 1184 1851 1255">
     <span class='ocr_line' id='line_1_11' title="bbox 247 1184 1851 1255; baseline -0.004 -16"><span class='ocrx_word' id='word_1_72' title='bbox 247 1189 319 1240; x_wconf 82' lang='lat' dir='ltr'><strong>diu</strong></span> <span class='ocrx_word' id='word_1_73' title='bbox 339 1186 1063 1255; x_wconf 74' lang='lat' dir='ltr'><strong>desideratamjuraverunt</strong></span> <span class='ocrx_word' id='word_1_74' title='bbox 1081 1185 1492 1238; x_wconf 83' lang='lat' dir='ltr'><strong>communium.</strong></span> <span class='ocrx_word' id='word_1_75' title='bbox 1526 1184 1688 1236; x_wconf 81' lang='lat' dir='ltr'><strong>Adeo</strong></span> <span class='ocrx_word' id='word_1_76' title='bbox 1713 1185 1851 1235; x_wconf 90' lang='lat' dir='ltr'><strong>sunt</strong></span> 
     </span>
    </p>
   </div>
   <div class='ocr_carea' id='block_1_12' title="bbox 246 1272 1850 1344">
    <p class='ocr_par' dir='ltr' id='par_1_12' title="bbox 246 1272 1850 1344">
     <span class='ocr_line' id='line_1_12' title="bbox 246 1272 1850 1344; baseline -0.004 -16"><span class='ocrx_word' id='word_1_77' title='bbox 246 1279 363 1328; x_wconf 88' lang='lat' dir='ltr'><strong>inter</strong></span> <span class='ocrx_word' id='word_1_78' title='bbox 400 1291 456 1328; x_wconf 88' lang='lat' dir='ltr'><strong>se</strong></span> <span class='ocrx_word' id='word_1_79' title='bbox 496 1279 866 1328; x_wconf 87' lang='lat' dir='ltr'><strong>sacramento</strong></span> <span class='ocrx_word' id='word_1_80' title='bbox 914 1273 1233 1344; x_wconf 77' lang='lat' dir='ltr'><strong>conjuncti,</strong></span> <span class='ocrx_word' id='word_1_81' title='bbox 1286 1273 1441 1343; x_wconf 89' lang='lat' dir='ltr'><strong>quod</strong></span> <span class='ocrx_word' id='word_1_82' title='bbox 1476 1272 1585 1325; x_wconf 88' lang='lat' dir='ltr'><strong>nisi</strong></span> <span class='ocrx_word' id='word_1_83' title='bbox 1639 1272 1850 1324; x_wconf 83' lang='lat' dir='ltr'><strong>factam</strong></span> 
     </span>
    </p>
   </div>
   <div class='ocr_carea' id='block_1_13' title="bbox 243 1359 1847 1432">
    <p class='ocr_par' dir='ltr' id='par_1_13' title="bbox 243 1359 1847 1432">
     <span class='ocr_line' id='line_1_13' title="bbox 243 1359 1847 1432; baseline -0.006 -14"><span class='ocrx_word' id='word_1_84' title='bbox 243 1365 538 1418; x_wconf 84' lang='lat' dir='ltr'><strong>concederet</strong></span> <span class='ocrx_word' id='word_1_85' title='bbox 561 1363 1050 1432; x_wconf 84' lang='lat' dir='ltr'><strong>conjurationem,</strong></span> <span class='ocrx_word' id='word_1_86' title='bbox 1077 1362 1438 1432; x_wconf 76' lang='lat' dir='ltr'><strong>denegurcnt</strong></span> <span class='ocrx_word' id='word_1_87' title='bbox 1471 1360 1733 1413; x_wconf 78' lang='lat' dir='ltr'><strong>universi</strong></span> <span class='ocrx_word' id='word_1_88' title='bbox 1759 1359 1847 1410; x_wconf 89' lang='lat' dir='ltr'><strong>iu-</strong></span> 
     </span>
    </p>
   </div>
   <div class='ocr_carea' id='block_1_14' title="bbox 243 1448 1848 1520">
    <p class='ocr_par' dir='ltr' id='par_1_14' title="bbox 243 1448 1848 1520">
     <span class='ocr_line' id='line_1_14' title="bbox 243 1448 1848 1520; baseline -0.004 -14"><span class='ocrx_word' id='word_1_89' title='bbox 243 1454 430 1506; x_wconf 87' lang='lat' dir='ltr'><strong>troitum</strong></span> <span class='ocrx_word' id='word_1_90' title='bbox 455 1451 752 1505; x_wconf 89' lang='lat' dir='ltr'><strong>Cameraci</strong></span> <span class='ocrx_word' id='word_1_91' title='bbox 785 1466 1103 1505; x_wconf 87' lang='lat' dir='ltr'><strong>reversuro</strong></span> <span class='ocrx_word' id='word_1_92' title='bbox 1134 1450 1414 1520; x_wconf 89' lang='lat' dir='ltr'><strong>pontiﬁci.</strong></span> <span class='ocrx_word' id='word_1_93' title='bbox 1457 1449 1624 1512; x_wconf 85' lang='lat' dir='ltr'><strong>Quod</strong></span> <span class='ocrx_word' id='word_1_94' title='bbox 1655 1453 1708 1501; x_wconf 92' lang='lat' dir='ltr'><strong>et</strong></span> <span class='ocrx_word' id='word_1_95' title='bbox 1767 1448 1848 1500; x_wconf 87' lang='lat' dir='ltr'><strong>fa-</strong></span> 
     </span>
    </p>
   </div>
   <div class='ocr_carea' id='block_1_15' title="bbox 242 1537 1849 1609">
    <p class='ocr_par' dir='ltr' id='par_1_15' title="bbox 242 1537 1849 1609">
     <span class='ocr_line' id='line_1_15' title="bbox 242 1537 1849 1609; baseline -0.004 -15"><span class='ocrx_word' id='word_1_96' title='bbox 242 1547 361 1594; x_wconf 87' lang='lat' dir='ltr'><strong>ctum</strong></span> <span class='ocrx_word' id='word_1_97' title='bbox 380 1543 477 1594; x_wconf 85' lang='lat' dir='ltr'><strong>est.</strong></span> <span class='ocrx_word' id='word_1_98' title='bbox 501 1539 836 1609; x_wconf 87' lang='lat' dir='ltr'><strong>EpiscOpus</strong></span> <span class='ocrx_word' id='word_1_99' title='bbox 869 1540 1024 1593; x_wconf 91' lang='lat' dir='ltr'><strong>enim</strong></span> <span class='ocrx_word' id='word_1_100' title='bbox 1055 1539 1246 1592; x_wconf 89' lang='lat' dir='ltr'><strong>adhuc</strong></span> <span class='ocrx_word' id='word_1_101' title='bbox 1269 1553 1376 1608; x_wconf 89' lang='lat' dir='ltr'><strong>per</strong></span> <span class='ocrx_word' id='word_1_102' title='bbox 1398 1537 1618 1590; x_wconf 89' lang='lat' dir='ltr'><strong>Lobias</strong></span> <span class='ocrx_word' id='word_1_103' title='bbox 1643 1537 1849 1590; x_wconf 88' lang='lat' dir='ltr'><strong>transi-</strong></span> 
     </span>
    </p>
   </div>
   <div class='ocr_carea' id='block_1_16' title="bbox 239 1625 1845 1697">
    <p class='ocr_par' dir='ltr' id='par_1_16' title="bbox 239 1625 1845 1697">
     <span class='ocr_line' id='line_1_16' title="bbox 239 1625 1845 1697; baseline -0.004 -15"><span class='ocrx_word' id='word_1_104' title='bbox 239 1634 389 1697; x_wconf 87' lang='lat' dir='ltr'><strong>turus,</strong></span> <span class='ocrx_word' id='word_1_105' title='bbox 419 1646 446 1682; x_wconf 87' lang='lat' dir='ltr'><strong>a</strong></span> <span class='ocrx_word' id='word_1_106' title='bbox 467 1629 595 1683; x_wconf 89' lang='lat' dir='ltr'><strong>suis</strong></span> <span class='ocrx_word' id='word_1_107' title='bbox 623 1629 898 1682; x_wconf 86' lang='lat' dir='ltr'><strong>ﬁdelibus</strong></span> <span class='ocrx_word' id='word_1_108' title='bbox 930 1628 1168 1696; x_wconf 85' lang='lat' dir='ltr'><strong>audivit,</strong></span> <span class='ocrx_word' id='word_1_109' title='bbox 1206 1627 1362 1697; x_wconf 87' lang='lat' dir='ltr'><strong>quod</strong></span> <span class='ocrx_word' id='word_1_110' title='bbox 1397 1625 1614 1680; x_wconf 84' lang='lat' dir='ltr'><strong>fecerat</strong></span> <span class='ocrx_word' id='word_1_111' title='bbox 1637 1626 1845 1695; x_wconf 89' lang='lat' dir='ltr'><strong>iniqui-</strong></span> 
     </span>
    </p>
   </div>
   <div class='ocr_carea' id='block_1_17' title="bbox 1965 561 3625 639">
    <p class='ocr_par' dir='ltr' id='par_1_17' title="bbox 1965 561 3625 639">
     <span class='ocr_line' id='line_1_17' title="bbox 1965 561 3625 639; baseline 0.007 -27"><span class='ocrx_word' id='word_1_112' title='bbox 1965 566 2078 613; x_wconf 89' lang='lat' dir='ltr'><strong>tem</strong></span> <span class='ocrx_word' id='word_1_113' title='bbox 2100 561 2332 632; x_wconf 74' lang='lat' dir='ltr'><strong>ligatur,</strong></span> <span class='ocrx_word' id='word_1_114' title='bbox 2359 563 2588 615; x_wconf 88' lang='lat' dir='ltr'><strong>duabus</strong></span> <span class='ocrx_word' id='word_1_115' title='bbox 2623 563 2810 633; x_wconf 83' lang='lat' dir='ltr'><strong>virgis</strong></span> <span class='ocrx_word' id='word_1_116' title='bbox 2836 565 3144 620; x_wconf 83' lang='lat' dir='ltr'><strong>crudeliter</strong></span> <span class='ocrx_word' id='word_1_117' title='bbox 3181 568 3538 639; x_wconf 82' lang='lat' dir='ltr'><strong>ﬂagellatur,</strong></span> <span class='ocrx_word' id='word_1_118' title='bbox 3564 573 3625 624; x_wconf 91' lang='lat' dir='ltr'><strong>et</strong></span> 
     </span>
    </p>
   </div>
   <div class='ocr_carea' id='block_1_18' title="bbox 1961 649 3624 718">
    <p class='ocr_par' dir='ltr' id='par_1_18' title="bbox 1961 649 3624 718">
     <span class='ocr_line' id='line_1_18' title="bbox 1961 649 3624 718; baseline 0.008 -19"><span class='ocrx_word' id='word_1_119' title='bbox 1961 652 2151 701; x_wconf 90' lang='lat' dir='ltr'><strong>tamen</strong></span> <span class='ocrx_word' id='word_1_120' title='bbox 2183 649 2360 702; x_wconf 87' lang='lat' dir='ltr'><strong>nichil</strong></span> <span class='ocrx_word' id='word_1_121' title='bbox 2403 651 2653 718; x_wconf 83' lang='lat' dir='ltr'><strong>amplius</strong></span> <span class='ocrx_word' id='word_1_122' title='bbox 2688 653 3016 706; x_wconf 88' lang='lat' dir='ltr'><strong>conﬁtetur.</strong></span> <span class='ocrx_word' id='word_1_123' title='bbox 3067 655 3257 718; x_wconf 88' lang='lat' dir='ltr'><strong>Quare</strong></span> <span class='ocrx_word' id='word_1_124' title='bbox 3290 659 3624 712; x_wconf 80' lang='lat' dir='ltr'><strong>Servientcs</strong></span> 
     </span>
    </p>
   </div>
   <div class='ocr_carea' id='block_1_19' title="bbox 1963 739 3624 817">
    <p class='ocr_par' dir='ltr' id='par_1_19' title="bbox 1963 739 3624 817">
     <span class='ocr_line' id='line_1_19' title="bbox 1963 739 3624 817; baseline 0.007 -28"><span class='ocrx_word' id='word_1_125' title='bbox 1963 739 2226 806; x_wconf 88' lang='lat' dir='ltr'><strong>episc0pi</strong></span> <span class='ocrx_word' id='word_1_126' title='bbox 2255 739 2448 806; x_wconf 91' lang='lat' dir='ltr'><strong>ipsum</strong></span> <span class='ocrx_word' id='word_1_127' title='bbox 2473 740 2691 792; x_wconf 88' lang='lat' dir='ltr'><strong>nudum</strong></span> <span class='ocrx_word' id='word_1_128' title='bbox 2725 741 2920 810; x_wconf 80' lang='lat' dir='ltr'><strong>ligatis</strong></span> <span class='ocrx_word' id='word_1_129' title='bbox 2945 743 3216 796; x_wconf 89' lang='lat' dir='ltr'><strong>manibus</strong></span> <span class='ocrx_word' id='word_1_130' title='bbox 3240 750 3373 813; x_wconf 88' lang='lat' dir='ltr'><strong>post</strong></span> <span class='ocrx_word' id='word_1_131' title='bbox 3394 750 3624 817; x_wconf 80' lang='lat' dir='ltr'><strong>tergum</strong></span> 
     </span>
    </p>
   </div>
   <div class='ocr_carea' id='block_1_20' title="bbox 1960 827 3623 899">
    <p class='ocr_par' dir='ltr' id='par_1_20' title="bbox 1960 827 3623 899">
     <span class='ocr_line' id='line_1_20' title="bbox 1960 827 3623 899; baseline 0.007 -22"><span class='ocrx_word' id='word_1_132' title='bbox 1960 842 2066 894; x_wconf 90' lang='lat' dir='ltr'><strong>per</strong></span> <span class='ocrx_word' id='word_1_133' title='bbox 2096 827 2345 878; x_wconf 89' lang='lat' dir='ltr'><strong>mediam</strong></span> <span class='ocrx_word' id='word_1_134' title='bbox 2377 828 2670 880; x_wconf 88' lang='lat' dir='ltr'><strong>civitatem</strong></span> <span class='ocrx_word' id='word_1_135' title='bbox 2704 829 2857 882; x_wconf 84' lang='lat' dir='ltr'><strong>sicut</strong></span> <span class='ocrx_word' id='word_1_136' title='bbox 2889 830 3268 899; x_wconf 86' lang='lat' dir='ltr'><strong>proditorem,</strong></span> <span class='ocrx_word' id='word_1_137' title='bbox 3302 837 3471 886; x_wconf 88' lang='lat' dir='ltr'><strong>extra</strong></span> <span class='ocrx_word' id='word_1_138' title='bbox 3500 851 3623 890; x_wconf 89' lang='lat' dir='ltr'><strong>mu-</strong></span> 
     </span>
    </p>
   </div>
   <div class='ocr_carea' id='block_1_21' title="bbox 1960 914 3620 987">
    <p class='ocr_par' dir='ltr' id='par_1_21' title="bbox 1960 914 3620 987">
     <span class='ocr_line' id='line_1_21' title="bbox 1960 914 3620 987; baseline 0.007 -23"><span class='ocrx_word' id='word_1_139' title='bbox 1960 930 2063 966; x_wconf 87' lang='lat' dir='ltr'><strong>ros</strong></span> <span class='ocrx_word' id='word_1_140' title='bbox 2082 914 2394 982; x_wconf 83' lang='lat' dir='ltr'><strong>duxerunt,</strong></span> <span class='ocrx_word' id='word_1_141' title='bbox 2417 917 2677 987; x_wconf 85' lang='lat' dir='ltr'><strong>linguam</strong></span> <span class='ocrx_word' id='word_1_142' title='bbox 2695 917 3074 972; x_wconf 90' lang='lat' dir='ltr'><strong>abscidentes</strong></span> <span class='ocrx_word' id='word_1_143' title='bbox 3098 920 3304 973; x_wconf 90' lang='lat' dir='ltr'><strong>oculos</strong></span> <span class='ocrx_word' id='word_1_144' title='bbox 3319 927 3620 987; x_wconf 89' lang='lat' dir='ltr'><strong>eruerunt;</strong></span> 
     </span>
    </p>
   </div>
   <div class='ocr_carea' id='block_1_22' title="bbox 1959 1003 3625 1076">
    <p class='ocr_par' dir='ltr' id='par_1_22' title="bbox 1959 1003 3625 1076">
     <span class='ocr_line' id='line_1_22' title="bbox 1959 1003 3625 1076; baseline 0.006 -22"><span class='ocrx_word' id='word_1_145' title='bbox 1959 1003 2284 1057; x_wconf 86' lang='lat' dir='ltr'><strong>novissime</strong></span> <span class='ocrx_word' id='word_1_146' title='bbox 2317 1005 2689 1058; x_wconf 78' lang='lat' dir='ltr'><strong>interfectum</strong></span> <span class='ocrx_word' id='word_1_147' title='bbox 2709 1007 2800 1058; x_wconf 90' lang='lat' dir='ltr'><strong>sui</strong></span> <span class='ocrx_word' id='word_1_148' title='bbox 2818 1010 3094 1075; x_wconf 87' lang='lat' dir='ltr'><strong>parentes</strong></span> <span class='ocrx_word' id='word_1_149' title='bbox 3109 1009 3431 1076; x_wconf 88' lang='lat' dir='ltr'><strong>pudibundi</strong></span> <span class='ocrx_word' id='word_1_150' title='bbox 3447 1014 3502 1063; x_wconf 91' lang='lat' dir='ltr'><strong>et</strong></span> <span class='ocrx_word' id='word_1_151' title='bbox 3524 1012 3625 1065; x_wconf 95' lang='lat' dir='ltr'><strong>do-</strong></span> 
     </span>
    </p>
   </div>
   <div class='ocr_carea' id='block_1_23' title="bbox 1958 1091 3624 1164">
    <p class='ocr_par' dir='ltr' id='par_1_23' title="bbox 1958 1091 3624 1164">
     <span class='ocr_line' id='line_1_23' title="bbox 1958 1091 3624 1164; baseline 0.007 -22"><span class='ocrx_word' id='word_1_152' title='bbox 1958 1091 2148 1144; x_wconf 88' lang='lat' dir='ltr'><strong>lentes</strong></span> <span class='ocrx_word' id='word_1_153' title='bbox 2167 1108 2347 1146; x_wconf 88' lang='lat' dir='ltr'><strong>secus</strong></span> <span class='ocrx_word' id='word_1_154' title='bbox 2363 1093 2516 1146; x_wconf 90' lang='lat' dir='ltr'><strong>viam</strong></span> <span class='ocrx_word' id='word_1_155' title='bbox 2530 1095 2825 1162; x_wconf 89' lang='lat' dir='ltr'><strong>publicam</strong></span> <span class='ocrx_word' id='word_1_156' title='bbox 2844 1097 3292 1164; x_wconf 89' lang='lat' dir='ltr'><strong>sepelierunt.ln</strong></span> <span class='ocrx_word' id='word_1_157' title='bbox 3309 1097 3624 1153; x_wconf 90' lang='lat' dir='ltr'><strong>homicidio</strong></span> 
     </span>
    </p>
   </div>
   <div class='ocr_carea' id='block_1_24' title="bbox 1958 1178 3624 1256">
    <p class='ocr_par' dir='ltr' id='par_1_24' title="bbox 1958 1178 3624 1256">
     <span class='ocr_line' id='line_1_24' title="bbox 1958 1178 3624 1256; baseline 0.007 -26"><span class='ocrx_word' id='word_1_158' title='bbox 1958 1178 2170 1248; x_wconf 85' lang='lat' dir='ltr'><strong>itaque,</strong></span> <span class='ocrx_word' id='word_1_159' title='bbox 2206 1181 2363 1250; x_wconf 90' lang='lat' dir='ltr'><strong>quod</strong></span> <span class='ocrx_word' id='word_1_160' title='bbox 2388 1182 2449 1233; x_wconf 86' lang='lat' dir='ltr'><strong>tit</strong></span> <span class='ocrx_word' id='word_1_161' title='bbox 2477 1197 2584 1250; x_wconf 89' lang='lat' dir='ltr'><strong>pro</strong></span> <span class='ocrx_word' id='word_1_162' title='bbox 2615 1184 2826 1236; x_wconf 90' lang='lat' dir='ltr'><strong>virtute</strong></span> <span class='ocrx_word' id='word_1_163' title='bbox 2847 1185 3095 1237; x_wconf 89' lang='lat' dir='ltr'><strong>tenenda</strong></span> <span class='ocrx_word' id='word_1_164' title='bbox 3118 1185 3404 1256; x_wconf 69' lang='lat' dir='ltr'><strong>justiciae,</strong></span> <span class='ocrx_word' id='word_1_165' title='bbox 3437 1191 3624 1241; x_wconf 89' lang='lat' dir='ltr'><strong>testa-</strong></span> 
     </span>
    </p>
   </div>
   <div class='ocr_carea' id='block_1_25' title="bbox 1954 1269 3618 1342">
    <p class='ocr_par' dir='ltr' id='par_1_25' title="bbox 1954 1269 3618 1342">
     <span class='ocr_line' id='line_1_25' title="bbox 1954 1269 3618 1342; baseline 0.007 -23"><span class='ocrx_word' id='word_1_166' title='bbox 1954 1270 2048 1319; x_wconf 90' lang='lat' dir='ltr'><strong>tur</strong></span> <span class='ocrx_word' id='word_1_167' title='bbox 2075 1269 2448 1338; x_wconf 81' lang='lat' dir='ltr'><strong>Augustinus</strong></span> <span class='ocrx_word' id='word_1_168' title='bbox 2472 1271 2814 1339; x_wconf 90' lang='lat' dir='ltr'><strong>episc0pum</strong></span> <span class='ocrx_word' id='word_1_169' title='bbox 2845 1287 2960 1324; x_wconf 91' lang='lat' dir='ltr'><strong>non</strong></span> <span class='ocrx_word' id='word_1_170' title='bbox 2990 1287 3276 1341; x_wconf 90' lang='lat' dir='ltr'><strong>peccasse</strong></span> <span class='ocrx_word' id='word_1_171' title='bbox 3304 1289 3317 1342; x_wconf 89' lang='lat'><strong>;</strong></span> <span class='ocrx_word' id='word_1_172' title='bbox 3341 1275 3419 1328; x_wconf 91' lang='lat' dir='ltr'><strong>ait</strong></span> <span class='ocrx_word' id='word_1_173' title='bbox 3437 1277 3618 1330; x_wconf 84' lang='lat' dir='ltr'><strong>enim:</strong></span> 
     </span>
    </p>
   </div>
   <div class='ocr_carea' id='block_1_26' title="bbox 1958 1353 3617 1435">
    <p class='ocr_par' dir='ltr' id='par_1_26' title="bbox 1958 1353 3617 1435">
     <span class='ocr_line' id='line_1_26' title="bbox 1958 1353 3617 1435; baseline 0.006 -28"><span class='ocrx_word' id='word_1_174' title='bbox 1958 1353 2246 1410; x_wconf 83' lang='lat' dir='ltr'><strong>Occidere</strong></span> <span class='ocrx_word' id='word_1_175' title='bbox 2275 1357 2566 1412; x_wconf 78' lang='lat' dir='ltr'><strong>hominem</strong></span> <span class='ocrx_word' id='word_1_176' title='bbox 2601 1376 2709 1413; x_wconf 90' lang='lat' dir='ltr'><strong>non</strong></span> <span class='ocrx_word' id='word_1_177' title='bbox 2766 1376 3005 1430; x_wconf 77' lang='lat' dir='ltr'><strong>semper</strong></span> <span class='ocrx_word' id='word_1_178' title='bbox 3062 1366 3153 1415; x_wconf 79' lang='lat' dir='ltr'><strong>est</strong></span> <span class='ocrx_word' id='word_1_179' title='bbox 3212 1363 3617 1435; x_wconf 84' lang='lat' dir='ltr'><strong>criminosum,</strong></span> 
     </span>
    </p>
   </div>
   <div class='ocr_carea' id='block_1_27' title="bbox 1954 1443 3618 1520">
    <p class='ocr_par' dir='ltr' id='par_1_27' title="bbox 1954 1443 3618 1520">
     <span class='ocr_line' id='line_1_27' title="bbox 1954 1443 3618 1520; baseline 0.008 -26"><span class='ocrx_word' id='word_1_180' title='bbox 1954 1443 2062 1496; x_wconf 86' lang='lat' dir='ltr'><strong>sed</strong></span> <span class='ocrx_word' id='word_1_181' title='bbox 2092 1445 2315 1498; x_wconf 80' lang='lat' dir='ltr'><strong>malitia</strong></span> <span class='ocrx_word' id='word_1_182' title='bbox 2347 1454 2404 1500; x_wconf 82' lang='lat' dir='ltr'><strong>et</strong></span> <span class='ocrx_word' id='word_1_183' title='bbox 2436 1464 2548 1501; x_wconf 87' lang='lat' dir='ltr'><strong>non</strong></span> <span class='ocrx_word' id='word_1_184' title='bbox 2607 1447 2841 1520; x_wconf 83' lang='lat' dir='ltr'><strong>legibus</strong></span> <span class='ocrx_word' id='word_1_185' title='bbox 2871 1449 3147 1504; x_wconf 81' lang='lat' dir='ltr'><strong>occidere</strong></span> <span class='ocrx_word' id='word_1_186' title='bbox 3188 1457 3279 1505; x_wconf 78' lang='lat' dir='ltr'><strong>est</strong></span> <span class='ocrx_word' id='word_1_187' title='bbox 3331 1453 3618 1508; x_wconf 76' lang='lat' dir='ltr'><strong>crimino-</strong></span> 
     </span>
    </p>
   </div>
   <div class='ocr_carea' id='block_1_28' title="bbox 1953 1546 2100 1584">
    <p class='ocr_par' dir='ltr' id='par_1_28' title="bbox 1953 1546 2100 1584">
     <span class='ocr_line' id='line_1_28' title="bbox 1953 1546 2100 1584; baseline 0.007 -1"><span class='ocrx_word' id='word_1_188' title='bbox 1953 1546 2100 1584; x_wconf 87' lang='lat' dir='ltr'><strong>sum.</strong></span> 
     </span>
    </p>
   </div>
   <div class='ocr_carea' id='block_1_29' title="bbox 2031 1624 3618 1700">
    <p class='ocr_par' dir='ltr' id='par_1_29' title="bbox 2031 1624 3618 1700">
     <span class='ocr_line' id='line_1_29' title="bbox 2031 1624 3618 1700; baseline 0.004 -22"><span class='ocrx_word' id='word_1_189' title='bbox 2031 1624 2321 1680; x_wconf 67' lang='lat' dir='ltr'><strong>4.Sedata</strong></span> <span class='ocrx_word' id='word_1_190' title='bbox 2380 1625 2560 1696; x_wconf 79' lang='lat' dir='ltr'><strong>igitur</strong></span> <span class='ocrx_word' id='word_1_191' title='bbox 2587 1625 2850 1694; x_wconf 90' lang='lat' dir='ltr'><strong>predicta</strong></span> <span class='ocrx_word' id='word_1_192' title='bbox 2911 1626 3125 1680; x_wconf 90' lang='lat' dir='ltr'><strong>civium</strong></span> <span class='ocrx_word' id='word_1_193' title='bbox 3188 1628 3618 1700; x_wconf 82' lang='lat' dir='ltr'><strong>conjuratione,</strong></span> 
     </span>
    </p>
   </div>
   <div class='ocr_carea' id='block_1_30' title="bbox 238 1700 3620 1789">
    <p class='ocr_par' dir='ltr' id='par_1_30' title="bbox 238 1700 3620 1789">
     <span class='ocr_line' id='line_1_30' title="bbox 238 1700 3620 1789; baseline 0.001 -19"><span class='ocrx_word' id='word_1_194' title='bbox 238 1719 342 1772; x_wconf 88' lang='lat' dir='ltr'><strong>tatis</strong></span> <span class='ocrx_word' id='word_1_195' title='bbox 387 1718 664 1787; x_wconf 84' lang='lat' dir='ltr'><strong>populus;</strong></span> <span class='ocrx_word' id='word_1_196' title='bbox 725 1718 1038 1786; x_wconf 81' lang='lat' dir='ltr'><strong>statimque</strong></span> <span class='ocrx_word' id='word_1_197' title='bbox 1091 1720 1399 1769; x_wconf 89' lang='lat' dir='ltr'><strong>revertens</strong></span> <span class='ocrx_word' id='word_1_198' title='bbox 1467 1719 1640 1784; x_wconf 87' lang='lat' dir='ltr'><strong>atque</strong></span> <span class='ocrx_word' id='word_1_199' title='bbox 1699 1729 1844 1768; x_wconf 89' lang='lat' dir='ltr'><strong>suos</strong></span> <span class='ocrx_word' id='word_1_200' title='bbox 1873 1700 1926 1762; x_wconf 88' lang='grc' dir='ltr'>Β</span> <span class='ocrx_word' id='word_1_201' title='bbox 1954 1716 2117 1770; x_wconf 84' lang='lat' dir='ltr'><strong>brevi</strong></span> <span class='ocrx_word' id='word_1_202' title='bbox 2149 1716 2341 1769; x_wconf 88' lang='lat' dir='ltr'><strong>adhuc</strong></span> <span class='ocrx_word' id='word_1_203' title='bbox 2373 1715 2648 1782; x_wconf 86' lang='lat' dir='ltr'><strong>preterito</strong></span> <span class='ocrx_word' id='word_1_204' title='bbox 2679 1717 2958 1783; x_wconf 89' lang='lat' dir='ltr'><strong>tempore,</strong></span> <span class='ocrx_word' id='word_1_205' title='bbox 2995 1717 3325 1784; x_wconf 86' lang='lat' dir='ltr'><strong>aprelibato</strong></span> <span class='ocrx_word' id='word_1_206' title='bbox 3369 1718 3620 1789; x_wconf 89' lang='lat' dir='ltr'><strong>Hugone</strong></span> 
     </span>
    </p>
   </div>
   <div class='ocr_carea' id='block_1_31' title="bbox 236 1805 1848 1860">
    <p class='ocr_par' dir='ltr' id='par_1_31' title="bbox 236 1805 1848 1860">
     <span class='ocr_line' id='line_1_31' title="bbox 236 1805 1848 1860; baseline -0.002 -2"><span class='ocrx_word' id='word_1_207' title='bbox 236 1807 458 1859; x_wconf 86' lang='lat' dir='ltr'><strong>homines</strong></span> <span class='ocrx_word' id='word_1_208' title='bbox 472 1807 764 1860; x_wconf 85' lang='lat' dir='ltr'><strong>adversus</strong></span> <span class='ocrx_word' id='word_1_209' title='bbox 783 1807 1046 1860; x_wconf 89' lang='lat' dir='ltr'><strong>totcives</strong></span> <span class='ocrx_word' id='word_1_210' title='bbox 1079 1807 1286 1858; x_wconf 91' lang='lat' dir='ltr'><strong>videns</strong></span> <span class='ocrx_word' id='word_1_211' title='bbox 1317 1821 1559 1858; x_wconf 92' lang='lat' dir='ltr'><strong>numero</strong></span> <span class='ocrx_word' id='word_1_212' title='bbox 1583 1819 1719 1857; x_wconf 91' lang='lat' dir='ltr'><strong>esse</strong></span> <span class='ocrx_word' id='word_1_213' title='bbox 1751 1805 1848 1856; x_wconf 89' lang='lat' dir='ltr'><strong>im-</strong></span> 
     </span>
    </p>
   </div>
   <div class='ocr_carea' id='block_1_32' title="bbox 235 1894 1846 1963">
    <p class='ocr_par' dir='ltr' id='par_1_32' title="bbox 235 1894 1846 1963">
     <span class='ocr_line' id='line_1_32' title="bbox 235 1894 1846 1963; baseline -0.001 -17"><span class='ocrx_word' id='word_1_214' title='bbox 235 1910 374 1962; x_wconf 85' lang='lat' dir='ltr'><strong>pares</strong></span> <span class='ocrx_word' id='word_1_215' title='bbox 401 1899 451 1948; x_wconf 89' lang='lat' dir='ltr'><strong>et</strong></span> <span class='ocrx_word' id='word_1_216' title='bbox 478 1895 694 1948; x_wconf 87' lang='lat' dir='ltr'><strong>virtute</strong></span> <span class='ocrx_word' id='word_1_217' title='bbox 725 1894 1060 1962; x_wconf 85' lang='lat' dir='ltr'><strong>inferiores,</strong></span> <span class='ocrx_word' id='word_1_218' title='bbox 1108 1894 1333 1963; x_wconf 89' lang='lat' dir='ltr'><strong>accepit</strong></span> <span class='ocrx_word' id='word_1_219' title='bbox 1363 1909 1565 1947; x_wconf 89' lang='lat' dir='ltr'><strong>secum</strong></span> <span class='ocrx_word' id='word_1_220' title='bbox 1598 1894 1846 1946; x_wconf 88' lang='lat' dir='ltr'><strong>amicum</strong></span> 
     </span>
    </p>
   </div>
   <div class='ocr_carea' id='block_1_33' title="bbox 235 1981 1847 2052">
    <p class='ocr_par' dir='ltr' id='par_1_33' title="bbox 235 1981 1847 2052">
     <span class='ocr_line' id='line_1_33' title="bbox 235 1981 1847 2052; baseline -0.002 -17"><span class='ocrx_word' id='word_1_221' title='bbox 235 1999 391 2052; x_wconf 89' lang='lat' dir='ltr'><strong>suum,</strong></span> <span class='ocrx_word' id='word_1_222' title='bbox 423 1983 648 2037; x_wconf 89' lang='lat' dir='ltr'><strong>scilicet</strong></span> <span class='ocrx_word' id='word_1_223' title='bbox 675 1983 1025 2037; x_wconf 90' lang='lat' dir='ltr'><strong>Balduinum</strong></span> <span class='ocrx_word' id='word_1_224' title='bbox 1061 1982 1426 2036; x_wconf 85' lang='lat' dir='ltr'><strong>Monlensem</strong></span> <span class='ocrx_word' id='word_1_225' title='bbox 1452 1982 1740 2045; x_wconf 86' lang='lat' dir='ltr'><strong>comitem,</strong></span> <span class='ocrx_word' id='word_1_226' title='bbox 1777 1981 1847 2034; x_wconf 89' lang='lat' dir='ltr'><strong>ad</strong></span> 
     </span>
    </p>
   </div>
   <div class='ocr_carea' id='block_1_34' title="bbox 235 2070 1849 2140">
    <p class='ocr_par' dir='ltr' id='par_1_34' title="bbox 235 2070 1849 2140">
     <span class='ocr_line' id='line_1_34' title="bbox 235 2070 1849 2140; baseline 0.001 -19"><span class='ocrx_word' id='word_1_227' title='bbox 235 2071 499 2124; x_wconf 84' lang='lat' dir='ltr'><strong>arcendam</strong></span> <span class='ocrx_word' id='word_1_228' title='bbox 531 2072 751 2125; x_wconf 90' lang='lat' dir='ltr'><strong>civium</strong></span> <span class='ocrx_word' id='word_1_229' title='bbox 783 2071 1121 2140; x_wconf 82' lang='lat' dir='ltr'><strong>superbiam</strong></span> <span class='ocrx_word' id='word_1_230' title='bbox 1141 2074 1197 2124; x_wconf 92' lang='lat' dir='ltr'><strong>ct</strong></span> <span class='ocrx_word' id='word_1_231' title='bbox 1217 2071 1289 2123; x_wconf 90' lang='lat' dir='ltr'><strong>ad</strong></span> <span class='ocrx_word' id='word_1_232' title='bbox 1322 2070 1627 2124; x_wconf 87' lang='lat' dir='ltr'><strong>delendam</strong></span> <span class='ocrx_word' id='word_1_233' title='bbox 1645 2085 1849 2122; x_wconf 93' lang='lat' dir='ltr'><strong>eorum</strong></span> 
     </span>
    </p>
   </div>
   <div class='ocr_carea' id='block_1_35' title="bbox 231 2158 1848 2226">
    <p class='ocr_par' dir='ltr' id='par_1_35' title="bbox 231 2158 1848 2226">
     <span class='ocr_line' id='line_1_35' title="bbox 231 2158 1848 2226; baseline -0.001 -14"><span class='ocrx_word' id='word_1_234' title='bbox 231 2158 489 2226; x_wconf 79' lang='lat' dir='ltr'><strong>profanam</strong></span> <span class='ocrx_word' id='word_1_235' title='bbox 520 2160 939 2213; x_wconf 80' lang='lat' dir='ltr'><strong>communium.</strong></span> <span class='ocrx_word' id='word_1_236' title='bbox 973 2159 1077 2212; x_wconf 85' lang='lat' dir='ltr'><strong>Cui</strong></span> <span class='ocrx_word' id='word_1_237' title='bbox 1103 2175 1218 2212; x_wconf 91' lang='lat' dir='ltr'><strong>non</strong></span> <span class='ocrx_word' id='word_1_238' title='bbox 1241 2160 1369 2211; x_wconf 91' lang='lat' dir='ltr'><strong>sine</strong></span> <span class='ocrx_word' id='word_1_239' title='bbox 1393 2158 1593 2211; x_wconf 89' lang='lat' dir='ltr'><strong>militia</strong></span> <span class='ocrx_word' id='word_1_240' title='bbox 1619 2159 1848 2211; x_wconf 88' lang='lat' dir='ltr'><strong>comitis</strong></span> 
     </span>
    </p>
   </div>
   <div class='ocr_carea' id='block_1_36' title="bbox 232 2247 1848 2318">
    <p class='ocr_par' dir='ltr' id='par_1_36' title="bbox 232 2247 1848 2318">
     <span class='ocr_line' id='line_1_36' title="bbox 232 2247 1848 2318; baseline -0.001 -19"><span class='ocrx_word' id='word_1_241' title='bbox 232 2248 571 2301; x_wconf 82' lang='lat' dir='ltr'><strong>Cameracum</strong></span> <span class='ocrx_word' id='word_1_242' title='bbox 629 2249 846 2302; x_wconf 83' lang='lat' dir='ltr'><strong>intrare</strong></span> <span class='ocrx_word' id='word_1_243' title='bbox 902 2247 1140 2314; x_wconf 91' lang='lat' dir='ltr'><strong>volenti,</strong></span> <span class='ocrx_word' id='word_1_244' title='bbox 1173 2248 1425 2318; x_wconf 90' lang='lat' dir='ltr'><strong>populus</strong></span> <span class='ocrx_word' id='word_1_245' title='bbox 1475 2247 1848 2315; x_wconf 85' lang='lat' dir='ltr'><strong>conSpiratus</strong></span> 
     </span>
    </p>
   </div>
   <div class='ocr_carea' id='block_1_37' title="bbox 231 2335 1847 2408">
    <p class='ocr_par' dir='ltr' id='par_1_37' title="bbox 231 2335 1847 2408">
     <span class='ocr_line' id='line_1_37' title="bbox 231 2335 1847 2408; baseline -0.001 -21"><span class='ocrx_word' id='word_1_246' title='bbox 231 2336 534 2389; x_wconf 79' lang='lat' dir='ltr'><strong>contradixit</strong></span> <span class='ocrx_word' id='word_1_247' title='bbox 552 2337 804 2408; x_wconf 86' lang='lat' dir='ltr'><strong>ingredi.</strong></span> <span class='ocrx_word' id='word_1_248' title='bbox 826 2337 1218 2390; x_wconf 88' lang='lat' dir='ltr'><strong>Veruutamen</strong></span> <span class='ocrx_word' id='word_1_249' title='bbox 1237 2337 1558 2404; x_wconf 85' lang='lat' dir='ltr'><strong>episcOpus</strong></span> <span class='ocrx_word' id='word_1_250' title='bbox 1580 2336 1694 2388; x_wconf 90' lang='lat' dir='ltr'><strong>stul</strong></span> <span class='ocrx_word' id='word_1_251' title='bbox 1712 2335 1847 2386; x_wconf 59' lang='lat' dir='ltr'><strong>titiae</strong></span> 
     </span>
    </p>
   </div>
   <div class='ocr_carea' id='block_1_38' title="bbox 230 2423 1846 2496">
    <p class='ocr_par' dir='ltr' id='par_1_38' title="bbox 230 2423 1846 2496">
     <span class='ocr_line' id='line_1_38' title="bbox 230 2423 1846 2496; baseline -0.001 -22"><span class='ocrx_word' id='word_1_252' title='bbox 230 2423 384 2492; x_wconf 83' lang='lat' dir='ltr'><strong>plebis</strong></span> <span class='ocrx_word' id='word_1_253' title='bbox 406 2441 523 2479; x_wconf 72' lang='lat' dir='ltr'><strong>suae</strong></span> <span class='ocrx_word' id='word_1_254' title='bbox 537 2426 770 2478; x_wconf 87' lang='lat' dir='ltr'><strong>malens</strong></span> <span class='ocrx_word' id='word_1_255' title='bbox 786 2425 1054 2478; x_wconf 89' lang='lat' dir='ltr'><strong>misereri</strong></span> <span class='ocrx_word' id='word_1_256' title='bbox 1073 2441 1245 2496; x_wconf 88' lang='lat' dir='ltr'><strong>quam</strong></span> <span class='ocrx_word' id='word_1_257' title='bbox 1261 2424 1491 2492; x_wconf 89' lang='lat' dir='ltr'><strong>ulcisci,</strong></span> <span class='ocrx_word' id='word_1_258' title='bbox 1513 2423 1717 2492; x_wconf 88' lang='lat' dir='ltr'><strong>optulit</strong></span> <span class='ocrx_word' id='word_1_259' title='bbox 1733 2423 1846 2474; x_wconf 89' lang='lat' dir='ltr'><strong>illis</strong></span> 
     </span>
    </p>
   </div>
   <div class='ocr_carea' id='block_1_39' title="bbox 226 2511 1846 2583">
    <p class='ocr_par' dir='ltr' id='par_1_39' title="bbox 226 2511 1846 2583">
     <span class='ocr_line' id='line_1_39' title="bbox 226 2511 1846 2583; baseline -0.001 -19"><span class='ocrx_word' id='word_1_260' title='bbox 226 2511 366 2565; x_wconf 86' lang='lat' dir='ltr'><strong>ﬁdem</strong></span> <span class='ocrx_word' id='word_1_261' title='bbox 398 2513 609 2580; x_wconf 81' lang='lat' dir='ltr'><strong>facere,</strong></span> <span class='ocrx_word' id='word_1_262' title='bbox 645 2514 802 2583; x_wconf 93' lang='lat' dir='ltr'><strong>quod</strong></span> <span class='ocrx_word' id='word_1_263' title='bbox 835 2513 892 2566; x_wconf 91' lang='lat' dir='ltr'><strong>in</strong></span> <span class='ocrx_word' id='word_1_264' title='bbox 925 2513 1086 2566; x_wconf 90' lang='lat' dir='ltr'><strong>curia</strong></span> <span class='ocrx_word' id='word_1_265' title='bbox 1107 2529 1213 2566; x_wconf 89' lang='lat' dir='ltr'><strong>sua</strong></span> <span class='ocrx_word' id='word_1_266' title='bbox 1239 2515 1511 2566; x_wconf 89' lang='lat' dir='ltr'><strong>tractaret</strong></span> <span class='ocrx_word' id='word_1_267' title='bbox 1534 2511 1846 2580; x_wconf 82' lang='lat' dir='ltr'><strong>aliquando</strong></span> 
     </span>
    </p>
   </div>
   <div class='ocr_carea' id='block_1_40' title="bbox 227 2599 1846 2669">
    <p class='ocr_par' dir='ltr' id='par_1_40' title="bbox 227 2599 1846 2669">
     <span class='ocr_line' id='line_1_40' title="bbox 227 2599 1846 2669; baseline 0.001 -18"><span class='ocrx_word' id='word_1_268' title='bbox 227 2600 280 2652; x_wconf 83' lang='lat' dir='ltr'><strong>de</strong></span> <span class='ocrx_word' id='word_1_269' title='bbox 306 2600 440 2654; x_wconf 82' lang='lat' dir='ltr'><strong>facta</strong></span> <span class='ocrx_word' id='word_1_270' title='bbox 497 2607 702 2654; x_wconf 91' lang='lat' dir='ltr'><strong>contra</strong></span> <span class='ocrx_word' id='word_1_271' title='bbox 760 2617 892 2655; x_wconf 90' lang='lat' dir='ltr'><strong>eum</strong></span> <span class='ocrx_word' id='word_1_272' title='bbox 941 2602 1399 2669; x_wconf 89' lang='lat' dir='ltr'><strong>conspiratione.</strong></span> <span class='ocrx_word' id='word_1_273' title='bbox 1455 2600 1596 2652; x_wconf 88' lang='lat' dir='ltr'><strong>Data</strong></span> <span class='ocrx_word' id='word_1_274' title='bbox 1655 2599 1846 2668; x_wconf 86' lang='lat' dir='ltr'><strong>itaque</strong></span> 
     </span>
    </p>
   </div>
   <div class='ocr_carea' id='block_1_41' title="bbox 229 2687 1845 2757">
    <p class='ocr_par' dir='ltr' id='par_1_41' title="bbox 229 2687 1845 2757">
     <span class='ocr_line' id='line_1_41' title="bbox 229 2687 1845 2757; baseline 0 -18"><span class='ocrx_word' id='word_1_275' title='bbox 229 2687 410 2756; x_wconf 87' lang='lat' dir='ltr'><strong>ﬁdutia,</strong></span> <span class='ocrx_word' id='word_1_276' title='bbox 429 2689 589 2744; x_wconf 88' lang='lat' dir='ltr'><strong>cives</strong></span> <span class='ocrx_word' id='word_1_277' title='bbox 618 2690 857 2743; x_wconf 90' lang='lat' dir='ltr'><strong>domum</strong></span> <span class='ocrx_word' id='word_1_278' title='bbox 885 2689 982 2743; x_wconf 89' lang='lat' dir='ltr'><strong>leti</strong></span> <span class='ocrx_word' id='word_1_279' title='bbox 1007 2690 1407 2756; x_wconf 87' lang='lat' dir='ltr'><strong>reversisunt,</strong></span> <span class='ocrx_word' id='word_1_280' title='bbox 1440 2689 1611 2757; x_wconf 88' lang='lat' dir='ltr'><strong>quasi</strong></span> <span class='ocrx_word' id='word_1_281' title='bbox 1643 2687 1845 2741; x_wconf 87' lang='lat' dir='ltr'><strong>sedata</strong></span> 
     </span>
    </p>
   </div>
   <div class='ocr_carea' id='block_1_42' title="bbox 227 2775 1877 2847">
    <p class='ocr_par' dir='ltr' id='par_1_42' title="bbox 227 2775 1877 2847">
     <span class='ocr_line' id='line_1_42' title="bbox 227 2775 1877 2847; baseline 0 -20"><span class='ocrx_word' id='word_1_282' title='bbox 227 2779 267 2828; x_wconf 87' lang='lat' dir='ltr'><strong>et</strong></span> <span class='ocrx_word' id='word_1_283' title='bbox 291 2777 446 2830; x_wconf 90' lang='lat' dir='ltr'><strong>oblita</strong></span> <span class='ocrx_word' id='word_1_284' title='bbox 475 2793 685 2831; x_wconf 88' lang='lat' dir='ltr'><strong>eorum</strong></span> <span class='ocrx_word' id='word_1_285' title='bbox 717 2777 953 2847; x_wconf 85' lang='lat' dir='ltr'><strong>injuria.</strong></span> <span class='ocrx_word' id='word_1_286' title='bbox 988 2777 1104 2831; x_wconf 88' lang='lat' dir='ltr'><strong>Sed</strong></span> <span class='ocrx_word' id='word_1_287' title='bbox 1136 2778 1264 2830; x_wconf 89' lang='lat' dir='ltr'><strong>suis</strong></span> <span class='ocrx_word' id='word_1_288' title='bbox 1297 2777 1552 2830; x_wconf 83' lang='lat' dir='ltr'><strong>fortasse</strong></span> <span class='ocrx_word' id='word_1_289' title='bbox 1585 2775 1844 2845; x_wconf 79' lang='lat' dir='ltr'><strong>peccatis</strong></span> <span class='ocrx_word' id='word_1_290' title='bbox 1873 2777 1877 2782; x_wconf 87' lang='grc'><em>’</em></span> 
     </span>
    </p>
   </div>
   <div class='ocr_carea' id='block_1_43' title="bbox 226 2864 1842 2934">
    <p class='ocr_par' dir='ltr' id='par_1_43' title="bbox 226 2864 1842 2934">
     <span class='ocr_line' id='line_1_43' title="bbox 226 2864 1842 2934; baseline 0.001 -20"><span class='ocrx_word' id='word_1_291' title='bbox 226 2864 578 2934; x_wconf 79' lang='lat' dir='ltr'><strong>exigentibus,</strong></span> <span class='ocrx_word' id='word_1_292' title='bbox 614 2867 807 2918; x_wconf 87' lang='lat' dir='ltr'><strong>inscio</strong></span> <span class='ocrx_word' id='word_1_293' title='bbox 830 2865 1088 2933; x_wconf 85' lang='lat' dir='ltr'><strong>presule,</strong></span> <span class='ocrx_word' id='word_1_294' title='bbox 1131 2866 1364 2918; x_wconf 89' lang='lat' dir='ltr'><strong>sublato</strong></span> <span class='ocrx_word' id='word_1_295' title='bbox 1389 2865 1471 2918; x_wconf 92' lang='lat' dir='ltr'><strong>rei</strong></span> <span class='ocrx_word' id='word_1_296' title='bbox 1503 2869 1759 2931; x_wconf 88' lang='lat' dir='ltr'><strong>auctore,</strong></span> <span class='ocrx_word' id='word_1_297' title='bbox 1811 2880 1842 2915; x_wconf 93' lang='lat' dir='ltr'><strong>a</strong></span> 
     </span>
    </p>
   </div>
   <div class='ocr_carea' id='block_1_44' title="bbox 1956 1803 3622 1876">
    <p class='ocr_par' dir='ltr' id='par_1_44' title="bbox 1956 1803 3622 1876">
     <span class='ocr_line' id='line_1_44' title="bbox 1956 1803 3622 1876; baseline 0.001 -17"><span class='ocrx_word' id='word_1_298' title='bbox 1956 1805 2274 1859; x_wconf 90' lang='lat' dir='ltr'><strong>castellano</strong></span> <span class='ocrx_word' id='word_1_299' title='bbox 2297 1807 2576 1856; x_wconf 87' lang='lat' dir='ltr'><strong>renovata</strong></span> <span class='ocrx_word' id='word_1_300' title='bbox 2605 1806 2696 1855; x_wconf 92' lang='lat' dir='ltr'><strong>est</strong></span> <span class='ocrx_word' id='word_1_301' title='bbox 2727 1803 2942 1855; x_wconf 91' lang='lat' dir='ltr'><strong>malitia</strong></span> <span class='ocrx_word' id='word_1_302' title='bbox 2965 1804 3035 1856; x_wconf 92' lang='lat' dir='ltr'><strong>de</strong></span> <span class='ocrx_word' id='word_1_303' title='bbox 3068 1805 3622 1876; x_wconf 85' lang='lat' dir='ltr'><strong>castellania,quam</strong></span> 
     </span>
    </p>
   </div>
   <div class='ocr_carea' id='block_1_45' title="bbox 1955 1892 3617 1962">
    <p class='ocr_par' dir='ltr' id='par_1_45' title="bbox 1955 1892 3617 1962">
     <span class='ocr_line' id='line_1_45' title="bbox 1955 1892 3617 1962; baseline 0.002 -15"><span class='ocrx_word' id='word_1_304' title='bbox 1955 1894 2105 1947; x_wconf 77' lang='lat' dir='ltr'><strong>infra</strong></span> <span class='ocrx_word' id='word_1_305' title='bbox 2128 1893 2510 1946; x_wconf 89' lang='lat' dir='ltr'><strong>Cameracum</strong></span> <span class='ocrx_word' id='word_1_306' title='bbox 2539 1892 2856 1945; x_wconf 89' lang='lat' dir='ltr'><strong>retinuerat</strong></span> <span class='ocrx_word' id='word_1_307' title='bbox 2879 1893 3196 1962; x_wconf 86' lang='lat' dir='ltr'><strong>episcopus</strong></span> <span class='ocrx_word' id='word_1_308' title='bbox 3218 1895 3277 1946; x_wconf 91' lang='lat' dir='ltr'><strong>in</strong></span> <span class='ocrx_word' id='word_1_309' title='bbox 3300 1910 3617 1950; x_wconf 87' lang='lat' dir='ltr'><strong>manusua.</strong></span> 
     </span>
    </p>
   </div>
   <div class='ocr_carea' id='block_1_46' title="bbox 1957 1980 3622 2050">
    <p class='ocr_par' dir='ltr' id='par_1_46' title="bbox 1957 1980 3622 2050">
     <span class='ocr_line' id='line_1_46' title="bbox 1957 1980 3622 2050; baseline 0.002 -15"><span class='ocrx_word' id='word_1_310' title='bbox 1957 1983 2120 2035; x_wconf 90' lang='lat' dir='ltr'><strong>Bona</strong></span> <span class='ocrx_word' id='word_1_311' title='bbox 2169 1997 2401 2050; x_wconf 90' lang='lat' dir='ltr'><strong>nanque</strong></span> <span class='ocrx_word' id='word_1_312' title='bbox 2441 1980 2706 2050; x_wconf 89' lang='lat' dir='ltr'><strong>episcopi</strong></span> <span class='ocrx_word' id='word_1_313' title='bbox 2747 1980 2902 2049; x_wconf 91' lang='lat' dir='ltr'><strong>apud</strong></span> <span class='ocrx_word' id='word_1_314' title='bbox 2924 1981 3268 2035; x_wconf 84' lang='lat' dir='ltr'><strong>Atrebatum</strong></span> <span class='ocrx_word' id='word_1_315' title='bbox 3309 1986 3423 2036; x_wconf 91' lang='lat' dir='ltr'><strong>tam</strong></span> <span class='ocrx_word' id='word_1_316' title='bbox 3465 1985 3622 2038; x_wconf 90' lang='lat' dir='ltr'><strong>circa</strong></span> 
     </span>
    </p>
   </div>
   <div class='ocr_carea' id='block_1_47' title="bbox 1959 2068 3616 2142">
    <p class='ocr_par' dir='ltr' id='par_1_47' title="bbox 1959 2068 3616 2142">
     <span class='ocr_line' id='line_1_47' title="bbox 1959 2068 3616 2142; baseline 0.001 -19"><span class='ocrx_word' id='word_1_317' title='bbox 1959 2085 2132 2139; x_wconf 88' lang='lat' dir='ltr'><strong>quam</strong></span> <span class='ocrx_word' id='word_1_318' title='bbox 2167 2069 2335 2137; x_wconf 83' lang='lat' dir='ltr'><strong>infra,</strong></span> <span class='ocrx_word' id='word_1_319' title='bbox 2371 2072 2428 2122; x_wconf 91' lang='lat' dir='ltr'><strong>et</strong></span> <span class='ocrx_word' id='word_1_320' title='bbox 2457 2068 2609 2137; x_wconf 88' lang='lat' dir='ltr'><strong>apud</strong></span> <span class='ocrx_word' id='word_1_321' title='bbox 2642 2068 2948 2122; x_wconf 85' lang='lat' dir='ltr'><strong>Mariolum</strong></span> <span class='ocrx_word' id='word_1_322' title='bbox 2966 2072 3022 2122; x_wconf 91' lang='lat' dir='ltr'><strong>et</strong></span> <span class='ocrx_word' id='word_1_323' title='bbox 3045 2070 3381 2140; x_wconf 88' lang='lat' dir='ltr'><strong>ubicunque</strong></span> <span class='ocrx_word' id='word_1_324' title='bbox 3411 2073 3616 2142; x_wconf 91' lang='lat' dir='ltr'><strong>potuit,</strong></span> 
     </span>
    </p>
   </div>
   <div class='ocr_carea' id='block_1_48' title="bbox 1961 2157 3620 2227">
    <p class='ocr_par' dir='ltr' id='par_1_48' title="bbox 1961 2157 3620 2227">
     <span class='ocr_line' id='line_1_48' title="bbox 1961 2157 3620 2227; baseline 0.002 -16"><span class='ocrx_word' id='word_1_325' title='bbox 1961 2158 2153 2211; x_wconf 88' lang='lat' dir='ltr'><strong>omnia</strong></span> <span class='ocrx_word' id='word_1_326' title='bbox 2184 2157 2529 2227; x_wconf 87' lang='lat' dir='ltr'><strong>dissipavit;</strong></span> <span class='ocrx_word' id='word_1_327' title='bbox 2578 2158 2732 2210; x_wconf 89' lang='lat' dir='ltr'><strong>bona</strong></span> <span class='ocrx_word' id='word_1_328' title='bbox 2762 2158 2934 2210; x_wconf 90' lang='lat' dir='ltr'><strong>etiam</strong></span> <span class='ocrx_word' id='word_1_329' title='bbox 2961 2157 3366 2212; x_wconf 66' lang='lat' dir='ltr'><strong>mcclesiarum</strong></span> <span class='ocrx_word' id='word_1_330' title='bbox 3423 2160 3620 2214; x_wconf 89' lang='lat' dir='ltr'><strong>Came-</strong></span> 
     </span>
    </p>
   </div>
   <div class='ocr_carea' id='block_1_49' title="bbox 1961 2246 3622 2317">
    <p class='ocr_par' dir='ltr' id='par_1_49' title="bbox 1961 2246 3622 2317">
     <span class='ocr_line' id='line_1_49' title="bbox 1961 2246 3622 2317; baseline 0.002 -19"><span class='ocrx_word' id='word_1_331' title='bbox 1961 2247 2296 2300; x_wconf 90' lang='lat' dir='ltr'><strong>racensium</strong></span> <span class='ocrx_word' id='word_1_332' title='bbox 2312 2247 2530 2315; x_wconf 89' lang='lat' dir='ltr'><strong>ubique</strong></span> <span class='ocrx_word' id='word_1_333' title='bbox 2544 2246 3227 2314; x_wconf 87' lang='lat' dir='ltr'><strong>depopulatacombussit</strong></span> <span class='ocrx_word' id='word_1_334' title='bbox 3243 2252 3298 2300; x_wconf 91' lang='lat' dir='ltr'><strong>et</strong></span> <span class='ocrx_word' id='word_1_335' title='bbox 3313 2263 3622 2317; x_wconf 88' lang='lat' dir='ltr'><strong>consump-</strong></span> 
     </span>
    </p>
   </div>
   <div class='ocr_carea' id='block_1_50' title="bbox 1962 2335 3619 2404">
    <p class='ocr_par' dir='ltr' id='par_1_50' title="bbox 1962 2335 3619 2404">
     <span class='ocr_line' id='line_1_50' title="bbox 1962 2335 3619 2404; baseline 0.001 -17"><span class='ocrx_word' id='word_1_336' title='bbox 1962 2335 2055 2387; x_wconf 90' lang='lat' dir='ltr'><strong>sit.</strong></span> <span class='ocrx_word' id='word_1_337' title='bbox 2093 2335 2348 2387; x_wconf 79' lang='lat' dir='ltr'><strong>Extensa</strong></span> <span class='ocrx_word' id='word_1_338' title='bbox 2397 2335 2577 2404; x_wconf 85' lang='lat' dir='ltr'><strong>igitur</strong></span> <span class='ocrx_word' id='word_1_339' title='bbox 2603 2350 2708 2402; x_wconf 90' lang='lat' dir='ltr'><strong>per</strong></span> <span class='ocrx_word' id='word_1_340' title='bbox 2756 2349 2943 2387; x_wconf 89' lang='lat' dir='ltr'><strong>annos</strong></span> <span class='ocrx_word' id='word_1_341' title='bbox 2977 2335 3264 2402; x_wconf 89' lang='lat' dir='ltr'><strong>plurimos</strong></span> <span class='ocrx_word' id='word_1_342' title='bbox 3317 2337 3619 2390; x_wconf 89' lang='lat' dir='ltr'><strong>castellani</strong></span> 
     </span>
    </p>
   </div>
   <div class='ocr_carea' id='block_1_51' title="bbox 1958 2423 3620 2492">
    <p class='ocr_par' dir='ltr' id='par_1_51' title="bbox 1958 2423 3620 2492">
     <span class='ocr_line' id='line_1_51' title="bbox 1958 2423 3620 2492; baseline 0.001 -16"><span class='ocrx_word' id='word_1_343' title='bbox 1958 2424 2292 2492; x_wconf 86' lang='lat' dir='ltr'><strong>persecutio</strong></span> <span class='ocrx_word' id='word_1_344' title='bbox 2307 2427 2362 2477; x_wconf 94' lang='lat' dir='ltr'><strong>et</strong></span> <span class='ocrx_word' id='word_1_345' title='bbox 2377 2427 2664 2476; x_wconf 89' lang='lat' dir='ltr'><strong>terrarum</strong></span> <span class='ocrx_word' id='word_1_346' title='bbox 2704 2423 2979 2475; x_wconf 89' lang='lat' dir='ltr'><strong>continua</strong></span> <span class='ocrx_word' id='word_1_347' title='bbox 3013 2424 3262 2477; x_wconf 87' lang='lat' dir='ltr'><strong>vastatio</strong></span> <span class='ocrx_word' id='word_1_348' title='bbox 3283 2424 3620 2478; x_wconf 82' lang='lat' dir='ltr'><strong>indesinen-</strong></span> 
     </span>
    </p>
   </div>
   <div class='ocr_carea' id='block_1_52' title="bbox 1961 2509 3620 2582">
    <p class='ocr_par' dir='ltr' id='par_1_52' title="bbox 1961 2509 3620 2582">
     <span class='ocr_line' id='line_1_52' title="bbox 1961 2509 3620 2582; baseline 0.001 -18"><span class='ocrx_word' id='word_1_349' title='bbox 1961 2517 2050 2564; x_wconf 89' lang='lat' dir='ltr'><strong>ter</strong></span> <span class='ocrx_word' id='word_1_350' title='bbox 2097 2511 2391 2581; x_wconf 89' lang='lat' dir='ltr'><strong>compellit</strong></span> <span class='ocrx_word' id='word_1_351' title='bbox 2443 2511 2704 2564; x_wconf 85' lang='lat' dir='ltr'><strong>rusticos</strong></span> <span class='ocrx_word' id='word_1_352' title='bbox 2751 2509 2924 2562; x_wconf 90' lang='lat' dir='ltr'><strong>villas</strong></span> <span class='ocrx_word' id='word_1_353' title='bbox 2970 2510 3280 2579; x_wconf 88' lang='lat' dir='ltr'><strong>dimittere,</strong></span> <span class='ocrx_word' id='word_1_354' title='bbox 3319 2511 3620 2582; x_wconf 85' lang='lat' dir='ltr'><strong>rebusque</strong></span> 
     </span>
    </p>
   </div>
   <div class='ocr_carea' id='block_1_53' title="bbox 1959 2598 3620 2670">
    <p class='ocr_par' dir='ltr' id='par_1_53' title="bbox 1959 2598 3620 2670">
     <span class='ocr_line' id='line_1_53' title="bbox 1959 2598 3620 2670; baseline 0.001 -18"><span class='ocrx_word' id='word_1_355' title='bbox 1959 2601 2170 2653; x_wconf 87' lang='lat' dir='ltr'><strong>ablatis</strong></span> <span class='ocrx_word' id='word_1_356' title='bbox 2205 2616 2390 2670; x_wconf 87' lang='lat' dir='ltr'><strong>vagos</strong></span> <span class='ocrx_word' id='word_1_357' title='bbox 2413 2605 2468 2653; x_wconf 90' lang='lat' dir='ltr'><strong>et</strong></span> <span class='ocrx_word' id='word_1_358' title='bbox 2490 2600 2695 2653; x_wconf 83' lang='lat' dir='ltr'><strong>exules</strong></span> <span class='ocrx_word' id='word_1_359' title='bbox 2719 2614 2824 2668; x_wconf 93' lang='lat' dir='ltr'><strong>per</strong></span> <span class='ocrx_word' id='word_1_360' title='bbox 2844 2598 3032 2651; x_wconf 89' lang='lat' dir='ltr'><strong>aliena</strong></span> <span class='ocrx_word' id='word_1_361' title='bbox 3056 2599 3408 2653; x_wconf 90' lang='lat' dir='ltr'><strong>mendicare.</strong></span> <span class='ocrx_word' id='word_1_362' title='bbox 3432 2598 3620 2669; x_wconf 84' lang='lat' dir='ltr'><strong>Cujus</strong></span> 
     </span>
    </p>
   </div>
   <div class='ocr_carea' id='block_1_54' title="bbox 1961 2687 3620 2757">
    <p class='ocr_par' dir='ltr' id='par_1_54' title="bbox 1961 2687 3620 2757">
     <span class='ocr_line' id='line_1_54' title="bbox 1961 2687 3620 2757; baseline 0.001 -17"><span class='ocrx_word' id='word_1_363' title='bbox 1961 2690 2176 2742; x_wconf 85' lang='lat' dir='ltr'><strong>malum</strong></span> <span class='ocrx_word' id='word_1_364' title='bbox 2209 2688 2574 2741; x_wconf 89' lang='lat' dir='ltr'><strong>intolerabile</strong></span> <span class='ocrx_word' id='word_1_365' title='bbox 2607 2688 2846 2757; x_wconf 88' lang='lat' dir='ltr'><strong>sapiens</strong></span> <span class='ocrx_word' id='word_1_366' title='bbox 2899 2687 3217 2757; x_wconf 87' lang='lat' dir='ltr'><strong>episcopus</strong></span> <span class='ocrx_word' id='word_1_367' title='bbox 3252 2703 3368 2741; x_wconf 93' lang='lat' dir='ltr'><strong>non</strong></span> <span class='ocrx_word' id='word_1_368' title='bbox 3414 2689 3620 2742; x_wconf 88' lang='lat' dir='ltr'><strong>valens</strong></span> 
     </span>
    </p>
   </div>
   <div class='ocr_carea' id='block_1_55' title="bbox 1963 2775 3625 2845">
    <p class='ocr_par' dir='ltr' id='par_1_55' title="bbox 1963 2775 3625 2845">
     <span class='ocr_line' id='line_1_55' title="bbox 1963 2775 3625 2845; baseline 0.001 -15"><span class='ocrx_word' id='word_1_369' title='bbox 1963 2778 2231 2845; x_wconf 88' lang='lat' dir='ltr'><strong>tolerare,</strong></span> <span class='ocrx_word' id='word_1_370' title='bbox 2255 2777 2516 2830; x_wconf 85' lang='lat' dir='ltr'><strong>secundo</strong></span> <span class='ocrx_word' id='word_1_371' title='bbox 2538 2777 2795 2829; x_wconf 69' lang='lat' dir='ltr'><strong>ltoberto</strong></span> <span class='ocrx_word' id='word_1_372' title='bbox 2811 2775 3218 2829; x_wconf 86' lang='lat' dir='ltr'><strong>Flandriarum</strong></span> <span class='ocrx_word' id='word_1_373' title='bbox 3252 2776 3448 2829; x_wconf 89' lang='lat' dir='ltr'><strong>comiti</strong></span> <span class='ocrx_word' id='word_1_374' title='bbox 3479 2793 3625 2831; x_wconf 89' lang='lat' dir='ltr'><strong>mar-</strong></span> 
     </span>
    </p>
   </div>
   <div class='ocr_carea' id='block_1_56' title="bbox 1965 2859 3621 2936">
    <p class='ocr_par' dir='ltr' id='par_1_56' title="bbox 1965 2859 3621 2936">
     <span class='ocr_line' id='line_1_56' title="bbox 1965 2859 3621 2936; baseline 0 -18"><span class='ocrx_word' id='word_1_375' title='bbox 1965 2881 2065 2918; x_wconf 89' lang='lat' dir='ltr'><strong>cas</strong></span> <span class='ocrx_word' id='word_1_376' title='bbox 2094 2865 2322 2936; x_wconf 85' lang='lat' dir='ltr'><strong>argenti</strong></span> <span class='ocrx_word' id='word_1_377' title='bbox 2355 2865 2638 2918; x_wconf 87' lang='lat' dir='ltr'><strong>ducentas</strong></span> <span class='ocrx_word' id='word_1_378' title='bbox 2674 2864 2894 2932; x_wconf 86' lang='lat' dir='ltr'><strong>tribuit,</strong></span> <span class='ocrx_word' id='word_1_379' title='bbox 2919 2859 3161 2934; x_wconf 83' lang='lat' dir='ltr'><strong>propter</strong></span> <span class='ocrx_word' id='word_1_380' title='bbox 3181 2865 3479 2917; x_wconf 89' lang='lat' dir='ltr'><strong>miseriam</strong></span> <span class='ocrx_word' id='word_1_381' title='bbox 3502 2865 3621 2918; x_wconf 89' lang='lat' dir='ltr'><strong>ino-</strong></span> 
     </span>
    </p>
   </div>
   <div class='ocr_carea' id='block_1_57' title="bbox 225 2951 3621 3024">
    <p class='ocr_par' dir='ltr' id='par_1_57' title="bbox 225 2951 3621 3024">
     <span class='ocr_line' id='line_1_57' title="bbox 225 2951 3621 3024; baseline 0.001 -21"><span class='ocrx_word' id='word_1_382' title='bbox 225 2951 464 3007; x_wconf 87' lang='lat' dir='ltr'><strong>militibus</strong></span> <span class='ocrx_word' id='word_1_383' title='bbox 485 2954 1028 3024; x_wconf 86' lang='lat' dir='ltr'><strong>pecuniamcivium</strong></span> <span class='ocrx_word' id='word_1_384' title='bbox 1044 2954 1431 3022; x_wconf 88' lang='lat' dir='ltr'><strong>superborum</strong></span> <span class='ocrx_word' id='word_1_385' title='bbox 1455 2967 1660 3021; x_wconf 86' lang='lat' dir='ltr'><strong>rapere</strong></span> <span class='ocrx_word' id='word_1_386' title='bbox 1679 2952 1842 3005; x_wconf 84' lang='lat' dir='ltr'><strong>desi-</strong></span> <span class='ocrx_word' id='word_1_387' title='bbox 1885 2952 1938 3014; x_wconf 89' lang='lat' dir='ltr'>C</span> <span class='ocrx_word' id='word_1_388' title='bbox 1964 2969 2100 3022; x_wconf 88' lang='lat' dir='ltr'><strong>pum</strong></span> <span class='ocrx_word' id='word_1_389' title='bbox 2146 2957 2201 3006; x_wconf 90' lang='lat' dir='ltr'><strong>et</strong></span> <span class='ocrx_word' id='word_1_390' title='bbox 2231 2953 2512 3024; x_wconf 90' lang='lat' dir='ltr'><strong>gemitum</strong></span> <span class='ocrx_word' id='word_1_391' title='bbox 2563 2968 2905 3022; x_wconf 86' lang='lat' dir='ltr'><strong>pauperum,</strong></span> <span class='ocrx_word' id='word_1_392' title='bbox 2942 2956 3003 3005; x_wconf 91' lang='lat' dir='ltr'><strong>ut</strong></span> <span class='ocrx_word' id='word_1_393' title='bbox 3032 2953 3192 3006; x_wconf 92' lang='lat' dir='ltr'><strong>illum</strong></span> <span class='ocrx_word' id='word_1_394' title='bbox 3229 2953 3540 3022; x_wconf 84' lang='lat' dir='ltr'><strong>Hugonem</strong></span> <span class='ocrx_word' id='word_1_395' title='bbox 3587 2969 3621 3006; x_wconf 88' lang='lat' dir='ltr'><strong>a</strong></span> 
     </span>
    </p>
   </div>
   <div class='ocr_carea' id='block_1_58' title="bbox 223 3037 1844 3108">
    <p class='ocr_par' dir='ltr' id='par_1_58' title="bbox 223 3037 1844 3108">
     <span class='ocr_line' id='line_1_58' title="bbox 223 3037 1844 3108; baseline 0.001 -17"><span class='ocrx_word' id='word_1_396' title='bbox 223 3037 520 3095; x_wconf 87' lang='lat' dir='ltr'><strong>derantibus</strong></span> <span class='ocrx_word' id='word_1_397' title='bbox 544 3043 603 3096; x_wconf 92' lang='lat' dir='ltr'><strong>in</strong></span> <span class='ocrx_word' id='word_1_398' title='bbox 635 3043 764 3096; x_wconf 89' lang='lat' dir='ltr'><strong>suis</strong></span> <span class='ocrx_word' id='word_1_399' title='bbox 795 3042 1068 3096; x_wconf 91' lang='lat' dir='ltr'><strong>domibus</strong></span> <span class='ocrx_word' id='word_1_400' title='bbox 1087 3041 1282 3095; x_wconf 91' lang='lat' dir='ltr'><strong>subito</strong></span> <span class='ocrx_word' id='word_1_401' title='bbox 1314 3041 1760 3108; x_wconf 90' lang='lat' dir='ltr'><strong>invaduntur,ct</strong></span> <span class='ocrx_word' id='word_1_402' title='bbox 1784 3045 1844 3094; x_wconf 92' lang='lat' dir='ltr'><strong>ut</strong></span> 
     </span>
    </p>
   </div>
   <div class='ocr_carea' id='block_1_59' title="bbox 218 3128 1845 3200">
    <p class='ocr_par' dir='ltr' id='par_1_59' title="bbox 218 3128 1845 3200">
     <span class='ocr_line' id='line_1_59' title="bbox 218 3128 1845 3200; baseline 0.001 -21"><span class='ocrx_word' id='word_1_403' title='bbox 218 3129 452 3200; x_wconf 86' lang='lat' dir='ltr'><strong>quisquis</strong></span> <span class='ocrx_word' id='word_1_404' title='bbox 466 3131 685 3184; x_wconf 91' lang='lat' dir='ltr'><strong>obvius</strong></span> <span class='ocrx_word' id='word_1_405' title='bbox 701 3130 808 3183; x_wconf 85' lang='lat' dir='ltr'><strong>fuit</strong></span> <span class='ocrx_word' id='word_1_406' title='bbox 831 3130 1065 3188; x_wconf 86' lang='lat' dir='ltr'><strong>inimico</strong></span> <span class='ocrx_word' id='word_1_407' title='bbox 1082 3130 1376 3197; x_wconf 90' lang='lat' dir='ltr'><strong>inimicus,</strong></span> <span class='ocrx_word' id='word_1_408' title='bbox 1393 3133 1492 3182; x_wconf 90' lang='lat' dir='ltr'><strong>aut</strong></span> <span class='ocrx_word' id='word_1_409' title='bbox 1505 3128 1845 3183; x_wconf 89' lang='lat' dir='ltr'><strong>vulneratur</strong></span> 
     </span>
    </p>
   </div>
   <div class='ocr_carea' id='block_1_60' title="bbox 219 3217 1844 3288">
    <p class='ocr_par' dir='ltr' id='par_1_60' title="bbox 219 3217 1844 3288">
     <span class='ocr_line' id='line_1_60' title="bbox 219 3217 1844 3288; baseline 0.003 -22"><span class='ocrx_word' id='word_1_410' title='bbox 219 3217 663 3272; x_wconf 84' lang='lat' dir='ltr'><strong>autinterﬁcitur.</strong></span> <span class='ocrx_word' id='word_1_411' title='bbox 687 3218 785 3273; x_wconf 92' lang='lat' dir='ltr'><strong>Sic</strong></span> <span class='ocrx_word' id='word_1_412' title='bbox 810 3235 952 3272; x_wconf 90' lang='lat' dir='ltr'><strong>casu</strong></span> <span class='ocrx_word' id='word_1_413' title='bbox 973 3219 1276 3288; x_wconf 88' lang='lat' dir='ltr'><strong>repentino</strong></span> <span class='ocrx_word' id='word_1_414' title='bbox 1311 3219 1475 3272; x_wconf 89' lang='lat' dir='ltr'><strong>cives</strong></span> <span class='ocrx_word' id='word_1_415' title='bbox 1505 3218 1750 3285; x_wconf 90' lang='lat' dir='ltr'><strong>attoniti,</strong></span> <span class='ocrx_word' id='word_1_416' title='bbox 1785 3217 1844 3271; x_wconf 91' lang='lat' dir='ltr'><strong>in</strong></span> 
     </span>
    </p>
   </div>
   <div class='ocr_carea' id='block_1_61' title="bbox 219 3305 1843 3377">
    <p class='ocr_par' dir='ltr' id='par_1_61' title="bbox 219 3305 1843 3377">
     <span class='ocr_line' id='line_1_61' title="bbox 219 3305 1843 3377; baseline 0.002 -22"><span class='ocrx_word' id='word_1_417' title='bbox 219 3305 511 3360; x_wconf 69' lang='lat' dir='ltr'><strong>azcclesiam</strong></span> <span class='ocrx_word' id='word_1_418' title='bbox 528 3307 720 3360; x_wconf 89' lang='lat' dir='ltr'><strong>sancti</strong></span> <span class='ocrx_word' id='word_1_419' title='bbox 741 3305 1057 3377; x_wconf 86' lang='lat' dir='ltr'><strong>Gaugcrici</strong></span> <span class='ocrx_word' id='word_1_420' title='bbox 1072 3306 1419 3377; x_wconf 81' lang='lat' dir='ltr'><strong>confugiunt</strong></span> <span class='ocrx_word' id='word_1_421' title='bbox 1436 3305 1719 3374; x_wconf 89' lang='lat' dir='ltr'><strong>universi,</strong></span> <span class='ocrx_word' id='word_1_422' title='bbox 1738 3305 1843 3359; x_wconf 89' lang='lat' dir='ltr'><strong>sed</strong></span> 
     </span>
    </p>
   </div>
   <div class='ocr_carea' id='block_1_62' title="bbox 218 3392 1849 3464">
    <p class='ocr_par' dir='ltr' id='par_1_62' title="bbox 218 3392 1849 3464">
     <span class='ocr_line' id='line_1_62' title="bbox 218 3392 1849 3464; baseline 0.002 -22"><span class='ocrx_word' id='word_1_423' title='bbox 218 3392 272 3444; x_wconf 83' lang='lat' dir='ltr'><strong>ad</strong></span> <span class='ocrx_word' id='word_1_424' title='bbox 300 3394 551 3448; x_wconf 88' lang='lat' dir='ltr'><strong>ultimum</strong></span> <span class='ocrx_word' id='word_1_425' title='bbox 590 3395 829 3457; x_wconf 89' lang='lat' dir='ltr'><strong>devicti,</strong></span> <span class='ocrx_word' id='word_1_426' title='bbox 867 3395 1015 3448; x_wconf 90' lang='lat' dir='ltr'><strong>ultro</strong></span> <span class='ocrx_word' id='word_1_427' title='bbox 1050 3395 1108 3448; x_wconf 91' lang='lat' dir='ltr'><strong>in</strong></span> <span class='ocrx_word' id='word_1_428' title='bbox 1141 3395 1406 3464; x_wconf 89' lang='lat' dir='ltr'><strong>captione</strong></span> <span class='ocrx_word' id='word_1_429' title='bbox 1445 3393 1849 3448; x_wconf 87' lang='lat' dir='ltr'><strong>deliborantur</strong></span> 
     </span>
    </p>
   </div>
   <div class='ocr_carea' id='block_1_63' title="bbox 216 3479 1848 3553">
    <p class='ocr_par' dir='ltr' id='par_1_63' title="bbox 216 3479 1848 3553">
     <span class='ocr_line' id='line_1_63' title="bbox 216 3479 1848 3553; baseline 0.002 -22"><span class='ocrx_word' id='word_1_430' title='bbox 216 3479 464 3552; x_wconf 89' lang='lat' dir='ltr'><strong>episcopi.</strong></span> <span class='ocrx_word' id='word_1_431' title='bbox 500 3482 853 3552; x_wconf 79' lang='lat' dir='ltr'><strong>Expoliatur</strong></span> <span class='ocrx_word' id='word_1_432' title='bbox 881 3484 1076 3553; x_wconf 86' lang='lat' dir='ltr'><strong>itaque</strong></span> <span class='ocrx_word' id='word_1_433' title='bbox 1109 3484 1338 3550; x_wconf 88' lang='lat' dir='ltr'><strong>civitas,</strong></span> <span class='ocrx_word' id='word_1_434' title='bbox 1375 3483 1539 3536; x_wconf 91' lang='lat' dir='ltr'><strong>cives</strong></span> <span class='ocrx_word' id='word_1_435' title='bbox 1578 3483 1848 3536; x_wconf 89' lang='lat' dir='ltr'><strong>amittunt</strong></span> 
     </span>
    </p>
   </div>
   <div class='ocr_carea' id='block_1_64' title="bbox 221 3570 1848 3640">
    <p class='ocr_par' dir='ltr' id='par_1_64' title="bbox 221 3570 1848 3640">
     <span class='ocr_line' id='line_1_64' title="bbox 221 3570 1848 3640; baseline 0.001 -19"><span class='ocrx_word' id='word_1_436' title='bbox 221 3571 492 3638; x_wconf 86' lang='lat' dir='ltr'><strong>pecunias,</strong></span> <span class='ocrx_word' id='word_1_437' title='bbox 555 3571 847 3624; x_wconf 85' lang='lat' dir='ltr'><strong>ultionem</strong></span> <span class='ocrx_word' id='word_1_438' title='bbox 894 3572 1108 3639; x_wconf 89' lang='lat' dir='ltr'><strong>patitur</strong></span> <span class='ocrx_word' id='word_1_439' title='bbox 1161 3571 1462 3640; x_wconf 90' lang='lat' dir='ltr'><strong>iniquitas,</strong></span> <span class='ocrx_word' id='word_1_440' title='bbox 1512 3570 1848 3624; x_wconf 90' lang='lat' dir='ltr'><strong>destituitur</strong></span> 
     </span>
    </p>
   </div>
   <div class='ocr_carea' id='block_1_65' title="bbox 217 3657 1845 3729">
    <p class='ocr_par' dir='ltr' id='par_1_65' title="bbox 217 3657 1845 3729">
     <span class='ocr_line' id='line_1_65' title="bbox 217 3657 1845 3729; baseline 0.002 -22"><span class='ocrx_word' id='word_1_441' title='bbox 217 3657 306 3709; x_wconf 82' lang='lat' dir='ltr'><strong>tota</strong></span> <span class='ocrx_word' id='word_1_442' title='bbox 333 3659 679 3729; x_wconf 73' lang='lat' dir='ltr'><strong>conjuratio,</strong></span> <span class='ocrx_word' id='word_1_443' title='bbox 733 3659 883 3712; x_wconf 86' lang='lat' dir='ltr'><strong>facta</strong></span> <span class='ocrx_word' id='word_1_444' title='bbox 922 3659 1131 3712; x_wconf 88' lang='lat' dir='ltr'><strong>iterum</strong></span> <span class='ocrx_word' id='word_1_445' title='bbox 1171 3659 1420 3712; x_wconf 76' lang='lat' dir='ltr'><strong>fidelitas</strong></span> <span class='ocrx_word' id='word_1_446' title='bbox 1462 3657 1696 3728; x_wconf 83' lang='lat' dir='ltr'><strong>juratur</strong></span> <span class='ocrx_word' id='word_1_447' title='bbox 1725 3657 1845 3727; x_wconf 89' lang='lat' dir='ltr'><strong>epi-</strong></span> 
     </span>
    </p>
   </div>
   <div class='ocr_carea' id='block_1_66' title="bbox 220 3758 387 3814">
    <p class='ocr_par' dir='ltr' id='par_1_66' title="bbox 220 3758 387 3814">
     <span class='ocr_line' id='line_1_66' title="bbox 220 3758 387 3814; baseline 0.036 -20"><span class='ocrx_word' id='word_1_448' title='bbox 220 3758 387 3814; x_wconf 87' lang='lat' dir='ltr'><strong>scopo.</strong></span> 
     </span>
    </p>
   </div>
   <div class='ocr_carea' id='block_1_67' title="bbox 267 3840 1843 3912">
    <p class='ocr_par' dir='ltr' id='par_1_67' title="bbox 267 3840 1843 3912">
     <span class='ocr_line' id='line_1_67' title="bbox 267 3840 1843 3912; baseline 0.004 -19"><span class='ocrx_word' id='word_1_449' title='bbox 267 3840 311 3894; x_wconf 85' lang='lat'><strong>3.</strong></span> <span class='ocrx_word' id='word_1_450' title='bbox 355 3843 494 3898; x_wconf 80' lang='lat' dir='ltr'><strong>Post</strong></span> <span class='ocrx_word' id='word_1_451' title='bbox 543 3844 698 3897; x_wconf 90' lang='lat' dir='ltr'><strong>hanc</strong></span> <span class='ocrx_word' id='word_1_452' title='bbox 746 3842 1187 3898; x_wconf 84' lang='lat' dir='ltr'><strong>exterminatam</strong></span> <span class='ocrx_word' id='word_1_453' title='bbox 1234 3844 1645 3912; x_wconf 89' lang='lat' dir='ltr'><strong>communiam,</strong></span> <span class='ocrx_word' id='word_1_454' title='bbox 1709 3860 1843 3899; x_wconf 85' lang='lat' dir='ltr'><strong>mox</strong></span> 
     </span>
    </p>
   </div>
   <div class='ocr_carea' id='block_1_68' title="bbox 219 3931 1846 4004">
    <p class='ocr_par' dir='ltr' id='par_1_68' title="bbox 219 3931 1846 4004">
     <span class='ocr_line' id='line_1_68' title="bbox 219 3931 1846 4004; baseline 0.003 -23"><span class='ocrx_word' id='word_1_455' title='bbox 219 3931 514 3986; x_wconf 88' lang='lat' dir='ltr'><strong>machinata</strong></span> <span class='ocrx_word' id='word_1_456' title='bbox 555 3937 651 3987; x_wconf 87' lang='lat' dir='ltr'><strong>est</strong></span> <span class='ocrx_word' id='word_1_457' title='bbox 682 3934 930 4004; x_wconf 88' lang='lat' dir='ltr'><strong>quedam</strong></span> <span class='ocrx_word' id='word_1_458' title='bbox 977 3933 1257 4003; x_wconf 86' lang='lat' dir='ltr'><strong>iniquitas</strong></span> <span class='ocrx_word' id='word_1_459' title='bbox 1298 3933 1590 3986; x_wconf 88' lang='lat' dir='ltr'><strong>adversus</strong></span> <span class='ocrx_word' id='word_1_460' title='bbox 1621 3933 1846 4002; x_wconf 86' lang='lat' dir='ltr'><strong>pontiﬁ-</strong></span> 
     </span>
    </p>
   </div>
   <div class='ocr_carea' id='block_1_69' title="bbox 215 4020 1842 4091">
    <p class='ocr_par' dir='ltr' id='par_1_69' title="bbox 215 4020 1842 4091">
     <span class='ocr_line' id='line_1_69' title="bbox 215 4020 1842 4091; baseline 0.006 -24"><span class='ocrx_word' id='word_1_461' title='bbox 215 4031 333 4086; x_wconf 87' lang='lat' dir='ltr'><strong>cem,</strong></span> <span class='ocrx_word' id='word_1_462' title='bbox 363 4038 490 4091; x_wconf 67' lang='lat' dir='ltr'><strong>qua:</strong></span> <span class='ocrx_word' id='word_1_463' title='bbox 512 4037 624 4091; x_wconf 89' lang='lat' dir='ltr'><strong>per</strong></span> <span class='ocrx_word' id='word_1_464' title='bbox 640 4021 1183 4089; x_wconf 88' lang='lat' dir='ltr'><strong>Deiprovidentiam</strong></span> <span class='ocrx_word' id='word_1_465' title='bbox 1208 4036 1321 4074; x_wconf 91' lang='lat' dir='ltr'><strong>non</strong></span> <span class='ocrx_word' id='word_1_466' title='bbox 1360 4020 1561 4076; x_wconf 89' lang='lat' dir='ltr'><strong>habuit</strong></span> <span class='ocrx_word' id='word_1_467' title='bbox 1586 4023 1842 4076; x_wconf 89' lang='lat' dir='ltr'><strong>radicem</strong></span> 
     </span>
    </p>
   </div>
   <div class='ocr_carea' id='block_1_70' title="bbox 213 4109 1842 4179">
    <p class='ocr_par' dir='ltr' id='par_1_70' title="bbox 213 4109 1842 4179">
     <span class='ocr_line' id='line_1_70' title="bbox 213 4109 1842 4179; baseline 0.004 -21"><span class='ocrx_word' id='word_1_468' title='bbox 213 4121 299 4159; x_wconf 87' lang='lat' dir='ltr'><strong>nec</strong></span> <span class='ocrx_word' id='word_1_469' title='bbox 317 4111 467 4162; x_wconf 88' lang='lat' dir='ltr'><strong>venit</strong></span> <span class='ocrx_word' id='word_1_470' title='bbox 496 4111 572 4163; x_wconf 88' lang='lat' dir='ltr'><strong>ad</strong></span> <span class='ocrx_word' id='word_1_471' title='bbox 599 4109 1042 4179; x_wconf 78' lang='lat' dir='ltr'><strong>perfectionem.</strong></span> <span class='ocrx_word' id='word_1_472' title='bbox 1067 4109 1314 4173; x_wconf 88' lang='lat' dir='ltr'><strong>Quidam</strong></span> <span class='ocrx_word' id='word_1_473' title='bbox 1345 4110 1495 4163; x_wconf 91' lang='lat' dir='ltr'><strong>civis</strong></span> <span class='ocrx_word' id='word_1_474' title='bbox 1527 4112 1842 4164; x_wconf 88' lang='lat' dir='ltr'><strong>venerabi-</strong></span> 
     </span>
    </p>
   </div>
   <div class='ocr_carea' id='block_1_71' title="bbox 1963 3039 3623 3108">
    <p class='ocr_par' dir='ltr' id='par_1_71' title="bbox 1963 3039 3623 3108">
     <span class='ocr_line' id='line_1_71' title="bbox 1963 3039 3623 3108; baseline 0 -14"><span class='ocrx_word' id='word_1_475' title='bbox 1963 3042 2301 3095; x_wconf 90' lang='lat' dir='ltr'><strong>castellania</strong></span> <span class='ocrx_word' id='word_1_476' title='bbox 2332 3042 2566 3096; x_wconf 89' lang='lat' dir='ltr'><strong>omnino</strong></span> <span class='ocrx_word' id='word_1_477' title='bbox 2582 3041 3029 3108; x_wconf 77' lang='lat' dir='ltr'><strong>exhereditaret,</strong></span> <span class='ocrx_word' id='word_1_478' title='bbox 3055 3045 3111 3094; x_wconf 91' lang='lat' dir='ltr'><strong>et</strong></span> <span class='ocrx_word' id='word_1_479' title='bbox 3133 3056 3165 3093; x_wconf 88' lang='lat' dir='ltr'><strong>a</strong></span> <span class='ocrx_word' id='word_1_480' title='bbox 3189 3039 3405 3094; x_wconf 90' lang='lat' dir='ltr'><strong>ﬁnibus</strong></span> <span class='ocrx_word' id='word_1_481' title='bbox 3427 3040 3623 3094; x_wconf 88' lang='lat' dir='ltr'><strong>Came-</strong></span> 
     </span>
    </p>
   </div>
   <div class='ocr_carea' id='block_1_72' title="bbox 1959 3128 3617 3198">
    <p class='ocr_par' dir='ltr' id='par_1_72' title="bbox 1959 3128 3617 3198">
     <span class='ocr_line' id='line_1_72' title="bbox 1959 3128 3617 3198; baseline -0.001 -15"><span class='ocrx_word' id='word_1_482' title='bbox 1959 3131 2316 3198; x_wconf 88' lang='lat' dir='ltr'><strong>racensium,</strong></span> <span class='ocrx_word' id='word_1_483' title='bbox 2352 3129 2526 3183; x_wconf 91' lang='lat' dir='ltr'><strong>immo</strong></span> <span class='ocrx_word' id='word_1_484' title='bbox 2558 3128 2984 3197; x_wconf 88' lang='lat' dir='ltr'><strong>Flandriarum,</strong></span> <span class='ocrx_word' id='word_1_485' title='bbox 3033 3128 3238 3198; x_wconf 90' lang='lat' dir='ltr'><strong>procul</strong></span> <span class='ocrx_word' id='word_1_486' title='bbox 3279 3128 3617 3197; x_wconf 87' lang='lat' dir='ltr'><strong>expelleret.</strong></span> 
     </span>
    </p>
   </div>
   <div class='ocr_carea' id='block_1_73' title="bbox 1959 3202 3620 3286">
    <p class='ocr_par' dir='ltr' id='par_1_73' title="bbox 1959 3202 3620 3286">
     <span class='ocr_line' id='line_1_73' title="bbox 1959 3202 3620 3286; baseline -0.001 -15"><span class='ocrx_word' id='word_1_487' title='bbox 1959 3217 2107 3282; x_wconf 90' lang='lat' dir='ltr'><strong>Quid</strong></span> <span class='ocrx_word' id='word_1_488' title='bbox 2140 3218 2328 3271; x_wconf 89' lang='lat' dir='ltr'><strong>dicam</strong></span> <span class='ocrx_word' id='word_1_489' title='bbox 2361 3217 2550 3270; x_wconf 84' lang='lat' dir='ltr'><strong>ultra?</strong></span> <span class='ocrx_word' id='word_1_490' title='bbox 2584 3216 2800 3270; x_wconf 90' lang='lat' dir='ltr'><strong>factum</strong></span> <span class='ocrx_word' id='word_1_491' title='bbox 2845 3202 2948 3269; x_wconf 42' lang='lat' dir='ltr'><strong>est.</strong></span> <span class='ocrx_word' id='word_1_492' title='bbox 2967 3217 3082 3282; x_wconf 87' lang='lat' dir='ltr'><strong>ita;</strong></span> <span class='ocrx_word' id='word_1_493' title='bbox 3116 3216 3380 3286; x_wconf 85' lang='lat' dir='ltr'><strong>fugatum</strong></span> <span class='ocrx_word' id='word_1_494' title='bbox 3412 3215 3620 3286; x_wconf 83' lang='lat' dir='ltr'><strong>Hugo-</strong></span> 
     </span>
    </p>
   </div>
   <div class='ocr_carea' id='block_1_74' title="bbox 1958 3303 3616 3376">
    <p class='ocr_par' dir='ltr' id='par_1_74' title="bbox 1958 3303 3616 3376">
     <span class='ocr_line' id='line_1_74' title="bbox 1958 3303 3616 3376; baseline -0.002 -16"><span class='ocrx_word' id='word_1_495' title='bbox 1958 3321 2092 3360; x_wconf 89' lang='lat' dir='ltr'><strong>nem</strong></span> <span class='ocrx_word' id='word_1_496' title='bbox 2123 3307 2345 3376; x_wconf 89' lang='lat' dir='ltr'><strong>recepit</strong></span> <span class='ocrx_word' id='word_1_497' title='bbox 2375 3305 2608 3376; x_wconf 86' lang='lat' dir='ltr'><strong>Anglia.</strong></span> <span class='ocrx_word' id='word_1_498' title='bbox 2659 3304 2748 3358; x_wconf 89' lang='lat' dir='ltr'><strong>lbi</strong></span> <span class='ocrx_word' id='word_1_499' title='bbox 2785 3303 3046 3370; x_wconf 81' lang='lat' dir='ltr'><strong>exilium,</strong></span> <span class='ocrx_word' id='word_1_500' title='bbox 3080 3303 3162 3356; x_wconf 89' lang='lat' dir='ltr'><strong>ibi</strong></span> <span class='ocrx_word' id='word_1_501' title='bbox 3198 3307 3616 3375; x_wconf 87' lang='lat' dir='ltr'><strong>paupertatem,</strong></span> 
     </span>
    </p>
   </div>
   <div class='ocr_carea' id='block_1_75' title="bbox 1956 3391 3622 3462">
    <p class='ocr_par' dir='ltr' id='par_1_75' title="bbox 1956 3391 3622 3462">
     <span class='ocr_line' id='line_1_75' title="bbox 1956 3391 3622 3462; baseline -0.002 -15"><span class='ocrx_word' id='word_1_502' title='bbox 1956 3394 2038 3449; x_wconf 89' lang='lat' dir='ltr'><strong>ibi</strong></span> <span class='ocrx_word' id='word_1_503' title='bbox 2066 3395 2240 3448; x_wconf 89' lang='lat' dir='ltr'><strong>multa</strong></span> <span class='ocrx_word' id='word_1_504' title='bbox 2271 3393 2552 3448; x_wconf 89' lang='lat' dir='ltr'><strong>sustinuit</strong></span> <span class='ocrx_word' id='word_1_505' title='bbox 2585 3393 2896 3447; x_wconf 88' lang='lat' dir='ltr'><strong>contraria.</strong></span> <span class='ocrx_word' id='word_1_506' title='bbox 2933 3391 3245 3462; x_wconf 84' lang='lat' dir='ltr'><strong>Nunquam</strong></span> <span class='ocrx_word' id='word_1_507' title='bbox 3279 3391 3396 3444; x_wconf 92' lang='lat' dir='ltr'><strong>sibi</strong></span> <span class='ocrx_word' id='word_1_508' title='bbox 3424 3393 3499 3445; x_wconf 89' lang='lat' dir='ltr'><strong>ad</strong></span> <span class='ocrx_word' id='word_1_509' title='bbox 3517 3407 3622 3462; x_wconf 84' lang='lat' dir='ltr'><strong>pa-</strong></span> 
     </span>
    </p>
   </div>
   <div class='ocr_carea' id='block_1_76' title="bbox 1959 3479 3621 3550">
    <p class='ocr_par' dir='ltr' id='par_1_76' title="bbox 1959 3479 3621 3550">
     <span class='ocr_line' id='line_1_76' title="bbox 1959 3479 3621 3550; baseline -0.001 -13"><span class='ocrx_word' id='word_1_510' title='bbox 1959 3484 2127 3537; x_wconf 91' lang='lat' dir='ltr'><strong>triam</strong></span> <span class='ocrx_word' id='word_1_511' title='bbox 2159 3483 2493 3537; x_wconf 89' lang='lat' dir='ltr'><strong>revertendi</strong></span> <span class='ocrx_word' id='word_1_512' title='bbox 2527 3483 2789 3536; x_wconf 87' lang='lat' dir='ltr'><strong>occurrit</strong></span> <span class='ocrx_word' id='word_1_513' title='bbox 2820 3481 3075 3547; x_wconf 89' lang='lat' dir='ltr'><strong>animus,</strong></span> <span class='ocrx_word' id='word_1_514' title='bbox 3096 3479 3353 3550; x_wconf 89' lang='lat' dir='ltr'><strong>quandiu</strong></span> <span class='ocrx_word' id='word_1_515' title='bbox 3375 3481 3621 3550; x_wconf 87' lang='lat' dir='ltr'><strong>virpro-</strong></span> 
     </span>
    </p>
   </div>
   <div class='ocr_carea' id='block_1_77' title="bbox 1961 3569 3278 3638">
    <p class='ocr_par' dir='ltr' id='par_1_77' title="bbox 1961 3569 3278 3638">
     <span class='ocr_line' id='line_1_77' title="bbox 1961 3569 3278 3638; baseline -0.002 -13"><span class='ocrx_word' id='word_1_516' title='bbox 1961 3573 2134 3626; x_wconf 91' lang='lat' dir='ltr'><strong>vidus</strong></span> <span class='ocrx_word' id='word_1_517' title='bbox 2159 3572 2411 3626; x_wconf 88' lang='lat' dir='ltr'><strong>domnus</strong></span> <span class='ocrx_word' id='word_1_518' title='bbox 2441 3570 2742 3624; x_wconf 88' lang='lat' dir='ltr'><strong>Gerardus</strong></span> <span class='ocrx_word' id='word_1_519' title='bbox 2772 3569 2917 3623; x_wconf 83' lang='lat' dir='ltr'><strong>vixit</strong></span> <span class='ocrx_word' id='word_1_520' title='bbox 2939 3570 3278 3638; x_wconf 86' lang='lat' dir='ltr'><strong>episcopus.</strong></span> 
     </span>
    </p>
   </div>
   <div class='ocr_carea' id='block_1_78' title="bbox 2029 3656 3620 3728">
    <p class='ocr_par' dir='ltr' id='par_1_78' title="bbox 2029 3656 3620 3728">
     <span class='ocr_line' id='line_1_78' title="bbox 2029 3656 3620 3728; baseline -0.003 -13"><span class='ocrx_word' id='word_1_521' title='bbox 2029 3663 2081 3715; x_wconf 85' lang='lat'><strong>5.</strong></span> <span class='ocrx_word' id='word_1_522' title='bbox 2116 3662 2265 3714; x_wconf 92' lang='lat' dir='ltr'><strong>Dum</strong></span> <span class='ocrx_word' id='word_1_523' title='bbox 2287 3676 2428 3714; x_wconf 92' lang='lat' dir='ltr'><strong>vero</strong></span> <span class='ocrx_word' id='word_1_524' title='bbox 2460 3659 2686 3713; x_wconf 89' lang='lat' dir='ltr'><strong>videret</strong></span> <span class='ocrx_word' id='word_1_525' title='bbox 2725 3658 3047 3728; x_wconf 88' lang='lat' dir='ltr'><strong>episcOpus</strong></span> <span class='ocrx_word' id='word_1_526' title='bbox 3079 3657 3136 3710; x_wconf 92' lang='lat' dir='ltr'><strong>in</strong></span> <span class='ocrx_word' id='word_1_527' title='bbox 3173 3657 3370 3711; x_wconf 83' lang='lat' dir='ltr'><strong>futuro</strong></span> <span class='ocrx_word' id='word_1_528' title='bbox 3417 3656 3620 3726; x_wconf 88' lang='lat' dir='ltr'><strong>provi-</strong></span> 
     </span>
    </p>
   </div>
   <div class='ocr_carea' id='block_1_79' title="bbox 1957 3745 3620 3819">
    <p class='ocr_par' dir='ltr' id='par_1_79' title="bbox 1957 3745 3620 3819">
     <span class='ocr_line' id='line_1_79' title="bbox 1957 3745 3620 3819; baseline -0.002 -16"><span class='ocrx_word' id='word_1_529' title='bbox 1957 3750 2364 3818; x_wconf 89' lang='lat' dir='ltr'><strong>dentissimus,</strong></span> <span class='ocrx_word' id='word_1_530' title='bbox 2417 3748 2572 3819; x_wconf 90' lang='lat' dir='ltr'><strong>quod</strong></span> <span class='ocrx_word' id='word_1_531' title='bbox 2630 3751 2802 3802; x_wconf 85' lang='lat' dir='ltr'><strong>terrae</strong></span> <span class='ocrx_word' id='word_1_532' title='bbox 2853 3763 2978 3800; x_wconf 71' lang='lat' dir='ltr'><strong>suae</strong></span> <span class='ocrx_word' id='word_1_533' title='bbox 2998 3746 3068 3800; x_wconf 90' lang='lat' dir='ltr'><strong>de</strong></span> <span class='ocrx_word' id='word_1_534' title='bbox 3099 3745 3334 3798; x_wconf 90' lang='lat' dir='ltr'><strong>inimico</strong></span> <span class='ocrx_word' id='word_1_535' title='bbox 3368 3745 3620 3816; x_wconf 87' lang='lat' dir='ltr'><strong>Hugone</strong></span> 
     </span>
    </p>
   </div>
   <div class='ocr_carea' id='block_1_80' title="bbox 1956 3834 3621 3909">
    <p class='ocr_par' dir='ltr' id='par_1_80' title="bbox 1956 3834 3621 3909">
     <span class='ocr_line' id='line_1_80' title="bbox 1956 3834 3621 3909; baseline -0.002 -18"><span class='ocrx_word' id='word_1_536' title='bbox 1956 3855 2161 3909; x_wconf 91' lang='lat' dir='ltr'><strong>pacem</strong></span> <span class='ocrx_word' id='word_1_537' title='bbox 2192 3841 2572 3892; x_wconf 89' lang='lat' dir='ltr'><strong>concesserat</strong></span> <span class='ocrx_word' id='word_1_538' title='bbox 2604 3837 2784 3906; x_wconf 90' lang='lat' dir='ltr'><strong>Deus,</strong></span> <span class='ocrx_word' id='word_1_539' title='bbox 2805 3836 2863 3889; x_wconf 92' lang='lat' dir='ltr'><strong>in</strong></span> <span class='ocrx_word' id='word_1_540' title='bbox 2878 3839 3140 3905; x_wconf 85' lang='lat' dir='ltr'><strong>tempore</strong></span> <span class='ocrx_word' id='word_1_541' title='bbox 3155 3835 3316 3905; x_wconf 89' lang='lat' dir='ltr'><strong>pacis</strong></span> <span class='ocrx_word' id='word_1_542' title='bbox 3333 3834 3621 3888; x_wconf 88' lang='lat' dir='ltr'><strong>laboravit</strong></span> 
     </span>
    </p>
   </div>
   <div class='ocr_carea' id='block_1_81' title="bbox 1957 3923 3619 3996">
    <p class='ocr_par' dir='ltr' id='par_1_81' title="bbox 1957 3923 3619 3996">
     <span class='ocr_line' id='line_1_81' title="bbox 1957 3923 3619 3996; baseline -0.003 -15"><span class='ocrx_word' id='word_1_543' title='bbox 1957 3928 2104 3995; x_wconf 91' lang='lat' dir='ltr'><strong>ﬁeri,</strong></span> <span class='ocrx_word' id='word_1_544' title='bbox 2123 3927 2252 3981; x_wconf 92' lang='lat' dir='ltr'><strong>utsi</strong></span> <span class='ocrx_word' id='word_1_545' title='bbox 2286 3926 2598 3996; x_wconf 89' lang='lat' dir='ltr'><strong>aliquando</strong></span> <span class='ocrx_word' id='word_1_546' title='bbox 2623 3925 2713 3978; x_wconf 91' lang='lat' dir='ltr'><strong>vel</strong></span> <span class='ocrx_word' id='word_1_547' title='bbox 2748 3923 2842 3978; x_wconf 90' lang='lat' dir='ltr'><strong>ille</strong></span> <span class='ocrx_word' id='word_1_548' title='bbox 2867 3924 3041 3994; x_wconf 86' lang='lat' dir='ltr'><strong>Hugo</strong></span> <span class='ocrx_word' id='word_1_549' title='bbox 3072 3925 3166 3978; x_wconf 89' lang='lat' dir='ltr'><strong>vel</strong></span> <span class='ocrx_word' id='word_1_550' title='bbox 3196 3923 3292 3976; x_wconf 89' lang='lat' dir='ltr'><strong>alii</strong></span> <span class='ocrx_word' id='word_1_551' title='bbox 3321 3926 3522 3977; x_wconf 89' lang='lat' dir='ltr'><strong>contra</strong></span> <span class='ocrx_word' id='word_1_552' title='bbox 3552 3937 3619 3976; x_wconf 90' lang='lat' dir='ltr'><strong>se</strong></span> 
     </span>
    </p>
   </div>
   <div class='ocr_carea' id='block_1_82' title="bbox 1958 4012 3620 4087">
    <p class='ocr_par' dir='ltr' id='par_1_82' title="bbox 1958 4012 3620 4087">
     <span class='ocr_line' id='line_1_82' title="bbox 1958 4012 3620 4087; baseline -0.002 -19"><span class='ocrx_word' id='word_1_553' title='bbox 1958 4019 2318 4087; x_wconf 85' lang='lat' dir='ltr'><strong>exurgerent</strong></span> <span class='ocrx_word' id='word_1_554' title='bbox 2332 4015 2570 4083; x_wconf 89' lang='lat' dir='ltr'><strong>inimici,</strong></span> <span class='ocrx_word' id='word_1_555' title='bbox 2592 4015 2800 4068; x_wconf 91' lang='lat' dir='ltr'><strong>saltem</strong></span> <span class='ocrx_word' id='word_1_556' title='bbox 2814 4013 2870 4066; x_wconf 93' lang='lat' dir='ltr'><strong>in</strong></span> <span class='ocrx_word' id='word_1_557' title='bbox 2885 4014 3030 4067; x_wconf 89' lang='lat' dir='ltr'><strong>urbe</strong></span> <span class='ocrx_word' id='word_1_558' title='bbox 3044 4016 3157 4066; x_wconf 92' lang='lat' dir='ltr'><strong>tam</strong></span> <span class='ocrx_word' id='word_1_559' title='bbox 3182 4012 3310 4082; x_wconf 90' lang='lat' dir='ltr'><strong>ipse</strong></span> <span class='ocrx_word' id='word_1_560' title='bbox 3328 4028 3502 4083; x_wconf 90' lang='lat' dir='ltr'><strong>quam</strong></span> <span class='ocrx_word' id='word_1_561' title='bbox 3526 4013 3620 4066; x_wconf 89' lang='lat' dir='ltr'><strong>sui</strong></span> 
     </span>
    </p>
   </div>
   <div class='ocr_carea' id='block_1_83' title="bbox 1959 4100 3621 4159">
    <p class='ocr_par' dir='ltr' id='par_1_83' title="bbox 1959 4100 3621 4159">
     <span class='ocr_line' id='line_1_83' title="bbox 1959 4100 3621 4159; baseline -0.003 0"><span class='ocrx_word' id='word_1_562' title='bbox 1959 4109 2162 4159; x_wconf 91' lang='lat' dir='ltr'><strong>contra</strong></span> <span class='ocrx_word' id='word_1_563' title='bbox 2179 4105 2382 4158; x_wconf 88' lang='lat' dir='ltr'><strong>hostes</strong></span> <span class='ocrx_word' id='word_1_564' title='bbox 2418 4105 2744 4158; x_wconf 86' lang='lat' dir='ltr'><strong>existerent</strong></span> <span class='ocrx_word' id='word_1_565' title='bbox 2768 4104 2951 4156; x_wconf 84' lang='lat' dir='ltr'><strong>fortes</strong></span> <span class='ocrx_word' id='word_1_566' title='bbox 2970 4105 3026 4156; x_wconf 88' lang='lat' dir='ltr'><strong>et</strong></span> <span class='ocrx_word' id='word_1_567' title='bbox 3048 4102 3268 4155; x_wconf 90' lang='lat' dir='ltr'><strong>securi.</strong></span> <span class='ocrx_word' id='word_1_568' title='bbox 3290 4100 3444 4155; x_wconf 89' lang='lat' dir='ltr'><strong>Ecce</strong></span> <span class='ocrx_word' id='word_1_569' title='bbox 3464 4101 3621 4155; x_wconf 87' lang='lat' dir='ltr'><strong>bona</strong></span> 
     </span>
    </p>
   </div>
   <div class='ocr_carea' id='block_1_84' title="bbox 215 4189 3619 4266">
    <p class='ocr_par' dir='ltr' id='par_1_84' title="bbox 215 4189 3619 4266">
     <span class='ocr_line' id='line_1_84' title="bbox 215 4189 3619 4266; baseline -0.001 -23"><span class='ocrx_word' id='word_1_570' title='bbox 215 4191 289 4261; x_wconf 87' lang='lat' dir='ltr'><strong>lis,</strong></span> <span class='ocrx_word' id='word_1_571' title='bbox 319 4197 547 4250; x_wconf 90' lang='lat' dir='ltr'><strong>nomine</strong></span> <span class='ocrx_word' id='word_1_572' title='bbox 581 4197 895 4250; x_wconf 76' lang='lat' dir='ltr'><strong>W’ibertus</strong></span> <span class='ocrx_word' id='word_1_573' title='bbox 938 4200 993 4250; x_wconf 91' lang='lat' dir='ltr'><strong>et</strong></span> <span class='ocrx_word' id='word_1_574' title='bbox 1030 4199 1320 4250; x_wconf 87' lang='lat' dir='ltr'><strong>mercator</strong></span> <span class='ocrx_word' id='word_1_575' title='bbox 1349 4214 1454 4266; x_wconf 92' lang='lat' dir='ltr'><strong>per</strong></span> <span class='ocrx_word' id='word_1_576' title='bbox 1485 4199 1698 4252; x_wconf 90' lang='lat' dir='ltr'><strong>multas</strong></span> <span class='ocrx_word' id='word_1_577' title='bbox 1729 4202 1843 4252; x_wconf 87' lang='lat' dir='ltr'><strong>ter-</strong></span> <span class='ocrx_word' id='word_1_578' title='bbox 1871 4196 1926 4257; x_wconf 92' lang='lat' dir='ltr'><strong>D</strong></span> <span class='ocrx_word' id='word_1_579' title='bbox 1957 4193 2242 4262; x_wconf 90' lang='lat' dir='ltr'><strong>provisio,</strong></span> <span class='ocrx_word' id='word_1_580' title='bbox 2276 4207 2416 4246; x_wconf 89' lang='lat' dir='ltr'><strong>ecce</strong></span> <span class='ocrx_word' id='word_1_581' title='bbox 2443 4195 2682 4260; x_wconf 90' lang='lat' dir='ltr'><strong>paterna</strong></span> <span class='ocrx_word' id='word_1_582' title='bbox 2715 4190 3071 4258; x_wconf 91' lang='lat' dir='ltr'><strong>sollicitudo,</strong></span> <span class='ocrx_word' id='word_1_583' title='bbox 3104 4205 3242 4242; x_wconf 91' lang='lat' dir='ltr'><strong>ecce</strong></span> <span class='ocrx_word' id='word_1_584' title='bbox 3281 4204 3432 4258; x_wconf 90' lang='lat' dir='ltr'><strong>opus</strong></span> <span class='ocrx_word' id='word_1_585' title='bbox 3473 4189 3619 4257; x_wconf 87' lang='lat' dir='ltr'><strong>opti-</strong></span> 
     </span>
    </p>
   </div>
   <div class='ocr_carea' id='block_1_85' title="bbox 212 4284 1845 4356">
    <p class='ocr_par' dir='ltr' id='par_1_85' title="bbox 212 4284 1845 4356">
     <span class='ocr_line' id='line_1_85' title="bbox 212 4284 1845 4356; baseline 0.006 -24"><span class='ocrx_word' id='word_1_586' title='bbox 212 4297 288 4335; x_wconf 87' lang='lat' dir='ltr'><strong>ras</strong></span> <span class='ocrx_word' id='word_1_587' title='bbox 307 4287 598 4356; x_wconf 89' lang='lat' dir='ltr'><strong>cognitus,</strong></span> <span class='ocrx_word' id='word_1_588' title='bbox 622 4287 682 4338; x_wconf 91' lang='lat' dir='ltr'><strong>in</strong></span> <span class='ocrx_word' id='word_1_589' title='bbox 701 4284 922 4354; x_wconf 86' lang='lat' dir='ltr'><strong>prefata</strong></span> <span class='ocrx_word' id='word_1_590' title='bbox 944 4286 1273 4339; x_wconf 89' lang='lat' dir='ltr'><strong>communia</strong></span> <span class='ocrx_word' id='word_1_591' title='bbox 1295 4286 1586 4356; x_wconf 89' lang='lat' dir='ltr'><strong>quendam</strong></span> <span class='ocrx_word' id='word_1_592' title='bbox 1608 4287 1845 4341; x_wconf 82' lang='lat' dir='ltr'><strong>fratrem</strong></span> 
     </span>
    </p>
   </div>
   <div class='ocr_carea' id='block_1_86' title="bbox 213 4373 1843 4446">
    <p class='ocr_par' dir='ltr' id='par_1_86' title="bbox 213 4373 1843 4446">
     <span class='ocr_line' id='line_1_86' title="bbox 213 4373 1843 4446; baseline 0.006 -26"><span class='ocrx_word' id='word_1_593' title='bbox 213 4382 354 4423; x_wconf 88' lang='lat' dir='ltr'><strong>suum</strong></span> <span class='ocrx_word' id='word_1_594' title='bbox 381 4373 747 4441; x_wconf 88' lang='lat' dir='ltr'><strong>Fulbertum,</strong></span> <span class='ocrx_word' id='word_1_595' title='bbox 770 4374 1072 4428; x_wconf 89' lang='lat' dir='ltr'><strong>concivem</strong></span> <span class='ocrx_word' id='word_1_596' title='bbox 1093 4376 1148 4428; x_wconf 91' lang='lat' dir='ltr'><strong>et</strong></span> <span class='ocrx_word' id='word_1_597' title='bbox 1164 4379 1687 4429; x_wconf 90' lang='lat' dir='ltr'><strong>commercatorem</strong></span> <span class='ocrx_word' id='word_1_598' title='bbox 1707 4393 1843 4446; x_wconf 88' lang='lat' dir='ltr'><strong>pru-</strong></span> 
     </span>
    </p>
   </div>
   <div class='ocr_carea' id='block_1_87' title="bbox 211 4455 1839 4532">
    <p class='ocr_par' dir='ltr' id='par_1_87' title="bbox 211 4455 1839 4532">
     <span class='ocr_line' id='line_1_87' title="bbox 211 4455 1839 4532; baseline 0.006 -24"><span class='ocrx_word' id='word_1_599' title='bbox 211 4455 614 4531; x_wconf 87' lang='lat' dir='ltr'><strong>dentissimum,</strong></span> <span class='ocrx_word' id='word_1_600' title='bbox 645 4463 792 4516; x_wconf 89' lang='lat' dir='ltr'><strong>inter</strong></span> <span class='ocrx_word' id='word_1_601' title='bbox 809 4464 1044 4517; x_wconf 89' lang='lat' dir='ltr'><strong>occisos</strong></span> <span class='ocrx_word' id='word_1_602' title='bbox 1077 4463 1450 4517; x_wconf 84' lang='lat' dir='ltr'><strong>interfectum</strong></span> <span class='ocrx_word' id='word_1_603' title='bbox 1482 4464 1839 4532; x_wconf 88' lang='lat' dir='ltr'><strong>perdiderat.</strong></span> 
     </span>
    </p>
   </div>
   <div class='ocr_carea' id='block_1_88' title="bbox 219 4543 1846 4623">
    <p class='ocr_par' dir='ltr' id='par_1_88' title="bbox 219 4543 1846 4623">
     <span class='ocr_line' id='line_1_88' title="bbox 219 4543 1846 4623; baseline 0.006 -27"><span class='ocrx_word' id='word_1_604' title='bbox 219 4543 355 4602; x_wconf 69' lang='lat' dir='ltr'><strong>Unde</strong></span> <span class='ocrx_word' id='word_1_605' title='bbox 385 4551 525 4604; x_wconf 87' lang='lat' dir='ltr'><strong>iram</strong></span> <span class='ocrx_word' id='word_1_606' title='bbox 562 4551 897 4605; x_wconf 90' lang='lat' dir='ltr'><strong>continuam</strong></span> <span class='ocrx_word' id='word_1_607' title='bbox 930 4555 985 4604; x_wconf 92' lang='lat' dir='ltr'><strong>et</strong></span> <span class='ocrx_word' id='word_1_608' title='bbox 1014 4551 1253 4605; x_wconf 86' lang='lat' dir='ltr'><strong>mortale</strong></span> <span class='ocrx_word' id='word_1_609' title='bbox 1283 4551 1479 4605; x_wconf 91' lang='lat' dir='ltr'><strong>odium</strong></span> <span class='ocrx_word' id='word_1_610' title='bbox 1509 4569 1691 4622; x_wconf 88' lang='lat' dir='ltr'><strong>super</strong></span> <span class='ocrx_word' id='word_1_611' title='bbox 1721 4554 1846 4623; x_wconf 85' lang='lat' dir='ltr'><strong>epi-</strong></span> 
     </span>
    </p>
   </div>
   <div class='ocr_carea' id='block_1_89' title="bbox 215 4639 1849 4710">
    <p class='ocr_par' dir='ltr' id='par_1_89' title="bbox 215 4639 1849 4710">
     <span class='ocr_line' id='line_1_89' title="bbox 215 4639 1849 4710; baseline 0.006 -26"><span class='ocrx_word' id='word_1_612' title='bbox 215 4648 426 4704; x_wconf 80' lang='lat' dir='ltr'><strong>scopum</strong></span> <span class='ocrx_word' id='word_1_613' title='bbox 459 4641 694 4693; x_wconf 90' lang='lat' dir='ltr'><strong>occulte</strong></span> <span class='ocrx_word' id='word_1_614' title='bbox 739 4639 979 4693; x_wconf 82' lang='lat' dir='ltr'><strong>ferebat.</strong></span> <span class='ocrx_word' id='word_1_615' title='bbox 1023 4639 1722 4710; x_wconf 70' lang='lat' dir='ltr'><strong>Quapropter-pactionem</strong></span> <span class='ocrx_word' id='word_1_616' title='bbox 1755 4642 1849 4694; x_wconf 79' lang='lat' dir='ltr'><strong>lia-</strong></span> 
     </span>
    </p>
   </div>
   <div class='ocr_carea' id='block_1_90' title="bbox 210 4719 1845 4798">
    <p class='ocr_par' dir='ltr' id='par_1_90' title="bbox 210 4719 1845 4798">
     <span class='ocr_line' id='line_1_90' title="bbox 210 4719 1845 4798; baseline 0.006 -27"><span class='ocrx_word' id='word_1_617' title='bbox 210 4719 307 4775; x_wconf 82' lang='lat' dir='ltr'><strong>buit</strong></span> <span class='ocrx_word' id='word_1_618' title='bbox 335 4741 460 4778; x_wconf 88' lang='lat' dir='ltr'><strong>cum</strong></span> <span class='ocrx_word' id='word_1_619' title='bbox 503 4728 763 4780; x_wconf 89' lang='lat' dir='ltr'><strong>inimicis</strong></span> <span class='ocrx_word' id='word_1_620' title='bbox 783 4728 1078 4796; x_wconf 88' lang='lat' dir='ltr'><strong>episcopi,</strong></span> <span class='ocrx_word' id='word_1_621' title='bbox 1112 4727 1268 4798; x_wconf 92' lang='lat' dir='ltr'><strong>quod</strong></span> <span class='ocrx_word' id='word_1_622' title='bbox 1299 4729 1387 4782; x_wconf 91' lang='lat' dir='ltr'><strong>eis</strong></span> <span class='ocrx_word' id='word_1_623' title='bbox 1418 4729 1674 4782; x_wconf 89' lang='lat' dir='ltr'><strong>traderet</strong></span> <span class='ocrx_word' id='word_1_624' title='bbox 1706 4730 1845 4783; x_wconf 90' lang='lat' dir='ltr'><strong>civi-</strong></span> 
     </span>
    </p>
   </div>
   <div class='ocr_carea' id='block_1_91' title="bbox 215 4811 1846 4887">
    <p class='ocr_par' dir='ltr' id='par_1_91' title="bbox 215 4811 1846 4887">
     <span class='ocr_line' id='line_1_91' title="bbox 215 4811 1846 4887; baseline 0.006 -27"><span class='ocrx_word' id='word_1_625' title='bbox 215 4811 358 4865; x_wconf 85' lang='lat' dir='ltr'><strong>tatem</strong></span> <span class='ocrx_word' id='word_1_626' title='bbox 392 4814 718 4869; x_wconf 89' lang='lat' dir='ltr'><strong>Cameraci.</strong></span> <span class='ocrx_word' id='word_1_627' title='bbox 753 4815 868 4869; x_wconf 91' lang='lat' dir='ltr'><strong>Sed</strong></span> <span class='ocrx_word' id='word_1_628' title='bbox 897 4816 1196 4886; x_wconf 92' lang='lat' dir='ltr'><strong>quomodo</strong></span> <span class='ocrx_word' id='word_1_629' title='bbox 1245 4816 1458 4870; x_wconf 92' lang='lat' dir='ltr'><strong>accidit</strong></span> <span class='ocrx_word' id='word_1_630' title='bbox 1488 4817 1559 4870; x_wconf 90' lang='lat' dir='ltr'><strong>de</strong></span> <span class='ocrx_word' id='word_1_631' title='bbox 1593 4818 1846 4887; x_wconf 87' lang='lat' dir='ltr'><strong>cogitata</strong></span> 
     </span>
    </p>
   </div>
   <div class='ocr_carea' id='block_1_92' title="bbox 212 4900 1846 4974">
    <p class='ocr_par' dir='ltr' id='par_1_92' title="bbox 212 4900 1846 4974">
     <span class='ocr_line' id='line_1_92' title="bbox 212 4900 1846 4974; baseline 0.006 -25"><span class='ocrx_word' id='word_1_632' title='bbox 212 4900 524 4972; x_wconf 86' lang='lat' dir='ltr'><strong>proditione,</strong></span> <span class='ocrx_word' id='word_1_633' title='bbox 563 4919 686 4957; x_wconf 91' lang='lat' dir='ltr'><strong>non</strong></span> <span class='ocrx_word' id='word_1_634' title='bbox 716 4903 908 4957; x_wconf 88' lang='lat' dir='ltr'><strong>solum</strong></span> <span class='ocrx_word' id='word_1_635' title='bbox 941 4903 1344 4973; x_wconf 87' lang='lat' dir='ltr'><strong>presentibus,</strong></span> <span class='ocrx_word' id='word_1_636' title='bbox 1371 4905 1480 4958; x_wconf 91' lang='lat' dir='ltr'><strong>sed</strong></span> <span class='ocrx_word' id='word_1_637' title='bbox 1511 4906 1684 4958; x_wconf 91' lang='lat' dir='ltr'><strong>etiam</strong></span> <span class='ocrx_word' id='word_1_638' title='bbox 1717 4921 1846 4974; x_wconf 88' lang='lat' dir='ltr'><strong>pos-</strong></span> 
     </span>
    </p>
   </div>
   <div class='ocr_carea' id='block_1_93' title="bbox 210 4987 1843 5063">
    <p class='ocr_par' dir='ltr' id='par_1_93' title="bbox 210 4987 1843 5063">
     <span class='ocr_line' id='line_1_93' title="bbox 210 4987 1843 5063; baseline 0.005 -25"><span class='ocrx_word' id='word_1_639' title='bbox 210 4987 322 5041; x_wconf 72' lang='lat' dir='ltr'><strong>teris</strong></span> <span class='ocrx_word' id='word_1_640' title='bbox 339 4991 463 5044; x_wconf 90' lang='lat' dir='ltr'><strong>volo</strong></span> <span class='ocrx_word' id='word_1_641' title='bbox 489 4992 863 5063; x_wconf 80' lang='lat' dir='ltr'><strong>signiﬁcare.</strong></span> <span class='ocrx_word' id='word_1_642' title='bbox 890 4991 1049 5045; x_wconf 91' lang='lat' dir='ltr'><strong>Idem</strong></span> <span class='ocrx_word' id='word_1_643' title='bbox 1065 4992 1218 5046; x_wconf 88' lang='lat' dir='ltr'><strong>enim</strong></span> <span class='ocrx_word' id='word_1_644' title='bbox 1239 4992 1553 5047; x_wconf 81' lang='lat' dir='ltr'><strong>VVibertus</strong></span> <span class='ocrx_word' id='word_1_645' title='bbox 1578 4994 1732 5046; x_wconf 89' lang='lat' dir='ltr'><strong>illam</strong></span> <span class='ocrx_word' id='word_1_646' title='bbox 1751 4995 1843 5047; x_wconf 80' lang='lat' dir='ltr'><strong>ﬁe-</strong></span> 
     </span>
    </p>
   </div>
   <div class='ocr_carea' id='block_1_94' title="bbox 212 5074 1840 5153">
    <p class='ocr_par' dir='ltr' id='par_1_94' title="bbox 212 5074 1840 5153">
     <span class='ocr_line' id='line_1_94' title="bbox 212 5074 1840 5153; baseline 0.006 -26"><span class='ocrx_word' id='word_1_647' title='bbox 212 5074 249 5123; x_wconf 79' lang='lat' dir='ltr'><strong>ri</strong></span> <span class='ocrx_word' id='word_1_648' title='bbox 273 5075 608 5146; x_wconf 84' lang='lat' dir='ltr'><strong>dispositam</strong></span> <span class='ocrx_word' id='word_1_649' title='bbox 639 5079 955 5134; x_wconf 79' lang='lat' dir='ltr'><strong>confessus</strong></span> <span class='ocrx_word' id='word_1_650' title='bbox 985 5086 1077 5134; x_wconf 92' lang='lat' dir='ltr'><strong>est</strong></span> <span class='ocrx_word' id='word_1_651' title='bbox 1107 5081 1388 5153; x_wconf 91' lang='lat' dir='ltr'><strong>episcopo</strong></span> <span class='ocrx_word' id='word_1_652' title='bbox 1427 5083 1840 5152; x_wconf 90' lang='lat' dir='ltr'><strong>proditionem,</strong></span> 
     </span>
    </p>
   </div>
   <div class='ocr_carea' id='block_1_95' title="bbox 212 5161 1842 5240">
    <p class='ocr_par' dir='ltr' id='par_1_95' title="bbox 212 5161 1842 5240">
     <span class='ocr_line' id='line_1_95' title="bbox 212 5161 1842 5240; baseline 0.008 -27"><span class='ocrx_word' id='word_1_653' title='bbox 212 5161 269 5213; x_wconf 87' lang='lat' dir='ltr'><strong>ab</strong></span> <span class='ocrx_word' id='word_1_654' title='bbox 294 5178 354 5218; x_wconf 89' lang='lat' dir='ltr'><strong>eo</strong></span> <span class='ocrx_word' id='word_1_655' title='bbox 381 5165 603 5238; x_wconf 86' lang='lat' dir='ltr'><strong>quippe</strong></span> <span class='ocrx_word' id='word_1_656' title='bbox 636 5183 750 5222; x_wconf 90' lang='lat' dir='ltr'><strong>non</strong></span> <span class='ocrx_word' id='word_1_657' title='bbox 782 5169 1190 5238; x_wconf 75' lang='lat' dir='ltr'><strong>machinatum,</strong></span> <span class='ocrx_word' id='word_1_658' title='bbox 1227 5170 1332 5223; x_wconf 89' lang='lat' dir='ltr'><strong>sed</strong></span> <span class='ocrx_word' id='word_1_659' title='bbox 1351 5185 1456 5240; x_wconf 90' lang='lat' dir='ltr'><strong>per</strong></span> <span class='ocrx_word' id='word_1_660' title='bbox 1473 5187 1607 5223; x_wconf 91' lang='lat' dir='ltr'><strong>eum</strong></span> <span class='ocrx_word' id='word_1_661' title='bbox 1630 5171 1842 5226; x_wconf 88' lang='lat' dir='ltr'><strong>ﬁeriab</strong></span> 
     </span>
    </p>
   </div>
   <div class='ocr_carea' id='block_1_96' title="bbox 214 5248 1842 5330">
    <p class='ocr_par' dir='ltr' id='par_1_96' title="bbox 214 5248 1842 5330">
     <span class='ocr_line' id='line_1_96' title="bbox 214 5248 1842 5330; baseline 0.009 -32"><span class='ocrx_word' id='word_1_662' title='bbox 214 5248 429 5308; x_wconf 85' lang='lat' dir='ltr'><strong>inimicis</strong></span> <span class='ocrx_word' id='word_1_663' title='bbox 462 5256 735 5326; x_wconf 88' lang='lat' dir='ltr'><strong>episcopi</strong></span> <span class='ocrx_word' id='word_1_664' title='bbox 761 5257 1138 5312; x_wconf 89' lang='lat' dir='ltr'><strong>sibilatenter</strong></span> <span class='ocrx_word' id='word_1_665' title='bbox 1166 5259 1476 5328; x_wconf 90' lang='lat' dir='ltr'><strong>quesitam.</strong></span> <span class='ocrx_word' id='word_1_666' title='bbox 1512 5257 1673 5322; x_wconf 87' lang='lat' dir='ltr'><strong>Quos</strong></span> <span class='ocrx_word' id='word_1_667' title='bbox 1708 5260 1842 5330; x_wconf 92' lang='lat' dir='ltr'><strong>quia</strong></span> 
     </span>
    </p>
   </div>
   <div class='ocr_carea' id='block_1_97' title="bbox 210 5337 1836 5416">
    <p class='ocr_par' dir='ltr' id='par_1_97' title="bbox 210 5337 1836 5416">
     <span class='ocr_line' id='line_1_97' title="bbox 210 5337 1836 5416; baseline 0.008 -28"><span class='ocrx_word' id='word_1_668' title='bbox 210 5337 362 5395; x_wconf 86' lang='lat' dir='ltr'><strong>noluit</strong></span> <span class='ocrx_word' id='word_1_669' title='bbox 387 5345 698 5398; x_wconf 85' lang='lat' dir='ltr'><strong>nominare</strong></span> <span class='ocrx_word' id='word_1_670' title='bbox 729 5345 1008 5414; x_wconf 90' lang='lat' dir='ltr'><strong>pontiﬁci,</strong></span> <span class='ocrx_word' id='word_1_671' title='bbox 1037 5345 1363 5416; x_wconf 82' lang='lat' dir='ltr'><strong>judicatum</strong></span> <span class='ocrx_word' id='word_1_672' title='bbox 1395 5351 1486 5400; x_wconf 90' lang='lat' dir='ltr'><strong>est</strong></span> <span class='ocrx_word' id='word_1_673' title='bbox 1517 5347 1681 5401; x_wconf 88' lang='lat' dir='ltr'><strong>illum</strong></span> <span class='ocrx_word' id='word_1_674' title='bbox 1714 5353 1836 5401; x_wconf 85' lang='lat' dir='ltr'><strong>tan-</strong></span> 
     </span>
    </p>
   </div>
   <div class='ocr_carea' id='block_1_98' title="bbox 213 5426 1844 5507">
    <p class='ocr_par' dir='ltr' id='par_1_98' title="bbox 213 5426 1844 5507">
     <span class='ocr_line' id='line_1_98' title="bbox 213 5426 1844 5507; baseline 0.009 -31"><span class='ocrx_word' id='word_1_675' title='bbox 213 5426 290 5480; x_wconf 90' lang='lat' dir='ltr'><strong>diu</strong></span> <span class='ocrx_word' id='word_1_676' title='bbox 316 5430 522 5487; x_wconf 85' lang='lat' dir='ltr'><strong>debere</strong></span> <span class='ocrx_word' id='word_1_677' title='bbox 556 5433 756 5504; x_wconf 87' lang='lat' dir='ltr'><strong>plecti,</strong></span> <span class='ocrx_word' id='word_1_678' title='bbox 789 5434 975 5488; x_wconf 92' lang='lat' dir='ltr'><strong>donec</strong></span> <span class='ocrx_word' id='word_1_679' title='bbox 1030 5434 1362 5504; x_wconf 87' lang='lat' dir='ltr'><strong>proditores</strong></span> <span class='ocrx_word' id='word_1_680' title='bbox 1420 5435 1555 5490; x_wconf 90' lang='lat' dir='ltr'><strong>illos</strong></span> <span class='ocrx_word' id='word_1_681' title='bbox 1597 5441 1844 5507; x_wconf 89' lang='lat' dir='ltr'><strong>cogatur</strong></span> 
     </span>
    </p>
   </div>
   <div class='ocr_carea' id='block_1_99' title="bbox 1958 4277 3618 4343">
    <p class='ocr_par' dir='ltr' id='par_1_99' title="bbox 1958 4277 3618 4343">
     <span class='ocr_line' id='line_1_99' title="bbox 1958 4277 3618 4343; baseline -0.004 -7"><span class='ocrx_word' id='word_1_682' title='bbox 1958 4298 2118 4336; x_wconf 91' lang='lat' dir='ltr'><strong>mum</strong></span> <span class='ocrx_word' id='word_1_683' title='bbox 2141 4281 2372 4335; x_wconf 88' lang='lat' dir='ltr'><strong>civibus</strong></span> <span class='ocrx_word' id='word_1_684' title='bbox 2395 4283 2451 4334; x_wconf 88' lang='lat' dir='ltr'><strong>et</strong></span> <span class='ocrx_word' id='word_1_685' title='bbox 2478 4280 2721 4333; x_wconf 91' lang='lat' dir='ltr'><strong>rusticis</strong></span> <span class='ocrx_word' id='word_1_686' title='bbox 2740 4279 2908 4332; x_wconf 89' lang='lat' dir='ltr'><strong>valde</strong></span> <span class='ocrx_word' id='word_1_687' title='bbox 2937 4277 3365 4343; x_wconf 89' lang='lat' dir='ltr'><strong>necessarium,</strong></span> <span class='ocrx_word' id='word_1_688' title='bbox 3390 4277 3618 4330; x_wconf 89' lang='lat' dir='ltr'><strong>scilicet</strong></span> 
     </span>
    </p>
   </div>
   <div class='ocr_carea' id='block_1_100' title="bbox 1955 4365 3616 4440">
    <p class='ocr_par' dir='ltr' id='par_1_100' title="bbox 1955 4365 3616 4440">
     <span class='ocr_line' id='line_1_100' title="bbox 1955 4365 3616 4440; baseline -0.004 -16"><span class='ocrx_word' id='word_1_689' title='bbox 1955 4385 2270 4440; x_wconf 89' lang='lat' dir='ltr'><strong>preparare</strong></span> <span class='ocrx_word' id='word_1_690' title='bbox 2302 4372 2358 4423; x_wconf 91' lang='lat' dir='ltr'><strong>et</strong></span> <span class='ocrx_word' id='word_1_691' title='bbox 2389 4367 2638 4422; x_wconf 88' lang='lat' dir='ltr'><strong>ﬁdeliter</strong></span> <span class='ocrx_word' id='word_1_692' title='bbox 2669 4367 2921 4436; x_wconf 88' lang='lat' dir='ltr'><strong>operari,</strong></span> <span class='ocrx_word' id='word_1_693' title='bbox 2973 4370 3035 4418; x_wconf 89' lang='lat' dir='ltr'><strong>ut</strong></span> <span class='ocrx_word' id='word_1_694' title='bbox 3074 4365 3284 4419; x_wconf 91' lang='lat' dir='ltr'><strong>domus</strong></span> <span class='ocrx_word' id='word_1_695' title='bbox 3318 4379 3443 4416; x_wconf 83' lang='lat' dir='ltr'><strong>suae</strong></span> <span class='ocrx_word' id='word_1_696' title='bbox 3480 4378 3616 4418; x_wconf 88' lang='lat' dir='ltr'><strong>cor-</strong></span> 
     </span>
    </p>
   </div>
   <div class='ocr_carea' id='block_1_101' title="bbox 1954 4451 3618 4528">
    <p class='ocr_par' dir='ltr' id='par_1_101' title="bbox 1954 4451 3618 4528">
     <span class='ocr_line' id='line_1_101' title="bbox 1954 4451 3618 4528; baseline -0.005 -15"><span class='ocrx_word' id='word_1_697' title='bbox 1954 4475 2097 4528; x_wconf 88' lang='lat' dir='ltr'><strong>pora</strong></span> <span class='ocrx_word' id='word_1_698' title='bbox 2145 4461 2200 4512; x_wconf 93' lang='lat' dir='ltr'><strong>et</strong></span> <span class='ocrx_word' id='word_1_699' title='bbox 2232 4457 2581 4513; x_wconf 86' lang='lat' dir='ltr'><strong>substantiae</strong></span> <span class='ocrx_word' id='word_1_700' title='bbox 2614 4456 2685 4510; x_wconf 90' lang='lat' dir='ltr'><strong>ab</strong></span> <span class='ocrx_word' id='word_1_701' title='bbox 2727 4454 3166 4525; x_wconf 89' lang='lat' dir='ltr'><strong>impugnatione</strong></span> <span class='ocrx_word' id='word_1_702' title='bbox 3207 4453 3406 4507; x_wconf 88' lang='lat' dir='ltr'><strong>hostili</strong></span> <span class='ocrx_word' id='word_1_703' title='bbox 3467 4451 3618 4506; x_wconf 88' lang='lat' dir='ltr'><strong>infra</strong></span> 
     </span>
    </p>
   </div>
   <div class='ocr_carea' id='block_1_102' title="bbox 1955 4540 3618 4617">
    <p class='ocr_par' dir='ltr' id='par_1_102' title="bbox 1955 4540 3618 4617">
     <span class='ocr_line' id='line_1_102' title="bbox 1955 4540 3618 4617; baseline -0.005 -16"><span class='ocrx_word' id='word_1_704' title='bbox 1955 4548 2161 4602; x_wconf 89' lang='lat' dir='ltr'><strong>urbem</strong></span> <span class='ocrx_word' id='word_1_705' title='bbox 2193 4545 2699 4617; x_wconf 88' lang='lat' dir='ltr'><strong>possintdefendi.</strong></span> <span class='ocrx_word' id='word_1_706' title='bbox 2737 4544 2904 4599; x_wconf 89' lang='lat' dir='ltr'><strong>Unde</strong></span> <span class='ocrx_word' id='word_1_707' title='bbox 2937 4544 3162 4598; x_wconf 90' lang='lat' dir='ltr'><strong>eisdem</strong></span> <span class='ocrx_word' id='word_1_708' title='bbox 3194 4542 3425 4596; x_wconf 89' lang='lat' dir='ltr'><strong>civibus</strong></span> <span class='ocrx_word' id='word_1_709' title='bbox 3455 4540 3618 4594; x_wconf 84' lang='lat' dir='ltr'><strong>auxi-</strong></span> 
     </span>
    </p>
   </div>
   <div class='ocr_carea' id='block_1_103' title="bbox 1955 4631 3614 4705">
    <p class='ocr_par' dir='ltr' id='par_1_103' title="bbox 1955 4631 3614 4705">
     <span class='ocr_line' id='line_1_103' title="bbox 1955 4631 3614 4705; baseline -0.004 -15"><span class='ocrx_word' id='word_1_710' title='bbox 1955 4637 2254 4705; x_wconf 89' lang='lat' dir='ltr'><strong>liantibus,</strong></span> <span class='ocrx_word' id='word_1_711' title='bbox 2307 4638 2483 4689; x_wconf 89' lang='lat' dir='ltr'><strong>totam</strong></span> <span class='ocrx_word' id='word_1_712' title='bbox 2516 4635 2574 4688; x_wconf 89' lang='lat' dir='ltr'><strong>in</strong></span> <span class='ocrx_word' id='word_1_713' title='bbox 2606 4633 2855 4688; x_wconf 91' lang='lat' dir='ltr'><strong>circuitu</strong></span> <span class='ocrx_word' id='word_1_714' title='bbox 2886 4633 3202 4700; x_wconf 90' lang='lat' dir='ltr'><strong>civitatem,</strong></span> <span class='ocrx_word' id='word_1_715' title='bbox 3229 4631 3381 4685; x_wconf 91' lang='lat' dir='ltr'><strong>vallo</strong></span> <span class='ocrx_word' id='word_1_716' title='bbox 3415 4631 3614 4700; x_wconf 93' lang='lat' dir='ltr'><strong>ligneo</strong></span> 
     </span>
    </p>
   </div>
   <div class='ocr_carea' id='block_1_104' title="bbox 1954 4719 3616 4794">
    <p class='ocr_par' dir='ltr' id='par_1_104' title="bbox 1954 4719 3616 4794">
     <span class='ocr_line' id='line_1_104' title="bbox 1954 4719 3616 4794; baseline -0.004 -18"><span class='ocrx_word' id='word_1_717' title='bbox 1954 4725 2119 4793; x_wconf 90' lang='lat' dir='ltr'><strong>prius</strong></span> <span class='ocrx_word' id='word_1_718' title='bbox 2181 4724 2586 4794; x_wconf 88' lang='lat' dir='ltr'><strong>compositam,</strong></span> <span class='ocrx_word' id='word_1_719' title='bbox 2622 4724 2748 4792; x_wconf 86' lang='lat' dir='ltr'><strong>ipse</strong></span> <span class='ocrx_word' id='word_1_720' title='bbox 2791 4723 3110 4791; x_wconf 90' lang='lat' dir='ltr'><strong>episcopus</strong></span> <span class='ocrx_word' id='word_1_721' title='bbox 3160 4719 3404 4774; x_wconf 85' lang='lat' dir='ltr'><strong>munivit</strong></span> <span class='ocrx_word' id='word_1_722' title='bbox 3448 4731 3616 4771; x_wconf 90' lang='lat' dir='ltr'><strong>muro</strong></span> 
     </span>
    </p>
   </div>
   <div class='ocr_carea' id='block_1_105' title="bbox 1954 4806 3618 4882">
    <p class='ocr_par' dir='ltr' id='par_1_105' title="bbox 1954 4806 3618 4882">
     <span class='ocr_line' id='line_1_105' title="bbox 1954 4806 3618 4882; baseline -0.004 -18"><span class='ocrx_word' id='word_1_723' title='bbox 1954 4812 2180 4882; x_wconf 88' lang='lat' dir='ltr'><strong>lapideo</strong></span> <span class='ocrx_word' id='word_1_724' title='bbox 2221 4813 2454 4880; x_wconf 71' lang='lat' dir='ltr'><strong>fortius,</strong></span> <span class='ocrx_word' id='word_1_725' title='bbox 2490 4811 2736 4874; x_wconf 83' lang='lat' dir='ltr'><strong>fossatis</strong></span> <span class='ocrx_word' id='word_1_726' title='bbox 2772 4811 3048 4864; x_wconf 89' lang='lat' dir='ltr'><strong>relevatis</strong></span> <span class='ocrx_word' id='word_1_727' title='bbox 3081 4811 3136 4863; x_wconf 89' lang='lat' dir='ltr'><strong>et</strong></span> <span class='ocrx_word' id='word_1_728' title='bbox 3167 4807 3434 4878; x_wconf 89' lang='lat' dir='ltr'><strong>plurimis</strong></span> <span class='ocrx_word' id='word_1_729' title='bbox 3467 4806 3618 4860; x_wconf 92' lang='lat' dir='ltr'><strong>inter</strong></span> 
     </span>
    </p>
   </div>
   <div class='ocr_carea' id='block_1_106' title="bbox 1955 4893 3617 4955">
    <p class='ocr_par' dir='ltr' id='par_1_106' title="bbox 1955 4893 3617 4955">
     <span class='ocr_line' id='line_1_106' title="bbox 1955 4893 3617 4955; baseline -0.005 -1"><span class='ocrx_word' id='word_1_730' title='bbox 1955 4917 2186 4955; x_wconf 90' lang='lat' dir='ltr'><strong>murum</strong></span> <span class='ocrx_word' id='word_1_731' title='bbox 2217 4895 2576 4955; x_wconf 88' lang='lat' dir='ltr'><strong>coediﬁcatis</strong></span> <span class='ocrx_word' id='word_1_732' title='bbox 2611 4901 2891 4954; x_wconf 88' lang='lat' dir='ltr'><strong>turribus.</strong></span> <span class='ocrx_word' id='word_1_733' title='bbox 2925 4897 3241 4951; x_wconf 89' lang='lat' dir='ltr'><strong>Castellum</strong></span> <span class='ocrx_word' id='word_1_734' title='bbox 3270 4895 3441 4949; x_wconf 90' lang='lat' dir='ltr'><strong>etiam</strong></span> <span class='ocrx_word' id='word_1_735' title='bbox 3467 4893 3617 4947; x_wconf 82' lang='lat' dir='ltr'><strong>infra</strong></span> 
     </span>
    </p>
   </div>
   <div class='ocr_carea' id='block_1_107' title="bbox 1954 4982 3615 5060">
    <p class='ocr_par' dir='ltr' id='par_1_107' title="bbox 1954 4982 3615 5060">
     <span class='ocr_line' id='line_1_107' title="bbox 1954 4982 3615 5060; baseline -0.004 -17"><span class='ocrx_word' id='word_1_736' title='bbox 1954 4991 2268 5057; x_wconf 91' lang='lat' dir='ltr'><strong>civitatem,</strong></span> <span class='ocrx_word' id='word_1_737' title='bbox 2286 4991 2344 5042; x_wconf 93' lang='lat' dir='ltr'><strong>in</strong></span> <span class='ocrx_word' id='word_1_738' title='bbox 2367 5005 2483 5060; x_wconf 92' lang='lat' dir='ltr'><strong>quo</strong></span> <span class='ocrx_word' id='word_1_739' title='bbox 2507 4991 2671 5044; x_wconf 90' lang='lat' dir='ltr'><strong>erant</strong></span> <span class='ocrx_word' id='word_1_740' title='bbox 2692 4991 2746 5042; x_wconf 91' lang='lat' dir='ltr'><strong>et</strong></span> <span class='ocrx_word' id='word_1_741' title='bbox 2784 4987 3058 5040; x_wconf 83' lang='lat' dir='ltr'><strong>aecclesia</strong></span> <span class='ocrx_word' id='word_1_742' title='bbox 3087 4985 3274 5038; x_wconf 65' lang='lat' dir='ltr'><strong>beatae</strong></span> <span class='ocrx_word' id='word_1_743' title='bbox 3305 4982 3615 5055; x_wconf 86' lang='lat' dir='ltr'><strong>genitricis</strong></span> 
     </span>
    </p>
   </div>
   <div class='ocr_carea' id='block_1_108' title="bbox 1953 5071 3611 5140">
    <p class='ocr_par' dir='ltr' id='par_1_108' title="bbox 1953 5071 3611 5140">
     <span class='ocr_line' id='line_1_108' title="bbox 1953 5071 3611 5140; baseline -0.005 -7"><span class='ocrx_word' id='word_1_744' title='bbox 1953 5080 2057 5133; x_wconf 93' lang='lat' dir='ltr'><strong>Dei</strong></span> <span class='ocrx_word' id='word_1_745' title='bbox 2088 5081 2143 5133; x_wconf 84' lang='lat' dir='ltr'><strong>et</strong></span> <span class='ocrx_word' id='word_1_746' title='bbox 2173 5079 2484 5133; x_wconf 91' lang='lat' dir='ltr'><strong>cenobium</strong></span> <span class='ocrx_word' id='word_1_747' title='bbox 2515 5077 2702 5131; x_wconf 90' lang='lat' dir='ltr'><strong>sancti</strong></span> <span class='ocrx_word' id='word_1_748' title='bbox 2734 5074 3021 5140; x_wconf 84' lang='lat' dir='ltr'><strong>Autberti,</strong></span> <span class='ocrx_word' id='word_1_749' title='bbox 3056 5088 3223 5127; x_wconf 91' lang='lat' dir='ltr'><strong>muro</strong></span> <span class='ocrx_word' id='word_1_750' title='bbox 3247 5071 3488 5126; x_wconf 87' lang='lat' dir='ltr'><strong>excelso</strong></span> <span class='ocrx_word' id='word_1_751' title='bbox 3507 5072 3611 5126; x_wconf 87' lang='lat' dir='ltr'><strong>ﬁr-</strong></span> 
     </span>
    </p>
   </div>
   <div class='ocr_carea' id='block_1_109' title="bbox 1952 5162 3227 5236">
    <p class='ocr_par' dir='ltr' id='par_1_109' title="bbox 1952 5162 3227 5236">
     <span class='ocr_line' id='line_1_109' title="bbox 1952 5162 3227 5236; baseline -0.005 -15"><span class='ocrx_word' id='word_1_752' title='bbox 1952 5169 2150 5236; x_wconf 91' lang='lat' dir='ltr'><strong>mavit,</strong></span> <span class='ocrx_word' id='word_1_753' title='bbox 2186 5168 2412 5222; x_wconf 85' lang='lat' dir='ltr'><strong>fossato</strong></span> <span class='ocrx_word' id='word_1_754' title='bbox 2450 5167 2708 5220; x_wconf 88' lang='lat' dir='ltr'><strong>relevato</strong></span> <span class='ocrx_word' id='word_1_755' title='bbox 2741 5165 2854 5218; x_wconf 92' lang='lat' dir='ltr'><strong>alto</strong></span> <span class='ocrx_word' id='word_1_756' title='bbox 2889 5162 3227 5216; x_wconf 89' lang='lat' dir='ltr'><strong>etterribili.</strong></span> 
     </span>
    </p>
   </div>
   <div class='ocr_carea' id='block_1_110' title="bbox 2021 5251 3615 5326">
    <p class='ocr_par' dir='ltr' id='par_1_110' title="bbox 2021 5251 3615 5326">
     <span class='ocr_line' id='line_1_110' title="bbox 2021 5251 3615 5326; baseline -0.003 -16"><span class='ocrx_word' id='word_1_757' title='bbox 2021 5258 2075 5322; x_wconf 86' lang='lat'><strong>6,</strong></span> <span class='ocrx_word' id='word_1_758' title='bbox 2109 5257 2332 5310; x_wconf 90' lang='lat' dir='ltr'><strong>Intento</strong></span> <span class='ocrx_word' id='word_1_759' title='bbox 2365 5257 2543 5326; x_wconf 85' lang='lat' dir='ltr'><strong>igitur</strong></span> <span class='ocrx_word' id='word_1_760' title='bbox 2561 5255 2618 5307; x_wconf 90' lang='lat' dir='ltr'><strong>in</strong></span> <span class='ocrx_word' id='word_1_761' title='bbox 2649 5253 2822 5308; x_wconf 88' lang='lat' dir='ltr'><strong>bonis</strong></span> <span class='ocrx_word' id='word_1_762' title='bbox 2845 5253 3076 5307; x_wconf 89' lang='lat' dir='ltr'><strong>actibus</strong></span> <span class='ocrx_word' id='word_1_763' title='bbox 3098 5252 3402 5321; x_wconf 86' lang='lat' dir='ltr'><strong>episcopo,</strong></span> <span class='ocrx_word' id='word_1_764' title='bbox 3427 5251 3615 5323; x_wconf 88' lang='lat' dir='ltr'><strong>gratia</strong></span> 
     </span>
    </p>
   </div>
   <div class='ocr_carea' id='block_1_111' title="bbox 1955 5341 3612 5411">
    <p class='ocr_par' dir='ltr' id='par_1_111' title="bbox 1955 5341 3612 5411">
     <span class='ocr_line' id='line_1_111' title="bbox 1955 5341 3612 5411; baseline -0.004 -12"><span class='ocrx_word' id='word_1_765' title='bbox 1955 5347 2059 5399; x_wconf 91' lang='lat' dir='ltr'><strong>Dei</strong></span> <span class='ocrx_word' id='word_1_766' title='bbox 2092 5345 2228 5399; x_wconf 87' lang='lat' dir='ltr'><strong>facti</strong></span> <span class='ocrx_word' id='word_1_767' title='bbox 2261 5348 2398 5399; x_wconf 91' lang='lat' dir='ltr'><strong>sunt</strong></span> <span class='ocrx_word' id='word_1_768' title='bbox 2429 5342 2706 5398; x_wconf 92' lang='lat' dir='ltr'><strong>conversi</strong></span> <span class='ocrx_word' id='word_1_769' title='bbox 2735 5341 2950 5395; x_wconf 90' lang='lat' dir='ltr'><strong>milites</strong></span> <span class='ocrx_word' id='word_1_770' title='bbox 2984 5342 3098 5394; x_wconf 89' lang='lat' dir='ltr'><strong>duo</strong></span> <span class='ocrx_word' id='word_1_771' title='bbox 3131 5341 3188 5394; x_wconf 91' lang='lat' dir='ltr'><strong>id</strong></span> <span class='ocrx_word' id='word_1_772' title='bbox 3208 5346 3468 5411; x_wconf 89' lang='lat' dir='ltr'><strong>tempore</strong></span> <span class='ocrx_word' id='word_1_773' title='bbox 3491 5341 3612 5410; x_wconf 89' lang='lat' dir='ltr'><strong>illo,</strong></span> 
     </span>
    </p>
   </div>
   <div class='ocr_carea' id='block_1_112' title="bbox 1954 5428 3609 5504">
    <p class='ocr_par' dir='ltr' id='par_1_112' title="bbox 1954 5428 3609 5504">
     <span class='ocr_line' id='line_1_112' title="bbox 1954 5428 3609 5504; baseline -0.002 -16"><span class='ocrx_word' id='word_1_774' title='bbox 1954 5435 2259 5491; x_wconf 84' lang='lat' dir='ltr'><strong>Walterus</strong></span> <span class='ocrx_word' id='word_1_775' title='bbox 2310 5448 2454 5488; x_wconf 89' lang='lat' dir='ltr'><strong>vero</strong></span> <span class='ocrx_word' id='word_1_776' title='bbox 2511 5447 2667 5488; x_wconf 89' lang='lat' dir='ltr'><strong>unus</strong></span> <span class='ocrx_word' id='word_1_777' title='bbox 2718 5430 2949 5504; x_wconf 87' lang='lat' dir='ltr'><strong>dicitur,</strong></span> <span class='ocrx_word' id='word_1_778' title='bbox 3009 5434 3066 5486; x_wconf 89' lang='lat' dir='ltr'><strong>et</strong></span> <span class='ocrx_word' id='word_1_779' title='bbox 3094 5431 3242 5486; x_wconf 84' lang='lat' dir='ltr'><strong>alter</strong></span> <span class='ocrx_word' id='word_1_780' title='bbox 3289 5428 3609 5496; x_wconf 87' lang='lat' dir='ltr'><strong>Sicherus,</strong></span> 
     </span>
    </p>
   </div>
   <div class='ocr_carea' id='block_1_113' title="bbox 1755 5567 2031 5631">
    <p class='ocr_par' dir='ltr' id='par_1_113' title="bbox 1755 5567 2031 5631">
     <span class='ocr_line' id='line_1_113' title="bbox 1755 5567 2031 5631; baseline 0.004 -1"><span class='ocrx_word' id='word_1_781' title='bbox 1755 5567 2031 5631; x_wconf 73' lang='grc' dir='ltr'><strong>ΝΟΤιλΕ.</strong></span> 
     </span>
    </p>
   </div>
   <div class='ocr_carea' id='block_1_114' title="bbox 271 5667 1237 5750">
    <p class='ocr_par' dir='ltr' id='par_1_114' title="bbox 271 5667 1237 5750">
     <span class='ocr_line' id='line_1_114' title="bbox 271 5667 1237 5750; baseline -0.001 -15"><span class='ocrx_word' id='word_1_782' title='bbox 271 5667 402 5743; x_wconf 61' lang='grc'><strong>(466)</strong></span> <span class='ocrx_word' id='word_1_783' title='bbox 434 5673 602 5731; x_wconf 81' lang='lat' dir='ltr'><strong>Culti</strong></span> <span class='ocrx_word' id='word_1_784' title='bbox 612 5689 737 5750; x_wconf 83' lang='lat' dir='ltr'><strong>ver,</strong></span> <span class='ocrx_word' id='word_1_785' title='bbox 768 5675 969 5733; x_wconf 85' lang='lat' dir='ltr'><strong>versio</strong></span> <span class='ocrx_word' id='word_1_786' title='bbox 997 5674 1237 5734; x_wconf 79' lang='lat' dir='ltr'><strong>Gallica.</strong></span> 
     </span>
    </p>
   </div>
  </div>
