4058 6182
519 192 536 223 ο

408 286 522 349 195

1297 281 1570 345 casm
1609 278 2135 344 PONTIFICUM
2179 246 2940 342 CAMERACENSIUM.

3730 278 3851 340 196

407 486 579 540 ambo
611 486 873 557 ingenui,
906 484 1081 539 bonis
1115 482 1304 537 ornati
1323 482 1616 550 moribus,
1651 480 1823 535 ambo
1865 478 2073 550 repleti
2100 485 2145 545 Α
2178 480 2301 532 tum
2357 492 2605 532 suorum
2653 477 2979 531 salvatione
3036 477 3335 547 deputavit
3366 477 3555 533 alodia
3603 495 3711 533 sua
3771 481 3844 534 de

409 574 640 628 fervore
673 574 855 627 divini
888 573 1155 642 spiritus.
1180 572 1472 624 Ardentes
1492 586 1638 640 ergo
1670 585 1778 638 per
1797 568 2075 638 Spiritum

405 664 695 732 sanctum,
730 678 915 732 seque
949 662 1295 715 conlitentes
1320 659 1541 714 habere
1573 674 1746 713 unam
1801 659 2075 711 volunta-

404 754 522 804 tem
572 753 629 805 et
671 766 851 804 unum
891 750 1168 818 animum,
1224 748 1587 803 conﬁdenter
1642 747 2071 800 mandaverunt

403 839 601 909 ipsum
625 840 969 909 episcopum
990 838 1193 892 venire
1227 837 1344 891 illis
1389 837 1543 907 apud
1576 836 1859 890 Duacum.
1893 835 2066 888 Vole-

405 926 548 980 bant
576 927 732 980 enim
762 926 895 996 ejus
919 926 1168 980 consilio
1186 926 1379 979 locum
1401 925 1644 996 eligere,
1666 924 1765 978 ubi
1796 923 1917 976 Deo
1939 938 2070 992 pos-

408 1018 540 1068 sent
570 1014 818 1069 servire.
851 1015 912 1067 In
936 1030 1046 1069 suo
1079 1014 1273 1084 itaque
1295 1013 1485 1067 alodio
1516 1013 1617 1082 qui
1646 1012 2070 1082 Aquiscinctus

407 1103 641 1174 dicitur,
675 1104 735 1157 in
765 1105 896 1158 loco
928 1103 1163 1173 quidem
1193 1102 1462 1157 horroris
1491 1104 1548 1155 et
1578 1104 1765 1154 vastae
1798 1099 2070 1154 solitudi-

407 1194 522 1263 nis,
556 1192 848 1263 quandam
879 1191 1320 1258 edificaverunt,
1367 1189 1699 1244 aecclesiam
1728 1204 1987 1243 assensu
2016 1191 2072 1241 et

404 1280 877 1337 consideratione
898 1278 1172 1350 ejusdem
1202 1278 1519 1349 pontificis,
1538 1278 1715 1331 immo
1734 1276 1975 1345 auxilio,
2001 1276 2073 1329 de

406 1373 535 1425 suis
567 1371 747 1423 rebus
782 1367 1057 1438 propriis.
1091 1367 1180 1420 Ab
1205 1367 1371 1422 initio
1401 1366 1557 1422 enim
1596 1382 1788 1435 usque
1813 1365 1871 1418 in
1895 1364 2069 1418 tinem

404 1459 515 1513 fuit
544 1459 662 1511 illis
692 1456 976 1510 militibus
1007 1457 1067 1510 in
1098 1457 1328 1510 cunctis
1351 1454 1823 1510 ediﬁcationibus
1855 1453 2069 1508 aeccle-

406 1548 512 1600 siae
537 1545 897 1600 coediiicator
915 1545 1255 1614 episcopus.
1281 1544 1540 1598 Tandem
1556 1547 1759 1613 parata
1787 1541 2063 1610 ecclesia,

404 1636 460 1688 et
489 1634 584 1688 his
615 1649 748 1705 quae
778 1633 849 1687 ad
882 1633 1102 1687 cultum
1132 1631 1625 1686 aecclesiasticum
1654 1631 1947 1700 pertinent
1976 1631 2070 1684 de-

2179 566 2499 620 Lietscinis
2528 569 2585 620 et
2624 565 2695 620 de
2730 566 3064 620 Wilrehem
3107 566 3166 620 in
3197 566 3471 620 aecclesia
3502 567 3690 621 beatae
3725 569 3845 621 Ma-

2176 656 2301 709 riae.
2355 654 2526 708 Dedit
2573 656 2745 708 etiam
2780 656 3002 723 altaria,
3037 671 3290 725 quorum
3334 660 3510 709 curta:
3552 657 3844 711 habentur

2177 743 2346 813 (467),
2380 747 2437 797 et
2464 759 2715 799 necesse
2747 760 2863 797 non
2896 747 2988 798 est
3018 747 3077 796 ut
3118 744 3211 797 hic
3244 747 3635 799 nominentur.

2247 832 2299 886 8.
2335 831 2638 902 Hospitale
2670 848 3015 902 pauperum,
3066 833 3225 902 qubd
3274 838 3365 887 est
3414 849 3596 888 secus
3628 834 3842 889 atrium

2177 924 2398 975 sanctae
2421 920 2653 989 Crucis,
2674 924 2969 990 prostrato
2992 921 3201 988 veteri,
3227 922 3381 976 sicut
3400 937 3555 976 nunc
3573 926 3846 993 apparet,

2176 1010 2499 1078 renovavit,
2540 1013 2597 1063 et
2654 1010 2998 1078 capellulam
3046 1026 3180 1079 qum
3239 1010 3470 1064 inheret
3525 1010 3842 1081 hospitali;

2176 1113 2350 1168 quam
2379 1098 2439 1152 in
2496 1098 2906 1167 solempnitate
2936 1099 3197 1152 omnium
3253 1098 3665 1152 defunctorum
3706 1116 3844 1154 cum

2175 1186 2495 1240 venerabili
2528 1202 2789 1257 expensa
2821 1187 2937 1240 cibi
2967 1188 3025 1240 et
3050 1191 3225 1254 potus
3256 1188 3647 1255 consecravit,
3689 1194 3745 1241 et
3779 1192 3844 1242 ut

2174 1276 2255 1328 ibi
2314 1278 2575 1329 cantaret
2629 1275 3019 1345 parrochialis
3076 1275 3373 1345 presbiter
3431 1275 3724 1330 dominica
3785 1280 3844 1331 et

2178 1369 2385 1435 quarta
2400 1368 2455 1418 et
2484 1367 2651 1418 sexta
2671 1363 2835 1433 feria,
2869 1364 3020 1418 duos
3044 1364 3275 1418 modios
3298 1364 3473 1418 tritici
3493 1365 3564 1418 de
3584 1365 3846 1419 eleemo-

2177 1454 2304 1507 sina
2340 1453 2650 1523 hospitalis
2671 1453 3065 1524 persingulos
3098 1468 3285 1507 annos
3316 1452 3440 1505 dari
3471 1454 3588 1506 sibi
3618 1456 3846 1507 consti-

2174 1542 2314 1606 iuit;
2342 1541 2420 1594 ita
2449 1543 2511 1594 ut
2549 1540 2845 1611 presbiter
2876 1540 3029 1594 idem
3080 1545 3133 1594 et
3166 1540 3431 1595 inﬁrmos
3462 1541 3751 1612 visitaret,
3787 1546 3847 1595 et

2177 1629 2234 1682 in
2265 1628 2503 1683 Christo
2535 1629 2842 1683 consultos
2873 1632 2928 1683 et
2959 1630 3420 1684 communicatos
3453 1636 3717 1685 mortuos
3751 1647 3847 1684 se-

404 1725 606 1777 center
634 1722 999 1791 compositis,
1052 1724 1108 1776 et
1155 1718 1373 1774 ibidem
1421 1719 1712 1788 deputatis
1774 1719 1981 1772 abbate
2011 1720 2069 1772 et
2095 1735 2148 1797 Β
2176 1719 2407 1788 peliret.

404 1810 733 1880 monachis,
751 1808 1123 1863 consecravit
1139 1825 1265 1862 eam
1297 1808 1499 1878 presul
1522 1807 1881 1862 venerabilis
1899 1807 1958 1859 in
1973 1807 2065 1861 die

406 1899 634 1952 scilicet
676 1898 867 1951 sancti
912 1896 1176 1967 Dyonisii
1234 1897 1509 1967 martyris
1557 1896 1675 1967 (an.
1732 1894 1909 1964 1079),
1952 1895 2064 1949 sub

409 1986 643 2040 nomine
683 1989 740 2040 et
778 1986 1006 2039 honore
1038 1985 1227 2038 sancti
1255 1984 1578 2038 Salvatoris
1637 1984 1745 2038 Dei
1798 1984 2066 2052 omnipo-

404 2074 605 2128 tentis.
639 2074 802 2127 Tunc
833 2073 1079 2142 predicli
1109 2072 1323 2127 milites
1363 2072 1667 2127 Walterus
1698 2077 1754 2126 et
1783 2072 2066 2126 Sicherus

406 2162 771 2216 tradiderunt
799 2162 871 2216 ad
904 2178 1051 2216 usus
1083 2161 1507 2216 monachorum
1538 2162 1684 2215 inibi
1716 2162 1838 2215 Deo
1874 2160 2066 2215 famu-

406 2251 649 2304 lantium
677 2251 866 2305 alodia
896 2267 1023 2320 sua,
1058 2253 1248 2304 terras
1286 2267 1449 2315 suas,
1499 2266 1710 2304 servos
1733 2253 1790 2304 et
1818 2249 2064 2303 ancillas

409 2342 466 2393 et
495 2340 776 2411 quicquid
806 2340 1190 2408 possidebant
1222 2340 1281 2392 in
1311 2342 1487 2394 terra.
1521 2339 1782 2392 Tradidit
1831 2354 2066 2408 quoque

308 2472 314 2479 ,
404 2427 625 2482 ibidem
653 2427 936 2482 Ansellus
960 2428 1030 2481 de
1056 2427 1471 2483 Ribodimonte
1502 2427 1673 2481 villas
1696 2427 1864 2495 duas,
1893 2427 2066 2481 Vere-

400 2516 567 2570 thum
590 2518 647 2570 et
665 2515 1108 2570 Obercicurtem
1134 2534 1147 2581 ;
1180 2515 1337 2586 quod
1357 2516 1590 2586 quidem
1613 2515 1752 2570 fecit
1771 2517 2063 2569 annuente

395 2605 699 2673 episcopo,
751 2607 951 2673 utpote
1008 2620 1156 2674 quas
1206 2604 1266 2657 in
1309 2604 1482 2659 feodo
1527 2604 1760 2658 tenebat
1808 2604 1878 2658 de
1938 2603 2059 2657 illo.

397 2690 689 2745 Fecerunt
736 2691 815 2746 ibi
861 2692 959 2744 alii
1006 2692 1172 2745 multi
1216 2693 1396 2746 multa
1424 2693 1686 2761 donaria,
1733 2707 1866 2762 quae
1906 2691 2061 2745 idem

396 2779 717 2849 episcopus
748 2781 1116 2849 perpetuavit
1136 2780 1425 2834 fratribus
1448 2796 1555 2850 per
1576 2780 1905 2852 privilegia.
1927 2779 2062 2849 Ipsa

396 2881 539 2922 vero
571 2867 998 2938 Aquicinensis
1032 2869 1304 2922 aecclesia
1326 2867 1738 2922 Cameracensi
1771 2867 2061 2922 aecclesiae

2245 1807 2300 1861 9.
2350 1807 2558 1862 Adhuc
2619 1823 2796 1862 unum
2844 1822 3015 1877 opus,
3063 1811 3125 1862 ut
3166 1808 3408 1878 sapiens
3451 1808 3840 1877 architectus,

2176 1895 2315 1950 fecit
2361 1896 2517 1950 idem
2573 1896 2912 1966 episcopus,
2958 1896 3115 1967 quod
3181 1896 3534 1950 laudandum
3600 1900 3694 1951 est
3758 1898 3838 1951 ab

2174 1984 2449 2039 omnibus
2478 1984 2913 2054 presentialiter
2943 1984 3388 2054 aspicientibus.
3422 1985 3843 2040 Venerabilem

2173 2072 2505 2127 aacclesiam
2536 2073 2928 2128 beathariae
2942 2072 3081 2127 olim
3111 2072 3476 2127 combustam
3500 2068 3843 2143 etzdirutam

2171 2178 2205 2216 a
2235 2162 2421 2231 capite
2452 2162 2745 2230 superiori
2764 2177 2953 2232 usque
2973 2161 3045 2215 ad
3069 2161 3313 2216 chorum
3336 2161 3526 2216 sancti
3544 2161 3841 2218 Johannis

2170 2250 2415 2320 pulchre
2446 2253 2502 2304 et
2522 2250 2769 2304 honeste
2800 2249 3158 2303 reformavit.
3176 2250 3306 2320 Ipsa
3329 2250 3484 2303 enim
3510 2249 3839 2320 laquearia,

2170 2340 2476 2409 plastrum,
2500 2340 2837 2409 brevesque
2858 2338 3155 2392 fenestras
3181 2338 3489 2409 longiores
3503 2339 3839 2407 renovavit,

2171 2429 2361 2490 capita
2390 2426 2835 2496 columpnarum
2865 2427 2924 2480 in
2946 2429 3194 2496 utroque
3225 2426 3408 2481 latere
3438 2428 3689 2496 turpiter
3717 2427 3843 2481 ﬁxa

2169 2519 2227 2570 et
2257 2519 2531 2586 corrupta
2544 2515 2823 2569 decenter
2844 2515 3165 2569 coronavit.
3180 2514 3635 2585 Comparaverat
3658 2516 3842 2569 etiam

2170 2605 2403 2658 colores
2444 2604 2696 2673 optimos
2754 2603 2825 2656 ad
2858 2602 3144 2674 agendam
3175 2604 3465 2673 picturam
3505 2620 3610 2673 per
3652 2606 3841 2657 totam

2168 2693 2540 2761 aecclesaim;
2574 2693 2683 2747 sed
2716 2689 2866 2746 heul
2899 2692 3052 2745 inter
3077 2692 3372 2763 agendum
3428 2692 3639 2746 accidit
3671 2693 3839 2763 quod

2166 2785 2355 2836 morte
2376 2784 2699 2851 preventus
2731 2780 2967 2850 reliquit
2995 2781 3305 2850 inceptam.
3338 2780 3453 2835 Sed
3475 2781 3610 2851 quia
3631 2780 3844 2834 volun-

2166 2872 2258 2924 tas
2282 2870 2438 2924 bona
2451 2869 2606 2939 apud
2628 2869 2814 2923 Deum
2837 2884 2985 2938 Opus
2999 2872 3088 2922 est
3106 2869 3673 2937 perfectum,secure
3696 2884 3838 2922 cum

395 2957 657 3009 eternam
670 2956 938 3024 promisit
956 2956 1347 3011 obedientiam
1366 2956 1886 3028 etsubjectionem.
1911 2958 2060 3011 Pro-
2091 2981 2141 3043 Ο
2165 2958 2477 3028 psalmista
2491 2960 2686 3027 potest
2703 2957 2929 3023 dicere:
2954 2957 3219 3026 Domine,
3239 2956 3429 3011 dilexi
3442 2957 3714 3011 decorem
3736 2956 3838 3011 do-

394 3043 554 3096 misit
582 3044 805 3113 pariter
834 3045 1174 3114 episcopus,
1205 3061 1272 3100 se
1300 3044 1381 3099 ibi
1403 3061 1702 3116 nunquam
1730 3046 2061 3115 positurum
2167 3063 2294 3100 mus
2317 3052 2429 3100 tuae
2453 3052 2513 3100 et
2534 3044 2719 3099 locum
2741 3045 3131 3099 habitationis
3146 3044 3355 3117 gIoriae
3373 3051 3506 3099 tua).
3539 3044 3609 3098 Et
3640 3045 3837 3098 credi-

390 3131 681 3201 abbatem,
716 3132 833 3186 nisi
869 3148 975 3203 per
1005 3134 1330 3203 eorundem
1362 3133 1785 3189 monachorum
1815 3122 2059 3188 electio-

393 3235 548 3276 nem.

461 3308 514 3361 '7.
545 3309 690 3363 Post
722 3309 832 3364 hoc
865 3326 1014 3380 opus
1072 3310 1307 3365 beatum
1341 3314 1395 3364 et
1441 3311 1801 3379 memoriale,
1837 3311 2060 3364 studuit

392 3397 707 3466 episcopus
730 3397 987 3452 diversis
1011 3400 1324 3453 conatibus
1344 3401 1399 3452 in
1420 3401 1689 3470 presenti
1710 3400 1828 3453 vita
1858 3415 2060 3469 prepa-

389 3498 542 3553 rare,
575 3486 732 3554 quod
770 3487 1064 3555 pertinere
1096 3488 1380 3541 intellexit
1408 3488 1481 3540 ad
1511 3488 1839 3556 profectum
1870 3490 1925 3542 et
1955 3503 2055 3541 sa-

389 3569 569 3625 lutem
602 3572 811 3627 animm
853 3590 1000 3629 suae.
1042 3573 1414 3645 QuaprOpter
1441 3591 1547 3644 pro
1600 3592 1709 3630 sua
1738 3579 1794 3631 et
1839 3591 2054 3647 paren—

2164 3151 2320 3205 mus,
2345 3134 2480 3206 quia
2501 3133 2554 3205 ej
2566 3150 2634 3188 us
2660 3133 2819 3188 Deus
2850 3133 3249 3203 miserebitur,
3289 3149 3421 3187 cum
3447 3133 3601 3187 dicat
3630 3133 3839 3187 divina

2162 3224 2336 3279 lectio
2360 3241 2373 3288 ;
2408 3222 2523 3278 Ubi
2542 3228 2599 3277 te
2620 3224 2864 3276 invenio
2893 3221 2982 3276 ibi
3004 3222 3557 3293 tejudicabo.Rexit
3587 3221 3836 3290 episco-

2162 3315 2360 3382 patum
2408 3328 2515 3382 per
2543 3327 2730 3365 annos
2771 3310 3031 3364 sedecim
3074 3314 3245 3380 atque
3306 3310 3626 3364 dimidium.
3672 3309 3840 3363 Obiit

2161 3401 2352 3471 pridie
2376 3399 2670 3454 Kalendas
2712 3400 2968 3470 Augusti
2996 3396 3112 3469 [an.
3160 3396 3505 3468 1092)(468),
3558 3399 3838 3467 sepultus

2161 3490 2222 3542 in
2262 3489 2455 3543 medio
2489 3489 2780 3543 aecclesiae
2829 3489 3035 3541 matris
3083 3488 3335 3541 Domini.
3388 3488 3597 3540 Divina
3645 3486 3838 3557 igitur

2159 3578 2537 3632 miseratione
2570 3579 2761 3631 anima
2791 3577 2924 3648 ejus
2956 3577 3294 3647 requiescat
3323 3576 3382 3629 in
3413 3591 3578 3646 pace.
3612 3574 3831 3629 Amen.

959 3700 1430 3816 GESTA
1508 3705 2197 3821 MANASSIS
2259 3707 2440 3817 ET
2499 3708 3252 3821 WALCHERI

972 3884 1430 3945 EXCERPTA
1476 3885 1638 3946 PER
1681 3886 2184 3951 MONACHUM
2230 3887 2533 3949 SANCTI
2577 3886 3045 3950 GAUGERICI
3077 3884 3178 3951 35‘.

462 3973 538 4071 1..
562 4016 705 4071 Post
737 4014 883 4085 (469)
915 4017 1159 4070 mortem
1190 4014 1434 4069 Gerardi
1465 4016 1734 4087 episcopi
1767 4019 1947 4073 multa
1994 4021 2052 4073 et
2080 3994 2134 4054 D
2163 4019 2830 4090 personaeeligerentur,
2846 4018 3363 4089 quaepostmodum
3377 4017 3581 4072 eodem
3596 4017 3835 4073 honore

389 4106 593 4176 gravia
623 4105 773 4158 mala
795 4104 945 4159 intra
965 4109 1022 4159 et
1054 4108 1218 4158 extra
1237 4105 1445 4160 urbem
1474 4104 2051 4179 Cameracumlongo

385 4197 650 4264 tempore
690 4193 1050 4261 acciderunt,
1076 4208 1327 4263 quorum
1351 4193 1579 4248 scilicet
1610 4196 1897 4250 malorum
1929 4212 2051 4251 om—

280 4282 285 4287 ’
385 4282 547 4335 nium
580 4297 759 4335 causa
777 4284 834 4335 et
855 4282 1027 4353 origo
1058 4281 1171 4336 fuit
1203 4281 1780 4354 ambitio,superbia,
1801 4300 1911 4339 nec
1933 4300 2050 4339 non

383 4369 697 4424 insolentia
741 4372 947 4425 matris
992 4370 1265 4425 ecclesia:
1310 4372 1745 4427 canonicorum.
1770 4370 1880 4436 Qui
1911 4372 2048 4425 dum

385 4473 452 4512 se
484 4458 826 4513 alterutrum
857 4459 1126 4528 preferre
1156 4460 1530 4527 contendunt,
1556 4460 1693 4514 dum
1725 4461 1840 4514 sibi
1871 4460 2048 4513 alium

383 4547 497 4601 nisi
531 4548 601 4602 ad
628 4563 802 4602 suum
834 4547 1063 4601 libitum
1086 4562 1192 4602 seu
1225 4548 1594 4602 commodum
1627 4549 1897 4618 praeferri
1928 4564 2044 4603 non

381 4636 701 4707 patiuntur,
734 4635 1036 4690 discordia
1065 4650 1271 4690 eorum
1305 4639 1500 4691 actum
1530 4640 1641 4706 est,
1675 4640 1738 4691 ut
1771 4640 2046 4708 quattuor

2162 4108 2570 4177 privarentur;
2630 4123 2743 4161 non
2786 4108 2980 4161 solum
3030 4110 3244 4174 autem,
3304 4101 3412 4160 Sed
3459 4105 3631 4160 etiam
3688 4107 3832 4176 ipsa

2160 4200 2347 4250 mater
2391 4196 2843 4250 Cameracensis
2895 4195 3199 4263 aecclesia',
3238 4195 3374 4249 ﬁliae
3407 4210 3564 4263 suae,
3598 4194 3710 4247 hoc
3728 4199 3836 4250 est

2161 4285 2569 4339 Atrebatensis
2630 4285 2941 4349 aecclesiae,
2998 4283 3369 4354 subjectione
3401 4286 3456 4337 et
3488 4283 3834 4337 obedientia

2160 4372 2472 4427 orbaretur
2511 4370 2610 4427 359.
2651 4371 2792 4436 Quae
2820 4372 3098 4426 videlicet
3128 4372 3319 4425 omnia
3377 4372 3675 4441 multaque
3708 4371 3832 4426 alia

2158 4462 2307 4514 mala
2340 4462 2390 4514 si
2422 4462 2557 4532 quis
2586 4461 2819 4531 plenius
2851 4476 3032 4515 nosse
3062 4460 3333 4530 voluerit,
3379 4460 3556 4515 Gesta
3577 4460 3831 4530 pontifi-

2157 4565 2291 4604 cum
2321 4550 2598 4620 requirat.
2632 4550 2758 4604 Nos
2789 4551 2982 4604 autem
3020 4550 3443 4603 successiones
3472 4548 3829 4617 pontiﬁcum

2154 4638 2228 4692 ab
2250 4638 2350 4693 illo
2371 4641 2631 4708 tempore
2663 4654 2857 4709 usque
2889 4639 2959 4691 ad
2973 4653 3229 4707 presens
3247 4641 3480 4708 tempus
3502 4652 3607 4707 per
3625 4653 3826 4692 annos

1696 4823 1985 4887 VARIxE
2031 4824 2498 4889 LECTIONES

447 5002 789 5082 351_titul_uzn
810 5005 1230 5082 supplevimus.
1248 5005 1315 5082 In
1344 5006 1397 5061 '7.
1421 5005 1495 5061 Τ.
1528 5007 1655 5063 haec
1684 5008 2383 5082 omniaprmcedentibus
2414 5008 2617 5065 Gestis
2649 5006 2912 5065 Gerardi
2932 5009 3205 5082 continuo
3237 5008 3458 5065 calamo
3480 5004 3821 5082 subﬁciun-

384 5080 480 5130 tur
510 5074 1063 5146 discrimine-tigillo,
1102 5079 1270 5151 quasi
1300 5095 1469 5134 unum
1491 5085 1652 5135 esset
1681 5095 1839 5151 opus.

1923 5078 1952 5122 3
1979 5080 2072 5134 vel
2103 5081 2304 5135 orbata
2335 5085 2427 5136 est
2458 5082 2928 5152 superscriptum
2957 5082 3018 5135 in
3053 5080 3107 5137 7.

1971 5251 2224 5313 NCT/2E

450 5445 598 5589 £467)
625 5447 796 5516 Apud
828 5447 1098 5504 Mirmum
1126 5449 1271 5521 Opp.
1306 5451 1445 5523 dipl.
1481 5451 1523 5506 Ι.
1558 5450 1646 5506 '75.
2029 5519 2038 5529 ν

472 5516 599 5589 468)
630 5518 702 5574 II.
734 5519 823 5575 Id.
873 5519 1027 5589 Aug.
1063 5522 1392 5578 secundum
1438 5521 1862 5589 Necrologium
1886 5520 2038 5589 Aqui

472 5516 599 5589 468)
630 5518 702 5574 II.
734 5519 823 5575 Id.
873 5519 1027 5593 Aug.
1063 5516 1392 5578 secundum
1438 5521 1862 5597 Necrologium
1886 5519 2041 5592 Aqui

271 5652 281 5661 ,
378 5588 624 5647 cinense
655 5605 706 5647 ε.
740 5607 842 5647 xu.

2224 5446 2375 5520 (469)
2399 5447 2531 5521 Hoc
2557 5447 2743 5521 capud
2772 5447 3069 5521 integrum
3101 5447 3268 5521 deest
3307 5446 3573 5503 versioni
3604 5444 3780 5521 Galli
3801 5478 3820 5489 -

2156 5517 2244 5574 cae
2260 5538 2278 5594 ;_
2307 5517 2426 5594 non
2456 5517 2647 5594 igitur
2669 5520 2776 5575 fuit
2802 5522 2861 5575 in
2891 5517 3111 5592 Gestis,
3148 5520 3256 5575 sed
3286 5518 3620 5594 excerptori
3648 5517 3819 5577 Gau-

2153 5590 2455 5666 gericiano
2478 5590 2742 5650 debetur.
