4058 6182
222 303 393 377 ,197

919 292 1523 362 CONTINUATIO.
1566 328 1642 343 —
1690 292 1963 354 GESTA
2008 291 2382 353 MANASIS
2428 292 2533 353 ET
2575 292 3072 357 WALCHERII

3592 299 3711 365 198

271 484 457 537 ferme
501 486 768 551 centum,
810 482 923 536 hoc
967 484 1059 536 est
1102 481 1176 535 ab
1223 496 1377 535 anno
1418 475 1703 532 incarnati
1750 474 1933 528 Verbi
1964 475 2009 533 Α
2111 473 2164 527 4.
2188 472 2406 528 Beatus
2423 472 2571 543 (473)
2592 475 2881 544 siquidem
2910 476 3298 550 Gaugericns,
3324 482 3444 553 qui,
3477 486 3539 537 ut
3568 499 3707 553 pre-

274 573 410 626 1090
455 588 648 643 usque
688 571 760 625 ad
802 587 1020 624 annum
1063 569 1203 624 1180
1242 567 1576 624 summatim
1616 565 1933 636 designare

269 661 653 716 intendimus.

339 766 395 821 2.
447 769 639 839 Igitur
675 768 942 823 Gerardo
982 756 1249 822 secundo
1277 766 1554 821 defuncto
1599 766 1696 835 (an
1746 760 1931 831 1092),

269 858 373 928 qui
409 874 441 909 a
471 859 644 912 beato
677 857 934 911 Vedasto
963 854 1087 910 39M
1116 855 1532 910 Cameracensi
1561 859 1735 923 atque
1768 852 1935 905 Atre-

269 947 506 1001 batensi
543 947 836 1001 aecclesiaa
875 946 1111 1015 prefuit,
1154 943 1601 1000 Cameracensis
1643 942 1934 997 aecclcsiae

270 1035 533 1103 clericis,
569 1035 641 1089 ad
671 1050 824 1105 quos
855 1035 1133 1089 nimirum
1165 1034 1504 1105 Specialiter
1533 1031 1793 1103 eligendi
1823 1032 1937 1100 epi-

271 1139 527 1194 scopum
556 1141 701 1178 cura
730 1125 1077 1194 pertinebat,
1094 1123 1501 1178 diversainter
1529 1138 1595 1176 se
1628 1121 1934 1174 sentienti-

267 1214 405 1281 bus,
432 1213 600 1266 cives
623 1213 917 1266 adversus
949 1213 1083 1266 illos
1109 1212 1302 1266 animo
1336 1211 1611 1265 concitati
1640 1210 1931 1275 dixerunt,

265 1300 427 1371 quod
459 1316 636 1355 nemo
666 1301 777 1354 erit
808 1301 1147 1370 episcopus,
1182 1301 1300 1355 nisi
1330 1314 1506 1370 quem
1536 1301 1852 1370 imperator
1881 1302 1937 1353 et

264 1390 481 1444 melior
502 1404 646 1459 pars
677 1388 818 1442 cleri
842 1393 898 1442 et
919 1390 1119 1459 populi
1146 1391 1411 1463 elegerit.
1436 1391 1664 1457 Quibus
1697 1393 1931 1460 auditis,

262 1480 617 1548 prepositus
662 1476 954 1534 aecclesim
984 1482 1324 1549 preparavit
1364 1496 1431 1535 se
1461 1482 1532 1535 ad
1555 1480 1937 1535 deferendum

264 1567 614 1636 imperatori
643 1568 1037 1638 pontificalem
1057 1570 1353 1623 baculum.
1378 1569 1485 1624 Cui
1508 1573 1713 1623 custos
1736 1570 1938 1623 aeccle-

262 1656 375 1710 sia:
399 1672 702 1711 occurens
733 1674 808 1711 ex
838 1657 1090 1712 adverso
1116 1658 1176 1711 in
1200 1658 1409 1712 faciem
1441 1659 1496 1711 ei
1526 1659 1759 1727 restitit,
1777 1659 1935 1729 juris

264 1746 363 1798 sui
385 1746 446 1799 id
480 1760 625 1800 esse
658 1747 963 1801 adserens.
991 1746 1102 1800 His
1131 1762 1274 1818 ergo
1297 1763 1404 1817 pro
1436 1748 1547 1802 hoc
1579 1748 1649 1801 ad
1682 1748 1935 1802 invicem

260 1833 680 1904 litigantibus,
732 1835 909 1889 unius
957 1836 1094 1889 anni
1143 1837 1409 1904 spacium
1458 1839 1514 1890 ct
1565 1853 1632 1891 eo
1682 1838 1935 1907 amplius

260 1922 530 1991 transiit,
548 1923 856 1993 ignorante
877 1924 1248 1993 imperatore,
1270 1925 1610 1979 defunctum
1648 1941 1787 1979 esse
1816 1926 1933 1980 Ge-

260 2011 519 2064 rardum
550 2012 915 2081 episcopum.
949 2012 1132 2077 Quam
1165 2014 1238 2067 ob
1270 2029 1393 2067 rem
1424 2014 1589 2067 cives
1620 2013 1767 2083 (470)
1792 2031 1935 2086 egre

257 2099 569 2167 ferentes,
622 2101 777 2170 quod
823 2101 1042 2155 tamdiu
1091 2102 1300 2155 civitas
1347 2105 1402 2156 et
1451 2103 1634 2171 patria
1684 2105 1935 2157 rectoris

260 2192 507 2241 careret
536 2189 884 2257 patrocinio,
917 2190 1206 2259 quendam
1243 2190 1671 2261 Francigenam
1703 2194 1937 2247 nomine

259 2275 597 2330 Manassen
630 2276 957 2347 elegerunt.
991 2277 1183 2348 Super
1212 2295 1326 2349 quo
1360 2280 1559 2334 clerici
1590 2281 1757 2333 valde
1790 2281 1934 2334 indi-

260 2366 438 2435 gnati
468 2370 877 2420 convenerunt
907 2366 966 2420 in
997 2383 1199 2435 unum,
1231 2373 1287 2422 et
1308 2370 1672 2438 prepositum
1701 2369 1935 2422 nomine

259 2454 663 2509 Mascelinum
688 2454 1012 2524 elegerunt.
1028 2456 1273 2510 Civibus
1291 2460 1483 2511 autem
1507 2457 1642 2511 huic
1665 2457 1937 2511 electioni

259 2543 839 2609 contradicentibus,
865 2543 1063 2597 clerici
1096 2561 1281 2599 sensu
1305 2549 1361 2600 et
1384 2546 1595 2599 virtute
1629 2545 1826 2599 cordis
1859 2546 1939 2599 in-

259 2631 464 2697 ﬁrmi,
504 2630 779 2686 facillime
811 2637 1122 2687 cesserunt
1151 2634 1320 2703 (471).
1355 2634 1577 2689 Deinde
1618 2635 1781 2688 cives
1821 2635 1937 2688 duo

259 2719 637 2774 candelabra
666 2724 945 2792 argentea
976 2721 1046 2774 30
1076 2738 1309 2775 marcus
1354 2742 1367 2791 ι
1395 2723 1661 2776 ensanlia
1693 2728 1748 2776 et
1793 2724 1938 2777 cali-

258 2825 409 2864 cem
458 2824 702 2862 aureum
749 2808 780 2861 7
826 2825 1155 2864 marcarum
1203 2811 1277 2865 ab
1327 2812 1601 2866 mcclesia
1639 2798 1936 2880 tollentes,

256 2898 469 2951 electo
504 2913 613 2950 suo
642 2897 918 2952 Manasse
956 2898 1283 2969 dederunt;
1316 2917 1449 2970 quae
1488 2900 1583 2953 ille
1613 2901 1934 2971 accipiens,

254 2985 541 3055 perrexit
568 2986 641 3039 ad
663 3001 949 3041 cesarem.
972 2988 1018 3040 A
1041 3003 1157 3058 quo
1180 3004 1296 3043 non
1320 2989 1553 3043 inventa
1575 2990 1786 3059 gratia,
1804 3005 1936 3043 cum

256 3076 442 3145 quali
460 3077 628 3129 veste
658 3074 851 3130 fuerat
878 3076 1202 3147 profectus,
1227 3093 1358 3132 cum
1387 3078 1485 3131 tali
1518 3078 1691 3132 etiam
1722 3081 1812 3132 est
1844 3094 1933 3132 re-

255 3179 519 3220 versus.
542 3164 574 3217 ιι
583 3178 684 3218 ure
705 3179 958 3235 namque
978 3166 1051 3219 ab
1080 3170 1335 3237 augusto
1357 3171 1448 3221 est
1469 3168 1767 3236 repulsus,
1794 3182 1935 3238 quo-

256 3256 435 3309 niam
468 3268 503 3306 a
529 3253 745 3323 populo
768 3254 1049 3308 canonice
1080 3270 1451 3327 nequaquam
1479 3255 1668 3310 fuerat
1691 3257 1935 3311 electus.

257 3344 605 3412 Propterea
633 3342 875 3413 gravior
911 3342 1207 3398 discordia
1250 3344 1468 3397 civium
1498 3345 1790 3399 adversus
1824 3346 1939 3399 cle-

254 3446 415 3487 rum
445 3430 597 3484 facta
625 3433 736 3498 est,
769 3431 1195 3501 arbitrantium,
1231 3433 1387 3504 quod
1422 3432 1674 3487 factione
1705 3433 1942 3487 illorum

256 3521 504 3574 factum
534 3523 723 3588 esset,
762 3523 824 3572 ut
862 3519 1087 3574 electus
1138 3535 1286 3575 suus
1330 3521 1640 3577 Manasses
1670 3538 1702 3574 a
1734 3536 1941 3575 cesare

256 3608 627 3677 repudiatus
658 3608 872 3663 fuisset
893 3609 1061 3678 (4'72).

344 3717 404 3771 8.
450 3714 842 3770 Veruntamen
862 3716 997 3769 dum
1029 3716 1116 3769 sic
1150 3732 1354 3770 secum
1385 3715 1667 3783 rixantur,
1693 3717 1831 3772 dum
1861 3718 1937 3771 ita

258 3809 495 3861 contra
531 3821 596 3859 se
634 3805 991 3874 disceptant,
1036 3805 1400 3874 inopinatum
1448 3806 1662 3859 malum
1694 3810 1750 3859 et
1784 3823 1935 3861 onus

256 3894 460 3949 nimis
483 3909 664 3963 grave
696 3893 963 3963 utrisque
992 3893 1245 3947 advenit.
1271 3894 1694 3948 Atrebatenses
1725 3897 1939 3949 etenim

258 3982 600 4039 occasione
632 3981 814 4052 hujus
850 3984 968 4035 tam
1003 3982 1242 4035 diutinae
1273 3981 1674 4036 dissensionis
1705 3984 1934 4052 elevati,

259 4070 535 4127 consilio
566 4070 716 4123 inter
753 4085 819 4123 se
860 4069 1078 4138 habito,
1114 4069 1458 4138 episcopum
1497 4070 1805 4141 elegerunt
1836 4088 1937 4126 no-

257 4160 438 4215 mine
473 4158 843 4213 Lambertum
872 4158 987 4228 (an.
1018 4156 1200 4227 1093).
1226 4159 1352 4224 Quo
1381 4159 1534 4213 facto
1556 4159 1938 4214 Cameracen-

260 4266 383 4304 ses
415 4248 700 4320 indignati
732 4251 887 4319 sunt,
917 4248 1245 4303 conturbati
1281 4252 1438 4318 sunt,
1464 4251 1736 4304 commoti
1770 4252 1937 4318 sunt;

260 4338 476 4410 pudor
495 4341 548 4392 et
565 4338 731 4392 dolor
750 4336 1139 4408 apprehendit
1158 4353 1281 4406 eos,
1305 4338 1439 4408 quia
1458 4338 1574 4391 filia
1596 4339 1654 4392 in
1673 4342 1934 4409 matrem,

262 4427 573 4496 discipula
605 4441 787 4495 super
814 4432 1060 4482 matrem
1090 4431 1536 4496 presumpserat
1566 4427 1798 4498 erigere
1820 4444 1942 4482 cer-

260 4516 505 4582 vicem;
529 4530 737 4585 nempe
765 4532 795 4568 a
826 4516 1027 4569 multis
1049 4519 1206 4570 retro
1233 4516 1620 4585 temporibus,
1646 4519 1702 4570 et
1733 4516 1943 4571 fortas—

265 4607 367 4659 sis
399 4620 433 4657 a
468 4603 676 4658 diebus
722 4604 875 4659 beati
914 4603 1248 4676 Gaugerici,
1290 4605 1390 4675 qui
1428 4607 1675 4675 quartus
1706 4621 1736 4657 a
1770 4605 1939 4660 beato

266 4694 542 4748 Vedasto
588 4693 818 4764 utrique
880 4693 1008 4747 sedi
1072 4693 1320 4763 prefuit,
1368 4694 1481 4747 tale
1538 4692 1679 4764 quid
1729 4693 1802 4748 ab
1851 4694 1940 4749 eis

265 4796 652 4853 nequaquam
683 4780 873 4836 fuerat
906 4784 1336 4852 presumptum.

2044 561 2298 615 diximus
2328 578 2360 615 a
2390 562 2559 616 beato
2592 562 2848 618 Vedasto
2882 570 3129 635 quartus
3152 570 3383 639 utrique
3413 572 3541 626 sedi
3564 588 3704 643 pre-

2044 650 2165 713 fuit,
2203 652 2408 705 urbem
2437 651 2925 706 Cameraccnsem
2969 656 3219 724 amplius
3250 674 3424 727 quam
3455 660 3704 716 Atreba-

2042 743 2271 795 tenscm
2316 741 2548 810 dilexit,
2594 742 3019 813 frequentat/it,
3069 748 3125 798 et
3173 745 3441 802 habitare
3491 751 3550 803 in
3607 752 3707 805 illa

2040 830 2237 898 potius
2272 830 2385 884 sibi
2418 831 2656 900 placuit,
2690 833 2825 902 quia
2848 833 3119 902 profecto
3149 839 3205 888 et
3228 835 3424 890 clerus
3456 820 3705 893 honora-

2042 917 2156 972 tior
2184 922 2239 972 et
2278 920 2533 989 populus
2564 921 2623 973 in
2657 935 2724 974 ea
2769 923 3145 976 numerosior
3176 922 3521 979 habebatur.
3558 927 3707 982 Hinc

2044 1010 2152 1074 est,
2186 1008 2339 1077 quod
2365 1008 2541 1063 sedes
2562 1009 3014 1064 Cameracensis
3038 1011 3295 1082 quinque
3319 1013 3493 1067 habet
3515 1015 3707 1069 archi-

2044 1095 2344 1164 diaconos,
2384 1097 2793 1152 Atrebatensis
2834 1114 2975 1153 vero
3007 1101 3248 1154 nonnisi
3281 1101 3451 1156 duos.
3490 1101 3605 1157 Sed
3653 1107 3709 1158 et

2044 1183 2171 1252 ipsa
2205 1185 2412 1237 civitas
2436 1202 2557 1253 prze
2572 1185 2702 1239 aliis
2734 1187 2985 1241 urbibus
3008 1189 3254 1256 pulchra
3282 1192 3376 1243 est
3393 1194 3449 1244 et
3468 1191 3703 1261 decora,

2045 1274 2200 1324 Sicut
2227 1271 2286 1324 hi
2318 1274 2418 1342 qui
2465 1273 2882 1328 Jerosolimam
2912 1280 3180 1345 petentes
3221 1277 3496 1332 diversas
3526 1280 3708 1334 urbes

2048 1365 2505 1430 conspexerunt,
2532 1365 2899 1417 attestantur.
2925 1364 3072 1418 Sunt
3092 1365 3324 1435 quidem
3346 1367 3546 1435 plures
3576 1368 3707 1423 aliae

2044 1446 2408 1518 longitudine
2441 1453 2497 1503 et
2534 1450 2836 1506 latitudine
2878 1456 3050 1523 atque
3097 1454 3317 1508 divitiis
3360 1456 3702 1527 nobiliores,

2046 1536 2150 1589 sed
2185 1537 2301 1589 situ
2323 1538 2707 1614 etdomorum
2730 1541 3156 1610 compositione
3179 1557 3295 1597 non
3313 1544 3409 1612 ita,
3434 1546 3705 1614 quamvis

2046 1624 2273 1678 crebris
2295 1612 2584 1679 incendiis
2607 1627 2907 1696 deturpata
2928 1631 3022 1683 sit.
3042 1630 3339 1685 Asserunt
3360 1612 3552 1702 etiam,
3569 1634 3706 1704 quia

2047 1713 2176 1765 urbi
2200 1714 2609 1770 Jherosolimae
2642 1717 2798 1770 nulla
2832 1718 3081 1772 similior
3108 1721 3338 1774 existat.
3372 1720 3522 1775 Nam
3552 1723 3706 1777 sicut

1971 1806 2016 1865 ﬂ
2047 1801 2192 1855 urbs
2218 1802 2612 1857 Jherosolima
2639 1805 2712 1858 ab
2735 1805 2958 1860 oriente
2998 1807 3173 1861 habet
3194 1813 3446 1863 montem
3471 1807 3702 1879 Oliveti,

2048 1889 2136 1943 sic
2157 1890 2328 1943 etiam
2353 1890 2495 1944 urbs
2521 1890 2974 1947 Cameracensis
3001 1895 3072 1948 ab
3096 1895 3320 1951 oriente
3352 1898 3528 1953 habet
3545 1914 3706 1954 mon-

2046 1978 2162 2028 tem
2192 1977 2291 2045 qui
2333 1982 2578 2030 vocatur
2624 1994 2794 2033 mons
2827 1980 3018 2034 sancti
3064 1980 3396 2052 Gaugerici.
3438 1984 3509 2038 Et
3555 1986 3707 2040 sicut

2046 2064 2334 2117 dominica
2367 2065 2425 2118 in
2456 2067 2634 2119 ramis
2657 2068 2981 2135 palmarum
3006 2085 3113 2122 rex
3142 2074 3198 2124 et
3229 2072 3559 2140 patriarcha
3574 2090 3707 2128 cum

2047 2153 2204 2205 clero
2238 2157 2293 2206 et
2326 2154 2538 2222 populo
2570 2156 2899 2223 procedunt
2938 2158 3327 2213 ascendentes
3366 2161 3424 2213 in
3455 2165 3708 2216 montem

2045 2238 2280 2306 Oliveti,
2320 2242 2516 2311 ibique
2557 2244 2780 2311 palmas
2810 2246 3136 2314 accipiunt,
3180 2248 3400 2318 quibus
3438 2252 3700 2319 acceptis

2046 2329 2288 2382 veniunt
2317 2330 2375 2382 in
2408 2331 2615 2385 vallem
2647 2332 2949 2402 Josaphat,
2976 2334 3076 2387 ubi
3099 2335 3316 2405 legitur
3336 2338 3709 2408 evangelium

2048 2420 2104 2469 et
2136 2433 2334 2471 sermo
2382 2417 2443 2472 fit
2490 2419 2563 2472 ad
2610 2419 2891 2489 populum
2926 2436 2936 2474 :
2972 2422 3049 2474 ita
3078 2421 3342 2491 profecto
3379 2427 3436 2477 et
3460 2425 3521 2477 in
3558 2426 3709 2481 urbe

2046 2502 2457 2560 Cameracensi
2489 2507 2694 2561 eadem
2721 2508 2851 2577 ipsa
2886 2509 2979 2562 die
3012 2515 3219 2565 cuncta
3254 2511 3508 2567 civitatis
3539 2515 3710 2569 turba

2046 2593 2104 2644 in
2134 2609 2311 2646 unum
2346 2594 2610 2663 collecta,
2644 2612 2776 2650 cum
2811 2596 3047 2652 clericis
3078 2599 3297 2667 pariter
3314 2602 3370 2654 et
3400 2602 3711 2656 monachis

2046 2682 2871 2753 procodentes,supradictum
2886 2690 3138 2740 montem
3154 2688 3709 2761 ascendunt,ibique

2046 2770 2237 2839 palme
2269 2770 2695 2826 benedicuntur
2729 2776 2785 2827 et
2820 2773 3277 2830 distribuuntur.
3312 2776 3537 2832 Dehinc
3571 2778 3714 2832 des-

2049 2858 2366 2912 cendentes
2397 2863 2651 2931 pergunt
2682 2862 2753 2915 ad
2794 2866 3063 2916 sanctum
3095 2863 3522 2936 Sepulchrum,
3569 2868 3625 2921 et
3654 2866 3711 2920 in

2047 2947 2197 3000 atrio
2227 2946 2496 3016 ejusdem
2519 2949 2788 3003 ecclesiae
2821 2952 2993 3020 quasi
3017 2953 3075 3005 in
3106 2952 3256 3006 valle
3288 2953 3573 3023 Josaphat
3596 2955 3712 3007 sta-

2050 3036 2265 3088 tionem
2313 3036 2562 3105 faciunt;
2625 3038 2705 3092 ibi
2756 3039 2928 3092 etiam
2970 3039 3189 3110 legitur
3230 3041 3624 3112 evangelium,
3658 3045 3715 3097 et

1970 3141 2021 3201 C
2052 3137 2247 3178 sermo
2262 3124 2323 3177 fit
2343 3125 2413 3178 ad
2427 3125 2797 3195 populum.In
2812 3127 2994 3181 latere
3007 3130 3200 3180 autem
3213 3128 3460 3197 predicti
3474 3129 3710 3198 montis,

2052 3212 2222 3282 quasi
2255 3212 2309 3265 in
2343 3212 2645 3281 Bethania,
2672 3213 2950 3268 aecclesia
2979 3216 3171 3269 sancti
3202 3215 3408 3269 Lazari
3439 3216 3708 3285 habetur,

2044 3299 2213 3369 juxta
2253 3317 2425 3371 quam
2471 3301 2732 3355 habitant
2772 3302 3015 3372 leprosi.
3067 3303 3255 3357 Porro
3304 3304 3364 3356 in
3403 3303 3535 3373 ipsa
3562 3303 3713 3358 urbe

2050 3388 2323 3442 aecclesia
2354 3393 2445 3444 est
2467 3393 2689 3444 sanctm
2713 3390 2817 3444 Dei
2839 3390 3171 3462 genitricis,
3196 3392 3469 3446 aecclesia
3492 3397 3712 3448 sanctas

2050 3475 2279 3546 Crucis,
2313 3478 2586 3532 mcclesia
2618 3480 2809 3533 sancti
2840 3479 3180 3549 Sepulchri,
3218 3483 3275 3534 et
3297 3480 3428 3534 aliae
3463 3485 3710 3550 septem.

2052 3564 2218 3618 Ultra
2249 3570 2459 3635 pontes
2487 3582 2629 3621 vero
2660 3570 2824 3621 extra
2856 3572 3083 3636 portam
3105 3568 3381 3623 aecclesia
3412 3572 3503 3623 est
3524 3569 3715 3623 sancti

2050 3650 2397 3709 Salvatoris.
2430 3655 2578 3719 Quid
2598 3652 2679 3696 353
2705 3658 2899 3710 autem
2929 3655 3001 3710 de
3029 3656 3297 3711 libertate
3328 3656 3512 3728 hujus
3544 3657 3713 3712 urbis

2054 3743 2288 3797 dicam?
2320 3760 2435 3798 non
2474 3744 2822 3815 episcOpus,
2862 3760 2980 3799 non
3012 3746 3330 3815 imperator
3363 3749 3715 3803 taxationem

2050 3828 2110 3883 in
2140 3847 2208 3885 ea
2238 3830 2396 3900 fecit,
2431 3847 2547 3886 non
2578 3832 2860 3886 tributum
2891 3834 2963 3886 ab
2995 3848 3064 3887 ea
3094 3834 3371 3905 exigitur,
3405 3850 3521 3889 non
3551 3835 3715 3889 deni-

1982 3968 1985 3971 ,
2051 3934 2166 3989 que
2190 3920 2522 3974 exercitum
2553 3936 2628 3975 ex
2667 3936 2735 3975 ea
2764 3920 2993 3990 educit,
3044 3921 3162 3975 nisi
3207 3923 3608 3979 tantummodo
3640 3923 3714 3979 ob

2053 4005 2460 4061 defensionem
2495 4007 2681 4077 urbis,
2708 4010 2764 4061 et
2792 4006 2905 4061 hoc
2937 4007 3034 4075 ita,
3066 4011 3130 4061 ut
3160 4009 3364 4063 eadem
3388 4010 3480 4066 die
3504 4011 3577 4066 ad
3607 4012 3715 4067 do-

2053 4110 2181 4148 mos
2212 4110 2359 4149 suos
2392 4095 2623 4149 valeant
2669 4096 2907 4149 reverti.
2950 4095 3154 4165 Nuper
3181 4097 3419 4167 quidem
3453 4102 3715 4171 tempore

2050 4182 2211 4236 Petri
2240 4182 2705 4237 ﬁliiTheoderici
2727 4182 2958 4237 comitis
2991 4182 3302 4252 Flandriae,
3336 4186 3435 4255 qui
3465 4190 3601 4255 post
3619 4188 3717 4241 Ni-

2058 4269 2328 4323 cholaum
2378 4269 2568 4323 fuerat
2614 4269 2837 4322 electus
2867 4270 2928 4321 in
2973 4269 3375 4338 episcopatum
3404 4271 3578 4326 istius
3609 4289 3717 4327 ur-

1965 4375 2023 4441 D
2055 4356 2172 4425 bis,
2203 4387 2272 4396 —
2305 4372 2423 4410 non
2465 4356 2702 4426 quidem
2747 4355 3057 4424 canonice,
3104 4370 3237 4408 nam
3279 4355 3430 4409 infra
3462 4360 3713 4427 (etatem,

2054 4447 2211 4503 infra
2243 4446 2481 4500 ordines
2504 4447 2629 4498 erat
2655 4474 2723 4483 —
2754 4442 2935 4514 hujus
2957 4443 3194 4514 inquam
3222 4446 3483 4513 tempore
3501 4444 3715 4501 Frede-

2054 4537 2217 4592 ricus
2266 4535 2585 4605 imperator
2632 4532 2691 4585 in
2737 4531 3108 4602 expeditione
3144 4532 3436 4587 adversus
3494 4533 3718 4587 Italiam

2051 4621 2763 4697 profecturus,mandavit
2792 4620 2909 4675 sibi
2928 4620 3237 4691 pecuniam
3262 4620 3405 4675 mitti
3428 4640 3443 4687 ;
3476 4620 3583 4675 sed
3603 4620 3715 4675 hoc

2052 4727 2245 4783 neque
2277 4712 2425 4781 ipse,
2458 4724 2650 4780 neque
2682 4708 2834 4762 alius
2856 4711 2989 4762 ante
3009 4707 3105 4761 vel
3132 4710 3268 4777 post
3301 4706 3464 4761 illum
3495 4706 3716 4761 fecisse

2050 4800 2412 4873 perhibetur.

1561 4905 1855 4968 VARIIE
1900 4909 2005 4971 LE
2016 4905 2396 4971 CTIONES.

336 4983 422 5028 353
440 4985 591 5051 Quid
610 5016 680 5026 —
698 4985 1043 5057 perhibetur
1063 4986 1126 5041 in
1149 4985 1389 5042 scedula
1409 4991 1609 5041 assuta
1629 4988 1875 5043 exhibet
1894 4989 1946 5044 7.

1854 5085 2132 5149 ΝΟΤᾸΕ.

353 5181 507 5253 (470)
561 5184 701 5238 Cum
749 5184 972 5238 casatis
1020 5182 1179 5236 addit
1224 5184 1309 5238 Ah

282 5271 349 5309 ca
402 5296 416 5307 .
451 5256 503 5308 5.
578 5255 746 5309 rocul
778 5254 955 5308 dubio
987 5270 1059 5308 ex
1088 5250 1309 5309 Gestis.

350 5272 504 5389 (gl?!)
535 5273 690 5380 glaec
723 5324 906 5379 Abbr.
938 5325 1237 5379 Camerac.
1274 5342 1303 5378 c

487 5328 504 5395 )
538 5324 690 5380 Haec
723 5324 906 5379 Abbr.
938 5325 1237 5379 Camerac.
1274 5342 1324 5378 c.
1360 5326 1393 5379 ὅ
1435 5326 1506 5378 ita
1552 5324 1762 5379 habet:
1797 5326 1950 5381 Mes.

278 5397 660 5452 sacerdotem
694 5403 754 5451 et
777 5397 1165 5467 prepositum,
1190 5398 1289 5467 qui
1320 5404 1515 5450 tamen
1547 5396 1623 5450 ad
1652 5395 1950 5451 declinan-

280 5468 419 5522 dum
490 5467 650 5539 epuli
678 5466 944 5522 furorem
970 5466 1171 5538 gratis
1200 5466 1402 5522 cessit.

348 5485 502 5607 (4'75)
549 5538 811 5593 Abbrev.
857 5537 1159 5593 Camerac.
1209 5554 1259 5593 c.
1312 5538 1347 5593 5
1394 5556 1402 5591 ι

275 5609 486 5682 procul
511 5610 720 5682 dubio:
745 5609 845 5682 Ex
862 5610 973 5665 hoc
993 5609 1269 5682 graviter
1299 5608 1543 5682 clericis
1561 5607 1735 5681 longe
1756 5626 1787 5664 α
1809 5610 1952 5665 civi-

1495 5682 1952 5756 urassent,quod
2050 5681 2350 5740 meismes.

281 5698 407 5736 τειθ
419 5698 835 5754 αθριιιειε,ιιιει
853 5698 1257 5737 sacrosancus
1271 5698 1788 5810 tacusgrassent,
1799 5698 1948 5756 quoa

277 5766 390 5813 nec
412 5768 532 5830 per
562 5750 869 5830 epistolam
900 5767 1011 5813 nec
1032 5767 1151 5831 per
1178 5753 1425 5813 nuncios
1520 5766 1775 5813 anassen
1794 5753 1949 5832 apud

281 5686 407 5736 tate
419 5680 839 5754 depulsis,nisi
853 5680 1257 5737 sacrosanctis
1271 5682 1450 5754 tactis

561 5184 701 5238 Cum
749 5184 972 5238 casatis
1020 5182 1179 5236 addit
1224 5183 1484 5238 Abbrev.
1536 5180 1949 5240 Cameracens.

2057 5186 2478 5252 imperatorem
2525 5177 2934 5252 impedissem.
2986 5173 3130 5233 Post
3175 5173 3315 5252 haec
3342 5174 3716 5252 inversione

2059 5246 2280 5309 Gallica
2322 5246 2651 5323 sequuntiir
2676 5248 2981 5323 quaedam,
3015 5263 3148 5318 quae
3176 5249 3237 5323 in
3275 5246 3471 5303 Gestis
3503 5249 3715 5323 fuisse,

2057 5325 2166 5381 sed
2196 5325 2269 5379 ab
2293 5319 2641 5392 excerptore
2661 5319 3091 5391 Gaugericiano
3109 5320 3332 5375 omissa
3362 5334 3501 5375 esse
3521 5320 3720 5375 viden-

2055 5399 2174 5465 tur,
2212 5395 2440 5449 scilicet
2470 5396 2651 5447 totum
2682 5408 2733 5446 c.
2764 5392 2819 5465 _2.

2124 5460 2272 5538 (473)
2304 5465 2431 5538 Hoc
2463 5466 2639 5538 caput
2666 5465 2722 5517 et
2749 5460 3215 5538 duo__sequentia_
3234 5477 3355 5516 non
3383 5460 3623 5538 fuerunt
3654 5461 3716 5516 in

549 5538 811 5593 Abbrev.
857 5530 1159 5593 Camerac.
1209 5554 1259 5593 c.
1312 5538 1355 5609 5
1394 5537 1587 5609 addit,
1633 5554 1705 5593 ex
1751 5537 1950 5594 Gestis
2053 5530 2415 5609 Ge'stis',gsed
2449 5551 2480 5609 a
2512 5530 2716 5609 nostro
2745 5533 2941 5609 addita
2967 5530 3389 5609 sunt.‘Eorum
3419 5531 3550 5609 loco
3586 5546 3714 5586 ver-

2053 5602 2413 5682 sioGallica
2466 5606 2643 5662 habet
2691 5604 2960 5682 quaedam
3026 5619 3079 5661 c.
3133 5602 3168 5660 8
3222 5618 3235 5662 :
3305 5602 3714 5663 archidiacre-
