4058 6182
203 346 297 411 an.
730 339 1338 405 CONTINUHTIO.
1386 373 1460 386 -—
1502 339 1781 405 GESTA:
1822 336 2261 405 MANASSIS.
2290 337 2396 399 ET
2439 338 2918 403 WALCHERI.
3431 340 3591 406 2025

205 530 246 581 et
265 541 291 578 a
313 524 433 591 suis,
448 522 548 581 ille
577 520 811 577 scilicet
822 522 1150 592 Cameraci,
1170 522 1283 576 iste
1304 522 1498 576 autem
1518 520 1781 575 Atrebati
1807 519 1867 581 A
1891 522 2029 575 tunc
2050 519 2379 588 habuisset,
2406 519 2607 589 utique
2625 518 3041 577 Cameracensi
3071 521 3354 592 episcopo
3374 522 3550 579 ratio-

205 612 525 668 cum‘honore
561 613 883 680 susceptus
932 613 1025 665 est
1070 610 1239 682 (4'75).
1288 609 1517 675 Quibus
1560 610 1783 681 gestis,
1892 609 2167 665 nabiliter
2198 609 2395 663 dicere
2423 609 2763 678 potuisset:
2814 630 2834 655 σι
2883 607 3108 680 Frater,
3149 611 3337 667 habes
3368 628 3552 669 unum

1895 703 2319 773 episcOpatum,
2357 704 2414 756 et
2442 702 2588 757 illud
2635 706 2794 757 certe
2833 718 3111 775 magnum
3140 705 3419 761 sufﬁcere
3444 707 3554 763 tibi

205 788 597 845 consecrationis
614 786 1789 858 humiliterrequisivit.Archiepiscopus
1896 791 2104 855 debet;
2140 794 2196 845 et
2234 791 2509 862 quamvis
2553 791 2624 845 ab
2673 791 2837 846 initio
2887 807 3079 862 usque
3121 809 3276 848 nunc
3306 797 3553 866 utraque

208 883 350 933 autem
366 876 571 946 absque
592 876 825 930 licentia
846 876 1062 931 summi
1082 875 1378 945 pontificis
1397 875 1494 945 qui
1519 875 1792 928 Lamber—
1898 880 2075 933 sedes
2106 879 2208 933 uni
2238 879 2517 949 episcopo
2549 880 2827 949 paruerit,
2850 883 3045 934 tamen
3068 881 3206 951 quia
3232 882 3407 937 modo
3428 883 3557 953 jam

204 972 290 1020 tum
308 960 893 1035 jam‘consecraverat,
916 965 1027 1019 hoc
1046 964 1245 1018 facere
1263 980 1376 1017 non
1401 962 1786 1033 presumpsit.
1900 966 2017 1023 duo
2030 970 2168 1021 sunt
2184 967 2450 1037 episcOpi
2463 968 2899 1036 consecrati,ita
2912 983 3257 1038 permanere
3274 973 3557 1041 perpetuo

203 1055 325 1108 Tunc
352 1052 689 1107 Walcherus
724 1053 1029 1108 Urbanum
1068 1068 1277 1124 papam
1316 1052 1510 1121 petiit,
1543 1055 1599 1106 et
1637 1050 1791 1121 apud
1898 1060 2092 1110 ratum
2122 1071 2260 1110 esse
2290 1056 2570 1125 decerno,
2595 1056 2873 1127 quoniam
2901 1058 3348 1128 episcopatuum
3379 1059 3558 1114 sedes

203 1158 301 1197 eum
324 1142 542 1215 gratiam
575 1140 997 1212 invenit.(4’76).
1023 1141 1289 1212 Denique
1310 1140 1522 1195 litteris
1552 1140 1713 1194 illius
1735 1141 1792 1194 et
1895 1145 2139 1214 mutare,
2166 1143 2554 1215 conjungere,
2579 1159 2687 1199 seu
2708 1144 3081 1216 disjungere,
3108 1147 3299 1202 solius
3329 1150 3565 1219 aposto-

202 1232 378 1286 duobus
405 1231 669 1299 testibus,
693 1231 805 1285 hoc
836 1233 928 1285 est
947 1229 1318 1284 Turonorum
1340 1228 1789 1298 archiepiscopo
1895 1232 2025 1287 lica)
2058 1233 2222 1286 sedis
2256 1235 2349 1286 est
2375 1233 2771 1303 prerogativa.
2800 1256 2822 1281 ι)
2849 1232 2910 1287 Si
2940 1234 3053 1288 hoc
3083 1250 3352 1291 summus
3380 1237 3564 1307 ponti-

202 1325 242 1377 et
262 1320 432 1374 abbate
450 1320 639 1373 sancti
668 1317 888 1385 Basoli,
913 1317 1229 1387 perceptis,
1263 1317 1580 1372 Remorum
1601 1315 1791 1370 archi—
1898 1320 1996 1376 fex
2028 1319 2307 1389 dixisset,
2340 1336 2509 1376 nemo
2543 1335 2677 1381 eum
2709 1321 2782 1375 ob
2814 1321 2926 1376 hoc
2948 1321 3115 1393 justo
3147 1324 3559 1395 calumpniari,

200 1410 418 1479 episcopo
456 1422 523 1462 se
567 1407 967 1477 presentavit;
1012 1405 1230 1476 quibus
1269 1405 1367 1459 ille
1405 1404 1685 1475 acceptis,
1717 1403 1793 1457 ad
1899 1410 2042 1480 quin
2072 1410 2270 1478 potius
2300 1409 2539 1463 laudare
2563 1408 2890 1480 debuisset,
2916 1411 2969 1464 si
3001 1410 3273 1466 videlicet
3301 1412 3562 1485 singulis

203 1497 641 1553 consecrationem
678 1494 1127 1550 Cameracensis
1170 1494 1432 1564 episcopi
1475 1508 1541 1549 se
1580 1507 1789 1563 prepa-
1902 1497 2149 1552 sedibus
2180 1497 2456 1568 singulos
2487 1498 2752 1551 dedisset
2785 1499 3115 1567 pontifices.
3149 1500 3223 1554 At
3253 1516 3394 1556 vero
3426 1502 3565 1572 quia

198 1586 325 1640 ravit.
344 1585 399 1639 In
424 1584 552 1655 ipso
575 1589 770 1638 autem
792 1583 1260 1638 consecrationis
1282 1582 1528 1636 articulo
1560 1580 1792 1650 sepedi-
1821 1576 1875 1637 B
1903 1589 2144 1656 propter
2155 1589 2426 1657 negatam
2437 1586 2746 1656 pecuniam
2760 1587 3107 1657 episcopum
3120 1589 3403 1643 canonice
3417 1589 3568 1644 elec-

199 1678 295 1728 ctus
322 1673 609 1727 tianasses
642 1671 1003 1743 supervenit,
1037 1675 1093 1726 et
1123 1671 1370 1726 eandem
1400 1668 1795 1725 consecratio-
1902 1678 2024 1728 tum
2038 1674 2266 1728 etillius
2279 1676 2557 1744 precepto
2572 1678 2982 1729 consecratum
2996 1679 3112 1730 tam
3124 1677 3369 1747 abrupte
3382 1680 3569 1732 ettam

196 1778 295 1817 nem
319 1761 426 1816 ﬁeri
456 1761 832 1816 contradixit.
853 1759 961 1824 Qui
984 1776 1017 1814 a
1038 1759 1483 1830 metropolitano
1514 1762 1572 1813 et
1602 1756 1796 1826 coepi-
1903 1762 2275 1833 impudenter
2292 1761 2528 1833 dejecit,
2545 1765 2601 1817 et
2622 1763 2675 1816 ei
2698 1763 2993 1817 hominem
3011 1760 3240 1819 cunctis
3262 1766 3566 1820 execrabi-

197 1853 354 1920 scopis
372 1850 492 1922 ejus
520 1851 915 1917 examinatus,
938 1849 1481 1903 excommunicatus
1514 1851 1605 1901 est
1638 1850 1694 1900 et
1722 1845 1825 1899 ab‘
1902 1850 2018 1904 lem
2035 1853 2436 1921 superposuit,
2454 1851 2729 1906 omnibus
2750 1852 3039 1921 patethoc
3057 1854 3572 1907 eumirrationabi—

194 1939 394 1994 ecclesia
406 1936 1173 2009 expulsus.Cansecrationc
1191 1936 1372 2008 igitur
1389 1934 1801 2004 sollempniter
1902 1938 2038 1993 liter
2058 1940 2299 1994 fecisse.
2315 1938 2485 1994 Certe
2509 1940 2564 1993 si
2582 1939 2941 1994 Walcherus
2967 1941 3279 2010 pecuniam
3301 1942 3569 2010 postula-

197 2026 769 2097 peracta,Walcberus
802 2041 936 2080 cum
964 2040 1110 2095 pace
1133 2028 1190 2079 et
1210 2024 1426 2096 gaudio
1457 2023 1530 2077 ad
1560 2021 1801 2093 propria
1903 2030 2021 2082 tam
2045 2028 2331 2097 dedisset,
2353 2029 2483 2097 ipse
2506 2028 2741 2098 quidem
2774 2028 3187 2085 detrimentum
3209 2030 3421 2085 animae
3443 2046 3571 2085 sum

193 2117 545 2186 revertitur,et
565 2131 597 2169 a
620 2115 751 2169 suis
780 2130 914 2169 cum
943 2113 1168 2168 honore
1200 2116 1255 2168 et
1286 2113 1468 2168 letitia
1491 2111 1796 2180 recipitur,
1906 2120 1962 2171 et
1992 2116 2163 2171 fama
2195 2120 2252 2170 et
2284 2117 2456 2171 etiam
2484 2116 2753 2186 pecuniae
2782 2132 3003 2185 passus
3032 2117 3268 2187 fuisset,
3294 2121 3351 2173 et
3378 2120 3572 2172 tamen

193 2205 503 2258 cantantibus
517 2203 761 2259 clericis
774 2202 1171 2272 antiphonam,
1183 2201 1461 2257 Christus
1474 2213 1806 2271 resurgens
1911 2203 2246 2258 (ecclesiam
2262 2204 2545 2258 amissam
2567 2203 2904 2259 nullatenus
2922 2208 3360 2276 recuperasset,
3377 2206 3485 2260 sed
3501 2206 3575 2259 de

193 2306 252 2345 ex
273 2293 506 2362 mortuis,
535 2292 660 2363 jam
702 2307 816 2347 non
845 2292 1102 2346 moritur
1130 2290 1301 2360 (4'77).
1910 2291 2005 2345 die
2025 2292 2087 2345 in
2109 2291 2261 2346 diem
2281 2292 2539 2346 diversis
2560 2292 2829 2346 consiliis
2851 2295 2908 2346 et
2927 2293 3176 2347 tediosis
3193 2293 3573 2349 dilationibus

241 2380 283 2434 8.
310 2381 679 2437 Postmodum
703 2379 851 2448 (478)
873 2384 1069 2434 autem
1089 2379 1451 2434 Walcherus
1482 2377 1805 2448 episcopus
1910 2380 2167 2434 animum
2199 2379 2358 2433 illius
2395 2380 2696 2434 Romanus
2739 2380 3003 2448 pontifex
3040 2380 3378 2436 afﬂixisset.
3408 2379 3577 2445 Quod

193 2467 441 2523 Urbanum
461 2485 673 2539 papam
693 2468 854 2539 adiit,
871 2472 927 2522 et
944 2467 1372 2539 querimoniam
1389 2468 1461 2521 de
1479 2466 1803 2520 amissione
1912 2469 2186 2523 nimirum
2209 2483 2351 2536 sepe
2368 2467 2663 2522 accidisse
2682 2468 2979 2537 novimus,
2998 2471 3053 2523 et
3071 2469 3284 2524 cotidie
3304 2469 3576 2523 accidere

191 2557 552 2613 Atrebatensis
582 2556 875 2612 aecclesize
908 2557 1066 2610 fecit.
1091 2555 1195 2610 Cui
1218 2556 1498 2611 Urbanus
1532 2554 1803 2609 allectum
1847 2622 1883 2627 ΑΛ
1913 2556 2803 2612 nondubitamus.Veruntamen
2824 2557 2964 2627 quid
2981 2557 3263 2612 miramur
3279 2557 3578 2613 hominem

192 2646 575 2715 compassionis
593 2660 716 2699 non
732 2660 894 2714 vere,
910 2644 1017 2699 sed
1035 2645 1191 2699 sicut
1205 2647 1413 2713 postea
1426 2643 1653 2711 claruit,
1670 2643 1803 2696 ficte
1835 2622 1887 2683 Ο
1915 2661 2162 2700 summae
2183 2645 2348 2699 sedis
2372 2648 2428 2698 et
2449 2645 2581 2699 ideo
2611 2645 2922 2714 potestatis
2952 2645 3320 2717 excessisse,
3345 2662 3479 2701 cum
3498 2647 3582 2699 vi-

189 2732 852 2804 demonstrans,utrisque
865 2730 1809 2803 episcOpis,Walcherovidelicet
1861 2779 1866 2784 .
1914 2735 2159 2788 deamus
2178 2734 2327 2788 alios
2348 2733 2527 2805 longe
2556 2731 2859 2788 inferioris
2889 2734 3221 2804 potestatis,
3242 2750 3365 2789 non
3385 2734 3578 2789 solum
3672 2746 3681 2756 ’

191 2825 232 2874 et
256 2822 559 2892 Lamberto,
586 2822 745 2877 diem
776 2824 833 2876 et
861 2821 1055 2876 locum
1086 2821 1442 2893 designavit,
1465 2821 1567 2874 ubi
1590 2820 1661 2873 de
1693 2820 1805 2873 hoc
1914 2824 1975 2876 in
1997 2822 2272 2877 ecclesiis
2296 2823 2401 2876 sed
2436 2823 2607 2875 etiam
2637 2822 2699 2876 in
2728 2823 3130 2894 monasteriis,
3155 2822 3215 2877 in
3237 2822 3578 2878 auferendis

190 2911 396 2964 tractare
424 2910 686 2965 deberet.
711 2910 938 2975 Quibus
962 2895 1474 2977 convenientibus,
1503 2909 1805 2963 Romanus
1918 2927 2025 2965 seu
2058 2911 2381 2982 largiendis
2418 2910 2746 2966 honoribus
2779 2911 2871 2966 vel
2907 2911 3125 2966 ofﬁciis
3155 2926 3275 2965 non
3305 2913 3581 2967 meritum

190 2998 406 3065 pontifex
434 3014 467 3052 a
496 2998 915 3052 Cameracensi
942 2999 1223 3067 episcopo
1248 3000 1544 3051 trecentas
1574 3012 1807 3050 marcas
1917 3004 2016 3053 aut
2046 2999 2354 3053 scientiam
2379 2999 2788 3069 subjectorum
2810 3000 3132 3069 attendere,
3153 2999 3262 3054 sed
3282 3015 3457 3054 suum
3484 3002 3584 3055 aut

189 3086 278 3139 sibi
304 3086 415 3141 dari
445 3088 631 3157 petiit.
670 3086 967 3156 Episcopo
999 3089 1192 3140 autem
1222 3086 1335 3140 hoc
1364 3087 1697 3153 recusante,
1722 3085 1808 3138 in-
1921 3087 2118 3141 odium
2159 3090 2258 3141 aut
2295 3102 2555 3141 amorem
2601 3090 2889 3156 privatum
2926 3087 3247 3157 adimplere
3268 3089 3296 3140 ε)
3328 3087 3497 3142 Unde
3526 3089 3584 3142 et

188 3173 421 3245 dignatus
454 3192 607 3246 papa
655 3175 997 3230 submonuit
1027 3174 1342 3229 nefandum
1386 3175 1703 3227 Manassen
1740 3203 1810 3212 —
1920 3175 2129 3230 beatus
2159 3175 2500 3230 Jeronimus
2530 3176 2602 3228 de
2632 3175 2850 3229 talibus
2883 3178 3161 3245 tractans,
3187 3174 3338 3244 Illis,
3370 3175 3579 3245 inquit,

189 3276 293 3316 nam
309 3279 551 3333 presens
582 3264 789 3318 aderat
808 3293 879 3302 -—
894 3266 1163 3333 repetere
1186 3263 1593 3332 episcopatum
1615 3263 1812 3315 Came-
1922 3264 2190 3318 tribuunt
2210 3263 2530 3317 clericatus
2557 3263 2826 3334 gradum,
2854 3278 3092 3334 quorum
3115 3269 3253 3317 sunt
3280 3262 3585 3334 obsequiis

187 3366 468 3407 racensem.
493 3352 667 3418 Quod
687 3352 827 3406 dum
847 3350 1113 3421 fecisset,
1138 3351 1501 3406 Walcherus
1525 3351 1595 3405 ad
1618 3350 1811 3404 omnia
1922 3351 2161 3407 deliniti
2177 3371 2195 3417 ,-
2228 3354 2285 3405 et
2312 3352 2520 3406 beatus
2560 3367 2708 3421 papa
2751 3350 3104 3422 Gregorius,
3148 3351 3322 3422 Sepe,
3359 3352 3579 3422 inquit,

190 3439 443 3508 sapienter
458 3444 639 3512 atque
661 3441 1086 3515 rationabiliter
1114 3440 1438 3510 respondit,
1463 3440 1670 3494 dicens
1694 3438 1811 3492 Ma-
1923 3440 2239 3509 contingit,
2286 3445 2343 3493 ut
2395 3455 2538 3512 erga
2581 3439 2901 3512 quemlibet
2935 3441 3270 3510 proximum
3309 3440 3443 3494 odio
3490 3438 3590 3494 vel

187 3530 615 3585 nassenalaicis
638 3534 845 3585 contra
871 3545 1131 3585 canones
1153 3530 1484 3584 instrusum
1505 3531 1561 3582 et
1589 3528 1716 3581 ideo
1740 3527 1811 3581 ab
1921 3531 2119 3601 gratia
2167 3533 2476 3584 moveatur
2506 3535 2754 3599 pastor;
2797 3532 2853 3582 et
2892 3527 3201 3599 subjunxit
3237 3544 3250 3581 ε
3303 3527 3587 3583 Judicare

187 3616 683 3690 imperatorejuste
713 3619 1103 3688 repudiatum,
1129 3617 1630 3687 ametropolitano
1660 3630 1809 3687 quo-
1841 3678 1889 3690 ,ε
1926 3624 2118 3673 autem
2157 3617 2337 3689 digne
2384 3616 2458 3671 de
2501 3616 2765 3671 subditis
2809 3623 3138 3689 nequeunt,
3171 3616 3270 3688 qui
3296 3616 3359 3670 in
3391 3617 3589 3672 causis

186 3721 275 3775 que
302 3710 353 3762 et
380 3708 760 3778 coepiscopis
791 3706 926 3778 ejus
957 3706 1352 3761 examinatum
1382 3709 1438 3760 et
1468 3720 1811 3760 excommu-
1840 3678 1896 3739 D
1926 3706 2296 3760 subditorum
2329 3720 2434 3759 sua
2470 3703 2565 3759 vel
2592 3704 2724 3760 odia
2761 3705 2859 3759 vel
2880 3705 3136 3776 gratiam
3167 3711 3514 3776 sequuntur.

207 702 487 755 Walcherus
516 714 548 752 a
582 700 867 754 Remensi
896 699 1352 769 archiepiscopo
1382 699 1630 770 gratiam
1661 713 1789 752 sum

188 3793 431 3865 nicatum;
460 3812 528 3852 se
561 3799 761 3851 autem
790 3811 825 3850 a
855 3795 1015 3850 clero
1037 3798 1093 3849 et
1112 3794 1329 3865 populo
1359 3794 1640 3848 canonice
1662 3793 1814 3848 elec-

186 3882 377 3952 tum,ab
388 3888 653 3955 augusto
666 3886 891 3953 etpapa
903 3882 1305 3953 approbatum,
1326 3899 1356 3937 a
1373 3881 1817 3951 metropolitano

186 3975 229 4021 et
260 3973 627 4043 coepiscopis
668 3970 805 4043 ejus
840 3971 1103 4042 legitime
1146 3971 1820 4039 consecratum,.eodem

185 4072 303 4127 papa
329 4060 433 4115 hoc
464 4077 577 4131 per
605 4061 836 4115 litteras
871 4058 1148 4130 jubente,
1184 4060 1558 4115 Turonorum
1589 4059 1818 4113 archie-

183 4146 393 4219 piscopo
432 4153 489 4205 et
530 4150 750 4204 abbate
795 4148 984 4203 sancti
1031 4148 1231 4203 Basoli
1273 4148 1549 4203 testibus.
1591 4147 1819 4212 Quibus

186 4232 348 4306 dictis,
380 4254 658 4292 summus
688 4237 955 4307 pontifex
992 4237 1247 4308 denegat
1275 4237 1489 4290 omnia.
1524 4236 1824 4306 Stupenti-

186 4321 277 4376 bus
306 4327 398 4395 qui
429 4327 699 4393 aderant,
740 4328 797 4380 et
840 4326 1173 4380 dicentibus
1207 4325 1534 4379 secundum
1565 4340 1824 4379 canones

185 4411 263 4481 agi
296 4413 528 4484 debere,
582 4416 860 4469 dominus
905 4430 1055 4484 papa
1101 4413 1493 4483 respondens,
1551 4412 1822 4481 Cessent,

184 4498 359 4570 inquit,
376 4520 673 4569 canones;
699 4520 848 4558 meae
869 4502 1036 4575 leges
1053 4506 1229 4556 erunt
1253 4501 1711 4556 auctorizabiles
1726 4498 1823 4555 35‘.

239 4587 284 4640 9.
321 4590 428 4644 Hic
480 4592 646 4662 (479).
676 4594 917 4661 apparet
959 4591 1095 4660 quia
1146 4591 1342 4644 omnia
1384 4606 1534 4660 papa
1581 4593 1732 4659 erat,
1774 4592 1831 4643 et

186 4694 203 4721 ι
238 4677 315 4731 sic
345 4680 556 4734 volens
591 4682 649 4733 et
679 4681 771 4734 sic
793 4678 1020 4750 jubens
1057 4702 1078 4726 η
1116 4678 1352 4749 quando
1385 4678 1504 4732 sibi
1532 4679 1826 4748 placebat,

192 4782 208 4806 α
244 4768 352 4819 erat
381 4768 435 4821 ei
462 4784 575 4837 pro
610 4769 834 4824 ratione
864 4768 1161 4823 voluntas.
1204 4787 1225 4815 ι
1273 4766 1336 4821 Si
1376 4768 1532 4820 enim
1562 4767 1834 4821 timorem

186 4849 347 4924 illius,
386 4845 490 4928 qui
534 4856 731 4912 aufert
768 4857 1041 4928 spiritum
1084 4856 1447 4927 principum,
1489 4872 1592 4926 pre
1641 4856 1831 4910 oculis

1999 3794 2086 3849 10.
2139 3794 2324 3866 Igitur
2369 3793 2730 3848 Walcherus
2770 3794 3221 3849 Cameracensis
3267 3793 3589 3864 episcopus

1927 3883 2028 3955 qui
2067 3899 2176 3953 pro
2218 3882 2621 3953 recuperanda
2662 3881 3040 3938 Atrebatensi
3078 3882 3353 3937 aecclesia
3383 3882 3588 3937 sedem

1929 3970 2313 4042 apostolicam
2333 3970 2586 4041 supplex
2603 3970 2844 4041 adierat,
2859 3986 2975 4026 non
2995 3972 3187 4025 solum
3205 3986 3334 4025 eam
3350 3971 3588 4028 minime

1925 4059 2181 4129 recepit,
2236 4059 2338 4113 sed
2394 4058 2567 4112 etiam
2613 4058 3017 4128 episcopatum
3063 4058 3588 4129 Cameracensem,

1930 4163 2104 4219 quem
2135 4148 2419 4201 canonice
2450 4149 2762 4215 acceperat
2795 4149 2850 4200 et
2880 4146 3153 4215 habebat,
3186 4147 3399 4216 amisit,
3435 4148 3594 4202 nulla

1932 4236 2168 4291 omnino
2183 4236 2295 4288 alia
2317 4234 2488 4303 culpa
2512 4234 2958 4303 interveniente,
2976 4234 3091 4286 nisi
3111 4235 3244 4303 quia
3261 4236 3590 4305 pecuniam,

1933 4325 2026 4379 cui
2058 4324 2330 4378 nimirum
2355 4322 2550 4377 omnia
2575 4322 2875 4389 obcdiunt,
2902 4337 3135 4376 summo
3162 4322 3425 4392 pontiﬁci
3454 4323 3593 4377 dare

1932 4413 2137 4468 noluit.
2170 4412 2354 4477 Quam
2385 4413 2458 4466 ob
2489 4427 2615 4465 rem
2646 4410 2835 4465 tristis
2881 4414 2938 4464 et
2976 4425 3212 4465 merens
3243 4427 3348 4480 pro
3379 4410 3597 4481 injuria

1933 4501 2154 4573 injuste
2187 4501 2300 4554 sibi
2334 4501 2491 4554 illata
2522 4517 2553 4553 a
2585 4500 2837 4554 concilio
2874 4501 3183 4567 recedens,
3215 4499 3597 4554 Cameracum

1934 4605 2222 4645 reversus
2254 4592 2363 4643 est.
2396 4588 2640 4659 Cunque
2683 4587 2901 4642 civitati
2945 4589 3427 4658 appropinquans
3456 4604 3597 4657 pro-

1938 4678 2135 4733 cessio
2164 4678 2215 4731 ci
2246 4680 2571 4748 pararetur,
2608 4680 2669 4731 ut
2697 4678 2882 4731 moris
2915 4681 3025 4747 est,
3060 4677 3345 4748 quociens
3369 4678 3597 4747 episco-

1935 4783 2049 4838 pus
2080 4767 2153 4820 ab
2184 4767 2511 4837 apostolica
2555 4766 2682 4820 sive
2724 4765 3013 4835 imperiali
3054 4765 3216 4819 curia
3243 4766 3596 4821 revertitur:

1936 4856 2089 4911 bene
2104 4856 2417 4910 consultus
2436 4856 2629 4910 renuit
2645 4858 2785 4910 tunc
2806 4869 2938 4909 cum
2955 4852 3341 4924 processione
3354 4855 3605 4926 suscipi-

1464 4971 1757 5033 VARI/E
1789 4969 2146 5035 LECTION
2156 4971 2274 5031 ES.

242 5079 312 5127 δι
336 5085 448 5140 Hic
477 5081 685 5140 Briali
716 5088 978 5154 tempore
1008 5078 1326 5137 desinebat
1353 5079 1409 5134 Ἴ·
1425 5098 1445 5146 ;
1475 5079 1783 5152 sequentia
1815 5079 1916 5136 uni
1941 5080 1997 5136 ’7.
2029 5078 2343 5135 debentur.

1642 5193 1920 5266 ΝΟΤιἘ,

246 5295 381 5363 (4Ἷ5)
419 5299 648 5354 Iterum
686 5297 892 5351 noster
931 5292 1105 5364 plura
1140 5292 1367 5363 omisit,
1400 5291 1728 5364 supplenda
1767 5306 1845 5345 ex

192 5379 325 5437 vers.
348 5368 494 5425 Gall.
524 5385 580 5424 c.
611 5368 662 5422 4.
687 5366 887 5421 Adont
915 5363 1442 5437 é-_joyeusernent.
1464 5363 1547 5416 Ea
1566 5364 1625 5416 in
1642 5363 1843 5437 G_est_is_

192 5436 355 5494 fuisse
381 5438 652 5495 ostendit
679 5438 853 5492 etiam
885 5433 1231 5490 Abbreviat.
1255 5433 1558 5488 Camerac.
1585 5450 1637 5488 c.
1669 5434 1723 5503 '7,
1743 5433 1845 5489 ubi

196 5510 440 5581 quaedam
470 5527 551 5566 ex
583 5508 683 5564 his
711 5508 1013 5581 leguntur.

249 5579 391 5652 (476)
415 5582 644 5652 Iterum
666 5574 890 5635 omissa
910 5576 1204 5649 quaedam,
1226 5574 1556 5652 supplenda
1582 5591 1655 5652 ex
1679 5590 1844 5652 vers.

190 5642 315 5706 Gell.
345 5642 399 5708 ό.
431 5644 486 5708 5.
510 5650 672 5708 Pais
691 5642 957 5708 monstra
981 5642 1548 5723 evesquesfatque:
1581 5642 1664 5704 Et
1692 5647 1750 5705 si
1774 5672 1846 5691 -

202 5725 601 5782 excumenioit.

606 5818 846 5879 Panos
871 5793 1134 5893 σωκ.

2014 5288 2163 5362 (47Ἳ)
2201 5289 2436 5347 Omissa
2467 5287 2738 5362 paucula,
2773 5288 3101 5362 supplenda
3145 5304 3221 5346 ex
3262 5304 3425 5346 vers.
3455 5288 3604 5345 Gal].

1946 5380 1998 5418 c.
2027 5359 2065 5416 ‘5
2089 5379 2100 5417 :
2136 5359 2194 5418 et
2225 5363 2287 5417 fu
2316 5362 2432 5415 mis
2459 5391 2529 5400 —
2566 5359 2913 5416 volentiers.

2016 5432 2164 5503 (478)
2190 5434 2316 5487 Hoc
2340 5434 2513 5503 caput
2531 5447 2562 5485 a
2585 5434 2790 5503 nostro
2810 5431 3178 5487 decurtatum
3196 5435 3307 5502 est,
3327 5432 3388 5486 in
3407 5430 3609 5503 Gestis

1947 5501 2403 5559 fuissevidetur
2430 5502 2546 5556 tale
2574 5501 2747 5559 quale
2777 5502 2838 5556 in
2865 5504 3165 5558 versionis
3193 5501 3434 5559 Gallica!
3467 5517 3519 5559 c.
3551 5502 3605 5556 6.

1946 5575 2185 5632 lenitur.
2214 5574 2309 5630 Cf.
2342 5574 2515 5629 etiam
2546 5572 2806 5629 Abbrev.
2839 5572 3001 5628 Cam.
3031 5574 3086 5630 "l.

2040 5644 2166 5714 479)
2207 5645 2337 5702 Hoc
2366 5645 2542 5714 caput
2568 5647 2752 5700 totum
2780 5643 2950 5702 deest
2987 5643 3048 5700 in
3085 5660 3248 5701 vers.
3279 5643 3453 5714 Gall.,
3485 5642 3614 5700 for-

2017 5647 2166 5774 (4'792
2207 5647 2337 5730 lloc
2366 5647 2542 5775 cagut
2568 5647 2752 5729 totum
2780 5647 2950 5702 deest
2987 5647 3048 5700 in
3085 5660 3248 5726 vers.
3279 5647 3453 5727 Gall.,
3485 5647 3536 5698 fc

1945 5719 2112 5778 tasse
2164 5719 2326 5792 gitur
2355 5732 2388 5773 a
2470 5730 2851 5793 augemclano
2881 5718 3088 5774 nostro
3116 5714 3230 5773 fuit
3254 5714 3536 5772 additum.

3292 5810 3327 5873 Ἰ
