4058 6182
423 354 543 419 203

380 599 386 615 .
424 535 717 590 Mandavit
736 536 928 589 tamen
960 538 1021 589 ut
1053 533 1323 605 sequenti
1345 534 1439 589 die
1459 549 1733 604 personae
1762 533 1834 587 ad
1861 548 1927 587 se
1946 548 2080 588 con-

423 625 712 695 venirent,
738 623 1014 696 quatinus
1046 621 1179 693 ejus
1208 622 1492 677 relatione
1521 625 1917 694 agnoscerent
1937 622 2077 694 quid

1325 351 1597 414 GESTA
1640 350 2170 415 PONTIFICUM
2216 350 2960 415 CAMERACENSIUM

3736 352 3860 415 204

2193 532 2333 587 dum
2380 499 2763 602 presentibus
2812 545 2920 601 per
2963 530 3198 604 singula
3235 531 3565 602 retulisset,
3610 536 3858 602 stupore

2189 622 2443 677 maxime
2475 621 2682 691 repleti
2712 622 2852 675 sunt
2881 635 3110 677 omnes.
3134 620 3458 676 Audientes
3486 621 3670 693 igitur
3695 623 3857 693 quod

421 716 483 769 in
513 714 763 770 concilio
797 713 869 768 de
898 712 1161 783 predicto
1182 713 1419 784 negotio
1443 716 1637 767 actum
1659 711 1890 766 fuisset.
1910 709 2077 777 Quod
2185 727 2297 781 pro
2328 710 2579 781 pecunia
2606 707 2705 764 355.
2749 751 2763 764 .
2809 750 2823 764 .
2869 750 2881 763 .
2927 751 2940 765 .
2988 751 3000 764 .
3046 750 3060 764 .

1426 936 1879 1055 GESTA
1955 933 2820 1053 PONTIFIGUM

1066 1168 1559 1234 ABREVIATA
1603 1166 1772 1230 PER
1815 1166 2330 1231 CANONlCUM
2374 1166 3072 1231 CAMERACENSEM
3111 1167 3209 1230 ³⁵⁸.

494 1353 700 1424 (Gesta
727 1351 988 1408 Gerardi
1008 1350 1153 1419 1-9.)
1176 1353 1227 1406 1.
1256 1350 1396 1405 Post
1415 1350 1648 1404 beatum
1680 1349 1858 1402 istum
1882 1347 2000 1402 Deo
2024 1348 2078 1401 et
2107 1344 2168 1406 A
2195 1360 2381 1417 copus
2409 1346 2482 1401 de
2514 1345 2689 1402 feodo
2711 1363 2822 1403 suo
2846 1351 2900 1403 et
2920 1349 3230 1405 beneficiis
3253 1349 3382 1404 suis
3401 1350 3600 1405 locum
3617 1364 3865 1406 conces-

423 1443 763 1497 hominibus
809 1439 1335 1496 commendabilem
1377 1438 1679 1493 Gerardus
1722 1451 1909 1506 nepos
1947 1434 2081 1507 ejus

419 1530 688 1585 moribus
720 1532 775 1584 et
807 1544 1048 1601 genere,
1091 1527 1386 1582 communi
1415 1526 1929 1582 Cameracensium
1960 1524 2083 1578 ele-

422 1620 614 1673 ctione
646 1621 703 1672 ct
733 1633 994 1673 assensu
1024 1617 1287 1671 Heinrici
1321 1616 1366 1669 lI
1398 1615 1791 1685 imperatoris,
1816 1614 2085 1667 mandato

424 1707 737 1777 apostolici
770 1710 908 1760 tunc
937 1706 1091 1776 apud
1129 1704 1625 1777 Augustudunum
1669 1702 2086 1758 commorantis

424 1796 593 1866 (480),
628 1796 700 1849 ab
734 1796 987 1867 Hugone
1026 1795 1227 1848 Diensi
1269 1794 1547 1863 episcopo
1578 1795 1670 1847 est
1699 1793 2087 1846 consecratus

425 1883 487 1938 in
518 1885 903 1954 episcopum;
937 1886 993 1938 et
1020 1884 1092 1936 ad
1126 1882 1330 1937 sedem
1360 1898 1527 1935 suam
1561 1896 1864 1947 reversus,
1900 1880 2086 1934 inter-

426 1973 700 2027 veniente
749 1973 1008 2027 Roberto
1047 1971 1452 2026 Flandriarum
1502 1970 1733 2038 comite,
1774 1969 2086 2040 Hugonem

422 2062 811 2117 castellanum
834 2076 1009 2114 suum
1030 2076 1062 2113 a
1081 2060 1292 2113 domno
1308 2058 1605 2113 Lietberto
1628 2058 1794 2128 prius
1809 2056 2083 2128 ejectum,

419 2150 481 2204 in
512 2150 807 2204 hominem
841 2148 1063 2217 recepit
1104 2150 1160 2201 et
1196 2148 1483 2215 amicum;
1523 2146 1769 2200 retentis
1800 2149 1995 2199 tamen
2024 2145 2085 2199 in

423 2238 700 2293 manibus
723 2238 851 2292 suis
877 2237 1205 2291 redditibus
1228 2235 1551 2304 castellani,
1577 2235 1674 2306 qui
1708 2234 1858 2288 infra
1879 2249 2083 2288 muros

425 2327 680 2383 civitatis
706 2324 1351 2381 continebantur.Unde
1375 2324 1537 2379 cives
1563 2324 1623 2378 in
1652 2339 1831 2378 unum
1855 2322 2087 2392 conspi-

2193 1436 2271 1489 sit
2300 1434 2664 1505 locupletari.
2692 1436 3123 1509 Haffliginense
3146 1454 3380 1510 quoque
3404 1439 3857 1506 monasterium,

2190 1524 2297 1578 Dei
2327 1525 2733 1595 secretarium,
2762 1526 3013 1595 predicti
3045 1526 3342 1597 pontificis
3374 1529 3717 1583 auctoritate
3746 1544 3865 1600 per

2190 1612 2461 1667 homines
2508 1612 2694 1667 laicos
2745 1616 2802 1668 et
2843 1614 3059 1670 idiotas
3106 1616 3176 1670 ad
3226 1632 3359 1671 eum
3404 1616 3718 1672 deductum
3759 1622 3863 1672 est

2191 1700 2501 1772 religionis
2554 1702 2887 1773 cumulum,
2938 1704 3095 1774 quod
3139 1720 3329 1776 usque
3384 1706 3443 1758 in
3500 1705 3860 1760 hodiernum

2188 1789 2619 1861 prerogativam
2655 1791 2913 1846 obtineat
2953 1794 3266 1848 monastici
3298 1794 3547 1863 ordinis,
3582 1797 3638 1850 et
3664 1794 3861 1866 privi-

2188 1878 2412 1951 legium
2450 1879 2808 1950 quotidianae
2839 1880 2898 1934 in
2926 1897 3219 1952 pauperes
3250 1884 3636 1955 erogationis.

2260 1968 2312 2022 4.
2338 1968 2562 2023 Praeter
2591 1967 2720 2022 haec
2750 1969 2964 2039 omnia,
2995 1969 3319 2041 providens
3354 1972 3469 2026 sibi
3500 1972 3558 2026 in
3591 1972 3860 2027 futurum

2191 2055 2529 2126 episcopus,
2555 2056 2768 2112 allodia
2790 2073 2898 2111 sua
2928 2058 3000 2113 de
3032 2060 3307 2114 Lestines
3339 2064 3394 2115 et
3415 2060 3487 2116 de
3505 2060 3862 2115 Woirehem

2190 2147 2245 2199 et
2290 2145 2487 2199 altaria
2534 2144 2803 2216 plurima,
2845 2146 2998 2201 sicut
3030 2147 3090 2200 in
3119 2148 3455 2220 privilegiis
3503 2148 3638 2220 ejus
3682 2148 3860 2204 inve-

2188 2233 2363 2303 nitur,
2390 2233 2449 2287 in
2471 2233 2683 2288 usibus
2716 2235 3137 2289 canonicorum
3169 2250 3413 2290 suorum
3436 2238 3679 2291 contulit
3707 2237 3859 2292 libe-

2189 2321 2430 2392 raliter;
2480 2326 2537 2376 et
2592 2322 2884 2392 hospitale
2932 2339 3258 2393 pauperum
3310 2323 3479 2396 juxta
3537 2326 3858 2379 ecclesiam

423 2418 646 2485 rantes,
672 2416 952 2485 episcopo
976 2415 1241 2481 absente,
1267 2413 1366 2467 diu
1395 2412 1786 2467 desideratam
1817 2410 2081 2482 conjura-
2111 2398 2163 2461 Β
2192 2412 2414 2465 sanctis
2431 2408 2639 2463 Crucis
2662 2409 2733 2464 de
2755 2426 2909 2465 novo
2926 2413 3249 2483 reparavit;
3273 2413 3591 2468 ecclesiam
3612 2429 3858 2485 quoque

422 2509 636 2559 verunt
672 2504 1083 2558 communiam.
1128 2502 1459 2572 Episcopus
1505 2505 1696 2555 autem
1742 2516 1873 2554 cum
1916 2498 2082 2571 gravi
2188 2498 2376 2553 beatis
2408 2498 2510 2552 Dei
2543 2498 2850 2571 genitricis
2881 2499 3019 2554 olim
3051 2501 3421 2556 combustam
3454 2505 3510 2557 et
3541 2503 3796 2557 dirutam
3828 2520 3864 2557 a

425 2593 976 2661 multitudinc,pace
997 2592 1697 2659 simulata,revertens,et
1713 2589 2086 2660 adjudicium
2190 2588 2378 2657 capite
2411 2588 2704 2659 superiori
2736 2603 2927 2658 usque
2959 2589 3031 2643 ad
3068 2589 3314 2644 chorum
3343 2591 3533 2645 sancti
3563 2591 3864 2646 Johannis

430 2681 611 2734 curiae
644 2696 773 2733 suae
806 2680 1216 2750 conjuratores
1248 2679 1521 2745 invitans,
1556 2679 1845 2733 civitatem
1873 2681 1965 2732 est
1993 2678 2084 2731 in-
2188 2676 2389 2731 multis
2418 2676 2704 2745 impensis
2735 2680 2792 2730 et
2831 2678 3115 2748 expensis
3147 2679 3488 2733 reformavit
3524 2680 3580 2732 in
3614 2679 3859 2734 melius.

430 2783 708 2839 gressus,
744 2772 800 2821 et
840 2784 976 2821 ecce
1018 2768 1231 2820 milites
1282 2768 1471 2838 ipsius
1513 2767 1821 2837 pecuniam
1870 2766 2086 2819 civium
2191 2764 2262 2819 Et
2293 2764 2369 2819 ita
2398 2780 2619 2837 regens
2651 2765 3054 2835 episcopatum
3095 2783 3203 2837 per
3243 2768 3543 2823 sexdecim
3575 2784 3767 2823 annos
3805 2773 3866 2823 et

429 2857 841 2911 desiderantes
865 2856 1330 2925 superincautos
1361 2856 1591 2908 irruunt
1626 2858 1681 2909 et
1714 2854 2007 2922 occidunt,
2032 2856 2089 2907 et

425 2944 652 3015 direpta
676 2945 991 2999 multorum
1014 2944 1364 3013 substantia,
1381 2944 1649 2998 viventes
1671 2943 1731 2997 in
1752 2942 2087 2997 ﬁdelitatem

425 3033 713 3105 episcOpi,
753 3033 1020 3105 abjurata
1061 3033 1410 3102 communia,
1447 3031 1828 3086 reducuntur.
1861 3029 2086 3102 Conju-

422 3122 649 3177 ratione
708 3126 897 3176 tamen
966 3122 1176 3177 iterum
1235 3120 1386 3175 facta
1445 3124 1647 3175 contra
1704 3120 2084 3191 episcopum,

426 3211 737 3266 Wibertus
777 3211 1045 3283 quidam,
1087 3211 1187 3282 qui
1233 3210 1472 3265 fratrem
1500 3225 1673 3265 suum
1705 3209 1763 3262 in
1802 3208 2087 3278 praadicta

424 3300 717 3355 seditione
750 3300 1104 3370 perdiderat,
1129 3314 1257 3354 eam
1280 3300 1561 3370 episcopo
1591 3297 1946 3369 prOpalavit;
1978 3297 2086 3352 sed

424 3390 560 3460 quia
586 3388 887 3460 juratores
916 3389 1171 3459 prodere
1201 3388 1414 3457 noluit,
1446 3388 1637 3459 virgis
1668 3386 2000 3458 ﬂagellatus
2031 3388 2088 3440 et

2190 2853 2515 2921 dimidium,
2549 2854 2622 2906 ad
2650 2857 2850 2923 patres
2897 2870 3042 2908 suos
3086 2856 3417 2925 appositus,
3461 2858 3731 2926 sepultus
3763 2861 3865 2911 est

2191 2940 2248 2994 in
2277 2942 2471 2996 medio
2503 2942 2775 2996 ecclesia:
2800 2946 3024 2998 sancta
3056 2943 3159 2999 Dei
3192 2943 3546 3016 genitricis.]

2260 3031 2312 3084 5.
2353 3029 2465 3101 (Cf.
2508 3030 2659 3084 Exc.
2703 3029 2885 3103 Gaug.
2934 3031 2988 3100 2,
3030 3031 3109 3102 3.)
3155 3031 3417 3088 Gerardo
3456 3033 3741 3104 episcopo
3782 3035 3861 3089 ad

2189 3118 2433 3173 meliora
2460 3118 2774 3189 translato,
2816 3120 3022 3192 gravis
3058 3120 3360 3175 dissensio
3398 3126 3532 3176 nata
3571 3125 3663 3177 est
3699 3123 3865 3178 inter

2190 3207 2413 3262 clerum
2445 3211 2501 3262 et
2529 3207 3091 3277 populum.Clericis
3113 3209 3268 3264 enim
3300 3226 3408 3281 per
3435 3210 3679 3265 multum
3710 3214 3863 3265 tern-

2188 3312 2301 3367 pus
2331 3311 2404 3350 ex
2434 3296 2708 3350 intestina
2730 3297 3032 3352 discordia
3061 3297 3288 3369 eligere
3309 3298 3858 3366 dissimulantibus,

2192 3383 2356 3439 cives
2390 3399 2523 3439 cum
2555 3384 2773 3439 casatis
2802 3385 3114 3456 quemdam
3151 3385 3489 3442 Manassem
3524 3387 3863 3460 Francige-

422 3452 624 3548 ligatis
663 3492 695 3529 a
736 3480 908 3547 tergo
953 3476 1257 3543 manibus,
1304 3476 1578 3530 abscissa
1615 3476 1851 3546 lingua,
1895 3475 2084 3530 oculis
2115 3452 2322 3527 Cnam
2354 3473 2661 3545 elegerunt
2688 3473 2748 3528 in
2783 3474 3167 3545 episcopum;
3210 3478 3268 3530 et
3312 3475 3514 3531 clerici
3556 3478 3865 3532 communi

424 3565 634 3635 erutis,
667 3579 999 3635 percussus
1029 3564 1248 3636 gladio,
1282 3564 1342 3618 in
1368 3564 1462 3617 via
1492 3562 1727 3633 publica
1759 3566 1851 3617 est
1880 3566 2085 3619 tumu-

420 3651 596 3709 latus.

491 3738 545 3795 2.
575 3739 829 3812 Hugone
859 3741 1053 3794 autem
1077 3739 1396 3795 castellano
1420 3739 1685 3809 episcopi
1716 3740 1947 3795 interim
1968 3741 2087 3811 epi-

423 3844 669 3900 scepum
719 3833 775 3883 et
823 3844 969 3884 suos
1015 3829 1337 3884 enormiter
1384 3829 1728 3899 infestante,
1790 3830 2088 3885 Robcrtus

423 3918 811 3974 Flandrensis
852 3919 1200 3974 muneribus
1249 3922 1305 3972 et
1347 3918 1637 3973 beneficio
1684 3919 1900 3991 gavalli
1940 3917 2089 3990 t48l)

420 4012 804 4079 provocatus,
822 4009 1014 4079 ipsum
1028 4007 1164 4079 jure
1187 4008 1546 4062 castellaniae
1563 4009 1797 4079 penitus
1814 4008 2085 4079 p'rivavit,

424 4100 480 4150 et
503 4098 714 4168 Anglia
739 4097 1055 4168 profugum
1079 4100 1135 4151 et
1154 4100 1515 4167 quaerentem
1538 4096 1767 4171 refugia
1800 4101 1921 4152 tuto
1952 4114 2087 4153 sus-

425 4187 581 4257 cepit
600 4176 865 4241 latibulo:
882 4186 958 4240 Ut
976 4201 1119 4240 vero
1152 4186 1361 4241 civitas
1385 4187 1632 4241 interius
1654 4202 1864 4241 secura
1886 4188 2085 4258 quies-

424 4280 605 4344 ceret,
631 4291 797 4329 muro
828 4275 1057 4345 lapideo
1082 4279 1137 4329 et
1160 4274 1311 4329 vallo
1342 4292 1374 4329 a
1406 4280 1577 4330 terrm
1608 4276 1945 4331 visceribus
1967 4277 2083 4330 ele-

420 4369 578 4433 vato,
601 4365 883 4418 decenter
904 4366 1225 4434 episcopus
1254 4379 1381 4418 eam
1414 4364 1676 4434 munivit,
1699 4369 1755 4418 et
1776 4364 2081 4419 castellum

419 4456 575 4508 intra
600 4453 914 4519 civitatem,
939 4452 1218 4506 relevatis
1242 4452 1486 4507 fossatis
1509 4457 1566 4508 et
1594 4453 1858 4507 turribus
1890 4452 2079 4508 multi-

416 4542 651 4611 pliciter
672 4539 966 4609 implexis,
988 4539 1241 4593 tlrmavit
1256 4540 1502 4595 artificio
1524 4541 1777 4612 quodam
1794 4556 2082 4595 commen-

420 4628 619 4683 debili.

490 4715 543 4772 3.
586 4716 708 4772 Sub
742 4715 955 4770 diebus
995 4716 1113 4770 illis
1156 4716 1460 4772 fundatum
1495 4721 1587 4772 est
1620 4718 2080 4788 Aquiscintense

420 4806 755 4861 coenobium
787 4806 891 4860 Dei
924 4804 1259 4875 specialiter
1290 4806 1444 4860 inter
1478 4806 1747 4860 homines
1780 4806 2077 4861 habitacu-

418 4897 541 4950 lum
560 4911 666 4966 per
687 4895 838 4949 duos
863 4894 1436 4963 milites,Walterum
1456 4895 1684 4950 scilicet
1705 4899 1761 4950 et
1782 4895 2074 4966 Sigerum.

419 4982 679 5048 Quorum
725 4985 1093 5055 pr0positum
1140 4983 1453 5055 diligenter
1510 4999 1867 5055 promovens
1916 4985 2077 5054 epis-

2192 3566 2328 3617 voto
2360 3563 2738 3618 instituerunt
2768 3562 3068 3618 dominum
3098 3563 3449 3619 Maselinum
3482 3565 3863 3620 sacerdotem

2189 3652 2247 3705 et
2283 3650 2702 3721 praepositum;
2735 3650 2835 3722 qui
2869 3654 3068 3707 tamen
3096 3652 3168 3707 ad
3201 3652 3613 3708 declinandum
3651 3653 3866 3725 populi

2189 3738 2450 3794 furorem
2479 3740 2666 3812 gratis
2698 3740 2903 3809 cessit,
2928 3744 2986 3796 et
3015 3741 3181 3796 multi
3210 3758 3283 3797 ex
3313 3741 3552 3797 clericis
3575 3742 3864 3798 Manasse

2189 3828 2590 3884 adhaeserunt.
2643 3828 2834 3895 Quare
2881 3830 3105 3899 paratis
3162 3830 3438 3885 omnibus
3486 3830 3683 3885 itineri
3737 3845 3865 3888 suo

2188 3919 2576 3988 necessariis,
2594 3918 2916 3989 asportatis
2941 3933 3147 3974 secum
3169 3919 3241 3975 de
3261 3920 3561 3976 thesauris
3580 3919 3865 3977 ecclesiae

2187 4022 2370 4062 aureo
2403 4008 2584 4062 calice
2628 4011 2683 4062 et
2722 4007 2955 4063 duobus
3004 4008 3378 4064 candelabris
3427 4010 3748 4082 argenteis,
3784 4012 3863 4065 ad

2186 4097 2596 4167 imperatorem
2626 4100 2717 4151 est
2749 4096 3052 4166 profectus
3077 4094 3245 4167 (482);
3273 4098 3379 4152 sed
3403 4115 3520 4153 non
3544 4100 3867 4170 impetrata

2187 4186 2378 4255 ipsius
2430 4185 2876 4255 benevolentia,
2929 4186 3058 4241 sine
3101 4186 3389 4241 beneficio
3441 4187 3732 4259 regalium
3785 4190 3866 4244 ad

2188 4289 2333 4328 suos
2398 4273 2610 4327 redivit
2666 4274 2992 4346 inglorius:
3041 4290 3115 4329 ex
3153 4274 3266 4329 hoc
3314 4276 3574 4347 graviter
3613 4276 3864 4332 clericis

2185 4362 2363 4434 longe
2392 4378 2423 4415 a
2457 4362 2690 4416 civitate
2733 4362 3037 4433 depulsis,
3082 4364 3199 4417 nisi
3243 4365 3646 4419 sacrosanctis
3678 4366 3866 4420 tactis

2181 4450 2509 4522 jurassent,
2536 4450 2692 4521 quod
2716 4467 2825 4505 nec
2854 4466 2961 4521 per
2989 4451 3301 4523 epistolam
3332 4469 3441 4507 nec
3472 4469 3578 4523 per
3599 4454 3867 4507 nuncios

2189 4540 2505 4594 Manassen
2532 4540 2687 4610 apud
2718 4540 3131 4609 imperatorem
3160 4541 3571 4611 impedissent.

2257 4627 2310 4683 6.
2352 4628 2474 4683 Sub
2505 4629 2618 4684 hoc
2657 4645 2854 4684 rerum
2896 4629 3145 4684 tumultu
3186 4629 3660 4697 Attrebatenses,
3694 4632 3868 4701 quod

2186 4719 2287 4773 diu
2316 4721 2448 4772 ante
2478 4722 2871 4788 conceperant
2902 4734 3078 4788 opere
3112 4718 3509 4789 complentes,
3545 4718 3868 4789 proprium

2187 4806 2302 4862 sibi
2335 4808 2406 4860 de
2435 4807 2744 4861 mandatos
2766 4808 2946 4861 ummi
2967 4806 3263 4875 pontiﬁcis
3295 4806 3695 4877 praefecerunt
3724 4808 3867 4877 epi-

2186 4910 2463 4966 scopum,
2512 4900 2569 4951 et
2610 4911 2643 4948 a
2689 4894 3060 4967 subjectione
3092 4894 3540 4950 Cameracensis
3578 4895 3869 4950 ecclesiae

2187 5000 2356 5041 suam
2378 4984 2695 5054 cervicem,
2710 4984 3026 5039 occasione
3047 4982 3480 5039 discordiarum
3498 4999 3631 5056 qua
3652 4982 3869 5039 Came-

1740 5129 2001 5191 VARZE
2046 5127 2407 5193 LECTION
2413 5128 2509 5189 ES

484 5232 681 5309 ἔξξῇἰο
709 5235 933 5309 desinit
962 5237 1016 5291 '7.
1048 5239 1111 5291 in
1134 5236 1250 5292 {ine
1273 5237 1699 5309 quaternionis,
1734 5239 2008 5309 sequenti
2035 5237 2381 5309 deperdita;
2396 5234 2835 5309 chaitzium
2865 5238 2927 5291 in
2956 5236 3296 5309 Annalibus
3326 5237 3554 5309 nostris
3580 5235 3701 5309 VII,
3720 5236 3866 5294 442.

484 5304 567 5349 356
591 5306 823 5381 titulum
849 5308 1158 5381 d_e_nostro
1174 5304 1377 5381 supple
1388 5308 1603 5381 vimus,-
1634 5304 1839 5362 damus
1856 5324 1939 5381 ex
1957 5304 2124 5363 Dom:
2148 5306 2325 5381 Brial
2348 5306 2514 5377 XIII,
2538 5307 2661 5375 534,
2689 5310 2788 5381 qui
2807 5309 3110 5380 expressit
3132 5308 3392 5364 codicem
3420 5306 3474 5379 9,
3495 5308 3622 5381 jam
3644 5304 3881 5380 deper-

417 5376 627 5445 ditum,
662 5377 773 5431 sed
801 5378 1035 5431 initium
1067 5376 1295 5450 operis,
1320 5378 1396 5433 de
1424 5378 1737 5435 Lietberto
1766 5380 2054 5452 epismpo,
2088 5379 2305 5434 omisit.

2000 5495 2257 5558 NOTIE

487 5601 659 5675 (4,80),
686 5602 897 5671 Error,
946 5604 1120 5675 natus
1161 5602 1329 5675 inde,
1374 5602 1873 5675 quodvirgulam
1929 5603 2081 5657 inter

402 5674 600 5748 verba
631 5674 945 5748 Gestorum
974 5672 1221 5728 Gerardi
1251 5672 1559 5746 apostolici
1588 5676 1645 5729 et
1672 5672 1824 5748 apud
1852 5689 2078 5747 ponen-

412 5745 545 5803 dam
574 5745 839 5822 neglexit
862 5748 1085 5802 noster.

2170 5624 2173 5627 ·
2260 5600 2409 5684 (άξᾷ)
2470 5602 2734 5659 Gabelle.
2785 5602 3539 5684 Gestangerardihhabent
3592 5605 3823 5660 tantum
3848 5648 3868 5681 ,

2192 5674 2398 5747 comiti
2421 5690 2655 5747 marces
2684 5675 2923 5747 argenti
2951 5674 3057 5730 200
3086 5675 3323 5734 tribuit.

2260 5744 2412 5819 (482)
2451 5744 2784 5804 Manasses'.
