4058 6182
402 324 519 387 207

1281 311 1556 378 GESTA
1601 304 2134 376 PONTIFICUM
2167 306 2904 375 CAMERACENSIUM

3720 310 3846 373 208

399 541 599 582 comes
630 523 968 594 imperatori
1007 517 1424 574 reconciliatus
1457 514 1750 568 civitatem
1798 512 2060 566 nostram
2090 493 2142 556 Α
2169 508 2284 577 (an.
2327 507 2486 578 1131,
2519 508 2748 578 Mart.),
2793 507 2972 563 multa
2999 509 3071 564 de
3102 512 3263 565 statu
3289 511 3561 568 ecclesiae
3593 513 3843 568 collatu-

397 616 511 688 ipsi
559 615 743 669 libere
786 610 1144 678 reddiderat,
1190 607 1343 677 apud
1391 605 1687 658 lnciacum
1732 598 2059 655 mansionis

399 722 526 760 suae
558 704 783 758 invenit
812 699 1244 766 diverticulum,
1278 697 1484 762 donec,
1517 693 1808 746 mediante
1830 703 2057 743 summo

400 794 699 865 pontiﬁce,
735 792 1058 858 imperator
1089 785 1382 839 Henricus
1411 797 1517 850 per
1535 782 1765 850 virgam
1794 782 1849 832 et
1880 792 2060 831 annu-

399 883 542 950 lum,
577 881 733 934 sicut
763 879 876 948 ipsi
908 891 1056 947 papa
1087 875 1486 939 concesserat,
1520 870 1781 924 Odonem
1811 867 1883 920 de
1913 865 2062 934 epis-

399 973 610 1040 copatu
661 966 980 1022 liberaliter
1008 962 1326 1018 investivit.
1359 960 1474 1014 Sed
1513 961 1787 1012 revocato
1816 953 2058 1024 privile-

397 1060 496 1132 gio
524 1058 660 1112 talis
693 1053 1127 1121 concessionis,
1162 1050 1319 1122 quod
1367 1051 1568 1102 contra
1600 1059 1859 1100 canones
1891 1043 2060 1096 dom—

397 1163 510 1202 nus
542 1161 690 1218 papa
721 1141 1176 1213 imperatoribus
1207 1139 1555 1203 indulserat,
1588 1135 1712 1188 Odo
1743 1133 2062 1202 episcopus

395 1239 638 1306 propter
667 1234 912 1288 formam
945 1233 1001 1284 et
1032 1229 1268 1283 modum
1314 1243 1439 1280 suae
1471 1224 1838 1278 investituras
1879 1221 2063 1290 depo-

397 1327 580 1392 situs,
656 1321 1068 1392 Aquicinctum
1119 1315 1478 1386 perveniens
1537 1313 1648 1368 sub
1709 1309 2064 1366 obedientiae

394 1412 665 1467 mandato
700 1408 974 1464 dormivit
1003 1407 1062 1460 in
1087 1405 1344 1460 Christo.

464 1518 552 1573 4‘2.
587 1517 788 1588 (Vers.
828 1514 978 1569 Gal].
1002 1511 1116 1581 33.)
1137 1512 1401 1566 Domnus
1429 1507 1832 1574 Burchardus,
1867 1507 2056 1574 impe-

395 1608 609 1662 ratoris
659 1604 968 1658 familiaris
1011 1605 1066 1655 ct
1097 1601 1296 1654 intime
1348 1601 1544 1663 notus,
1580 1595 1873 1649 communi
1906 1593 2063 1647 elec-

394 1697 552 1750 tione
625 1697 682 1748 et
729 1694 882 1747 dono
931 1688 1306 1759 imperatoris
1367 1685 1664 1739 successit
1709 1682 1894 1736 Odoni
1943 1681 2068 1756 (an.

397 1783 588 1852 1118);
620 1782 726 1836 sed
746 1783 987 1851 propter
1009 1776 1368 1831 discordiam
1400 1775 1550 1828 inter
1578 1788 1785 1842 papam
1799 1774 1854 1826 et
1885 1771 2065 1839 impe-

396 1876 648 1925 ratorem
683 1886 863 1938 super
893 1867 1243 1921 investitura
1274 1880 1382 1933 per
1419 1864 1649 1932 virgam
1682 1865 1738 1915 et
1768 1860 2044 1914 annulum

394 1977 501 2030 per
527 1959 827 2014 biennium
862 1955 1374 2010 consecrationem
1407 1953 1673 2006 obtinere
1710 1967 1827 2005 non
1859 1949 2065 2019 potuit,

2167 612 2292 665 rus,
2324 597 2384 650 in
2427 611 2543 666 qua
2573 597 2962 653 collocutione
3004 599 3246 654 obtentu
3299 601 3465 672 regis
3522 602 3838 659 Lietardus

2169 683 2688 739 Cameracensium
2711 687 3032 757 episcopus
3057 687 3330 743 efﬁcitur.
3353 689 3496 744 Post
3518 706 3687 745 suam
3708 708 3846 746 con-

2173 773 2562 826 secrationem
2587 773 2756 844 quasi
2781 774 2924 827 nihil
2947 774 3199 844 amplius
3213 791 3464 846 sperans
3487 778 3579 834 vel
3598 779 3837 850 timens,

2184 860 2297 913 sibi
2311 861 2479 930 plene
2498 861 2749 930 deditus,
2767 862 2962 916 minus
2983 863 3243 917 intentus
3261 864 3609 935 liberalitati,
3644 870 3842 922 omni-

2175 946 2290 1001 bus
2313 949 2505 1003 factus
2536 953 2628 1004 est
2655 951 2918 1005 odiosus.
2958 951 3126 1007 Unde
3147 951 3450 1007 Gerardus
3482 958 3844 1027 cognomine

2174 1035 2592 1092 Mauﬁllastres
2604 1040 2897 1094 adversus
2912 1042 3255 1111 episcopum
3267 1042 3588 1114 insurgens
3605 1044 3843 1100 Novum

2174 1133 2436 1183 castrum
2466 1129 2619 1197 cepit
2649 1131 2706 1182 et
2732 1129 3009 1199 incendit,
3035 1133 3092 1185 et
3114 1147 3246 1184 cum
3263 1133 3632 1188 multitudine
3664 1134 3842 1188 inha-

2167 1217 2476 1272 bitantium
2507 1220 2562 1270 et
2593 1218 2931 1271 sanctorum
2963 1217 3231 1288 reliquiis
3271 1219 3530 1291 quinque
3560 1221 3841 1277 ecclesia

2176 1306 2334 1377 ignis
2384 1305 2662 1360 violentia
2711 1306 3119 1376 deperierunt;
3165 1308 3428 1378 episcopi
3461 1313 3652 1364 autem
3685 1311 3844 1366 bona

2176 1394 2654 1464 circumjacentia
2701 1395 2830 1448 sine
2875 1396 3336 1450 contradictione
3375 1396 3676 1454 Gerardus
3709 1401 3844 1455 suis

2175 1483 2499 1550 distribuit,
2541 1482 2769 1553 reliqua
2818 1498 2963 1538 vero
2994 1484 3066 1537 ad
3101 1487 3305 1539 nutum
3344 1501 3517 1541 suum
3548 1490 3842 1557 possedit.

2173 1570 2350 1625 Solus
2369 1571 2570 1625 Simon
2591 1572 2662 1624 de
2687 1571 2849 1642 Oisy,
2881 1571 3038 1627 ﬁlius
3075 1574 3398 1644 castellani,
3433 1575 3638 1632 dolens
3662 1594 3850 1649 super

2177 1659 2543 1714 desolatione
2574 1660 2974 1730 episcopatus,
3000 1661 3296 1717 adversus
3328 1663 3651 1720 Gerardum
3682 1683 3846 1722 wer-

2178 1764 2301 1802 ram
2332 1749 2584 1802 viriliter
2604 1750 2804 1815 movit,
2839 1753 2896 1803 et
2919 1751 3154 1804 tandem
3177 1753 3411 1807 reduxit
3436 1754 3493 1807 in
3529 1756 3846 1811 amicitiam

2050 1901 2063 1928 ’
2090 1866 2144 1929 Β
2177 1838 2439 1908 episcOpi
2462 1837 2932 1907 Cameracensis,
2959 1840 3060 1893 tali
3078 1841 3480 1898 satisfactione
3500 1847 3846 1916 praemissa,

2179 1927 2334 1998 quod
2373 1927 2546 1982 miles
2578 1929 2743 1982 daret
2775 1928 3033 1998 quinque
3065 1931 3290 1985 solidos
3321 1937 3376 1986 et
3405 1934 3650 2003 quilibet
3676 1936 3850 2004 pedi-

396 2016 596 2104 ;nultis
643 2047 695 2101 ei
733 2062 900 2100 suam
935 2044 1326 2113 dejectionem
1383 2016 1898 2094 comminantibus.
1952 2016 2124 2092 Sed.
2175 2018 2297 2113 fum
2321 2016 2566 2113 ,νίξίῖξίίι
2602 2016 2888 2113 ἀῗηθνίοελ
2924 2017 2996 2113 θξί
3035 2021 3525 2113 Ρθείευιτᾶῐίοῐξρω
3570 2023 3849 2113 ecclesiae

401 2139 635 2193 tandem
669 2134 1091 2188 interveniente
1122 2132 1331 2184 merito
1361 2131 1517 2198 vitae,
1571 2144 1686 2199 quo
1734 2127 2071 2197 specialiter

401 2230 552 2281 inter
581 2221 1111 2294 comprovinciales
1138 2220 1415 2287 enitebat,
1441 2221 1496 2271 et
1528 2217 1856 2287 impetratis
1888 2231 2070 2284 super

400 2319 514 2372 hoc
546 2313 766 2369 domini
805 2327 971 2381 papae
1001 2309 1234 2375 litteris,
1270 2308 1428 2377 quod
1473 2307 1572 2360 diu
1604 2306 2066 2372 desideraverat,

405 2407 596 2460 oleum
642 2398 1112 2456 consecrationis
1158 2400 1249 2450 est
1281 2398 1660 2463 consecutus,
1703 2397 1758 2448 et
1785 2392 2071 2464 quidquid

405 2494 752 2547 distractum
783 2489 969 2541 fuerat
1001 2486 1072 2539 de
1105 2500 1310 2538 mensa
1347 2483 1691 2552 episcopali,
1734 2482 2071 2536 theloneum

407 2580 666 2647 scilicet,
713 2579 1005 2630 monetam
1052 2577 1107 2626 et
1153 2573 1546 2639 molendinos,
1595 2571 1774 2624 multa
1821 2569 2070 2639 pecunia

407 2668 656 2722 redemit
685 2666 754 2719 de
776 2679 948 2718 manu
971 2663 1345 2728 creditorum,
1367 2661 1560 2714 modis
1583 2659 1856 2713 omnibus
1875 2658 2072 2712 elabo-

411 2773 552 2811 rans
583 2760 644 2808 ut
684 2754 954 2823 diapersa
996 2751 1320 2820 colligeret,
1372 2749 1561 2801 diruta
1605 2747 1940 2812 aediﬁcaret,
1980 2747 2073 2798 in-

411 2848 583 2899 venta
633 2858 748 2897 non
779 2842 974 2894 minus
1018 2839 1270 2892 ﬁdeliter
1316 2840 1652 2889 reservaret
1683 2835 1883 2903 (Vers.
1921 2833 2071 2889 Gal].

413 2934 501 3002 34,
535 2932 645 3003 38).
681 2931 914 2984 Novum
948 2928 1120 2982 etiam
1153 2925 1460 2979 castellum
1493 2924 1648 2994 quod
1678 2922 1749 2977 de
1779 2924 1931 2977 dono
1962 2924 2074 2976 im-

413 3021 724 3093 peratoris,
744 3020 896 3072 sicut
910 3017 1185 3085 superius
1216 3014 1435 3068 dictum
1452 3016 1562 3081 est,
1585 3011 1856 3066 ecclesiis
1874 3011 2075 3065 Came-

417 3110 651 3165 racensi
681 3107 996 3177 appendet,
1021 3105 1092 3159 de
1135 3119 1309 3157 manu
1328 3102 1597 3156 Balduini
1621 3104 1677 3155 et
1698 3100 2078 3156 Carolicomi-

2178 2104 2507 2158 beatissimi
2541 2105 2822 2174 Andreae;
2843 2108 2897 2158 et
2928 2105 3015 2159 sic
3037 2122 3243 2162 omnes
3265 2109 3849 2181 praedictaeiniquita-

2183 2193 2256 2246 tis
2299 2193 2622 2262 participes
2671 2196 2810 2246 sunt
2854 2193 3138 2264 absoluti,
3182 2197 3291 2250 sed
3345 2213 3449 2267 pro
3510 2201 3852 2268 contemptu

2182 2281 2447 2350 episcopi
2478 2281 2621 2334 nihil
2651 2280 2861 2335 horum
2893 2283 3089 2336 datum
3129 2288 3220 2338 est
3250 2287 3600 2341 executioni.

2256 2404 2342 2459 15.
2382 2404 2584 2473 (Vers.
2636 2404 2784 2459 Gal].
2835 2405 2950 2476 43.)
2997 2407 3343 2477 Prepositus
3401 2411 3574 2465 etiam
3632 2411 3852 2466 domus

2184 2494 2570 2564 episcopalis,
2605 2509 2779 2564 quem
2827 2497 3164 2565 propterea,
3199 2499 3260 2550 ut
3301 2498 3359 2551 in
3401 2514 3501 2554 ore
3530 2500 3855 2555 multorum

2185 2587 2326 2649 erat,
2352 2583 2676 2636 destituere
2707 2583 3030 2638 conabatur
3058 2586 3396 2656 episcopus,
3429 2591 3493 2642 ut
3521 2588 3672 2642 infra
3704 2605 3857 2658 pro-

2187 2672 2379 2738 prium
2401 2671 2759 2725 domicilium
2786 2672 3060 2727 licentius
3083 2676 3211 2728 suis
3233 2675 3858 2746 abutereturvolupta-

2186 2760 2376 2828 tibus,
2431 2775 2560 2814 cum
2596 2761 2951 2830 quibusdam
3001 2763 3234 2817 clericis
3276 2767 3350 2825 et.
3369 2765 3599 2820 civibus
3631 2765 3858 2820 domno

2190 2848 2470 2902 Remensi
2497 2849 2808 2902 manifeste
2839 2852 3182 2921 suggessit,
3216 2853 3369 2923 quod
3393 2854 3711 2923 episcopus
3744 2855 3862 2910 de-

2190 2937 2418 2991 clinans
2435 2937 2712 3007 palatium
2743 2941 2982 3008 propter
2999 2955 3298 2995 enormem
3327 2956 3495 2996 suam
3525 2936 3858 3012 libidinem,

2187 3026 2257 3078 ad
2277 3025 2485 3080 domos
2500 3025 2901 3080 divertebatur
2918 3028 3297 3096 privatorum,
3319 3031 3476 3099 quod
3492 3031 3858 3099 praebendas

2191 3114 2491 3183 venderet,
2526 3119 2582 3168 et
2611 3116 2899 3170 ecclesias
2929 3118 3164 3170 nonnisi
3197 3119 3466 3173 condicto
3496 3120 3685 3189 pretio
3717 3136 3864 3174 con-

416 3205 540 3253 tum
588 3197 879 3252 Flandriae
917 3196 1169 3250 liberum
1211 3193 1354 3246 mira
1399 3191 1791 3246 sollicitudine
2097 3217 2151 3281 c
2191 3207 2472 3257 seel-aret.
2524 3203 2788 3258 Domnus
2837 3219 2981 3276 ergo
3033 3207 3347 3260 Bernensis
3387 3207 3499 3262 sub
3529 3211 3862 3278 Ριιαξεθηίίε

415 3289 554 3341 licet
587 3287 882 3340 Robcrtus
905 3284 1144 3338 ultimus
1177 3285 1232 3335 et
1264 3281 1589 3334 Balduinus
1610 3280 1768 3333 ﬁlius
1786 3278 1837 3348 ej
1851 3277 2072 3332 usillud

418 3377 489 3429 de
521 3391 692 3427 manu
725 3371 1096 3443 imperatoris
1140 3370 1255 3423 sibi
1283 3369 1692 3422 beneﬁciatum
1724 3371 1780 3421 et
1812 3368 1868 3420 in
1903 3367 2073 3422 feodo

417 3463 769 3516 tenuissent.
819 3462 1128 3528 Perempto
1176 3459 1347 3511 etiam
1404 3455 1614 3510 Carolo
1673 3455 1883 3510 comite
1923 3456 2076 3524 apud

417 3551 651 3620 Brugas
681 3548 976 3603 horrenda
997 3545 1344 3615 proditione,
1372 3544 1546 3615 Hugo
1569 3543 1926 3597 castellanus
1949 3559 2078 3596 cas-

419 3638 714 3693 tellaniam
732 3636 1242 3701 Cameracensem,
1269 3648 1443 3702 quam
1474 3632 1546 3686 de
1569 3633 1850 3701 praedicto
1869 3632 2078 3688 comite

417 3727 672 3796 tenebat,
706 3726 777 3779 ab
808 3725 1108 3794 episcopo,
1145 3723 1298 3776 sicut
1345 3721 1609 3790 decebat,
1644 3719 1902 3774 hominio
1925 3720 2078 3776 facto

420 3817 478 3870 et
506 3815 779 3869 ﬁdelitate
808 3811 1089 3883 praestita,
1125 3812 1410 3880 suscepit,
1453 3810 1726 3864 demolito
1751 3809 1916 3880 prius
1949 3819 2079 3863 cas-

417 3905 556 3960 tello
587 3903 745 3974 quod
774 3902 834 3956 in
871 3901 1226 3956 Crevecoeur
1273 3900 1332 3952 in
1371 3901 1807 3969 receptaculum
1849 3899 2077 3968 prmdo-

420 4009 559 4050 num
590 3993 778 4046 fuerat
805 3990 879 4045 ab
911 3989 1117 4044 codem
1154 3989 1405 4060 Hugone
1437 3990 1861 4043 constructum.

487 4100 572 4154 13.
619 4097 802 4169 (Vers
847 4097 994 4152 Gal].
1052 4097 1165 4165 3'7.)
1211 4095 1390 4150 Istius
1431 4095 1697 4166 episcopi
1751 4095 1988 4150 monitis
2020 4099 2076 4150 et

417 4189 664 4243 consilio
696 4186 1144 4241 Werimboldus
1175 4185 1326 4238 civis
1357 4185 1592 4254 quidam
1625 4185 1735 4238 iter
1767 4185 2076 4252 perfectio-

414 4279 507 4332 nis
532 4277 841 4345 arripiens,
865 4277 922 4329 in
944 4276 1055 4328 hac
1077 4275 1310 4328 civitate
1332 4273 1748 4326 Cameracensi
1780 4274 1958 4326 multa
1977 4288 2077 4342 pe-

416 4366 915 4435 cuniapedagium
942 4363 1206 4429 redemit,
1236 4365 1291 4415 et
1311 4363 1543 4415 demum
1567 4363 1624 4414 in
1646 4362 1920 4430 hospitali
1946 4377 2080 4430 pau-

412 4470 616 4522 perum
640 4453 809 4522 juxta
840 4453 1070 4505 Sancta
1107 4451 1318 4505 Crucis
1364 4450 1676 4525 ecclesiam
1712 4450 2074 4518 pauperibus

2190 3293 2409 3346 tantum
2448 3293 2704 3363 quinque
2749 3295 3161 3363 episcoporum
3206 3299 3448 3365 paterne
3489 3298 3864 3351 conveniens

2193 3380 2553 3449 Lietardum,
2585 3397 2657 3435 ex
2688 3397 2790 3436 ore
2821 3383 3010 3451 ipsius
3054 3399 3186 3454 quae
3217 3386 3700 3454 proponebantur
3732 3403 3864 3440 non

2193 3483 2329 3522 esse
2351 3468 2501 3522 falsa
2531 3469 2830 3540 intellexit,
2862 3472 3148 3526 mandans
3165 3474 3572 3528 et-consulens
3607 3477 3667 3528 ut
3693 3475 3865 3528 infra

2191 3558 2517 3626 proximam
2562 3557 2966 3630 Epiphaniam,
2999 3575 3073 3615 ne
3111 3560 3346 3631 publice
3377 3563 3862 3633 convinceretur,

2185 3646 2356 3716 quasi
2401 3649 2762 3716 spontaneus
2811 3648 3117 3704 recederet
3170 3653 3227 3704 et
3265 3651 3482 3705 ibidem
3529 3651 3680 3706 ultra
3731 3667 3866 3707 non

2189 3739 2555 3805 compareret
2589 3753 2600 3790 :
2633 3737 2791 3806 quod
2814 3753 2880 3791 se
2911 3737 3202 3792 facturum
3233 3739 3346 3794 sub
3374 3740 3696 3810 praesentia
3733 3755 3867 3794 coe-

2185 3823 2570 3896 pisc0porum
2599 3841 2844 3880 suorum
2871 3825 3182 3882 Lietardus
3205 3827 3526 3900 episcopus
3539 3829 3871 3884 conﬁrma-

2184 3913 2287 3968 vit.
2321 3913 2440 3968 Sed
2481 3913 2798 3986 digressus
2845 3916 2918 3971 ad
2956 3916 3372 3988 imperatorem
3414 3919 3756 3990 postulabat
3792 3924 3872 3974 ut

2184 4017 2292 4073 per
2320 4001 2454 4073 ejus
2485 4003 2875 4059 interventum
2896 4007 3362 4063 misericordiam
3387 4009 3540 4080 apud
3571 4010 3871 4064 damnum

2184 4107 2392 4160 papam
2416 4095 2470 4145 et
2486 4093 2998 4164 archiepiscOpum
3020 4097 3332 4164 inveniret,
3352 4097 3551 4168 ibique
3569 4099 3874 4168 impetra-

2187 4180 2269 4232 vit
2297 4180 2691 4251 privilegium,
2717 4184 2872 4253 quod
2897 4187 3254 4254 praepositus
3275 4188 3598 4256 praedictus
3631 4189 3687 4241 et
3720 4202 3873 4240 ser-

2186 4269 2416 4322 vientes
2447 4271 2710 4340 episcopi
2740 4288 2856 4325 non
2878 4273 3308 4343 feodati,invito
3321 4276 3624 4345 episcopo,
3649 4276 3879 4330 minis-

2185 4356 2351 4410 teriis
2393 4357 2526 4426 ejus
2567 4375 2633 4411 se
2677 4360 2952 4430 ingerere
2983 4378 3099 4416 non
3139 4367 3518 4431 praesumant.
3554 4365 3878 4418 Dissimu-

2186 4444 2339 4498 lante
2371 4450 2562 4500 autem
2595 4449 2876 4518 episcopo
2895 4453 3031 4518 post
3061 4451 3326 4521 elapsum
3357 4453 3670 4506 terminum
3695 4455 3880 4522 quod

411 4557 633 4610 pauper
663 4556 767 4610 pro
799 4539 1035 4593 Christo
1068 4538 1312 4592 effectus
1345 4538 1642 4591 humiliter
1673 4553 1873 4622 curam
1905 4537 2075 4590 exhi-
2096 4570 2150 4632 Β
2185 4535 2558 4602 promiserat,
2593 4543 3063 4606 supervenerunt
3092 4540 3301 4595 litterae
3340 4541 3782 4611 archiepiscopi
3807 4547 3884 4596 et

410 4630 557 4684 buit.
593 4629 638 4682 Ο
685 4643 828 4682 vere
883 4626 1408 4681 commendabilem
1449 4611 1826 4695 episcopum!
1874 4626 1970 4696 qui
2016 4627 2075 4678 in

412 4719 564 4772 locis
614 4718 782 4771 valde
833 4733 864 4769 a
894 4733 1003 4769 sua
1050 4715 1191 4768 sede
1241 4716 1481 4768 remotis
1523 4714 1778 4785 genitus,
1830 4718 1885 4768 et
1925 4714 2077 4782 apud

409 4808 872 4861 Cameracenses
921 4805 1166 4858 advena.
1214 4803 1348 4872 plus
1403 4804 1532 4857 suis
1578 4820 1683 4871 per
1725 4804 2076 4857 industriam

411 4895 655 4947 contulit
687 4910 859 4963 quam
890 4892 1122 4946 nobiles
1153 4891 1341 4944 nostri
1380 4891 1472 4943 vel
1505 4905 1714 4959 pompa
1745 4892 1953 4944 saeculi
1983 4891 2076 4946 vel

411 4981 790 5050 amplitudine
823 4980 1078 5034 carnalis
1110 4978 1530 5050 generationis.
1555 4979 1754 5048 Itaque
1785 4984 1920 5048 post
1951 4981 2076 5034 inﬁ-

407 5069 528 5120 nita
561 5067 847 5121 beneﬁcia
879 5069 1008 5122 suis
1041 5071 1094 5121 et
1125 5067 1398 5121 ecclesia)
1422 5081 1548 5119 suae
1581 5065 1807 5134 collata,
1843 5067 1996 5120 sicut
2017 5067 2075 5121 in

407 5155 599 5226 gestis
630 5159 684 5208 et
719 5156 965 5223 scriptis
995 5156 1128 5225 ejus
1151 5155 1388 5227 legitur,
1423 5154 1634 5223 plenus
1668 5154 2072 5222 operibusbo-

405 5244 499 5296 nis
532 5246 588 5296 et
619 5243 980 5312 elemosinis,
1014 5244 1073 5297 in
1105 5243 1470 5298 consortium
1502 5241 1761 5296 ﬁdelium
1789 5243 2071 5297 virtutum

401 5331 615 5401 pennis
649 5331 1113 5402 transmigravit.

474 5437 560 5491 M.
613 5435 816 5507 (Vers.
871 5435 1020 5490 Gal].
1058 5438 1161 5508 40,
1191 5439 1306 5506 42.)
1352 5438 1571 5493 Eodem
1609 5439 1873 5506 tempore
1917 5453 2064 5508 papa

399 5526 777 5581 Innocentius
809 5542 942 5580 cum
963 5527 1328 5582 multitudine
1350 5528 1765 5597 episcoporum
1791 5530 1847 5580 et
1868 5528 2062 5580 cardi-

399 5616 618 5669 nalium
648 5629 757 5684 per
801 5615 1181 5670 Cameracum
1212 5617 1538 5686 transiens,
1571 5615 1877 5670 descendit
1906 5617 2061 5672 Leo-

398 5703 558 5762 dium
589 5721 722 5760 cum
765 5703 1044 5761 Lothario
1072 5719 1214 5776 rege
1245 5708 1301 5760 et
1329 5705 1698 5775 principibus
1727 5705 2055 5763 Germaniae

2190 4623 2408 4676 summi
2441 4625 2738 4692 pontiﬁcis
2769 4618 3111 4698 auctoritas,
3143 4635 3204 4683 ut
3227 4629 3575 4683 festinanter
3603 4630 3675 4683 ab
3709 4631 3890 4700 epis-

2188 4715 2398 4780 copatu
2434 4713 2766 4784 recederet,
2815 4717 3187 4788 plangendus
3217 4734 3323 4788 per
3353 4718 3545 4771 omnia
3575 4719 3736 4788 quod
3771 4720 3890 4773 vir

2187 4799 2476 4854 litteratus
2500 4805 2556 4856 et
2576 4808 2886 4858 venustate
2911 4806 3184 4875 corporis
3207 4807 3887 4876 commendabilisprae-

2188 4889 2341 4943 dicta
2371 4891 2648 4945 notabilis
2696 4892 2934 4946 infamia
2965 4909 3095 4948 cum
3128 4895 3326 4949 vultus
3377 4896 3472 4950 sui
3503 4895 3887 4952 confusione

2196 4981 2250 5033 et
2293 4979 2549 5033 nominis
2594 4981 2912 5050 opprobrio
2957 4998 2989 5036 a
3030 4983 3173 5037 sede
3230 4983 3554 5054 episcopali
3610 4986 3895 5054 turpiter

2187 5067 2548 5138 dejiceretur
2575 5069 2692 5138 (an.
2728 5069 2908 5140 113Ἳ).

2257 5173 2343 5229 16.
2387 5175 2667 5245 Deposito
2717 5176 3018 5247 Lietardo,
3064 5177 3530 5233 Cameracenses
3567 5179 3896 5239 Othonem

2184 5264 2496 5332 quemdam
2519 5265 3112 5320 Praemonstratensis
3129 5267 3357 5322 ordinis
3382 5268 3731 5323 canonicum
3751 5269 3902 5327 ele-

2187 5356 2422 5422 gerunt,
2458 5369 2524 5407 ea
2562 5355 2895 5409 conditione
2929 5356 2982 5408 si
3012 5356 3350 5425 imperatori
3399 5358 3664 5424 placeret
3706 5357 3903 5418 facta

2180 5440 2410 5496 electio.
2436 5442 2552 5496 Sed
2574 5443 2706 5512 ipso
2737 5443 2897 5498 nullo
2919 5445 3094 5500 modo
3115 5445 3418 5516 praebente
3437 5447 3496 5500 in
3516 5445 3631 5501 hoc
3649 5461 3903 5506 assen-

2175 5545 2330 5601 sum,
2365 5531 2535 5586 missi
2557 5535 2696 5586 sunt
2740 5533 2855 5588 duo
2887 5531 3132 5589 abbates
3155 5535 3461 5590 Walterus
3492 5535 3691 5590 Sancti
3722 5537 3909 5594 Aut-

2179 5617 2334 5674 berti
2373 5621 2430 5674 et
2461 5621 2800 5676 Parvuinus
2837 5622 3039 5679 Sancti
3067 5623 3359 5695 Sepulcri,
3393 5628 3455 5679 ut
3485 5640 3596 5696 per
3623 5624 3927 5696 gratiam

2186 5709 2575 5778 imperatoris
2601 5711 2884 5768 idoneum
2906 5713 3186 5770 ecclesiae
3203 5713 3658 5770 Cameracensis
3677 5714 3948 5784 episco
