4058 6182
227 355 330 427 βω

1060 350 1668 425 ΟΟΝΤΙΝΠΑΤῙΟᾎ
1715 387 1788 401 -
1835 353 2114 419 GESTA
2148 353 2728 419 ABBREVIATA.

3490 360 3612 433 210

231 551 344 609 pum
367 532 742 606 providerent.
775 532 1015 590 Electus
1043 536 1138 591 est
1163 533 1361 606 itaque
1389 550 1497 606 per
1514 534 1621 591 Dei
1640 536 1841 606 provis
1863 537 1935 600 ιι
1951 534 2359 591 Flandriarum
2377 535 2527 608 (488)
2546 537 2605 595 in
2624 553 2770 610 pace
2790 540 3142 612 terminatis,
3160 546 3297 614 post
3318 545 3607 603 famosam

232 624 448 680 dentiam
474 622 719 677 domnus
748 622 1032 678 Nicolaus
1075 622 1348 694 ejusdem
1375 624 1648 679 ecclesiae
1677 640 1838 695 prm-

232 713 455 787 positus,
485 727 518 765 a
543 711 748 781 primis
788 711 1007 767 ibidem
1050 713 1221 767 annis
1259 713 1574 784 enutritus,
1609 713 1838 768 cunctis

232 800 643 856 acclamantibus
674 802 731 854 et
757 800 1132 871 imperatoris
1150 800 1352 857 favore
1374 818 1556 873 super
1584 802 1697 857 hoc
1716 803 1838 873 ple-

233 890 441 945 nissime
470 889 649 960 gratis
677 890 1008 960 impetrato.
1054 890 1361 945 Multitudo
1392 907 1644 963 namque
1673 892 1838 963 prin-

231 980 390 1048 cipum
416 978 509 1048 qui
536 979 675 1032 tunc
717 978 777 1032 in
819 979 983 1032 curia
1028 980 1330 1034 constituti
1359 980 1610 1050 fuerant,
1642 982 1839 1052 ipsum

231 1067 439 1122 electum
467 1068 521 1120 et
549 1066 801 1121 amicum
830 1071 887 1122 et
917 1068 1426 1141 consanguineum
1462 1083 1637 1125 suum
1666 1086 1835 1127 reco-

226 1155 526 1228 gnoscebat.
573 1154 903 1226 Susceptus
949 1155 1131 1227 igitur
1177 1172 1309 1211 cum
1352 1157 1568 1229 gaudio
1609 1159 1838 1214 insisti-

227 1243 391 1297 mabili
415 1258 447 1295 a
473 1243 628 1297 clero
661 1248 719 1298 et
748 1244 987 1315 p0pulo,
1019 1249 1274 1315 quantus
1318 1246 1553 1302 futurus
1583 1251 1747 1303 esset
1774 1248 1836 1303 in

227 1331 378 1402 prima
403 1331 490 1385 sui
518 1333 827 1388 vocatione
849 1334 1220 1389 monstravit.
1240 1333 1566 1390 Gerardum
1586 1351 1839 1407 namque

228 1419 537 1477 Mauﬁlastre
577 1422 680 1491 qui
725 1421 1258 1477 Novum-castrum
1307 1424 1573 1494 episcopi
1601 1428 1658 1479 et
1683 1425 1840 1480 bona

232 1508 564 1578 episcOpatus
594 1509 887 1565 violenter
917 1513 1195 1581 occupata
1217 1511 1471 1581 tenebat,
1493 1527 1626 1566 cum
1656 1528 1691 1567 a
1721 1513 1840 1568 col-

226 1595 386 1666 loquio
412 1596 664 1653 Simonis
694 1598 767 1653 de
788 1598 930 1670 Oisy
950 1600 1146 1655 minus
1175 1603 1383 1655 cautus
1416 1604 1836 1672 reverteretur,

224 1685 497 1755 episcOpus
528 1701 664 1741 eum
693 1687 850 1756 apud
880 1688 1209 1744 Theunium
1239 1689 1439 1743 villam
1468 1704 1657 1758 suam,
1681 1689 1840 1743 nulla

224 1788 307 1842 pro
325 1774 574 1829 libertate
594 1775 872 1831 ecclesiae
893 1777 1106 1831 timens
1129 1777 1334 1833 subire
1353 1778 1636 1847 pericula,
1663 1779 1836 1848 cepit,

222 1864 266 1916 et
290 1877 456 1933 usque
483 1864 631 1919 intra
663 1865 960 1920 civitatem
994 1869 1227 1937 captum
1258 1865 1501 1921 adduxit
1531 1882 1663 1921 cum
1693 1868 1839 1922 mul-

222 1948 426 2005 titudine
454 1956 813 2007 armatorum
840 1955 1099 2025 cepiosa.
1124 1954 1211 2010 Ibi
1242 1955 1498 2025 receptis
1527 1955 1838 2010 obsidibus

221 2042 265 2091 et
288 2040 462 2094 multis
484 2040 843 2111 juramentis
890 2044 962 2099 de
1007 2043 1282 2099 fidelitate
1312 2044 1430 2098 sibi
1459 2043 1753 2099 servanda
1778 2044 1840 2099 in

218 2129 504 2197 posterum,
546 2135 788 2201 recepto
836 2132 1011 2187 etiam
1061 2132 1476 2191 Novo-Castra
1527 2148 1662 2189 cum
1708 2133 1839 2189 suis

218 2216 570 2289 appendiciis,
601 2217 931 2275 Gerardum
961 2220 1210 2290 dimisit,
1257 2222 1560 2277 collocatis
1590 2223 1839 2292 insuper

221 2303 516 2362 hominibus
554 2308 690 2364 suis
738 2309 799 2362 in
844 2312 1039 2365 castro
1083 2310 1156 2364 de
1194 2313 1401 2368 sancto
1444 2311 1730 2381 Auberto,
1760 2313 1838 2369 ob

218 2392 463 2464 majorem
493 2399 674 2451 terrae
703 2414 830 2452 suae
860 2402 916 2453 et
946 2414 1194 2453 suorum
1223 2401 1621 2461 securitatem.

272 2481 344 2536 17.
380 2483 484 2538 His
512 2500 665 2557 ergo
693 2486 974 2556 primitiis
1013 2487 1521 2543 commendabiliis
1553 2490 1839 2545 honorem

219 2571 446 2641 suscepit
473 2575 976 2645 consecrationis,
1010 2575 1203 2631 solum
1233 2576 1384 2631 dans
1414 2592 1652 2648 cperam
1682 2580 1838 2633 circa

216 2657 447 2715 ecclesiae
476 2677 605 2717 suae
639 2662 1074 2734 exaltationem,
1099 2664 1194 2720 cui
1220 2680 1288 2719 se
1318 2667 1503 2720 totum
1531 2668 1650 2721 tota
1681 2666 1841 2722 solli-

216 2746 435 2804 citudine
460 2750 856 2821 impendebat.
881 2751 1122 2808 Cunctis
1150 2754 1348 2824 itaque
1377 2754 1491 2809 sub
1511 2756 1835 2826 tranquilli-
1865 2798 1871 2803 .

215 2837 306 2888 tate
324 2837 476 2904 pacis
493 2840 915 2910 gaudentibus,
931 2842 1250 2911 praedones
1271 2843 1508 2913 quidam
1527 2844 1597 2898 de
1620 2844 1836 2898 familia

214 2920 847 2997 GerardiMaufilastre,
898 2932 1115 2984 terram
1167 2930 1341 2985 istam
1388 2931 1833 3002 depopulantes,

215 3009 415 3082 dignam
451 3015 765 3072 maleficiis
794 3017 926 3072 suis
960 3033 1195 3088 poenam
1237 3035 1271 3072 a
1305 3017 1836 3076 Cameracensibus

213 3107 541 3172 receperunt.
574 3103 770 3168 Quare
801 3105 1124 3178 Gerardus,
1159 3110 1327 3176 rupta
1353 3123 1499 3178 pace
1533 3125 1708 3180 quam
1738 3110 1839 3165 diu

212 3187 397 3245 invitus
443 3192 856 3263 simulaverat,
898 3210 1154 3250 werram
1204 3196 1482 3266 episcopo
1531 3198 1749 3253 indixit
1783 3201 1839 3253 et

1873 1908 1925 1971 Β

1950 624 2106 678 illam
2139 627 2402 696 stragem
2431 627 2586 697 apud
2618 624 2975 684 Crievecuer
3004 630 3237 701 factam,
3271 636 3327 688 et
3359 633 3610 690 haeredi-

1950 716 2041 768 tas
2069 726 2181 767 sua
2209 713 2328 770 ﬁlio
2350 714 2615 785 Gerardi,
2641 716 2794 771 facta
2815 717 3090 773 ﬁdelitate
3121 724 3176 775 et
3208 719 3487 792 hominio,
3515 725 3608 779 est

1950 802 2239 871 restituta,
2281 806 2337 857 et
2380 807 2719 874 competens
2765 806 3093 862 satisfactio
3138 809 3292 863 facta
3339 815 3431 865 est
3478 813 3608 882 epi-

1951 906 2135 960 scopo
2189 908 2297 961 pro
2354 893 2709 949 excessibus
2777 897 3301 965 supranominatis.
3360 898 3611 955 Evoluto

1950 980 2324 1050 postmodum
2354 996 2473 1036 non
2500 982 2681 1037 multo
2708 985 3036 1053 temporum
3067 986 3383 1055 curriculo,
3409 1003 3612 1043 comes

1951 1068 2246 1123 Flandriae
2276 1068 2575 1124 Simonem
2620 1071 2691 1125 de
2732 1070 2876 1142 Oisy
2919 1074 3211 1129 adversus
3252 1091 3386 1130 eum
3414 1076 3613 1131 rebel-

1951 1156 2168 1212 lantem
2189 1158 2431 1212 multum
2455 1160 2630 1228 coepit
2652 1160 2866 1215 werris
2888 1160 3156 1233 afﬂigere
3181 1167 3236 1218 et
3257 1164 3614 1219 munitiones

1952 1245 2086 1317 ejus
2117 1260 2437 1316 occupare;
2464 1247 2572 1300 sed
2592 1248 2843 1303 domnus
2867 1250 3206 1321 episcopus,
3232 1253 3324 1306 vir
3344 1253 3611 1308 moribus

1953 1333 2383 1405 praedicabilis,
2430 1335 2626 1404 ipsum
2674 1336 2829 1391 sicut
2876 1337 3171 1394 hominem
3210 1356 3411 1407 suum,
3458 1343 3615 1397 sicut

1954 1424 2226 1492 nepotem
2257 1438 2430 1476 suum
2463 1426 2518 1477 et
2546 1425 2798 1480 amicum
2828 1441 3032 1496 suum,
3066 1430 3244 1498 coepit
3277 1430 3524 1485 consilio
3556 1432 3615 1485 et

1955 1511 2171 1566 auxilio
2204 1526 2387 1581 super
2427 1527 2632 1567 omnes
2681 1514 3026 1585 defendere,
3077 1533 3196 1571 non
3242 1519 3458 1573 timens
3490 1519 3612 1573 iras

1953 1599 2246 1671 majorum
2275 1601 2350 1654 ob
2382 1615 2627 1654 suorum
2648 1604 3069 1671 protectionem
3093 1605 3152 1659 in
3175 1621 3241 1660 se
3261 1621 3608 1676 provocare.

1953 1688 2212 1743 Tandem
2240 1688 2373 1758 ipso
2404 1690 2727 1744 mediatore
2748 1691 2807 1744 in
2830 1691 2980 1746 hanc
3010 1694 3175 1763 pacis
3202 1695 3453 1750 formam
3473 1712 3614 1752 con-

1951 1781 2271 1846 venerunt,
2303 1778 2460 1848 quod
2504 1793 2705 1832 comes
2757 1778 3146 1836 Flandrensis
3179 1784 3249 1837 de
3283 1800 3457 1839 manu
3487 1785 3616 1856 epi-

1953 1866 2120 1935 scopi
2152 1866 2418 1936 suscepit
2462 1867 2524 1920 in
2573 1866 2747 1923 feodo
2792 1868 3085 1939 Osyacum
3125 1873 3181 1924 et
3211 1873 3615 1927 castellaniam

1951 1955 2468 2024 Cameracensem,
2513 1971 2687 2026 quam
2722 1957 3055 2013 immediate
3092 1960 3259 2028 prius
3307 1960 3510 2015 Simon
3543 1961 3615 2015 de

1952 2044 2232 2114 episcopo
2264 2047 2553 2114 tenuerat,
2578 2048 2635 2100 et
2655 2044 2954 2101 Simonem
2974 2047 3045 2101 de
3068 2048 3379 2117 praedictis
3412 2065 3615 2104 comes

1953 2132 2313 2202 saepedietus
2335 2133 2589 2188 feodavit
2620 2134 2862 2203 provida
2887 2136 3436 2207 circumspectione,
3457 2139 3616 2209 quod

1951 2221 2012 2275 in
2041 2220 2214 2275 modo
2245 2221 2411 2291 pacis
2454 2222 2525 2276 de
2563 2221 2703 2293 jure
2735 2223 2997 2293 episcopi
3027 2224 3170 2278 nihil
3203 2226 3469 2296 deperiit,
3504 2228 3614 2281 sed

1950 2311 2149 2380 potius
2179 2308 2501 2365 hominium
2533 2308 2918 2371 Flandrensis
2949 2313 3226 2366 accrevit.

2024 2396 2109 2452 19.
2144 2396 2363 2453 Exorto
2392 2397 2625 2452 interim
2649 2398 2878 2454 famoso
2903 2399 3226 2454 schismate
3256 2400 3315 2453 in
3349 2402 3615 2456 Romana

1952 2484 2219 2540 Ecclesia
2239 2486 2392 2540 inter
2412 2485 2813 2541 Alexandrum
2834 2490 2890 2542 et
2910 2486 3291 2543 Octavianum
3311 2488 3407 2558 (an
3429 2488 3610 2560 1160),

1948 2573 2266 2644 imperator
2295 2572 2648 2629 Fredericus
2701 2591 2833 2629 cum
2881 2576 3163 2630 universo
3213 2576 3458 2648 imperio
3501 2594 3612 2633 suo

1950 2665 2148 2732 partes
2194 2666 2439 2719 secutus
2488 2667 2578 2717 est
2626 2662 2964 2733 Octaviani;
3011 2664 3257 2718 Francia
3306 2669 3424 2720 tota
3480 2682 3615 2719 cum

1952 2751 2180 2821 reliquo
2197 2754 2485 2806 terrarum
2503 2751 2648 2806 orbe
2665 2752 2981 2807 Alexandri
3001 2753 3347 2808 electionem
3367 2770 3615 2826 sequen-

1952 2843 2026 2908 te,
2052 2839 2258 2911 gravis
2290 2841 2490 2894 exorta
2512 2843 2605 2894 est
2630 2840 2689 2894 in
2712 2841 2966 2895 ecclesia
2998 2842 3103 2895 Dei
3134 2842 3459 2914 dissensio,
3483 2844 3611 2896 uni-

1950 2930 2123 2983 tatem
2141 2928 2358 2983 Christi
2376 2928 2774 2983 dividentibus
2798 2930 2914 2983 illis
2939 2932 3039 3000 qui
3062 2947 3169 2985 sua
3192 2936 3524 3002 sequuntur
3556 2935 3613 2985 et

1950 3032 2066 3070 non
2090 3032 2221 3086 quae
2253 3016 2400 3071 Jesu
2427 3016 2667 3070 Christi.
2701 3018 2764 3070 In
2797 3018 2905 3071 hac
2936 3022 3129 3073 autem
3161 3020 3472 3073 divisionis
3504 3035 3610 3072 va-

1949 3105 2153 3158 rietate
2193 3120 2325 3157 cum
2374 3104 2550 3175 digna
2601 3106 2880 3159 memoria
2931 3107 3288 3176 recolendus
3330 3107 3609 3161 Nicolaus

1950 3193 2267 3261 episcopus
2306 3193 2380 3245 ita
2413 3207 2479 3246 se
2510 3193 2703 3263 gessit
2733 3194 3008 3261 medium,
3044 3196 3200 3264 quod
3236 3211 3346 3248 nec
3376 3196 3447 3248 ab
3471 3195 3608 3249 obc—

213 3276 427 3344 civibus,
450 3280 668 3337 validis
690 3284 911 3341 terram
932 3299 1103 3339 suam
1124 3264 1366 3340 ﬁrmans
1389 3264 1833 3352 munitionibus;
1874 3264 1926 3328 C
1949 3281 2163 3336 dientia
2215 3278 2630 3349 Remensium,
2673 3281 2891 3351 quibus
2938 3282 2995 3334 in
3037 3282 3445 3351 spiritualihus
3500 3284 3610 3337 ob-

212 3368 257 3418 et
279 3368 576 3439 episcopus
606 3370 1134 3429 Nuvum-castrum
1161 3372 1316 3428 vallo
1346 3378 1402 3428 et
1431 3378 1589 3428 turre
1618 3375 1837 3429 ﬁrmis-

213 3452 335 3507 sima
362 3457 584 3513 munire
617 3474 737 3513 non
767 3461 1127 3529 supersedit.
1158 3461 1413 3517 Collecta
1441 3463 1637 3534 itaque
1666 3463 1838 3535 gravi

210 3546 565 3613 pugnatorum
587 3547 777 3617 copia,
797 3547 1099 3603 Gerardus
1129 3551 1389 3605 castrum
1420 3551 1653 3606 obsedit
1687 3567 1836 3620 prae-

212 3627 414 3702 dictum,
451 3635 559 3690 sed
581 3635 897 3705 manifesto
915 3636 1282 3709 Deijudicio,
1298 3639 1437 3705 dum
1459 3655 1579 3708 prae
1602 3638 1836 3694 cmteris

213 3715 504 3777 ferventior
538 3724 830 3794 instaret,
880 3724 1063 3801 nullo,
1099 3740 1343 3782 suorum
1390 3727 1695 3785 vulnerato
1742 3727 1837 3782 vel

212 3803 368 3877 lapso,
396 3810 562 3871 solus
595 3812 852 3883 corruit,
892 3817 948 3868 et
990 3814 1147 3877 intra
1185 3829 1391 3869 muros
1423 3815 1593 3870 uncis
1622 3816 1836 3871 ferreis

210 3898 525 3969 protractus,
545 3900 871 3972 multisque
892 3902 1217 3963 confossus
1238 3902 1586 3958 vulneribus
1617 3906 1673 3958 et
1701 3903 1838 3974 lapi-

211 3980 358 4039 dibus
385 3986 656 4059 obrutus,
686 3990 859 4059 prius
903 3990 1208 4060 terribilis,
1240 4007 1397 4046 nunc
1427 3992 1704 4047 occubuit
1730 3993 1837 4049 mi-

211 4074 466 4131 serandus
482 4092 635 4147 ;,pro
656 4077 834 4150 cujus
853 4092 999 4139 nece
1029 4079 1354 4139 miserabili
1383 4080 1496 4153 mea
1506 4096 1641 4137 ores
1662 4084 1854 4136 terra.

211 4163 420 4228 gravius
465 4166 752 4236 episcopo
802 4167 1259 4239 comminantes,
1302 4168 1502 4224 multis
1553 4171 1609 4225 et
1654 4170 1838 4224 variis

209 4248 521 4308 tumultibus
557 4254 760 4322 ipsum
801 4255 1035 4311 tandem
1078 4257 1152 4311 ad
1196 4256 1310 4313 hoc
1348 4257 1736 4330 induxerunt,
1777 4261 1841 4314 ut

211 4333 321 4391 illos
340 4343 674 4414 omnesqui
704 4358 916 4400 manus
948 4345 1333 4400 extenderent
1360 4346 1421 4403 in
1450 4345 1780 4403 Gerardum
1806 4364 1838 4401 a

211 4421 397 4483 ﬁnibus
427 4434 603 4486 terrae
636 4447 764 4486 suae
793 4432 998 4504 procul
1029 4434 1373 4489 eliminaret.

268 4513 344 4571 18.
363 4516 495 4587 Sed,
518 4534 669 4590 pace
699 4521 846 4577 foris
878 4521 1215 4591 reformata,
1232 4522 1560 4578 seditiones
1590 4523 1840 4579 interius

1949 3370 2162 3424 noxius
2194 3371 2339 3438 erat,
2365 3368 2696 3424 Alexandro
2726 3365 3037 3440 subjectus
3070 3371 3345 3440 resiliret,
3371 3387 3479 3424 nec
3508 3372 3610 3424 im-

1947 3458 2243 3529 peratoris
2287 3455 2613 3511 offenderet
2649 3461 2877 3528 partes,
2928 3459 3146 3530 quibus
3193 3459 3263 3512 de
3304 3460 3608 3529 regalibus

1951 3548 2079 3602 suis
2111 3545 2302 3600 fidelis
2334 3549 2389 3600 et
2418 3546 2667 3603 devotus
2713 3561 2851 3601 esse
2903 3548 3227 3602 tenebatur.
3263 3548 3462 3618 Itaque
3495 3549 3607 3602 sub

1950 3636 2061 3690 hac
2099 3650 2296 3689 rerum
2334 3634 2744 3689 incertitudine
2792 3634 3095 3705 cperibus,
3133 3635 3608 3707 magnanimitate

1950 3725 2273 3794 praeclarus
2303 3724 2643 3794 episc0pus,
2676 3723 2736 3777 in
2768 3725 2965 3779 cordis
2998 3726 3347 3779 contritione
3379 3728 3433 3779 et
3464 3740 3608 3779 con-

1950 3812 2215 3867 fessione
2246 3811 2368 3866 oris
2400 3811 2636 3866 domino
2670 3811 2791 3865 Deo
2823 3827 2933 3881 suo
2967 3812 3431 3867 satisfactionem
3450 3812 3609 3884 (quia

1949 3916 2066 3973 qua
2096 3899 2448 3972 ingemuerit
2472 3899 2617 3955 hora
2646 3904 2924 3970 peccator
2945 3901 3276 3971 exauditur)
3299 3901 3449 3972 apud
3473 3899 3612 3955 San-

1951 3991 2108 4043 ctum
2136 3988 2471 4053 Quintinum
2503 3988 2857 4059 aegritudine
2886 3992 3202 4061 gravatus,
3239 3994 3295 4043 et
3325 3989 3384 4043 in
3414 3991 3610 4044 monte

1950 4077 2141 4133 sancti
2172 4075 2409 4141 Martini
2438 4076 2593 4129 circa
2620 4076 2796 4131 finem
2829 4093 2956 4132 suae
2986 4078 3268 4132 dimcesis
3300 4080 3610 4149 exemptus

1952 4169 2045 4221 est
2073 4183 2106 4220 a
2135 4164 2386 4219 terrenis
2406 4164 2501 4233 (an
2526 4162 2705 4232 1167).
2725 4164 2967 4219 Relatus
2991 4167 3083 4218 est
3104 4166 3285 4236 igitur
3305 4166 3377 4219 ad
3405 4166 3610 4219 sedem

1952 4269 2120 4309 suam
2161 4268 2405 4307 suorum
2443 4251 2735 4321 manibus,
2780 4256 2834 4305 et
2883 4251 3208 4322 gloriosam
3256 4254 3316 4305 in
3356 4253 3612 4307 ecclesia

1952 4343 2060 4397 Dei
2089 4340 2399 4414 genitricis
2426 4339 2485 4393 in
2515 4342 2677 4409 parte
2709 4340 3075 4407 occidentali,
3112 4357 3410 4411 nunquam
3439 4344 3610 4410 post—

1954 4431 2188 4485 modum
2216 4428 2462 4483 visurus
2493 4443 2792 4497 occasum,
2827 4434 3190 4484 consecutus
3221 4431 3312 4482 est
3343 4428 3611 4498 sepultu-

1951 4536 2096 4577 ram.
2125 4518 2246 4575 Sub
2280 4519 2480 4590 specie
2509 4517 2723 4572 etenim
2756 4517 3169 4572 saecularitatis
3201 4518 3290 4572 vir
3318 4518 3430 4572 iste
3462 4517 3612 4570 mili-

213 4601 467 4661 oriuntur.
482 4606 663 4663 Cives
686 4610 901 4665 etenim
917 4608 1380 4667 Cameracenses
1399 4612 1669 4667 comitem
1693 4612 1843 4666 Han-
1867 4622 1925 4682 D
1949 4610 2104 4678 tans,
2127 4607 2278 4671 inter
2304 4606 2629 4661 saeculares
2652 4606 2926 4662 omnibus
2956 4622 3022 4661 se
3050 4624 3157 4678 pro
3187 4610 3451 4676 tempore
3475 4621 3611 4660 con-

214 4692 377 4747 noniaa
404 4694 553 4750 intra
575 4712 782 4753 muros
812 4713 959 4752 suos
989 4701 1192 4753 contra
1217 4700 1562 4770 episcopum
1593 4715 1841 4770 recepe-

214 4782 349 4849 runt,
389 4796 519 4836 cum
564 4799 636 4838 eo
683 4784 877 4840 faedus
919 4786 1246 4858 facientes;
1293 4788 1429 4859 quia
1468 4790 1729 4842 castrum
1769 4789 1842 4843 de

213 4871 387 4923 sancto
416 4872 677 4927 Auberto
721 4872 949 4929 Simoni
995 4875 1193 4945 nepoti
1223 4891 1334 4931 suo
1365 4876 1436 4931 de
1464 4874 1605 4947 Oisy
1636 4881 1842 4931 contra

215 4956 495 5013 consilium
524 4976 733 5017 eorum
762 4967 819 5019 et
846 4963 1205 5023 voluntatem
1232 4964 1293 5018 in
1323 4964 1493 5019 feodo
1524 4965 1843 5019 tenendum

214 5053 587 5105 concesserat.
612 5049 782 5106 Unde
808 5050 984 5111 etiam
1014 5052 1250 5108 domum
1281 5052 1539 5107 Simonis
1557 5052 1725 5114 intra
1755 5068 1846 5107 ur-

217 5127 328 5184 bem
353 5134 408 5188 in
437 5140 834 5209 contemptum
855 5140 1122 5211 episcopi
1147 5140 1469 5209 diruentes,
1493 5141 1846 5196 sententiam

217 5226 811 5283 excommunicationis
840 5231 899 5284 et
926 5229 1223 5284 interdicti
1262 5232 1320 5283 et
1362 5244 1566 5288 comes
1594 5232 1654 5287 et
1683 5230 1845 5284 cives

218 5311 471 5367 canonico
494 5312 724 5385 judicio
754 5316 1158 5373 incurrerunt.
1197 5316 1486 5373 Omnibus
1525 5319 1720 5372 tamen
1751 5316 1846 5371 his

217 5394 618 5459 turbationibus
644 5420 753 5475 per
783 5405 890 5461 Dei
916 5405 1166 5478 gratiam
1205 5409 1263 5462 et
1300 5406 1584 5462 auxilium
1614 5405 1845 5461 comitis

1950 4694 2237 4764 formans,
2255 4694 2392 4749 licet
2407 4695 2721 4766 aliquando
2744 4700 2993 4750 terrenae
3021 4696 3393 4766 contagionis
3418 4710 3613 4748 macu-

1953 4785 2043 4840 las
2083 4783 2466 4852 contraxerit,
2517 4784 2884 4838 multitudine
2932 4787 3125 4837 tamen
3169 4784 3615 4837 benefactorum

1957 4890 2089 4946 quae
2112 4872 2368 4928 diversis
2390 4872 2452 4926 in
2471 4871 2619 4926 locis
2641 4872 2966 4927 liberaliter
2983 4872 3245 4940 contulit,
3267 4871 3615 4925 delictorum

1958 4978 2203 5019 suorum
2232 4960 2524 5027 sarcinam
2550 4960 2613 5015 in
2641 4960 2911 5015 subditos
2952 4975 3098 5014 suos
3132 4959 3475 5014 misericors
3505 4974 3616 5030 per

1955 5051 2061 5106 Dei
2090 5049 2558 5105 misericordiam
2587 5048 2887 5120 abjecisse
2919 5048 3210 5117 credatur,
3231 5050 3367 5119 quia
3390 5049 3617 5103 nullum

1952 5140 2173 5195 bonum
2186 5154 2216 5192 a
2227 5139 2518 5193 bonorum
2529 5136 2884 5191 retributore
2898 5139 3091 5190 manet
3104 5137 3613 5192 irremuneratum.

2011 5228 2115 5286 .20.
2154 5228 2418 5281 Domnus
2458 5226 2707 5293 Petrus,
2746 5223 3004 5296 Philippi
3043 5225 3403 5281 nobilissimi
3438 5225 3619 5280 Flan-

1954 5317 2216 5371 driarum
2238 5314 2469 5385 comitis
2492 5313 2673 5367 frater
2694 5315 3055 5383 couterinus,
3078 5313 3278 5369 Sancti
3297 5314 3617 5369 Audomari

1954 5404 2314 5475 prmpositus
2331 5406 2387 5458 et
2410 5401 2701 5457 Flandriae
2722 5403 3138 5475 cancellarius,
3155 5404 3396 5459 obtentu
3416 5403 3618 5458 fratris

1784 5574 2062 5637 NOTZE.

277 5726 411 5803 (483)
445 5729 809 5791 Theoderici.
