4058 6182
473 363 585 427 211

1367 357 1640 417 GESTA
1692 353 2220 417 PONTIFICUM
2275 353 3036 418 CAMERACENSIUM.
3803 356 3908 419 212

479 548 595 616 sui,
620 545 796 618 cujus
820 547 1014 599 terror
1044 559 1150 614 per
1179 545 1368 596 terras
1393 540 1670 594 finitimas
1702 542 1757 592 et
1787 539 1940 592 fama
1961 539 2142 592 nomi-
2170 541 2229 602 Α
2260 539 2435 606 venit,
2453 540 2508 593 et
2525 539 2827 611 regalibus
2846 542 3080 596 nunciis
3102 543 3282 596 multo
3303 541 3545 597 uberius
3563 544 3903 615 praemissis,

479 638 574 691 nis
595 652 701 706 per
716 635 893 705 longe
913 633 1137 702 positas
1161 633 1272 684 late
1296 647 1361 684 se
1384 628 1711 695 diffuderat,
1730 630 1952 682 electus
1973 633 2063 681 est
2082 628 2138 680 in

481 726 825 796 episcopum
849 723 1045 776 multis
1070 721 1413 774 electionem
1439 718 1925 788 approbantibus,
1947 733 2141 788 quam-

478 813 770 883 plurimis,
797 812 932 864 licet
964 811 1178 863 factum
1212 808 1574 876 discipleret,
1600 822 1894 876 opponere
1926 823 1992 860 se
2027 822 2141 860 non

482 900 856 955 audentibus.
892 897 1268 968 Imperatoris
1299 897 1472 950 etiam
1508 897 1677 948 factae
1710 895 2018 948 electionis
2049 910 2142 947 ac-

484 991 669 1043 cessit
718 1003 1028 1053 assensus,
1077 986 1211 1055 quia
1259 984 1706 1054 quamplurimis
1755 982 2144 1036 internunciis

485 1078 717 1132 comitis
759 1077 1009 1142 fractus,
1061 1075 1195 1128 licet
1245 1074 1301 1125 in
1346 1073 1553 1142 primis
1606 1072 1931 1140 pubertatis
1975 1072 2144 1125 annis

486 1167 841 1220 consisteret
877 1164 1098 1217 electus
1146 1162 1466 1232 acquievit,
1501 1164 1690 1214 ratum
1733 1161 1956 1214 habens
1989 1161 2145 1230 quod

486 1255 647 1309 curia
663 1256 920 1308 Romana
941 1253 1296 1320 dispensans
1321 1251 1391 1304 de
1415 1255 1585 1304 aetate
1605 1253 1660 1302 et
1682 1249 2011 1315 ordinibus,
2030 1265 2144 1302 non

485 1344 870 1414 improbabat.
897 1343 1045 1394 Dum
1077 1356 1219 1393 vero
1253 1355 1449 1392 moras
1479 1339 1801 1392 innecteret
1833 1338 2054 1391 electus
2088 1338 2146 1390 in

485 1433 752 1486 adeundo
785 1431 1217 1499 imperatorem,
1245 1429 1706 1481 Cameraeeuses
1737 1427 1850 1479 sibi
1877 1427 2144 1479 volentes

483 1520 800 1591 providere
833 1520 891 1571 in
925 1519 1202 1584 futurum,
1229 1533 1301 1570 ne
1333 1531 1502 1570 novae
1533 1516 1990 1585 circumquaque
2023 1531 2147 1567 sur-

487 1612 693 1680 gerent
710 1604 1879 1675 munitiones,Thunium-Episcopi,quod
1894 1605 2145 1657 domnus

487 1698 769 1752 Nicolaus
798 1697 1118 1765 episcopus
1141 1695 1536 1761 contruxerat,
1563 1693 1796 1761 penitus
1818 1693 2144 1760 diruet-unt;

2258 628 2332 681 ad
2377 629 2578 682 sedem
2622 644 2790 682 suam
2831 646 2957 682 eam
3007 632 3183 684 multa
3235 631 3424 702 gloria
3471 632 3903 702 suscipiendum

2259 717 2592 771 destinavit.
2643 719 3013 773 Constitutus
3073 735 3218 790 ergo
3278 722 3336 773 in
3397 721 3538 774 sede
3591 722 3904 776 vocationis

2257 821 2447 872 novae,
2491 805 2742 874 plurima
2776 811 2996 876 praeter
3039 807 3213 862 ﬁdem
3259 813 3314 863 et
3358 825 3524 879 spem
3562 811 3906 864 audientium

2255 895 2648 964 promittebat,
2699 897 2755 949 et
2800 912 3036 951 auream
3085 913 3150 950 se
3193 898 3558 951 redditurum
3607 899 3906 952 ecclesiam

2257 999 2426 1036 suam
2447 985 2852 1052 pollicebatur,
2870 1000 2945 1039 ex
2960 986 3315 1040 abundantia
3340 1002 3538 1040 rerum
3557 987 3907 1041 afﬂuentium

2258 1072 2371 1124 sibi
2404 1088 2802 1143 praesumens,
2830 1074 3115 1144 ignorans
3146 1077 3338 1128 tamen
3373 1075 3511 1145 quid
3543 1078 3778 1144 pararet
3808 1077 3911 1130 sibi

2257 1160 2384 1214 dies
2417 1164 2549 1228 post
2582 1161 2795 1214 futura.
2821 1162 2884 1214 In
2917 1162 3012 1215 his
3045 1163 3230 1233 igitur
3253 1165 3367 1216 sibi
3399 1179 3681 1232 prospere
3715 1179 3910 1218 succe-

2258 1248 2554 1317 dentibus,
2581 1251 2868 1320 majorum
2899 1251 3219 1304 adversum
3251 1268 3316 1306 se
3351 1252 3546 1305 odium
3577 1255 3913 1321 provocavit

2259 1340 2315 1391 et
2332 1339 2631 1407 invidiam,
2650 1339 2708 1391 in
2729 1343 2948 1392 tantum
2963 1340 3119 1409 quod
3133 1341 3285 1408 apud
3301 1339 3624 1394 Condatum
3639 1341 3911 1395 dimeesis

2260 1442 2385 1480 suae
2433 1427 2662 1494 vicum,
2716 1428 2853 1480 dum
2898 1428 3267 1482 multitudine
3317 1429 3553 1482 modum
3599 1431 3913 1484 excedente

2259 1515 2569 1582 transiret,
2620 1531 2651 1567 a
2700 1517 2908 1584 paucis
2961 1517 3074 1585 ipsi
3122 1517 3540 1572 insidiantibus
3591 1533 3912 1588 percussus

2261 1604 2554 1672 occubuit,
2580 1605 2999 1658 miserabiliter
3021 1622 3052 1657 a
3076 1606 3202 1659 suis
3234 1607 3571 1676 derelictus,
3609 1607 3917 1661 crudeliter

2261 1709 2293 1745 a
2340 1692 2583 1746 nefariis
2625 1693 2974 1747 interfectus
3003 1693 3099 1762 (an
3145 1695 3322 1764 1174),
3367 1695 3560 1748 subita
3605 1696 3916 1750 mutatione

488 1787 594 1841 sed
618 1787 803 1840 electo
835 1784 1083 1837 viriliter
1114 1799 1218 1837 eos
1252 1785 1644 1852 expugnante,
1673 1781 1854 1834 coacti
1891 1785 2028 1834 sunt
2049 1783 2146 1836 de-
2179 1769 2229 1830 Β
2259 1796 2468 1834 manus
2501 1781 2790 1834 Altissimi
2842 1781 2913 1835 de
2962 1782 3210 1836 summis
3256 1783 3477 1837 relatus
3509 1784 3576 1837 ad
3614 1784 3760 1838 ima:
3797 1785 3918 1854 ipsa

487 1891 626 1930 num
642 1875 820 1926 multa
839 1872 1106 1942 pecuniae
1121 1872 1460 1942 erogatione
1480 1871 1974 1940 restituere,quod
1994 1872 2148 1925 sicut

487 1979 641 2036 gens
672 1962 952 2015 indomita
985 1961 1407 2014 dextruxerant
1455 1964 1781 2013 contumacr
1813 1975 2147 2029 praesump—

483 2053 660 2106 tione.
693 2049 809 2104 Sed
841 2049 1053 2102 diebus
1097 2049 1267 2102 electi
1309 2049 1482 2102 istius
1525 2048 1732 2102 civitas
1777 2051 1981 2102 nostra
2015 2064 2146 2101 cum

483 2139 746 2195 finitimis
768 2139 896 2192 suis
921 2139 1377 2207 circumquaque
1406 2138 1646 2206 quievit,
1671 2137 1849 2190 nullis
1877 2137 2146 2191 audenti-

483 2232 596 2284 bus
613 2228 701 2283 vel
717 2226 1049 2280 valentibus
1066 2226 1514 2279 Flandrensium
1537 2227 1812 2295 impetum
1828 2226 2144 2295 sustinere,

483 2332 734 2388 quorum
751 2316 1007 2385 potentia
1021 2318 1075 2368 et
1091 2314 1318 2368 viribus
1333 2329 1479 2368 suos
1494 2318 1551 2368 et
1568 2330 1674 2368 sua
1695 2315 1821 2369 solo
1837 2314 2144 2369 electionis

482 2405 717 2461 nomine
734 2404 991 2456 militans
1017 2403 1267 2456 domnus
1297 2404 1515 2456 Petrus
1546 2403 1912 2474 protegebat.
1939 2402 2003 2458 In
2026 2419 2147 2456 om-

483 2496 658 2548 nibus
682 2497 873 2546 autem
906 2491 1033 2544 suis
1066 2491 1316 2558 actibus.
1352 2492 1506 2544 sicut
1533 2491 1779 2561 juvenis
1810 2495 1864 2545 et
1903 2492 2141 2560 nobilis,

483 2583 682 2636 multis
707 2584 829 2634 erat
849 2580 1369 2649 commendandus,
1387 2581 1500 2634 nisi
1526 2582 1680 2651 quod
1703 2582 1773 2634 de
1795 2581 2144 2650 patrimonio

485 2670 706 2723 Christi
754 2685 879 2722 suae
933 2669 1310 2722 satisfaciens
1357 2669 1678 2733 nobilitati,
1726 2686 2023 2739 nunquam
2073 2670 2145 2723 ad

489 2775 696 2812 saeros
717 2758 958 2811 ordines
977 2763 1032 2810 et
1051 2758 1518 2811 consecrationis
1541 2758 1822 2810 honorem
1843 2759 2142 2827 aspiravit,

486 2848 750 2918 episcOpi
773 2850 1017 2916 portans
1036 2862 1152 2899 non
1173 2862 1344 2914 onus,
1363 2847 1468 2899 sed
1493 2847 1796 2915 honorem,
1819 2847 2146 2900 abhorrens

487 2937 784 3002 ofﬁcium,
838 2935 944 2988 sed
996 2951 1128 2988 cum
1177 2935 1334 2988 omni
1392 2935 1722 3006 integritate
1771 2936 2146 3004 episcopatus

2259 1885 2456 1924 rerum
2505 1869 2868 1938 experientia
2912 1869 3134 1924 docens
3176 1887 3286 1925 nos
3337 1872 3658 1926 efﬁcaciter
3705 1873 3919 1926 nullam

2261 1957 2442 2012 rebus
2456 1958 2750 2027 humanis,
2770 1960 3306 2030 quantumcumque
3319 1961 3691 2030 applaudant,
3708 1961 3921 2016 adesse

2262 2047 2669 2102 constantiam.
2705 2047 2787 2102 De
2827 2047 2958 2104 loco
2997 2049 3178 2121 igitur
3214 2049 3534 2104 occisionis
3566 2066 3693 2104 suae
3726 2050 3920 2103 Ariam

2259 2136 2502 2204 relatus,
2537 2135 2636 2190 ubi
2689 2139 2866 2192 multa
2913 2137 3337 2192 muniﬁtientiae
3383 2153 3510 2192 sum
3550 2141 3923 2192 monumenta

2263 2224 2466 2279 relicta
2507 2229 2644 2280 sunt
2693 2228 2884 2282 oculis
2925 2227 3301 2296 intuentium,
3349 2227 3613 2298 gloriose
3655 2229 3922 2297 sepultus

2261 2313 2472 2367 faciem
2506 2315 2830 2370 conditoris
2854 2316 2948 2371 sui
2974 2317 3031 2371 in
3048 2319 3311 2371 extremo
3335 2316 3718 2370 suscitandus
3741 2331 3924 2386 praes-

2261 2402 2476 2457 tolatur
2506 2404 2863 2458 intuendam.

2331 2489 2418 2545 22.
2441 2493 2706 2546 Domnus
2729 2493 2984 2547 Alardus
3002 2493 3450 2547 Cameracensis
3472 2493 3925 2548 archidiaconus

2263 2586 2317 2635 et
2359 2581 2787 2648 thesaurarius,
2835 2584 2928 2635 vir
2966 2583 3224 2637 omnium
3266 2599 3464 2636 rerum
3506 2582 3812 2636 afﬂuentia
3855 2583 3929 2636 ita

2262 2669 2459 2722 divino
2486 2686 2727 2724 munere
2751 2671 3262 2741 superabundans,
3289 2673 3350 2724 ut
3371 2672 3779 2742 promptuaria
3799 2670 3928 2740 ejus

2261 2759 2434 2828 plena
2464 2763 2798 2813 eructarent
2818 2776 2891 2814 ex
2912 2761 3025 2814 hoc
3047 2762 3105 2813 in
3127 2760 3270 2813 illud
3286 2802 3299 2827 ,
3326 2765 3381 2815 et
3401 2761 3633 2813 beatum
3657 2760 3929 2814 dicerent

2263 2862 2469 2900 omnes
2499 2847 2798 2901 dominum
2829 2851 2884 2902 et
2915 2849 3148 2903 domum
3179 2849 3353 2920 cujus
3385 2849 3514 2903 haec
3546 2854 3775 2918 essent,
3803 2849 3929 2920 qui-

2261 2935 2376 2989 bus
2425 2935 2904 3006 reclamantibus,
2943 2938 3002 2991 in
3044 2941 3341 3006 pastorem
3389 2941 3446 2991 et
3489 2938 3842 3006 episcopum
3879 2940 3936 2990 et

485 3041 763 3096 quaerens
779 3025 1253 3078 emolumentum.
1271 3023 1461 3088 Quare
1479 3029 1610 3093 post
1625 3024 1824 3092 plures
1841 3025 2147 3079 electionis
2185 3020 2234 3080 C
2263 3024 2490 3077 meritis
2513 3025 2642 3078 suis
2666 3028 2723 3078 et
2743 3025 3036 3096 majorum
3053 3042 3294 3080 suorum
3311 3027 3550 3080 obtentu
3575 3026 3683 3079 fuit
3703 3027 3935 3080 electus

489 3130 615 3168 suae
648 3129 832 3167 annos
865 3129 1255 3183 prorumpens
1287 3113 1356 3166 ad
1391 3113 1500 3166 hoc
1531 3114 1685 3182 quod
1716 3113 1815 3166 diu
1847 3112 2151 3167 affectave-

485 3207 605 3269 rat,
640 3202 868 3273 abjecta
920 3203 1204 3272 dignitate
1253 3218 1379 3256 sua)
1428 3202 1736 3256 electionis
1768 3205 1823 3256 et
1855 3204 2148 3258 clericalis

486 3291 884 3362 professionis
929 3291 1228 3360 libertate,
1275 3291 1533 3344 habitum
1584 3292 1768 3345 induit
1805 3292 2144 3363 militarem,

485 3382 560 3434 ad
599 3381 904 3434 lasciviam
952 3381 1160 3434 saeculi
1209 3383 1264 3432 et
1310 3395 1554 3449 pompas
1604 3380 1804 3433 mundi
1847 3382 2142 3451 relapsus,

487 3470 712 3522 ducens
744 3484 989 3522 uxorem
1021 3469 1384 3523 eomitissam
1435 3469 1871 3523 Nivernensem
1900 3473 1960 3522 ut
1991 3470 2144 3525 filios

490 3556 688 3609 carnis
747 3559 1114 3624 procrearet,
1148 3556 1447 3624 repudiata
1492 3571 1712 3625 sponsa
1752 3556 1970 3611 Christi
2015 3575 2146 3628 quae

491 3643 620 3698 sine
642 3644 736 3697 sui
758 3644 1131 3714 corruptione
1150 3643 1305 3698 filios
1327 3645 1477 3714 parit
1494 3645 1832 3713 spirituales
1853 3647 1968 3710 (an.
1991 3647 2150 3702 1174-

492 3731 671 3803 1175).
698 3733 830 3786 Non
853 3735 1097 3786 multum
1119 3736 1312 3786 tamen
1333 3732 1657 3787 delectatus
1677 3738 1769 3788 est
1790 3734 1848 3787 in
1869 3737 2145 3804 terrenis,

491 3823 626 3893 quia
659 3837 774 3875 non
805 3825 896 3875 est
927 3822 1100 3875 flatus
1131 3821 1388 3875 hominis
1421 3822 1479 3875 in
1512 3838 1685 3876 manu
1714 3822 1925 3893 ipsius,
1952 3825 2057 3878 sed
2090 3826 2150 3879 in

491 3909 626 3981 ejus
654 3913 942 3980 potestate
975 3910 1075 3979 qui
1106 3908 1387 3964 terribilis
1427 3914 1519 3963 est
1555 3911 1709 3980 apud
1744 3927 1923 3982 reges
1953 3916 2147 3984 terrae,

492 4000 553 4053 in
581 4002 736 4052 terra
764 3999 968 4052 uxoris
1003 3997 1272 4052 sublatus
1315 3998 1385 4052 de
1423 3999 1636 4067 medio,
1673 3999 1728 4051 in
1761 4001 1937 4054 multa
1969 4001 2153 4055 delic-

493 4091 686 4143 torum
715 4103 960 4142 suorum
988 4087 1357 4156 poenitentia,
1393 4089 1547 4156 apud
1579 4087 1972 4143 Hilsodunum
2001 4089 2148 4160 (484)

493 4177 783 4247 sepultus,
810 4180 1030 4230 nostris
1062 4175 1464 4230 mutabilitatis
1487 4177 1816 4247 exemplum
1845 4179 2150 4232 immatura

489 4267 676 4318 morte
707 4267 1044 4334 praeventus
1078 4264 1413 4318 viventibus
1447 4264 1777 4335 dereliquit.

561 4354 649 4408 21.
696 4354 992 4409 Robertus
1025 4353 1294 4408 Ariensis
1335 4354 1693 4422 praepositus
1725 4359 1778 4408 et
1812 4355 1868 4407 iu
1901 4355 2154 4408 Atreba-

492 4443 649 4497 tensi
699 4443 952 4496 ecclesia
998 4442 1271 4496 obtinens
1317 4443 1772 4513 praerogativam
1821 4443 2148 4513 electionis,

491 4531 584 4585 vir
615 4531 869 4584 mirabili
899 4532 1150 4584 fortunae
1181 4530 1451 4601 prodigio
1492 4531 1562 4584 de
1594 4531 1826 4585 modico
1859 4534 1915 4585 et
1949 4533 2153 4586 humili

493 4621 553 4674 in
583 4619 907 4688 praeclaros
930 4619 1275 4689 dignitatum
1308 4619 1529 4688 gradus
1562 4618 1934 4685 sublimatus,
1957 4623 2153 4689 utpote

494 4708 860 4763 Turonensis
891 4707 1322 4775 thesaurarius,
1350 4707 1539 4759 sancti
1573 4707 1912 4776 Audomari,
1937 4710 2155 4763 sancti-

2263 3113 2378 3180 (an,
2414 3111 2592 3182 1174).
2631 3114 2693 3167 In
2725 3114 2947 3168 Italiam
2976 3115 3386 3185 proficiscens,
3419 3119 3482 3169 ut
3511 3131 3726 3169 munus
3761 3129 3935 3186 rega-

2262 3201 2403 3255 lium
2433 3203 2504 3257 de
2534 3218 2708 3256 manu
2741 3203 3112 3272 imperatoris
3145 3203 3480 3273 susciperet
3500 3234 3568 3243 —
3590 3203 3775 3273 quod,
3798 3203 3939 3257 licet

2264 3291 2334 3344 de
2364 3291 2693 3361 majoribus
2726 3292 2960 3362 quidam
2993 3292 3401 3356 reclamarent,
3428 3291 3754 3346 efﬁcaciter
3787 3292 3938 3346 obti-

2263 3379 2388 3433 nuit
2403 3411 2491 3448 -—,
2518 3385 2572 3434 et
2596 3381 2668 3434 ad
2701 3396 2806 3434 sua
2839 3395 3125 3435 reversus
3156 3381 3251 3434 vir
3279 3380 3408 3434 sine
3440 3381 3596 3449 dolo,
3616 3380 3724 3434 sed
3745 3383 3806 3434 et
3826 3382 3941 3434 mi-

2262 3469 2532 3522 tissimus
2565 3469 2622 3523 in
2654 3470 2869 3539 populo
2888 3484 2998 3523 suo
3017 3469 3321 3523 evidenter
3341 3471 3624 3540 apparuit,
3648 3472 3940 3538 expertus

2263 3557 2322 3609 in
2354 3572 2775 3611 successorum
2819 3558 3144 3612 doctrinam
3181 3560 3238 3611 et
3283 3557 3644 3628 exemplum,
3679 3558 3852 3627 quod
3883 3559 3942 3611 in

2263 3645 2518 3714 potentia
2542 3645 2930 3700 multitudinis
2952 3649 3008 3700 et
3040 3645 3099 3700 in
3125 3645 3488 3714 praelationis
3510 3647 3800 3717 dignitate
3825 3663 3944 3716 pax

2266 3733 2519 3787 hominis
2544 3738 2595 3788 et
2620 3734 2973 3788 abundantia
3001 3750 3198 3789 rerum
3229 3751 3344 3788 non
3375 3735 3592 3803 existit,
3618 3734 3726 3789 sed
3759 3737 3946 3790 benc-

2264 3823 2541 3893 placitum
2574 3826 2665 3877 est
2697 3823 2943 3878 Domino
2977 3838 3158 3894 super
3185 3824 3458 3878 timentes
3489 3839 3623 3877 eum
3661 3826 3718 3876 et
3752 3824 3819 3877 in
3855 3825 3945 3878 eis

2267 3911 2366 3982 qui
2399 3912 2456 3965 in
2486 3911 2887 3966 mediocritate
2918 3928 3026 3966 sua
3058 3917 3298 3981 sperant
3326 3928 3433 3980 per
3451 3911 3948 3966 misericordiam

2268 4001 2422 4070 ejus.
2440 3999 2536 4053 Sic
2553 4003 2747 4054 tamen
2765 4015 2831 4053 se
2849 4000 3185 4054 exhibuitin
3201 4000 3410 4055 diebus
3430 4001 3762 4054 senectutis
3786 4017 3945 4070 suae,

2268 4089 2324 4141 in
2358 4088 2574 4158 quibus
2605 4092 2661 4142 et
2689 4090 2936 4142 vocatus
2969 4090 3039 4142 ad
3070 4089 3276 4143 altiora
3297 4089 3422 4156 fuit,
3443 4091 3507 4142 ut
3539 4104 3604 4141 se
3632 4090 3955 4157 praeberet

2269 4176 2630 4248 diligendum
2691 4176 2997 4242 omnibus,
3058 4179 3115 4231 et
3169 4178 3242 4230 ad
3309 4176 3723 4247 exequendum
3779 4177 3954 4248 quod

2185 4266 2238 4326 D
2269 4267 2618 4333 susceperat
2647 4266 3023 4334 episcopatus
3057 4264 3317 4319 ofﬁcium
3347 4267 3566 4334 praater
3596 4265 3763 4317 vires
3806 4281 3954 4319 cor-

2266 4353 2429 4422 poris
2461 4353 2800 4407 multotiens
2829 4353 3134 4407 exhiberet
3165 4353 3517 4408 officiosum.
3542 4353 3960 4407 Consumma-

2265 4444 2362 4496 tus
2395 4445 2586 4495 autem
2615 4443 2674 4494 in
2705 4441 2869 4495 brevi
2911 4442 3026 4510 (an.
3073 4440 3250 4512 M77),
3295 4458 3367 4496 ne
3412 4442 3626 4495 malitia
3661 4456 3778 4495 cor
3807 4443 3957 4514 ejus

2268 4529 2618 4598 immutaret,
2653 4529 2803 4598 apud
2834 4529 3126 4584 Valcellas
3167 4545 3233 4584 se
3256 4530 3495 4599 sepeliri
3527 4530 3849 4599 decrevit,
3893 4536 3962 4584 ut

2268 4619 2683 4689 religiosorum
2716 4619 3007 4672 obtineret
3040 4619 3318 4688 precibus
3359 4619 3516 4688 quod
3546 4618 3659 4672 sibi
3690 4618 3772 4672 de
3810 4635 3964 4689 pro-

2265 4707 2413 4777 priis
2444 4707 2668 4761 meritis
2699 4707 3010 4776 provenire
3040 4723 3156 4761 non
3187 4707 3604 4776 prwsumebat.

493 4813 606 4868 que
636 4796 831 4851 Amati
862 4795 1192 4850 Duacensis
1224 4799 1279 4848 et
1306 4795 1460 4848 beati
1485 4795 1790 4848 Donatiani
1822 4796 2153 4868 Brugensis

492 4885 869 4956 praepositus,
907 4883 1357 4938 Flandrensium
1400 4883 1597 4936 comiti
1644 4883 1909 4953 Philippo
1941 4885 2153 4957 singu-

492 4975 694 5028 lariter
723 4973 1066 5041 familiaris,
1101 4972 1301 5025 multis
1349 4971 1629 5025 clericum
1670 4973 2150 5042 reclamantibus,

493 5061 554 5116 in
575 5062 1088 5117 Cameracensium
1117 5065 1416 5132 pastorem
1447 5064 1537 5114 est
1569 5061 1793 5115 electus
1818 5063 1889 5116 ab
1912 5063 2030 5116 illis
2053 5063 2153 5135 qui

495 5151 746 5205 fortunae
767 5151 1120 5206 beneficium
1147 5151 1212 5204 in
1241 5164 1310 5206 eo
1335 5149 1639 5218 mirantes,
1661 5151 1978 5219 sperabant
1997 5152 2158 5223 quod

496 5239 811 5293 ecclesiam
842 5255 1010 5293 suam
1043 5239 1427 5311 singulariter
1463 5240 1772 5308 exaltaret,
1809 5240 1908 5310 qui
1943 5241 2157 5312 singu-

495 5329 696 5383 lariter
723 5329 1011 5383 exaltatus
1041 5331 1257 5384 mundo
1305 5333 1605 5400 stuporem
1648 5331 2004 5385 incusserat.
2039 5331 2156 5385 Im-

495 5420 732 5488 perator
758 5417 931 5470 etiam
962 5421 1023 5469 ut
1065 5418 1470 5472 investituram
1502 5419 1791 5489 regalium
1823 5420 2158 5488 susciperet

497 5507 570 5559 ad
598 5521 808 5576 preces
848 5504 1250 5576 descendens,
1293 5505 1593 5563 offerendo
1637 5509 1804 5577 prius
1841 5507 1969 5576 ipse
1998 5523 2155 5576 prae—

2337 4794 2424 4848 23.
2459 4795 2600 4850 Post
2629 4795 2938 4849 transitum
2971 4795 3167 4849 domni
3207 4795 3405 4848 Alardi
3437 4796 3689 4848 domnus
3728 4795 3967 4868 Roge-

2266 4900 2371 4937 rus
2393 4883 2464 4937 de
2485 4884 2755 4951 Waurin,
2776 4883 3172 4937 archidiaconi
3197 4886 3252 4937 et
3272 4883 3628 4937 thesaurarii
3649 4883 3967 4939 obtinens

2266 4972 2608 5044 dignitatem
2658 4971 2716 5024 in
2765 4971 3018 5025 ecclesia
3046 4970 3490 5039 Cameracensi,
3539 4975 3972 5027 communiter

2264 5061 2490 5116 electus
2523 5061 2615 5115 est
2645 5061 2761 5129 (an.
2795 5057 2976 5127 1178),
3005 5062 3060 5112 et
3091 5059 3218 5113 sine
3247 5058 3586 5113 difficultate
3617 5059 3971 5116 investitu-

2259 5166 2385 5204 ram
2416 5148 2638 5217 recepit
2683 5147 2755 5202 de
2804 5162 2980 5201 manu
3020 5147 3415 5217 imperatoris,
3449 5149 3586 5218 quia
3631 5150 3971 5218 quondam

2261 5238 2513 5310 gratiam
2536 5236 2668 5307 eius
2704 5239 3126 5306 promeruerat,
3155 5251 3288 5291 cum
3311 5237 3505 5306 ipsum
3535 5240 3590 5290 et
3619 5236 3967 5293 dominum

2260 5327 2542 5381 Alardum
2563 5325 2908 5396 episcopum
2931 5324 3160 5394 pridem
3180 5326 3241 5378 in
3264 5325 3427 5394 pacis
3458 5325 3738 5379 unitatem
3765 5343 3974 5382 revo-

2262 5419 2478 5469 casset.
2512 5413 2910 5469 Consecratus
2957 5413 3131 5468 etiam
3177 5413 3288 5466 fuit
3335 5413 3678 5467 solemniter
3720 5414 3978 5471 Romae

2259 5504 2319 5558 in
2360 5507 2555 5558 monte
2594 5504 2886 5559 Aventino
2935 5502 2994 5556 in
3037 5502 3293 5557 ecclesia
3335 5504 3557 5556 sanctae
3601 5500 3903 5573 Sabinae,
3945 5523 3984 5560 a

2087 5673 2342 5737 NOTZE

568 5787 715 5860 (484)
755 5784 1070 5850 Issoudun,
1104 5784 1162 5839 in
1200 5783 1585 5854 Biturigibus.
