4058 6182
232 350 330 413 213

925 345 1527 415 CONTINUATIO.
1550 383 1625 396 —
1651 348 2120 415 GESTORUM
2151 351 2459 426 VERSIO
2493 355 2884 420 GALLICA.

3501 366 3620 430 214

236 549 290 602 D.
307 545 576 601 Willelmo
595 545 914 602 Remorum
932 547 1382 619 archiepiscopo
1405 553 1462 604 et
1483 549 1702 605 ibidem
1721 567 1849 606 car-
1875 532 1935 594 Α
1955 570 2169 626 magno
2187 558 2569 626 permutatem
2588 557 2924 628 infortunio,
2958 562 3095 617 dum
3117 563 3497 636 privilegium
3529 565 3612 619 li-

235 637 574 691 dinalicreato
595 637 656 690 in
677 637 928 692 concilio
959 637 1400 702 Lateranensia
1436 639 1669 694 domino
1699 657 1850 711 papa

235 725 544 794 Alexandro,
575 727 742 795 prius
761 727 1029 781 mitratus
1051 743 1224 797 quam
1239 729 1708 783 consecrationis
1740 731 1849 785 ob-

231 817 407 870 tineret
426 815 777 886 dignitatem.
803 816 941 871 Suis
963 831 1104 870 vero
1126 803 1501 885 postmodum
1538 834 1669 872 cum
1693 820 1849 873 omni

229 903 557 974 jocundicate
577 905 906 973 restitutus,
932 920 1064 958 cum
1083 920 1312 959 summa
1326 922 1468 974 pace
1485 908 1638 961 rexit
1658 909 1838 962 eccle-

232 992 484 1057 siam,hoc
507 993 698 1046 solum
712 995 958 1062 excepto
979 994 1136 1063 quod
1163 1009 1362 1048 comes
1386 994 1701 1064 Flandriae,
1719 997 1846 1066 epi-

233 1095 380 1148 sc0po
397 1095 610 1133 moram
631 1081 834 1134 Romae
862 1080 1129 1151 faciente,
1162 1082 1618 1152 praaposituram
1661 1085 1849 1138 Novi-

230 1168 395 1234 castri,
425 1169 549 1237 ipso
588 1169 911 1238 nesciente,
954 1171 1132 1223 multa
1177 1170 1424 1240 pecunia
1464 1173 1846 1242 comparavit,

229 1258 899 1327 occupaturustotumjus
920 1259 1182 1328 episcopi
1204 1259 1430 1314 ratione
1459 1276 1584 1314 suae
1620 1262 1848 1330 portio-

228 1345 438 1410 nis,nisi
457 1344 701 1414 provida
730 1347 1124 1402 sollicitudine
1171 1348 1495 1403 remedium
1530 1350 1848 1419 episcopus

225 1437 368 1486 tanta;
380 1436 815 1504 praesumptioni
831 1436 1076 1490 sedulus
1089 1437 1482 1493 adhibuisset.
1499 1439 1672 1492 Nulla
1695 1455 1852 1492 nam-

227 1537 316 1592 que
333 1523 531 1576 timens
561 1524 820 1593 pericula
844 1526 937 1579 vel
961 1527 1167 1580 mortis
1192 1527 1284 1580 vel
1312 1527 1492 1595 exilii,
1518 1528 1848 1598 majoribus

226 1609 474 1665 Flandrize
488 1613 687 1681 etipso
713 1613 923 1668 comite
958 1618 1160 1669 contra
1195 1631 1329 1670 eum
1359 1617 1838 1686 insurgentibus,

225 1697 506 1754 hocmultis
536 1703 822 1770 expensis
846 1705 902 1756 et
930 1703 1234 1758 laboribus
1257 1705 1584 1759 exhaustus
1618 1705 1848 1758 tandem

222 1789 383 1858 evicit,
402 1791 555 1859 quod
570 1792 959 1860 praapositura
981 1795 1116 1860 post
1137 1797 1382 1847 mortem
1407 1794 1637 1848 comitis
1663 1794 1848 1847 libera

221 1876 277 1928 ad
297 1876 388 1945 jus
405 1879 667 1948 episcopi
689 1880 1120 1948 devolveretur,
1148 1884 1205 1935 et
1231 1896 1432 1936 comes
1452 1897 1578 1936 eam
1597 1883 1733 1936 dum
1755 1883 1846 1935 vi-

1952 644 2196 698 bertatis
2218 646 2276 698 in
2299 647 2569 715 quaedam
2590 649 3170 706 servitutisinstituta
3194 653 3603 710 commutatur!

2023 733 2111 788 95.
2138 734 2378 789 VVerris
2409 739 2698 804 praeterea
2741 741 2797 792 et
2833 740 3256 808 multiplicibus
3289 746 3411 796 tum
3445 744 3611 797 fami-

1953 824 2187 878 liarium
2228 841 2470 879 suorum
2513 827 3058 896 persecutionibus,
3101 833 3223 883 tum
3280 832 3611 887 amicorum

1954 929 2201 966 suorum
2224 915 3186 988 causisetnecessitatibus,quasi
3234 920 3291 970 in
3337 935 3473 973 area
3502 922 3611 974 tri-

1952 1003 2050 1055 tici
2075 1002 2378 1057 trituratus
2401 1004 2817 1074 episcopus,in
2841 1006 2937 1059 illa
2974 1007 3202 1060 famosa
3257 1009 3607 1079 peregrina-

1951 1093 2109 1145 tione
2132 1093 2364 1162 quando
2398 1109 2429 1146 a
2451 1092 2763 1147 Saracenis
2785 1095 3110 1150 novissime
3150 1096 3468 1166 subjugata
3499 1098 3609 1152 fuit

1951 1179 2333 1248 Iherusalem,
2362 1197 2493 1235 eum
2523 1183 2753 1236 caeteris
2776 1183 2887 1236 iter
2919 1185 3163 1254 arripuit
3193 1186 3610 1257 peregrinandi

1950 1269 2297 1323 desiderans
2317 1270 2618 1324 laboribus
2651 1275 2706 1326 et
2733 1273 2950 1326 sudore
2982 1274 3208 1342 proprii
3230 1275 3502 1342 corporis
3525 1274 3610 1328 di-

1949 1358 2110 1411 luere
2133 1359 2453 1429 quodinter
2475 1376 2584 1414 nos
2617 1365 3005 1415 conversatus
3031 1377 3105 1414 ex
3123 1364 3480 1432 episcopalis
3504 1379 3612 1418 ne-

1949 1447 2235 1517 gligentia
2258 1449 2565 1520 regiminis
2605 1453 2971 1504 contraxerat
3004 1453 3058 1503 et
3118 1450 3390 1505 humanae
3437 1452 3608 1523 culpa

1949 1538 2338 1608 contagionis.
2384 1538 2582 1592 Multis
2629 1541 2819 1592 autem
2857 1539 3164 1593 exhaustis
3195 1540 3499 1609 periculis,
3533 1541 3606 1595 ad

1947 1630 2170 1681 sanctae
2187 1626 2437 1680 civitatis
2453 1629 2804 1696 perveniens
2821 1628 3209 1696 obsidionem,
3227 1629 3404 1697 coepit
3416 1629 3609 1700 gravi-

1948 1731 2020 1769 us
2042 1715 2345 1778 inﬁrmari,
2364 1719 2418 1769 et
2432 1716 2584 1785 apud
2598 1716 2814 1786 Tyrum
2828 1716 3068 1786 relatus,
3086 1717 3490 1787 episcopatum
3509 1732 3610 1772 re-

1950 1807 2199 1876 signans
2224 1809 2278 1858 et
2300 1804 2781 1875 paupereli‘ectus
2804 1821 2911 1873 pro
2953 1805 3208 1872 Christo,
3254 1807 3365 1859 sub
3403 1806 3606 1861 habitu

1950 1895 2369 1948 canonicorum
2409 1895 2768 1964 regularium
2817 1879 3080 1966 migrans
3126 1912 3158 1948 a
3203 1895 3427 1948 saeculo
3477 1899 3596 1963 (an.

219 1966 510 2036 veret,jure
528 1983 641 2022 suo
656 1971 876 2021 tantum
891 1971 1641 2040 contentus,assignatisin
1661 1977 1845 2026 morte
1873 1970 1928 2034 B
1954 1982 2110 2052 1191)
2131 1998 2261 2037 cum
2291 1984 2528 2052 planctu
2560 1984 2818 2037 omnium
2852 1983 3229 2037 familiarium
3268 1999 3514 2037 suorum
3551 1985 3605 2038 ei

219 2069 302 2106 sua
324 2056 406 2108 cui
428 2056 684 2124 placeret
704 2057 1098 2128 septingentis
1128 2057 1318 2121 libris,
1359 2059 1540 2129 quieti
1566 2061 1845 2128 posside-

217 2147 312 2210 ret;
338 2147 388 2196 et
412 2144 756 2215 huiusmodi
779 2147 1098 2200 transactio
1117 2147 1459 2200 conﬁrmata
1478 2151 1569 2202 est
1589 2148 1845 2218 impera-

215 2232 334 2285 toris
354 2237 405 2287 et
420 2235 587 2304 regis
606 2231 874 2288 Franciae
892 2238 947 2288 et
965 2234 1258 2306 majorum
1272 2237 1688 2307 quorumlibet,
1707 2253 1846 2306 quo-

215 2333 318 2374 rum
333 2321 388 2374 in
409 2321 517 2376 hoc
537 2322 940 2376 testimonium
966 2323 1163 2378 valere
1185 2325 1458 2394 potuerit,
1484 2325 1840 2397 privilegiis.

269 2409 344 2464 24.
384 2409 511 2464 Orta
559 2411 935 2481 postmodum
979 2411 1130 2465 inter
1169 2407 1364 2482 ipsum
1405 2417 1460 2467 et
1499 2414 1662 2468 cives
1699 2429 1844 2468 suos

213 2497 490 2568 discordia,
515 2499 659 2571 quia
691 2501 1024 2554 communia
1067 2500 1321 2555 civitatis
1367 2501 1562 2555 minus
1601 2503 1846 2557 licenter

214 2590 257 2639 et
278 2586 504 2642 libenter
527 2591 733 2642 contra
769 2589 1096 2643 libertatem
1121 2588 1471 2644 clericorum
1503 2607 1713 2646 manus
1744 2607 1842 2645 ex-

213 2675 466 2745 tendebat,
510 2678 583 2730 ad
621 2677 867 2732 caesaris
909 2677 1262 2732 audientiam
1308 2679 1416 2732 fuit
1465 2680 1839 2748 appellatum:

213 2762 292 2816 ubi
331 2764 654 2835 majoribus
703 2767 883 2820 curiae
934 2767 1196 2836 pontifici
1244 2767 1663 2835 adnitentibus,
1707 2769 1872 2838 quia'

213 2852 520 2907 communica
539 2853 872 2924 conjuratio
897 2855 1174 2910 omnibus
1189 2857 1466 2910 ecclesiae
1509 2857 1841 2910 libertatem

209 2939 554 3011 diligentibus
602 2947 697 2996 est
722 2943 947 3010 odiosa,
987 2943 1058 2996 ab
1103 2944 1459 3014 imperatore
1500 2945 1841 2999 solemniter

212 3032 502 3084 communia
519 3030 972 3086 Cameracensis
997 3031 1104 3085 fuit
1126 3032 1481 3102 abjudicata,
1509 3049 1834 3087 concessa-

208 3133 298 3186 que
323 3117 419 3171 fuit
449 3119 736 3189 episc0po
771 3121 1142 3188 imperatoris
1165 3121 1354 3174 edicto
1377 3125 1641 3191 potestas
1673 3122 1835 3176 ordi-

206 3207 351 3258 nandi
375 3207 441 3262 de
473 3209 711 3262 civitate
735 3208 1036 3262 etcivibus
1060 3211 1229 3278 prout
1249 3211 1522 3264 ecclesiae
1550 3211 1836 3281 tranquil-

206 3291 314 3348 litas
333 3299 382 3349 et
404 3296 672 3365 episcopi
693 3297 946 3352 eutentia
965 3297 1358 3367 decrevisset;
1393 3303 1447 3352 et
1497 3315 1677 3368 super
1721 3301 1834 3354 hoc

1948 2073 2357 2127 assistentium
2378 2072 2434 2124 in
2453 2071 2683 2126 Sanctae
2706 2073 2914 2126 Crucis
2939 2073 3193 2126 ecclesia
3224 2075 3601 2127 monumento

1946 2167 2241 2231 receptus,
2269 2165 2528 2216 extrema
2559 2164 2652 2216 sui
2695 2162 3026 2233 abjectione
3071 2161 3385 2232 paenitendi
3415 2162 3606 2216 moni-

1945 2253 2203 2305 mentum
2227 2251 2354 2304 suis
2374 2251 2654 2319 deseruit,
2680 2251 2995 2304 conferens
3018 2251 3077 2304 in
3095 2251 3474 2304 refectionem
3507 2265 3599 2304 ca-

1945 2339 2289 2393 nonicorum
2311 2340 2706 2410 quotidianam
2731 2340 3020 2409 regeriam
3053 2342 3302 2408 quatuor
3330 2339 3591 2391 mencal-

1944 2428 2152 2482 dorum
2178 2427 2384 2481 farinae
2408 2444 2512 2496 per
2525 2427 2969 2494 hebdomadam,
2995 2431 3074 2494 ut,
3109 2425 3478 2480 indeficiente
3499 2442 3600 2494 pa-

1944 2532 2034 2585 ne,
2058 2533 2260 2571 eorum
2293 2517 2655 2571 orationibus
2687 2518 2745 2570 in
2769 2521 3050 2571 aeternum
3073 2515 3391 2570 reﬁcietur.

2013 2604 2101 2660 26.
2127 2605 2276 2670 Quot
2297 2609 2488 2660 autem
2510 2611 2565 2659 et
2596 2609 2807 2676 quanta
2830 2609 3027 2674 patres
3077 2605 3340 2674 praedicti
3385 2608 3596 2659 contu-

1943 2695 2139 2749 lerunt
2157 2694 2427 2749 ecclesiae
2459 2683 2677 2748 nostrae
2698 2693 3007 2761 beneficia,
3033 2692 3252 2747 licetex
3268 2692 3600 2763 privilegiis

1942 2784 2116 2838 nobis
2141 2783 2381 2838 indultis
2404 2783 2768 2853 perpendere
2798 2783 3193 2850 manifestius,
3245 2781 3380 2852 quia
3428 2782 3601 2836 nobis

1941 2873 2204 2942 ipsorum
2229 2872 2535 2943 largitione
2549 2871 2868 2941 quotidiani
2884 2871 3053 2940 panis
3079 2870 3434 2924 abundantia
3457 2886 3595 2924 con-

1941 2959 2148 3027 fertur,
2191 2977 2258 3015 ea
2288 2960 2620 3014 conditione
2657 2962 2719 3014 ut
2741 2960 2989 3014 fideliter
3034 2959 3170 3029 jura
3219 2959 3420 3013 matris
3470 2975 3595 3013 suae

1943 3049 2323 3102 servantibus
2347 3051 2519 3102 etiam
2569 3049 2832 3102 caelestis
2879 3047 3184 3101 retributio
3237 3046 3595 3100 conferatur.

1942 3137 2055 3190 Sed
2082 3153 2219 3191 ecce
2241 3138 2298 3190 in
2322 3137 2414 3189 die
2440 3135 2686 3204 Domini,
2709 3137 3063 3189 inﬁdelitatis
3089 3137 3362 3188 timemus
3401 3135 3596 3205 argui,

1943 3227 2096 3297 quia,
2123 3226 2294 3278 nobis
2313 3227 2482 3295 quasi
2516 3216 2944 3292 nescientibus:
2965 3225 3036 3278 de
3069 3223 3400 3294 integritate
3434 3227 3488 3276 et
3507 3224 3598 3276 di-

1942 3315 2159 3383 gnitate
2183 3314 2500 3383 episcopali
2519 3330 2768 3384 quaeque
2791 3314 3048 3382 pretiosa
3071 3312 3468 3381 deperierunt,
3496 3328 3595 3364 ca-

206 3383 544 3456 privilegium
567 3386 678 3439 fuit
698 3386 984 3440 indultum
1016 3391 1071 3440 et
1111 3387 1443 3456 principum
1492 3389 1826 3442 testimonio

1947 3406 2064 3456 stra
2097 3401 2366 3456 videlicet
2389 3403 2498 3455 ista
2520 3383 2914 3471 l5aluel,0isy,
2948 3402 3436 3468 Haveraincourt,
3464 3401 3598 3454 Cri-

208 3473 681 3545 consignatum,et
699 3477 893 3529 omnia
916 3475 1265 3529 eommuniae
1306 3476 1565 3548 insignia
1596 3477 1833 3531 fuerunt

206 3563 406 3628 penitus
420 3564 828 3618 exterminata.
856 3564 1102 3617 Domino
1124 3566 1317 3618 autem
1338 3566 1618 3636 episcopo
1637 3567 1832 3619 minus

203 3647 423 3705 discrete
436 3651 955 3723 quoddamjugum
973 3653 1280 3708 servitutis
1296 3655 1675 3725 gravissimae
1698 3655 1833 3708 civi-

201 3736 292 3791 bus
317 3741 435 3794 suis
459 3756 524 3794 se
543 3741 962 3810 impositurum
996 3743 1405 3812 comminante,
1431 3758 1565 3796 cum
1589 3742 1782 3810 potius
1801 3759 1832 3796 a

205 3829 483 3883 severitate
498 3830 656 3883 foret
670 3831 1112 3898 temperandum
1124 3873 1137 3898 ,
1153 3831 1316 3884 cives
1333 3831 1404 3884 ab
1422 3830 1830 3900 imperatorem

207 3914 571 3987 festinantius,
595 3933 730 3972 cum
773 3919 953 3972 multa
973 3919 1223 3989 pecunia
1247 3922 1613 3986 recurentes,
1639 3921 1830 3973 elimi-

203 4009 310 4058 nato
329 4007 676 4060 communiae
701 4007 935 4061 nomine
953 4009 1110 4078 quod
1150 4023 1390 4078 semper
1437 4008 1830 4062 abominabile

202 4093 369 4148 existit
389 4097 499 4150 sub
538 4095 778 4149 nomine
799 4095 990 4165 pacis,
1016 4099 1359 4150 cumtamen
1374 4113 1485 4166 pax
1507 4111 1624 4150 non
1644 4099 1826 4167 esset,

201 4186 370 4236 contra
400 4185 749 4254 episcopum
790 4187 848 4238 et
879 4183 1231 4238 clericorum
1277 4185 1624 4252 libertatem,
1677 4187 1833 4239 sicut

203 4266 344 4325 hodie
370 4277 460 4327 est
481 4272 763 4343 experiri,
787 4272 1167 4344 privilegium
1191 4289 1298 4327 sua
1329 4274 1627 4328 voluntate
1658 4277 1714 4328 et
1735 4290 1832 4328 se-

202 4355 382 4414 ditione
398 4361 641 4430 plenum
657 4363 1125 4431 reportaverunt.
1151 4362 1196 4416 Ο
1220 4362 1467 4432 primam
1491 4363 1826 4417 felicitatem

1940 3507 2175 3559 vecuer,
2231 3491 2683 3560 V‘Vallaincourt,
2739 3491 3094 3560 Busignies,
3149 3490 3596 3558 Saint-Obers,

1936 3581 2217 3649 Hordain,
2244 3583 2298 3634 et
2323 3580 2470 3633 facta
2495 3583 2632 3634 sunt
2654 3580 2825 3634 nobis
2854 3579 3028 3649 quasi
3058 3579 3262 3632 clavus
3299 3580 3355 3631 in
3381 3579 3592 3645 oculis,

1931 3686 2065 3724 eum
2097 3670 2379 3723 deberent
2399 3684 2536 3722 esse
2559 3670 3000 3739 propugnacula
3033 3669 3370 3722 securitatis
3393 3684 3406 3734 ;
3433 3667 3593 3720 fora-

1931 3760 2120 3813 strum
2153 3755 2230 3797 357
2264 3773 2498 3827 quoque
2522 3757 2752 3827 regium
2775 3758 2931 3827 quod
2953 3757 3252 3826 episcopis
3286 3757 3482 3809 datum
3506 3758 3598 3808 est

1930 3848 1990 3899 in
2004 3862 2152 3900 usus
2169 3845 2438 3913 venandi,
2461 3849 2518 3900 et
2534 3845 2869 3913 deputatum
2889 3847 2946 3899 in
2960 3846 3370 3900 defensionem
3383 3861 3599 3898 marcze

1931 3935 2275 4005 imperialis,
2298 3935 2374 3986 ita
2393 3935 2625 4002 penitus
2649 3935 2915 4004 deperiit,
2952 3935 3107 4005 quod
3141 3950 3250 3988 nec
3283 3934 3467 4003 sylvaa
3499 3949 3598 4003 pe-

1933 4024 2092 4077 nitus
2118 4023 2369 4093 vestigia
2405 4024 2670 4089 retineat,
2707 4038 2816 4076 nec
2848 4023 3083 4092 aliquod
3107 4023 3367 4092 praebeat
3403 4023 3600 4076 obsta-

1936 4111 2628 4165 culumincursantibus:
2668 4112 2725 4164 in
2763 4112 2980 4181 quibus
3000 4112 3275 4165 omnibus
3309 4127 3600 4165 revocan-

1935 4200 2049 4269 dis,
2083 4204 2256 4269 prout
2278 4205 2509 4268 tempus
2546 4200 2748 4270 exigit,
2783 4201 3019 4253 unicum
3048 4205 3230 4252 restat
3263 4200 3597 4269 consilium,

1937 4293 2016 4356 ut,
2052 4289 2363 4359 evaginato
2387 4289 2581 4359 gladio
2599 4289 2778 4355 Petri,
2797 4287 2948 4340 alius
2967 4303 3143 4357 quem
3169 4287 3361 4341 adhuc
3386 4287 3600 4358 vagina

1939 4378 2253 4446 concludit,
2279 4377 2600 4432 efficaciter
2631 4379 2980 4431 conseratur
2995 4373 3097 4428 358.

880 4535 1632 4654 GESTORUM
1661 4537 2153 4654 VEBSIO
2190 4533 2831 4649 GALLICA-

258 4712 299 4764 1.
329 4713 432 4780 (Cf.
457 4715 712 4786 Except.
742 4714 926 4786 Gaug.
947 4716 1026 4786 9..)
1058 4715 1323 4786 Aprésla
1353 4722 1503 4772 mort
1525 4719 1825 4789 l’evesque
1862 4719 1915 4778 D
1949 4734 2022 4773 ne
2038 4719 2194 4785 “chilz
2211 4732 2282 4772 ne
2305 4717 2497 4770 ehiulz
2517 4717 2761 4785 aultres,
2786 4717 2934 4769 mais
2958 4715 3160 4770 chiulx
3189 4729 3303 4784 que
3335 4712 3373 4766 li
3412 4725 3604 4780 empe-

203 4795 518 4871 Gerard(an.
549 4801 712 4872 1092)
735 4803 1062 4873 ot(GaIlice
1083 4807 1202 4874 eut)
1227 4805 1561 4860 dissention
1584 4809 1641 4860 et
1661 4810 1834 4878 grant

203 4884 444 4944 discorde
469 4892 712 4946 entrele
753 4891 1002 4963 clergiet
1041 4892 1113 4946 de
1161 4892 1470 4965 Cambray.
1510 4894 1573 4948 Si
1603 4895 1835 4965 (ainsi)

205 4975 468 5034 n'eslirent
487 4996 751 5051 evesque
767 4995 840 5035 en
861 4984 1031 5052 grant
1052 4984 1263 5051 tamps.
1289 4981 1351 5035 Si
1381 4983 1633 5036 estoient
1656 4984 1838 5038 moult

203 5061 569 5134 hayetmault
586 5069 776 5124 blame
797 5070 874 5124 du
909 5071 1081 5140 peule
1120 5070 1400 5141 (pen/ile),
1438 5075 1493 5125 et
1536 5075 1716 5141 quant
1756 5074 1838 5127 vit

204 5149 428 5220 lipeules
455 5174 572 5229 que
596 5159 637 5211 li
666 5173 930 5212 cannone
963 5173 1034 5212 ne
1066 5158 1342 5214 faisoient
1366 5159 1480 5213 mie
1513 5175 1833 5232 evesques,

204 5241 244 5291 Si
279 5245 403 5312 qu’il
439 5244 769 5317 davissent,
791 5249 845 5301 si
891 5248 1326 5302 assemblerent
1348 5251 1553 5303 contra
1607 5250 1750 5304 Dieu
1782 5253 1838 5304 et

203 5325 272 5381 les
289 5330 440 5386 drois
471 5335 544 5389 de
580 5335 768 5390 sainte
799 5336 1010 5408 eglise,
1047 5341 1102 5391 et
1128 5338 1344 5391 tinrent
1376 5352 1491 5391 une
1523 5338 1832 5409 audienee,

202 5420 245 5468 et
262 5418 518 5486 jurerent
537 5424 683 5478 entr’
703 5425 1014 5494 iaux(eux)
1039 5425 1178 5497 qu’il
1200 5441 1273 5481 ne
1299 5426 1490 5480 seroit
1535 5441 1834 5497 evesques

1947 4822 2115 4861 reres
2139 4823 2174 4876 y
2206 4807 2567 4875 envoyeroit.
2606 4805 2749 4858 Puis
2784 4809 2843 4858 ot
2874 4804 2914 4857 li
2957 4805 3164 4873 peules
3215 4801 3418 4855 consel
3469 4800 3608 4870 qu’il

1948 4895 2365 4966 envoyeroient
2380 4895 2433 4949 le
2450 4893 2665 4948 croche
2678 4893 2978 4962 l'evesque
2998 4893 3395 4960 al‘empereur
3407 4890 3608 4959 Henry

1948 4985 2002 5038 le
2016 4983 2222 5038 tiercb.
2239 4984 2390 5037 Dont
2403 4984 2462 5036 fu
2477 4997 2616 5052 pres
2629 4982 2720 5035 del
2740 4986 3028 5051 porterun
3042 4980 3309 5050 gentiulx
3323 4979 3494 5034 homs
3510 4979 3611 5049 qui

1949 5077 2007 5127 ot
2024 5088 2160 5126 nom
2173 5072 2514 5137 Masselins,
2534 5085 2750 5140 pravos
2769 5069 2840 5123 de
2857 5069 3109 5140 l’eglise;
3130 5071 3185 5122 et
3203 5069 3322 5122 dist
3339 5084 3452 5138 que
3468 5067 3615 5122 c’es-

1947 5161 2050 5215 toit
2073 5177 2174 5216 ses
2196 5160 2402 5214 droits.
2426 5159 2575 5212 Mais
2599 5157 2976 5212 moulttostle
2996 5157 3263 5211 contredi
3292 5156 3608 5226 Erlebaus,

1948 5254 2220 5304 coustres
2235 5250 2305 5304 de
2319 5248 2566 5319 l’eglise,
2589 5251 2646 5301 et
2662 5246 2780 5300 dist
2795 5261 2909 5316 que
2929 5245 3158 5300 c’estoit
3175 5245 3215 5298 li
3236 5246 3401 5300 siens
3421 5245 3605 5300 drois.

1948 5335 2866 5406 Ainsiescrimercntlongtamps
2899 5338 3262 5404 pourporter
3296 5335 3350 5388 le
3366 5334 3606 5403 croche,

1948 5429 2086 5481 etne
2107 5427 2190 5480 fut
2205 5442 2308 5495 pas
2327 5424 2548 5495 portée.
2564 5423 2734 5478 Ainsi
2746 5439 2928 5493 passa
2942 5439 3054 5478 uns
3068 5439 3176 5478 ans
3200 5423 3446 5494 entiers,
3464 5422 3606 5493 qu’il

1469 5522 1764 5583 VARI/E
1807 5521 2302 5584 LECTIONES.

254 5636 319 5680 35"
339 5642 377 5696 ἰ.
395 5658 453 5722 _e.
477 5642 785 5722 forestum.
862 5644 942 5689 δε
969 5645 1082 5722 Hic
1103 5647 1396 5722 desim“).
1426 5668 1448 5698 ι
1485 5665 1609 5722 quae
1628 5647 1718 5722 ibj
1735 5649 1924 5704 adhuc
1947 5653 2287 5722 sequentur,
2315 5647 2538 5717 scripta
2561 5649 2697 5701 sunt
2728 5645 2843 5701 alia
2875 5661 3064 5713 manu,
3091 5645 3201 5702 sed
3220 5645 3366 5700 adeo
3385 5643 3611 5710 mutiIa,

207 5714 252 5760 ut
271 5725 337 5766 ex
352 5715 435 5770 eis
457 5717 618 5772 certi
637 5717 942 5790 quidquam
971 5719 1074 5774 vix
1093 5719 1317 5776 elicere
1349 5719 1443 5774 fas
1471 5714 1572 5774 sit.
1612 5744 1632 5768 ››
1670 5720 1883 5780 ΒηιΑι.
