4086 6180
275 331 372 396 221
947 327 1547 391 CONTINUATIO.
1601 363 1668 375 —
1713 327 2182 395 GESTORUM
2227 332 2538 397 VERSIO
2587 337 2960 400 GALLICA

3545 339 3664 404 222

275 531 402 584 lavie
427 544 569 598 pour
599 527 757 580 Dieu.
794 528 934 582 Puis
965 529 1150 582 assist
1173 544 1251 582 un
1282 531 1447 583 autre
1467 531 1671 585 castiel
1703 532 1803 602 qui
1836 534 1895 586 ot
1917 511 1964 571 Α
2003 531 2352 604 l‘evesquiet
2382 538 2438 590 et
2477 537 2548 591 de
2590 538 2958 608 l’empereur.
3001 541 3064 595 Si
3105 557 3219 612 que
3258 540 3568 597 Manassés
3599 541 3663 596 fu

275 635 388 673 nom
414 618 752 688 Busegnies,
785 622 841 671 et
869 618 921 672 le
951 618 1100 686 prist
1138 634 1244 688 par
1273 619 1498 673 forche.
1535 621 1675 674 Puis
1707 622 1893 675 assist

274 726 335 764 1111
347 707 515 760 aultre
529 707 624 776 qui
645 711 701 760 ot
718 723 852 760 nom
878 707 1186 775 Boussies,
1204 711 1261 761 ot
1281 708 1334 761 le
1353 709 1502 778 prist
1518 711 1704 764 aussi.
1721 711 1890 765 l’uist

272 797 451 866 prisl-il
474 811 572 864 par
595 795 796 849 forclie
820 796 1042 850 aultres
1066 797 1354 864 castiaux,
1380 813 1574 866 cases,
1603 800 1886 868 maisons,

272 891 315 938 et
339 890 444 938 tout
467 900 527 937 ce
549 884 680 953 qu’il
717 885 871 937 veoit
900 886 999 954 qui
1032 887 1269 956 gesnoit
1296 885 1328 938 ii
1363 902 1474 940 son
1504 892 1652 955 pa'is.
1681 889 1762 942 De
1787 904 1890 943 ces

272 989 417 1028 coses
453 973 694 1026 deseure
731 973 917 1026 dictes
959 974 1017 1026 fu
1050 973 1090 1026 11
1122 989 1382 1044 evesque
1422 976 1602 1030 moult
1642 977 1804 1030 amés
1835 981 1891 1031 et

272 1063 535 1115 durement
568 1061 784 1130 prisiés
828 1062 934 1114 des
976 1078 1156 1132 grans
1190 1067 1243 1116 et
1275 1063 1382 1116 des
1422 1065 1595 1133 petis,
1633 1069 1688 1117 et
1716 1067 1786 1119 de
1820 1082 1887 1118 ce

267 1152 381 1221 qu’il
411 1151 506 1202 tint
541 1166 642 1203 ses
683 1150 896 1220 subgis
941 1151 993 1203 si
1035 1151 1169 1204 bien
1210 1168 1282 1206 en
1321 1153 1481 1222 pais,
1527 1154 1586 1207 fu
1627 1155 1665 1207 il
1707 1156 1889 1208 moult

268 1238 626 1307 commendes,
663 1240 942 1292 meismes
973 1240 1044 1293 de
1077 1240 1312 1294 chiaulx
1343 1243 1443 1312 qui
1470 1243 1524 1296 1e
1560 1243 1833 1299 liaioient.

323 1345 393 1400 13.
431 1345 618 1415 Apres
651 1362 754 1400 ces
785 1361 959 1400 coscs
991 1348 1142 1416 prist
1185 1348 1220 1400 li
1265 1364 1526 1420 evesque
1558 1349 1886 1405 Gaucliiers

266 1451 529 1506 vengance
559 1435 668 1488 des
701 1451 1001 1490 canonnes
1047 1437 1142 1506 qui
1185 1438 1438 1491 estoient
1476 1438 1589 1492 alet
1629 1439 1661 1492 8
1703 1441 1887 1494 Rains

263 1524 479 1594 pourlui
499 1524 773 1592 deposer.
801 1523 912 1577 Car
932 1524 970 1578 il
993 1525 1119 1578 leur
1149 1526 1248 1578 toli
1279 1527 1441 1580 leurs
1473 1529 1808 1596 provendes
1833 1533 1888 1584 et

262 1615 395 1667 leurs
425 1613 831 1682 possessions,
873 1618 929 1668 et
967 1613 1055 1668 les
1096 1615 1287 1668 donna
1329 1632 1396 1670 as
1441 1617 1632 1670 clercs
1676 1619 1773 1687 qui
1815 1633 1884 1671 en

263 1701 467 1774 s'eglise
489 1702 914 1757 demouroient.
940 1703 1084 1756 Puis
1106 1704 1194 1758 les
1219 1704 1315 1757 list
1337 1705 1372 1757 li
1397 1720 1692 1776 evesques
1716 1708 1889 1762 chan-

261 1798 331 1846 ter
355 1796 404 1845 et
433 1790 573 1845 faire
605 1790 660 1844 le
693 1792 928 1845 service
951 1792 1020 1846 de
1046 1792 1189 1847 Dieu
1213 1795 1392 1847 moult
1415 1794 1804 1865 devotement,
1832 1800 1888 1850 et

2004 623 2261 693 rechups
2291 623 2514 679 dedens
2545 626 2599 679 la
2631 629 2764 694 cite,
2787 630 2838 682 si
2861 644 2928 682 se
2950 630 3058 683 tint
3089 646 3314 684 comme
3337 645 3657 700 evesques,

2011 713 2065 764 et
2093 711 2198 765 tint
2228 728 2442 780 senne,
2475 720 2529 768 et
2561 715 2620 769 ﬁt
2652 717 2935 784 ordenes,
2969 721 3024 771 et
3065 719 3342 772 demoura
3373 718 3527 773 iluee
3559 734 3664 788 par

2002 801 2146 854 trois
2180 803 2350 870 mois,
2375 808 2430 856 et
2454 803 2550 857 toli
2584 806 2671 858 les
2703 805 3004 860 beneﬁees
3029 807 3060 859 8
3083 808 3255 861 ceulx
3279 807 3379 877 qui
3409 809 3664 862 estoient

2001 889 2073 942 de
2103 891 2154 943 la
2186 891 2369 960 partie
2393 892 2690 963 l’evesque
2713 894 3063 961 Gauchiers,
3089 900 3144 949 et
3168 895 3256 948 les
3287 895 3480 948 donna
3505 897 3535 948 8
3557 911 3660 950 ses

2002 978 2171 1031 amis.
2205 979 2372 1032 Ainsi
2404 995 2516 1049 que
2541 996 2606 1034 ce
2641 982 2698 1035 fu
2733 983 2852 1050 fait,
2878 983 2931 1036 si
2956 984 3078 1036 vint
3111 985 3161 1036 la
3195 983 3466 1037 nouvelle
3489 997 3603 1053 que
3625 984 3662 1037 li

2003 1081 2296 1136 evesques
2329 1070 2656 1124 Gauchiers
2695 1072 2948 1140 reparoit
2986 1072 3056 1125 de
3096 1076 3264 1125 court
3296 1087 3328 1125 ο
3363 1071 3444 1124 lui
3477 1087 3660 1142 grans

2001 1156 2238 1224 princes
2271 1157 2340 1210 de
2373 1174 2479 1226 par
2510 1159 2874 1227 l‘empereur.
2900 1159 3102 1224 Quand
3129 1177 3194 1214 ce
3219 1176 3292 1230 ογ
3326 1159 3658 1229 Manassés,

2000 1244 2050 1294 si
2087 1243 2164 1296 fui
2200 1244 2344 1298 hors
2385 1246 2455 1299 de
2497 1247 2547 1299 la
2591 1248 2721 1314 cite,
2765 1253 2818 1301 et
2861 1249 2897 1300 11
2944 1264 3239 1319 evesques
3270 1248 3595 1302 Gauchiers
3628 1265 3663 1319 γ

2001 1336 2194 1399 entra,
2229 1336 2284 1385 et
2324 1334 2364 1386 li
2405 1336 2606 1402 prince
2637 1336 2987 1406 l'empereur
3031 1338 3224 1405 aussi,
3272 1337 3369 1406 qui
3411 1337 3663 1390 estoient

2001 1437 2152 1474 venu
2177 1437 2324 1489 pour
2345 1425 2581 1490 seavoir
2604 1425 2778 1494 liquel
2801 1425 3054 1479 estoient
3075 1425 3380 1480 obeissant
3401 1425 3433 1478 8
3449 1425 3660 1478 l’eves-

2000 1525 2113 1580 que
2137 1514 2190 1562 et
2213 1509 2390 1580 liquel
2421 1528 2558 1565 non.
2584 1513 2753 1580 Dont,
2780 1514 3258 1567 commanderent
3288 1514 3327 1566 li
3361 1514 3568 1583 prince
3589 1514 3660 1567 de

1999 1597 2493 1668 parl’empereur,
2512 1605 2668 1654 o'iant
2683 1601 2868 1655 toutle
2883 1603 3070 1670 peule,
3089 1619 3201 1672 que
3216 1605 3338 1656 tout
3352 1602 3661 1656 obeissent

2001 1687 2032 1740 a
2062 1687 2361 1758 l’evesque
2394 1688 2742 1758 Gauchiers,
2778 1693 2833 1744 et
2863 1690 2963 1760 qui
2993 1706 3066 1744 ne
3098 1691 3152 1743 18
3185 1691 3374 1757 feroit,
3407 1690 3444 1742 il
3477 1690 3662 1744 seroit

1997 1778 2224 1829 anemis
2257 1777 2288 1830 ἐι
2319 1777 2690 1846 l’empereur.
2720 1778 2870 1832 Dent
2901 1779 3025 1833 s’en
3049 1780 3330 1848 partirent
3362 1779 3398 1830 li
3431 1794 3659 1833 aucuns

258 1881 286 1933 11
307 1881 564 1934 [1181811188
586 1881 678 1934 les
696 1880 932 1934 visetoit
956 1884 1207 1936 souvent
1228 1887 1282 1936 et
1305 1882 1393 1936 les
1417 1884 1638 1938 incitoit
1661 1884 1732 1938 de
1751 1885 1882 1940 bien

1999 1865 2106 1918 des
2138 1865 2353 1932 clercs,
2396 1866 2433 1919 li
2483 1867 2707 1921 aultres
2750 1872 3066 1922 remesent.
3105 1868 3256 1920 Lors
3297 1867 3581 1920 demenda
3621 1867 3661 1920 11

256 1970 396 2036 faire,
418 1972 470 2022 et
490 1969 826 2039 multiplioit
846 1972 1007 2024 leurs
1029 1971 1201 2024 biens
1226 1973 1608 2041 temporeulx,
1637 1973 1690 2026 si
1712 1989 1824 2044 que
1847 1976 1887 2028 il

254 2057 553 2112 leurdonna
574 2062 782 2129 quatre
806 2059 1058 2128 auteulx,
1080 2059 1294 2114 l’auteil
1319 2061 1389 2114 de
1407 2059 1712 2132 Cantaing,
1734 2064 1886 2117 celui

253 2148 310 2200 de
339 2148 548 2216 Riewe,
589 2147 742 2201 celui
778 2148 850 2202 de
883 2148 1215 2218 \Vambais,
1251 2150 1402 2203 celui
1433 2151 1504 2203 de
1536 2150 1794 2219 VVethie,
1833 2154 1888 2204 et

253 2236 406 2289 moult
423 2235 702 2290 d’aultres
723 2237 897 2291 biaus
917 2238 1087 2292 dens.
1110 2239 1279 2291 Ainsi
1298 2237 1356 2291 fu
1375 2238 1414 2290 1i
1432 2253 1728 2310 evesques
1742 2239 1887 2294 Gau-

254 2323 421 2378 chiers
450 2341 481 2379 o
514 2340 617 2378 ses
650 2326 843 2380 clercs
876 2342 952 2379 un
986 2328 1081 2396 poi
1122 2327 1194 2381 de
1233 2331 1424 2396 tamps
1457 2342 1528 2381 en
1558 2328 1696 2398 paix
1727 2334 1782 2383 et
1811 2345 1885 2383 en

253 2413 445 2480 soulas,
471 2413 521 2467 si
551 2429 670 2483 que
701 2414 755 2468 le
789 2419 978 2469 oirent
1007 2417 1042 2468 li
1079 2431 1341 2470 canonne
1369 2417 1468 2486 qui
1501 2417 1751 2471 estoient
1772 2417 1886 2472 alet

251 2501 277 2552 ἐι
303 2502 487 2567 Rains,
513 2505 570 2556 et
592 2504 827 2558 veoient
858 2505 995 2574 qu‘il
1029 2506 1262 2558 avoient
1289 2505 1520 2559 laissiet
1543 2505 1672 2558 leur
1697 2505 1886 2576 eglise

251 2594 356 2658 trop
385 2591 691 2660 folement,
725 2596 782 2646 et
813 2592 929 2645 chil
969 2593 1066 2664 qui
1110 2595 1360 2647 estoient
1399 2595 1661 2648 demeret
1694 2595 1884 2649 crois-

250 2679 415 2733 scient
452 2681 980 2750 espirituellement
1027 2685 1082 2734 et
1129 2683 1661 2751 temporalement;
1715 2683 1765 2736 si
1819 2699 1884 2736 se

251 2770 576 2836 repentirent
628 2768 883 2822 for-ment
931 2786 1043 2840 que
1091 2786 1239 2840 pour
1288 2771 1604 2826 Manassen
1654 2773 1886 2826 avoient

248 2858 428 2927 guerpi
451 2857 500 2912 le
523 2858 666 2910 boin
689 2873 950 2928 evesque
968 2859 1279 2913 Gauchier.
1307 2860 1460 2914 Lors
1492 2864 1657 2914 orent
1680 2860 1883 2914 consel

247 2945 362 3012 qu'il
393 2946 699 2999 venroient
739 2946 770 2998 f1
811 2947 889 2999 lui
934 2950 988 3000 et
1028 2949 1366 3017 querroient
1398 2948 1783 3003 misericorde
1816 2979 1883 2988 -

247 3047 332 3085 car
349 3034 381 3086 il
407 3035 453 3088 le
476 3035 788 3101 scavoient
805 3035 997 3090 doucli
1017 3040 1072 3090 et
1095 3038 1324 3106 piu—et
1340 3037 1480 3108 qu’il
1499 3037 1626 3091 leur
1641 3038 1886 3092 laissast

246 3123 504 3190 repairier
533 3124 567 3177 a
601 3125 736 3177 leur
766 3125 990 3194 eglise;
1021 3129 1077 3178 et
1107 3125 1144 3178 il
1176 3125 1228 3180 le
1259 3125 1358 3180 list
1387 3128 1569 3181 moult
1602 3127 1884 3199 benigne-

1997 1969 2294 2024 evesques
2333 1955 2364 2007 8
2406 1955 2578 2008 ceulx
2610 1956 2707 2026 qui
2742 1956 3115 2010 demorerent
3158 1957 3287 2010 leur
3323 1955 3401 2009 foi
3441 1959 3497 2010 et
3535 1955 3662 2010 leur

1998 2046 2276 2110 serment,
2303 2047 2358 2096 et
2380 2044 2518 2114 qu‘il
2544 2044 2582 2096 li
2614 2044 2864 2100 feissent
2894 2046 3227 2116 liommage,
3254 2050 3310 2100 et
3333 2045 3372 2099 il
3403 2046 3454 2099 si
3488 2046 3662 2099 ﬁsent

1997 2135 2120 2185 tout
2151 2137 2205 2184 et
2237 2132 2434 2185 clerch
2467 2135 2523 2186 et
2553 2134 2643 2203 lay
2669 2149 2812 2188 88118
2844 2134 3152 2202 contredit,
3179 2149 3253 2188 en
3283 2135 3336 2188 la
3367 2147 3660 2203 presence

1997 2219 2104 2273 des
2129 2221 2366 2288 princes
2391 2220 2756 2290 l'empereur.
2774 2222 2923 2275 Mais
2943 2222 3004 2292 je
3022 2223 3183 2290 prise
3207 2222 3300 2291 poi
3324 2222 3460 2276 telle
3479 2222 3656 2288 feuté,

1998 2323 2100 2361 car
2129 2324 2201 2362 en
2233 2309 2476 2362 derrere
2508 2309 2581 2362 ils
2616 2309 2739 2362 font
2767 2312 2891 2362 tout
2920 2310 2973 2363 18
3005 2311 3320 2364 contraire.

2069 2429 2155 2485 16.
2190 2430 2298 2499 (Cf.
2336 2431 2416 2485 ib.
2449 2431 2528 2499 9.)
2560 2431 2674 2484 Par
2712 2432 2820 2485 ieel
2861 2436 3049 2500 tamps
3097 2433 3328 2486 Robers
3366 2447 3555 2502 quens
3587 2433 3659 2486 de

1998 2519 2175 2573 Fland
2188 2536 2302 2585 res,
2329 2536 2481 2589 pour
2502 2535 2567 2573 ce
2586 2520 2722 2590 qu’il
2748 2522 2828 2573 vit
2850 2521 2902 2573 si
2933 2521 3119 2592 grand
3139 2521 3471 2575 dissention
3495 2525 3658 2574 entre

1995 2609 2049 2662 le
2082 2608 2326 2679 clergiet
2356 2612 2412 2662 et
2441 2609 2494 2662 le
2527 2609 2716 2677 peule,
2753 2611 2804 2661 si
2838 2610 2983 2662 saisi
3015 2610 3067 2663 18
3097 2613 3252 2662 terre
3284 2609 3355 2663 de
3387 2609 3659 2663 Cambre-

1999 2698 2106 2765 sis,
2131 2697 2319 2766 jasoit
2346 2713 2413 2750 ce
2444 2713 2557 2768 que
2591 2713 2657 2750 ce
2690 2698 2811 2751 fust
2833 2702 3035 2752 centre
3068 2699 3156 2752 les
3189 2699 3374 2752 droits
3402 2699 3473 2752 de
3507 2697 3659 2753 l'em-

1997 2801 2228 2855 pereur.
2263 2785 2376 2838 Car
2407 2786 2445 2838 11
2475 2786 2918 2856 archevesques
2953 2787 3023 2840 de
3061 2787 3242 2840 Rains
3274 2787 3586 2840 Manasses
3617 2787 3658 2841 li

1998 2875 2152 2928 avoit
2181 2875 2414 2928 mandet
2446 2892 2550 2944 par
2580 2877 2781 2928 lettres
2805 2875 2943 2945 qu‘il
2967 2876 3280 2929 destruisit
3309 2875 3579 2929 Cambrai
3604 2877 3661 2929 et

1997 2963 2335 3016 confondist
2366 2963 2556 3017 cheux
2589 2965 2660 3017 de
2695 2964 2750 3018 la
2787 2965 2971 3033 partie
3012 2963 3314 3034 l’evesque
3343 2963 3654 3034 Gauchier,

1996 3052 2160 3105 aussi
2212 3067 2340 3105 com
2396 3068 2462 3105 se
2509 3051 2544 3105 il
2597 3052 2851 3106 fuissent
2886 3057 3078 3121 paien.
3114 3054 3257 3106 Puis
3299 3067 3401 3106 ces
3454 3053 3658 3106 lettres

1999 3157 2201 3208 vcues,
2236 3142 2357 3194 vint
2391 3141 2429 3193 11
2461 3157 2649 3210 quens
2683 3141 2914 3194 Robers
2947 3157 3020 3194 cn
3053 3140 3394 3194 Cambresis
3425 3140 3457 3193 a
3485 3141 3659 3210 grant

246 3214 398 3278 ment,
430 3216 484 3266 et
513 3213 647 3266 leur
676 3212 842 3266 rendi
883 3214 1042 3268 leurs
1083 3215 1458 3282 prouvendes
1499 3219 1553 3269 et
1597 3215 1759 3269 leurs
1791 3216 1882 3269 di-

1999 3231 2110 3295 ost,
2137 3233 2192 3282 et
2215 3229 2351 3297 pilla
2381 3229 2432 3282 18
2465 3235 2594 3299 pa’is
2617 3233 2674 3283 et
2692 3230 2789 3282 list
2811 3245 2997 3300 grans
3020 3229 3200 3294 arsis,
3223 3228 3276 3281 si
3298 3243 3410 3297 que
3431 3227 3484 3280 la
3503 3231 3656 3284 terre

244 3301 414 3371 gnités
441 3304 566 3355 tout
597 3299 987 3355 entiérement
1019 3302 1070 3355 si
1103 3317 1215 3371 que
1239 3303 1450 3356 devant
1480 3304 1713 3358 avoient
1745 3304 1880 3373 heu,

243 3391 289 3442 et
308 3389 475 3443 moult
497 3391 634 3444 leur
656 3390 778 3458 pria
804 3390 940 3459 qu‘il
963 3391 1297 3444 servissent
1322 3392 1468 3446 Dieu
1490 3392 1878 3447 devotement.

247 3478 364 3532 Puis
393 3479 729 3549 lijurerent
759 3479 796 3530 il
831 3478 984 3532 feuté
1017 3481 1087 3532 de
1124 3481 1384 3547 n=_H.l\'lel,
1421 3483 1477 3534 et
1517 3481 1555 3533 il
1587 3481 1715 3534 leur
1744 3498 1881 3551 par-

245 3566 412 3620 donna
441 3571 577 3621 tous
611 3567 968 3635 mautalens,
1005 3572 1061 3620 et
1102 3569 1189 3621 les
1229 3584 1357 3621 ama
1389 3585 1540 3638 pour
1573 3571 1747 3638 Dieu,
1781 3571 1880 3640 qui

243 3656 563 3710 commande
578 3671 656 3709 en
670 3654 1014 3725 Escripture
1027 3657 1201 3725 qu'on
1215 3658 1330 3710 doit
1345 3674 1506 3711 amer
1519 3673 1620 3712 ses
1634 3659 1877 3712 anemis.

302 3761 376 3814 l4.
402 3762 593 3815 Adoni
629 3761 896 3815 obe‘irent
928 3762 967 3815 li
999 3778 1264 3816 canonne
1296 3764 1326 3815 ἐι
1361 3765 1487 3816 leur
1513 3779 1772 3834 evesque
1807 3782 1882 3818 un

242 3850 319 3917 poi
347 3850 412 3905 de
443 3855 665 3920 tamps,
686 3853 740 3903 et
762 3851 816 3904 le
839 3851 1133 3905 servirent
1159 3867 1264 3920 par
1284 3868 1489 3906 amour
1511 3852 1707 3907 fainte.
1733 3853 1882 3906 Mais

242 3952 302 3989 ne
327 3954 498 4007 passa
533 3939 650 3992 mie
673 3954 788 3992 uns
808 3955 916 3992 8118
937 3939 1076 4010 qu'il
1105 3939 1423 3994 brisierent
1453 3944 1610 3995 toute
1643 3942 1695 3994 la
1728 3942 1882 3996 feuté

241 4026 355 4094 qu’il
379 4027 414 4079 li
435 4027 678 4082 avoient
699 4026 911 4080 devant
935 4027 1130 4097 jurée,
1156 4033 1212 4081 et
1233 4044 1338 4096 par
1364 4028 1416 4081 le
1447 4028 1784 4084 incitement
1806 4031 1882 4084 du

241 4112 409 4168 diable
439 4117 500 4169 fu
537 4120 703 4170 entre
735 4116 910 4186 yaulx
939 4132 1124 4186 grans
1147 4116 1424 4170 discorde
1459 4119 1678 4172 semée.
1699 4118 1812 4172 Car
1844 4119 1882 4172 li

240 4202 470 4274 clergiés
503 4208 566 4258 et
595 4209 730 4259 tous
771 4205 812 4257 11
853 4205 1055 4274 peules
1089 4205 1420 4258 rebelerent
1450 4209 1650 4260 centre
1681 4207 1788 4272 lui,
1828 4212 1884 4261 et

241 4291 448 4346 vinrent
478 4293 636 4346 ainsi
668 4308 782 4362 que
814 4293 985 4347 d'une
1017 4294 1247 4347 volente
1288 4309 1360 4347 en
1400 4309 1466 4348 sa
1509 4310 1794 4364 presence
1827 4300 1882 4349 et

235 4378 268 4432 li
295 4381 477 4435 disent
502 4399 514 4436 :
557 4381 700 4436 Sire
735 4381 1049 4450 Gauchier,
1077 4397 1184 4436 nos
1213 4383 1393 4449 sires,
1424 4398 1565 4436 vous
1595 4389 1757 4438 astes
1787 4401 1880 4439 re-

240 4467 408 4523 belles
436 4487 466 4523 a
499 4469 740 4541 I’eglise
779 4471 852 4524 de
891 4471 1129 4524 Romme
1161 4476 1218 4523 et
1249 4470 1280 4524 εὶ
1312 4470 1438 4525 cele
1469 4471 1543 4524 de
1574 4472 1779 4526 Rains.
1815 4473 1884 4527 Si

241 4572 301 4609 ne
341 4559 580 4613 voulons
616 4559 752 4629 plus
791 4558 1039 4614 soull‘rir
1079 4559 1153 4613 de
1202 4575 1372 4624 vous,
1409 4561 1560 4614 mais
1600 4561 1727 4614 alés
1767 4568 1955 4650 tosto

241 4661 435 4714 querre
475 4647 926 4702 reconciliation
976 4655 1033 4702 et
1076 4663 1246 4719 poozr
1290 4649 1364 4703 de
1402 4649 1559 4702 faire
1600 4649 1772 4704 ofﬁce
1811 4652 1884 4705 de

240 4747 496 4808 avesque,
519 4752 590 4790 ou
610 4752 676 4790 se
694 4751 760 4790 ce
782 4753 912 4801 non,
925 4736 1148 4807 jamais
1165 4752 1239 4790 ne
1259 4737 1576 4808 repairiés.
1593 4738 1794 4802 Quand
1816 4755 1882 4793 ce

241 4837 302 4890 ογ
329 4824 362 4876 11
392 4840 713 4894 evesques,
747 4824 800 4876 si
837 4825 893 4876 fu
927 4825 1104 4878 moult
1135 4825 1380 4878 esbahis
1412 4828 1468 4878 et
1499 4840 1564 4878 se
1599 4825 1779 4879 eremi
1811 4825 1880 4879 de

240 4911 281 4961 la
309 4918 473 4966 mort.
509 4914 662 4966 Dent
690 4914 819 4966 leur
849 4913 972 4982 prie
1005 4915 1184 4967 moult
1229 4913 1632 4967 humblement
1660 4916 1877 4982 respit;

239 5013 324 5051 car
349 5000 386 5053 il
417 5001 665 5055 desiroit
707 5001 739 5054 ἐι
780 5004 937 5054 cstre
985 5001 1126 5055 hors
1172 5003 1243 5056 de
1286 5003 1449 5056 leurs
1492 5003 1702 5069 mains,
1737 5006 1791 5056 et
1829 5004 1879 5056 la

238 5088 442 5142 merchi
465 5089 612 5142 Dieu
629 5089 669 5142 il
691 5089 729 5142 li
749 5091 1086 5158 ottryerent.
1107 5089 1216 5157 (Cf.
1238 5091 1432 5145 Abbr.
1453 5091 1612 5144 Cam.
1637 5092 1714 5159 8.)
1733 5091 1876 5145 Puis

239 5175 332 5227 alla
363 5177 586 5230 dedens
620 5177 764 5231 trois
798 5177 973 5247 jours
1017 5179 1050 5232 a
1097 5178 1446 5249 l’empereur
1476 5180 1879 5251 d’Allemagne

241 5260 428 5332 Henri,
451 5271 506 5319 et
529 5266 564 5319 li
590 5271 886 5336 raeompta
911 5269 1034 5320 teut
1057 5281 1124 5321 ee
1147 5268 1246 5338 qui
1277 5267 1376 5321 fait
1399 5268 1595 5338 estoit,
1621 5271 1676 5321 et
1698 5270 1882 5323 moult

238 5349 268 5402 li
297 5353 414 5421 pria
446 5354 586 5424 qu‘il
621 5354 657 5407 li
692 5354 864 5408 fesist
895 5357 1024 5424 pais
1052 5355 1122 5410 de
1156 5355 1208 5409 si
1240 5371 1418 5426 grans
1451 5356 1702 5426 injures.
1731 5357 1883 5412 Dont

239 5438 283 5492 le
312 5443 477 5496 retint
507 5443 545 5496 li
577 5459 916 5512 empereres
951 5460 984 5498 0
1016 5445 1095 5498 lui
1127 5449 1300 5516 grant
1331 5450 1540 5515 tamps.

304 5565 380 5618 15.
404 5566 852 5623 Endementiers
873 5584 988 5639 que
1010 5569 1049 5622 li
1073 5586 1332 5642 evesque
1354 5573 1682 5629 Gauchiers
1705 5574 1882 5628 estoit

239 5651 415 5722 illuec,
442 5657 494 5709 si
522 5657 873 5712 s'assembla
902 5657 945 5711 li
975 5659 1232 5730 clergiés
1267 5663 1323 5714 et
1350 5662 1472 5715 tout
1502 5661 1541 5715 li
1571 5662 1798 5732 peules,
1826 5653 1885 5716 et

239 5741 573 5814 rechuprent
594 5745 910 5802 Manassen
933 5747 964 5801 8
987 5763 1247 5820 evesque
1266 5751 1466 5806 centre
1490 5750 1578 5806 les
1597 5751 1786 5806 droits
1805 5752 1875 5806 de

1996 3317 2235 3370 demora
2268 3333 2410 3370 suns
2445 3318 2719 3371 ahaniers
2765 3319 2821 3370 et
2864 3316 3058 3370 furent
3090 3318 3212 3370 vuit
3243 3317 3315 3370 de
3346 3315 3549 3384 beufs,
3584 3315 3656 3369 de

1996 3405 2216 3459 vaches
2249 3409 2304 3459 et
2332 3406 2574 3459 d'aultre
2613 3405 2910 3472 bestialle,
2957 3409 3011 3460 et
3033 3457 3036 3459 ,
3061 3404 3407 3458 s'ent'uirent
3446 3403 3618 3458 homs
3640 3445 3654 3472 ,

1997 3496 2262 3562 femmes,
2289 3499 2463 3566 grant
2494 3500 2550 3547 et
2580 3495 2740 3564 petit,
2766 3499 2821 3548 et
2865 3494 3221 3547 mendioient
3250 3509 3356 3562 par
3385 3493 3656 3546 diverses

1993 3586 2205 3637 terres.
2245 3583 2384 3636 Puis
2416 3583 2590 3636 ﬂst-il
2632 3583 2871 3636 fremier
2899 3598 2978 3636 un
3012 3581 3245 3648 castiel,
3282 3596 3430 3651 pour
3459 3580 3514 3634 18
3544 3581 3656 3636 cité

1995 3673 2128 3741 plus
2151 3687 2493 3741 appresser,
2513 3673 2543 3725 8
2569 3687 2680 3725 une
2699 3672 2834 3724 ville
2853 3671 2952 3741 qui
2974 3672 3032 3723 ot
3054 3685 3187 3725 nom
3207 3669 3535 3740 Marcoing,
3563 3670 3657 3723 sul

1995 3761 2048 3813 la
2080 3761 2292 3814 riviere
2322 3761 2393 3815 de
2425 3759 2686 3836 l‘Escaut
2714 3759 2746 3814 a
2783 3760 2936 3814 deux
2965 3759 3134 3812 miles
3165 3758 3304 3828 pres
3333 3759 3404 3812 de
3434 3758 3488 3811 la
3521 3758 3654 3814 cité.

1995 3850 2164 3902 Ainsi
2195 3850 2322 3904 leur
2349 3849 2472 3904 tolli
2505 3849 2635 3903 Ienr
2658 3849 2844 3915 issue,
2879 3852 2936 3902 et
2965 3848 3112 3918 pais,
3149 3847 3305 3917 pain,
3341 3847 3502 3915 char,
3534 3847 3654 3914 vin,

1995 3939 2102 3998 sel,
2138 3939 2330 3992 buche
2371 3942 2427 3992 et
2467 3941 2601 3991 tous
2642 3939 2864 3992 aultres
2907 3937 3081 3990 fruits
3126 3937 3198 3990 de
3242 3940 3420 3990 terre.
3451 3935 3657 4000 Quand

1995 4027 2184 4079 virent
2217 4027 2257 4079 11
2290 4026 2577 4096 bourgois
2597 4026 2736 4095 qu‘il
2760 4025 3012 4080 estoient
3033 4041 3107 4078 en
3139 4025 3188 4078 si
3225 4028 3394 4096 grant
3424 4023 3661 4077 tribula-

1995 4115 2143 4182 tion,
2178 4119 2233 4168 et
2263 4115 2399 4184 qu’il
2433 4115 2725 4167 n'avoient
2758 4114 2854 4166 nul
2890 4129 3143 4166 secours
3176 4114 3246 4166 de
3283 4129 3384 4182 par
3414 4112 3657 4181 l’empe-

1994 4218 2152 4270 reur,
2191 4203 2239 4255 si
2275 4203 2507 4256 vinrent
2543 4203 2575 4255 a
2615 4203 2745 4254 leur
2773 4216 3090 4271 evesques,
3116 4205 3172 4254 et
3200 4201 3394 4256 disent
3425 4202 3561 4271 qu’il
3585 4216 3658 4256 ne

1994 4289 2284 4359 poroient'
2315 4291 2365 4343 la
2411 4291 2521 4344 cité
2554 4290 2788 4360 garder,
2817 4305 2889 4343 ne
2917 4293 3250 4344 contrester
3277 4289 3331 4342 al
3364 4293 3552 4342 comte
3584 4290 3656 4344 de

1996 4379 2303 4447 Flandres,
2324 4379 2412 4432 s'il
2433 4379 2726 4431 n’avoient
2743 4378 2892 4432 aide.
2909 4378 3061 4431 Lors
3075 4377 3282 4431 envoia
3301 4376 3339 4429 li
3360 4391 3656 4446 evesques

1995 4469 2027 4522 ὁ
2061 4469 2428 4538 l’empereur,
2462 4472 2518 4520 et
2549 4467 2645 4520 list
2676 4483 2741 4520 sa
2772 4466 3120 4536 complainte
3143 4481 3214 4520 en
3247 4468 3419 4538 grant
3449 4464 3658 4518 doleur

1995 4559 2066 4613 de
2099 4573 2260 4626 cuer,
2287 4561 2342 4611 et
2371 4557 2411 4610 li
2441 4556 2616 4626 prioit
2637 4571 2788 4625 pour
2813 4555 2961 4609 Dieu
2985 4571 3271 4620 secours;
3307 4557 3362 4607 et
3389 4554 3428 4606 li
3461 4569 3656 4622 empe-

1993 4663 2162 4701 reres
2193 4647 2248 4699 le
2278 4646 2375 4700 ﬁst
2405 4645 2745 4700 volentiers.
2767 4643 2880 4698 Car
2911 4644 2948 4697 il
2979 4660 3014 4714 γ
3038 4644 3247 4698 envoia
3276 4643 3329 4697 le
3358 4646 3549 4696 comte
3581 4641 3653 4696 de

1995 4736 2305 4805 Lonvaing
2334 4752 2366 4788 0
2399 4735 2503 4789 “200
2533 4734 2866 4789 chevaliers
2891 4737 2947 4787 et
2970 4733 3269 4802 l'evesque
3302 4732 3372 4785 de
3405 4731 3588 4801 Liege
3621 4745 3654 4784 0

1939 4832 1946 4840 ·
1992 4821 2116 4890 300,
2150 4826 2205 4877 et
2232 4823 2274 4876 li
2314 4825 2520 4877 manda
2561 4824 2699 4894 qu’il
2745 4823 3025 4877 meismes
3068 4821 3296 4875 venroit
3326 4823 3382 4873 et
3411 4820 3448 4872 li
3484 4818 3658 4872 feroit

1993 4915 2121 4980 pais
2161 4915 2238 4966 (111
2283 4915 2472 4966 comte
2511 4913 2750 4966 Robert.
2786 4911 2952 4964 Ainsi
2995 4910 3055 4964 fu
3095 4909 3226 4977 fait,
3261 4923 3362 4962 car
3391 4908 3429 4960 li
3463 4923 3655 4978 quens

1991 5002 2173 5054 laissa
2214 5001 2267 5054 le
2307 5007 2435 5070 pa‘is
2478 5018 2549 5055 en
2591 5001 2720 5070 pais
2759 5017 2866 5070 par
2904 5015 2981 5052 un
3022 4999 3115 5066 poi
3155 4997 3227 5051 de
3268 5001 3479 5067 tempe,
3518 5001 3574 5052 et
3615 4995 3657 5051 li

1995 5090 2291 5144 chevalier
2322 5091 2536 5146 devant
2555 5090 2828 5144 r’alerent
2858 5103 2930 5140 en
2961 5087 3091 5140 leur
3122 5091 3272 5155 pa'is.

2063 5215 2149 5269 1'7.
2179 5214 2242 5269 Si
2273 5231 2497 5268 comme
2530 5214 2563 5266 il
2598 5213 2792 5266 furent
2824 5211 3098 5279 repairiet
3129 5227 3202 5266 en
3231 5211 3361 5266 leur
3393 5215 3565 5282 terre,
3600 5212 3652 5265 si

1993 5320 2058 5359 se
2078 5305 2389 5359 cremirent
2409 5302 2585 5356 moult
2607 5301 2642 5352 li
2665 5299 2975 5371 bourgois.
2990 5299 3174 5353 Carla
3195 5299 3306 5354 cité
3325 5302 3451 5370 yert
3467 5315 3650 5368 poure

1991 5397 2046 5448 et
2075 5394 2170 5465 poi
2201 5411 2234 5464 γ
2269 5397 2327 5446 ot
2357 5393 2428 5445 de
2460 5406 2608 5463 gens
2631 5390 2886 5444 d’armes
2911 5394 2966 5444 et
2988 5387 3406 5459 deﬂensables,
3433 5391 3489 5442 et
3511 5389 3654 5442 molt

1990 5482 2328 5537 doubtoient
2360 5481 2412 5534 le
2443 5479 2680 5533 revenir
2700 5479 2776 5532 du
2802 5481 3010 5532 comte.
3039 5480 3188 5532 Dont
3220 5479 3516 5548 parlerent
3538 5491 3651 5530 une

1991 5571 2103 5625 fois
2136 5569 2437 5624 ensamble
2470 5573 2524 5622 et
2555 5568 2749 5622 disent
2784 5583 2795 5621 :
2845 5567 3144 5639 Pam-quoi
3177 5564 3478 5620 sou/Trous
3508 5581 3651 5619 nous

1989 5661 2045 5714 si
2071 5659 2285 5732 long/Ie
2313 5664 2486 5727 mort,
2520 5673 2851 5729 recepvons
2882 5656 2937 5710 le
2969 5663 3154 5711 comte
3184 5655 3216 5708 8
3251 5656 3558 5724 seigncur,
3592 5659 3651 5706 et

1989 5749 2146 5804 ainsi
2167 5763 2352 5820 ayons
2374 5763 2567 5820 repos.
2590 5747 2742 5802 Lors
2764 5745 2958 5801 disent
2981 5745 3334 5813 a1'evesque
3356 5739 3650 5795 Gauchier
