4058 6182
201 326 306 391 225

873 324 1481 390 CONTINUA'I‘IO’.
1531 359 1609 370 —‘
1651 324 1839 386 GES']

1956 326 2120 388 zUM
2167 325 2479 388 vsasxo
2501 292 2917 392 :GALLICA.

3497 333 3638 402 2m.

204 542 294 598 pas
323 542 468 596 pour
496 541 774 598 ovesque,
809 541 937 580 ams
980 527 1137 581 haoit
1181 529 1314 581 tous
1346 526 1518 581 ceulx
1550 526 1648 596 qui
1680 525 1719 578 li
1752 525 1839 577 ai-

1956 532 2013 579 te
2046 541 2181 580 0868
2206 527 2418 598 parler
2444 514 2670 582 derant
2698 544 2833 600 may
2862 530 2938 583 da
2968 529 3034 584 ﬁl
3059 533 3412 589 antecbrist.
3465 535 3634 590 Dont'

204 616 397 681 doient,
433 619 490 670 et
520 615 862 670 commenda
894 631 1007 686 que
1027 619 1280 685 prestre,
1305 615 1522 682 diacre,
1547 613 1837 668 sons-dia-

201 721 286 758 cre
313 709 365 758 et
395 707 528 758 tous
561 705 599 758 li
617 704 841 758 aultrez
860 705 1116 776 clergiés
1139 705 1238 775 qui
1263 703 1514 758 estoient
1549 704 1620 756 de
1641 704 1694 756 la
1727 703 1837 756 cité

204 795 484 847 monsieur
525 792 836 861 Gauchier,
885 794 1242 848 laissassent
1287 793 1341 847 le
1392 791 1652 846 chanter.
1689 792 1840 845 Dont

202 883 404 952 repaira
433 883 472 935 11
503 882 708 951 peules
739 886 796 935 et
825 882 864 934 11
896 883 1338 951 archevesques
1370 882 1400 934 ἐι
1423 881 1627 948 Rains,
1661 884 1716 932 et
1737 895 1837 932 ne-

207 971 435 1041 quedent
482 971 857 1024 demorerent
919 972 960 1024 li
1020 986 1244 1024 canone
1318 971 1456 1040 qu'il
1519 969 1675 1023 avoit
1737 970 1840 1021 fait

204 1061 326 1113 faire
376 1060 615 1113 revenir
672 1061 705 1113 6
761 1060 1087 1130 Cambray,
1148 1075 1297 1129 pour
1352 1059 1616 1129 lesqucls
1667 1059 1704 1111 li
1761 1058 1837 1111 lai

201 1149 422 1203 estoient
447 1148 712 1220 parjure.

257 1256 332 1308 Ei.
361 1254 469 1321 (Cf.
504 1255 588 1310 ib.
622 1254 734 1325 10.)
782 1255 1231 1311 Endementiers
1281 1255 1457 1310 estoit
1502 1254 1542 1308 li
1575 1269 1837 1324 evesque

200 1343 496 1398 Gauchiers
547 1345 580 1398 a
623 1361 702 1398 un
749 1345 932 1399 castel
993 1344 1128 1415 qu’il
1189 1348 1247 1398 ot
1293 1344 1395 1397 fait
1439 1343 1605 1410 faire,
1649 1343 1750 1413 qui
1780 1345 1837 1396 ot

202 1449 313 1488 nom
341 1431 594 1487 Estruen
620 1451 632 1498 ;
668 1433 721 1486 si
752 1433 814 1488 fu
845 1448 945 1488 ses
968 1433 1214 1504 refuges
1237 1433 1389 1486 iluec
1419 1449 1527 1502 par
1555 1433 1734 1485 moult
1764 1432 1835 1485 de

200 1525 380 1591 tamps,
413 1526 470 1576 et
497 1521 541 1575 li
573 1521 874 1577 chevalier
905 1520 998 1576 del
1044 1527 1192 1591 pais,
1237 1521 1276 1574 li
1309 1521 1474 1574 franc
1506 1524 1560 1572 et
1590 1520 1630 1572 li
1660 1519 1838 1572 \‘ilain

200 1611 536 1665 obeissoient
565 1611 599 1664 6
627 1611 706 1665 lui
742 1612 795 1666 si
827 1627 1053 1666 comme
1076 1611 1107 1663 6
1129 1611 1257 1665 leur
1284 1625 1499 1680 propre
1533 1609 1836 1680 seigneur.

199 1697 371 1762 Quand
402 1715 468 1753 ce
499 1700 698 1754 virent
729 1701 782 1754 si
812 1700 926 1753 mal
949 1700 1138 1753 anemi
1164 1698 1300 1769 qu’il
1325 1697 1502 1752 estoit
1533 1697 1582 1750 si
1617 1697 1837 1750 110666-

201 1791 280 1842 rés
308 1789 372 1842 de
404 1788 633 1860 grands
661 1792 717 1842 et
767 1788 838 1842 de
884 1790 1080 1858 petits,
1116 1788 1167 1841 si
1211 1791 1532 1857 penserent
1562 1801 1670 1855 par
1701 1785 1835 1856 quel

199 1880 269 1929 art
295 1876 330 1930 il
356 1877 408 1931 le
434 1878 752 1946 peuissent
781 1877 1016 1930 cachier
1047 1877 1192 1931 hors
1221 1877 1291 1930 de
1321 1892 1387 1929 66
1420 1875 1645 1928 6681161.
1680 1874 1835 1927 Lors
1872 1882 1920 1940 Β

197 1967 394 2034 prisent
425 1965 713 2020 Godefroi
760 1965 819 2018 111
852 1965 1056 2019 Α118161
1088 1966 1339 2019 desuere
1369 1967 1644 2031 nommet,
1681 1965 1735 2015 ct
1764 1963 1835 2014 ii-

197 2057 308 2107 sent
333 2055 458 2107 leur
477 2055 787 2125 seigneur,
813 2058 868 2108 et
889 2053 1264 2108 l'esleverent
1287 2054 1338 2106 si
1365 2069 1477 2122 que
1501 2050 1838 2105 deifcnseur

197 2141 254 2196 de
277 2142 325 2196 la
355 2142 483 2196 cité.
519 2143 667 2197 Puis
699 2143 738 2195 11
762 2143 1065 2196 ottrierent
1093 2143 1230 2213 qu’il
1252 2142 1553 2195 recheuist
1582 2141 1670 2193 les
1705 2155 1837 2193 ren-

201 2236 274 2283 tes
301 2231 365 2285 de
384 2231 759 2302 l'evesquict,
786 2235 842 2285 et
861 2233 1039 2285 tenist
1062 2230 1391 2285 chevaliers
1414 2230 1446 2283 6
1470 2245 1570 2283 ses
1593 2228 1834 2296 saudes,

198 2325 242 2373 et
265 2320 496 2390 gardast
527 2320 588 2373 le
617 2326 748 2390 pais
780 2324 834 2375 et
856 2320 1202 2374 contrainsit
1222 2320 1521 2389 l'evesque
1543 2317 1838 2372 Gauchier

198 2408 312 2477 qu’il
341 2422 409 2462 ne
454 2408 592 2463 leur
634 2410 831 2478 peuist
876 2424 1112 2480 grever.
1176 2409 1327 2462 Dont
1375 2407 1574 2461 s’aloia
1621 2406 1654 2459 a
1685 2405 1836 2459 colui

94 2547 99 2554 .
198 2495 442 2551 Godefroi
473 2513 587 2566 par
617 2513 686 2551 86
717 2497 797 2550 fni
827 2514 898 2551 en
929 2497 1073 2552 celle
1104 2499 1255 2551 male
1286 2499 1552 2568 besogne
1583 2495 1834 2548 messire

202 2585 304 2639 Hue
333 2587 398 2639 de
431 2586 622 2655 luchi,
657 2590 714 2640 et
741 2587 783 2639 li
812 2588 912 2641 fist
957 2586 1290 2657 hommage,
1342 2589 1397 2638 et
1444 2586 1483 2638 li
1523 2585 1754 2655 requist
1782 2585 1836 2636 le

199 2675 518 2744 castellerie,
574 2679 630 2730 et
679 2675 880 2729 chiulx
923 2673 1238 2729 Godefrois
1287 2676 1327 2728 li
1375 2674 1564 2741 ottria,
1612 2687 1837 2743 neque-

199 2764 310 2818 dent
330 2764 601 2818 l’avait-il
631 2764 853 2833 perdue
874 2762 1301 2834 parjugement
1324 2763 1375 2816 61
1402 2767 1588 2830 temps
1620 2761 1835 2815 l’eves-

201 2866 291 2920 que
319 2852 536 2906 Gerard
573 2853 626 2907 le
659 2852 902 2906 second.
939 2854 1022 2907 De
1054 2854 1140 2906 cel
1175 2853 1288 2906 don
1324 2853 1382 2904 fu
1415 2867 1596 2921 graus
1628 2850 1836 2903 ammi-

199 2941 355 2994 ration
382 2958 488 3010 par
517 2945 646 2995 tout
675 2941 728 2994 16
760 2941 948 3010 peule.
982 2942 1126 2994 Puis
1165 2942 1462 2995 assemble
1500 2940 1616 2993 chil
1648 2939 1835 2992 Gode-

198 3026 321 3082 frois
347 3029 468 3084 tres
499 3034 633 3084 tout
666 3031 719 3082 le
749 3030 920 3100 peule
939 3030 1010 3084 de
1026 3030 1080 3083 la
1105 3030 1236 3096 cité,
1258 3032 1313 3083 et
1335 3030 1517 3083 assali
1547 3029 1600 3082 le
1633 3029 1837 3081 castiel

199 3116 505 3187 d‘Estruen,
541 3122 601 3172 et
627 3119 682 3172 le
714 3119 866 3188 prist
893 3135 998 3188 par
1045 3119 1207 3173 force
1254 3121 1310 3172 et
1353 3119 1568 3171 l'arasa
1598 3117 1631 3171 6
1658 3120 1833 3170 terre.

200 3206 774 3261 Ainsiescachicrent
794 3208 924 3261 leur
940 3222 1198 3278 evesque
1222 3208 1292 3260 de
1316 3222 1425 3261 son
1456 3207 1794 3276 hebergage
1823 3219 1836 3274 ;
1869 3234 1920 3296 ο

200 3295 324 3347 mais
352 3296 390 3348 11
419 3297 716 3368 bourgois
749 3296 864 3349 dou
914 3296 1119 3350 castiel
1170 3311 1242 3349 en
1282 3295 1623 3348 Cambresis
1655 3293 1707 3347 le
1740 3309 1837 3348 re-

200 3382 414 3437 churent
434 3385 466 3437 6
501 3388 682 3456 grant
709 3384 998 3438 honneur.
1033 3384 1200 3437 Ainsi
1226 3383 1285 3438 fu
1307 3385 1359 3437 la
1384 3387 1536 3437 terre
1569 3383 1640 3436 de
1671 3380 1836 3434 Cam-

199 3469 366 3525 bresis
387 3489 493 3542 par
522 3473 866 3544 longtamps
897 3472 1212 3544 griefment
1242 3473 1507 3527 tourblée
1534 3488 1642 3542 par
1671 3471 1839 3540 celuy

200 3557 463 3631 Godefroy
489 3581 502 3626 ;
555 3565 613 3616 et
663 3561 700 3614 li
749 3577 1043 3630 evesques
1092 3561 1417 3615 Gauchiers
1459 3561 1557 3614 fist
1585 3576 1652 3613 sa
1683 3575 1840 3613 com-

202 3647 385 3716 plainte
416 3652 449 3705 6
477 3650 856 3721 l’Empereur
885 3654 940 3704 et
968 3665 1042 3704 au
1072 3653 1260 3704 comte
1293 3650 1364 3704 de
1397 3648 1704 3717 Flandres,
1741 3647 1841 3718 qui

203 3751 263 3790 en
293 3737 480 3793 iurent
530 3739 719 3793 moult
773 3738 926 3808 iriet,
982 3741 1039 3793 et
1084 3738 1497 3793 manechoient
1525 3737 1779 3791 forment
1807 3752 1840 3789 a

201 3828 389 3897 pugnir
413 3828 752 3898 Godefroy;
787 3830 844 3882 et
863 3828 902 3881 il
927 3828 1050 3882 s'en
1076 3832 1316 3899 repenty
1340 3828 1411 3882 de
1435 3843 1500 3882 66
1522 3827 1660 3897 qu’il
1683 3825 1842 3879 avoit

203 3917 392 3984 empris
423 3933 534 3971 sur
565 3917 861 3987 l’empire,
898 3920 952 3971 et
992 3922 1114 3972 cre'i
1145 3917 1347 3971 consel
1378 3917 1449 3970 de
1479 3913 1840 3985 preudhom-

204 4017 326 4074 mes,
357 4009 411 4060 et
437 4022 683 4060 ramena
713 4006 1015 4077 l’evesque
1045 4022 1117 4061 en
1149 4022 1215 4060 86
1248 4007 1380 4073 cité,
1414 4008 1470 4059 et
1498 4004 1553 4057 le
1583 4002 1790 4057 remist
1809 4018 1842 4055 a

205 4091 447 4148 honneur
478 4111 551 4149 en
603 4111 672 4149 sa
719 4096 971 4150 maison.
1025 4096 1108 4149 De
1151 4095 1288 4166 quoi
1332 4094 1372 4147 li
1421 4092 1676 4162 clergiés
1718 4094 1774 4144 et
1803 4091 1842 4143 li

203 4182 382 4248 peules
428 4184 620 4240 moult
667 4185 793 4238 s'en
841 4184 1139 4251 dolurent,
1194 4183 1343 4236 mais
1394 4181 1729 4236 contredire
1769 4193 1842 4232 ne

204 4266 462 4326 l’osoient.
509 4273 708 4326 Adont
748 4271 1062 4325 s’ell‘orcha
1104 4273 1144 4324 li
1190 4285 1484 4340 evesques
1515 4268 1842 4324 Gauchiers

206 4360 359 4414 moult
389 4363 457 4416 dc
491 4378 560 4417 se
595 4362 741 4415 faire
772 4377 932 4415 amer
981 4361 1052 4414 de
1104 4376 1204 4414 ses
1246 4359 1478 4430 subgis,
1515 4361 1570 4411 et
1600 4360 1757 4410 10616
1788 4357 1843 4409 16

207 4447 481 4504 doucheur
512 4466 631 4523 que
663 4467 805 4520 pars
855 4451 976 4504 doit
1024 4449 1189 4502 avoir
1231 4449 1265 4502 6
1294 4448 1375 4518 ﬁl,
1407 4447 1446 4500 il
1477 4446 1608 4501 leur
1638 4460 1842 4500 mons-

205 4537 315 4590 troit
339 4555 440 4608 par
469 4554 690 4594 (avres.

262 4643 341 4699 2'2.
371 4646 478 4714 (Ib.
526 4645 646 4716 40.)
696 4645 783 4698 Ε6
830 4645 940 4700 1661
987 4647 1178 4715 tamps
1210 4643 1334 4698 vint
1365 4643 1398 4697 6
1427 4642 1715 4711 Cambray
1745 4641 1843 4710 qui

212 4739 385 4801 aperta
410 4735 646 4789 bonnes
677 4735 1005 4790 nouvelles.
1039 4733 1151 4788 Car
1181 4734 1221 4786 li
1251 4748 1546 4802 evesques
1580 4731 1650 4784 de
1681 4729 1845 4783 Sois-

211 4837 332 4876 sons
373 4826 548 4879 estoit
597 4825 867 4894 trépassé
917 4825 988 4878 de
1047 4828 1172 4878 6681
1228 4822 1438 4890 816616,
1491 4823 1547 4874 61
1593 4819 1631 4872 11
1663 4833 1844 4888 papes

211 4915 340 4965 avoit
384 4915 486 4967 fait
533 4913 852 4968 Manassen
897 4914 1051 4966 iluec
1099 4927 1413 4982 evesques,
1465 4910 1605 4964 dont
1652 4909 1846 4962 iurent

212 5002 365 5056 moult
395 5003 551 5074 esjoi
580 5003 622 5056 li
643 5002 758 5056 ami
779 5001 1084 5056 monsicur
1103 4999 1416 5054 Gauchier.
1442 4999 1597 5052 Lors
1620 5012 1846 5066 envoya

212 5087 244 5140 li
265 5106 550 5162 evesques
589 5091 917 5146 Gauchiers
969 5091 1002 5143 6
1049 5089 1366 5142 Manassen
1399 5087 1844 5155 archevesques

214 5176 274 5232 de
301 5180 474 5236 Reins
503 5197 585 5236 un
613 5180 800 5234 moult
828 5178 1071 5233 vaillant
1109 5177 1480 5232 archidiacre
1510 5175 1611 5246 qui
1642 5178 1700 5228 ot
1728 5189 1845 5228 non

216 5268 476 5338 Ansiaux,
511 5273 568 5325 et
611 5269 786 5340 prioit
813 5270 853 5322 1i
884 5283 1180 5338 evesques
1231 5265 1412 5321 moult
1445 5263 1846 5319 humblement

217 5357 596 5430 miséricorde,
627 5362 685 5412 et
713 5358 849 5428 qu’il
900 5357 1056 5411 euist
1103 5356 1241 5427 pitié
1287 5355 1359 5409 de
1406 5354 1516 5422 lui,
1553 5356 1608 5407 et
1636 5352 1676 5406 li
1705 5368 1844 5422 par-

221 5445 443 5500 donnast
472 5463 575 5503 868
605 5445 877 5501 16611⁸6118.
909 5446 1114 5510 Quand
1146 5461 1212 5499 ce
1235 5460 1308 5516 ογ
1327 5444 1370 5497 11
1399 5442 1844 5512 archevesques

221 5530 519 5607 Manassés,
555 5539 604 5591 si
651 5537 716 5591 fu
761 5540 894 5607 trop
946 5535 1198 5591 forment
1252 5533 1424 5603 iriés,
1478 5536 1534 5586 et
1562 5531 1844 5600 rospondi

221 5625 513 5682 cruelment
533 5627 566 5680 a
587 5626 813 5695 Ansiel,
837 5629 894 5681 et
915 5624 1059 5681 dist:
1080 5625 1246 5680 Pour
1266 5638 1334 5678 ce
1362 5637 1470 5694 que
1501 5626 1562 5676 tu
1588 5621 1841 5692 mTapor-

223 5713 300 5767 tes
324 5713 433 5770 telz
462 5715 786 5785 nouvelles,
807 5729 878 5787 J0
908 5721 968 5771 te
996 5713 1363 5784 excumenie,
1397 5717 1456 5768 et
1473 5726 1624 5784 pour
1645 5724 1713 5766 ce
1735 5723 1843 5782 que

1955 615 2016 671 fu
2049 615 2198 669 chilz
2229 616 2520 670 Ansiaulx
2551 622 2679 686 trop
2711 621 3056 689 espoentés,
3091 623 3146 674 et
3174 624 3402 692 requist
3431 625 3616 679 moult

1954 704 2354 758 humblemcnt
2383 705 2738 774 absolution,
2772 709 2828 759 et
2855 723 2920 761 se
2947 710 3152 762 cremit
3171 725 3284 778 que
3303 712 3516 781 jamais
3540 728 3613 768 ne

1949 794 2154 863 puisse
2199 794 2502 862 repairier.
2555 795 2748 849 Adont
2796 795 2882 849 fut
2930 799 3306 852 renouvellée
3345 801 3397 853 la
3438 801 3612 857 haine

1953 885 2004 936 ct
2040 884 2087 934 la
2123 883 2453 936 contention
2489 899 2594 936 sur
2624 883 2852 954 l’cglise
2885 886 2957 938 de
2988 887 3294 956 Cambray,
3323 889 3374 940 si
3404 891 3613 958 qu’elle

1953 973 2144 1025 avoist
2178 975 2327 1025 estet
2361 988 2433 1024 au
2465 973 2690 1026 concile
2712 973 2744 1025 6
2765 972 3079 1028 Clermont.
3106 977 3250 1029 Puis
3272 980 3615 1032 commenda

1952 1061 1991 1113 li
2036 1061 2480 1131 archevesques
2524 1061 2662 1131 qu’il
2711 1062 3036 1118 esluissent
3081 1068 3245 1119 autre
3293 1082 3554 1138 evesque
3583 1069 3617 1122 a

1953 1148 2240 1220 Cambray
2272 1165 2379 1203 sur
2409 1149 2714 1205 monsieur
2755 1151 3066 1206 Gauchier.
3118 1154 3276 1208 Pour
3303 1171 3406 1211 ces
3438 1171 3614 1212 coses

1955 1239 2178 1292 alerent
2209 1239 2240 1291 6
2272 1238 2475 1293 606861
2509 1239 2549 1291 li
2594 1255 2858 1294 canonne
2909 1242 2981 1295 de
3027 1239 3313 1314 Cambray
3343 1245 3376 1298 a
3407 1245 3611 1316 Rains,

1956 1331 2011 1380 et
2042 1328 2235 1382 disent
2264 1329 2295 1381 ἐι
2328 1327 2805 1398 l’archevesque:
2839 1330 3036 1384 Biaux
3053 1331 3447 1403 doulxperes,
3464 1351 3618 1404 pour

1953 1415 2200 1469 l'amour
2227 1416 2372 1470 Jesu
2403 1416 2638 1487 Christ,
2672 1433 2746 1472 ne
2794 1433 2939 1473 nous
2980 1421 3420 1492 constraigniés
3441 1439 3554 1493 pas
3583 1422 3615 1476 ὰ

1956 1504 2143 1557 eslire
2175 1504 2370 1558 aultre
2404 1521 2678 1576 avesque.
2717 1506 2836 1560 Car
2855 1507 2899 1561 11
2925 1513 3162 1563 noslres
3184 1516 3276 1563 est
3291 1511 3612 1582 prendens,

1955 1608 2133 1662 seges
2168 1600 2226 1646 et
2267 1593 2559 1659 discrets;
2599 1595 2656 1648 si
2694 1611 2840 1649 nous
2875 1598 3027 1651 aime
3067 1613 3173 1669 que
3208 1598 3382 1653 1101118
3405 1616 3610 1671 peras,

1951 1681 2304 1746 soubstient,
2329 1683 2579 1748 nourist,
2610 1691 2667 1737 et
2685 1700 2796 1754 par
2818 1700 2962 1739 nous
2985 1686 3034 1739 11
3057 1703 3195 1740 vous
3210 1689 3344 1757 prie
3363 1690 3611 1756 merchi,

1953 1776 2012 1823 et
2033 1786 2099 1824 se
2128 1787 2267 1825 vous
2286 1771 2416 1824 11611
2429 1771 2865 1842 faitespardon,
2880 1774 3083 1828 1111068
3095 1777 3318 1831 semble
3341 1794 3447 1848 que
3471 1778 3617 1833 c’est

1953 1859 2172 1930 injurc.
2212 1859 2330 1912 Car
2357 1859 2412 1912 1a
2445 1859 2523 1913 loi
2552 1861 2758 1915 divine
2807 1862 2929 1916 dist
2952 1883 2968 1916 :
3003 1885 3028 1910 cz
3067 1865 3175 1928 Qui
3206 1867 3432 1921 merchi
3453 1869 3611 1937 prie,

1952 1949 2182 2001 mercbi
2211 1949 2333 2002 doit
2365 1964 2554 2003 avom
2594 1974 2616 1997 ι›
2653 1950 2804 2003 Lors
2837 1967 2910 2005 ne
2933 1952 3030 2005 ﬁst
3051 1953 3212 2008 riens
3237 1955 3276 2007 li
3299 1956 3614 2012 archeves-

1953 2051 2101 2106 ques
2146 2037 2177 2090 6
2222 2037 2276 2090 16
2331 2043 2610 2108 requeste
2639 2039 2744 2093 des
2794 2055 3111 2111 canonnes,
3161 2043 3291 2098 ains
3334 2047 3619 2115 respondi

1955 2125 2095 2194 qu’il
2127 2128 2305 2179 estoit
2334 2128 2517 2180 moult
2547 2128 2657 2182 1168
2705 2129 2776 2182 de
2826 2145 2892 2183 ce
2943 2131 3082 2200 qu’il
3114 2131 3202 2185 les
3233 2134 3415 2188 tenoit
3444 2150 3516 2188 en
3548 2150 3616 2188 sa

1952 2229 2262 2282 presence,
2299 2219 2355 2268 et
2385 2216 2474 2269 les
2505 2222 2868 2272 ammonesta
2917 2234 3030 2288 que
3078 2219 3118 2271 il
3149 2223 3365 2275 tantost
3393 2222 3614 2276 esluis-

1953 2307 2084 2356 sent
2113 2317 2396 2372 avesque.
2429 2304 2620 2358 Adoni
2651 2305 2690 2358 li
2726 2322 2913 2360 aucun
2936 2347 2949 2373 ,
2991 2308 3091 2378 qui
3122 2311 3291 2362 orent
3317 2308 3453 2378 plus
3483 2311 3612 2365 sain

1953 2392 2153 2444 cencel
2173 2407 2322 2460 pour
2339 2407 2439 2446 ces
2460 2395 2876 2463 oppressions,
2899 2396 3258 2464 appellerent
3279 2396 3312 2449 a
3335 2397 3608 2453 Romme:

1950 2479 1989 2531 li
2010 2494 2222 2546 ancun,
2250 2481 2348 2549 qui
2373 2481 2629 2535 voloient
2649 2483 2818 2536 avoir
2837 2483 2890 2536 le
2913 2483 3119 2538 faveur
3141 2484 3608 2556 l'archevesque,

1954 2568 2259 2623 demorent
2288 2569 2461 2638 iluec,
2507 2573 2564 2624 et
2612 2571 2897 2625 esluirent
2944 2572 3160 2626 l’abbet
3206 2573 3278 2628 de
3308 2573 3368 2628 S.
3400 2575 3613 2629 Martia

1952 2657 2023 2711 de
2054 2657 2330 2728 Tournay
2373 2659 2473 2728 qui
2517 2663 2576 2712 ot
2622 2675 2739 2713 non
2795 2660 3020 2724 Oedes,
3083 2665 3138 2714 et
3184 2662 3245 2716 fu
3294 2665 3499 2718 sacres
3537 2678 3614 2717 au

1933 2746 2174 2799 'tierche
2199 2746 2359 2816 jour,
2397 2752 2453 2800 et
2484 2747 2524 2800 li
2553 2747 2728 2802 ﬁsent
2756 2748 2874 2802 chil
2903 2765 3165 2804 canonno
3189 2751 3344 2805 feuté
3365 2752 3474 2820 (Ib.
3501 2752 3610 2821 11).

1954 2834 2035 2887 Ι)6
2069 2838 2218 2888 cette
2251 2851 2394 2889 cose
2425 2835 2485 2888 fu
2517 2839 2647 2905 tr0p
2694 2837 2734 2890 li
2783 2838 2953 2907 peule
2998 2839 3427 2894 esmerveilles.
3464 2841 3616 2894 Dont

1951 2923 2041 2975 ala
2071 2923 2111 2976 li
2143 2923 2330 2977 eslius
2361 2925 2393 2977 a
2424 2925 2717 2996 Tournay,
2751 2931 2806 2980 et
2836 2927 2933 2980 1181
2955 2929 3210 2982 ordenes
3246 2929 3397 2982 iluec
3429 2929 3613 2983 ettint

1952 3027 2157 3064 senne.
2192 3013 2336 3065 Puis
2377 3013 2498 3067 vint
2545 3015 2577 3066 a
2628 3015 2826 3084 Inohy,
2879 3020 2934 3070 et
2979 3017 3260 3070 demoura
3308 3018 3462 3070 iluec
3510 3033 3614 3085 par

1952 3099 2107 3152 deux
2138 3117 2268 3168 668,
2304 3104 2360 3154 61
2391 3102 2445 3154 16
2492 3103 2792 3156 servoient
2839 3107 2896 3156 et
2943 3104 3326 3159 honneroient
3374 3105 3489 3158 chil
3535 3106 3613 3165 du

1951 3203 2096 3256 pays
2130 3192 2375 3255 entour;
2410 3206 2511 3242 car
2557 3192 2678 3244 fust
2723 3192 2755 3244 a
2804 3195 2918 3246 tort
2959 3208 3034 3246 ou
3079 3194 3112 3247 a
3156 3193 3336 3263 droit,
3369 3194 3616 3248 il-estoit

1952 3291 2235 3346 evesque.
2269 3277 2338 3330 Et
2361 3279 2612 3348 puisque
2634 3280 2672 3332 li
2697 3280 3139 3351 archevesques
3167 3282 3364 3336 l’avoit
3391 3282 3609 3350 beniet,

1953 3364 2069 3417 chil
2101 3366 2176 3418 du
2207 3371 2335 3435 peis
2369 3383 2439 3420 ne
2470 3367 2742 3422 l’osoient
2766 3369 3113 3425 contredire.

2024 3473 2113 3527 23-.
2146 3473 2282 3542 (11).)
2326 3474 2404 3528 Or
2451 3475 2656 3530 dirons
2713 3478 2784 3531 de
2839 3479 3144 3532 monsieur
3189 3478 3484 3533 Gauchier
3512 3479 3613 3549 qui

1954 3561 2224 3618 souffroit
2250 3563 2306 3616 si
2336 3579 2519 3634 grans
2541 3565 2873 3620 adversités
2896 3582 2969 3621 en
2989 3566 3111 3621 tres
3132 3572 3302 3638 grant
3323 3569 3610 3638 patience,

1955 3655 2012 3706 et
2040 3652 2201 3720 point
2229 3668 2304 3706 ne
2345 3652 2473 3707 s’en
2521 3654 2789 3725 vengoit,
2837 3655 2965 3710 ains
3014 3656 3270 3710 alendoit
3313 3657 3366 3710 16
3389 3656 3613 3727 justice

1954 3743 2123 3794 notre
2154 3739 2467 3811 Seigneur.
2500 3744 2548 3795 A
2581 3743 2634 3796 le
2665 3742 2852 3810 parﬁn
2884 3744 3078 3813 quand
3109 3743 3149 3797 il
3178 3744 3260 3800 vit
3279 3747 3418 3815 qu’il
3439 3746 3616 3800 estoit

1953 3831 2209 3899 agrevés
2242 3829 2313 3882 de
2354 3831 2405 3882 si
2439 3846 2619 3901 graus
2651 3833 3059 3901 oppressions,
3095 3834 3148 3887 si
3179 3834 3360 3888 laissa
3381 3834 3436 3888 la
3457 3839 3613 3890 terre

1953 3918 2025 3971 de
2055 3916 2420 3987 Cambresis,
2454 3921 2511 3972 et
2555 3920 2645 3972 ala
2685 3920 2718 3973 6
2747 3920 3082 3992 l’evesques
3111 3921 3183 3975 do
3214 3923 3396 3993 Liege
3425 3923 3527 3994 qui
3557 3925 3616 3978 ot

1953 4021 2090 4059 nom
2123 4005 2365 4074 Obiers,
2401 4009 2458 4060 61
2485 4007 2634 4060 chilz
2665 4008 2720 4061 le
2756 4009 3014 4078 rechups
3044 4010 3077 4063 6
3105 4011 3292 4080 grand
3323 4011 3610 4080 honneur,

1954 4098 2010 4147 et
2039 4094 2094 4147 le
2127 4095 2304 4148 retint
2335 4096 2794 4158 courtoi'sement
2816 4113 2848 4150 0
2869 4098 3073 4166 luipar
3100 4114 3284 4169 grans
3315 4102 3527 4170 tamps,
3559 4103 3616 4154 et

1953 4182 2170 4235 l’amoit
2200 4187 2256 4236 et
2285 4183 2597 4237 honneroit
2627 4183 2953 4239 durement.

2025 4288 2113 4342 114.
2148 4289 2286 4357 \I'b.)
2320 4289 2406 4342 En
2438 4290 2550 4344 icel
2582 4295 2775 4361 temps
2826 4291 2984 4344 avint
3028 4307 3142 4362 que
3188 4291 3229 4344 li
3275 4306 3614 4362 empereres

1958 4378 2175 4432 Henris
2209 4379 2403 4432 donna
2431 4379 2462 4431 6
2497 4380 2722 4434 Robert
2754 4383 2941 4433 comte
2989 4380 3060 4434 de
3100 4379 3386 4434 Flandres
3417 4381 3472 4434 la
3505 4382 3615 4435 cité

1955 4466 2027 4520 de
2059 4466 2367 4539 Cambray,
2405 4472 2460 4522 et
2500 4469 2639 4540 qu’il
2689 4470 2742 4523 16
2792 4469 2971 4524 166181
3018 4469 3090 4523 de
3133 4469 3215 4523 lui
3243 4470 3274 4522 a
3305 4485 3371 4524 sa
3402 4470 3528 4534 vie;
3564 4472 3621 4523 et

1956 4555 2108 4608 chilz
2137 4557 2188 4610 si
2220 4557 2318 4610 1181
2349 4561 2404 4610 61
2435 4558 2684 4628 rechupt
2715 4558 2805 4612 les
2837 4557 3063 4628 pourfis
3093 4562 3273 4629 quant
3301 4574 3414 4628 que
3444 4558 3621 4611 11616-

1956 4659 2200 4712 pereres
2232 4647 2464 4716 vesqui.
2499 4648 2693 4701 Adont
2721 4662 2927 4702 amena
2955 4647 2995 4700 11
3024 4663 3214 4718 quens
3249 4647 3480 4701 Robers
3513 4646 3618 4698 de-

1957 4733 2105 4786 dens
2136 4732 2739 4808 Cambrayl’evesque
2761 4737 2980 4804 Oedon,
3005 4739 3062 4789 61
3091 4737 3145 4789 16
3177 4736 3313 4788 mist
3334 4734 3388 4787 el
3409 4734 3617 4802 paleis,

1956 4822 2106 4875 mais
2136 4823 2323 4877 aultre
2352 4824 2618 4880 beneﬁce
2661 4827 2780 4879 n’ot
2819 4826 2890 4879 de
2934 4827 3092 4878 toute
3131 4822 3477 4892 l'evesquiet
3505 4837 3620 4892 que

1960 4909 2174 4979 l’ostel,
2209 4912 2265 4963 et
2296 4912 2435 4982 qu'il
2480 4913 2764 4967 celebroit
2805 4927 3030 4966 6016616
3073 4925 3390 4980 evesques.
3423 4909 3618 4980 Apres

1959 5001 2118 5054 avint
2149 5015 2263 5070 que
2291 5000 2331 5053 1i
2363 5016 2702 5071 empereres
2734 5001 2952 5055 Henris
2975 5001 3036 5054 fu
3059 4999 3458 5068 excumeniés,
3482 5001 3540 5053 et
3559 5001 3620 5054 ot

1960 5087 2143 5144 moult
2173 5089 2244 5143 de
2274 5088 2604 5143 adversités
2633 5104 2741 5157 par
2769 5087 2822 5141 16
2854 5085 3190 5141 souil‘rance
3219 5087 3290 5141 de
3316 5087 3483 5141 Dieu.
3507 5085 3622 5141 Car

1959 5179 1999 5234 il
2033 5177 2208 5233 estoit
2239 5177 2640 5244 excumeniés,
2675 5180 2729 5230 et
2761 5190 2863 5229 ses
2903 5175 2996 5228 ﬁlz
3033 5175 3133 5245 qui
3162 5177 3222 5230 ot
3251 5190 3368 5229 non
3399 5174 3621 5229 Henris

1954 5284 2022 5324 se
2051 5269 2181 5321 leva
2217 5269 2420 5320 contre
2449 5264 2557 5334 lui,
2593 5267 2649 5318 et
2677 5263 2714 5317 li
2746 5263 2847 5317 toli
2879 5262 2914 5317 6
2939 5264 2995 5316 16
3026 5278 3324 5318 couronne
3353 5263 3426 5318 de
3455 5263 3622 5318 l’em—

1955 5358 2082 5431 pire
2106 5356 2163 5410 la
2186 5354 2419 5421 lanche,
2435 5353 2488 5408 le
2508 5356 2726 5422 sepire,
2745 5351 2800 5406 le
2811 5352 2982 5420 pooir
2994 5354 3049 5405 et
3062 5352 3115 5406 le
3129 5352 3295 5423 glore
3309 5351 3402 5406 del
3415 5365 3620 5423 regno.

1955 5449 2100 5502 Puis
2132 5445 2259 5501 fu-il
2291 5443 2530 5498 cachiés
2563 5444 2618 5496 et
2645 5441 2975 5511 reprouvés
2997 5440 3070 5495 de
3091 5444 3226 5495 tous
3247 5441 3337 5495 168
3358 5441 3620 5512 princes,

1957 5538 2014 5590 et
2056 5535 2208 5590 ainsi
2252 5533 2487 5587 mourut
2533 5530 2568 5584 t‘i
2619 5529 2803 5600 Liege
2862 5544 3007 5584 sans
3063 5528 3335 5584 honneur
3387 5528 3459 5583 de
3514 5545 3622 5599 roy

1956 5626 2075 5695 (an.
2110 5620 2290 5693 1106).
2323 5619 2515 5690 Apres
2547 5634 2649 5675 ces
2696 5633 2873 5674 60868
2917 5618 3026 5673 tint
3073 5618 3288 5673 Henris
3337 5631 3438 5670 ses
3477 5615 3621 5670 fiqu

1951 5713 2216 5785 l’empire
2241 5709 2689 5782 paisiblemeut;
2723 5711 2780 5764 et
2816 5707 3073 5766 messire
3111 5704 3439 5762 Gauchiers
3469 5703 3559 5758 ala
3589 5701 3624 5757 11
