4058 6182
431 301 544 366 231

1337 295 1609 358 GESTA
1653 288 2182 356 PONTIFICUM
2230 288 2963 354 CAMERACENSIUM

3753 294 3896 360 232-

435 501 576 556 dont
603 500 827 554 alerent
855 501 887 554 ὁ
919 499 1441 554 Rainslicannone
1472 495 1544 550 de
1569 492 1877 562 Cambray,
1903 490 2097 561 quand
2121 472 2174 535 Α
2209 487 2429 556 bresis,
2462 491 2518 542 ot
2548 489 2587 542 li
2621 489 2887 545 euissent
2913 490 3012 544 fait
3035 489 3188 546 feuté
3211 510 3222 546 :
3245 493 3575 563 nequedent
3605 496 3645 548 il
3675 499 3874 550 atten-

437 589 477 642 il
490 595 692 644 sorent
713 605 827 659 que
851 587 1162 642 Manassés
1185 587 1363 642 estoit
1391 598 1688 654 evesques
1705 582 1774 636 de
1789 580 2095 647 Soissons,

442 681 499 732 et
529 679 785 732 voloient
806 677 1112 731 monsieur
1128 675 1421 729 Gauchier
1436 672 1743 742 rccepvoir
1763 669 1793 721 a
1817 683 2096 738 evesquo,

437 767 488 819 si
521 783 633 836 que
675 767 802 820 leur
832 765 973 819 boin
1004 765 1158 831 eslit,
1193 767 1249 818 et
1298 762 1740 830 l'arclievesque
1789 756 2099 812 Manassés

438 871 590 924 pour
619 856 673 907 la
703 855 875 908 1ιηὶηο
894 854 1032 924 qu’il
1063 857 1121 907 ot
1141 853 1174 906 ὰ
1206 853 1305 920 lui,
1326 853 1378 906 le
1398 850 1681 917 contredi,
1716 851 1772 902 et
1799 848 1927 901 leur
1945 861 2098 898 com-

445 944 657 998 menda
683 960 789 1014 par
813 943 1149 998 obedience
1198 944 1255 996 et
1292 957 1397 995 sur
1427 938 1934 994 excumeniement
1960 935 2098 1004 qu’il

441 1035 771 1088 esluissent
803 1034 1024 1095 aultre;
1057 1032 1208 1085 mais
1252 1031 1412 1084 riens
1444 1030 1575 1082 n‘en
1607 1027 1800 1092 fisent,
1833 1025 1963 1078 ains
1995 1039 2101 1093 ap-

440 1122 748 1191 piellerent
779 1122 811 1176 a
848 1123 1091 1176 Romme
1122 1118 1220 1190 (cf.
1256 1118 1451 1172 Abbr.
1490 1115 1649 1170 Cum.
1685 1114 1794 1184 10).
1827 1114 1971 1167 Puis
2003 1127 2101 1165 re-

441 1211 758 1281 pairierent
801 1210 834 1264 a
873 1210 1158 1279 Cambray
1184 1250 1197 1276 ,
1232 1211 1289 1262 et
1333 1221 1526 1260 aucun
1557 1204 1665 1258 des
1714 1217 1971 1258 canones
2003 1201 2102 1271 qui

443 1301 818 1356 demorerent
847 1297 1351 1353 renonchiorenta
1380 1293 1684 1350 monsieur
1712 1290 2023 1358 Gauchier,
2049 1293 2104 1343 et

440 1389 726 1443 esluirent
757 1387 979 1456 Oedon,
1030 1385 1207 1440 abbet
1236 1386 1309 1440 de
1346 1383 1406 1439 S.
1462 1382 1678 1437 Martin
1715 1381 1786 1435 de
1830 1380 2104 1449 Tourna)r

441 1476 551 1545 (Ib.
576 1477 686 1547 11).
709 1476 770 1531 Si
798 1478 850 1530 le
871 1491 1042 1530 sacra
1063 1475 1103 1528 li
1122 1474 1600 1543 archevesques;
1633 1469 1781 1523 meis
1813 1484 1886 1523 ne
1917 1469 1980 1522 fu
1997 1483 2104 1536 pas

442 1565 700 1636 rechups
734 1565 911 1620 adont
948 1565 982 1618 ὁ
1011 1565 1318 1633 Cambray,
1352 1562 1484 1616 ains
1516 1561 1603 1614 ala
1649 1559 1682 1613 ἑ
1720 1559 2013 1628 Tournay,
2049 1560 2105 1610 et

443 1655 722 1709 demoura
738 1669 810 1708 θη
841 1653 1109 1725 l’esglise
1131 1653 1190 1706 S.
1217 1651 1425 1705 Martin
1447 1665 1554 1720 par
1582 1649 1738 1702 deux
1758 1663 1888 1700 aus.
1915 1643 2106 1715 Aprés

444 1744 569 1797 vint
627 1743 860 1797 Robers
908 1758 1100 1812 quens
1152 1742 1222 1794 de
1273 1740 1560 1794 Flandres
1595 1738 1628 1791 ὰ
1673 1737 1777 1806 lui,
1821 1739 1876 1790 et
1914 1751 2022 1804 par
2052 1733 2106 1786 le

444 1833 648 1888 conscl
678 1832 964 1885 d'aucuns
993 1829 1071 1883 du
1105 1829 1350 1899 clergiet
1394 1828 1432 1880 il
1463 1827 1710 1881 l'amena
1740 1826 1770 1878 ὁ
1799 1823 2104 1891 Cambray.

447 1921 509 1975 Si
541 1921 722 1974 vivoit
752 1920 829 1973 du
861 1920 992 1973 sien
1031 1933 1268 1987 propre,
1301 1920 1358 1970 et
1401 1931 1472 1970 ne
1514 1916 1627 1969 mie
1678 1915 1784 1968 des
1833 1913 2004 1967 biens
2038 1912 2109 1966 de

446 2009 815 2079 l'evesquiet.
864 2007 1027 2062 Chilz
1072 2006 1266 2061 Oedes
1298 2006 1359 2058 fu
1393 2021 1503 2060 uns
1549 2005 1685 2058 hom
1715 2003 1852 2057 bieu
1884 2001 2108 2070 lettres,

447 2098 726 2152 maistres
769 2097 841 2150 de
874 2099 1047 2167 grant
1094 2095 1354 2162 science,
1405 2093 1655 2162 patiens,
1711 2091 2108 2157 deboniaires,

449 2186 722 2242 humbles
753 2185 787 2238 a
816 2187 980 2254 tous,
1013 2183 1207 2254 plains
1251 2183 1323 2236 de
1355 2182 1579 2236 saintes
1611 2196 1831 2235 meurs.
1880 2179 1922 2232 ll
1962 2179 2110 2232 hon-

448 2290 634 2330 noura
676 2273 859 2329 moult
899 2273 1145 2344 clergiet
1192 2274 1250 2326 et
1296 2273 1490 2325 toutes
1539 2270 1812 2325 ordenes.
1857 2268 1901 2321 ll
1930 2267 2113 2320 antoit

448 2365 637 2420 sainte
677 2362 871 2434 eglise
917 2378 1023 2432 par
1055 2361 1197 2432 jour
1235 2364 1290 2414 et
1333 2375 1438 2429 par
1483 2359 1636 2427 nuit,
1683 2358 1834 2412 ainsi
1883 2371 2110 2411 comme

450 2470 562 2507 uns
594 2456 795 2506 autres
827 2465 1104 2505 canones.
1130 2449 1172 2502 ll
1203 2451 1369 2502 acrut
1389 2449 1573 2502 moult
1600 2447 1688 2502 les
1717 2445 2110 2516 possessione

441 2541 821 2610 temporales.
855 2540 898 2592 Il
929 2538 1178 2608 paissoit
1206 2554 1308 2592 ses
1341 2536 1556 2607 subgis
1589 2535 1660 2590 de
1709 2535 1933 2589 saintes
1965 2533 2110 2587 doc-

439 2630 648 2683 trincs.
686 2628 773 2682 En
804 2627 856 2680 la
901 2628 978 2680 ﬁn
1026 2627 1066 2679 li
1097 2627 1256 2680 avint
1298 2641 1483 2696 graus
1524 2624 1969 2687 eucombriers;
2013 2638 2114 2675 car

441 2733 591 2787 pour
614 2733 680 2770 ce
704 2716 1013 2786 qu’ilavoit
1032 2715 1281 2784 recliupt
1302 2715 1355 2767 la
1379 2712 1719 2786 seignourie
1732 2712 1802 2766 de
1823 2711 2114 2780 Cambray

444 2806 516 2860 de
539 2807 893 2875 l'empereur
915 2805 1013 2874 qui
1033 2804 1211 2858 estoit
1227 2802 1630 2871 excumeniés,
1651 2799 2110 2854 encorl’euist-il

449 2896 551 2948 fait
564 2911 670 2964 par
682 2894 963 2962 simplece
978 2896 1033 2946 et
1051 2907 1196 2945 sans
1215 2890 1487 2957 malice,li
1507 2906 1687 2960 papes
1705 2889 1758 2942 le
1772 2890 1878 2942 tint
1891 2889 1923 2942 ὰ
1937 2889 2112 2959 grant

447 2983 650 3051 exces,
668 2988 725 3037 et
741 2998 813 3036 en
836 2983 922 3035 fut
935 2981 1116 3034 moult
1133 2981 1274 3034 iries
1287 2995 1436 3050 pour
1456 2979 1510 3032 la
1527 2978 1804 3032 discorde
1822 2979 1923 3048 qui
1937 2977 2112 3031 estoit

443 3072 699 3126 entrelui
723 3076 778 3125 et
799 3071 1167 3139 l‘empereur,
1189 3072 1244 3122 et
1261 3085 1409 3140 pour
1429 3068 1569 3121 itaut
1586 3067 1624 3120 li
1642 3067 1851 3121 manda
1868 3067 1907 3120 li
1925 3082 2108 3136 papes

439 3177 543 3232 par
562 3177 664 3215 ses
682 3160 886 3214 lettres
901 3159 1039 3230 qu’il
1053 3162 1287 3212 cessast
1299 3158 1371 3212 de
1385 3172 1723 3228 gouverner
1739 3156 2105 3226 l’evcsquiet,

444 3253 501 3305 ct
528 3250 568 3304 li
600 3247 855 3303 deffendi
884 3251 1078 3302 toutes
1117 3247 1448 3301 droistures
1498 3262 1612 3316 que
1645 3260 1942 3314 evesques
1984 3243 2106 3298 doit

442 3339 608 3393 faire.
640 3338 712 3391 Et
745 3338 780 3390 li
813 3338 1142 3406 prcudrons
1173 3335 1353 3407 gisoit
1383 3335 1565 3388 moult
1591 3334 1853 3387 malades
1887 3338 1941 3386 et
1963 3347 2107 3402 pro-

441 3427 650 3481 chains
672 3425 744 3480 de
765 3426 820 3478 la
841 3428 1015 3492 mort,
1036 3423 1298 3494 quandla
1313 3426 1591 3476 sentence
1613 3422 1689 3474 du
1708 3436 1855 3491 pape
1878 3421 2108 3490 parvint

445 3513 478 3568 ἑ
504 3514 606 3582 lui,
634 3519 690 3568 et
721 3515 759 3567 il
791 3515 923 3567 obe‘i
941 3513 1123 3566 moult
1140 3511 1531 3565 douchement
1549 3511 1582 3563 a
1601 3511 1746 3564 Dieu
1769 3513 1822 3563 et
1841 3525 1914 3563 au
1936 3524 2105 3579 pape,

441 3605 500 3658 et
515 3607 709 3657 morut
723 3618 794 3655 en
809 3601 996 3655 sainte
1010 3600 1353 3666 obedience,
1379 3602 1433 3652 et
1452 3599 1512 3652 fu
1535 3599 1768 3652 enfouis
1789 3613 1863 3652 θη
1880 3597 2108 3668 l'cglise

450 3691 766 3746 d’Anchin.
813 3689 892 3744 Ce
936 3689 998 3743 fu
1038 3689 1152 3743 l’an
1184 3688 1255 3742 de
1293 3703 1474 3760 grace
1524 3685 1662 3741 1113
1708 3687 1865 3757 (Jun.
1899 3685 2007 3756 19).
2041 3715 2110 3726 -

442 3779 760 3853 [WArEaL.
797 3779 884 3833 En
916 3778 1004 3832 cel
1036 3794 1110 3832 an
1140 3778 1193 3832 el
1226 3778 1378 3830 mois
1411 3777 1480 3830 de
1500 3776 1630 3846 May
1660 3775 1701 3829 li
1727 3775 1896 3830 soille
1927 3777 1982 3829 et
2011 3791 2110 3829 au-

446 3886 561 3924 cun
583 3869 757 3922 arbre
784 3867 978 3922 furent
1001 3882 1100 3920 ars
1124 3865 1196 3920 de
1223 3865 1286 3919 fu
1316 3866 1416 3935 qui
1438 3864 1561 3919 vint
1589 3865 1668 3919 du
1698 3863 1873 3934 chiel,
1908 3868 1963 3918 et
1984 3864 2111 3918 n’o-

441 3963 571 4013 rent
599 3958 763 4028 point
792 3957 864 4010 de
884 3955 1039 4025 fruit,
1065 3959 1120 4009 et
1143 3969 1405 4008 aucunes
1443 3953 1633 4008 ferres
1652 3953 2007 4008 sechierent.
2041 3983 2111 3994 -—

449 4046 536 4100 En
559 4047 672 4100 l’an
702 4046 877 4115 apres
908 4045 1209 4099 Bauduins
1232 4044 1354 4098 rois
1395 4043 1466 4098 de
1499 4043 1882 4113 lherusalem,
1917 4042 2111 4098 freres

448 4135 729 4190 Godefroi
761 4135 832 4188 de
865 4134 1152 4198 Bouillon,
1187 4134 1339 4202 prist
1368 4150 1401 4187 a
1432 4133 1702 4188 moullier
1731 4132 1784 4187 le
1816 4131 2027 4186 femme
2057 4131 2110 4186 le

455 4225 569 4278 duc
591 4225 664 4277 de
697 4223 904 4278 Sezille
937 4224 1157 4294 Rogier
1186 4223 1285 4292 qui
1307 4239 1469 4277 mors
1501 4223 1696 4276 estoit.
1719 4251 1788 4261 -
1811 4221 1898 4276 En
1929 4221 2018 4275 cel
2039 4237 2112 4276 an

449 4317 684 4368 mourut
714 4313 753 4365 li
776 4327 1072 4382 evesques
1103 4311 1364 4380 d'Arras,
1399 4309 1722 4381 Lambert.]

512 4455 602 4509 33.
640 4455 751 4524 (Cf.
778 4454 974 4507 Abbr.
1012 4454 1170 4507 Cam.
1213 4452 1317 4522 1‘2.)
1350 4454 1542 4522 Aprcs
1581 4452 1883 4522 l’evcsquo
1912 4452 2113 4507 Oedon

446 4546 505 4599 fu
537 4544 647 4598 esli
682 4558 978 4612 evesques
1002 4545 1255 4596 messire
1277 4542 1615 4596 Bourcliars
1647 4543 1819 4610 parlc
1839 4557 2112 4596 commun

443 4635 650 4688 assent
679 4634 756 4687 du
791 4631 1054 4702 clergiet,
1097 4631 1207 4683 l‘an
1237 4631 1308 4683 (10
1342 4646 1519 4701 grace
1559 4631 1711 4683 HM.
1755 4630 1815 4683 Si
1849 4631 1911 4684 fu
1940 4631 2111 4684 homs

449 4723 717 4792 simples,
753 4721 994 4786 discret,
1029 4721 1374 4788 honnestes,
1399 4722 1454 4772 et
1475 4722 1742 4787 prestres
1767 4719 1948 4772 moult
1978 4719 2110 4772 reli-

447 4813 648 4883 gieux.
683 4811 731 4864 A
763 4810 852 4864 cel
875 4812 1066 4878 tamps
1098 4808 1272 4863 estoit
1317 4823 1464 4877 pape
1497 4809 1528 4860 z‘i
1576 4808 1758 4860 Rome
1808 4807 2111 4862 Paschaus

447 4905 502 4954 et
534 4915 877 4970 empereres
909 4899 1132 4952 Henris
1181 4899 1233 4951 le
1265 4897 1388 4966 llll,
1433 4897 1533 4967 qui
1563 4895 1744 4950 moult
1791 4897 2111 4950 volentiers

451 4989 728 5042 s’assenti
747 4989 780 5042 a
805 4987 951 5043 celle
975 4988 1280 5042 eslection.
1308 4986 1393 5039 En
1417 4985 1526 5039 icel
1545 4990 1736 5056 tamps
1767 4987 1924 5039 avoit
1941 4988 2114 5057 grant

453 5075 727 5130 discorde
757 5081 923 5132 entre
971 5077 1024 5131 le
1053 5090 1202 5147 pape
1242 5078 1299 5130 et
1334 5075 1705 5143 l’empereur,
1745 5081 1802 5128 et
1832 5090 2112 5129 excume-

452 5163 596 5217 nioit
628 5163 669 5217 li
698 5180 880 5234 papes
910 5165 1263 5235 l’émpereur
1292 5167 1349 5220 et
1369 5167 1561 5219 toutes
1595 5179 1696 5218 ses
1730 5180 1966 5218 oeuvres
1992 5181 2006 5234 ;
2058 5167 2114 5219 et

453 5252 734 5306 s'aucuns
775 5269 1071 5324 evesques
1111 5255 1287 5308 estoit
1332 5254 1476 5308 eslis
1522 5269 1595 5308 en
1638 5253 1898 5322 l'empire
1930 5256 1986 5307 et
2013 5270 2109 5308 re-

453 5342 684 5410 cepvoit
714 5341 915 5412 regale
951 5346 1005 5396 et
1036 5358 1102 5396 sa
1134 5358 1306 5397 crocc
1338 5343 1408 5397 de
1441 5342 1807 5411 l’empereur,
1859 5343 1898 5396 li
1928 5359 2110 5412 papes

452 5430 492 5484 li
514 5429 671 5483 véoit
694 5446 805 5484 son
829 5446 998 5484 sacre
1020 5434 1078 5486 et
1113 5447 1178 5485 sa
1201 5431 1548 5485 benei‘chon.
1569 5432 1730 5485 Pour
1756 5432 1947 5501 lcquel
1972 5448 2112 5487 cose

450 5519 706 5574 messire
754 5518 1060 5574 Bouchars
1092 5534 1273 5574 encor
1315 5518 1509 5574 fust-il
1547 5521 1683 5574 eslit
1714 5519 1785 5574 de
1825 5520 2112 5592 Cambray

447 5611 505 5665 et
533 5607 795 5665 recheus
834 5607 906 5663 de
946 5607 1297 5678 l’empereur
1334 5612 1390 5663 et
1438 5608 1510 5663 de
1556 5610 1609 5664 la
1650 5615 1808 5665 terre
1836 5607 1908 5664 de
1935 5609 2108 5664 Cam-

2213 576 2296 630 dit
2317 577 2470 630 deux
2490 593 2619 646 ans,
2645 581 2702 633 et
2732 579 2944 648 doupta
2975 580 3008 633 ἐι
3039 596 3319 650 requerre
3359 582 3411 635 la
3445 583 3876 638 confremation

2216 664 2291 718 du
2322 681 2489 734 pape,
2526 669 2581 719 et
2610 683 2719 721 son
2750 683 2918 722 sacre
2943 669 3013 723 de
3046 669 3527 742 l‘archevesques
3559 674 3630 728 de
3665 675 3874 728 ltains.

2218 753 2369 808 Lors
2389 770 2454 808 se
2472 755 2678 808 mist-il
2694 757 3126 812 endementiers
3141 774 3214 812 θη
3229 761 3468 813 orisons
3482 765 3536 814 ct
3555 777 3625 815 en
3639 763 3876 833 veilles,

2217 846 2272 895 et
2305 842 2484 897 moult
2509 859 2574 897 se
2593 845 2897 898 exercitoit
2919 862 2987 899 θη
3011 848 3220 901 1›οἱηθε
3245 865 3517 917 oeuvres,
3555 851 3607 904 si
3638 867 3753 920 que
3775 869 3882 921 par

2220 945 2286 983 sa
2319 935 2491 1002 grant
2514 932 2780 986 humilite
2804 935 2915 988 ilot
2933 952 3112 1005 grace
3131 937 3205 990 (lu
3225 937 3467 1009 clergiet
3489 943 3544 993 et
3572 939 3650 994 du
3678 941 3878 1010 peule.

2215 1019 2386 1073 Ainsi
2410 1020 2472 1074 fu
2493 1023 2794 1090 espandue
2818 1023 2980 1094 loing
3001 1025 3054 1078 la
3073 1025 3225 1079 fame
3249 1027 3319 1081 de
3337 1043 3401 1080 sa
3435 1031 3878 1098 conversation,

2216 1112 2273 1162 et
2301 1110 2528 1178 parvint
2560 1111 2594 1164 ἑ
2627 1112 2817 1166 110οη1
2845 1112 3253 1184 arehevesque
3275 1114 3348 1168 de
3381 1117 3564 1170 Rains
3585 1119 3889 1188 quimoult

2217 1213 2283 1252 se
2316 1199 2422 1252 tint
2451 1216 2524 1254 en
2553 1205 2726 1270 grant
2756 1201 2999 1268 chierté,
3045 1202 3169 1256 etle
3202 1205 3410 1257 manda
3443 1205 3582 1275 qu’il
3614 1207 3816 1261 venist
3847 1209 3883 1261 ὁ

2217 1287 2318 1355 lui,
2353 1291 2409 1342 et
2439 1288 2490 1342 le
2524 1289 2770 1358 rechupt
2807 1289 2987 1344 moult
3017 1297 3466 1358 reveremmcnt,
3501 1295 3636 1364 puis
3675 1295 3718 1348 li
3751 1311 3884 1350 car-

2219 1375 2327 1430 cha
2358 1391 2460 1431 ses
2479 1376 2712 1446 lettres,
2739 1381 2794 1431 et
2811 1377 3060 1433 l‘envoia
3077 1396 3149 1433 au
3171 1396 3316 1450 pape
3335 1382 3588 1436 Pascaut
3610 1399 3680 1437 en
3706 1390 3887 1455 grant

2220 1479 2545 1534 esperance
2595 1465 2946 1536 d’empetrer
2994 1484 3060 1522 ce
3109 1469 3247 1538 qu'il
3291 1472 3544 1540 queroit.
3593 1471 3803 1536 Quand
3847 1473 3888 1527 li

2217 1568 2365 1623 pape
2397 1570 2468 1625 ογ
2500 1555 2552 1609 10
2583 1556 2772 1625 grand
2812 1557 3222 1628 tesmoignage
3267 1557 3338 1612 de
3369 1558 3884 1632 l’archevesques,

2219 1643 2269 1695 si
2293 1643 2539 1713 rechupt
2557 1644 2860 1698 monsieur
2891 1645 3201 1700 Bouchard
3235 1649 3417 1701 moult
3437 1649 3885 1721 benignement,

2219 1735 2275 1785 et
2316 1732 2353 1784 li
2387 1732 2484 1786 {ist
2513 1748 2700 1804 grans
2733 1749 2967 1804 graces,
2999 1737 3055 1788 et
3100 1735 3422 1790 volentiers
3455 1737 3508 1791 le
3541 1738 3890 1810 confrema;

2133 1844 2188 1908 Β
2216 1820 2352 1890 puis
2384 1820 2437 1875 le
2468 1823 2706 1876 renvoia
2738 1823 2770 1875 ἐι
2793 1822 3271 1904 l‘archevesques
3305 1841 3454 1894 pour
3482 1826 3673 1896 benir,
3695 1828 3811 1881 etil
3837 1829 3894 1883 le

2221 1925 2390 1963 sacra
2421 1910 2454 1963 ὰ
2486 1911 2670 1964 Rains
2709 1911 2743 1964 ἐι
2774 1911 2956 1966 moult
2984 1915 3157 1983 grant
3188 1928 3508 1968 reverence
3540 1919 3594 1969 et
3627 1917 3783 1970 mois
3816 1918 3893 1972 de

2219 1998 2394 2053 Julle.
2430 1999 2573 2052 Puis
2593 2001 2783 2054 revint
2815 2001 2847 2054 ὁ
2867 2000 3180 2072 Gambray,
3214 2005 3269 2055 et
3287 2002 3348 2056 fu
3371 2003 3630 2074 rechups
3649 2006 3680 2058 ἐι
3703 2006 3898 2060 moult

2220 2090 2391 2158 grant
2407 2087 2649 2158 l’éeche,
2671 2089 2778 2145 etli
2791 2089 3236 2160 archevesques
3253 2093 3533 2146 meismes
3550 2093 3604 2147 le
3618 2094 3798 2149 miest
3815 2112 3896 2150 en

2219 2175 2274 2229 la
2306 2177 2540 2231 chaiere
2573 2178 2892 2248 d'evesque
2915 2179 3098 2233 moult
3121 2178 3664 2236 honnerablement.
3689 2184 3894 2254 Aprés

2223 2279 2288 2318 ce
2320 2265 2459 2336 qu’il
2490 2265 2552 2320 fu
2593 2266 2669 2320 du
2713 2270 2837 2321 tout
2876 2266 3232 2337 confremés,
3276 2269 3328 2322 si
3378 2269 3478 2323 {ist
3517 2286 3596 2324 un
3643 2287 3894 2327 sermon

2222 2353 2403 2408 moult
2423 2355 2793 2409 devotement
2823 2371 2889 2409 as
2922 2371 3221 2411 canonnes
3254 2360 3310 2411 et
3339 2358 3371 2412 (1
3401 2374 3514 2414 son
3545 2360 3818 2432 clergiet,
3837 2367 3900 2416 et

2223 2443 2311 2496 les
2327 2447 2692 2498 ammonesta
2706 2444 3098 2499 douchemenl
3111 2446 3288 2514 qu'ils
3302 2449 3636 2503 servissent
3656 2449 3804 2505 Dieu
3819 2451 3897 2504 de

2222 2546 2365 2586 cuer
2407 2548 2580 2603 vray,
2615 2537 2670 2586 et
2729 2533 2902 2603 qu'ils
2952 2535 3330 2604 gardaissent
3377 2537 3513 2591 bien
3563 2538 3760 2592 l‘estat
3819 2540 3898 2594 de

2221 2622 2408 2677 sainte
2431 2622 2642 2693 eglise,
2667 2626 2723 2675 et
2745 2623 3067 2677 sievissent
3089 2623 3178 2679 les
3201 2625 3314 2678 fais
3336 2626 3442 2679 des
3465 2627 3897 2696 prcudommes

2221 2711 2321 2780 qui
2356 2711 2551 2765 furent
2581 2711 2794 2765 devant
2825 2710 3016 2781 yaulx,
3054 2715 3110 2766 et
3138 2713 3322 2768 moult
3343 2714 3601 2769 d’antres
3623 2718 3897 2786 parolles

2220 2799 2292 2853 de
2339 2799 2537 2854 bonne
2570 2800 2897 2854 exortation
2949 2801 3001 2854 si
3039 2801 3168 2854 leur
3213 2803 3348 2857 dist.
3392 2805 3583 2874 Apres
3632 2807 3802 2876 parla
3839 2810 3900 2860 et

2219 2887 2338 2940 dist
2371 2905 2382 2940 :
2419 2888 2487 2942 Je
2516 2903 2653 2942 reus
2675 2889 2858 2942 rene!)
2893 2894 3020 2943 lous
3042 2889 3132 2944 les
3163 2890 3356 2946 droits
3389 2909 3498 2964 que
3537 2908 3676 2949 vous
3699 2894 3902 2949 det-ds

2220 2977 2392 3029 avoir
2423 2991 2495 3030 θη
2526 2977 2721 3030 sainte
2758 2977 2964 3048 eglise,
3002 2984 3060 3032 et
3105 2995 3248 3034 vous
3298 2982 3418 3035 atri
3461 2981 3901 3053 benignement

2221 3070 2413 3120 toutes
2442 3065 2534 3120 [es
2564 3065 2775 3120 boines
2795 3073 3126 3122 coustumes
3148 3084 3255 3138 que
3278 3069 3540 3141 clergiés
3563 3071 3686 3126 don
3717 3088 3748 3126 θ
3763 3074 3904 3126 voir

2220 3154 2733 3223 anclziennement,
2757 3161 2816 3209 et
2845 3155 2901 3210 Ie
2923 3155 3224 3211 conferme
3239 3159 3510 3229 qu'ilsoit
3537 3159 3766 3231 gardés
3787 3177 3910 3216 sur

2221 3245 2731 3299 excumeniement
2753 3263 2772 3309 ;
2819 3261 2960 3300 vous
2983 3248 3266 3316 promea/2
3297 3247 3327 3300 ἑ
3362 3249 3606 3302 traitier
3633 3249 3903 3304 done/1e-

2218 3337 2377 3385 ment
2407 3338 2464 3386 et
2495 3331 2526 3385 ὰ
2556 3348 2720 3387 amer
2751 3349 2968 3388 comme
2998 3334 3171 3388 boins
3187 3351 3384 3406 pares,
3407 3342 3465 3390 et
3496 3336 3587 3390 [es
3611 3337 3788 3391 biens
3821 3339 3907 3393 de

2219 3420 2415 3474 sainte
2439 3421 2630 3492 eglise
2653 3423 2911 3477 croistre
2931 3422 2961 3476 ii
2983 3438 3113 3478 mon
3127 3425 3319 3496 pooir.
3343 3424 3485 3478 Puis
3499 3425 3587 3479 ala
3601 3441 3673 3480 au
3696 3427 3906 3496 palais

2221 3523 2447 3563 comme
2488 3526 2806 3581 evesques,
2841 3512 2891 3564 si
2925 3511 2978 3565 le
3012 3516 3217 3566 trouva
3249 3513 3302 3567 si
3331 3513 3433 3566 wit
3463 3514 3534 3567 de
3563 3517 3697 3568 tous
3729 3516 3904 3584 hius,

2219 3598 2486 3667 qu‘iln’ot
2515 3599 2586 3653 de
2604 3600 2742 3669 quoi
2763 3599 2946 3669 vivre,
2971 3617 3043 3654 ne
3067 3602 3119 3655 si
3142 3602 3361 3671 clerch,
3381 3618 3454 3656 ne
3484 3602 3534 3655 si
3559 3603 3902 3672 chcvalier,

2220 3703 2292 3740 ne
2324 3687 2379 3741 la
2411 3689 2678 3756 maisnie,
2712 3690 2761 3742 si
2787 3689 2925 3759 qu’il
2956 3689 3216 3745 all‘resist
3252 3693 3282 3745 ἐι
3316 3708 3596 3764 evesque.
3635 3693 3792 3747 Dont
3827 3710 3906 3748 se

2221 3777 2324 3832 mit
2354 3778 2538 3831 moult
2555 3776 2994 3832 ei‘forchiement
3025 3780 3056 3832 ἐι
3089 3795 3367 3850 requerre
3389 3781 3476 3835 les
3499 3781 3908 3850 possessions

2222 3864 2294 3919 de
2324 3866 2670 3938 l’evesquiet
2707 3872 2761 3921 et
2805 3867 3173 3922 rassembler
3213 3884 3280 3923 ce
3311 3870 3412 3940 qui
3447 3870 3622 3924 estoit
3655 3885 3908 3940 cspars,

2223 3955 2511 4009 ressartir
2545 3970 2610 4008 ce
2645 3957 2745 4024 qui
2777 3956 2951 4010 estoit
2988 3960 3122 4024 refl,
3158 3957 3428 4012 racheler
3467 3973 3534 4012 ce
3583 3958 3683 4028 qui
3716 3961 3915 4012 estoit

2220 4044 2458 4098 vendut.
2493 4045 2606 4097 Car
2635 4044 2673 4096 li
2707 4059 2968 4115 evesquo
3000 4046 3214 4100 devant
3244 4047 3325 4100 lui
3356 4063 3462 4115 par
3497 4047 3781 4117 legiereté
3818 4064 3908 4101 ou

2220 4148 2326 4202 par
2357 4134 2654 4186 necessité
2677 4133 2912 4188 avoient
2942 4134 3134 4188 donné
3165 4150 3238 4187 ou
3271 4136 3382 4188 mis
3403 4151 3475 4189 en
3507 4150 3658 4206 gage
3690 4135 3911 4205 villes,

2223 4223 2355 4290 bos,
2390 4237 2663 4292 yauwes,
2697 4226 2886 4276 terres
2928 4224 3247 4278 ahanablcs
3288 4229 3343 4278 et
3381 4225 3561 4278 moult
3609 4225 3916 4279 d'aultrez

2223 4311 2633 4379 possessions,
2660 4317 2715 4365 et
2748 4313 2784 4364 li
2805 4313 2989 4365 caseit
3017 4317 3073 4365 et
3103 4313 3141 4365 li
3173 4313 3474 4367 chevalier
3505 4314 3575 4367 de
3606 4313 3916 4368 Cambre-

2225 4401 2312 4453 sis
2343 4399 2431 4453 les
2469 4399 2729 4454 tenoient
2755 4404 2970 4454 contra
3003 4401 3174 4470 droit,
3209 4406 3264 4455 et
3296 4403 3332 4455 li
3376 4404 3551 4456 hoins
3595 4417 3921 4471 evesques

2223 4505 2329 4558 par
2377 4489 2545 4542 l’aide
2587 4491 2657 4542 de
2693 4490 2841 4544 Dieu
2881 4491 2970 4545 les
3011 4490 3212 4544 retrait
3262 4490 3294 4544 ἡ
3325 4491 3670 4561 levesquict,
3718 4494 3777 4545 et
3811 4492 3918 4546 les

2226 4578 2439 4632 molins
2469 4584 2525 4632 et
2556 4579 2644 4633 les
2678 4580 2953 4634 tonlieus.

2137 4541 2197 4612 υ

2294 4719 2384 4774 34.
2446 4721 2556 4790 (Cf.
2613 4721 2697 4776 ib.
2755 4720 2948 4790 Aprés
3011 4721 3322 4776 s'eil‘orcha
3382 4722 3565 4776 moult
3619 4721 3660 4774 li
3718 4721 3923 4777 boins

2225 4823 2522 4879 evesques
2571 4811 2641 4863 de
2682 4811 2880 4865 ravoir
2925 4811 2976 4865 le
3019 4811 3350 4865 castellorie
3395 4811 3465 4864 de
3515 4809 3814 4880 Cambray
3859 4815 3928 4866 et

2227 4897 2281 4952 le
2313 4897 2518 4952 castiel
2554 4913 2626 4952 en
2649 4899 3012 4964 Cambresis;
3048 4916 3149 4953 car
3169 4900 3208 4952 li
3240 4914 3577 4969 empereres
3616 4899 3852 4954 Henris
3881 4902 3926 4954 li

2225 4986 2369 5040 tiers
2401 4987 2558 5040 avoit
2573 4986 2940 5058 donnéjadis
2955 5004 3027 5042 au
3051 4990 3241 5042 comte
3269 4989 3341 5042 de
3363 4987 3654 5041 Flandres
3673 4986 3932 5043 Hobert

2224 5075 2277 5128 le
2309 5075 2531 5130 second
2580 5077 2634 5129 la
2666 5077 2998 5131 castellerie
3048 5077 3120 5131 de
3150 5076 3441 5148 Cambray
3490 5081 3544 5130 et
3584 5077 3637 5129 le
3669 5075 3791 5129 don
3835 5077 3932 5132 du

2225 5165 2430 5218 castiel
2462 5181 2535 5219 θη
2564 5163 2926 5235 Cambresis,
2961 5181 3112 5236 pour
3141 5166 3284 5220 itant
3313 5180 3428 5236 que
3461 5166 3499 5219 li
3531 5179 3724 5236 quens
3754 5181 3931 5236 gar-

2227 5253 2360 5307 dast
2426 5253 2812 5326 diliganment
2881 5259 2938 5308 et
3005 5255 3338 5310 soubtenist
3412 5255 3746 5325 loyaument
3823 5255 3936 5312 les

2227 5358 2556 5413 evesques,
2609 5343 2802 5414 quand
2862 5343 2900 5397 li
2947 5359 3286 5413 empereres
3337 5343 3427 5398 les
3477 5342 3840 5412 envoyeroit
3898 5347 3939 5399 ἐι

2226 5429 2534 5503 Cambray,
2570 5437 2624 5486 et
2654 5448 2806 5501 pour
2854 5448 2920 5487 ce
2951 5433 3127 5503 qu’ils
3177 5433 3422 5505 gardast
3453 5431 3796 5486 fiablement
3866 5433 3935 5489 10

2223 5521 2409 5590 partie
2455 5521 2532 5576 du
2579 5537 2859 5592 royaume
2905 5523 3003 5593 qui
3046 5521 3373 5592 appartient
3419 5522 3450 5575 a
3495 5534 3604 5574 son
3645 5521 3932 5593 empire.

2224 5609 2370 5664 Ensi
2387 5610 2495 5666 tint
2510 5610 2550 5666 li
2573 5627 2764 5685 quens
2789 5613 3022 5668 Robers
3041 5628 3146 5684 par
3163 5612 3308 5685 long
3331 5613 3522 5684 tamps
3544 5623 3618 5666 en
3648 5625 3722 5666 sa
3745 5613 3935 5669 main
