4058 6182
223 323 310 398 233

850 309 1452 388 CONTINUATIO.
1490 358 1566 372 —
1611 301 2080 386 GESTORUM
2124 314 2435 386 VERSIO‘
2479 324 2866 388 GALLICA.

3445 329 3563 394 234

221 533 259 585 le
283 528 440 582 costiel
469 542 532 580 en
559 525 919 594 Cambresis,
946 529 1002 580 et
1038 526 1201 579 Hues
1225 524 1426 593 d’Oisi,
1446 525 1576 578 ﬁulz
1595 525 1648 578 le
1668 540 1796 578 cas-
1815 504 1875 567 Α
1907 522 2133 577 tellerie
2165 525 2263 593 qui
2294 523 2446 577 ainsi
2470 523 2512 577 li
2543 525 2717 578 estoit
2743 524 2919 580 tolue.
2936 527 3086 582 Lors
3109 529 3166 583 ot
3187 527 3390 584 consel
3421 527 3566 600 qu’il

218 618 367 672 tellain
408 617 578 682 Huon,
628 613 857 668 rechiut
899 615 952 668 10
1003 614 1334 668 castellerie
1383 615 1458 667 (lu
1501 616 1708 682 comte,
1743 617 1798 666 et

218 707 300 759 l‘en
326 705 403 757 ﬁst
425 703 738 773 hommage,
774 707 828 754 et
859 702 897 755 li
921 701 1061 772 jura
1093 703 1125 755 a
1165 702 1380 772 garder
1427 701 1604 754 feuté.
1639 700 1796 754 Pour

219 809 291 846 ces
317 805 460 845 coscs
481 790 726 844 deseure
748 790 900 843 dites
922 790 1121 844 venoit
1137 790 1175 842 li
1193 805 1384 859 quens
1408 789 1656 843 maintes
1681 787 1796 842 fois

218 879 507 947 aiCambray,
524 882 577 931 et
609 879 736 930 leur
753 877 932 930 aidoit
956 893 1028 931 en
1049 879 1210 931 leurs
1229 877 1581 931 nécessités.
1601 876 1792 946 Apres

215 985 270 1021 un
295 969 367 1036 poi
391 968 450 1020 de
479 971 660 1034 tamps
695 966 782 1018 ala
814 966 853 1018 li
889 981 1079 1035 quens
1113 966 1144 1018 ὁ
1173 982 1253 1018 un
1280 966 1713 1019 tournoiement
1763 965 1794 1018 ὁ

214 1056 392 1124 11111011,
411 1070 436 1108 0
454 1055 506 1107 fu
535 1055 687 1107 iluec
719 1054 942 1107 estains
967 1054 1202 1108 entrela
1227 1054 1577 1107 chevalerie.
1604 1052 1795 1121 Apres

210 1145 268 1197 lui
293 1144 338 1197 i‘u
363 1159 525 1213 quens
557 1143 628 1196 de
661 1142 951 1196 Flandres
986 1142 1285 1196 Bauduins
1312 1158 1412 1196 ses
1439 1142 1596 1208 fiulx,
1615 1145 1669 1194 et
1691 1141 1798 1194 tint

212 1233 251 1284 la
272 1237 394 1284 terre
419 1231 555 1282 ainsi
586 1246 813 1284 comme
845 1246 946 1284 ses
977 1245 1152 1300 peres
1181 1231 1279 1284 l'ot
1311 1232 1513 1299 tenue,
1549 1231 1604 1284 et
1646 1245 1797 1298 pour

208 1334 256 1372 ce
281 1319 374 1372 volt
399 1317 432 1370 il
459 1319 604 1370 tenir
625 1317 678 1370 le
711 1316 915 1371 castiel
947 1333 1020 1372 en
1050 1317 1410 1386 Cambresis,
1430 1322 1485 1370 et
1509 1317 1673 1370 Hues
1697 1316 1794 1370 de-

212 1410 317 1459 rant
334 1406 400 1459 dit
421 1406 657 1475 rechupt
688 1407 740 1460 le
767 1407 1098 1459 castellerie
1123 1406 1194 1460 de
1213 1406 1314 1475 lui,
1350 1409 1405 1460 ct
1433 1407 1474 1460 li
1500 1405 1634 1476 jura
1665 1405 1796 1459 feu-

207 1497 283 1554 tet;
310 1497 352 1546 et
377 1509 510 1562 pour
536 1508 602 1546 ce
621 1508 735 1562 que
758 1508 858 1547 ces
894 1508 1067 1547 coses
1091 1493 1343 1547 deseure
1361 1493 1513 1547 dites
1546 1493 1799 1547 estoient

207 1579 338 1632 iaites
363 1584 542 1633 contre
562 1579 712 1633 Dieu
743 1584 798 1633 et
829 1579 1278 1649 contrel‘eglise
1309 1580 1494 1633 Notrc
1527 1580 1704 1633 Dame
1725 1579 1795 1633 de

206 1666 447 1735 Cambray,
463 1668 497 1719 li
519 1683 816 1737 evesques
838 1667 1144 1722 Bouchars
1162 1669 1505 1722 excumenia
1530 1670 1582 1722 le
1606 1670 1796 1723 comte

207 1755 432 1820 Bauduin,
464 1759 515 1808 et
545 1771 766 1809 cascun
792 1754 932 1825 jour
977 1755 1175 1809 faisoit
1222 1755 1368 1810 faire
1415 1760 1588 1827 grant
1626 1772 1791 1810 com-

209 1841 372 1910 plainle
399 1845 448 1894 et
474 1842 893 1910 proclamation
936 1844 966 1895 ἰι
1015 1844 1224 1913 cloque
1275 1845 1529 1896 sonnant
1576 1843 1874 1927 devant‘B

201 1943 368 1998 corpus
390 1930 610 1983 Domini
641 1945 789 1999 pour
810 1929 1041 1999 l’injure
1060 1930 1135 1983 du
1160 1934 1368 1984 eomte.
1391 1931 1584 2000 Aprés
1604 1948 1681 1985 un
1696 1933 1796 2000 poi

205 2015 256 2068 de
277 2020 439 2085 tamps
467 2017 623 2070 avint
653 2033 766 2087 que
797 2018 834 2069 li
866 2033 1055 2086 quens
1079 2017 1291 2070 (levant
1323 2019 1414 2072 dis
1438 2019 1525 2071 ala
1547 2035 1620 2072 en
1641 2019 1790 2072 Nor-

196 2104 378 2156 mendie
406 2106 434 2156 (1
462 2106 643 2158 moult
672 2109 844 2175 grant
887 2107 998 2173 ost,
1053 2107 1108 2157 et
1147 2105 1207 2157 fu
1239 2121 1310 2158 en
1356 2105 1589 2159 bataille
1639 2106 1798 2176 grief

193 2193 313 2242 ment
339 2193 536 2244 navrés
559 2191 613 2245 el
649 2190 827 2257 chief,
863 2191 911 2243 si
937 2206 1049 2260 que
1069 2206 1333 2261 oncques
1354 2192 1480 2245 n'en
1500 2198 1599 2261 pot
1629 2192 1794 2246 avoir

191 2276 401 2344 εει-10011.
433 2278 574 2332 Mais
609 2279 818 2347 Dieux,
853 2281 953 2348 qui
981 2282 1073 2332 est
1095 2279 1500 2348 misericords,
1521 2280 1561 2332 li
1588 2284 1794 2349 presta

192 2379 357 2431 espace
385 2365 449 2419 de
477 2366 570 2420 vie
595 2370 716 2419 tant
747 2366 884 2435 qu’il
917 2369 975 2420 ot
1007 2370 1177 2437 grant
1208 2370 1558 2436 repentance
1591 2371 1647 2421 et
1695 2369 1794 2424 fist

191 2449 530 2506 humblement
549 2469 618 2507 sa
643 2453 1007 2507 confession.
1041 2452 1243 2516 Quand
1263 2453 1301 2507 1i
1326 2470 1623 2524 evesques
1645 2456 1794 2510 Bou-

187 2537 322 2591 chars
345 2556 410 2609 ογ
438 2555 548 2610 que
581 2542 715 2594 nulz
749 2556 821 2594 ne
849 2542 1004 2595 avoit
1037 2556 1361 2610 esperance
1406 2543 1477 2595 de
1507 2542 1561 2595 la
1613 2543 1704 2596 vie
1735 2545 1790 2598 10

186 2628 406 2693 0011110,οἰ
435 2643 662 2697 envoya
684 2644 787 2682 ses
811 2643 1121 2699 messages
1146 2630 1177 2681 11
1194 2629 1295 2698 lui,
1314 2631 1370 2682 et
1399 2629 1436 2682 li
1460 2631 1583 2699 pria
1608 2633 1791 2685 moult

185 2711 524 2769 humblement
553 2717 698 2786 qu’il
746 2717 972 2770 rendist
1021 2718 1054 2768 11
1099 2717 1340 2787 s’eglise
1372 2717 1426 2772 le
1477 2719 1684 2772 castiel
1715 2735 1787 2774 en

186 2798 468 2856 Cambresis
491 2810 545 2858 et
575 2805 632 2858 le
663 2805 993 2858 castellerie
1024 2805 1095 2857 de
1125 2805 1434 2875 Cambray,
1469 2809 1524 2859 et
1552 2823 1704 2876 pour
1732 2808 1786 2861 10

185 2888 461 2944 absolution
485 2897 540 2946 et
568 2893 625 2945 la
659 2893 972 2946 remission
997 2893 1067 2945 de
1089 2908 1191 2946 ses
1208 2894 1452 2962 péchiés
1474 2895 1511 2946 il
1530 2910 1603 2948 ne
1625 2895 1787 2950 souf-

184 2974 398 3032 iristmie
426 2996 536 3050 que
569 2981 688 3034 chil
725 2980 821 3049 qui
863 2981 1046 3033 seroit
1094 2995 1304 3050 quens,
1357 2982 1528 3051 aprés
1571 2983 1650 3036 lui
1694 2984 1784 3038 les

180 3065 317 3118 tenist
342 3069 371 3120 ἐι
398 3072 528 3122 tort.
563 3068 773 3132 Quand
805 3083 871 3121 ce
902 3084 972 3137 ογ
1002 3069 1043 3120 li
1075 3084 1284 3138 quens,
1320 3071 1374 3122 si
1401 3071 1649 3140 rechupt
1694 3073 1782 3127 les

177 3165 434 3224 messages
464 3156 768 3226 l’evesque
792 3156 972 3210 moult
994 3156 1410 3227 benignement
1433 3163 1486 3212 et
1509 3159 1570 3213 fu
1601 3161 1782 3216 moult

1904 611 2402 666 ammone‘stastle
2435 611 2738 666 castellain
2772 614 2944 667 Huon
2975 615 3113 684 qu’il
3143 617 3447 671 recheuist
3504 619 3562 672 et

1905 700 2084 752 tenist
2115 699 2168 753 le
2192 700 2523 754 castellerie
2547 701 2616 754 de
2635 701 2736 768 lui,
2759 700 2910 755 ainsi
2928 717 3040 771 que
3060 703 3110 756 si
3132 704 3566 772 predecesseur

1905 787 2293 840 avoienttenu
2325 788 2431 841 des
2463 803 2760 858 evesques
2792 789 2862 842 de
2892 788 3215 860 Cambray;
3247 792 3397 846 mais
3416 792 3565 847 ehilz
3607 821 3612 827 ε

1906 873 1960 927 10
1991 875 2210 943 refusa,
2237 878 2292 928 et
2321 876 2358 928 11
2389 892 2647 946 evesque
2666 879 2882 931 tantost
2903 877 2956 932 le
2981 879 3323 934 excumenia
3346 881 3403 934 et
3421 880 3562 934 mist

1908 965 2065 1016 toute
2100 979 2167 1016 sa
2195 965 2351 1017 terre
2385 980 2457 1018 en
2488 965 2640 1018 ben:
2677 965 2815 1018 dont
2860 967 2919 1020 fu
2963 967 3004 1019 11
3051 967 3393 1022 castellains
3435 971 3566 1039 trop

1910 1051 2055 1104 iriés
2089 1055 2143 1104 et
2172 1051 2266 1104 hai
2290 1052 2589 1123 l’evesquc
2611 1055 2680 1107 de
2704 1054 2876 1107 haine
2893 1056 3122 1109 mortel.
3147 1055 3364 1125 (Abbr.
3403 1057 3563 1112 Cam.

1910 1137 2024 1202 12.)
2058 1139 2208 1192 Lors
2241 1139 2338 1192 fist
2368 1140 2408 1192 li
2439 1141 2775 1195 castellains
2799 1141 3021 1196 fremer
3039 1159 3117 1196 un
3140 1145 3344 1198 castiel
3370 1145 3570 1200 00110-

1907 1242 2184 1296 vecoeur,
2221 1242 2320 1280 car
2351 1229 2388 1280 11
2422 1229 2667 1283 desiroit
2696 1230 2727 1281 ἐι
2757 1230 3051 1285 destruire
3074 1231 3377 1303 l’evesque
3408 1237 3466 1288 et
3498 1249 3569 1288 sa

1912 1315 2043 1368 cite.
2076 1315 2219 1368 Puis
2252 1319 2416 1368 entra
2446 1315 2501 1369 el
2534 1317 2737 1371 castiel
2770 1333 2802 1370 0
2834 1317 3016 1371 moult
3045 1319 3117 1372 de
3149 1319 3479 1376 chevaliers
3511 1323 3570 1375 et

1907 1403 2127 1471 plentet
2165 1403 2236 1456 de
2268 1418 2369 1456 ses
2401 1403 2686 1472 hommes,
2722 1407 2777 1458 et
2806 1405 2956 1460 ainsi
2990 1407 3184 1461 roboit
3211 1408 3266 1462 le
3295 1412 3446 1478 pais,
3468 1424 3558 1463 ar-

1908 1489 2029 1544 doit
2060 1491 2250 1560 villes,
2303 1493 2575 1560 prendoit
2624 1493 2926 1562 ahaniers,
2961 1495 3172 1549 occioit
3199 1496 3556 1568 pluisieurs,

1908 1581 1962 1631 et
1992 1578 2041 1631 01
2076 1579 2240 1632 toloit
2276 1579 2329 1632 la
2374 1580 2594 1634 vitaille
2638 1581 2668 1634 a
2721 1596 2871 1635 ceux
2920 1583 3017 1652 qui
3069 1584 3122 1638 le
3166 1583 3460 1653 portoient
3489 1600 3565 1640 en

1906 1663 1959 1717 la
1993 1665 2124 1733 cité,
2155 1666 2310 1734 bled,
2347 1667 2466 1730 vin,
2503 1667 2665 1736 char,
2699 1668 3004 1738 poissons,
3037 1669 3230 1724 buche
3253 1673 3309 1724 et
3338 1671 3560 1727 aultres

1907 1752 2101 1807 fruits.
2136 1754 2302 1808 Ainsi
2337 1755 2502 1808 list-il
2535 1756 2566 1808 ἐι
2596 1755 2898 1826 l'evesque
2931 1773 3038 1825 par
3067 1757 3404 1828 longtamps
3434 1761 3562 1814 tout

1905 1837 1994 1891 les
2025 1840 2223 1893 maulx
2252 1841 2389 1910 qu’il
2419 1845 2539 1909 pot.
2572 1840 2775 1904 Quand
2809 1856 2874 1895 ce
2906 1842 2987 1894 vit
3016 1843 3055 1894 li
3087 1857 3374 1913 evesque,
3407 1844 3458 1896 Si
3489 1859 3562 1898 ne

1906 1927 2006 1998 pot
2016 1927 2150 1994 plus
2175 1926 2432 1995 soui'frir,
2454 1927 2502 1979 si
2529 1927 2826 1980 assembla
2849 1927 3218 1982 isnellement
3234 1929 3565 1984 chevaliers

1906 2020 1963 2069 et
1993 2031 2175 2086 grans
2204 2031 2353 2086 gens
2385 2015 2655 2083 d'armes,
2691 2019 2747 2069 et
2794 2015 2883 2069 ala
2914 2017 3096 2071 moult
3127 2016 3568 2072 ei'forchiement

1907 2103 1940 2156 εὶ
1965 2102 2109 2172 Oisi,
2142 2119 2371 2172 pource
2403 2119 2515 2172 que
2538 2104 2575 2156 li
2609 2103 2948 2157 castellains
2969 2104 3122 2158 iluec
3152 2105 3286 2173 plus
3319 2120 3385 2159 se
3416 2105 3560 2174 ﬁcit,

1907 2195 1963 2245 et
1990 2191 2216 2260 prisent
2245 2193 2298 2244 la
2329 2191 2472 2244 ville
2505 2191 2726 2245 dehors
2753 2191 2810 2244 la
2832 2190 3174 2260 frimieté,et
3194 2193 3410 2246 misent
3439 2195 3564 2246 tout

1903 2281 1935 2332 £1
1967 2279 2048 2332 fu.
2082 2280 2225 2353 Puis
2257 2281 2458 2333 arsent
2488 2279 2660 2333 villcs
2684 2282 2740 2333 et
2762 2279 3137 2349 gasterentle
3165 2285 3296 2348 pa‘is
3325 2282 3552 2336 entour.

1905 2356 2262 2420 Lendemain
2293 2367 2516 2420 alerent
2545 2367 2577 2419 :‘1
2606 2367 3000 2420 Crievecoeur
3029 2368 3062 2420 ἐι
3090 2371 3262 2438 grant
3289 2369 3478 2438 vertu,
3502 2371 3561 2423 et

1904 2455 2220 2509 assalirent
2253 2455 2305 2507 la
2336 2453 2471 2507 ville
2494 2454 2615 2507 tres
2639 2454 2964 2524 aigrement
2991 2457 3047 2508 et
3077 2455 3131 2508 la
3150 2455 3472 2526 prisent,et
3492 2455 3558 2510 fu

1903 2558 2037 2597 arse
2069 2543 2232 2596 dessi
2263 2558 2336 2596 au
2367 2542 2591 2595 castiel.
2627 2541 2832 2606 Quand
2855 2557 2922 2595 ce
2940 2542 3023 2595 vit
3051 2541 3090 2594 li
3123 2543 3555 2612 castellains,si

1899 2633 2187 2702 recognut
2216 2647 2283 2684 sa
2318 2645 2522 2700 coupe,
2558 2632 2613 2683 et
2643 2630 2760 2683 dist
2798 2645 2910 2699 que
2952 2630 2985 2683 ἐι
3013 2631 3152 2685 boin
3199 2630 3353 2686 droit
3398 2631 3557 2686 avoit

1900 2723 2022 2772 tant
2053 2720 2082 2772 ἐι
2113 2717 2373 2786 souffrir,
2427 2734 2576 2788 pour
2612 2733 2678 2772 00
2727 2717 2865 2789 qu'il
2896 2719 3052 2772 avoit
3093 2719 3397 2790 guerroiet
3445 2734 3556 2774 son

1901 2809 2183 2878 seigneur
2214 2806 2550 2874 droiturier,
2586 2809 2641 2860 et
2672 2806 2830 2860 avoit
2863 2806 2965 2859 fait
3003 2807 3056 2860 si
3083 2823 3269 2877 grans
3316 2823 3492 2861 maux
3521 2807 3556 2862 ὰ

1900 2897 2088 2949 sainte
2107 2895 2296 2965 eglise
2310 2899 2364 2948 et
2382 2909 2448 2946 as
2461 2908 2700 2962 povres.
2721 2895 2871 2948 Lors
2896 2910 2962 2947 se
2976 2896 3200 2964 repenti
3221 2896 3548 2966 durement,

1897 2988 1954 3038 et
1971 2984 2180 3037 envoia
2202 2998 2514 3052 messages
2536 2983 2564 3034 a
2579 2982 2952 3051 l'esvesques
2969 2986 3026 3035 et
3046 2984 3172 3051 pria
3188 2983 3370 3037 moult
3390 2983 3552 3037 hum-

1895 3073 2172 3140 blement,
2198 3075 2250 3124 et
2273 3071 2312 3122 11
2343 3069 2470 3122 offri
2501 3071 2533 3122 a
2563 3069 2708 3123 faire
2738 3069 3048 3140 hommage
3098 3075 3153 3124 et
3173 3071 3346 3140 ,1111³01-
3374 3069 3549 3126 boine

1897 3161 2073 3228 feuté,
2110 3159 2201 3213 s’il
2250 3159 2304 3212 le
2348 3158 2549 3228 povoit
2595 3159 2877 3228 impetrer
2911 3157 2981 3210 de
3033 3173 3144 3212 son
3186 3159 3468 3230 seigneur
3492 3160 3548 3214 10

337 3210 365 3224 υ
671 3210 692 3226 ι
1137 3210 1169 3227 υ
1399 3210 1483 3212 γρ
1515 3210 1569 3213 -—
1897 3210 2073 3228 -η--ι
2119 3210 2133 3213 -
2163 3210 2198 3212 -κ
2283 3210 2295 3212 τ
2348 3210 2411 3228 ιτ
2483 3210 2543 3211 η
2678 3210 2698 3228 ι
2781 3210 2830 3212 κ-
3187 3210 3458 3230 ν--νγοννψ
3492 3210 3542 3214 --

177 3243 351 3295 contris
378 3247 432 3298 et
457 3248 779 3315 repentans
811 3245 882 3298 de
911 3245 1036 3297 vrai
1067 3260 1226 3313 cuer,
1247 3249 1303 3299 et
1333 3262 1484 3314 pour
1511 3247 1566 3299 la
1596 3264 1782 3316 paour
1809 3210 1864 3279 α
1896 3252 2085 3304 00111ῑο
2115 3247 2344 3300 Charle.
2376 3245 2581 3309 Quand
2611 3261 2678 3299 ce
2709 3262 2780 3316 ογ
2812 3245 2850 3298 li
2873 3247 3262 3316 evesques,si
3283 3247 3546 3303 fumoult

175 3330 279 3394 qu‘il
304 3333 355 3383 ot
382 3332 450 3385 de
481 3334 635 3386 Dieu
665 3337 721 3386 et
769 3333 860 3385 del
899 3332 1238 3403 jugement,
1271 3333 1312 3386 il
1362 3333 1546 3388 clama
1597 3338 1779 3406 quitte

172 3412 455 3488 l‘evesques
484 3420 645 3474 l’une
678 3424 734 3474 et
775 3421 978 3474 l’autre
1026 3422 1401 3491 possession,
1436 3428 1492 3477 et
1540 3425 1691 3478 ainsi
1739 3425 1780 3478 li

172 3506 300 3556 rendi
327 3507 374 3559 le
403 3509 612 3562 castiel
649 3511 705 3561 et
733 3508 787 3561 le
819 3507 1167 3562 castellerie.
1205 3510 1348 3564 Puis
1378 3510 1431 3564 le
1462 3513 1690 3566 absolst
1741 3515 1780 3568 li

166 3602 409 3663 evesques
441 3596 628 3650 moult
663 3595 1052 3664 devotement,
1085 3600 1143 3650 et
1189 3599 1340 3652 ainsi
1391 3603 1658 3669 trepassa
1707 3602 1778 3655 de

166 3685 259 3732 eest
286 3685 452 3738 siecle
485 3701 560 3739 en
594 3687 759 3739 vraie
790 3685 1094 3754 penitance
1120 3689 1182 3755 et
1219 3702 1291 3740 en
1321 3689 1567 3757 parfaite
1599 3691 1777 3744 devo-

170 3765 276 3835 tion,
304 3771 404 3825 l'an
434 3773 506 3827 de
539 3789 725 3844 grace
757 3771 914 3826 1118.

213 3857 282 3910 35.
298 3862 478 3930 Apres
499 3863 556 3918 le
576 3867 771 3918 co’mte
790 3864 1055 3917 Bau'duin
1086 3862 1144 3917 fu
1164 3881 1352 3936 quens
1383 3866 1454 3921 de
1485 3867 1774 3922 Flandres

167 3957 249 3997 uns
275 3949 423 4005 siens
454 3952 708 4007 cousins
739 3953 838 4022 qui
868 3956 925 4006 ot
955 3968 1091 4007 nom
1111 3952 1376 4024 Charles,
1411 3956 1552 4010 ﬁulx
1583 3956 1636 4011 le
1669 3972 1774 4029 1’ογ

161 4029 212 4081 de
237 4032 685 4107 Danuemarche,
722 4041 893 4094 lioms
923 4041 1206 4108 puissans
1237 4045 1292 4094 et
1322 4042 1443 4096 tres
1479 4059 1679 4115 sages.
1714 4045 1778 4100 Si

161 4120 248 4170 volt
274 4126 408 4178 lenir
434 4131 597 4181 toute
631 4127 688 4180 la
719 4132 872 4182 terre
903 4129 1056 4182 ainsi
1085 4144 1312 4184 comme
1345 4131 1418 4184 cil
1451 4132 1662 4187 devant
1694 4135 1778 4188 lui

157 4201 380 4292 i'avoient
416 4218 617 4283 tenue,
657 4219 712 4270 et
740 4232 890 4285 pour
912 4217 1064 4271 011011
1086 4218 1123 4270 il
1147 4219 1426 4287 rappiella
1449 4219 1501 4273 le
1524 4222 1637 4275 don
1661 4238 1774 4292 que

165 4291 373 4381 liquens
401 4303 713 4358 Bauduins
753 4305 784 4357 a
815 4321 882 4357 sa
913 4309 1064 4359 mort
1093 4307 1250 4360 avoit
1280 4306 1382 4361 fait
1410 4308 1442 4362 a
1472 4291 1774 4381 l’evesque

161 4377 418 4468 1101101101τά
449 4392 523 4446 (10
557 4393 614 4446 10
662 4393 993 4447 castellerie
1022 4393 1092 4448 de
1136 4393 1422 4467 Cambray
1470 4400 1526 4451 et
1568 4377 1776 4468 appeia

160 4465 290 4552 Huon
317 4476 514 4546 d'Oisi,
551 4482 613 4532 et
644 4479 682 4531 li
713 4479 880 4532 rendi
904 4480 956 4533 le
980 4481 1332 4552 castellerie,
1352 4465 1408 4536 et
1439 4465 1776 4542 chilsilues

157 4551 197 4644 ie
218 4562 437 4633 rechupt
469 4567 544 4620 de
576 4567 663 4620 lui
692 4583 764 4621 en
798 4567 914 4636 ﬁef,
949 4572 1004 4622 et
1054 4569 1164 4622 l'en
1208 4551 1324 4623 iisti
1353 4571 1666 4644 hommage
1716 4579 1775 4630 et

151 4639 290 4701 feuté.
320 4651 398 4704 De
415 4653 528 4708 0110
560 4669 633 4708 00
663 4655 801 4709 (10111
834 4655 1016 4710 moult
1061 4656 1101 4708 11
1141 4672 1422 4728 evesque,
1460 4665 1514 4714 et
1545 4639 1669 4715 vint
1700 4679 1773 4718 au

157 4739 286 4788 conte
314 4737 519 4795 Charle
553 4759 633 4796 en
666 4747 839 4814 grant
867 4743 1130 4798 humilité
1162 4748 1218 4799 et
1249 4747 1430 4800 moult
1460 4749 1776 4805 s’eil'orcha

152 4818 442 4893 d'acqnerre
463 4845 534 4882 sa
572 4846 774 4900 graec,
790 4833 846 4884 et
868 4831 1149 4900 supplioit
1170 4833 1542 4890 devotement
1557 4854 1778 4906 parses

156 4909 267 4961 amis
291 4927 396 4982 que
426 4915 468 4968 li
507 4932 707 4986 quens
739 4918 779 4970 li
807 4919 1020 4972 volsist
1060 4920 1274 4974 rendre
1327 4922 1381 4975 10
1424 4925 1775 4980 castellerie.

154 4990 263 5082 .‘fiais
275 5000 339 5053 de
361 5018 426 5056 00
443 5020 518 5057 110
538 5005 718 5058 voltli
732 5021 922 5075 queus
937 5013 1046 5062 o’ir.
1066 5007 1414 5079 Nequedent
1429 5027 1533 5081 par
1544 5015 1777 5082 proiere

157 5078 206 5170 de
231 5100 317 5138 ses
345 5091 491 5144 amis
523 5095 584 5144 et
619 5107 769 5160 pour
795 5091 902 5145 200
943 5109 1105 5147 mars
1153 5078 1266 5166 que
1314 5097 1354 5150 11
1398 5078 1696 5170 evesques
1736 5103 1778 5157 11

156 5164 302 5240 hailla,
325 5180 378 5229 et
407 5178 447 5230 li
469 5179 648 5232 rendi
685 5179 738 5232 le
769 5181 973 5235 castiel
1007 5198 1078 5236 en
1109 5164 1472 5253 Cambresis,
1506 5164 1611 5256 pa}
1638 5189 1774 5245 telle

156 5261 400 5317 condition
449 5282 568 5336 que
623 5267 664 5320 11
709 5284 900 5338 quens
948 5286 984 5340 γ
1032 5275 1165 5325 eust
1205 5287 1315 5327 son
1364 5277 1559 5344 repair
1609 5280 1775 5332 aussi

156 5357 331 5435 comma
351 5352 389 5406 li
408 5371 736 5426 evesques,
754 5361 808 5411 et
841 5357 962 5412 fust
995 5359 1170 5414 illuec
1189 5376 1292 5415 ses
1312 5363 1554 5434 refugos
1577 5367 1776 5435 quand

157 5429 212 5484 lui
240 5438 468 5502 plniroit.

201 5518 275 5579 35.
303 5528 489 5600 Aprés
513 5547 626 5587 ces
660 5547 836 5588 coscs
869 5534 1023 5604 priet
1049 5536 1088 5590 11
1121 5551 1418 5610 evesques
1449 5539 1481 5594 ἐι
1529 5541 1772 5596 deman-

156 5606 230 5665 del'
253 5619 441 5675 censet
470 5621 505 5675 ἐι
531 5635 646 5676 ses
673 5622 822 5677 amis
851 5623 991 5694 qu'il
1032 5626 1228 5694 poroit
1258 5606 1406 5685 faire
1435 5629 1507 5684 de
1536 5629 1592 5685 le
1636 5632 1772 5685 cas-

500 5710 802 5776 PATROL.
837 5711 1128 5778 CXLIX.

1895 3336 2109 3407 esjo'is;
2144 3351 2244 3388 car
2271 3334 2310 3387 il
2343 3333 2586 3388 desiroit
2615 3333 2763 3402 pais.
2798 3332 2911 3401 (Ib.
2939 3333 3220 3403 12.)'Lors
3242 3335 3469 3390 absolst
3485 3335 3543 3390 10

1893 3424 2197 3479 castellain
2228 3439 2334 3492 par
2378 3421 2514 3476 telle
2565 3411 2861 3475 condition
2904 3421 3044 3491 qu’il
3083 3423 3445 3477 remetteroit
3490 3424 3545 3478 10

1893 3511 2135 3566 castield
2165 3511 2236 3565 de
2268 3509 2658 3564 Crievacoeur
2687 3525 2759 3563 en
2784 3509 2857 3563 tel
2880 3509 3108 3563 fourme
3136 3513 3193 3564 et
3213 3525 3286 3565 en
3311 3511 3391 3565 tel
3421 3526 3544 3566 ma-

1891 3601 2052 3655 niere
2075 3614 2189 3670 que
2220 3599 2275 3651 la
2306 3599 2441 3651 ville
2472 3598 2629 3652 avoit
2659 3597 2784 3651 esté
2807 3597 3314 3668 anchiennement,
3349 3599 3538 3670 etque

1889 3688 1994 3742 des
2014 3702 2115 3742 ore
2131 3688 2278 3739 mais
2302 3687 2354 3739 le
2376 3685 2621 3740 castield
2641 3685 2676 3737 il
2700 3701 2772 3740 ne
2794 3685 3188 3740 referoitsans
3206 3686 3540 3741 -1’ass’entde

1886 3778 2186 3846 l’evesque
2219 3778 2275 3829 et
2304 3774 2412 3828 des
2433 3774 2723 3844 bourgois
2756 3774 2826 3828 de
2849 3773 3152 3844 Cambray.
3173 3775 3317 3844 Puis
3347 3774 3542 3846 lijura

1888 3866 2053 3918 Hues
2087 3865 2262 3932 feuté,
2299 3866 2354 3916 et
2383 3863 2535 3916 ainsi
2569 3861 2762 3916 furent
2791 3862 2931 3917 boin
2960 3877 3096 3933 amy
3123 3862 3447 3917 ensamble.
3484 3905 3488 3910 .

1955 3953 2045 4006 8'7.
2070 3952 2284 4021 (Abbr.
2305 3950 2463 4004 Cam.
2491 3947 2665 4020 13.)Α
2696 3950 2805 4005 1001
2834 3954 3024 4020 tamps
3055 3955 3114 4005 ot
3141 3952 3222 4005 un
3249 3951 3538 4024 haurgois

1884 4042 1916 4095 ὰ
1947 4040 2234 4110 Cambray
2266 4040 2363 4110 qui
2397 4043 2455 4093 ot
2484 4055 2621 4093 nom
2652 4039 3052 4109 Wirembauz,
3086 4039 3390 4095 d'onneste
3432 4056 3540 4110 pa-

1882 4145 2047 4202 rage,
2063 4128 2339 4198 raemplis
2361 4128 2431 4181 de
2451 4127 2660 4182 boines
2675 4142 2893 4192 meurs;
2917 4127 2965 4180 si
2983 4127 3156 4181 estoit
3173 4127 3356 4182 moult
3370 4128 3537 4183 ames

1884 4219 1955 4273 de
1985 4221 2144 4272 toute
2200 4217 2254 4270 la
2290 4216 2430 4283 cite,
2465 4220 2520 4270 et
2561 4216 2712 4284 prist
2759 4215 2790 4267 a
2836 4214 3103 4268 moullier
3139 4214 3194 4268 le
3238 4215 3356 4268 ﬁlle
3399 4215 3538 4270 d’un

1883 4307 2288 4376 prudhomme,
2307 4307 2359 4358 et
2382 4302 2726 4372 vesquirent
2748 4302 3049 4356 ensamble
3069 4317 3175 4370 par
3195 4301 3535 4373 longtamps

1885 4395 2065 4449 moult
2095 4393 2446 4464 loyaulment
2466 4407 2537 4445 en
2560 4391 2801 4461 marige,
2828 4393 2883 4444 et
2906 4393 3302 4461 engenrerent
3325 4389 3536 4445 enfans

1887 4484 2028 4554 qu’il
2059 4482 2362 4536 nourirent
2409 4496 2482 4535 en
2513 4479 2726 4532 timeur
2773 4479 2844 4532 de
2893 4479 3058 4532 Dieu.
3107 4477 3169 4532 Si
3211 4479 3463 4533 estoient
3499 4477 3542 4531 11

1887 4573 2083 4626 enfant
2113 4573 2363 4624 aven'ant
2393 4572 2447 4622 et
2469 4567 2651 4621 moult
2672 4567 2918 4620 amable.
2938 4566 3098 4620 Chilz
3118 4567 3416 4637 preudons
3440 4565 3540 4620 de—

1889 4662 2027 4712 vant
2057 4659 2148 4712 dis
2185 4662 2239 4712 et
2269 4673 2333 4711 sa
2366 4656 2578 4710 femme
2610 4655 2805 4709 ooient
2836 4657 3088 4710 suuvent
3132 4655 3185 4708 la
3232 4655 3430 4724 parole
3467 4653 3540 4708 de

1887 4750 2057 4802 Dieu.
2090 4747 2151 4801 Si
2182 4749 2350 4800 orent
2380 4745 2611 4798 volente
2642 4744 2713 4796 de
2747 4743 2981 4797 laissicr
3021 4742 3075 4796 le
3123 4742 3342 4796 sieucle
3391 4757 3543 4811 pour

1885 4837 2132 4889 l’amour
2163 4835 2232 4887 de
2266 4834 2432 4902 Dieu,
2467 4836 2522 4886 et
2552 4835 2795 4904 vocrent
2827 4830 3066 4884 chaasté
3089 4844 3160 4883 en
3178 4830 3231 4883 10
3262 4829 3418 4882 main
3433 4829 3541 4883 l’e-

1884 4939 2111 4992 vcsque
2134 4921 2466 4990 Bouchard,
2485 4923 2540 4974 et
2570 4919 2923 4988 departirent
2944 4918 3097 4970 ainsi
3117 4917 3249 4972 leur
3277 4918 3542 4989 mariage

1884 5028 2034 5082 pour
2078 5012 2272 5065 servir
2317 5010 2464 5062 Dieu
2511 5009 2645 5077 plus
2686 5009 3075 5061 devotement.
3118 5006 3261 5059 Puis
3299 5005 3467 5060 rendi
3501 5005 3544 5059 li

1886 5115 2059 5170 peres
2082 5100 2235 5152 deux
2269 5099 2339 5152 de
2372 5113 2473 5150 ses
2507 5095 2595 5148 filz
2635 5111 2707 5148 en
2755 5094 2960 5147 l’abeie
3008 5093 3162 5147 saint
3207 5092 3450 5164 Aubert,
3487 5094 3545 5146 et

1887 5190 2018 5242 Ieur
2049 5188 2239 5241 donna
2269 5186 2448 5240 hiaux
2479 5184 2649 5252 dons,
2681 5183 2735 5236 le
2768 5181 2952 5235 tierch
2985 5181 3045 5234 111
3076 5197 3148 5236 011
3179 5181 3426 5235 l’abbeie
3469 5181 3542 5234 de

1885 5277 1944 5331 S.
1981 5277 2283 5345 Sepulcre,
2311 5277 2365 5328 et
2395 5291 2431 5344 γ
2462 5273 2652 5326 donna
2676 5285 2858 5340 grans
2881 5269 3270 5339 possessions
3302 5284 3406 5340 ;sa
3427 5268 3545 5322 11110

1883 5365 2053 5420 rendi
2070 5366 2102 5417 ἐι
2126 5364 2308 5418 Rains
2333 5363 2408 5417 ou
2428 5361 2464 5414 il
2488 5361 2681 5414 donna
2704 5356 2768 5412 ‘19
2791 5359 3014 5413 besans
3031 5359 3155 5412 d’or
3168 5360 3223 5411 et
3243 5357 3546 5426 plusieurs

1884 5454 2108 5507 aultres
2141 5453 2289 5506 dons
2316 5469 2329 5516 ς
2365 5452 2415 5503 si
2439 5464 2551 5520 que
2576 5448 2724 5501 chilz
2746 5447 3140 5500 Wirembaux
3163 5449 3218 5499 et
3247 5460 3314 5499 sa
3332 5444 3545 5498 femme

1885 5544 1942 5598 et
1971 5556 2073 5595 ses
2105 5539 2314 5596 enfans
2345 5539 2459 5592 mis
2489 5553 2596 5607 par
2625 5536 2890 5605 abbeies,
2909 5536 2962 5590 si
2981 5549 3047 5589 se
3069 5533 3210 5588 mist
3229 5531 3543 5587 0110101110-

1886 5631 2046 5686 ment
2073 5630 2107 5684 ἐι
2134 5628 2283 5684 faire
2316 5640 2570 5683 oeuvres
2601 5625 2672 5680 de
2701 5623 3056 5682 misécorde.
3090 5621 3180 5678 En
3208 5619 3321 5677 icel
3351 5623 3544 5688 tamps

3109 5709 3151 5774 8
