4058 6182
204 363 297 426 237

849 358 1452 425 CONTINUATIO.
1484 393 1563 409 —-
1594 355 2059 424 GESTORUM
2089 361 2400 445 VERSIO
2434 350 2821 430 GALLICA.

3410 353 3561 439 '238'

194 565 325 618 homs
351 563 507 616 moult
535 563 813 632 puissans
846 579 917 616 en
948 561 1310 634 Cambrosis,
1331 565 1433 634 qui
1455 565 1513 618 ot
1529 579 1644 616 non
1665 561 1769 616 Ge-
1792 543 1841 606 Ᾱ
1877 562 2069 614 anemi
2101 567 2274 633 grant
2303 564 2535 618 volenté
2578 566 2714 637 qu’il
2755 584 2826 622 ne
2867 568 2987 625 fust
3014 590 3120 641 pas
3150 575 3530 647 longhement

188 670 287 706 rare
307 651 706 705 Mauﬁllastres.
724 651 785 704 Si
803 651 900 705 ﬁst
915 653 944 704 8
968 652 1266 723 l'evesque
1288 653 1468 706 moult
1487 653 1556 706 de
1575 653 1769 704 maulx

190 746 228 793 et
253 740 437 794 rebella
465 744 662 793 contre
692 740 793 808 lui,
819 743 875 794 et
895 741 1164 810 prendoit
1187 756 1289 794 ses
1313 742 1577 794 homines
1601 743 1656 793 et
1676 739 1764 793 les

185 829 358 882 mettoit
385 843 447 882 en
479 828 697 897 prison,
723 831 777 882 et
799 829 962 883 toloit
984 829 1110 883 leur
1129 831 1536 899 possessions.
1559 828 1764 892 Quand

186 932 233 970 ce
256 917 322 968 vit
345 916 376 968 li
409 931 710 985 evesques,
749 917 874 971 s’en
906 917 968 970 fu
1017 919 1198 971 moult
1236 918 1398 985 iriés,
1444 921 1499 971 et
1543 917 1767 986 requist

184 1007 207 1057 i1
222 1005 340 1058 celui
357 1004 557 1058 Gerard
582 1005 719 1074 qu’il
740 1005 778 1057 li
794 1005 1020 1058 rendist
1033 1021 1133 1060 ses
1149 1006 1435 1059 hommes.
1457 1005 1605 1058 Mais
1621 1005 1770 1058 chilz

185 1093 305 1146 riens
332 1092 443 1144 n‘en
473 1092 585 1158 fist,
621 1093 751 1146 ains
781 1093 1065 1147 demenda
1095 1094 1342 1147 triuwes
1371 1094 1403 1147 ὰ
1433 1093 1767 1163 l'evesques

180 1184 270 1233 tant
293 1180 409 1250 qu’il
436 1185 605 1250 peust
633 1182 829 1250 parler
857 1182 1087 1236 bouche
1119 1183 1150 1234 εὶ
1179 1181 1408 1236 bouche
1443 1182 1473 1235 8
1504 1182 1604 1235 lui.
1632 1181 1702 1235 Et
1729 1182 1769 1234 1i

179 1283 416 1336 evesques
437 1285 538 1338 par
553 1271 819 1323 mauvais
839 1271 1061 1324 conscil
1085 1270 1123 1323 li
1144 1270 1365 1325 refusa.
1388 1270 1537 1324 Dont
1559 1271 1620 1323 fu
1642 1270 1770 1323 chlz

178 1355 320 1409 Geras
371 1362 489 1426 trop
534 1357 890 1426 foursenés,
941 1363 998 1413 ct
1049 1361 1417 1413 isnellement
1473 1358 1768 1412 assembla

178 1445 314 1497 moult
333 1445 394 1498 de
416 1445 760 1513 clievaliers,
789 1464 970 1518 grans
995 1464 1142 1519 gens
1175 1449 1425 1501 d'armes
1448 1450 1504 1501 et
1525 1463 1673 1516 gens
1697 1447 1767 1500 de

177 1532 278 1600 plet,
307 1538 354 1586 et
379 1535 572 1587 assalli
607 1535 660 1588 le
693 1537 898 1590 castiel
929 1553 1002 1591 en
1046 1535 1407 1606 Cambresis,
1450 1540 1504 1590 et
1535 1537 1587 1590 le
1617 1537 1770 1606 prist

174 1637 254 1689 par
276 1621 326 1674 fu
353 1625 402 1675 et
429 1623 653 1691 forche,
687 1627 743 1677 et
789 1625 983 1679 fui-ent
1028 1625 1179 1680 iluec
1224 1642 1323 1679 ars
1357 1641 1469 1696 que
1501 1625 1768 1680 hommes

175 1724 257 1778 que
281 1709 503 1764 femmes
531 1713 667 1781 plus
699 1713 769 1768 de
821 1717 978 1782 cent,
1030 1717 1086 1768 et
1124 1715 1176 1768 18
1206 1715 1340 1768 ville
1376 1714 1460 1768 fut
1487 1730 1622 1768 arse
1653 1717 1709 1767 et
1737 1715 1770 1767 5

171 1798 347 1866 eglises
375 1801 552 1869 aussi,
587 1804 645 1855 et
675 1802 934 1872 reliquos
965 1803 1249 1856 d’aucuns
1272 1803 1456 1871 sains,
1483 1807 1537 1856 et
1560 1819 1631 1856 en
1654 1819 1768 1857 une

1877 664 2191 720 evesques.

1949 739 2035 792 43.
2071 739 2180 808 (Cf.
2230 741 2312 795 1'1).
2362 741 2472 811 15.)
2530 743 2579 796 Α
2639 744 2747 797 icel
2805 748 2996 817 tamps
3044 749 3182 803 fu-il
3227 767 3467 810 semons
3498 758 3532 811 ὰ

1880 827 2085 881 I-lains.
2121 827 2180 880 Si
2225 830 2314 882 ala
2364 831 2537 900 aprés
2585 833 2666 886 lui
2723 833 2764 886 li
2819 838 3042 904 pruvos
3093 839 3164 893 de
3205 841 3260 894 la
3303 858 3448 898 cour
3475 849 3534 900 et

1877 915 2200 982 pluisieurs
2231 917 2338 970 des
2386 936 2709 976 cannones.
2757 922 2816 976 Si
2866 925 2918 977 le
2950 925 3316 983 diffamarant
3342 931 3533 1002 grief-

1877 1007 2034 1056 ment
2054 1003 2084 1056 8
2108 1004 2554 1077 l‘archevesque
2577 1009 2646 1062 de
2670 1010 2820 1064 chou
2840 1013 2977 1082 qu’il
3001 1017 3235 1071 vendoit
3250 1017 3340 1072 les
3356 1035 3534 1088 prou-

1879 1091 2100 1144 vendes
2133 1095 2190 1145 et
2219 1094 2487 1162 prendoit
2520 1097 2756 1152 deniers
2789 1101 2859 1154 de
2889 1102 3095 1156 beneir
3124 1106 3369 1175 eglises.
3395 1107 3532 1165 Sile

1879 1183 2711 1239 accuserentaussid’avarise
2735 1189 3080 1246 etd’aultres
3102 1193 3322 1265 visces,
3353 1199 3409 1250 et
3440 1197 3532 1251 di-

1879 1270 2008 1319 rent
2029 1272 2153 1321 tout
2175 1269 2226 1322 le
2247 1271 2356 1322 mal
2381 1273 2518 1341 qu’il
2540 1280 2747 1341 porcnt
2764 1277 2834 1330 de
2853 1277 2953 1331 lui.
2977 1278 3181 1342 Quand
3203 1299 3270 1336 ce
3293 1298 3365 1354 ογ
3386 1284 3534 1339 1181*-

1877 1354 2249 1426 chevesques
2267 1401 2280 1420 ,
2307 1360 2358 1413 si
2379 1361 2548 1414 traist
2569 1362 2740 1416 d’une
2762 1368 2890 1433 part
2910 1366 3207 1439 l’evesque
3231 1370 3528 1444 Liethard,

1879 1444 2110 1512 etparla
2133 1445 2165 1498 ἐι
2189 1447 2266 1498 lui
2291 1463 2362 1500 en
2400 1453 2593 1503 secret
2628 1466 2699 1504 en
2733 1453 2784 1504 la
2819 1469 3109 1522 presence
3140 1460 3193 1511 et
3216 1459 3268 1512 el
3291 1462 3530 1515 tesmoi-

1877 1547 2070 1604 gnage
2085 1533 2155 1586 de
2171 1535 2304 1604 cinq
2319 1551 2634 1608 evesques,
2651 1542 2705 1594 et
2717 1540 2755 1592 li
2771 1541 2852 1594 (lit
2865 1544 3528 1603 moultadmiablement:

1879 1617 1958 1672 0r
1981 1622 2102 1690 oés,
2129 1622 2334 1675 biaulx
2355 1624 2533 1678 doulx
2547 1642 2747 1696 peres.
2767 1644 2889 1683 com
2907 1647 3093 1701 graus
3113 1650 3290 1688 maux
3307 1642 3366 1690 et
3383 1635 3536 1707 quel-

1875 1707 1966 1761 les
2003 1708 2318 1765 deﬂ'aultes
2345 1719 2546 1767 vostre
2581 1716 2937 1771 adversaire
2968 1719 3134 1774 diem
3156 1729 3361 1777 centre
3395 1739 3536 1778 vous

1878 1803 1999 1850 tout
2021 1814 2093 1851 en
2117 1805 2306 1870 apert,
2334 1807 2391 1854 et
2412 1803 2782 1872 reprendent
2807 1812 3003 1860 vostra
3026 1809 3137 1862 Vie.
3159 1809 3322 1864 Paur
3340 1810 3538 1882 quuel

171 1885 316 1954 eglise
341 1887 396 1940 fu
428 1905 521 1942 ars
558 1905 640 1942 un
670 1896 957 1958 prestres.
991 1892 1134 1945 Puis
1162 1892 1387 1960 prirent
1419 1894 1474 1944 et
1495 1892 1768 1946 roberent
1801 1910 1854 1972 Β
1878 1885 2093 1956 coseje
2119 1903 2259 1941 vous
2289 1889 2428 1959 prie
2454 1906 2607 1960 pour
2634 1891 2785 1945 Dieu
2820 1909 2927 1963 que
2970 1910 3108 1949 vous
3125 1899 3536 1969 recognissiés

167 1973 252 2026 chil
280 1975 341 2027 de
368 1975 494 2030 l’ost
527 1981 683 2031 toute
711 1979 767 2032 la
801 1979 954 2048 ville,
990 1979 1273 2050 d'argent,
1307 1980 1378 2033 de
1413 1983 1682 2034 vestures
1715 1983 1770 2033 et

166 2059 218 2112 de
243 2063 374 2117 chou
401 2065 534 2134 qu‘il
563 2069 835 2135 peurent.
873 2066 1066 2137 Apres
1099 2083 1164 2121 cc
1189 2068 1294 2121 tint
1315 2068 1526 2121 chieux
1548 2067 1767 2121 Gerars

163 2149 200 2203 le
225 2152 397 2206 castiel
429 2168 500 2207 en
536 2171 605 2208 sa
626 2156 783 2208 main
801 2172 906 2225 par
924 2156 1278 2228 longtamps,
1299 2157 1387 2210 les
1410 2157 1766 2226 appendises

162 2241 202 2290 et
226 2244 336 2293 tous
357 2241 439 2294 les
464 2258 612 2312 pays
637 2248 866 2297 entour.
891 2243 973 2298 Dc
996 2260 1096 2298 ces
1121 2261 1294 2299 ceses
1318 2245 1569 2298 estoient
1589 2244 1770 2298 moult

162 2328 344 2382 tourblé
370 2329 481 2383 chil
513 2331 588 2384 de
621 2331 988 2403 l’evesquiet,
1021 2338 1076 2386 et
1097 2333 1351 2386 disoient
1372 2348 1485 2403 que
1507 2335 1630 2386 tout
1651 2331 1767 2385 chil

160 2416 244 2468 mal
269 2419 499 2473 estoient
529 2435 724 2474 avenu
756 2437 860 2490 par
887 2421 1213 2492 l'evesque,
1245 2437 1393 2490 pour
1427 2438 1491 2474 cc
1525 2421 1663 2492 qu'il
1695 2435 1766 2474 ne

160 2505 281 2557 vault
309 2507 523 2561 donner
551 2509 803 2563 triuwes
833 2511 863 2563 8
891 2510 1134 2564 Gerard.

209 2592 278 2645 12.
308 2594 408 2661 (Cf.
443 2596 551 2665 ib.)
600 2598 651 2650 Α
702 2598 809 2651 icel
869 2601 1060 2667 tamps
1117 2599 1293 2652 estoit
1339 2614 1452 2651 uns
1483 2597 1766 2667 puissans

160 2677 291 2733 homs
319 2683 409 2752 qui
441 2688 496 2738 ot
527 2701 702 2738 noms
751 2685 1023 2756 Symons,
1079 2686 1222 2740 ﬁulx
1258 2686 1428 2739 Huon
1466 2685 1767 2739 castellain

157 2766 314 2822 d‘Oisi.
349 2771 471 2824 Sili
504 2774 660 2842 prist
706 2790 887 2846 grans
934 2775 1111 2844 pitiés
1156 2775 1226 2828 de
1270 2775 1423 2829 chou
1470 2791 1583 2845 que
1617 2774 1767 2827 chilz

156 2853 332 2911 Gel-ard
367 2859 562 2915 faisoit
593 2866 717 2916 tant
747 2864 818 2916 de
864 2864 1060 2917 maulx
1106 2865 1137 2917 8
1180 2864 1480 2933 l’evesque
1512 2863 1765 2930 Lietare,

153 2945 310 3014 etque
336 2949 464 3002 nulz
496 2951 634 3004 n’en
656 2951 929 3019 prendoit
951 2968 1272 3023 vengance.
1297 2953 1449 3006 Lors
1470 2950 1768 3004 assembla

153 3039 287 3098 grant
314 3040 418 3105 ost,
451 3041 507 3091 et
537 3039 696 3108 prist
727 3055 759 3093 ο
793 3039 873 3094 lui
905 3040 1139 3094 chiaulx
1168 3041 1238 3094 de
1269 3039 1574 3109 Cambray,
1600 3042 1655 3092 et
1678 3038 1768 3090 ala

151 3125 310 3177 contre
340 3125 488 3180 celui
519 3126 764 3196 Cerard,
799 3131 856 3182 et
886 3132 1054 3199 gasta
1084 3145 1149 3183 sa
1181 3132 1355 3198 terre,
1392 3134 1447 3182 et
1476 3128 1614 3180 mist
1645 3129 1769 3181 tout

150 3206 236 3260 51in
254 3216 300 3264 et
320 3213 348 3264 ὸ
371 3216 562 3285 ﬂame,
591 3216 733 3269 dont
767 3217 829 3270 fu
859 3217 1008 3270 chilz
1037 3217 1263 3270 Gerard
1295 3218 1348 3271 si
1377 3233 1592 3286 povres
1626 3219 1682 3269 et
1713 3215 1766 3268 si

148 3297 230 3350 mis
257 3316 319 3354 au
349 3303 638 3373 desoubz,
673 3305 812 3374 qu’il
843 3307 1068 3376 requist
1096 3306 1226 3375 pais
1257 3308 1313 3358 et
1334 3321 1538 3359 amour
1557 3305 1588 3356 a
1613 3302 1767 3357 celui

147 3383 340 3453 Symon.
365 3391 558 3446 Adont
581 3396 642 3446 ot
665 3394 868 3447 consel
892 3394 930 3446 li
951 3394 1255 3448 castellain
1277 3394 1441 3448 Hues
1463 3396 1518 3447 et
1539 3394 1593 3445 la
1616 3408 1770 3446 com-

146 3489 320 3547 mugne
348 3479 417 3532 de
446 3480 726 3536 Cambrai
756 3483 1080 3553 ensamble,
1119 3488 1174 3538 et
1196 3483 1235 3536 li
1258 3487 1579 3553 ottryerent
1610 3484 1760 3552 pais.

145 3559 306 3624 Quand
336 3584 400 3621 ce
431 3574 527 3623 sot
560 3570 602 3622 li
637 3586 932 3641 evesques
962 3573 1014 3626 si
1045 3574 1098 3627 le
1123 3573 1409 3626 contredit
1431 3572 1760 3641 durement,

144 3657 182 3702 et
206 3653 305 3707 dist
333 3671 442 3727 que
463 3657 533 3728 ja
565 3659 927 3713 n‘assauroit
956 3659 1181 3714 Gerard
1211 3677 1284 3714 ne
1314 3664 1447 3715 tous
1478 3661 1566 3715 les
1598 3661 1763 3714 siens

143 3738 195 3790 de
220 3742 756 3801 l’escumeniement
784 3749 946 3802 dessi
979 3749 1010 3802 a
1043 3752 1162 3802 tant
1199 3749 1339 3819 qu’il
1369 3749 1762 3802 restablieche

142 3823 209 3876 les
232 3831 443 3900 eglises
475 3834 625 3904 qu’il
658 3837 715 3888 ot
753 3849 957 3905 arses,
1009 3839 1065 3888 et
1095 3836 1233 3906 qu’il
1265 3837 1416 3889 aroit
1447 3837 1632 3889 rendu
1664 3837 1764 3890 dix

144 3915 265 3970 mille
291 3935 467 3990 mars,
505 3927 565 3976 et
597 3922 639 3975 li
671 3924 820 3977 aroit
843 3924 943 3976 fait
966 3924 1332 3978 satisfaction
1356 3925 1462 3978 des
1484 3927 1617 3978 cent
1637 3941 1765 3994 per-

143 4013 323 4061 sonnes
351 4014 405 4063 et
435 4011 516 4064 du
552 4014 788 4081 prestre
812 4012 912 4082 qui
933 4012 1168 4066 avoient
1188 4016 1338 4067 estet
1359 4013 1481 4081 peri
1505 4029 1578 4068 ou
1603 4014 1682 4082 fu,
1709 4017 1764 4067 et

139 4093 310 4164 Viegnc
339 4099 369 4149 a
400 4115 611 4170 mercy
643 4100 1058 4166 humblement,
1085 4101 1645 4156 etrechoiventleur
1665 4117 1764 4170 pe-

141 4180 345 4239 nitence.
359 4187 570 4251 Quand
587 4203 658 4242 ce
681 4192 871 4242 oi'rent
887 4190 925 4242 li
943 4190 1252 4261 bourgois,
1271 4191 1387 4244 sile
1401 4191 1764 4260 disputerent

137 4273 253 4324 etne
269 4275 532 4331 vaulrent
557 4278 726 4331 riens
746 4277 910 4332 faire.
932 4277 1030 4332 Eli
1043 4293 1338 4350 evesques
1355 4279 1636 4349 respondi
1649 4294 1763 4350 que

141 4365 445 4423 pourtantse
463 4365 738 4419 lairoit-il
758 4367 992 4420 cachier
1013 4368 1046 4420 8
1066 4367 1375 4438 tousjours
1397 4368 1540 4423 hors
1564 4369 1634 4422 de
1653 4384 1764 4422 son

139 4453 421 4522 evesquiet,
455 4454 606 4524 qu'il
639 4471 711 4508 ne
734 4454 854 4508 fust
876 4456 1120 4510 amendé
1143 4457 1174 4509 a
1197 4457 1504 4511 l’honneur
1525 4457 1596 4510 de
1619 4457 1764 4511 Dieu

141 4536 250 4590 etde
272 4542 451 4596 sainte
475 4527 711 4615 Eglise.
736 4543 939 4607 Quand
954 4545 992 4598 il
1008 4548 1296 4614 o'irentce,
1316 4547 1366 4600 si
1386 4547 1763 4616 lipromisent

140 4631 274 4692 grant
290 4645 557 4698 pecunne
582 4648 695 4701 par
719 4632 922 4688 fraude
945 4637 1000 4688 et
1019 4650 1126 4704 par
1145 4635 1396 4704 boisdie,
1419 4635 1468 4688 si
1493 4651 1606 4704 que
1629 4636 1762 4704 puis

139 4721 376 4786 apparat;
410 4738 516 4774 car
547 4721 684 4774 ains
714 4721 920 4775 denier
948 4722 1079 4777 n'en
1109 4726 1185 4776 ot.
1213 4723 1329 4776 Les
1353 4738 1762 4776 convenences

141 4801 162 4851 ἐι
188 4803 331 4862 tener
350 4808 487 4878 jura
522 4811 564 4862 li
599 4823 792 4879 quens
825 4810 894 4864 de
929 4811 1174 4881 Haynau
1205 4815 1260 4864 et
1290 4813 1412 4864 tout
1443 4811 1478 4863 li
1513 4810 1642 4865 sien
1663 4811 1763 4880 qui

141 4898 271 4946 orent
298 4900 446 4950 estet
477 4899 511 4951 £1
543 4897 749 4952 ardoir
777 4899 831 4952 le
865 4901 1088 4954 castiel.
1123 4899 1266 4953 Puis
1288 4899 1514 4954 absolst
1536 4900 1574 4952 li
1595 4914 1764 4953 eves-

142 4991 256 5046 ques
285 4983 334 5037 le
367 4991 566 5040 comte
603 4990 658 5040 et
689 4989 824 5040 tous
855 4987 946 5041 les
978 4988 1142 5042 siens
1171 5003 1276 5058 par
1305 4988 1437 5042 telle
1469 4987 1764 5041 condition

140 5080 224 5133 que
250 5070 285 5122 li
314 5074 657 5128 chevaliers
689 5075 998 5130 donroient
1026 5077 1060 5129 5
1091 5077 1216 5131 sols
1247 5080 1304 5130 et
1333 5077 1374 5128 li
1402 5076 1669 5130 hommes
1692 5075 1764 5130 de

140 5155 229 5220 piet
253 5156 280 5212 Ξ
309 5162 433 5216 sols
460 5179 475 5232 ;
508 5163 650 5232 puis
672 5163 802 5218 leur
821 5165 1082 5236 enjoinst
1102 5165 1142 5218 1i
1163 5181 1457 5235 evesques
1479 5167 1650 5236 grant
1667 5180 1765 5233 pe-

141 5246 349 5319 nitence,
376 5251 530 5307 mais
555 5268 667 5321 pas
690 5269 763 5308 ne
785 5253 840 5307 le
862 5254 1066 5323 fisent,
1101 5269 1173 5308 ne
1198 5270 1269 5307 ne
1301 5253 1628 5308 donnerent
1656 5269 1764 5322 pe-

140 5346 312 5410 cunne,
334 5342 488 5396 ainsi
509 5341 781 5397 furent-il
806 5346 929 5397 tout
949 5341 1231 5412 parjuret.
1257 5343 1398 5396 Puis
1431 5341 1494 5395 fu
1526 5342 1563 5394 li
1596 5356 1764 5394 eves-

137 5435 252 5488 ques
279 5431 460 5486 moult
491 5431 634 5485 hai‘s
664 5431 736 5485 de
768 5446 869 5486 ses
910 5431 1174 5502 citoyens
1206 5435 1262 5484 et
1292 5431 1364 5485 de
1395 5430 1631 5484 chiaulx
1660 5429 1766 5483 de-

139 5510 268 5570 hors.
309 5520 454 5576 Pais
498 5521 567 5574 fu
617 5521 798 5576 assali
844 5521 914 5576 de
959 5524 1152 5577 toutes
1199 5536 1360 5592 pars,
1411 5522 1468 5574 et
1513 5522 1678 5575 orent
1706 5520 1761 5575 si

1885 1979 2084 2027 vostre
2101 1974 2319 2046 coulpe,
2343 1993 2446 2031 car
2471 1994 2608 2032 vous
2625 1982 2852 2050 nepoés
2867 1981 3244 2053 Iongliement
3268 1986 3438 2040 vivre
3461 2001 3534 2041 en

1874 2063 2174 2132 paisavec
2205 2063 2293 2116 te]
2325 2072 2486 2134 gent.
2533 2066 2682 2120 Dont
2727 2069 3035 2140 recoignut
3073 2071 3110 2124 li
3148 2088 3443 2144 evesques
3467 2090 3535 2128 sa

1880 2150 2088 2218 coulpe
2120 2150 2332 2205 devant
2355 2152 2821 2225 l‘archevcsque,
2849 2162 2904 2211 et
2925 2159 3159 2213 convint
3180 2161 3320 2230 qu'il
3343 2162 3536 2216 lairoit

1876 2237 2221 2307 l’evesquiet
2235 2242 2290 2292 et
2303 2241 2424 2308 pria
2438 2242 2618 2295 moult
2632 2242 3030 2299 humblement
3043 2247 3073 2300 a
3086 2247 3533 2320 l’archevesque

1881 2326 2018 2396 qu‘il
2048 2327 2086 2378 li
2111 2328 2323 2381 volsist
2346 2331 2568 2398 ottryer
2594 2346 2706 2400 quc
2743 2332 2780 2384 il
2799 2332 3074 2387 recheust
3096 2335 3185 2388 les
3206 2336 3431 2405 pourﬁs
3461 2338 3532 2391 de

1881 2413 2228 2485 l’evesquiet
2249 2418 2427 2470 tressi
2449 2417 2551 2470 818
2570 2407 2886 2487 Τὶρρὴθηέ,
2903 2425 2958 2474 et
2978 2421 3019 2474 li
3035 2421 3474 2494 archevesques
3492 2425 3535 2478 li

1883 2505 2051 2557 ottria
2081 2504 2422 2574 volentiers,
2457 2522 2562 2574 par
2593 2506 2688 2560 itel
2723 2512 2972 2562 convent
3001 2510 3140 2580 qu’il
3181 2526 3254 2565 ne
3294 2512 3533 2568 demou-

1885 2596 2008 2644 rast
2028 2609 2134 2660 pas
2159 2609 2231 2647 en
2252 2593 2598 2664 l’evesquiet
2631 2595 2764 2664 puis
2786 2596 2997 2667 lejour
3012 2598 3224 2653 devant
3240 2599 3342 2655 dit.
3365 2599 3539 2658 Ceste

1885 2694 2026 2734 cose
2059 2680 2118 2733 fu
2151 2681 2202 2734 si
2234 2681 2413 2745 celée,
2448 2698 2560 2751 que
2592 2683 2724 2736 nulz
2756 2699 2828 2737 ne
2859 2685 2912 2738 le
2945 2690 3038 2740 sot
3067 2687 3192 2742 fors
3222 2688 3276 2742 le
3305 2687 3338 2743 5
3369 2705 3538 2745 eves-

1881 2763 2049 2837 ques.
2085 2769 2275 2839 Aprés
2307 2770 2358 2822 si
2387 2771 2618 2839 repaira
2647 2787 2720 2825 en
2752 2788 2862 2826 son
2891 2780 3042 2845 pa'is,
3076 2779 3132 2830 et
3160 2776 3272 2830 alla
3302 2777 3540 2834 isnelleo

1881 2859 2039 2909 ment
2082 2857 2113 2909 ἐι
2153 2856 2521 2928 l'empereur,
2556 2875 2628 2912 en
2662 2876 2984 2929 esperance
3016 2863 3230 2918 d’estre
3259 2867 3538 2922 restablis

1883 2958 1955 2996 en
1985 2960 2093 2998 son
2124 2947 2432 3016 evesquiet
2461 2963 2566 3016 par
2596 2947 2696 3001 lui.
2722 2948 2874 3002 Lors
2896 2949 2985 3003 ala
3008 2951 3181 3021 apres
3203 2953 3284 3006 lui
3305 2954 3539 3024 liprou-

1884 3048 1992 3086 vos
2024 3036 2079 3086 et
2102 3050 2292 3086 aucun
2319 3034 2606 3105 bourgois
2630 3035 2772 3089 dela
2795 3037 2926 3104 cité,
2960 3042 3015 3092 et
3046 3039 3436 3096 l‘accuserent
3465 3043 3536 3098 de

1884 3122 2067 3175 moult
2085 3121 2154 3175 de
2175 3137 2350 3175 coscs
2370 3123 2583 3175 devant
2599 3122 2968 3193 l’empereur,
2999 3130 3056 3180 et
3071 3127 3210 3197 qu’il
3236 3129 3416 3184 voloit
3433 3146 3536 3187 ses

1884 3209 2149 3263 hommes
2182 3210 2554 3275 deshireter;
2589 3214 2643 3264 et
2673 3212 2712 3264 li
2745 3228 3039 3282 evesques
3058 3216 3539 3285 respondimoult

1885 3299 2447 3369 vigheureusement
2477 3302 2532 3352 et
2562 3299 2660 3353 ﬁst
2688 3316 2755 3353 sa
2773 3301 3119 3370 complainte
3139 3303 3537 3374 al’empereur

1884 3390 2174 3459 comment
2206 3387 2322 3440 chil
2355 3387 2425 3440 de
2456 3387 2742 3458 Cambray
2771 3387 3040 3443 l’avaient
3072 3391 3371 3447 villement
3399 3396 3537 3450 trai-

1880 3478 1981 3530 tiet
2010 3479 2065 3529 et
2095 3477 2218 3529 tolu
2251 3491 2350 3529 ses
2380 3480 2599 3530 rentes.
2634 3471 2839 3538 Quand
2870 3493 2936 3531 ce
2967 3482 3154 3532 o'irent
3175 3479 3216 3532 ii
3235 3481 3440 3548 prince
3462 3484 3535 3539 de

1879 3565 1932 3618 18
1966 3567 2151 3634 court,
2185 3565 2238 3618 si
2270 3580 2335 3618 se
2361 3563 2676 3617 cremirent
2697 3564 2957 3634 queleur
2976 3566 3180 3638 subgit
3199 3583 3273 3622 ne
3292 3569 3382 3624 les
3404 3573 3536 3627 trai-

1882 3658 2110 3710 tassent
2139 3653 2312 3722 ainsi,
2347 3657 2404 3706 et
2432 3655 2766 3706 enorterent
2795 3653 2826 3705 8
2855 3653 3206 3723 l’empereur
3232 3658 3373 3727 qu’il
3403 3675 3535 3714 con-

1883 3745 2127 3798 fremast
2157 3759 2262 3810 par
2291 3741 2578 3811 privilege
2610 3755 2722 3810 que
2753 3741 2886 3794 nulz
2905 3743 3366 3802 n’euistservice
3385 3750 3538 3804 enla

1881 3849 2026 3888 cour
2056 3847 2166 3885 son
2201 3830 2486 3901 seignour
2513 3833 2712 3884 contre
2751 3829 2806 3883 1a
2846 3831 3076 3886 volente
3107 3849 3219 3889 son
3251 3838 3536 3908 seignour

1880 3921 2188 3988 meismes,
2222 3921 2278 3973 et
2308 3920 2345 3970 il
2377 3919 2430 3970 1e
2462 3919 2559 3972 fist
2588 3918 2931 3975 volentiers.
2954 3921 3105 3975 Dont
3123 3922 3209 3977 fut
3224 3926 3353 3994 trop
3369 3926 3536 3983 dure-

1881 4013 2040 4063 ment
2062 4007 2327 4063 tourblés
2358 4007 2678 4077 liprouvos
2703 4009 2774 4062 de
2803 4009 3120 4081 Cambray;
3158 4029 3259 4067 car
3285 4013 3324 4066 il
3354 4015 3538 4070 voloit

1884 4114 1992 4152 son
2025 4097 2313 4167 seignour
2345 4096 2541 4150 servir
2571 4103 2769 4151 centre
2793 4113 2858 4151 sa
2887 4099 3139 4154 volente.
3172 4101 3315 4155 Puis
3347 4104 3536 4172 repai-

1877 4188 2099 4241 rierent
2130 4185 2245 4239 chil
2277 4185 2348 4238 de
2392 4182 2677 4254 Cambray
2721 4201 2794 4238 en
2837 4186 2966 4240 leur
2993 4194 3120 4256 pais
3152 4190 3334 4242 moult
3359 4193 3534 4247 triste

1879 4292 2027 4345 pour
2060 4290 2126 4328 ce
2156 4273 2476 4344 privilege,
2512 4275 2568 4326 et
2597 4289 2662 4326 se
2696 4275 2951 4328 celerent
2986 4279 3104 4328 tant
3133 4277 3270 4346 qu’il
3299 4283 3531 4346 porent.

1877 4363 1956 4418 Or
2003 4365 2162 4417 avint
2211 4363 2261 4417 si
2313 4361 2451 4431 qu’il
2495 4361 2960 4416 chevauchoient
2999 4366 3161 4418 entre
3207 4364 3438 4434 Haspré
3478 4371 3534 4422 et

1877 4453 2180 4524 Cambray,
2204 4469 2355 4523 pour
2375 4451 2778 4520 leurpechiés,
2811 4468 2918 4520 par
2943 4454 3219 4507 aventure
3248 4469 3361 4524 que
3383 4454 3536 4509 chilz

1879 4542 2102 4596 Gerard
2131 4541 2547 4595 Mauﬁllastres
2578 4542 2668 4595 les
2711 4540 2862 4610 prist
2900 4543 2956 4594 et
2984 4541 3092 4594 tint
3121 4557 3195 4596 en
3222 4542 3385 4613 grief
3405 4544 3534 4612 pri-

1799 4600 1856 4664 Β
1879 4647 2010 4700 son,
2037 4637 2093 4686 et
2108 4632 2259 4701 prist
2276 4630 2492 4684 d’iaulx
2516 4629 2576 4683 11
2597 4600 2766 4700 \ingt
2783 4645 2941 4683 mars
2959 4600 3374 4702 d’argentvains
3394 4600 3534 4701 qu’il

1877 4721 1966 4774 les
1997 4721 2206 4774 laissat
2235 4720 2398 4773 hors.
2436 4719 2519 4772 De
2553 4734 2619 4771 ce
2652 4717 2848 4772 furent
2877 4719 3132 4772 forment
3161 4718 3291 4771 iriet
3323 4718 3440 4772 chil
3461 4719 3534 4773 de

1877 4807 2185 4878 Cambray,
2219 4811 2274 4860 et
2303 4807 2498 4860 disent
2527 4823 2640 4876 que
2685 4807 2773 4860 cel
2817 4806 3187 4860 encombrier
3224 4805 3536 4861 avoient-il

1876 4912 1983 4966 par
2011 4897 2332 4950 l’occoison
2354 4895 2482 4948 leur
2504 4909 2783 4964 evesque.
2807 4895 2953 4947 Puis
2972 4895 3160 4948 revint
3176 4893 3216 4946 li
3237 4909 3534 4965 evesques

1880 4987 1913 5040 a
1942 4985 2229 5056 Cambra;r
2267 4983 2450 5038 moult
2474 4981 2696 5053 joyeux
2731 4998 2880 5051 pour
2921 4998 3030 5034 son
3059 4982 3346 5053 privilege
3377 4982 3448 5036 de
3477 4983 3536 5037 la

1883 5075 2224 5147 prouvosté,
2259 5073 2360 5145 qui
2393 5071 2565 5126 estoit
2595 5071 2744 5124 mise
2775 5086 2847 5124 en
2871 5085 2979 5123 son
3001 5069 3227 5140 plaisir.
3251 5070 3443 5140 Apres
3465 5086 3533 5126 ce

1883 5165 2226 5221 excumenia
2255 5163 2294 5216 li
2326 5174 2624 5230 evesques
2647 5163 2780 5212 tous
2804 5173 2954 5211 ccux
2975 5158 3072 5228 qui
3097 5161 3263 5213 orent
3284 5158 3408 5228 pris
3432 5175 3534 5214 ses

1880 5253 2188 5324 bourgois,
2223 5253 2280 5304 et
2316 5250 2415 5318 qui
2459 5245 2664 5301 concel
2707 5262 2742 5314 γ
2785 5247 2951 5297 orent
2981 5245 3115 5298 mis.
3152 5245 3292 5300 Puis
3324 5246 3535 5301 chanta

1881 5355 2100 5410 messe,
2137 5343 2191 5393 et
2220 5336 2415 5390 maudi
2447 5334 2618 5388 ceulx
2658 5332 2759 5402 qui
2802 5331 3011 5386 iroient
3045 5335 3243 5387 contre
3271 5333 3327 5388 le
3355 5333 3534 5404 privi-

1879 5431 2010 5503 lege
2044 5429 2114 5482 de
2145 5427 2200 5482 18
2229 5425 2569 5496 prouvosté,
2605 5438 2678 5478 en
2708 5422 2820 5476 l'an
2941 5419 3143 5492 (1135).
