4058 6182
160 365 244 424 241

822 360 1221 423 CHRONIC.
1267 362 1332 424 S.
1380 358 2102 426 ANDRE/E-CAST’RI
2148 363 2744 429 CAMERACESI-I.

3387 365 3512 432 242

1290 585 1706 697 LIBER
1764 542 2321 701 animus.

207 807 245 860 1.
274 806 346 860 De
364 811 510 860 statu
538 806 806 860 ecclesiae
820 810 878 861 et
897 806 1149 876 imperio
1170 806 1342 861 urbis
1363 807 1580 861 Romae.
1604 805 1742 860 San-
1769 785 1828 847 Α

157 899 234 947 ctze
245 899 288 948 et
303 895 622 963 apostolicae
644 895 776 948 sedi
792 896 1069 949 Romanae
1083 895 1357 949 ecclesiae
1369 896 1656 966 Gregorio
1673 897 1740 962 V,

156 989 195 1036 et
213 984 284 1036 74°
306 1000 333 1035 a
372 983 473 1036 bea
502 983 790 1054 Gregorio
826 983 1154 1055 Theologo,
1189 1001 1338 1038 anno
1379 985 1485 1038 Dei
1523 984 1746 1038 Christi

158 1070 254 1125 1001
272 1071 611 1126 laudabiliter
626 1072 985 1141 presidente,
1009 1071 1025 1144 [
1045 1074 1063 1140 (
1081 1072 1140 1127 V.
1167 1073 1361 1128 Lietb.
1391 1075 1442 1140 1)
1465 1073 1740 1142 Otthoju—

156 1161 253 1212 nior
277 1159 497 1212 Romani
522 1161 886 1229 principatus
921 1161 1224 1231 imperiale
1259 1163 1472 1217 solium
1509 1161 1746 1214 militari

155 1246 344 1300 brachio
359 1248 768 1302 strenuissime
791 1248 1176 1320 gubernabat.
1202 1249 1312 1314 Qui
1334 1267 1468 1304 cum
1492 1251 1746 1304 donisac

154 1335 398 1388 beneﬁciis
415 1335 736 1406 ingluviem
757 1338 1173 1405 Romanorum,
1191 1355 1325 1409 quae
1339 1354 1576 1407 semper
1597 1339 1750 1392 insa-

157 1425 327 1478 tiabilis
341 1431 424 1479 est
441 1430 494 1480 et
519 1426 645 1495 fuit,
661 1425 1016 1482 saturareiifi1
1035 1429 1330 1498 nequiret:
1351 1429 1496 1482 adeo
1508 1429 1749 1484 vesania

153 1527 306 1566 eorum
317 1515 601 1583 inferbuit,
622 1520 684 1570 ut
696 1517 1010 1584 imperator
1022 1533 1139 1571 non
1152 1517 1282 1571 sine
1296 1520 1484 1572 morte
1499 1533 1748 1570 suorum

151 1605 202 1658 ab
218 1604 335 1656 urbe
357 1605 535 1657 Roma
564 1604 901 1672 pelleretur.
929 1605 1028 1658 Ille
1046 1607 1345 1674 repulsam
1367 1607 1461 1660 sui
1486 1606 1749 1677 graviter

153 1691 320 1757 terens,
342 1691 467 1744 dum
484 1692 558 1745 ad
573 1692 822 1762 injurias
845 1709 986 1747 suas
1005 1694 1392 1748 vindicandas
1410 1694 1748 1763 imperiales

150 1780 340 1832 militum
369 1780 525 1850 cogit
555 1781 780 1850 copias,
816 1781 1175 1854 defungitur,
1211 1787 1383 1854 atque
1413 1799 1545 1837 cum
1586 1783 1745 1837 luctu

151 1871 190 1920 et
210 1883 422 1922 mcerore
450 1883 700 1923 suorum
723 1869 945 1924 honore
974 1871 1143 1941 regio
1165 1872 1224 1924 in
1256 1872 1511 1926 ecclesia
1531 1872 1745 1941 Aquis-

148 1957 275 2024 grani
317 1957 606 2023 sepelitur.
648 1958 788 2010 Post
825 1957 954 2012 haec
988 1959 1312 2028 Henricus,
1367 1960 1750 2014 Bavariorum

147 2044 273 2097 ducis
316 2044 549 2118 Henrici
599 2044 790 2113 filius,
841 2049 984 2101 nutu
1020 2050 1076 2100 et
1121 2048 1491 2116 providentia
1535 2049 1640 2102 Dei
1676 2063 1751 2102 ex

145 2132 338 2185 consilio
360 2132 836 2187 Lothariensium
868 2150 1129 2202 purpura
1153 2135 1407 2189 vestitus
1434 2137 1622 2206 regia,
1653 2153 1750 2189 ar-

143 2221 224 2272 mis
249 2221 548 2290 insignitur
581 2222 1006 2292 imperialibus.
1039 2222 1148 2288 Qui
1193 2239 1369 2293 quam
1408 2224 1746 2292 prudenter,

144 2322 274 2376 quam
301 2309 536 2376 fortiter,
572 2326 747 2380 quam
777 2311 1043 2379 paciﬁce,
1067 2327 1240 2381 quam
1262 2312 1548 2366 catholice
1572 2329 1748 2367 suum

142 2398 578 2468 rexitimperium,
600 2402 890 2452 monstrat
909 2400 1167 2454 nominis
1199 2401 1389 2469 ipsius
1411 2401 1744 2469 intitulatio,

144 2501 219 2553 per
241 2502 394 2556 quam
439 2504 560 2541 non
608 2488 782 2542 modo
824 2492 1121 2559 augustus
1166 2492 1222 2544 et
1269 2490 1606 2558 imperator,
1642 2490 1748 2544 sed

144 2575 334 2643 insuper
362 2576 732 2630 orthodoxus
759 2578 934 2646 atque
964 2577 1250 2646 pacificus
1281 2577 1624 2631 attitulatur.

191 2662 231 2715 2.
260 2663 334 2717 De
352 2664 635 2718 Remeusi
656 2665 1104 2735 archiepiscopo
1117 2671 1175 2719 et
1197 2665 1617 2720 Cameracensi
1635 2667 1752 2736 epi-

143 2766 269 2820 scopo
291 2751 392 2818 (Cf.
421 2752 625 2808 Gesta.
661 2769 750 2823 ep.
789 2753 947 2806 Cum.
974 2771 1011 2817 ι,
1047 2752 1192 2822 112.)
1225 2754 1334 2807 His
1359 2753 1482 2808 fere
1513 2754 1743 2818 diebus,

144 2843 238 2904 post
255 2839 590 2896 Alberonem
623 2843 759 2896 vitae
775 2841 1140 2897 venerabilis
1159 2843 1371 2911 virum,
1405 2842 1692 2897 Arnulfus
1715 2859 1747 2896 a
1777 2870 1827 2930 Ο

142 2926 267 2981 beato
306 2930 567 3001 Remigio
608 2930 732 2983 21“
766 2931 1121 2984 Remensem
1171 2931 1748 3000 archiepiscOpatum

143 3016 354 3082 tenebat;
389 3016 883 3072 Cameracensem
917 3033 1058 3072 vero
1096 3018 1414 3072 ecclesiam
1460 3018 1744 3073 Erluinus

139 3099 224 3156 29's
247 3120 276 3156 a
300 3105 460 3160 beato
494 3106 778 3174 Vedasto,
814 3107 915 3176 qui
945 3107 1178 3161 avbeato
1205 3107 1476 3177 Remigio
1502 3108 1744 3161 Atreba-

141 3195 226 3244 tum
243 3194 472 3249 civitatis
495 3198 552 3249 et
569 3194 1022 3250 Cameracensis
1046 3195 1366 3264 episcopus
1399 3196 1608 3249 extitit.
1636 3196 1747 3249 Hic

143 3277 286 3350 itaque
315 3297 439 3336 cum
481 3299 557 3336 ex
589 3283 850 3338 diversis
896 3283 1108 3336 crebro
1149 3284 1220 3336 ad
1252 3299 1321 3337 se
1371 3285 1749 3337 clamantium

143 3370 347 3434 querelis
376 3375 774 3443 cognosceret
813 3374 990 3424 totam
1023 3372 1515 3426 Cameracensem
1545 3376 1601 3425 et
1622 3389 1746 3426 ma-

144 3456 252 3510 xime
286 3458 423 3514 lianc
453 3461 770 3527 ﬁnitimam.
791 3460 1097 3530 regionem
1129 3461 1517 3530 quorumdam
1548 3463 1747 3529 rapto-

142 3557 235 3598 rum
249 3546 427 3600 exbac
448 3548 722 3616 proxima
744 3547 915 3615 silva,
948 3563 1080 3617 qum
1113 3550 1206 3600 est
1227 3549 1405 3602 Arida
1420 3547 1742 3612 Gamantia,

139 3633 173 3680 et
188 3635 444 3690 exvicinis
467 3636 737 3690 castellis
762 3634 1102 3706 frequenter
1123 3636 1560 3706 erumpentium
1578 3637 1747 3707 gravi

140 3722 405 3785 perturbari
430 3725 810 3779 infestatione
831 3754 899 3763 —
921 3740 1052 3778 nam
1082 3729 1138 3780 et
1157 3725 1250 3778 die
1283 3741 1350 3778 ac
1381 3727 1550 3778 nocte
1574 3725 1744 3778 villas

141 3809 176 3856 et
198 3808 370 3865 domos
403 3812 756 3866 invadentes
794 3817 1120 3882 cunctaque
1157 3813 1540 3880 deripientes,
1577 3812 1744 3880 ipsos

139 3909 316 3967 quoque
365 3901 526 3954 viros
577 3900 814 3956 vinctos
844 3900 1150 3969 rapiebant
1187 3931 1256 3939 —
1286 3903 1424 3954 tunc
1470 3901 1743 3955 virtutem
1773 3933 1824 3992 D

142 3987 378 4054 egregiam
409 3989 603 4043 virilis
633 3989 814 4042 animi
845 3989 1114 4057 concepit
1143 3988 1473 4055 industriae,
1508 3988 1743 4058 aliquod

141 4071 312 4127 scilicet
341 4092 549 4144 parare
583 4076 673 4130 eis
707 4075 1100 4144 obstaculum,
1133 4076 1291 4146 quod
1330 4075 1540 4130 incolis
1581 4077 1748 4130 tuitio

143 4162 416 4232 certumque
447 4163 753 4233 refugium
785 4167 840 4216 et
871 4163 942 4216 ad
975 4163 1344 4231 repellendas
1377 4163 1636 4218 hostium
1655 4163 1748 4216 in-

141 4244 279 4301 sidias
305 4248 642 4304 invincibile
675 4250 842 4304 ﬁeret
875 4251 1317 4304 munimentum.

188 4334 227 4387 3.
251 4336 390 4405 Quis,
415 4355 522 4392 cur
548 4338 652 4393 vel
669 4339 896 4409 quando
919 4340 1024 4392 hoc
1046 4339 1139 4394 No
1152 4355 1277 4392 vum
1307 4339 1628 4395 Castellum
1649 4358 1748 4396 ex-

143 4426 384 4480 structum.
407 4427 595 4502 Igitur
627 4427 700 4480 ad
732 4427 789 4481 id
822 4427 1222 4497 peragendum
1255 4432 1450 4496 aptum
1482 4430 1580 4484 diu
1612 4438 1748 4499 per-

147 4511 333 4575 quirens
360 4516 577 4582 locum,
613 4515 846 4569 tandem
875 4516 933 4568 in
971 4516 1079 4569 hac
1119 4531 1250 4585 quae
1299 4519 1436 4570 tunc
1467 4520 1750 4588 temporis

149 4598 261 4652 circa
286 4604 587 4657 ecclesiam
610 4602 1035 4667 beatiQuintini
1054 4604 1310 4660 martiris
1331 4605 1529 4660 villula
1553 4610 1752 4662 eratet

150 4684 322 4742 l'erona
369 4709 586 4746 nomen
633 4692 956 4761 antiquitus
998 4692 1271 4761 habebat,
1311 4696 1368 4746 et
1399 4693 1497 4747 ubi
1533 4693 1749 4751 ﬂuvius

147 4772 249 4828 i491;
275 4779 662 4834 subterfluens
693 4780 866 4850 quasi
894 4780 1066 4834 limes
1089 4781 1324 4849 quidam
1357 4783 1748 4837 Cameracen-

149 4874 234 4914 S-em
244 4870 288 4917 et
304 4867 695 4938 Haynmnsem
713 4868 958 4938 patriam
978 4869 1213 4937 dirimit,
1231 4870 1419 4923 accita
1441 4886 1558 4925 non
1571 4887 1748 4940 parva

148 4960 270 5004 manu
289 4970 453 5026 prope
483 4957 618 5010 sive
643 4957 817 5028 longe
836 4957 1214 5025 manentium,
1242 4957 1453 5012 fortem
1479 4961 1748 5029 quamvis

149 5033 342 5105 ligneam
382 5045 768 5100 munitionem
808 5045 1065 5099 extruxit
1102 5046 1389 5117 firmoque
1429 5048 1581 5101 vallo
1628 5049 1748 5102 cir-

151 5128 396 5186 ctundedit.
438 5133 578 5188 Inde
637 5134 861 5204 paratis
917 5134 1205 5188 militibus
1262 5136 1362 5205 qui
1420 5136 1748 5192 necessarii

1855 809 2038 874 erant,
2072 808 2332 876 equitum
2361 823 2428 861 ac
2458 807 2715 877 peditum
2745 804 3044 874 praesidia,
3075 810 3247 874 prout
3285 823 3507 878 oppor-

1854 897 2056 947 tunum
2089 899 2229 962 erat,
2268 896 2408 948 inibi
2439 895 2760 965 collocans,
2795 901 2984 966 sopito
3017 900 3218 964 prisco
3251 897 3508 966 nomine,

1853 982 2084 1036 Novum
2125 986 2393 1038 Castrum
2438 988 2687 1040 vocavit.
2739 988 2835 1042 Sic
2868 993 2924 1043 et
2951 992 3091 1044 tunc
3119 993 3177 1041 et
3226 986 3511 1053 deinceps

1852 1072 2043 1139 quoad
2085 1072 2226 1126 vixit
2273 1073 2495 1127 sedatis
2527 1077 2882 1146 raptoribus,
2919 1079 3078 1132 omni
3111 1076 3358 1132 coloniae
3406 1074 3513 1129 Ca-

1853 1161 2182 1214 meracensi
2214 1177 2326 1228 pax
2362 1163 2525 1215 ﬁrma
2549 1167 2837 1232 provenit.

1921 1247 1974 1300 4.
2009 1249 2096 1302 De
2113 1249 2485 1304 ordinatione
2508 1253 2751 1306 Erluini
2781 1256 3056 1326 episcopi.
3082 1256 3262 1308 Multa
3287 1257 3342 1308 et
3361 1267 3514 1322 prm-

1853 1336 2010 1388 clara
2041 1337 2111 1390 de
2145 1337 2325 1406 hujus
2357 1341 2618 1409 episcopi
2653 1343 2840 1410 gestis
2859 1348 3128 1412 poterant
3160 1360 3517 1402 commemo-

1855 1424 1993 1490 rari,
2019 1425 2124 1478 sed
2170 1427 2303 1496 quia
2335 1428 2405 1479 ad
2439 1429 2593 1483 aliud
2633 1433 2994 1500 propositum
3035 1434 3282 1487 tendens
3323 1439 3516 1504 empta

1857 1513 2093 1567 festinat
2116 1515 2319 1582 oratio,
2355 1516 2412 1568 in
2446 1517 2558 1570 hoc
2594 1519 2814 1572 diutius
2837 1536 2954 1574 non
2993 1525 3160 1575 vacat
3188 1522 3512 1578 immorari.

1859 1601 1982 1654 Hoc
2014 1605 2207 1657 tamen
2239 1604 2607 1660 solummodo
2629 1608 2892 1663 breviter
2922 1610 3322 1678 inserendum,
3357 1612 3515 1680 quod

1855 1689 1873 1761 [
1903 1691 2008 1758 (ib.
2043 1709 2081 1758 ι,
2117 1692 2240 1760 110)
2293 1697 2406 1746 tam
2445 1696 2872 1751 ecclesiasticis
2917 1713 3090 1767 quam
3121 1699 3516 1754 saecularibus

1858 1780 2112 1850 negotiis
2145 1781 2424 1849 creditus,
2451 1784 2638 1850 primo
2661 1784 3048 1838 Leodicensis
3061 1787 3516 1850 archidiaconus

1858 1869 2147 1936 extiterit;
2190 1869 2325 1922 dein
2365 1885 2508 1924 vero
2557 1872 2709 1925 dono
2758 1871 3208 1927 Cameracensis
3253 1876 3523 1944 episcopi

1857 1956 2229 2023 sublimatus,
2279 1958 2481 2012 Romae
2515 1975 2628 2012 una
2671 1976 2804 2014 cum
2841 1960 3066 2014 Othone
3103 1963 3457 2030 imperatore
3487 1979 3520 2016 a

1855 2045 2137 2112 praedicto
2161 2061 2306 2114 papa
2337 2046 2626 2117 Gregorio
2649 2049 2970 2118 episcopus
2989 2050 3294 2104 ordinatus
3318 2050 3518 2119 fuerit;

1856 2147 1924 2185 ea
1953 2133 2181 2187 scilicet
2211 2135 2281 2187 de
2305 2150 2505 2203 causa,
2530 2138 2666 2206 quia
2696 2140 2834 2192 tunc
2855 2139 3137 2207 temporis
3164 2139 3521 2194 Remensem

1852 2221 2170 2275 ecclesiam
2199 2223 2408 2293 gravis
2431 2223 2689 2294 agitabat
2712 2228 3026 2280 contentio.
3052 2226 3301 2280 Arnul-t‘o
3331 2225 3517 2297 siqui-

1851 2310 1982 2363 dem
2014 2326 2119 2378 pro
2153 2310 2508 2380 quibusdam
2542 2313 2711 2366 malis
2752 2313 3232 2368 infamationibus
3269 2313 3518 2381 abepis-

1851 2398 2042 2466 copali
2067 2399 2210 2451 sede
2246 2399 2498 2467 dejecto,
2522 2405 2577 2453 et
2599 2400 2850 2470 quodam
2882 2401 3167 2455 Gerberto
3198 2401 3515 2455 scolastico

1851 2489 1911 2540 in
1942 2487 2072 2540 loco
2105 2486 2238 2556 ejus
2269 2487 2491 2556 injuste
2543 2488 2885 2556 substituto,
2925 2489 3032 2542 sed
3063 2487 3360 2556 episcopis
3402 2488 3518 2542 Re-

1850 2576 2076 2631 mensis
2101 2574 2493 2644 subjectionis
2508 2575 2621 2629 hoc
2642 2577 2947 2646 negotium
2961 2577 3059 2630 diu
3082 2576 3233 2629 inter
3245 2591 3312 2630 se
3335 2576 3518 2631 venti-

1853 2664 2129 2729 tantibus,
2154 2663 2388 2716 tandem
2407 2663 2482 2716 ad
2500 2663 2612 2718 hoc
2635 2667 2871 2718 ventum
2891 2668 3002 2731 est,
3028 2667 3088 2718 ut
3110 2664 3246 2734 quia
3268 2663 3517 2733 smpefa-

1851 2756 1948 2806 tus
1977 2752 2320 2820 Arnulphus
2344 2753 2472 2806 sine
2491 2753 2690 2806 notitia
2711 2757 2766 2806 et
2783 2754 3127 2807 auctoritate
3140 2753 3334 2806 domui
3351 2768 3516 2822 papm

1855 2841 2214 2911 degradatus
2245 2841 2453 2902 fuerat,
2479 2857 2691 2894 rursus
2733 2841 2790 2894 in
2827 2842 2968 2896 sede
3006 2841 3329 2910 episcOpali
3352 2839 3513 2910 judi-

1856 2929 1987 2982 ciali
2021 2930 2311 2983 sententia
2359 2928 2790 2983 restitueretur.
2823 2929 2988 2994 Quod
3017 2934 3072 2984 et
3105 2930 3321 2984 factum
3353 2933 3465 2982 est.
3494 2927 3510 2998 Ι

1924 3019 1975 3070 5.
1994 3017 2080 3070 De
2092 3018 2468 3070 successione
2482 3017 2948 3087 apostolicorum.
2971 3019 3292 3087 Postquam
3309 3015 3513 3084 [medi-

1855 3110 1985 3159 ctus
2017 3105 2502 3177 papaGregorius
2525 3121 2676 3160 anno
2698 3106 2746 3174 '1,
2774 3106 3083 3160 mensibus
3104 3104 3158 3172 5,
3193 3105 3512 3157 ecclesiam

1853 3193 2024 3261 rexit,
2051 3194 2201 3247 diem
2228 3194 2795 3260 clausitextremum,
2818 3197 2872 3247 et
2895 3193 3199 3247 Johannes
3221 3191 3508 3245 succedit.

1852 3282 1960 3344 Qui
1976 3283 2148 3334 etiam
2166 3286 2476 3351 postquam
2491 3282 2557 3334 10
2575 3281 2881 3336 mensibus
2900 3281 3052 3335 sedit
3074 3281 3249 3334 vitam
3263 3279 3514 3347 turpiter

1854 3370 2060 3422 finivit.
2096 3370 2234 3422 Inde
2266 3369 2610 3438 Gerbertus,
2648 3371 2749 3439 qui
2779 3374 2834 3423 et
2866 3369 3170 3436 Silvester,
3210 3382 3383 3437 quem
3408 3382 3513 3422 su-

1855 3473 1958 3526 pra
1977 3458 2453 3526 memoravimus,
2474 3457 2868 3512 substituitur.
2890 3457 2996 3510 Hie
3011 3472 3143 3509 cum
3161 3457 3514 3524 imperatore

1853 3545 2078 3600 Othone
2103 3547 2284 3599 Roma
2306 3547 2554 3615 expulso
2587 3561 2897 3616 egressus,
2934 3545 3263 3603 comitando
3280 3559 3418 3597 cum
3443 3556 3513 3596 eo

1859 3636 2196 3688 Ravennam
2228 3635 2406 3703 venit;
2441 3635 2529 3687 vir
2569 3634 2897 3688 liberalium
2939 3633 3149 3687 artium
3180 3630 3514 3699 disciplinis

1853 3723 1998 3776 satis
2014 3739 2308 3793 superque
2341 3722 2973 3794 eruditus,geometriae
3001 3736 3237 3793 quoque
3249 3721 3394 3774 adeo
3408 3735 3510 3788 pe-

1855 3812 2023 3881 ritus,
2059 3815 2120 3865 ut
2148 3813 2334 3880 spatia
2357 3812 2619 3866 locorum
2651 3813 2742 3866 vel
2761 3812 2818 3865 in
2847 3815 3003 3865 terra
3021 3811 3112 3864 vel
3144 3811 3202 3862 in
3224 3824 3360 3862 aere
3379 3808 3511 3866 solo

1855 3901 2062 3954 intuitu
2093 3900 2264 3954 facile
2299 3901 2620 3956 metiretur.
2655 3901 2821 3965 Quod
2842 3900 3064 3969 liquido
3086 3901 3240 3968 patet
3271 3913 3344 3950 ex
3374 3896 3509 3966 qui-

1853 3989 2101 4043 busdam
2132 3986 2265 4060 ejus
2288 3990 2592 4058 opusculis
2611 3993 2666 4042 et
2688 3989 2974 4057 epistolis,
3006 4002 3252 4057 quarum
3285 4001 3510 4040 unasu-

1852 4094 1956 4145 per
1983 4082 2372 4131 commentum
2407 4077 2686 4131 Macrobii
2717 4077 2792 4130 ad
2815 4076 3124 4130 Alcuinum
3155 4076 3504 4145 magistrum

1853 4169 2024 4232 extat,
2061 4167 2117 4219 in
2151 4182 2262 4236 qua
2295 4167 2367 4220 de
2398 4166 2624 4224 ratione
2655 4170 2708 4218 et
2741 4165 3059 4234 quantitate
3079 4163 3513 4234 cujuscumque

1855 4254 2110 4322 sphaerae
2139 4258 2193 4308 et
2215 4254 2286 4307 de
2308 4255 2590 4308 diametro
2613 4252 2769 4322 ejus,
2792 4254 2862 4305 de
2888 4251 3079 4319 cubis,
3105 4252 3178 4305 de
3192 4250 3510 4319 soliditate,

1853 4342 1923 4400 de
1935 4358 2090 4410 area,
2110 4345 2180 4398 de
2198 4342 2581 4402 arithmeticis
2599 4340 2985 4411 argumentis,
3004 4339 3386 4408 probabiliter
3397 4339 3514 4393 dis-

1856 4438 2094 4510 putavit.
2130 4435 2305 4489 ltexit
2336 4432 2516 4502 igitur
2558 4429 2871 4484 ecclesiam
2908 4429 3080 4482 annis
3121 4429 3172 4495 4,
3207 4442 3427 4482 .mense
3459 4425 3511 4493 1,

1855 4529 2064 4582 diebus
2097 4523 2180 4592 19,
2229 4525 2286 4577 et
2315 4524 2560 4575 mortem
2611 4518 2725 4572 sibi
2773 4517 3026 4570 vicinam
3077 4516 3364 4584 sentiens,
3400 4515 3512 4569 hoc

1856 4632 2033 4671 versu
2065 4630 2128 4669 se
2159 4614 2353 4682 ipsum
2373 4609 2761 4678 compellasse
2780 4607 2998 4662 fertur:
3023 4606 3132 4662 Nil
3149 4606 3366 4663 abacus
3387 4620 3512 4666 ina-

1857 4704 2160 4774 tliesisque
2177 4701 2312 4768 tibi,
2325 4695 3041 4768 GGI‘bOl'tQJUVﬂbURLDC
3058 4695 3170 4749 hoc
3183 4699 3272 4748 sat
3287 4694 3510 4748 dictum

1923 4793 1978 4846 6.
2014 4792 2100 4845 De
2123 4789 2285 4844 obitu
2298 4786 2512 4841 Herlui
2517 4787 2578 4839 ni
2597 4786 2876 4856 episcOpi.
2894 4786 3061 4852 Anno
3075 4799 3216 4836 vero
3230 4783 3334 4837 Dei
3347 4781 3514 4836 Chri-

1825 4883 1928 4936 Isti
1965 4880 2122 4934 100‘).0
2161 4879 2418 4931 obeunte
2459 4875 2730 4942 Otthone,
2757 4874 2910 4926 sicut
2945 4873 3132 4940 primo
3165 4871 3354 4940 capite
3384 4870 3512 4939 ple-

1853 4972 1988 5025 nius
2001 4966 2432 5035 descripsimus
2450 4963 2741 5018 Henricus
2761 4961 2987 5029 imporii
3002 4960 3232 5014 culmen
3244 4961 3510 5016 sortitur.

1857 5060 1926 5114 Et
1938 5064 2070 5129 post
2088 5057 2433 5110 Silvestrem
2451 5053 2752 5107 Johanncs
2771 5050 2941 5104 Sicco
2964 5048 3280 5113 ecclesiam
3303 5065 3512 5106 susce-

1853 5150 1952 5218 pit.
1977 5147 2088 5213 Qui
2107 5145 2279 5206 etiam
2304 5148 2436 5213 post
2465 5157 2702 5196 menses
2736 5141 2771 5192 5
2803 5143 2858 5192 et
2893 5137 3022 5192 dies
3058 5135 3125 5192 25
3157 5138 3312 5194 diem
3343 5138 3505 5204 obiit.

1392 5340 1687 5403 VARI/1E
1734 5329 2203 5412 LECTIONES

195 5435 252 5480 351
278 5443 519 5500 salutare
543 5445 666 5517 pia.

1659 5568 1935 5635 NOTIE.

200 5708 318 5782 i491)
342 5714 546 5786 Savus,
581 5718 638 5772 la
666 5717 842 5774 Sella.
