4058 6182
459 345 580 417 243
1276 343 1636 408 APPEND.
1687 341 1800 404 AD
1846 339 2122 402 GESTA
2161 339 2543 404 EPISCOP.
2592 340 3028 405 CAMERAC.
3774 343 3901 403 244

462 549 918 604 ItemJohannes
937 549 1241 602 Fanassus
1258 548 1409 602 sedit
1427 547 1616 601 anno1
1636 550 1690 600 et
1713 547 1889 599 vitam
1907 545 2117 599 finivit.
2146 523 2202 589 Α
2231 559 2412 613 supra
2433 544 2652 598 dictum
2687 548 2796 612 est,
2836 545 3006 598 annis
3030 544 3116 614 11,
3142 544 3448 600 mensibus
3474 545 3559 613 10,
3585 546 3800 600 diebus
3825 544 3892 600 21

463 639 888 692 Monasterium
910 638 1097 691 sancti
1116 636 1385 707 Gengulﬁ
1418 640 1822 689 consecratur.
1848 635 1990 687 Post
2011 635 2118 687 Jo-
2229 633 2560 687 sacerdotio
2584 632 2842 703 functus,
2867 635 2985 688 vita
3021 636 3303 701 excessit,
3331 637 3386 688 et
3422 635 3726 689 Johannes
3749 651 3897 689 suc—

462 727 717 780 hannem
738 726 1008 796 Sergius,
1031 726 1128 796 qui
1152 727 1392 779 vocatur
1413 724 1680 794 Osporci,
1702 724 1854 778 sedit
1870 723 2042 776 annis
2063 722 2116 776 3.
2230 721 2432 775 cessit.
2467 723 2824 776 Remensem
2855 738 2995 776 vero
3019 722 3356 790 ecclesiam,
3382 723 3658 778 defuncto
3677 724 3896 777 Arnul-

460 814 602 868 Inde
632 814 988 868 Benedictus
1026 815 1176 867 sedit
1206 814 1374 867 annis
1408 814 1502 878 11,
1536 812 1841 866 mensibus
1874 811 1959 878 10,
1993 811 2118 864 die-
2226 809 2363 878 pho,
2399 810 2652 863 domnus
2685 809 2906 864 Ebalus
2929 811 3213 880 suscepit.
3236 811 3500 866 Domnus
3524 827 3666 865 vero
3687 812 3909 866 Gerar-

459 901 576 955 bus
607 902 696 955 21.
731 901 927 972 Hujus
949 917 1101 956 anno
1117 901 1325 973 6°[(ib.
1350 919 1387 970 ι,
1421 899 1544 970 118)
1566 901 1816 954 domnus
1839 899 2118 953 Erluinus
2227 897 2338 970 dus
2371 913 2520 951 anno
2551 895 2709 967 1021,
2740 898 3118 968 pontificatus
3149 914 3290 954 vero
3323 900 3418 952 sui
3441 899 3527 968 10,
3560 901 3633 954 ad
3664 900 3902 954 initium

461 991 781 1059 episcopus
803 994 938 1058 post
959 990 1172 1044 multos
1195 990 1452 1057 labores,
1485 992 1621 1057 post
1639 993 1694 1042 et
1724 988 2117 1042 creberrimas
2226 985 2514 1039 bonorum
2564 987 2842 1056 omnium,
2895 992 3068 1057 caput
3115 989 3458 1042 monasterii
3509 993 3735 1042 sanctae
3789 986 3903 1041 Dei

460 1095 610 1150 quas
638 1095 671 1132 a
709 1079 974 1133 VValtero
1006 1080 1126 1133 Deo
1158 1078 1360 1132 odibili
1383 1077 1722 1144 castellano,
1761 1077 2013 1130 ’Walteri
2035 1077 2120 1128 vi-
2227 1074 2534 1144 genitricis
2572 1075 2771 1129 Mariae
2808 1075 3107 1130 Cameraci
3141 1076 3174 1129 8
3216 1076 3512 1131 Kalendas
3544 1077 3772 1145 Aprilis
3806 1077 3902 1128 in-

458 1183 655 1237 pereae
686 1167 903 1220 radicis
935 1167 1072 1235 filio,
1107 1181 1434 1236 perpessus
1469 1166 1658 1218 fuerat
1684 1165 2114 1230 tribulationes,
2227 1163 2387 1232 genti
2417 1167 2472 1216 et
2503 1163 2646 1216 mira
2678 1165 3052 1234 apparatione
3083 1168 3430 1219 construere
3455 1164 3607 1234 cepit
3637 1163 3814 1234 (-193),
3842 1170 3899 1218 et

459 1248 693 1310 tandem
722 1256 928 1310 morbo
960 1258 1267 1324 correptus
1312 1254 1579 1323 lectoque
1626 1254 1949 1322 decubans,
1996 1254 2118 1306 ins-
2228 1251 2382 1304 sicut
2425 1251 2710 1305 hactenus
2741 1256 2796 1307 et
2827 1258 3104 1322 perpetuo
3154 1254 3414 1307 cernitur
3458 1253 3896 1307 venustissime

466 1344 644 1397 tantis
674 1344 1053 1398 resolutionis
1085 1359 1211 1397 suae
1243 1347 1474 1412 tempus
1506 1345 1562 1396 et
1591 1342 1796 1395 horam
1828 1341 2118 1412 migrandi
2228 1337 2566 1391 decoratum
2597 1339 2880 1408 implevit.

458 1432 737 1485 attentius
759 1431 1210 1501 prestolabatur.
1236 1431 1349 1486 Sed
1373 1431 1603 1484 interim
1627 1430 1926 1500 prodictus
1949 1430 2123 1483 tiran-
2298 1424 2315 1496 [
2344 1423 2396 1479 9.
2431 1425 2566 1494 (1b.)
2609 1427 2695 1480 De
2727 1428 2960 1481 saevitia
3010 1427 3267 1482 Waltari
3295 1428 3627 1482 casteIIam'.
3661 1429 3897 1482 Verum

457 1535 572 1574 nus
602 1535 636 1573 a
667 1520 1047 1591 malignitatis
1080 1536 1207 1574 suae
1239 1520 1403 1574 rabie
1434 1519 1671 1571 minime
1703 1519 1968 1572 vacabat.
1994 1519 2117 1572 Au-
2228 1513 2460 1567 interim
2488 1515 2733 1568 Walteri
2765 1516 3268 1587 malitia,quamin
3292 1517 3503 1571 diebus
3525 1517 3750 1570 Erluini
3775 1517 3906 1586 cpi-

458 1607 629 1662 dieus
660 1609 816 1662 enim
847 1609 1190 1677 episcopum
1225 1609 1296 1660 ad
1327 1611 1573 1660 mn‘I‘lf‘m
1610 1607 1913 1674 infirmari,
1946 1606 2118 1661 laetus
2230 1603 2394 1671 scopi
2427 1609 2792 1672 exercuerat,
2829 1619 3200 1674 nequaquam
3223 1605 3614 1672 minuebatur,
3640 1606 3750 1659 sed
3774 1621 3911 1658 ma-

457 1699 514 1750 et
544 1696 717 1750 solito
754 1696 1049 1750 efferatior
1089 1695 1353 1765 effectus,
1397 1696 1603 1749 domos
1651 1696 2003 1749 clericorum
2034 1696 2120 1749 in-
2225 1690 2460 1761 joribus
2492 1695 2665 1760 atque
2694 1692 3073 1762 gravioribus
3099 1693 3338 1762 flagitiis
3356 1693 3666 1758 insistens,
3693 1692 3906 1745 rabies

457 1785 730 1854 fringens
762 1785 1000 1853 irrupit,
1052 1788 1108 1837 et
1153 1799 1404 1854 quaeque
1446 1784 1561 1837 sibi
1596 1783 1806 1852 placita
1856 1783 2113 1853 diripuit.
2157 1852 2184 1854 ῃ
2229 1778 2363 1849 ejus
2395 1779 2454 1831 in
2485 1779 2614 1832 dies
2647 1780 2995 1851 augebatur.
3015 1781 3096 1833 De
3119 1795 3235 1850 quo
3260 1780 3768 1850 quamvistaedeat
3789 1795 3911 1833 nos

455 1852 609 1936 Quin
637 1872 810 1925 etiam
842 1852 1072 1926 stabula
1102 1852 1358 1939 irruens,
1381 1887 1568 1942 equos
1586 1871 1850 1941 episcOpi
1878 1852 2116 1940 rapiens
2150 1852 2198 1914 Β
2230 1867 2484 1937 aliquam
2505 1867 2719 1920 iterum
2756 1867 3110 1922 mentionem
3136 1867 3351 1932 facere,
3390 1868 3527 1938 quia
3549 1871 3630 1922 tot
3651 1871 3711 1922 et
3741 1871 3912 1920 tanta

456 1959 717 2012 abduxit.
733 1960 1256 2029 Addiditpreterea
1279 1961 1469 2030 magis
1489 1960 1822 2014 execrabile
1847 1961 2076 2014 facinus
2101 1977 2114 2029 ;
2226 1953 2306 1996 36‘
2337 1954 2470 2026 ejus
2492 1955 2754 2009 existunt
2784 1956 3031 2021 scelera,
3079 1961 3139 2009 ut
3171 1956 3225 2009 si
3255 1957 3611 2023 scribantur,
3652 1957 3910 2026 proprio

454 2047 593 2116 quia
623 2062 755 2100 cum
797 2047 1096 2116 deportato
1141 2048 1400 2101 defuncti
1451 2064 1698 2117 corpore
1740 2049 2006 2118 episcopi
2058 2050 2118 2102 in
2229 2045 2441 2114 egeant
2461 2043 2686 2111 codice,
2712 2047 2905 2097 tamen
2923 2045 3064 2114 quin
3085 2045 3156 2097 de
3179 2059 3248 2097 eo
3271 2045 3491 2114 aliquid
3515 2044 3607 2098 vel
3625 2044 3910 2098 breviter

455 2134 767 2188 ecclesiam
789 2138 1008 2189 sanctae
1026 2136 1226 2190 Mariae
1249 2135 1449 2189 clerici
1469 2139 1524 2190 et
1541 2137 1826 2205 capellani
1848 2151 1921 2190 ex
1949 2152 2116 2191 more
2228 2132 2473 2198 dicatur,
2507 2131 2781 2185 nolumus
2804 2133 3126 2200 praeterire,
3156 2147 3271 2202 quo
3294 2133 3521 2186 scilicet
3537 2132 3756 2186 domno
3780 2134 3914 2202 epi-

457 2223 742 2292 exequias
772 2222 949 2276 debiti
984 2224 1210 2279 funeris
1241 2228 1697 2294 exequerentur,
1722 2225 1818 2278 ille
1854 2241 2006 2279 novo
2030 2225 2118 2278 fu-
2231 2235 2414 2289 scopo
2464 2220 2521 2272 in
2552 2221 2862 2274 vexatione
2911 2224 3068 2274 tanta
3121 2237 3152 2273 a
3194 2221 3452 2291 maligno
3489 2221 3661 2275 hoste
3707 2225 3914 2290 pateat

465 2311 636 2364 rendi
664 2326 884 2382 genere
916 2313 1272 2382 stimulatus,
1304 2313 1538 2367 nudatis
1574 2314 1788 2384 gladiis
1821 2330 1925 2368 eos
1953 2330 2121 2384 appe-
2230 2309 2487 2362 animum
2517 2324 2632 2362 non
2655 2308 2922 2362 defuisse
2951 2309 3055 2378 (ib.
3077 2307 3188 2378 39),
3215 2313 3271 2363 et
3292 2311 3534 2378 probata
3552 2310 3743 2363 virtus
3763 2308 3910 2379 ejus

461 2400 617 2466 tens,
652 2415 840 2470 usque
890 2400 962 2452 ad
1006 2402 1184 2453 altare
1218 2401 1454 2472 fugatos
1499 2401 1852 2472 insequitur.
1905 2402 2120 2472 Sicque
2231 2397 2525 2467 patientiae
2578 2398 2986 2468 aequanimiter
3020 2402 3229 2452 cuncta
3285 2397 3485 2451 ferens
3533 2398 3914 2452 admirationi

460 2502 679 2556 corpus
710 2487 1075 2542 inhumalum
1100 2490 1332 2558 mansit,
1355 2491 1542 2544 donec
1567 2492 1904 2545 Richardus
1935 2493 2120 2546 abbas
2234 2486 2510 2540 omnibus
2529 2490 2583 2539 et
2607 2486 2876 2556 exemplo
2898 2487 3089 2555 possit
3108 2486 3336 2540 haberi.
3364 2486 3512 2540 Nam
3536 2489 3668 2555 post
3693 2487 3915 2541 civiles

460 2574 761 2630 Attrebato
793 2577 1136 2643 adveniens,
1170 2577 1228 2630 in
1260 2579 1514 2632 ecclesia
1547 2581 1734 2633 sancti
1759 2579 2024 2634 Autberti
2051 2581 2123 2634 ad
2235 2573 2578 2642 seditiones,
2604 2577 2740 2644 post
2760 2574 3207 2645 incendia,post
3228 2576 3488 2644 rapinas,
3537 2579 3671 2644 post
3704 2575 3918 2629 incar-

462 2663 864 2733 aquilonarem
902 2664 1134 2735 plagam
1165 2666 1492 2720 tumulavit.
1529 2667 1575 2720 Ο
1605 2684 1737 2738 quae
1769 2668 1971 2739 lingua
2009 2673 2123 2722 tam
2237 2661 2565 2715 cerationes
2589 2662 2805 2716 civium
2826 2666 3242 2733 etpauperum,
3265 2679 3397 2733 quae
3416 2664 3510 2716 vel
3531 2663 3781 2717 absente
3807 2665 3913 2718 vel

417 2750 1693 2826 ‘disertacujusvisoratorisefl‘ari,cujusve
1710 2756 2128 2811 calamusscri-
2235 2753 2528 2819 praesente
2575 2750 2854 2819 episcopo
2891 2753 3163 2805 tirannus
3204 2751 3302 2805 ille
3331 2753 3625 2820 patraret,
3675 2768 3818 2805 cum
3881 2769 3917 2805 a

460 2837 554 2892 bae
583 2841 699 2891 tam
732 2840 1015 2895 velociter
1050 2842 1368 2897 scribentis
1400 2858 1745 2898 enumerare
1776 2846 1986 2914 possit,
2031 2847 2126 2899 hic
2235 2838 2576 2892 domesticis
2607 2841 2663 2892 et
2692 2840 2955 2909 paribus,
2983 2841 3296 2910 aliquando
3319 2856 3460 2893 vero
3494 2841 3567 2893 ab
3593 2843 3912 2896 extraneis

462 2926 767 2982 Walterus
791 2929 1259 3000 etpaterejus362
1275 2931 1840 3001 Walterusetnepos
1855 2933 1988 3004 ejus
2009 2935 2122 2988 Hu-
2237 2927 2594 2996 potentibUS,
2628 2928 2769 2997 quin
2804 2928 2975 2982 etiam
3013 2930 3085 2983 ab
3119 2929 3491 2997 imperatoris
3523 2926 3602 2969 355
3647 2928 3874 3000 legatis
3897 2973 3911 2999 ,

462 3031 540 3087 go
557 3020 771 3086 quanta
791 3019 942 3071 mala
965 3019 1208 3072 fecerint
1229 3023 1503 3090 quattuor
1523 3021 1639 3074 sibi
1662 3021 2122 3076 succedentibus
2235 3031 2387 3086 quos
2434 3017 2933 3084 conquerentibus
2989 3020 3223 3087 petente
3259 3017 3539 3084 episcopo
3571 3016 3908 3086 imperator

463 3105 784 3176 episcopis,
815 3107 1043 3162 scilicet
1067 3107 1326 3177 Erluino,
1343 3108 1622 3178 Gerardo,
1641 3109 1934 3164 Lietberto
1948 3113 2122 3180 atque
2237 3105 2308 3159 ad
2333 3105 2823 3174 compescendam
2846 3105 2980 3177 ejus
2994 3106 3451 3160 vesaniamilluc
3469 3105 3768 3161 direxerat
3790 3108 3915 3163 fre-

464 3193 745 3249 Gerardo.
789 3195 906 3250 Sed
937 3196 1008 3250 de
1040 3197 1135 3250 his
1167 3197 1320 3251 dicta
1365 3198 1703 3268 sufﬁciant;
1755 3201 1853 3269 qui
1885 3200 2122 3269 plenius
2156 3187 2207 3248 C
2239 3199 2486 3264 quenter
2526 3210 2632 3263 pro
2662 3194 2993 3264 nephandis
3015 3195 3262 3248 ausibus
3293 3197 3648 3265 argueretur
3667 3195 3775 3264 (ib.
3811 3195 3874 3265 2)
3900 3214 3914 3252 :

462 3298 646 3337 nosse
678 3285 857 3354 cupit,
890 3287 950 3338 in
983 3287 1171 3356 gestis
1204 3301 1410 3340 eorum
1439 3288 1702 3355 reperire
1735 3289 1957 3358 quibit;
1988 3306 2121 3359 nos,
2238 3283 2334 3337 ille
2365 3282 2560 3336 subito
2600 3283 2890 3352 quandam
2931 3283 3365 3337 simulationem
3389 3297 3728 3351 assumens,
3768 3300 3918 3354 spe-

462 3371 736 3425 brevitati
767 3374 1092 3439 studentes,
1129 3374 1238 3427 alia
1270 3390 1543 3444 promere
1576 3391 1873 3430 curamus.
2238 3372 2386 3424 ciem
2425 3372 2576 3424 fictae
2612 3371 2997 3424 correctionis
3035 3372 3477 3441 praetendebat;
3527 3376 3736 3446 sicque
3767 3391 3918 3446 gra—

534 3459 587 3513 7.
607 3457 723 3530 [(V.
748 3460 942 3514 Lietb.
969 3462 1054 3531 2.)
1077 3462 1164 3515 De
1182 3463 1390 3517 damna
1414 3462 1685 3528 Gerarda
1708 3466 2126 3537 cpiscopa.1gi-
2234 3460 2372 3511 tiam
2407 3459 2672 3528 episcOpi
2699 3473 2974 3528 exorans,
3001 3459 3315 3516 obsidibus
3339 3464 3514 3535 datis,
3543 3467 3919 3536 jnramentis

464 3549 559 3600 tur
593 3546 912 3614 imperator
943 3549 1259 3618 Henricus,
1290 3565 1464 3620 quem
1494 3549 1708 3605 Othoni
1746 3554 2126 3608 successisse
2237 3546 2407 3600 factis
2431 3547 2501 3600 de
2517 3548 2922 3602 conservanda
2946 3564 3109 3617 pace,
3135 3552 3367 3604 veniam
3393 3553 3763 3622 impetrabat.
3783 3552 3916 3607 Sed

468 3648 651 3703 supra
672 3635 951 3705 diximus,
992 3637 1238 3691 audiens
1271 3639 1496 3691 obiisse
1527 3639 1873 3694 Herluiuum
1897 3641 2126 3710 episco-
2237 3650 2374 3688 mox
2403 3638 2463 3688 ut
2495 3636 2807 3689 exercendi
2826 3637 2980 3690 soliti
3004 3638 3226 3692 furoris
3255 3642 3496 3695 occasio
3515 3642 3706 3696 oblata
3738 3641 3910 3695 fuis-

464 3738 876 3792 pum,suorum
906 3740 1054 3778 usus
1087 3727 1334 3780 consilio
1361 3727 1621 3781 Gerardo
1658 3743 1768 3782 suo
1797 3729 2120 3799 capellauo,
2239 3725 2347 3792 set,
2381 3723 2570 3777 omnia
2602 3725 2897 3792 promissa
2911 3725 3085 3779 citius
3107 3726 3402 3782 adnullata
3431 3730 3917 3800 dissipabantur,

466 3811 1126 3885 Lothariensiumatque
1139 3814 1508 3869 Carlensium
1521 3817 1862 3885 parentibus
1876 3817 2124 3887 edito,se
2239 3814 2294 3864 et
2324 3812 2384 3864 in
2416 3812 2705 3866 deteriora
2735 3813 2886 3865 facta
2916 3815 3261 3883 erumpebat
3291 3817 3395 3884 (ib.
3421 3816 3536 3888 8).]

467 3899 699 3954 facilem
721 3901 974 3956 libenter
991 3905 1240 3971 praebuit
1273 3921 1453 3974 super
1470 3906 1755 3960 electione
1789 3906 1860 3980 de
1883 3923 1950 3961 eo
1975 3907 2126 3961 facta
2311 3900 2396 3953 10.
2431 3901 2518 3954 De
2541 3900 2784 3954 ecclesii
2805 3917 2835 3954 θ
2857 3901 3065 3956 domno
3085 3902 3358 3960 Gerardo
3380 3906 3762 3960 conslructis.
3779 3905 3912 3961 Sed

465 3988 916 4044 Cameracensis
940 3991 1228 4061 episcopii
1250 3991 1358 4057 Qui
1382 3998 1438 4047 et
1460 3993 1857 4064 episcopalem
1879 3996 2126 4050 benedi-
2238 3989 2528 4043 interhaec
2553 3989 2804 4042 adversa
2822 4005 2989 4045 mens
3012 3993 3279 4062 episcOpi
3299 3994 3449 4049 bene
3472 3995 3710 4048 conscia
3735 4011 3767 4047 a
3791 3999 3920 4049 sta-

469 4077 722 4132 ctionem
741 4076 774 4132 5
796 4077 1090 4134 Kalendas
1109 4081 1246 4134 Maii
1280 4082 1528 4151 adeptus
1548 4086 1658 4138 est.
1685 4082 1900 4138 Factus
1933 4084 2125 4154 itaque
2238 4081 2300 4130 tu
2333 4077 2698 4131 rectitudinis
2721 4081 2777 4131 et
2795 4078 2868 4132 ab
2892 4079 3209 4135 intentione
3233 4097 3392 4136 verae
3416 4082 3726 4153 religionis
3746 4084 3923 4138 nullo

465 4166 747 4237 pontifex,
773 4165 949 4238 quam
972 4172 1174 4223 sancte
1194 4170 1428 4238 vixerit,
1455 4186 1626 4242 quam
1648 4172 1927 4226 canonice
1947 4173 2128 4227 eccle-
2240 4165 2410 4219 modo
2442 4165 2893 4236 dejicipoterat;
2931 4167 3045 4221 imo
3067 4169 3127 4221 in
3164 4171 3582 4224 construendis
3615 4173 3925 4227 coenobiis

467 4256 616 4309 siam
661 4256 777 4310 sibi
818 4259 1196 4312 commissam
1227 4261 1463 4327 rexerit,
1515 4263 1701 4314 testes
1747 4264 1886 4314 sunt
1935 4276 2124 4314 sacrae
2241 4258 2297 4308 ct
2331 4254 2676 4323 reparandis
2722 4259 3061 4310 sanctorum
3085 4257 3358 4312 ecclesiis
3384 4260 3660 4312 continuo
3692 4257 3926 4315 affectu

464 4344 1446 4416 religionishomines(49?),testes
1466 4349 1813 4403 instauratio
1829 4352 2124 4403 etrestau-
2241 4343 2573 4396 inSistebat.
2608 4342 2748 4414 [(V-
2786 4344 2979 4399 Lietb.
3019 4346 3097 4405 Ξ.)
3138 4347 3303 4410 Quod
3339 4348 3574 4418 quidem
3616 4352 3930 4404 monstrat

467 4434 617 4487 ratio
645 4433 951 4488 domorum
973 4439 1195 4490 sanctae
1215 4436 1417 4490 matris
1437 4437 1730 4491 ecclesiae.
1751 4436 1904 4490 Ecce
1924 4437 2128 4492 videas
2241 4431 2690 4485 Cameracensis
2713 4433 2891 4487 sedes
2919 4449 3027 4504 ope
3065 4435 3383 4505 studioque
3411 4435 3603 4505 ipsius
3635 4436 3933 4492 nobiliter

463 4520 765 4576 lucernam
797 4539 981 4592 super
1001 4525 1416 4578 candelabrum
1447 4526 1698 4594 positam
1729 4525 1787 4577 in
1821 4525 1992 4579 domo
2017 4525 2129 4580 Do-
2240 4521 2534 4590 decorata,
2561 4535 2669 4574 nec
2687 4537 2804 4575 non
2835 4521 2892 4574 in
2917 4523 3102 4592 capite
3126 4523 3289 4576 sedis
3309 4523 3581 4593 ejusdem
3604 4524 3930 4594 pontifica-

465 4609 608 4663 mini
641 4610 974 4681 splendere,
1001 4615 1056 4666 et
1078 4613 1243 4666 radio
1261 4613 1394 4683 ejus
1419 4629 1652 4668 omnem
1684 4613 1976 4681 episcopii
1997 4614 2127 4682 ple-
2239 4608 2374 4662 liter
2392 4608 2681 4677 exaltata;
2715 4611 2965 4663 testatur
3005 4610 3439 4665 Attrebatensis
3471 4610 3750 4679 ecclesia,
3775 4618 3930 4681 post

464 4697 600 4753 bem
622 4699 972 4754 illustratam
990 4701 1249 4772 gaudere
1272 4701 1366 4769 (G.
1401 4718 1488 4771 cp.
1517 4701 1675 4755 Cam.
1709 4718 1789 4766 lli,
1820 4699 1896 4770 1.)
1919 4701 2127 4756 Scien-
2241 4697 2759 4768 conflagrationem
2779 4698 3038 4752 caelestis
3062 4699 3316 4752 incendii
3335 4715 3442 4768 per
3461 4699 3730 4753 eumdem
3755 4717 3926 4769 pon—

465 4786 602 4841 dum
633 4792 826 4844 autem
857 4789 929 4844 de
959 4805 1048 4858 eo,
1084 4790 1241 4862 quod
1272 4789 1490 4844 Albero
1521 4789 1602 4831 363
1623 4791 2004 4844 Remensium
2028 4807 2125 4844 ar—
2153 4858 2191 4862 _
2240 4786 2455 4840 tificem
2475 4787 2684 4840 melius
2704 4786 3128 4856 pulchriusque
3147 4803 3318 4857 quam
3341 4789 3530 4842 fuerat
3555 4790 3927 4844 restaurata.

466 4877 884 4949 chiepiscopus
927 4895 1172 4949 puerum
1209 4895 1315 4949 pro
1366 4879 1874 4951 consanguinitate
1920 4895 2124 4935 secum
2151 4858 2208 4921 Ῑ)
2245 4875 2405 4929 Patet
2440 4874 2614 4928 etiam
2644 4873 2756 4928 hoc
2793 4889 2865 4928 ex
2913 4873 3304 4929 Florenorum
3352 4875 3566 4929 illustri
3613 4878 3928 4942 coenobio,

463 4966 858 5034 permissione
880 4972 1187 5038 parentum
1214 4969 1473 5036 abduxit,
1505 4971 1560 5023 et
1582 4968 1692 5022 sub
1718 4968 1922 5040 regula
1944 4985 2124 5024 cano-
2241 4963 2398 5034 quod
2428 4964 2555 5032 ipse
2585 4965 2781 5032 utpote
2825 4963 2981 5016 claro
3011 4977 3229 5034 genere
3261 4963 3398 5017 inde
3435 4963 3723 5018 oriundus
3758 4969 3924 5033 erat,

465 5054 597 5109 nica
626 5056 936 5128 degentem
967 5057 1332 5112 familiariter
1362 5058 1653 5113 educavit.
1681 5056 1698 5129 ]
2241 5055 2300 5107 in
2332 5053 2618 5107 honorem
2650 5051 2753 5105 Dei
2790 5053 2846 5104 et
2875 5051 3214 5105 memoriam
3245 5051 3433 5105 sancti
3468 5051 3763 5106 Johannis
3795 5051 3925 5106 ba-

535 5143 588 5200 8.
612 5144 702 5202 De
721 5145 974 5203 ecclesia
997 5154 1219 5203 sanctae
1233 5147 1464 5203 Mariae.
1491 5146 1845 5202 Benedictus
1868 5163 2037 5217 papa,
2059 5149 2122 5200 ut
2237 5143 2433 5213 ptistae
2456 5139 2790 5210 sumptibus
2812 5139 2942 5193 suis
2967 5139 3298 5194 construxit
3314 5141 3702 5211 paternisque
3717 5139 3934 5196 haere-

1750 5289 2044 5350 VARIIE
2089 5283 2579 5351 LECTIONES.

531 5397 612 5442 ³62
641 5400 817 5473 cujus
848 5413 970 5470 cap.
1046 5395 1128 5438 363
1155 5397 1398 5453 Alberto
1430 5412 1551 5468 cap.
1629 5394 1711 5437 664
1745 5398 1962 5466 quanta
2007 5411 2138 5466 cap.
2213 5391 2295 5437 365
2323 5387 2780 5462 imperatoribus
2813 5401 2937 5458 cap.

2036 5539 2315 5602 ΝΟΤιλΕ.

535 5643 683 5716 (492)
713 5643 961 5699 Nostris
999 5643 1188 5698 adhuc
1221 5643 1586 5715 temporibus
1603 5641 1998 5716 ’supcrstitcs
2027 5641 2128 5716 ad-
2239 5643 2726 5716 ptamnessehn‘on
2755 5649 2826 5688 ex
2857 5635 3065 5716 nostro
3087 5627 3356 5716 fluxisse.

465 5702 552 5774 dit
577 5702 709 5773 Vita
738 5715 1024 5786 Lieberti)
1055 5717 1207 5770 unde
1227 5702 1466 5784 apparet
1485 5730 1611 5770 eam
1631 5702 1878 5770 anostro
1897 5712 2124 5766 descri-
2241 5702 2260 5710 ’
2307 5708 2454 5777 (493)
2488 5702 2728 5761 Α.’10924
2760 5705 3088 5760 secundum
3110 5705 3288 5760 Gesta
3306 5703 3667 5777 epise.Cam.
3703 5702 3804 5773 ΙΙΙ,
3845 5703 3929 5759 49
