4058 6182
202 355 299 418 245

204 532 442 588 ditatibus
471 531 683 585 ditavit.
719 530 734 601 ]
777 531 925 595 Qnid
969 531 1040 585 de
1084 532 1216 585 aliis
1248 533 1558 601 ccenobiis,
1579 533 1719 602 quid
1741 533 1812 586 de

205 621 477 688 Maricolis,
502 619 637 690 quid
664 620 736 673 de
759 620 904 674 cella
936 621 1125 674 sancti
1147 621 1393 688 Gisleni,
1416 621 1556 691 quid
1587 621 1657 674 de
1682 620 1812 674 Alto

204 710 365 762 Monte
391 707 773 776 referendum,
801 709 900 762 ubi
929 708 1052 778 jam
1089 709 1319 778 lapsum
1365 712 1421 762 et
1449 709 1522 761 ad
1553 709 1813 762 lubricos

203 798 509 851 clericorum
526 813 671 850 usus
689 797 1027 850 devolutum
1046 796 1451 850 monachalem
1471 797 1739 850 ordinem
1759 797 1815 849 in

205 884 430 954 pristina:
460 882 763 954 religionis
796 898 1057 937 normam
1099 885 1364 937 studiose
1398 885 1710 952 reparavit,
1761 887 1818 938 et

204 975 485 1026 sectatores
499 971 782 1025 bonorum
799 986 1042 1040 operum
1055 972 1299 1026 abbates
1314 971 1573 1042 regulari
1587 973 1816 1025 tramite

206 1060 322 1112 inibi
347 1059 624 1111 instituit?
653 1059 769 1114 Sed
795 1059 1002 1112 horum
1033 1061 1290 1113 narratio
1313 1075 1487 1114 suum
1508 1063 1699 1113 teneat
1727 1059 1816 1113 lo-

203 1162 305 1201 cum
328 1161 340 1214 ;
368 1161 470 1199 nos
500 1149 713 1213 autem,
733 1146 888 1200 sicut
909 1147 1164 1216 inprima
1189 1147 1376 1201 fronte
1407 1147 1590 1218 hujus
1615 1148 1817 1216 operis

204 1235 598 1304 proposuimus,
620 1235 692 1288 ad
717 1235 1044 1288 enarranda
1065 1235 1328 1304 quolibet
1353 1235 1526 1289 modo
1545 1235 1818 1289 ecclesiae

201 1327 384 1376 nostris
412 1322 730 1392 primordia
759 1323 1040 1392 deinceps
1061 1324 1243 1376 verba
1273 1327 1593 1377 vertamus.

255 1409 326 1463 il.
359 1410 513 1474 Quod
561 1411 808 1464 domnus
842 1411 1150 1465 Gerardus
1182 1412 1396 1464 turrim
1452 1412 1626 1482 hujus
1663 1411 1821 1464 vilice

200 1500 475 1552 contraxit.
502 1498 770 1552 Diximus
794 1499 853 1552 in
882 1499 1110 1567 primis,
1145 1501 1489 1569 episcopum
1514 1499 1816 1552 Erluinum

197 1587 252 1638 ad
270 1586 615 1655 repellendas
649 1591 948 1656 raptorum
970 1586 1385 1641 infestationes
1420 1588 1477 1639 in
1507 1588 1656 1656 haec,
1683 1604 1815 1658 quas

775 349 1176 415 CHRONIC.
1210 352 1274 412 S.
1311 351 1686 413 ANDRE/E
1718 351 2016 413 CASTRI
2056 349 2651 412 CAMERACESII.
2690 350 2847 410 LIB.
2883 351 2931 410 Ι.

3459 349 3580 414 246

1917 533 2222 586 brachium
2255 531 2814 602 cognominabatur;
2847 549 2877 584 a
2899 547 3013 601 quo
3038 533 3213 586 etiam
3247 532 3579 586 Heriwardi

1919 622 2100 674 Vallis
2133 626 2520 690 nuncupatur.
2573 619 2761 690 Cujus
2796 621 3023 674 mansio
3054 623 3206 690 apud
3238 621 3578 675 Basuellum

1918 710 2064 777 (494)
2098 725 2270 779 quam
2305 710 2478 762 fuerit
2521 709 2710 776 fortis,
2747 726 2818 762 ex
2851 709 3042 778 ipsius
3075 711 3189 762 situ
3229 711 3342 762 loci
3384 710 3579 764 adhuc

1919 797 2090 852 facile
2123 801 2312 866 potest
2343 798 2608 868 agnosci.
2629 796 2888 861 Quicum
2921 797 3118 850 multis
3133 797 3289 850 circa
3321 813 3387 851 se
3410 797 3577 851 diffu-

1921 887 2008 940 sis
2039 903 2112 940 ex
2140 891 2380 955 paterno
2407 886 2545 955 jure
2578 887 2826 955 polleret
2847 885 3079 952 alodiis,
3115 886 3523 954 interpellatus
3546 902 3580 938 a

1920 975 2134 1028 domno
2167 975 2470 1044 episcopo,
2503 975 2710 1043 partim
2743 991 2846 1042 pro
2861 974 3054 1044 aliqua
3081 974 3232 1027 facta
3254 975 3578 1027 commuta-

1918 1063 2096 1130 tione,
2123 1064 2373 1116 maxime
2423 1067 2614 1116 autem
2655 1079 2761 1131 pro
2813 1063 3003 1115 anima
3031 1078 3138 1115 sua
3170 1066 3226 1116 et
3273 1063 3580 1130 parentum

1921 1167 2164 1205 suorum
2198 1167 2425 1204 necnon
2466 1154 2521 1203 et
2552 1152 2654 1203 lilii
2684 1151 2775 1203 sui
2811 1151 3098 1204 Hervardi
3133 1152 3188 1203 et
3217 1149 3452 1219 nepotis
3483 1148 3583 1202 sui

1920 1239 2262 1307 Fulchonis,
2283 1239 2538 1293 alodium
2571 1239 2641 1292 de
2671 1239 3018 1292 Theoderici
3051 1239 3354 1304 monte,de
3369 1237 3580 1291 Watc-

1920 1327 2071 1382 neiis
2110 1325 2208 1394 369,
2241 1328 2381 1397 quin
2415 1327 2587 1380 etiam
2620 1330 2832 1380 terram
2865 1327 3015 1379 hanc
3047 1331 3103 1379 et
3134 1327 3327 1380 locum
3358 1328 3580 1379 nostra:
3625 1389 3627 1391 ι

1920 1415 2296 1468 habitationis
2329 1418 2384 1468 ct
2432 1416 2692 1468 culturas
2725 1416 2795 1468 de
2829 1415 2974 1468 foris
3008 1413 3378 1468 contradidit.
3415 1414 3580 1467 Tunc

1920 1504 2170 1557 domnus
2193 1504 2510 1572 episcopus
2529 1505 2646 1556 voti
2680 1519 2922 1572 compos
2945 1502 3210 1570 effectus,
3245 1503 3399 1555 sicut
3413 1501 3582 1570 prius

1919 1591 2112 1644 animo
2145 1595 2512 1661 conceperat,
2539 1591 2855 1644 oratorium
2887 1591 2944 1644 in
2959 1591 3242 1644 honorem
3262 1590 3452 1643 sancti
3472 1590 3586 1642 An-

196 1678 299 1726 tanc
325 1677 415 1727 aut
458 1675 616 1727 nulla
648 1677 746 1729 aut
775 1690 954 1743 parva
986 1675 1186 1728 villula
1217 1679 1360 1744 erat,
1395 1676 1588 1728 locum
1620 1674 1813 1729 muni—
1844 1670 1893 1731 Β
1921 1681 2078 1733 dreae
2111 1679 2358 1748 apostoli
2390 1684 2446 1732 et
2475 1679 2646 1732 amici
2677 1680 2801 1745 Dci,
2836 1679 2929 1732 cui
2954 1695 3019 1732 se
3042 1695 3168 1747 prae
3193 1677 3428 1732 caeteris
3450 1692 3582 1730 san-

196 1767 306 1829 tum,
337 1762 388 1815 id
418 1766 506 1816 est
536 1763 770 1816 Novum
801 1762 1095 1829 Castrum,
1129 1764 1316 1832 primo
1348 1764 1708 1830 condidisse,
1746 1779 1814 1817 ac

195 1866 276 1918 per
302 1849 402 1904 hoc
431 1851 643 1904 incolis
673 1851 854 1920 totius
882 1852 1206 1920 provinciae
1238 1867 1440 1920 pacem
1473 1855 1528 1905 et
1559 1853 1812 1920 quietem

193 1953 284 1991 non
312 1938 589 1992 modicam
603 1939 1024 2009 acquisivisse.
1055 1941 1268 1994 Postea
1289 1955 1432 1994 vero
1448 1940 1699 1994 domnus
1713 1941 1820 1994 Ge-

193 2026 368 2079 rardus
381 2042 706 2081 successor
727 2027 778 2097 ej
791 2044 880 2096 us,
904 2028 1293 2082 considerans
1317 2029 1427 2082 hoc
1460 2029 1654 2097 ipsum
1679 2045 1818 2098 pro-

190 2113 338 2166 habili
371 2117 421 2168 et
440 2117 786 2168 necessaria
817 2116 1031 2170 factum
1055 2132 1192 2170 esse
1214 2116 1667 2185 industria,ipsa
1682 2131 1820 2186 quo-

190 2218 282 2271 que
307 2202 617 2274 diligenter
633 2204 937 2257 custodire
957 2208 1012 2257 et
1030 2205 1084 2256 in
1108 2204 1394 2274 majorem
1415 2208 1631 2258 statum
1653 2205 1816 2274 epis-

191 2290 720 2358 copaliprovidentia
751 2292 971 2346 studuit
995 2307 1235 2363 augere.
1264 2292 1411 2345 Nam
1443 2297 1576 2360 post
1596 2293 1819 2362 aliquot

187 2392 341 2430 annos
369 2379 631 2447 predicta
658 2380 854 2450 lignea
885 2380 1059 2434 domo
1091 2379 1358 2449 depulsa,
1384 2381 1592 2433 turrim
1625 2382 1820 2434 excel-

191 2480 292 2516 sam
317 2465 495 2534 lapide
509 2467 821 2536 quadrato,
841 2482 1030 2537 usque
1045 2467 1217 2522 hodie
1233 2467 1387 2522 sicut
1401 2469 1664 2521 cernitur
1680 2484 1817 2538 per-

190 2558 502 2623 manentem,
552 2571 671 2608 non
705 2555 834 2609 sine
884 2556 1214 2626 majoribus
1272 2557 1553 2625 expensis
1601 2557 1820 2610 ibidem

189 2641 482 2695 ediﬁcavit.
519 2642 775 2712 Insuper
804 2646 859 2697 et
882 2659 1122 2697 causam
1153 2644 1493 2697 intentionis
1525 2659 1653 2697 suae
1685 2647 1816 2698 tan-

186 2728 316 2799 tique
329 2730 543 2784 laboris
561 2731 622 2783 in
638 2747 754 2784 una
777 2732 984 2802 grandi
1002 2732 1194 2801 lapide
1214 2732 1367 2785 muri
1383 2732 1573 2800 ipsius
1597 2733 1818 2785 forma-

188 2817 708 2888 tisliterisinsculpi
727 2821 988 2888 precepit
1007 2820 1119 2874 hoc
1138 2821 1309 2873 modo
1349 2837 1360 2874 :
1398 2843 1419 2866 ι
1441 2819 1676 2874 Sanctae
1706 2820 1821 2874 Dei

1922 1769 2032 1821 ctis
2065 1767 2822 1834 commandebatattcntius,
2849 1766 3284 1820 efﬁcacistudio
3318 1768 3586 1819 constru-

1921 1857 2001 1908 xit
2024 1897 2036 1923 ,
2091 1860 2146 1908 et
2177 1855 2384 1925 viginti
2411 1858 2661 1924 quatuor
2691 1855 3012 1908 monachos
3040 1853 3253 1907 ibidem
3279 1853 3390 1906 sub
3413 1867 3588 1906 sacra

1922 1944 2210 2014 religione
2244 1947 2298 1995 et
2319 1943 2581 2013 regulari
2610 1958 2816 1996 norma
2873 1943 3205 1997 servituros
3267 1939 3582 2012 delegavit,

1920 2031 2276 2100 fratremque
2307 2046 2481 2084 suum
2512 2031 2790 2084 domuum
2814 2030 3140 2097 Elbertum,
3167 2030 3302 2082 vitae
3335 2043 3585 2083 venera-

1921 2120 2057 2173 bilis
2091 2121 2300 2187 virum,
2334 2119 2604 2172 abbatem
2637 2119 2724 2171 eis
2756 2117 3004 2188 profecit
3031 2118 3199 2185 (495).

1992 2209 2076 2261 14.
2114 2208 2199 2261 De
2222 2207 2551 2278 uepliandis
2572 2206 2932 2261 factionibus
2973 2206 3232 2259 Walteri
3251 2203 3584 2259 castellani.

1921 2296 2117 2366 Cogor
2145 2310 2251 2364 per
2280 2294 2550 2366 singulas
2582 2309 2729 2362 pene
2781 2294 2960 2364 hujus
3011 2294 3207 2362 operis
3255 2292 3584 2346 sententias

1924 2383 2173 2436 VValteri
2205 2384 2559 2435 mentionem
2579 2387 2867 2450 repetere,
2894 2383 3027 2451 quia
3045 2382 3121 2434 ita
3154 2379 3585 2450 quodammodo

1924 2471 2278 2525 narrationis
2310 2469 2452 2522 ordo
2484 2469 2716 2522 videtur
2738 2470 3000 2539 exigere.
3019 2470 3213 2522 Donec
3237 2468 3392 2521 enim
3415 2468 3585 2522 dom-

1925 2576 2037 2613 nus
2061 2559 2379 2628 epiSCOpus
2405 2557 2762 2626 supradictis
2785 2561 2840 2610 et
2869 2558 3001 2610 aliis
3023 2558 3311 2610 honorum
3342 2572 3588 2625 operum

1924 2647 2223 2702 exercitiis
2253 2646 2584 2712 insudabat,
2609 2645 2701 2698 ille
2723 2660 2943 2698 vesano
2965 2645 3175 2714 spiritu
3197 2644 3454 2714 agitatus
3475 2660 3588 2698 nec

1905 2751 2238 2805 parumper
2253 2751 2286 2787 a
2303 2733 2685 2805 malignitatis
2700 2749 2825 2787 sure
2848 2733 3376 2787 debachationibus
3406 2747 3588 2786 vaca-

1925 2824 2043 2877 bat.

185 2904 514 2974 genitri01366
528 2907 749 2960 Maria?
771 2906 1078 2962 Gerardus
1095 2909 1404 2978 episcopus
1423 2909 1649 2962 domum
1670 2909 1818 2961 hanc
1847 2920 1897 2980 ο
1995 2911 2223 2983 [(Gesta
2257 2927 2342 2982 ep.
2379 2909 2537 2964 σθω.
2562 2910 2728 2978 111,2.)
2745 2908 3110 2979 Quapropter
3133 2909 3356 2979 saepius
3379 2909 3452 2962 ab
3470 2909 3586 2977 epi-

189 2993 248 3046 ad
259 2994 545 3048 tuitionem
570 3001 633 3049 et
647 2994 941 3067 refugium
953 3012 1293 3066 pauperum.
1317 2996 1496 3060 Quam
1511 2998 1608 3068 qui
1624 2997 1698 3050 ad
1709 2997 1819 3050 hoc

186 3096 336 3136 serva
349 3082 1024 3149 verit,benedictionem,
1050 3085 1148 3155 qui
1161 3093 1352 3138 autem
1375 3085 1556 3138 aliter
1579 3084 1815 3139 fecerit.

191 3178 440 3224 cateruam
470 3173 729 3242 accipiat
759 3172 1250 3228 ina/edictionem.

241 3257 314 3313 12.
350 3259 508 3324 Quod
542 3260 860 3314 ecclesiam
890 3261 1042 3314 hanc
1091 3261 1395 3315 mdiﬁcare
1442 3261 1818 3332 cogitaverit.

187 3347 302 3400 Post
323 3347 444 3402 haec
477 3349 783 3402 meditatio
807 3349 1005 3402 cordis
1038 3349 1169 3419 ejus
1197 3366 1229 3402 a
1253 3355 1573 3420 conspectu
1605 3351 1820 3403 divinae

185 3433 385 3502 pietatis
406 3436 477 3489 ad
499 3437 618 3490 hoc
639 3437 923 3506 inspirata
947 3441 1058 3503 est,
1079 3442 1141 3491 ut
1161 3439 1297 3508 quia
1320 3441 1526 3492 contra
1546 3438 1819 3492 visibiles

184 3521 356 3577 hostes
383 3524 599 3579 domus
631 3523 850 3596 refugii
880 3525 1221 3594 temporalis
1257 3529 1595 3581 constructa
1627 3529 1813 3595 esset,

186 3611 330 3664 etiam
385 3617 592 3666 contra
640 3613 1026 3666 invisibilium
1077 3614 1372 3683 nequitias
1441 3615 1714 3683 spiritum
1764 3617 1820 3668 et

187 3699 450 3769 principes
473 3701 858 3755 tenebrarum
893 3703 1071 3756 altera
1093 3702 1304 3756 domus
1336 3702 1666 3772 spiritualis
1697 3702 1818 3755 exi-

185 3787 294 3839 miis
322 3789 555 3858 quidem
591 3789 886 3859 lapidibus
919 3805 1097 3859 prope
1130 3791 1410 3844 aediﬁcari
1440 3792 1718 3858 deberet;
1760 3791 1818 3844 in

185 3890 276 3944 qua
288 3877 658 3948 custodesjac
672 3878 1050 3949 vigilestales
1073 3879 1424 3944 habitarent,
1449 3880 1546 3949 qui
1573 3883 1818 3949 utroque

188 3966 416 4032 tempore
445 3967 564 4020 diei
602 3969 658 4018 et
689 3967 880 4020 noctis
913 3967 1096 4020 Deum
1128 3969 1184 4020 in
1214 3968 1436 4021 smeula
1479 3967 1817 4036 laudarent;

183 4055 226 4102 et
249 4052 386 4107 sicut
417 4053 516 4108 illa
549 4054 838 4124 protectio
862 4071 1176 4124 corporum
1209 4059 1264 4109 et
1293 4071 1494 4108 rerum
1524 4056 1818 4125 peritura-

1924 3016 2105 3068 scopo
2138 3004 2191 3053 et
2220 2999 2292 3052 ab
2317 2998 2718 3068 imperialibus
2737 2998 2950 3068 legatis
2965 2998 3297 3051 admonitus
3321 2998 3581 3065 impera-

1923 3089 2069 3142 toris
2093 3087 2313 3140 curiam
2337 3087 2516 3156 adire,
2543 3087 2637 3139 ille
2661 3086 2932 3156 cujusvis
2962 3086 3339 3154 praetendens
3374 3099 3582 3137 casum

1925 3175 2345 3241 excusationis,
2363 3174 2750 3244 promittendo
2767 3174 2966 3227 verbis
2983 3174 3228 3226 formam
3245 3171 3589 3225 resumebat

1925 3263 2213 3316 simulatae
2246 3263 2652 3328 correctionis,
2687 3263 2791 3315 sed
2823 3277 2939 3314 non
2971 3262 3151 3314 multo
3183 3262 3317 3329 post
3345 3260 3405 3312 in
3435 3259 3589 3312 dete-

1927 3353 2082 3405 riora
2106 3351 2333 3418 labens,
2362 3351 2612 3420 amplius
2642 3349 2887 3404 iterabat
2911 3350 3114 3418 culpas
3145 3350 3445 3402 consuetae
3459 3362 3587 3416 pra-

1925 3440 2122 3494 vitatis
2155 3439 2261 3508 (ib.
2295 3439 2426 3510 i39),
2459 3439 2604 3492 adeo
2629 3441 2707 3492 “ut
2738 3438 3049 3507 quemdam
3085 3437 3407 3490 Robertum
3438 3435 3588 3488 mili-

1923 3531 2037 3582 tem
2071 3527 2334 3597 episcOpi
2349 3532 2463 3580 tam
2483 3527 2780 3580 nobilitate
2811 3527 3052 3596 generis
3068 3541 3240 3595 quam
3259 3525 3472 3577 virtute
3490 3523 3588 3594 ju-

1923 3617 2180 3670 ventutis
2215 3619 2540 3683 strenuum,
2567 3631 2740 3685 quem
2774 3631 2898 3667 suae
2916 3613 3208 3683 tyrannidi
3233 3613 3588 3666 obstiturum

1925 3703 2360 3772 suspicabatur,
2421 3703 2691 3773 quamvis
2733 3703 2846 3756 sub
2878 3702 3346 3771 interpellatione
3387 3699 3586 3754 domui

1923 3791 2204 3860 prcsulis,
2237 3792 2338 3862 qui
2369 3807 2473 3845 eos
2506 3791 2776 3845 federarc
2809 3791 3099 3860 cupiebat,
3135 3791 3190 3842 in
3225 3789 3410 3842 travia
3440 3787 3586 3857 (496)

1925 3880 2180 3949 positum
2216 3880 2516 3933 Dominica
2567 3881 2659 3933 die
2703 3879 3090 3942 interﬁceret;
3123 3878 3228 3948 (ib.
3259 3877 3350 3946 44)
3392 3876 3590 3946 ipsum

1928 3983 2160 4037 quoque
2183 3968 2526 4036 episcopum
2544 3968 2692 4020 intra
2725 3967 2961 4020 domum
2975 3982 3144 4020 suam
3168 3965 3358 4020 tribus
3375 3965 3589 4019 diebus

1929 4057 2113 4108 armis
2169 4057 2246 4108 ita
2275 4055 2619 4122 includeret,
2672 4059 2733 4108 ut
2773 4071 2881 4108 nec
2940 4055 3068 4123 ipse
3120 4070 3230 4108 nec
3271 4054 3590 4124 quisquam

184 4153 310 4209 rum,
340 4143 413 4195 ita
458 4144 577 4196 ista
606 4143 950 4211 praesidium
981 4143 1147 4198 fieret
1178 4144 1500 4197 animarum
1524 4160 1821 4214 nunquam
1848 4157 1904 4220 D
1933 4159 2173 4198 suorum
2205 4143 2409 4214 egredi
2441 4158 2546 4210 pre
2576 4143 2784 4196 timore
2816 4143 3024 4195 mortis
3055 4143 3295 4195 auderet
3328 4140 3426 4194 370.
3472 4140 3612 4222 Sed

186 4230 602 4285 moriturarum.
639 4231 765 4284 Hoc
795 4236 988 4285 autem
1021 4248 1091 4286 eo
1138 4232 1454 4303 cogitante,
1491 4233 1670 4301 Deus,
1721 4234 1822 4303 qui

188 4313 330 4370 dives
354 4323 452 4372 .est
469 4319 531 4372 in
553 4319 984 4388 misericordia,
1020 4336 1136 4389 quo
1166 4322 1489 4389 inspirante
1502 4337 1635 4391 quas
1667 4325 1823 4375 recta

189 4409 300 4456 sunt
327 4407 682 4478 cogitantur,
718 4410 774 4460 et
821 4423 936 4476 quo
967 4411 1245 4476 operante
1293 4409 1496 4463 eadem
1529 4425 1825 4481 peragun-

189 4494 268 4543 tur
290 4491 380 4563 367,
413 4495 516 4565 qui
541 4495 599 4548 ei
646 4495 798 4549 velle
829 4495 1004 4557 dedit,
1043 4495 1214 4550 etiam
1245 4499 1300 4550 et
1347 4512 1527 4565 posse
1558 4499 1820 4567 contulit,

188 4592 479 4649 preparans
509 4584 567 4638 ei
601 4583 1093 4653 opportunitatem
1123 4584 1466 4655 hujusmodi
1497 4589 1688 4656 optata
1719 4603 1824 4656 pa-

189 4670 367 4723 trandi.

244 4755 319 4810 l3.
353 4758 646 4823 Quomodo
667 4760 776 4814 hoc
806 4761 1228 4814 monasterium
1247 4767 1643 4817 contraxerit.
1687 4763 1826 4818 Erat

187 4846 300 4897 tunc
325 4848 608 4917 temporis
641 4849 812 4901 miles
859 4849 1096 4918 quidam
1155 4849 1563 4919 Heriwardus;
1598 4868 1821 4922 genere

191 4933 395 5004 nobilis,
437 4937 540 5008 qui
565 4938 639 4991 ob
671 4936 925 4990 insolitae
963 4935 1042 4977 363
1064 4938 1246 4992 robur
1275 4939 1510 4995 virtutis
1544 4940 1826 4996 Ferreum

1927 4231 2051 4302 jam
2081 4232 2152 4284 de
2185 4232 2296 4284 hoc
2328 4232 2519 4300 magis
2557 4230 2697 4284 libet
2727 4231 2994 4295 reticere,
3047 4245 3221 4298 quam
3266 4229 3434 4296 plura
3467 4232 3586 4281 tam

1931 4320 2198 4390 perversi
2233 4318 2487 4372 hominis
2518 4317 2824 4372 malefecta
2855 4315 3098 4384 referre,
3134 4317 3348 4386 quippe
3398 4331 3590 4385 quan-

1931 4412 2052 4462 tum
2085 4408 2154 4460 de
2176 4422 2244 4461 co
2276 4405 2528 4459 dicimus
2561 4405 2686 4458 acsi
2717 4406 2788 4459 de
2818 4407 3078 4459 torrente
3110 4420 3216 4457 vas
3251 4419 3418 4474 aquae
3451 4404 3593 4457 hau-

1932 4498 2174 4563 riamus,
2212 4498 2292 4549 tot
2339 4497 2394 4547 et
2423 4497 2597 4548 tantm
2655 4494 2788 4564 ejus
2831 4494 3091 4547 existunt
3131 4493 3385 4560 malitiae,
3440 4505 3591 4560 quas

1931 4585 2224 4638 adversus
2253 4586 2522 4637 sanctum
2552 4583 2744 4636 virum
2777 4585 2834 4636 et
2863 4582 3156 4636 civitatem
3174 4597 3292 4636 non
3325 4582 3416 4635 est
3444 4579 3592 4633 veri-

1931 4677 2026 4727 tus
2049 4687 2356 4726 exercere.

2001 4769 2086 4821 15.
2104 4768 2190 4820 De
2200 4765 2572 4838 profectione
2589 4765 2786 4819 domui
2803 4765 3062 4836 episcOpi
3074 4765 3148 4818 ad
3169 4766 3391 4818 curiam
3414 4766 3588 4835 impe-

1931 4857 2173 4910 ratoris.
2205 4853 2316 4922 (Ib.
2337 4855 2450 4921 35.)
2484 4855 2711 4908 Interea
2741 4871 2845 4922 pro
2881 4855 2991 4906 hoc
3022 4857 3076 4906 ct
3108 4869 3217 4921 pro
3250 4853 3382 4906 aliis
3412 4869 3592 4924 nego-

1930 4945 2038 4998 ciis
2071 4943 2596 5012 causaextitit,qua
2611 4943 2862 4996 domnus
2881 4942 3222 5011 episcopus,
3259 4942 3589 5012 assumptis

1462 5091 1756 5152 VARIAE
1809 5090 2174 5158 LECTION
2181 5091 2277 5151 ES

336 5215 643 5287 genitricis
675 5231 797 5287 cap.

191 5277 462 5339 Tilchonis
481 5277 838 5341 clodium-de
887 5327 899 5340 .
957 5329 969 5342 .
1018 5277 1040 5341 ἶ

909 5215 986 5257 367
1017 5217 1377 5286 perabuntur
1403 5235 1538 5292 cap.
1552 5218 1632 5292 368
1661 5221 1935 5292 insolutae
1966 5236 2087 5292 cap.

1101 5329 1112 5340 .
1162 5293 1355 5344 monte
1387 5290 1833 5347 de’W’atenesis
1865 5292 2028 5363 capia

2200 5218 2278 5292 $369
2301 5220 2392 5292 ita
2432 5221 2677 5274 restitui
2708 5236 2785 5274 ex
2817 5219 3020 5275 Gestis
3040 5237 3127 5292 cp.
3167 5221 3325 5277 Cam.
3361 5221 3470 5290 III,
3505 5221 3594 5277 49·

2137 5289 2216 5333 ³70
2247 5291 2447 5346 ederet
2481 5307 2602 5362 cop.

1734 5462 1992 5526 NOTAE

251 5584 384 5660 (494)
414 5587 650 5660 Basuel,
683 5602 868 5660 prOpe
887 5588 943 5660 le
962 5589 1198 5647 Ctteau.

248 5655 497 5738 (595)(312
531 5655 708 5716 (Τιϐέιᾶ
753 5655 844 5732 ep.
890 5659 1049 5716 Cam.
1081 5679 1141 5732 11,
1172 5661 1225 5718 3.
1267 5660 1422 5718 Obiit
1469 5678 1524 5715 v.
1561 5661 1642 5718 Id.
1678 5662 1810 5718 Mai.

1939 5590 2210 5732 1Ἡέ>ὶῑη
2247 5678 2298 5717 e.
2330 5661 2540 5733 trevia,
2579 5664 2805 5738 treuva,
2833 5667 3063 5738 treuga.
