4086 6180
399 304 520 367 247

1272 298 1611 364 APPEND
1668 298 1780 362 AD
1815 297 2491 383 GESTAERISCOP.
2530 299 2958 372 CAMERAC.

3721 302 3847 382 2.48

406 520 610 563 secum
638 504 970 559 illustribus
1000 503 1168 571 viris,
1202 502 1413 556 comite
1443 517 1678 572 quoque
1713 501 2060 571 Haynoensi,
2093 481 2150 540 Α
2180 502 2541 572 protestatus
2555 502 2645 554 est
2659 501 3508 560 olimcontulisse.Novissimc
3528 502 3840 572 plurimum

411 594 760 650 Heinricum
779 594 1189 662 imperatorem
1204 592 1362 659 adiit,
1387 591 1488 660 qui
1502 591 1711 644 diebus
1729 590 1843 643 illis
1859 590 2067 660 Aquis-

410 684 582 757 grani
595 684 745 738 forte
762 683 1114 736 morabatur.
1132 681 1245 734 Ubi
1264 679 1712 748 archiepiscopo
1731 679 2066 732 Coloniensi

412 775 470 828 et
491 771 708 826 ceteris
730 770 1171 824 venerabilibus
1187 769 1375 822 sancti
1400 768 1626 822 ordinis
1641 769 1928 821 ministris
1945 784 2068 837 pro-

409 861 684 916 vincialis
707 859 952 914 sinodus
973 858 1399 925 celebrabatur,
1425 858 1482 910 in
1514 874 1626 927 qua
1649 857 1720 910 ab
1743 857 1872 926 ipso
1897 857 2071 925 impe-

412 952 609 1004 ratore
623 953 722 1003 eta
745 948 1100 1017 supradictis
1123 947 1400 1015 personis
1432 950 1544 999 tam
1561 946 1630 1000 de
1645 944 2068 1000 ecclesiasticis

412 1053 588 1110 quam
618 1038 690 1091 de
722 1036 1116 1101 secularibus,
1150 1036 1221 1088 de
1253 1039 1408 1088 statu
1439 1039 1494 1088 et
1525 1049 1668 1104 pace
1701 1036 1920 1087 sanetae
1953 1033 2067 1086 Ec-

413 1127 614 1182 clesiae
662 1125 932 1196 legaliter
960 1140 1028 1177 ac
1062 1124 1427 1177 sufficienter
1485 1125 1791 1176 tractatum
1837 1125 1946 1175 est.
1982 1122 2066 1174 lbi

412 1216 586 1270 etiam
615 1215 867 1268 domnus
899 1212 1217 1280 episcOpus
1257 1210 1676 1281 gravissimam
1706 1210 1884 1278 litem,
1935 1226 2067 1280 quae

412 1303 866 1371 interprefatum
895 1300 1410 1369 archiepiscopum
1445 1299 1803 1369 Pilegrinum
1834 1303 1890 1352 et
1921 1299 2065 1353 Leo-

412 1392 714 1446 dicensem
745 1390 1061 1458 praesulem
1083 1389 1420 1442 Durandum
1453 1389 1553 1442 diu
1576 1388 1940 1455 versabatur,
1961 1403 2066 1456 pro

405 1479 658 1550 quadam
687 1477 915 1532 scilicet
933 1477 1067 1529 villa
1099 1492 1231 1546 quae
1263 1479 1354 1530 est
1383 1477 1599 1540 Burcii,
1627 1492 1800 1546 quam
1822 1478 2065 1546 uterque

402 1565 734 1638 parrochiae
767 1581 892 1619 suae
929 1565 1315 1620 contendebat
1371 1565 1738 1632 adscribere,
1773 1565 2064 1634 probabili

402 1658 576 1725 atque
609 1653 1101 1722 sinodalijudicio
1134 1653 1384 1708 diremit.
1409 1654 1540 1706 Jam
1572 1669 1713 1707 vero
1747 1653 2064 1722 imperator

403 1747 618 1814 quanta
647 1744 702 1795 et
731 1757 906 1812 quam
927 1741 1192 1810 preclara
1212 1739 1656 1812 donazomnibus
1689 1742 2067 1812 quiinnume-

2184 590 2308 644 auri
2347 589 2432 643 illi
2463 589 2753 658 tribuens,
2785 595 3171 644 commeatum
3194 594 3254 644 ut
3282 592 3354 645 ad
3374 607 3480 653 sua
3504 593 3841 646 rediretac-

2187 678 2533 745 commodat,
2551 679 2882 732 observans
2896 679 3029 732 utin
3047 678 3158 732 hoc
3181 679 3310 733 loco
3325 680 3452 734 dies
3471 681 3664 735 obitus
3682 682 3840 751 ejus,

2186 768 2287 837 qui
2317 769 2408 820 est
2437 766 2470 820 3
2494 766 2696 821 Nonas
2728 766 2885 835 Julii,
2918 766 2979 819 in
3009 768 3288 822 memoria
3337 771 3556 823 aeterna
3588 770 3842 824 habere-

2185 859 2299 910 tur.

2256 944 2333 998 18.
2355 944 2438 998 De
2452 943 2614 998 obitu
2641 944 2893 998 Henrici
2925 944 3322 1014 imperatoris.
3340 946 3642 1016 Hisigitur
3654 947 3843 1017 regiis

2184 1033 2436 1086 donatus
2465 1034 2810 1086 muneribus
2858 1033 3108 1087 domnus
3141 1034 3458 1103 episcopus
3488 1035 3559 1088 ad
3603 1036 3845 1104 prepria

2184 1138 2317 1176 cum
2351 1137 2491 1190 pace
2515 1123 2572 1176 et
2592 1121 2790 1175 laetitia
2823 1137 2956 1176 cum
2989 1123 3118 1176 suis
3150 1122 3340 1176 rediit.
3367 1122 3484 1177 Sed
3512 1139 3630 1177 non
3657 1124 3842 1177 multo

2183 1213 2319 1279 post
2359 1211 2564 1280 gravis
2593 1211 2647 1263 ei
2679 1210 2912 1264 tristitia
2943 1211 3258 1266 successit.
3295 1211 3442 1264 Nam
3481 1212 3844 1280 saepedictus

2187 1299 2501 1367 imperator
2532 1298 2824 1352 Henricus
2849 1299 3216 1353 orthodoxus
3238 1301 3412 1369 atque
3429 1299 3732 1369 paciﬁcus,
3748 1300 3846 1352 vi-

2185 1387 2330 1457 ginti
2378 1387 2548 1440 annis
2586 1387 2831 1455 imperio
2865 1386 3113 1441 feliciter
3142 1387 3566 1455 administrate,
3601 1387 3843 1456 pontiﬁ—

2185 1478 2350 1530 catus
2374 1475 2569 1529 domni
2589 1475 2833 1529 Gerardi
2859 1491 3012 1531 anno
3046 1474 3112 1529 12
3139 1476 3242 1543 (ib.
3276 1493 3357 1543 ιιι,
3377 1476 3467 1546 50)
3499 1477 3651 1529 diem
3684 1477 3844 1530 clau-

2185 1565 2262 1618 sit
2293 1566 2746 1630 extremum(an.
2779 1563 2960 1632 1054).
2980 1563 3164 1634 Cujus
3179 1580 3340 1618 mors
3362 1564 3593 1634 qualem
3618 1567 3843 1619 sanctae

2186 1653 2455 1706 ecclesiae
2475 1651 2896 1707 desolationem
2918 1667 3034 1706 non
3062 1653 3220 1706 dictu
3251 1652 3420 1706 facile
3438 1655 3847 1722 estquantum—

2185 1756 2297 1810 que
2356 1742 2637 1794 Romange
2669 1740 3007 1809 reipublicae
3037 1741 3309 1811 plebique
3348 1740 3607 1795 intulerit
3656 1741 3842 1795 detri-

405 1831 624 1886 rabiles
653 1830 736 1884 ibi
768 1831 1168 1884 conﬂuxerant
1189 1830 1510 1899 episcopis,
1535 1830 1868 1895 abbatibus,
1895 1829 2065 1883 cleri—
2101 1818 2152 1879 Β
2185 1832 2460 1883 mentum.
2495 1828 2752 1882 Tandem
2784 1828 3009 1882 collecti
3048 1830 3343 1898 principes
3379 1829 3648 1883 Saxones
3677 1830 3836 1898 apud

407 1919 497 1974 eis
509 1917 872 1988 pauperibus
889 1921 942 1971 et
965 1917 1194 1971 cunctis
1213 1918 1351 1972 boni
1375 1918 1692 1972 testimonii
1708 1919 1850 1971 viris
1874 1919 2067 1972 distri-

404 2007 621 2076 buerit,
643 2022 753 2060 nec
766 2007 986 2076 scripto
1010 2021 1116 2060 nec
1132 2007 1331 2060 verbis
1351 2005 1520 2059 facile
1535 2009 1728 2074 potest
1748 2009 2064 2074 numerari;

406 2095 624 2165 quippe
655 2093 830 2163 cujus
852 2098 1009 2147 tanta
1039 2094 1097 2146 in
1121 2095 1419 2165 erogando
1451 2095 1691 2148 diversa
1720 2111 1963 2149 munera
1994 2095 2067 2148 li-

405 2182 685 2237 beralitas
717 2182 922 2250 extitit,
945 2182 1178 2234 utnulla
1201 2182 1572 2251 antiquorum
1585 2183 1713 2236 sive
1733 2188 2068 2237 exterorum

405 2285 616 2341 regum
644 2270 1042 2323 munificentia
1063 2270 1319 2340 potuerit
1339 2273 1682 2339 comparari.
1704 2271 1942 2324 Sednos
1957 2271 2070 2325 ista

404 2359 666 2413 breviter
697 2359 1149 2429 perstringendo
1183 2359 1254 2412 ad
1288 2359 1397 2412 alia
1419 2375 1824 2429 properamus.

479 2445 547 2500 16
576 2447 665 2501 De
693 2447 980 2518 largitate
1008 2449 1409 2518 imperatoris.
1446 2449 1555 2517 (Ib.
1580 2449 1668 2514 37,
1702 2447 1815 2517 38.)
1865 2449 2068 2503 Soluto

410 2535 666 2604 denique
699 2535 1039 2604 supradicto
1073 2541 1384 2604 conventu,
1418 2537 1734 2606 imperator
1763 2553 1895 2590 cum
1945 2538 2067 2606 pri-

408 2623 680 2677 moribus
703 2624 834 2676 suis
857 2639 1094 2677 rursum
1117 2624 1415 2678 contendit
1429 2625 1624 2678 villam
1643 2625 1833 2678 sancti
1849 2625 2071 2697 Gauge-

408 2711 517 2764 rici
549 2711 849 2765 nativitate
893 2711 1263 2780 illustratam,
1296 2713 1608 2767 instantem
1639 2714 1892 2783 predicti
1923 2730 2066 2768 con-

411 2798 669 2851 fessoris
711 2797 1088 2852 festivitatem
1119 2799 1546 2868 celebraturus,
1581 2817 1713 2871 quae
1745 2806 1836 2856 est
1869 2801 1901 2857 3
1933 2803 2069 2856 ldus

409 2886 688 2958 Augusti.
730 2887 870 2940 Inde
899 2888 1239 2959 digrediens
1292 2889 1620 2942 Virdunum
1657 2891 1838 2960 petiit;
1872 2891 2070 2962 ibique

410 2977 632 3028 sanctae
646 2975 753 3028 Dei
770 2975 1076 3046 genitricis
1092 2976 1292 3031 Mariae
1309 2977 1666 3032 nativitatem
1685 2979 2068 3034 devotissime

2185 1917 2541 1988 Maguntiam
2554 1916 2886 1970 Conradum
2901 1917 3014 1970 sibi
3032 1918 3494 1985 praefeceruntin
3521 1932 3747 1988 regem,
3785 1922 3848 1970 et

2185 2005 2390 2058 eodem
2421 2021 2572 2058 anno
2587 2005 3162 2060 ibidembenedictus
3178 2011 3268 2060 est
3297 2007 3357 2059 in
3388 2006 3685 2060 nativitate
3698 2020 3844 2058 san-

2186 2099 2293 2148 ctae
2327 2093 2544 2147 Mariae.

2258 2182 2342 2235 19.
2365 2181 2454 2235 De
2485 2181 2857 2235 dedicatione
2878 2183 3051 2254 hujus
3082 2183 3369 2237 ecclesiae.
3405 2183 3667 2236 Domnus
3695 2183 3845 2236 inte-

2186 2269 2628 2340 rimjepiscopus
2646 2274 3135 2340 munera,quae,ut
3151 2271 3368 2324 dictum
3391 2274 3500 2340 est,
3535 2274 3847 2339 acceperat

2187 2373 2220 2410 a
2248 2373 2411 2428 rege,
2445 2358 2687 2412 retentis
2720 2357 2950 2412 duabus
2974 2359 3426 2429 crucibus,quae
3443 2374 3630 2428 usque
3661 2359 3841 2412 hodie

2186 2447 2562 2517 proferuntur
2593 2446 2664 2499 ad
2714 2447 3160 2516 processionem
3191 2450 3412 2501 sanctae
3445 2448 3664 2516 Mariae,
3711 2447 3846 2501 data

2186 2551 2292 2605 pro
2325 2535 2411 2588 eis
2443 2550 2557 2588 una
2587 2549 2766 2588 aurea
2808 2531 2889 2576 372
2919 2537 2974 2589 et
3003 2536 3283 2604 pretiosis
3311 2535 3606 2605 lapidibus
3640 2534 3844 2589 fabre-

2187 2623 2358 2691 facta,
2401 2639 2534 2693 quae
2572 2624 2725 2692 apud
2768 2640 2878 2678 nos
2936 2624 3223 2678 hactenus
3270 2627 3561 2691 servatur,
3625 2639 3848 2692 corpus

2188 2712 2359 2764 etiam
2392 2715 2614 2766 sanctae
2647 2712 2899 2783 virginis
2931 2715 2987 2766 et
3017 2712 3274 2766 martiris
3305 2711 3670 2766 Maxelendis
3698 2727 3845 2780 par-

2185 2803 2420 2870 temque
2450 2800 2722 2869 corporis
2760 2801 2948 2853 sancti
2980 2800 3152 2869 Sarii,
3187 2815 3398 2870 magna
3428 2815 3561 2853 cum
3589 2815 3844 2853 venera-

2187 2888 2343 2942 tione
2375 2893 2431 2942 et
2478 2889 2624 2942 cleri
2671 2892 2727 2942 et
2753 2889 2953 2958 populi
3013 2889 3374 2942 multitudine
3421 2889 3480 2941 in
3529 2889 3846 2942 ecclesiam

2188 2978 2339 3032 hanc
2369 2979 2690 3032 honorifice
2712 2977 3041 3046 adportavit
3062 2978 3178 3041 (an.
3213 2977 3394 3048 10°25).
3419 2978 3488 3030 Et
3505 2979 3682 3032 multa
3713 2994 3842 3031 cor-

411 3063 748 3116 celebravit.
781 3064 915 3132 Ipsa
953 3065 1045 3118 die
1074 3065 1437 3134 imperatrix,
1471 3066 1605 3136 quia
1649 3083 1775 3121 eam
1817 3069 2067 3123 domnus
2103 3053 2155 3115 C
2185 3083 2328 3136 pora
2359 3069 2718 3134 sanctorum,
2759 3066 3073 3120 constituta
3104 3067 3486 3120 dedicationis
3517 3068 3630 3136 die,
3664 3068 3721 3120 id
3753 3071 3851 3122 est

411 3151 731 3220 episcopus
753 3152 814 3205 in
833 3154 1218 3221 processione
1240 3155 1670 3210 addextravitei
1691 3157 1910 3211 fercula
1926 3175 2067 3212 auro

408 3240 781 3310 gemmisque
823 3241 1063 3294 contulit
1107 3242 1406 3313 insignita.
1445 3243 1582 3298 Inde
1598 3240 1676 3285 371
1699 3261 1839 3299 vero
1874 3247 2068 3300 Mettis

409 3328 785 3397 perveniens,
827 3345 936 3398 per
979 3329 1214 3400 singula
1257 3332 1614 3385 monasteria
1671 3334 1883 3387 multas
1925 3350 2068 3404 opes

409 3415 728 3484 distribuit,
751 3418 1090 3486 nullumque
1107 3418 1327 3472 bonum
1349 3423 1448 3473 aut
1464 3420 1742 3474 clericum
1763 3427 1860 3475 aut
1876 3439 2070 3477 mona-

412 3503 587 3557 chum
625 3505 911 3572 praateriit
941 3521 1058 3558 non
1088 3505 1384 3574 donatum,
1420 3507 1598 3561 veluti
1629 3510 1881 3577 quodam
1911 3527 2068 3579 prae-

413 3591 581 3660 sagio
594 3591 990 3645 imminentem
1018 3593 1172 3646 diem
1196 3594 1293 3663 qui
1310 3595 1550 3649 nimium
1573 3596 1805 3651 vicinus
1836 3601 2065 3653 eratsui

412 3679 609 3733 obitus
639 3680 1026 3749 praavidebat.
1059 3679 1076 3751 ]

482 3765 570 3820 17.
608 3766 771 3831 Quod
795 3767 1070 3838 preclara
1103 3770 1160 3824 ei
1175 3771 1323 3824 dona
1343 3772 1664 3842 imperator
1685 3775 2066 3846 dederit.(an.

417 3855 602 3923 1023.)
617 3854 687 3908 Et
699 3871 838 3910 vero
853 3856 1104 3910 domnus
1116 3858 1415 3913 Gerardus
1427 3877 1530 3930 pre
1545 3865 1758 3917 ceteris
1773 3865 2072 3936 episcopis

415 3944 470 4016 ej
480 3961 552 4000 us
570 3945 876 4015 obsequiis
894 3945 1227 4015 adhaerens,
1248 3964 1380 4001 eum
1402 3950 1552 4004 inter
1569 3955 1762 4006 cetera
1781 3969 1846 4007 se
1865 3970 2074 4009 novam

417 4035 941 4105 congregationem
985 4035 1405 4090 monachorum
1451 4038 1509 4091 in
1557 4039 1840 4095 honorem
1886 4044 2075 4097 sancti

415 4121 672 4176 Andreaa
695 4123 1109 4177 construxisse
1130 4124 1314 4178 amica
1337 4126 1389 4179 ei
1413 4128 1800 4184 collocutione
1824 4146 2076 4202 sugges-

413 4210 600 4265 sisset
632 4226 644 4264 :
670 4211 768 4264 ille
801 4212 960 4266 velut
978 4214 1198 4266 sanctae
1222 4213 1532 4284 religionis
1564 4219 1788 4271 amicus
1811 4217 2071 4291 benigno

2188 3157 2254 3208 10
2283 3156 2577 3209 Kalendas
2604 3155 2896 3224 Octobris,
2931 3171 3082 3209 anno
3115 3156 3219 3210 Dei
3250 3155 3471 3209 Christi
3519 3153 3672 3225 109.5,
3708 3173 3845 3210 cum

2188 3245 2424 3297 clericis
2460 3248 2514 3298 et
2531 3244 2838 3298 monachis
2862 3248 3283 3313 convenerunt,
3302 3244 3576 3298 videlicet
3597 3249 3844 3299 sanctus

2187 3332 2574 3402 Gaugericus,
2617 3337 2859 3386 sanctus
2892 3332 3212 3396 Aubertus,
3248 3333 3560 3402 preciosus
3607 3349 3843 3403 quoque

2188 3424 2407 3490 martyr
2439 3420 2694 3488 Salvius,
2722 3423 2964 3474 sanctus
2983 3421 3334 3490 Aycadrius,
3371 3424 3613 3474 sanctus
3643 3421 3842 3476 Gisle-

2186 3524 2298 3562 nus
2331 3512 2503 3578 atque
2534 3513 2776 3562 sanctus
2809 3508 3196 3576 VVasnulfus;
3249 3524 3381 3561 cum
3411 3509 3627 3579 quibus
3666 3511 3845 3563 etiam

2185 3597 2357 3650 beata
2385 3597 2556 3668 virgo
2588 3596 2954 3650 Maxelendis
2983 3594 3082 3666 373;
3117 3612 3269 3667 quos
3302 3597 3372 3650 ad
3396 3597 3644 3652 salutem
3677 3599 3842 3652 habi-

2184 3687 2428 3739 tantium
2458 3689 2514 3739 et
2545 3686 2658 3743 loci
2681 3686 2870 3754 ipsius
2887 3687 3310 3740 munimentum
3335 3687 3581 3755 provida
3611 3687 3837 3756 episco-

2163 3774 2242 3842 -pi
2272 3775 2559 3828 industria
2590 3773 2728 3828 fecit
2758 3776 3094 3829 convenire.

2254 3863 2324 3916 ΞΟ
2350 3863 2437 3917 De
2459 3862 2642 3916 robus
2656 3863 2792 3916 huic
2822 3863 3183 3917 monasterio
3205 3863 3652 3934 collatis.lgitur
3695 3879 3806 3918 con
3823 3893 3841 3904 -

2184 3952 2385 4005 stituto
2415 3954 2472 4004 et
2499 3953 2848 4004 consecrato
2878 3951 3089 4006 abbate
3109 3952 3286 4005 fratre
3318 3967 3429 4005 suo
3452 3967 3627 4021 quem
3656 3967 3842 4021 supra

2183 4039 2615 4094 nominavimus
2630 4039 3068 4108 Elberto,villas
3099 4039 3288 4093 alodia
3305 4040 3674 4093 sufﬁcienter
3695 4040 3843 4093 huic

2147 4190 2151 4193 I
2184 4127 2426 4182 contulit
2459 4129 2836 4195 monasterio,
2873 4126 2891 4198 [
2923 4127 3018 4195 (G.
3053 4143 3140 4198 ep.
3178 4127 3335 4182 Cam.
3362 4145 3442 4196 nx,
3474 4127 3590 4195 49.)
3610 4127 3846 4182 scilicet

2184 4217 2415 4270 tertiam
2438 4219 2659 4285 partem
2682 4219 2905 4286 quartae
2927 4217 3110 4285 partis
3131 4217 3260 4269 ﬁsci
3283 4216 3646 4271 Peronensis
3664 4231 3843 4286 quem

415 4299 620 4354 favore
653 4299 768 4369 piis
789 4298 922 4369 ejus
937 4300 1152 4354 studiis
1181 4301 1252 4354 ad
1283 4301 1572 4375 gaudens[
1596 4305 1700 4368 (ib.
1725 4304 1816 4375 39)
1847 4309 2070 4376 prolata
2101 4297 2152 4357 D
2182 4320 2214 4358 a
2246 4308 2518 4376 quattuor
2533 4303 2844 4376 generosis
2861 4306 3009 4358 viris
3038 4305 3375 4375 adquisivit.
3404 4305 3660 4359 Roberto
3688 4304 3846 4358 scili-

415 4389 489 4443 de
505 4388 788 4443 thesauro
822 4404 932 4442 suo
965 4390 1080 4443 duo
1103 4405 1220 4444 non
1244 4392 1408 4459 parvi
1445 4393 1612 4460 pretii
1643 4395 1817 4462 pallia
1847 4400 2068 4450 sanctae

411 4476 629 4548 virgini
643 4477 844 4530 Marim
864 4519 877 4545 ,
914 4478 1020 4530 tria
1034 4493 1175 4531 vero
1190 4481 1446 4548 pretiosa
1461 4497 1701 4535 munera
1730 4488 1951 4538 nostrae
1964 4500 2070 4552 per

411 4581 544 4620 eum
556 4565 886 4619 transmisit
907 4565 1198 4634 ecclesiae,
1217 4566 1364 4621 duas
1379 4570 1606 4623 scilicet
1629 4587 1841 4639 parvas
1857 4588 2066 4627 cruces

407 4667 621 4707 aureas
638 4653 876 4722 pallium
909 4654 1197 4723 quoddam
1230 4656 1398 4710 rubei
1429 4657 1666 4724 coloris,
1702 4663 1776 4727 et,
1811 4662 1965 4728 quod
1991 4662 2065 4715 iis

407 4741 728 4809 pretiosius
751 4743 924 4811 atque
954 4757 1135 4811 super
1161 4758 1370 4797 aurum
1401 4748 1455 4798 et
1485 4746 1751 4814 topazion
1771 4747 2065 4802 desidera-

405 4827 606 4897 bilius,
640 4830 922 4900 reliquias
936 4831 1411 4901 sanctiAndreae,
1438 4834 1658 4901 apertis
1679 4836 1917 4903 capellae
1936 4853 2064 4892 suae

406 4917 648 4972 scriniis
669 4933 738 4972 os
758 4918 1072 4988 proferens
1103 4919 1174 4974 de
1203 4935 1451 4989 corpore
1479 4922 1668 4975 sancti
1697 4921 1888 4992 ipsius
1919 4941 2064 4995 apo-

406 5005 564 5076 stoli,
597 5007 754 5077 quod
783 5007 1624 5078 sibiConstantinoPOIitanum
1655 5011 2064 5090 imperatorem

2182 4397 2274 4447 cet
2294 4396 2467 4463 atque
2490 4392 2781 4446 Hubaldo.
2806 4394 3086 4448 Ascelino
3104 4397 3279 4463 atque
3300 4393 3514 4447 Suena.
3549 4393 3843 4462 Reliquas

2179 4484 2376 4550 partes
2405 4481 2596 4550 ipsius
2615 4481 2748 4534 ﬁsci
2769 4496 2993 4535 mensae
3022 4478 3102 4544 374
3130 4482 3395 4551 episcOpi
3428 4482 3497 4534 ad
3530 4481 3842 4538 castellum

2179 4573 2400 4623 sanctae
2419 4570 2619 4623 Maria:
2651 4569 2745 4623 cui
2777 4570 3156 4640 circumjecet
3185 4570 3519 4625 destinavit.
3542 4570 3559 4642 ]
3580 4569 3844 4624 Contulit

2178 4659 2350 4711 etiam
2379 4659 2532 4710 inter
2562 4661 2755 4711 cetera
2773 4657 3048 4713 allodium
3080 4658 3194 4711 sibi
3220 4658 3636 4712 hereditarium
3658 4658 3714 4710 in
3730 4659 3841 4711 vil-

2177 4748 2232 4802 la
2261 4748 2523 4817 Haynau,
2567 4762 2698 4817 quae
2740 4751 2832 4800 est
2863 4747 3102 4800 Bussud
3134 4745 3281 4816 (-197)
3313 4762 3446 4799 cum
3469 4747 3841 4815 appendente

2177 4835 2396 4889 familia
2417 4835 2606 4890 sancti
2635 4834 2962 4889 Philiberti.
2998 4833 3152 4888 Sane
3172 4835 3308 4904 quia
3340 4834 3470 4887 haec
3491 4837 3550 4887 et
3568 4833 3680 4886 alia
3699 4833 3839 4902 ejus

2175 4925 2462 4978 beneﬁcia
2480 4924 2618 4976 huic
2649 4923 2921 4977 ecclesiae
2945 4921 3152 4978 collata
3179 4920 3260 4966 375
3286 4922 3346 4976 in
3378 4921 3709 4991 privilegiis
3741 4937 3844 4974 no-

2175 5013 2317 5086 stris
2350 5012 2496 5081 (498)
2535 5012 2830 5082 descripta
2878 5012 3185 5080 habentur,
3236 5011 3308 5066 de
3333 5011 3429 5064 his
3470 5010 3635 5079 plura
3675 5007 3845 5078 loqui

1713 5143 2006 5235 VARIAS
2055 5144 2521 5236 LECTIONES

467 5241 544 5286 371
575 5245 744 5325 Idem
767 5261 896 5325 cep.
928 5241 1009 5325 ἔξτῖ
1038 5246 1120 5325 ita
1153 5248 1395 5325 correxi
1409 5263 1424 5316 ;
1447 5251 1616 5325 antea
1639 5264 1800 5319 copia
1825 5257 1884 5325 at
1914 5254 2243 5325 codex-ipse
2267 5261 2327 5307 ut
2345 5256 2588 5322 apparet
2626 5267 2707 5325 ex
2731 5251 2906 5325 Actis
2936 5249 3048 5325 SS.
3073 5249 3275 5325 Belgii
3319 5246 3640 5325 Κ-Ηῼξμξῖδ
3662 5251 3841 5325 deest

400 5317 657 5394 etcopiae
689 5322 746 5371 et
765 5315 1179 5388 codici,spatio
1208 5315 1421 5372 relicto
1447 5316 1527 5359 374
1548 5315 1717 5373 deest
1747 5323 1944 5393 capiw,
1979 5315 2169 5394 spatio
2189 5315 2433 5380 relicto?
2469 5322 2670 5394 supple
2683 5324 2738 5375 vi
2760 5337 2836 5377 ex
2859 5319 3063 5376 Gestis
3093 5315 3278 5392 θρῖα.
3307 5315 3410 5390 III,
3443 5315 3617 5374 49.375
3645 5323 3840 5376 collo-

397 5390 526 5444 cata
555 5403 677 5458 cep.

1973 5489 2250 5552 NOTIE.

470 5591 619 5662 (497)
653 5593 843 5661 Prope
863 5592 1106 5648 Binche.

2213 5597 2384 5678 “(498)
2414 5596 3074 5678 genradiﬁimperatornis
3095 5595 3833 5678 atque‘Gerardijpiscopi

2167 5661 2479 5738 diplomata
2504 5661 2697 5722 edidit
2721 5661 2962 5723 Mirmus
2981 5661 3136 5738 'ﬂOpp.
3167 5661 3408 5738 diplom.
3435 5668 3493 5723 ’l.
3526 5661 3615 5723 55:
