4086 6180
253 338 378 400 269

787 335 1181 398 CHRONIC.
1222 336 1290 396 S.
1334 334 1707 397 ANDRE/E
1739 333 2095 396 CAST'I‘RI
2134 334 2731 399 CAMERACESII.
2777 375 2839 384 —
2890 341 3052 406 LIB.
3092 342 3173 403 II.

3575 344 3693 406 250

252 527 656 593 surperﬂuum
685 544 826 584 esse
846 530 1143 600 duximus,
1169 547 1243 586 ne
1273 533 1391 586 sint
1407 531 1916 601 onerosalegenti.
1947 529 2005 589 A
2036 530 3689 605 duxGothilo,episcopus(loloniae,Noviomaci,Virduni,

256 610 320 665 In
343 613 479 682 ipso
499 632 644 671 vero
663 622 927 688 tempore
950 620 1119 675 miles
1142 622 1376 691 quidam
1396 622 1714 691 ingenuus,
1748 619 1922 691 Tige-

253 717 362 754 rus
394 706 654 777 nomine,
689 722 824 761 cum
854 710 1031 763 multa
1054 710 1255 779 predia
1278 712 1438 764 circa
1460 709 1800 765 Basuellum
1821 708 1923 761 ubi

253 792 516 865 degebat
544 798 901 867 possideret,
935 804 990 853 et
1033 800 1251 854 herede
1288 802 1533 867 careret,
1580 798 1828 852 consilio
1867 806 1922 852 el

255 882 516 937 obtendu
532 885 731 939 domni
748 888 1255 959 episcopiJBunctis
1273 890 1770 960 possessionibus
1792 890 1922 944 suis

252 975 311 1025 et
338 988 409 1026 ea
426 989 565 1043 quas
582 975 801 1029 dicitur
824 977 1023 1047 Tigeri
1044 978 1214 1046 silva,
1237 979 1550 1034 ecclesiam
1572 979 1725 1033 hanc
1746 978 1921 1032 adhe-

252 1061 547 1128 reditavit,
582 1067 643 1117 ut
676 1065 834 1119 Deus
866 1070 922 1119 et
951 1071 1195 1121 sanctus
1226 1068 1495 1122 Andreas
1535 1067 1921 1122 hereditatem

254 1148 393 1217 ejus
422 1150 485 1202 in
515 1153 673 1205 terra
702 1152 1023 1208 viventium
1054 1157 1363 1210 restituant
1386 1157 1459 1210 ei.

323 1237 414 1290 21.
438 1238 527 1292 De
543 1244 994 1297 consecratione
1027 1243 1481 1299 Cameracensis
1509 1245 1796 1299 ecclesiae.
1831 1244 1927 1300 Jo-

252 1323 486 1379 bannes
516 1343 685 1397 papa,
712 1345 886 1400 quem
908 1347 1087 1401 supra
1106 1333 1357 1403 capitulo
1379 1336 1586 1387 octavo
1605 1333 1923 1387 Benedicto

251 1416 642 1471 successisse
654 1419 982 1489 retulimus,
1001 1422 1150 1476 rexit
1167 1421 1500 1476 Ecclesium
1518 1423 1688 1475 annis
1700 1421 1753 1490 9,
1771 1438 1927 1476 men-

251 1501 428 1555 sibus
472 1503 529 1556 9.
577 1503 687 1559 Cui
730 1510 1031 1563 successit
1060 1509 1418 1565 Benedictus
1449 1510 1909 1579 Theophilactus

248 1589 681 1646 Monasterium
712 1594 1133 1651 Florinacense
1166 1598 1474 1653 dedicatur
1502 1616 1533 1652 a
1571 1599 1784 1653 domno
1815 1599 1923 1654 Ge-

249 1679 457 1746 rardo,
490 1683 897 1738 consentiente
928 1686 1225 1740 Rainardo
1257 1686 1537 1756 episcopo
1570 1688 1920 1742 Leodicensi

247 1767 350 1835 (an
380 1766 566 1838 1026).
598 1772 765 1826 Anno
797 1775 991 1828 autem
1023 1779 1329 1846 sequente,
1364 1776 1462 1847 qui
1485 1781 1577 1831 est
1599 1777 1919 1831 Dominicae

2033 620 2312 692 Trajecti,
2336 621 2544 676 Leodii
2562 624 2617 675 et
2634 622 2754 675 dux
2771 621 3177 675 Theodoricus
3196 638 3515 693 comesque
3539 622 3691 694 [lay-

2030 710 2342 764 noensium
2366 711 2721 782 Raginerus,
2748 709 2903 781 ejus,
2939 711 2995 764 id
3029 713 3121 764 est
3150 709 3425 780 Conradi,
3461 712 3692 765 ordina-

2027 797 2172 852 tioni
2223 799 2577 868 restiterant,
2614 803 2671 854 et
2717 801 3086 854 sacramento
3130 799 3283 853 facto
3316 800 3693 855 condixerant

2030 902 2146 940 non
2180 887 2234 941 ei
2274 904 2484 955 manus
2524 905 2589 942 se
2630 889 2871 942 daturos
2908 901 3017 942 nec
3048 888 3119 941 ad
3151 902 3283 941 eum
3315 886 3521 956 ituros,
3555 889 3692 958 quia

2029 976 2305 1030 nolebant
2335 992 2467 1031 eum
2497 992 2748 1048 regnare
2774 992 2957 1046 super
2987 992 3073 1031 se.
3097 977 3360 1030 Ducibus
3384 978 3577 1030 tamen
3593 992 3696 1031 su-

2028 1064 2309 1133 pradictis
2356 1067 2413 1119 et
2456 1066 2756 1135 episcopis
2795 1066 2929 1134 post
2959 1081 3173 1119 annum
3193 1068 3247 1118 et
3280 1064 3583 1118 dimidium
3613 1066 3685 1118 ad

2028 1166 2231 1221 pacem
2262 1154 2432 1208 ﬂexis
2455 1169 2588 1207 cum
2617 1154 2705 1207 eis
2738 1154 2988 1207 domnus
3011 1153 3331 1223 episcopus
3360 1153 3432 1206 ad
3477 1152 3690 1224 Aquis-

2030 1242 2201 1310 grani
2243 1242 2521 1310 palatium
2565 1242 2688 1312 ivit,
2724 1257 2908 1312 seque
2949 1240 3231 1295 deditioni
3280 1242 3446 1312 regis
3488 1241 3685 1296 libens

2033 1328 2258 1383 obtulit.

2109 1423 2198 1479 ‘29.).
2224 1422 2311 1475 De
2325 1419 2572 1475 concilio
2593 1418 2888 1473 Triburiaa
2900 1419 3119 1473 habito.
3137 1419 3249 1489 (Ib.
3270 1417 3383 1487 51.)
3403 1418 3695 1473 Τι’ἰιιιινίω

2032 1528 2210 1567 secus
2242 1508 2599 1581 Maguntiam
2634 1509 2953 1577 imperator
2989 1507 3295 1562 Conradus
3333 1507 3404 1561 de
3437 1507 3696 1561 diversis

2029 1600 2299 1670 partibus
2332 1597 2645 1666 episcopos
2679 1596 3044 1665 convocavit,
3080 1599 3142 1650 ut
3173 1612 3305 1666 quae
3336 1596 3601 1651 utilitatis
3640 1597 3699 1649 et

2030 1687 2339 1759 religionis
2355 1687 2493 1740 sunt
2510 1685 2578 1739 ad
2604 1686 2858 1739 invicem
2878 1684 3233 1738 conferrent.
3258 1685 3372 1738 Ubi
3391 1699 3525 1738 cum
3544 1683 3700 1736 inter

2032 1781 2225 1832 cetera
2245 1774 2533 1829 dictorum
2557 1789 2800 1828 suorum
2833 1774 3070 1827 decreta
3101 1773 3172 1828 de
3196 1773 3532 1827 renovanda
3554 1786 3697 1840 pace

247 1857 575 1959 nativitatis
605 1859 742 1913 1027
774 1860 946 1931 (499),
986 1864 1292 1918 dedicatur
1322 1866 1745 1919 monasterium
1776 1880 1915 1919 san-
1949 1898 2001 1959 Β
2032 1866 2105 1920 de
2129 1863 2402 1935 jejuniis,
2445 1863 2519 1915 de
2564 1862 2833 1933 neganda
2875 1861 3398 1915 excommunicatis
3430 1875 3696 1915 commu-

246 1948 364 1998 ctm
375 1944 581 2000 Mariae
593 1947 917 2003 honoriﬁce
935 1953 1336 2006 constructum
1351 1968 1382 2005 a
1399 1952 1612 2006 domno
1630 1951 1913 2022 Gerardo,

246 2030 319 2085 15
351 2033 653 2088 Kalendas
670 2036 1048 2108 Novembris,
1096 2041 1177 2093 uti
1213 2041 1392 2094 multa
1416 2057 1662 2104 corpora
1692 2047 1919 2096 sancto-

245 2134 385 2172 rum
428 2122 827 2177 interfuerunt
874 2124 1007 2196 [(Ib.
1052 2143 1132 2194 ιιι,
1184 2128 1296 2194 50.)
1343 2127 1452 2180 His
1498 2128 1608 2181 rite
1638 2130 1918 2199 peractis,

242 2216 499 2281 accepto
520 2212 746 2266 salubri
765 2214 1015 2291 consilio
1039 2215 1293 2269 domnus
1325 2216 1643 2286 episcopus
1676 2216 1922 2289 dignum

193 2343 211 2363 ,
242 2300 439 2367 duxit,
475 2301 803 2355 secundum
834 2318 1056 2357 morem
1089 2304 1471 2375 antiquitatis,
1513 2304 1735 2358 curiam
1773 2306 1920 2359 invi-

238 2404 386 2443 sere
418 2390 556 2441 novi
574 2389 967 2459 imperatoris,
992 2390 1509 2455 Conradiscilicet,
1543 2406 1716 2462 quem
1740 2408 1920 2463 supra

245 2476 515 2529 diximus
532 2477 1027 2549 regaliainsignia
1040 2479 1377 2548 sumpsisse
1390 2480 1758 2549 postobitum
1774 2480 1923 2534 Hen-

239 2565 381 2618 rici.
419 2563 570 2618 Nam
600 2566 672 2619 ab
693 2565 829 2635 ejus
849 2567 1148 2635 presentia
1175 2566 1300 2637 jam
1331 2568 1628 2638 aliquanto
1661 2570 1921 2636 tempore

237 2667 425 2705 suum
448 2653 848 2722 suspenderat
866 2655 1133 2724 gradum,
1154 2671 1224 2710 ea
1246 2656 1521 2710 videlicet
1538 2656 1610 2710 de
1628 2670 1828 2721 causa,
1848 2671 1921 2709 ne

237 2740 749 2796 Lotbariensibus
782 2742 1128 2796 scandalum
1159 2744 1326 2798 ﬂeret
1356 2742 1726 2799 offensionis.
1772 2742 1918 2807 Quia

2032 1954 2225 2020 nione,
2261 1952 2332 2006 de
2364 1966 2481 2005 non
2504 1950 2864 2020 sepeliendis
2896 1950 3270 2021 quibusdam,
3306 1949 3484 2002 multa
3515 1950 3572 2003 et
3598 1949 3701 2001 im-

2031 2040 2339 2112 portabilia
2370 2039 2676 2093 dedissent
2696 2039 2985 2106 mandata,
3022 2055 3155 2108 quae
3176 2037 3521 2092 viderentur
3535 2036 3701 2091 oneri

2033 2129 2360 2200 replicare:
2410 2125 2926 2181 moderatissimus
2961 2131 3126 2196 pater
3151 2127 3450 2181 Gerardus
3497 2140 3701 2179 eorum

2031 2217 2227 2271 minus
2261 2231 2439 2271 sanas
2487 2215 2712 2270 studuit
2741 2216 3065 2284 reprimere
3096 2216 3442 2282 sententias,
3478 2215 3536 2268 et
3563 2228 3699 2267 ora-

2032 2306 2189 2359 tione
2220 2304 2419 2358 habita
2449 2304 2520 2358 ad
2551 2320 2677 2371 eos,
2710 2303 3053 2373 postaliqua
3068 2302 3158 2355 sic
3183 2302 3290 2355 ait:
3328 2301 3699 2371 Jejuniumin

2033 2398 2203 2447 sexta
2254 2392 2353 2446 vel
2378 2393 2627 2463 septima
2658 2392 2813 2446 feria
2844 2390 3216 2462 generaliter
3248 2405 3357 2443 non
3394 2393 3485 2443 est
3517 2388 3699 2442 omni-

2034 2481 2146 2535 bus
2173 2481 2602 2551 imponendum,
2639 2479 2851 2552 quibus
2882 2494 2988 2532 nec
3032 2493 3140 2531 una
3170 2478 3400 2531 sanitas
3430 2475 3702 2546 corporis

2036 2584 2143 2622 nec
2186 2568 2500 2640 aequaliter
2541 2569 2845 2623 remordet
2895 2567 3191 2620 accusatio
3225 2566 3475 2638 peccati.
3517 2563 3700 2619 Multa

2036 2661 2174 2710 sunt
2219 2662 2506 2726 praeterea
2567 2673 2699 2727 quae
2746 2656 3064 2726 peroravit;
3114 2657 3170 2707 et
3212 2653 3374 2708 ﬁnito
3420 2652 3693 2723 concilio,

2036 2745 2431 2814 permissione
2462 2750 2720 2816 accepta,
2754 2744 3038 2798 remeavit
3070 2743 3140 2796 ad
3172 2742 3426 2814 prOpria.

1613 2839 1829 2894 PRIMI
1873 2839 2079 2896 LIBRI
2123 2842 2345 2898 FINIS.

860 2938 1370 3002 PRINCIPIUM
1416 2937 1646 2998 LIBRI
1693 2936 1913 2996 FERT
1956 2937 2416 3003 PROLOGUS
2461 2941 2646 3001 ISTE
2690 2941 3076 3003 SECUNDI.

313 3043 675 3115 Magnarum
719 3061 918 3100 rerum
963 3047 1213 3116 amplam
1261 3047 1565 3101 materiam
1610 3044 1917 3100 succincte
1952 3044 2002 3103 Ο
2029 3049 2368 3117 presulatus
2401 3049 2595 3103 domni
2629 3048 2871 3103 Gerardi
2920 3046 3004 3115 19,
3052 3049 3110 3101 in
3143 3047 3376 3100 civitate
3409 3043 3695 3100 Attrebati

235 3132 597 3187 describere
627 3137 680 3188 et
704 3134 965 3189 famosos
987 3138 1153 3190 actus
1186 3135 1501 3189 illustrium
1532 3148 1919 3205 personarum

231 3222 417 3275 brevi
430 3237 711 3277 sermone
734 3223 1259 3292 comprehendere,
1286 3239 1401 3277 non
1424 3224 1668 3277 minoris
1691 3224 1920 3276 constat

229 3325 385 3365 esse
415 3310 642 3363 laboris
669 3327 843 3380 quam
866 3327 1106 3382 parvam
1132 3313 1527 3366 narrationem
1554 3312 1687 3365 latis
1711 3313 1920 3365 exten-

227 3398 384 3451 dere
425 3399 989 3471 verbis.Utrobique
1029 3402 1185 3455 enim
1234 3401 1474 3454 difﬁcile
1512 3403 1601 3454 est
1633 3400 1919 3454 disertum

225 3485 522 3554 evadere,
542 3487 593 3540 si
622 3488 754 3558 quis
780 3492 879 3542 aut
900 3504 967 3543 ea
998 3505 1131 3560 quas
1153 3506 1331 3560 parva
1357 3494 1494 3544 sunt
1516 3490 1756 3544 atollere
1776 3502 1920 3558 ges-

226 3573 423 3641 tiens,
458 3574 688 3645 majora
710 3576 916 3631 virbus
930 3578 1058 3632 suis
1082 3581 1362 3632 attentare
1382 3582 1702 3647 presumat,
1737 3578 1835 3633 aut
1853 3590 1922 3629 ea

226 3678 378 3733 quae
405 3662 580 3734 larga
612 3663 874 3735 indigent
903 3666 1207 3734 relatione,
1249 3667 1414 3721 brevi
1449 3668 1665 3721 dictatu
1706 3668 1922 3724 nitatur

226 3751 689 3824 constringere.
708 3751 967 3817 Quorum
984 3755 1219 3824 quidem
1248 3771 1429 3809 unum
1460 3771 1490 3810 e
1529 3756 1763 3811 duobus
1792 3774 1924 3812 con-

223 3839 951 3912 tigissemihiperpendo,
967 3842 1150 3914 quide
1180 3845 1541 3920 multimodis
1558 3860 1786 3916 regum,
1808 3847 1922 3916 epi-

223 3943 590 3998 scoporum,
623 3930 952 3999 principum
972 3932 1164 4003 gestis
1185 3932 1381 4002 aliqua
1403 3933 1760 4004 quibusdam
1784 3950 1917 3991 sen-

223 4016 511 4079 tentiolis
562 4016 876 4088 decerpere
916 4034 1220 4089 presumo.
1267 4020 1356 4073 Ex
1402 4037 1516 4091 qua
1550 4024 1747 4076 tamen
1794 4038 1922 4077 mea

225 4104 697 4175 presumptione
727 4107 957 4175 veniam
980 4108 1239 4163 fortasse
1256 4124 1351 4163 me
1371 4124 1547 4179 spero
1565 4112 1917 4180 promereri,

223 4192 340 4262 qui
372 4193 779 4247 tantummodo
796 4195 1112 4263 primordia
1136 4196 1408 4251 ecclesiae
1432 4201 1672 4265 nostrae,
1709 4201 1764 4252 et
1795 4200 1919 4269 qui-

220 4280 356 4334 bus
388 4279 811 4351 largitionibus
842 4285 1010 4336 aucta
1038 4284 1109 4337 ad
1144 4285 1301 4339 hunc
1326 4287 1540 4338 statum
1561 4287 1917 4357 pervenerit,

224 4367 511 4438 pandere
528 4370 748 4422 curavi.
765 4369 924 4441 Ergo
943 4371 1013 4424 ad
1031 4371 1089 4425 id
1116 4373 1519 4443 peragendum
1542 4390 1795 4430 necesse
1826 4378 1921 4431 est

224 4472 347 4526 per
367 4456 684 4525 scripturae
704 4474 970 4526 campum
988 4459 1346 4532 discurrere,
1367 4464 1423 4514 et
1440 4462 1550 4515 hoc
1567 4463 1920 4531 Opusculum

223 4545 305 4599 de
361 4544 625 4599 diversis
668 4546 915 4600 ﬂoribus
969 4548 1277 4603 collectum
1329 4554 1645 4605 contexere
1694 4552 1916 4606 curavi.

224 4632 421 4687 Adsit
450 4632 633 4703 igitur
676 4634 773 4689 ille
819 4638 875 4688 et
924 4636 1112 4691 faveat
1157 4653 1353 4706 operae
1402 4642 1649 4706 nostrae,
1703 4641 1804 4711 qui
1852 4655 1918 4694 se

226 4722 455 4787 florem
503 4723 688 4791 campi
723 4727 779 4776 et
824 4723 1008 4779 lilium
1039 4726 1395 4780 convallium
1427 4742 1567 4782 esse
1597 4729 1919 4798 proclamat

222 4808 442 4877 (Cant.
480 4826 539 4861 ιι.
574 4808 646 4878 1),
683 4813 743 4863 ut
772 4814 984 4865 cuncta
1013 4816 1207 4866 nestra
1244 4814 1506 4882 operatio
1536 4815 1609 4869 ab
1633 4832 1702 4869 eo
1733 4819 1920 4885 caspia

226 4900 288 4951 et
308 4910 429 4968 per
450 4911 583 4949 eum
606 4896 887 4951 ﬁniendai
896 4898 987 4968 psi
1002 4904 1055 4952 et
1072 4899 1261 4955 amico
1284 4900 1417 4971 ejus
1438 4904 1640 4958 saacto
1660 4904 1917 4959 Andreae

228 4984 506 5051 ﬁdeliter
534 4983 851 5039 deserviat.

307 5074 337 5127 1
351 5072 468 5127 .De
482 5071 943 5144 conﬂagratione
960 5074 1010 5127 A
1021 5072 1779 5133 ttrebatensismonasterii
1789 5096 1920 5135 san-

224 5168 353 5215 cta:
387 5160 620 5214 Mariae.
654 5160 823 5215 Anno
858 5161 1179 5217 nativitatis
1217 5164 1538 5220 Dominicae
1570 5165 1707 5220 1029
1739 5169 1908 5243 (500),

2030 3138 2447 3191 monasterium
2464 3137 2893 3191 sanctaaMariae
2908 3137 3054 3190 miro
3070 3132 3694 3203 sedveroDeijudicio,

2027 3226 2060 3278 3
2081 3225 2377 3279 Kalendas
2395 3224 2647 3296 Augusti
2669 3224 2909 3279 fulmine
2928 3226 3364 3279 concrematum
3387 3226 3509 3275 est..
3524 3221 3694 3275 Unde

2029 3314 2282 3370 domnus
2301 3314 2639 3383 episcopus,
2658 3313 2824 3385 gravi
2846 3328 3099 3366 maerore
3130 3311 3394 3374 affectus,
3425 3309 3693 3364 Leduino

2028 3403 2224 3459 abbati
2273 3401 2469 3457 Sancti
2503 3401 2743 3457 Vedasti
2782 3400 3141 3454 admirandis
3195 3398 3521 3453 sanctitatis
3564 3395 3694 3450 viro

2031 3491 2343 3562 epistolam
2382 3490 2744 3558 transmittit,
2787 3491 2845 3542 in
2877 3505 2991 3560 qua
3033 3488 3330 3543 tristitiam
3362 3485 3560 3541 cordis
3602 3484 3697 3540 sui

2029 3580 2236 3651 aperit,
2272 3581 2350 3633 ita
2381 3579 2657 3649 inquiens
2687 3581 2822 3648 post
2859 3577 3085 3648 aliqua:
3121 3575 3249 3648 [(G,
3284 3590 3373 3647 ep.
3412 3574 3569 3629 Cam.
3603 3589 3685 3640 in,

2028 3668 2142 3735 3‘3.)
2180 3692 2199 3717 α
2236 3667 2514 3736 Subrepit
2539 3667 2679 3720 mihi
2715 3667 2849 3735 plus
2896 3665 3067 3721 solito
3098 3666 3272 3720 timor
3302 3668 3357 3717 et
3388 3663 3574 3731 dolor,
3595 3662 3698 3731 qui

2029 3758 2165 3812 licet
2194 3759 2270 3811 sit
2300 3757 2437 3810 mihi
2487 3772 2592 3825 per
2633 3770 2808 3809 usum
2852 3757 3056 3823 vetus,
3106 3754 3168 3808 ﬁt
3223 3756 3418 3807 tamen
3452 3765 3689 3820 semper

2030 3862 2222 3901 novus
2252 3860 2357 3915 per
2389 3848 2787 3915 augmentum.
2810 3844 2957 3897 Nam
2980 3843 3033 3897 si
3050 3842 3364 3914 aliquando
3389 3856 3479 3895 me
3500 3841 3695 3909 ipsum

2030 3934 2357 3990 secundum
2398 3933 2731 4003 qualitatem
2764 3931 2899 3986 vitae
2939 3930 3185 4002 aspicio,
3216 3930 3275 3983 in
3307 3928 3692 3983 amaritudine

2028 4038 2261 4089 versor,
2295 4022 2429 4092 quia
2461 4022 2517 4075 in
2551 4021 2724 4074 bonis
2757 4020 2985 4089 deficio,
3026 4020 3085 4073 in
3118 4018 3286 4072 malis
3320 4018 3592 4088 perduro.
3628 4015 3691 4070 Si

2030 4110 2263 4182 quando
2294 4124 2436 4165 vero
2458 4109 2528 4162 ad
2551 4125 2617 4162 ea
2635 4125 2767 4179 quae
2799 4109 2856 4162 in
2881 4108 3095 4162 mundo
3119 4110 3257 4161 sunt
3278 4104 3695 4176 perspicienda

2031 4198 2246 4253 mentis
2280 4198 2512 4253 oculum
2543 4198 2760 4263 attollo,
2789 4199 2996 4250 cuncta
3021 4211 3151 4266 quae
3184 4196 3242 4248 in
3276 4194 3533 4264 maligno
3558 4195 3697 4247 sunt

2034 4287 2225 4356 posita
2253 4286 2458 4349 video;
2491 4289 2705 4355 quanto
2736 4284 2991 4339 mundus
3021 4284 3284 4337 seviatur
3315 4281 3532 4353 gladio,
3566 4281 3692 4352 qui-

2033 4376 2148 4430 bus
2170 4374 2420 4444 populus
2435 4372 3203 4442 intereatpercussionibus,
3226 4369 3535 4424 manifeste
3561 4385 3695 4424 con-

2008 4464 2252 4530 sidero,
2302 4478 2369 4516 ac
2413 4477 2517 4532 per
2546 4462 2656 4515 hoc
2695 4461 2886 4521 adhuc
2916 4461 3116 4530 pejora
3149 4458 3228 4505 376
3257 4459 3459 4514 venire
3493 4458 3689 4528 timeo,

2002 4548 2165 4624 quia
2197 4556 2401 4605 nostro
2426 4549 2772 4604 sacerdotali
2804 4553 3042 4618 peccato
3073 4548 3202 4604 haec
3230 4548 3359 4602 fieri
3383 4546 3686 4613 conﬁteor,

2030 4641 2184 4695 sicut
2213 4641 2497 4709 scriptum
2529 4641 2640 4706 est,
2690 4640 2943 4703 testante
2978 4637 3147 4691 beato
3178 4638 3354 4692 Petro
3385 4634 3680 4705 apostolo:

2032 4749 2053 4779 α
2081 4728 2368 4793 Quoniam
2402 4731 2629 4796 tempus
2660 4728 2753 4780 est
2784 4729 2843 4780 ut
2875 4723 3688 4796 incipiatjudiciumdedomo

2029 4816 2153 4870 Dei.
2195 4839 2214 4863 η
2272 4815 2340 4869 Et
2370 4816 2430 4870 in
2460 4815 2764 4870 Ezechiele
2801 4832 2811 4868 :
2859 4834 2884 4864 «
2923 4815 2971 4867 A
3011 4812 3345 4868 sanctuario
3377 4827 3507 4869 meo
3540 4808 3690 4865 inci-

2028 4906 2144 4974 pite
2174 4902 2272 4959 377.
2313 4924 2333 4952 ιο

2090 4991 2240 5048 2.09
2261 4992 2586 5048 velleribus
2598 4991 2754 5047 albis
2765 4989 3078 5045 Attrebati
3091 4988 3164 5043 de
3176 4988 3317 5044 caelo
3328 4988 3692 5060 lapsis«Ver—

2027 5081 2087 5137 bi
2099 5081 2286 5153 gratia
2299 5081 2477 5143 veluti
2493 5082 2551 5140 in
2566 5079 2825 5150 presenti
2839 5082 3061 5135 sanctis
3075 5077 3295 5135 Mariae.
3312 5076 3688 5133 Attrebaten-

2028 5170 2180 5224 sium
2193 5169 2568 5223 manifestum
2586 5172 2676 5225 est
2689 5166 2962 5235 ecclesia,
2987 5181 3160 5236 quam
3187 5166 3220 5219 3
3237 5166 3535 5220 Kalendas
3563 5166 3687 5219 Au-

1561 5286 1856 5346 VARI/E
1901 5285 2263 5348 LECTION
2273 5286 2370 5347 ES

298 5381 395 5426 376
412 5385 499 5438 ita
530 5385 800 5456 conjicio;
830 5400 1050 5448 perona
1081 5388 1244 5458 copia
1277 5404 1290 5443 :
1322 5390 1548 5461 majora
1585 5389 1652 5445 G.
1686 5405 1777 5460 ep.
1818 5390 1979 5446 Cam.
2013 5389 2092 5432 377
2122 5391 2438 5462 incipiente
2471 5405 2592 5461 cap.

1832 5487 2093 5565 NOTAE},

307 5609 469 5689 (ἐξὲξ)
498 5614 567 5689 ᾼ.
602 5610 741 5689 19ξο
768 5618 1180 5689 consecratum
1209 5615 1411 5689 dicunt
1439 5615 1505 5672 G.
1540 5632 1612 5689 ep
1649 5617 1811 5675 Cam.
1847 5638 1929 5689 in,
1964 5621 2051 5675 49.
2188 5616 2195 5623 ’

307 5680 467 5751 (500)
499 5685 567 5739 Α.
600 5681 740 5741 1030
770 5687 1099 5743 secundum
1126 5687 1277 5744 Ann.
1316 5680 1689 5748 Elnonen'ses
1709 5680 1992 5748 minores.
