4086 6180
395 315 511 382 251

1223 318 1586 381 APPEND.
1629 316 1766 380 AD.
1813 315 2080 379 GESTA
2131 316 2506 379 EPISCOP.
2557 318 2990 382 CAMERAC.

3716 318 3840 381 252

403 499 734 573 gustiignis
749 499 1069 554 adveniens
1083 499 1153 553 de
1168 498 1482 553 celototam
1498 497 1829 551 combussit
1846 497 2060 551 viden-
2088 497 2146 556 A
2173 498 2327 566 apud
2375 498 2713 570 Trajectum
2761 500 3027 571 privatus
3078 502 3193 567 (an.
3234 487 3437 571 .1039),
3489 500 3838 556 Heinricum

400 590 560 644 tibus
597 589 847 643 cunctis.
878 589 1045 641 Unde
1084 587 1258 642 timeo
1289 588 1551 654 nimium,
1586 586 1799 639 divina
1830 585 2061 639 Domini

406 677 778 733 adversionis
805 678 917 731 hoc
950 676 1139 730 fuisse
1164 675 1770 743 indicium,vonientis
1791 688 1973 742 super
1992 675 2061 726 ti-

403 766 518 821 lios
545 766 865 828 hominum;
890 767 952 819 ut
982 766 1138 818 sicut
1171 764 1307 818 olim
1334 767 1464 817 ante
1492 764 1805 817 adventum
1835 762 2063 815 Domini

406 855 481 910 ob
512 855 750 925 signum
778 853 1205 907 misericordia
1229 867 1297 905 eo
1320 853 1377 905 in
1397 853 1525 906 loco
1551 852 1677 905 alba
1704 852 1923 904 vellera
1945 850 2061 903 duo

405 942 684 1013 leguntur
722 941 1035 1008 cecidisse,
1078 942 1157 995 ita
1195 940 1268 995 ob
1302 941 1795 1011 significationem
1825 939 2063 993 ultionis

407 1030 642 1099 divina,
656 1046 788 1100 qua
802 1032 1047 1083 ventura
1061 1033 1151 1083 est
1164 1044 1344 1098 super
1356 1028 1697 1082 diffidentia
1713 1028 1886 1095 filios,
1904 1027 2064 1097 ignis

405 1119 636 1174 veniret
648 1134 780 1174 cum
802 1118 1107 1187 sulphure,
1132 1118 1516 1187 quiterrendo
1532 1120 1793 1171 moneret
1817 1116 2062 1179 electos,

408 1212 473 1262 ut
501 1225 534 1262 a
564 1208 712 1261 facie
742 1222 917 1260 arcus
949 1206 1179 1275 possint
1209 1206 1435 1276 fugere,
1471 1209 1527 1260 et
1556 1209 1833 1259 exureret
1854 1205 2067 1274 impios

410 1299 467 1351 et
496 1298 857 1364 peccatores,
884 1295 983 1364 qui
1004 1294 1240 1347 Christo
1261 1308 1499 1362 semper
1519 1294 1830 1347 detrahunt
1851 1297 1905 1347 et
1928 1293 2068 1346 ﬁliis

411 1384 716 1439 Ecclesia.
737 1383 936 1437 Solent
956 1383 1127 1436 etiam
1161 1382 1450 1437 ministris
1476 1381 1760 1436 Ecclesia
1793 1382 1863 1435 dc
1897 1382 2068 1435 nobis

411 1473 636 1526 dicere:
694 1492 716 1516 «
753 1471 827 1523 Hi
870 1473 1009 1524 sunt
1053 1474 1324 1540 pastores
1375 1472 1592 1541 populi,
1634 1472 1733 1540 qui
1775 1487 1892 1525 non
1932 1485 2105 1523 vere.

409 1564 684 1631 pastores
735 1563 891 1629 sunt,
936 1560 1042 1613 sed
1088 1560 1226 1629 lupi.
1273 1558 1599 1613 Comedunt
1644 1561 1799 1613 enim
1834 1561 2073 1628 peccata

410 1649 610 1719 populi
639 1648 738 1719 qui
762 1648 991 1701 fructus
1023 1647 1295 1702 ecclesia
1324 1648 1379 1700 in
1416 1647 1707 1718 stipendio
1744 1647 2075 1717 percipiunt

414 1737 774 1808 quotidiano;
811 1736 917 1791 sed
948 1752 1057 1789 nec
1088 1737 1371 1791 orationis
1406 1736 1600 1790 studio
1631 1752 1739 1791 nec
1782 1736 2073 1806 pradica-

2177 588 2358 642 (ilium
2401 603 2574 643 suum
2621 590 2789 661 regni
2819 596 2874 644 et
2905 591 3128 646 laboris
3158 591 3381 645 dimisit
3411 591 3709 645 heredem.
3743 590 3837 643 Ad

2175 692 2351 746 quem
2379 678 2737 747 sapedictus
2776 679 3041 747 pontifex
3087 681 3239 748 iens,
3274 695 3341 734 se
3372 679 3645 733 manibus
3676 678 3838 733 illius

2178 765 2488 835 commisit,
2512 766 2847 838 pariterque
2870 769 2991 822 dux
3011 768 3265 837 Gothilo,
3293 768 3392 839 qui
3405 767 3838 838 aliquantulum

2178 855 2473 924 denegare
2496 854 2893 925 disposuerat.
2909 855 3096 927 Cujus
3117 856 3370 912 Conradi
3391 858 3637 910 mortem
3656 855 3842 909 multa

2177 946 2619 1013 praecesserunt
2661 945 2855 1016 signa,
2896 961 3049 1015 qua,
3099 945 3369 1015 quamvis
3417 944 3595 1015 digna
3627 943 3837 1010 relatu,

2178 1032 2485 1087 brevitatis
2515 1048 2695 1088 causa
2730 1033 3129 1102 praterimus.

2250 1120 2303 1175 5.
2355 1122 2442 1176 De
2472 1121 2635 1176 obitu
2663 1122 2967 1177 Lietduini
3010 1122 3267 1176 abbatis.
3297 1121 3409 1189 (Ib.
3438 1120 3552 1190 59.)
3582 1119 3844 1190 Contigit

2181 1210 2439 1281 posthoc
2455 1210 3170 1285 biennium,pLietduinum
3201 1226 3275 1263 ex
3303 1210 3452 1263 laico
3485 1207 3844 1262 monachum

2184 1300 2399 1353 factum
2448 1301 2505 1354 et
2547 1299 2814 1353 abbatem
2860 1299 3291 1353 Attrebatensis
3331 1296 3561 1352 cenobii
3601 1299 3831 1366 postea,

2184 1387 2409 1442 scilicet
2424 1386 2621 1441 domui
2636 1387 3366 1455 Richardisuccessorem,
3391 1386 3464 1439 ab
3491 1385 3602 1439 hoc
3616 1383 3843 1439 saculo

2184 1476 2406 1531 abiisse
2420 1475 2855 1530 etlaudabiliter
2876 1476 2947 1529 ad
2969 1476 3124 1529 aliud
3145 1475 3515 1545 pervenisse,
3536 1478 3597 1528 ut
3628 1488 3841 1543 spera-

2185 1580 2317 1619 mus
2360 1564 2610 1619 feliciter
2652 1567 2708 1619 et
2743 1564 2948 1619 tristes
2997 1564 3329 1619 reddidisse
3367 1578 3517 1634 quos
3557 1562 3629 1616 ad
3669 1577 3847 1615 omne

2185 1655 2403 1708 bonum
2432 1653 2848 1707 instruxit.Hic
2886 1652 3156 1709 abbatem
3189 1651 3547 1707 Richardum
3596 1650 3847 1721 religio-

2187 1757 2320 1796 sum
2332 1742 2641 1796 admodum
2665 1741 2856 1795 virum
2879 1741 3218 1809 introduxit,
3243 1738 3723 1810 perquemlocus
3746 1737 3848 1792 ille

411 1826 595 1881 tionis
643 1825 825 1880 verbo
874 1825 1016 1879 nihil
1049 1826 1282 1894 penitus
1327 1825 1622 1879 insudant.
1651 1848 1672 1872 υ
1710 1827 1795 1878 Ac
1826 1841 1931 1895 per
1964 1825 2073 1878 hoc
2103 1827 2156 1890 Β
2185 1831 2243 1885 in
2273 1834 2476 1885 sancta
2500 1830 2784 1900 religione
2815 1833 2872 1883 et
2901 1829 3099 1883 mundi
3123 1829 3395 1883 facultate
3416 1827 3570 1897 cepit
3589 1826 3841 1896 pollere.

416 1914 695 1985 quicquid
716 1914 1091 1967 adversitatis
1111 1914 1171 1968 iit
1193 1914 1252 1967 in
1280 1914 1523 1982 saeculo,
1551 1914 1823 1968 videlicet
1856 1917 2071 1967 morta-

412 2002 610 2071 litatis,
636 2002 1005 2072 pestilentia,
1040 2002 1234 2071 famis,
1267 2003 1467 2056 dicunt
1496 2004 1818 2072 promereri
1844 2006 1899 2056 et
1922 2003 2073 2056 inci-

414 2106 553 2161 pere
590 2107 624 2144 a
662 2092 1017 2159 sanctuario,
1056 2112 1077 2139 υ
1126 2091 1259 2163 etc.]
1303 2092 1444 2145 Hac
1473 2098 1530 2146 el.
1574 2091 1686 2145 alia
1719 2091 1899 2145 verba
1924 2095 2075 2145 sunt

414 2180 612 2234 domni
646 2180 908 2249 episcopi
937 2180 1363 2249 querimoniam
1394 2181 1626 2252 agentis
1658 2185 1715 2236 et
1744 2196 1926 2251 super
1959 2184 2074 2235 tam

412 2268 649 2322 insolito
691 2283 835 2321 casu
877 2268 1141 2338 pradicti
1194 2268 1450 2323 incendii
1499 2269 1757 2340 graviter
1820 2270 2074 2323 dolentis

414 2354 531 2411 Sed
560 2359 766 2426 postea
795 2371 909 2426 quo
942 2356 1158 2417 studio.
1194 2372 1311 2427 quo
1343 2356 1565 2426 labore,
1600 2358 1954 2429 quantisque
1977 2374 2073 2412 ex-

414 2446 619 2513 pensis
637 2444 951 2499 ecclesiam
966 2445 1154 2514 ipsam
1170 2445 1637 2513 readiﬁcaverit,
1655 2448 1847 2518 magis
1863 2463 1935 2501 ex
1951 2448 2079 2515 ipsa

416 2536 712 2588 structura
763 2550 936 2603 quam
973 2535 1154 2589 verbo
1185 2534 1278 2588 vel
1309 2535 1530 2604 scripto
1579 2536 1835 2607 alicujus
1886 2540 2081 2605 potest

416 2622 683 2691 agnosci.
714 2621 852 2691 Sed,
887 2621 981 2676 his
1014 2624 1278 2692 omissis,
1305 2624 1376 2677 ad
1408 2627 1610 2678 nostra
1644 2625 1976 2678 redeamus.

487 2707 636 2764 3.De
647 2710 986 2764 chartarum
1000 2711 1419 2766 instrumentis
1431 2729 1462 2766 a
1476 2713 1683 2768 domno
1697 2713 1966 2784 episcopo
1982 2714 2079 2768 lue

418 2796 668 2851 collatis.
720 2797 940 2852 Eodem
971 2814 1113 2853 vero
1135 2815 1287 2853 anno
1310 2799 1471 2869 (1030
1502 2800 1731 2871 Febr.),
1770 2800 2077 2857 Conradus

412 2886 730 2955 imperator
760 2901 893 2940 cum
933 2887 1197 2941 exercitu
1227 2903 1441 2959 magno
1482 2888 1541 2941 in
1581 2889 1909 2960 Hungriam
1952 2891 2075 2946 ivit.

418 2974 679 3027 Domnus
710 2976 903 3028 autem
935 2975 1254 3045 episcOpus
1288 2978 1539 3045 captum
1565 2992 1713 3045 opus
1737 2977 1984 3047 cupiens
2007 2978 2078 3031 ad

415 3063 743 3132 perfectum
775 3062 1088 3133 deducere,
1122 3080 1194 3117 ne
1227 3065 1365 3134 quid
1391 3064 1525 3118 huic
1549 3068 1772 3120 nostra
1804 3067 2078 3120 ecclesiae

2182 1920 2297 1975 Sed
2310 1935 2487 1990 quum
2506 1918 2577 1971 de
2599 1919 2812 1973 domno
2833 1918 3127 1972 Richardo
3144 1916 3501 1970 admiranda
3521 1914 3838 1986 religionis

2182 2010 2390 2062 abbate
2420 2006 2654 2061 occasio
2687 2023 2753 2061 se
2794 2005 3002 2059 obtulit
3032 2005 3384 2059 mentionem
3415 2002 3688 2070 faciendi,
3717 2002 3850 2071 jus-

2183 2101 2305 2151 tum
2316 2096 2593 2149 arbitram
2603 2112 2671 2148 ur
2681 2094 2752 2149 de
2767 2098 2878 2147 tam
2893 2093 3251 2147 venerabilis
3267 2091 3540 2148 monachi
3562 2090 3847 2145 memoria

2184 2184 2403 2254 aliquid
2424 2183 2598 2237 altius
2630 2180 2900 2253 referre.]

2255 2272 2307 2327 6.
2340 2270 2876 2326 Dedomnoabbate
2906 2269 3351 2325 Richardo.Hic
3368 2268 3562 2339 itaque
3584 2267 3851 2322 Virduno

2186 2361 2493 2429 oriundus,
2526 2360 2661 2413 dein
2691 2359 2983 2413 vocabulo
3013 2361 3071 2412 et
3099 2373 3163 2413 re
3192 2357 3379 2412 abbas
3411 2356 3601 2410 factus
3626 2357 3684 2409 in
3715 2356 3856 2409 aula

2185 2450 2562 2520 imperatoris
2586 2447 2847 2515 Henrici,
2879 2446 3130 2501 Conradi
3149 2446 3219 2499 de
3240 2461 3357 2515 quo
3378 2460 3559 2513 supra
3589 2444 3855 2497 diximus

2185 2539 2371 2609 patris
2388 2538 2556 2606 (501),
2573 2534 3102 2601 nominatissimus,
3130 2534 3245 2603 ipsi
3265 2548 3502 2603 quoque
3515 2531 3859 2601 imperatori

2185 2628 2498 2682 admodum
2527 2624 2835 2678 familiaris
2866 2623 3075 2689 extitit,
3099 2623 3245 2677 adeo
3267 2621 3525 2690 ut(ibm,
3550 2619 3856 2690 i)quando

2186 2716 2399 2770 domno
2419 2713 2680 2769 Gerardo
2698 2711 3057 2781 episcopalia
3076 2710 3337 2781 insignia
3355 2708 3738 2778 supradictus
3756 2708 3861 2761 im-

2186 2807 2423 2873 perator
2443 2801 2596 2872 apud
2626 2800 2891 2854 Arntiam
2914 2800 3111 2853 villam
3133 2798 3406 2853 Saxonia
3424 2797 3707 2851 Kalendis
3740 2795 3857 2850 Fe-

2187 2891 2408 2946 bruarii
2437 2890 2679 2944 contulit
2710 2891 2766 2942 et
2788 2903 2992 2942 secum
3016 2888 3314 2942 detentum
3338 2886 3398 2939 in
3422 2884 3857 2955 purificationis

2190 2983 2410 3034 sancta
2429 2978 2629 3031 Maria
2650 2977 2819 3031 tertia
2841 2976 2934 3029 die
2957 2975 3253 3029 licentiam
3276 2974 3672 3029 accomodans
3691 2972 3858 3027 abire

2189 3066 2719 3139 permisit,duobus
2732 3064 3066 3130 abbatibus,
3084 3063 3540 3118 scilicetdomno
3556 3060 3858 3116 Richardo

417 3151 655 3205 deesset
676 3151 829 3222 quod
854 3151 1085 3205 utilitati
1114 3156 1337 3206 nostrae
1370 3153 1677 3224 religionis
1709 3155 2077 3208 commodum
2114 3148 2166 3211 C
2193 3160 2248 3210 et
2287 3153 2599 3209 Berthaldo
2651 3152 2933 3219 Endensi,
2984 3152 3089 3206 sed
3135 3154 3192 3205 et
3242 3151 3581 3205 Hermanno
3633 3147 3856 3216 comiti,

417 3239 588 3305 foret;
635 3240 955 3310 providens
988 3241 1161 3295 etiam
1210 3243 1271 3295 ut
1315 3246 1518 3295 contra
1562 3242 1992 3311 infestationes,
2028 3244 2080 3296 si

417 3344 549 3399 qua
571 3328 882 3399 aliquando
913 3329 1127 3384 futura
1152 3332 1374 3399 essent,
1408 3330 1576 3401 regio
1608 3335 1872 3386 tueretur
1891 3332 2078 3385 muni-

417 3416 604 3471 mine:
652 3418 1062 3486 imperatorem
1093 3433 1199 3487 pro
1230 3419 1585 3488 quibusdam
1617 3421 1872 3490 negotiis
1915 3420 2076 3490 adiit,

419 3504 518 3575 qui
549 3507 689 3558 tunc
717 3504 1006 3560 Triburia
1039 3506 1349 3560 concilium
1382 3507 1585 3561 habuit
1615 3524 1745 3563 cum
1779 3508 2080 3579 episcopis

420 3592 538 3659 (an.
573 3591 731 3661 {036,
765 3593 961 3661 Mai);
1013 3595 1105 3648 cui
1142 3594 1395 3648 domnus
1426 3595 1725 3650 Gerardus
1756 3597 2081 3653 honorifice

419 3681 491 3733 ab
522 3695 591 3733 eo
624 3685 943 3750 susceptus
963 3681 1245 3735 interfuit.
1279 3682 1481 3752 Ibique
1505 3686 1746 3738 cunctas
1778 3700 1897 3753 res,
1932 3701 2080 3756 quas

420 3768 558 3822 huic
604 3768 733 3823 loco
784 3771 1129 3838 contulerat,
1185 3773 1247 3823 ut
1277 3771 1573 3843 privilegii
1603 3774 1697 3826 sui
1731 3774 2081 3829 authoritate

421 3857 837 3912 corroboraret
866 3858 1029 3928 petiit
1058 3860 1114 3913 et
1144 3859 1492 3928 impetravit.
1514 3860 1679 3924 Quod
1698 3862 1933 3931 quidem
1962 3865 2082 3932 pri-

419 3944 701 4016 vilegium
750 3946 950 4017 sigillo
989 3946 1155 4018 regio
1200 3948 1518 4018 signatum,
1568 3952 1623 4001 et
1657 3950 1771 4003 huc
1804 3950 2080 4021 delatum,

420 4033 707 4088 hactenus
738 4035 891 4103 apud
942 4050 1052 4089 nos
1100 4039 1393 4091 servatur.
1451 4037 1685 4091 Addidit
1732 4038 1904 4092 etiam
1955 4039 2084 4109 ipsa

421 4120 706 4175 beneﬁcia
738 4138 848 4176 suo
880 4125 1228 4178 confirmare
1262 4125 1595 4195 privilegio;
1629 4126 1785 4196 quod
1818 4127 1911 4180 cui
1944 4143 2085 4182 cura

420 4210 653 4281 legendi
668 4210 955 4278 inciderit,
972 4215 1188 4283 quanto
1201 4211 1413 4267 affectu
1438 4215 1629 4268 locum
1644 4215 1801 4269 hunc
1815 4216 2086 4271 dilexerit

360 4337 370 4348 .
422 4301 478 4353 et
507 4299 753 4368 auxerit,
796 4304 1067 4370 quantam
1119 4301 1425 4355 monachis
1457 4302 1880 4374 benignitatem
1911 4305 2081 4358 exhi-

320 4408 331 4413 ι
420 4386 632 4455 buerit,
667 4388 813 4442 satis
851 4394 1211 4459 compertum
1235 4390 1491 4445 habebit.
1515 4390 1664 4455 Quin
1689 4396 1743 4445 et
1774 4393 2082 4461 prafatum

2194 3244 2513 3311 mandaret,
2539 3246 2599 3294 ut
2617 3256 2751 3295 eum
2763 3240 3108 3294 comitantes
3128 3254 3319 3310 usque
3332 3239 3625 3293 civitatem
3642 3236 3858 3291 Came-

2194 3348 2396 3386 racum
2426 3330 2841 3401 perducerent.

2264 3420 2412 3474 '7.De
2441 3417 2728 3472 coenobiis
2757 3416 2880 3470 sibi
2911 3417 3259 3470 commissis.
3290 3416 3491 3486 (Capp.
3523 3414 3579 3483 6,
3612 3414 3699 3481 15,
3733 3412 3853 3481 16.)

2196 3508 2558 3564 Procedente
2570 3521 2709 3560 vero
2721 3508 3003 3575 tempore,
3019 3504 3311 3558 abbatiam
3327 3503 3848 3572 Altimontis,qua,

2196 3597 2453 3652 diversis
2486 3594 2687 3649 causis
2719 3593 3113 3647 existentibus
3135 3608 3283 3663 quas
3304 3606 3650 3646 enumerare
3668 3590 3853 3660 piget,

2197 3686 2356 3741 omni
2384 3683 2713 3738 monachali
2743 3681 3032 3753 religione
3057 3681 3331 3735 destituta
3351 3683 3493 3747 erat,
3518 3678 3862 3748 petentibus

2196 3776 2411 3830 domno
2442 3771 2704 3827 Gerardo
2726 3772 2783 3823 et
2813 3770 2990 3823 fratre
3022 3768 3157 3839 ejus
3189 3768 3496 3837 Arnulpho
3528 3766 3719 3836 ipsius
3745 3765 3863 3819 loci

2198 3863 2501 3930 advocato,
2521 3858 2841 3931 regendam
2866 3857 3151 3926 suscepit.
3185 3856 3331 3910 Dein
3350 3872 3491 3910 vero
3521 3854 3865 3908 Laubiense

2199 3949 2508 4004 cenobium
2539 3945 3046 4016 interpellantibus
3067 3945 3282 3999 domno
3302 3944 3581 4013 episcopo
3603 3940 3860 3996 Geraldo

2197 4041 2254 4093 et
2285 4037 2649 4093 Leodicense
2681 4034 2960 4103 episcopo
2984 4032 3276 4103 Walpodo
3310 4031 3507 4085 itidem
3530 4028 3863 4101 regendum

2199 4126 2484 4195 suscepit;
2516 4123 2674 4194 quod
2705 4123 2935 4176 scilicet
2957 4121 3357 4192 Engbrandus
3390 4119 3740 4186 monachus,
3765 4116 3870 4188 qui

2198 4215 2387 4269 eidem
2415 4212 2686 4267 ecclesia
2706 4212 2977 4280 praeerat,
3009 4209 3324 4263 sculariter
3352 4208 3562 4261 vivens
3596 4206 3739 4259 nihil
3771 4206 3867 4259 in-

2196 4303 2382 4358 terius
2414 4299 2721 4371 religionis
2753 4296 3119 4352 doctrinabat
3142 4300 3198 4351 et
3214 4297 3475 4351 exterius
3493 4295 3648 4348 bona
3668 4293 3867 4347 eccle-

2198 4392 2304 4446 sia
2329 4390 2575 4458 turpiter
2600 4386 2945 4456 dissipabat.
2972 4385 3444 4439 Attrebatensem
3482 4397 3715 4454 quoque
3758 4397 3864 4434 ec-

422 4475 691 4530 abbatem
734 4475 1012 4530 domnum
1056 4477 1355 4533 Elbertum
1397 4483 1453 4533 et
1499 4496 1916 4535 successorem
1947 4481 2081 4552 ejus
2110 4481 2167 4545 D
2198 4478 2584 4535 clesiamante
2602 4490 2791 4529 annos
2815 4473 3035 4544 aliquot
3060 4472 3447 4545 regebat.Sed
3477 4471 3776 4541 postea,ut
3796 4468 3870 4523 li-

423 4564 907 4619 concelebrantes
954 4565 1067 4619 sibi
1108 4569 1165 4620 et
1193 4567 1431 4622 intimos
1464 4569 1800 4637 capellanos
1846 4585 2085 4639 semper

424 4651 552 4705 fore
580 4652 998 4708 constituit378.

491 4739 545 4794 4.
579 4740 666 4794 De
683 4740 845 4795 obitu
860 4741 1119 4797 Conradi
1132 4744 1532 4814 imperatoris.
1550 4744 1872 4814 Postquam
1897 4761 2083 4815 sape-

425 4826 1469 4899 fatusimperatorConradusimperii
1489 4832 1886 4900 gubernacula
1908 4833 2083 4887 sede-

426 4915 539 4968 cim
570 4918 740 4971 annis
780 4921 896 4971 tam
944 4919 1192 4971 scientia
1222 4934 1398 4987 quam
1437 4920 1619 4973 armis
1669 4921 2086 4976 strenuissime

428 5006 857 5075 sustemptavit,
898 5005 1016 5077 [(G.
1066 5020 1153 5075 ep.
1191 5004 1349 5060 Cam.
1385 5023 1463 5074 in,
1498 5005 1614 5076 55.)
1644 5009 1755 5063 iter
1795 5010 2091 5064 convertit

425 5090 514 5144 cis
548 5090 747 5162 Alpes.
782 5093 906 5148 Nec
941 5092 1122 5148 multo
1153 5096 1285 5164 post
1314 5094 1559 5166 langore
1580 5097 1852 5152 adflictus
1885 5102 1939 5152 et
1970 5099 2085 5152 vita

2195 4568 2398 4622 berius
2412 4566 2533 4619 Deo
2552 4564 2782 4617 servire
2804 4563 3011 4631 posset
3032 4564 3088 4615 et
3105 4576 3211 4630 pro
3240 4559 3446 4614 celesti
3469 4560 3665 4628 potius
3687 4573 3869 4627 quam

2196 4672 2305 4726 pro
2328 4655 2581 4709 humana
2602 4651 2996 4706 assectatione
3015 4664 3081 4704 se
3100 4664 3252 4704 onus
3276 4647 3612 4717 sumpsisse
3631 4645 3869 4700 cunctis

2198 4744 2546 4810 notiﬁcaret,
2568 4757 2599 4794 a
2612 4739 2899 4811 regimine
2915 4737 3371 4791 Attrebattensis
3394 4733 3669 4789 ecclesia
3684 4749 3751 4787 se
3770 4749 3866 4787 re-

2196 4833 2397 4886 laxare
2410 4827 2725 4898 disposuit;
2748 4826 3115 4897 consilioque
3136 4825 3380 4881 Gerardi
3395 4822 3731 4894 episcopiin
3754 4836 3866 4874 sua

2195 4922 2324 4974 vice
2354 4917 2702 4988 pradictum
2717 4915 3064 4982 Leduinum,
3093 4914 3221 4967 Alto
3248 4929 3388 4968 vero
3407 4912 3589 4965 monti
3619 4908 3866 4964 Fulcui-

2197 5024 2336 5063 num
2347 5004 2744 5061 venerabilem
2765 5003 2953 5057 virum
2970 5000 3321 5072 substituit.]
3340 5000 3448 5053 Hic
3466 5001 3660 5053 autem
3674 4997 3864 5051 abbas

2199 5095 2555 5162 Richardus,
2576 5094 2796 5148 sancta
2827 5089 3135 5162 religionis
3168 5087 3634 5155 ferventisimus,
3664 5099 3869 5140 mona-

1740 5221 2032 5283 VARUE
2076 5219 2442 5290 LECTION
2451 5217 2547 5279 ES

496 5347 577 5392 378
608 5348 982 5407 constituerit
1011 5365 1132 5422 cap.

1999 5500 2255 5564 NOTIE
2268 5548 2283 5562 .

502 5632 649 5704 (501)
681 5633 802 5689 Imo
832 5634 1325 5706 pradecessoris.
