4058 6182
350 312 353 317 ’
371 330 489 397 25.5

1204 331 1566 394 APPEND.
1616 332 1731 392 AD
1775 331 2047 393 GESTA
2091 330 2466 393 EPISCOP.
2519 331 2945 393 GAMERAC.

3688 333 3815 395 256

371 531 555 602 patris
592 530 912 587 amissione
951 531 1289 600 perturbata
1337 530 1626 599 convenit,
1661 532 1715 583 et
1744 528 2022 581 damnum
2056 510 2291 581 At‘lecto
2309 526 3809 600 pontiﬁcalifecitparari,sibiqueatqu-esatellitibus

372 620 753 688 Lietbertum,
787 634 961 689 quem
994 634 1065 673 ex
1096 618 1483 673 Brachatensi
1512 618 1816 687 provincia
1847 615 2029 670 nobili

369 709 645 778 prosapia
688 707 906 762 editum
956 708 1208 761 domnus
1251 707 1552 761 Gerardus
1603 706 1916 776 diligenter
1963 718 2030 756 ac

370 796 674 867 religiose,
706 798 904 865 utpote
935 796 1180 866 generis
1241 795 1336 852 sui
1366 796 1782 865 prepinquum,
1817 792 2028 846 educa-

370 889 559 951 verat,
579 900 752 955 quem
776 885 947 938 etiam
970 900 1075 954 per
1091 884 1366 955 singulos
1390 884 1614 953 gradus
1635 879 2031 936 ecclesiastici

372 971 603 1027 ordinis
631 972 703 1026 ad
735 972 1247 1026 archidiaccnatus
1267 976 1322 1026 et
1342 972 1735 1042 preposituraa
1757 971 2030 1024 Camera-

372 1060 572 1114 censis
617 1060 890 1115 ecclesiae
944 1061 1230 1115 honorem
1279 1062 1657 1130 provexerat,
1707 1059 1927 1128 quique
1977 1055 2031 1109 ci

371 1163 609 1218 semper
636 1150 1006 1219 maximeque
1029 1149 1086 1201 in
1108 1149 1320 1202 diebus
1353 1148 1676 1203 senectutis
1699 1162 1846 1212 sum,
1864 1146 2029 1199 vices

371 1235 506 1307 ejus
538 1237 959 1306 supportando,
993 1237 1227 1307 adjutor
1254 1239 1311 1290 et
1342 1238 1690 1305 cooperator
1737 1235 2026 1300 extiterat,

370 1325 492 1394 pari
525 1340 824 1380 consensu
869 1325 1125 1396 eligunt;
1177 1328 1234 1379 et
1266 1325 1419 1379 facto
1464 1324 1670 1395 grandi
1722 1326 2025 1392 apparatu,

367 1413 632 1467 illustres
663 1414 774 1468 viri
794 1417 909 1467 tam
944 1414 1157 1467 milites
1183 1429 1357 1483 quam
1392 1413 1593 1467 clerici
1626 1412 1874 1466 electum
1899 1425 2028 1479 pre-

366 1502 587 1556 sentari
619 1502 690 1555 ad
719 1501 1130 1570 imperatorem
1165 1502 1485 1555 Henricum
1518 1516 1647 1554 cum
1669 1500 2028 1555 exultatione

364 1589 680 1658 deducunt,
716 1590 814 1660 qui
846 1595 987 1644 tunc
1007 1590 1155 1645 forte
1173 1591 1327 1659 apud
1346 1588 1842 1661 Agrippinensem
1865 1586 2031 1641 Colo-

366 1678 522 1745 niam
563 1678 963 1747 observationi
1012 1681 1232 1732 sanctm
1278 1677 1754 1748 quadragesimae
1805 1689 2026 1730 vacans

364 1767 722 1821 morabatur.
755 1766 879 1830 Quo
911 1771 1225 1836 postquam
1255 1767 1627 1835 perveniunt,
1661 1765 2025 1834 presentiam

2142 617 2353 670 suisde
2366 616 2702 686 sumptibus
2715 616 2999 686 episcOpii
3011 619 3293 688 praecepit
3303 618 3807 673 ministrarLDum

2141 704 2269 759 haec
2312 708 2652 776 agerentur,
2698 701 2952 759 domnus
3001 706 3338 760 Lietbertus
3373 707 3811 778 appropinquat

2143 793 2395 862 civitati;
2421 794 2516 867 cui
2535 793 2841 847 Johannes
2870 810 3001 848 cum
3025 798 3228 862 parato
3271 811 3596 850 occurrens
3630 801 3834 850 exer-'

2143 882 2278 943 citu,
2314 887 2517 950 portas
2547 882 2759 936 clausit
2805 886 2861 937 et
2900 883 3077 953 longe
3118 883 3371 953 reppulit
3416 885 3490 937 ab
3537 884 3809 938 introitu.

2143 970 2455 1025 Divertens
2484 971 2679 1041 itaque
2711 971 2783 1024 ad
2814 971 2965 1024 hanc
2986 971 3185 1024 villam
3206 975 3602 1042 receptusque
3619 987 3651 1025 a
3673 972 3813 1026 suis

2141 1058 2503 1126 honoriﬁce,
2551 1060 2647 1112 hic
2698 1060 3036 1130 aliquandiu
3084 1060 3317 1124 mansit,
3369 1060 3554 1115 donec
3602 1075 3815 1115 comes

2140 1145 2432 1200 Flandriae
2464 1147 2806 1217 Balduinus,
2850 1148 3086 1202 rediens
3130 1165 3162 1202 a
3209 1165 3352 1220 rege
3397 1147 3806 1219 Francorum|,

2126 1234 2440 1297 inventum
2470 1250 2604 1290 eum
2634 1251 2839 1290 secum
2868 1236 3171 1290 Cameraci
3190 1237 3453 1291 deduxit.
3472 1237 3637 1301 Quod
3667 1252 3808 1291 cum

2141 1323 2518 1378 nunciaretur
2540 1324 2811 1392 Johanni,
2836 1324 2974 1396 fuga
2999 1324 3206 1394 lapsus
3223 1325 3475 1378 liberum
3498 1325 3807 1379 introitum

2141 1412 2376 1466 domino
2406 1413 2664 1467 venienti
2694 1414 2995 1467 consensit
3020 1432 3034 1478 ;
3067 1416 3123 1467 et
3143 1414 3234 1466 sic
3256 1414 3507 1467 domnus
3531 1413 3811 1467 Lietber-

2139 1504 2236 1554 tus
2270 1501 2562 1555 civitatem
2591 1501 2650 1554 in
2681 1517 2824 1571 pace
2856 1503 3145 1571 possedit.

2212 1587 2297 1642 15.
2333 1589 2420 1642 De
2451 1589 2831 1643 ordinatione
2847 1590 3046 1644 damni
3068 1590 3387 1645 Lietberti.
3405 1590 3588 1645 Leoni
3610 1605 3807 1659 papa,

2140 1679 2201 1730 ut
2230 1692 2411 1746 supra
2441 1679 2633 1746 capite
2659 1677 2694 1731 9
2723 1678 3054 1746 retulimus,
3088 1682 3222 1748 post
3251 1694 3441 1732 annos
3464 1678 3727 1748 quinque
3749 1680 3809 1730 et

2122 1780 2379 1827 menses
2420 1766 2568 1820 duos
2601 1766 2932 1820 Giehardus
2982 1767 3268 1832 succedit,
3321 1767 3419 1836 qui
3468 1771 3524 1821 et
3575 1766 3803 1833 Victor,

367 1855 532 1925 regis
560 1852 868 1922 adeuntes,
901 1855 1339 1909 destitutionem
1380 1854 1549 1908 urbis
1584 1870 1711 1906 suae
1760 1856 1817 1907 et
1847 1853 2025 1905 totius
2058 1865 2109 1926 Β
2142 1853 2409 1923 seditque
2440 1854 2612 1907 annis
2644 1854 2696 1920 2,
2728 1854 3037 1908 mensibus
3064 1854 3115 1917 3,
3152 1854 3365 1908 diebus
3397 1851 3481 1908 13.
3517 1854 3809 1908 Remensi

367 1942 693 2011 provinciae
724 1945 912 1997 morte
942 1943 1081 1996 tanti
1112 1942 1342 2012 patroni
1391 1942 1441 1996 ei
1491 1943 1811 2008 notiﬁcant,
1841 1941 2027 1997 bacu-

368 2031 607 2100 lumque
628 2031 980 2100 pastoralem
1015 2046 1191 2102 quem
1223 2046 1425 2084 secum
1459 2030 1806 2098 detulerant,
1844 2030 2028 2098 lacry-

369 2118 584 2173 mando
616 2121 1051 2187 presentantes,
1085 2119 1157 2172 de
1185 2119 1470 2173 electione
1520 2119 1715 2172 domui
1748 2118 2028 2173 Lietberti

369 2207 633 2277 paucisei
658 2210 998 2262 reverenter
1014 2209 1474 2278 suggesserunt.
1491 2206 1702 2260 Audito
1716 2207 2033 2274 imperator

369 2296 675 2350 memorati
705 2296 946 2364 pontifis
980 2296 1257 2362 decessu,
1294 2310 1467 2365 quem
1496 2296 1556 2348 in
1602 2310 1817 2366 magna
1847 2286 2031 2347 vene-

369 2384 595 2439 ratione
613 2386 666 2437 et
686 2384 1013 2439 delectione
1030 2399 1267 2453 semper
1280 2383 1584 2452 habuerat,
1600 2383 1694 2453 pie
1708 2382 2025 2437 condoluit.

369 2472 587 2527 Tamen
634 2474 773 2542 quia
818 2473 948 2529 dies
996 2476 1220 2527 sanctae
1264 2487 1623 2543 parasceves
1664 2472 1883 2540 aderat,
1916 2486 2031 2541 qua

370 2560 692 2615 Βααλίηὶοω
724 2561 992 2629 passioni
1021 2563 1078 2615 et
1107 2563 1483 2630 peccatorum
1506 2559 1903 2615 recordationi
1933 2574 2029 2612 va-

371 2647 621 2703 candum
650 2653 795 2711 erat,
830 2649 901 2703 de
942 2649 1054 2704 hoc
1082 2649 1320 2719 negotio
1352 2665 1456 2718 per
1485 2649 1741 2703 triduum
1792 2647 2037 2702 omnino-

372 2735 553 2789 siluit.
592 2735 808 2790 Verum
838 2752 912 2791 ne
951 2736 1172 2791 diutius
1201 2738 1384 2791 verba
1427 2736 1783 2806 protraham,
1835 2736 1893 2789 in
1938 2735 2030 2789 die

373 2825 595 2878 sancta,
626 2825 1087 2881 resurrectionis
1122 2826 1336 2883 domno
1366 2824 2032 2895 Lietbertojamdudum

371 2910 530 2969 fideli
562 2912 679 2967 sibi
701 2912 1036 2981 notissimo,
1072 2928 1271 2968 coram
1299 2916 1457 2968 tanta
1482 2912 1849 2967 multitudine
1880 2912 2033 2966 αδείμ-

372 2999 649 3059 stantium
667 3000 1255 3070 archiepiscoporum
1276 3003 1337 3056 et
1350 3002 1562 3071 reliqui
1578 3000 1805 3056 ordinis
1820 3001 2029 3069 sancti,

370 3103 478 3142 nec
497 3103 617 3147 non
631 3090 1044 3157 etoptimatum
1056 3090 1448 3159 palatinorum
1461 3105 1796 3160 procerum,
1813 3090 2033 3143 donum

370 3177 656 3245 episeopii
686 3177 937 3249 largitus
969 3182 1090 3247 est;
1123 3183 1179 3234 et
1218 3179 1291 3233 ad
1339 3179 1766 3234 ostendendum
1816 3182 2031 3247 quanta

369 3266 583 3325 mentis
617 3265 928 3323 devotione
960 3267 1020 3321 id
1051 3270 1272 3338 ageret,
1300 3268 1575 3337 hymnum
1602 3267 1680 3322 Te
1703 3267 1885 3320 Deum
1903 3264 2030 3319 Iau-

370 3352 574 3406 damus
604 3354 733 3422 ipse
761 3354 977 3423 incepit
1009 3359 1065 3409 et
1096 3373 1125 3408 a
1157 3357 1370 3426 palatio
1404 3355 1693 3424 imperiali
1742 3369 1932 3424 usque
1973 3353 2033 3409 in

371 3441 685 3501 ecclesiam
716 3441 872 3496 beati
900 3443 1059 3498 Petri
1082 3444 1277 3499 omnis
1310 3444 1471 3497 curia
1490 3443 1876 3512 prosequitur
1898 3456 2028 3495 cum

371 3526 608 3598 hymnis
638 3532 692 3583 et
716 3527 1088 3597 jubilatione.
1123 3531 1233 3585 His
1279 3532 1389 3591 rite
1429 3532 1685 3600 peractis
1716 3535 1773 3583 et
1821 3529 2032 3600 legatis

369 3616 592 3670 nostris
624 3617 1018 3688 mirogaudio
1064 3619 1329 3687 repletis,
1372 3623 1612 3687 accepta
1660 3619 1948 3672 missione
1978 3621 2034 3673 et

371 3704 1077 3775 omnibusecompetenter
1096 3706 1452 3776 adimpletis,
1476 3706 1832 3776 properabat
1870 3705 2033 3759 dom-

371 3807 486 3845 nus
506 3792 842 3850 Lietbertus
874 3793 1240 3864 comitesque
1272 3794 1404 3864 ejus
1434 3795 1506 3849 ad
1540 3795 1832 3849 civitatem
1864 3808 2033 3848 suam

370 3880 613 3935 reverti.

442 3966 530 4022 t4.
560 3967 650 4021 De
669 3967 1014 4039 expulsione
1045 3970 1333 4026 Johannis
1363 3986 1394 4024 a
1422 3970 1758 4025 Cameraco.
1793 3971 1903 4039 (Ib.
1942 3971 2031 4037 14,

374 4054 485 4124 15.)
518 4055 660 4110 Post
704 4056 854 4125 hac,
903 4056 1057 4113 fama
1101 4062 1481 4127 precurrente
1529 4060 1802 4128 Johanni,
1856 4075 2034 4129 quam

371 4158 555 4213 supra
586 4145 772 4213 capite
795 4150 1001 4200 octavo
1024 4146 1282 4203 diximus
1309 4147 1759 4203 Ermentrudem
1781 4148 2033 4203 Walteri

373 4231 677 4287 castellani
709 4249 953 4288 uxorem
985 4235 1044 4289 in
1073 4237 1506 4291 matrimonium
1525 4236 1790 4305 duxisse,
1808 4236 2033 4290 nullum

270 4386 275 4389 _
371 4322 563 4376 tamen
576 4322 966 4379 castellaturae
982 4323 1199 4378 donum
1213 4340 1244 4377 a
1260 4325 1288 4376 ι]
1299 4340 1473 4379 omne
1487 4325 1749 4379 Gerardo
1764 4325 2031 4393 potuisse

368 4407 702 4477 impetrare,
737 4415 793 4463 et
824 4411 953 4466 ideo
984 4411 1198 4467 domno
1232 4413 1529 4469 Lietberto
1560 4414 1617 4467 in
1670 4413 1774 4468 hac
1807 4429 1871 4469 re
1914 4413 2027 4466 sibi

2141 1942 2638 2010 metropolifEido
2663 1943 2911 1997 antistes
2934 1944 3069 1996 vitis
3094 1942 3394 1996 laudibilis
3418 1941 3802 2011 prmsidebat.

2138 2029 2249 2097 (Ib.
2283 2028 2368 2098 16,
2404 2030 2516 2099 1Ἶ.)
2550 2030 2638 2083 Ad
2660 2046 2835 2099 quem
2857 2030 3111 2084 domnus
3132 2030 3465 2085 Lietbertus
3486 2030 3684 2098 levita,
3699 2029 3807 2099 qui

2137 2118 2374 2187 quidem
2404 2118 2721 2172 sacerdotii
2750 2118 3001 2189 gradum
3039 2119 3294 2172 nondum
3333 2119 3626 2190 attigerat,
3659 2133 3805 2171 cum

2137 2206 2385 2263 honesto
2434 2222 2679 2261 suorum
2725 2209 2841 2260 tam
2888 2205 3172 2261 laiccrum
3220 2222 3397 2277 quam
3443 2206 3805 2261 clericorum

2136 2295 2411 2349 comitatu
2440 2294 2760 2363 profectus,
2794 2300 2850 2349 et
2882 2299 3186 2366 gratanter
3226 2299 3564 2365 susceptus,
3618 2295 3692 2348 ab
3726 2310 3800 2348 eo

2134 2381 2514 2437 Catalaunum
2544 2398 2576 2435 a
2607 2383 2822 2437 domno
2856 2384 3092 2453 Rogare
3123 2384 3407 2453 episcopo
3423 2382 3801 2437 ordinandus

2136 2471 2425 2545 dirigitur.
2452 2470 2710 2541 indeque
2730 2486 3070 2542 regressus,
3090 2475 3329 2540 postera
3348 2472 3442 2525 die
3460 2470 3792 2540 episcopali

2138 2558 2583 2614 consecratione
2602 2559 2881 2615 decenter
2899 2560 3242 2629 insignitur.
3267 2560 3379 2613 Ubi
3409 2561 3624 2629 quanta
3648 2558 3803 2612 lmti-

2132 2648 2211 2702 tia
2240 2651 2612 2718 quantusque
2644 2648 3113 2719 congratulantis
3145 2648 3286 2702 cieri
3317 2647 3627 2717 plebisque
3658 2661 3805 2700 con-

2137 2752 2354 2791 cursus
2384 2736 2658 2805 extiterit,
2675 2751 2810 2791 cum
2829 2736 2985 2792 dictu
3016 2736 3186 2789 facile
3209 2751 3326 2790 non
3355 2738 3468 2804 est,
3503 2735 3809 2789 silendum

2137 2825 2310 2879 nobis
2343 2816 2480 2878 esse
2512 2839 2851 2893 censemus,
2879 2823 3130 2879 maxime
3154 2824 3254 2894 qui
3273 2823 3629 2878 destinatum
3649 2838 3808 2892 opus

2138 2912 2351 2983 exequi
2381 2912 2814 2970 contendimus.

2210 3001 2296 3057 16.
2318 3001 2405 3056 De
2438 3001 2696 3057 adventu
2716 3002 3104 3072 imperatoris
3132 3002 3195 3056 in
3217 3002 3368 3055 hanc
3391 3006 3636 3055 terram.
3654 2999 3804 3054 Vic-

2118 3090 2287 3149 itoris
2321 3089 2646 3159 supradicti
2666 3105 2843 3158 papa:
2876 3105 3203 3145 successor
3224 3089 3600 3157 Fredericus,
3619 3088 3724 3158 qui
3746 3092 3808 3143 et

2064 3178 2494 3277 CStephanus,
2546 3179 2700 3232 sedit
2748 3194 2991 3234 menses
3033 3178 3087 3246 '7,
3129 3178 3258 3233 dies
3307 3177 3393 3232 29.
3444 3178 3588 3231 Post
3622 3192 3811 3247 quem

2140 3267 2499 3321 Benedictus
2516 3266 2943 3321 Deliternensis
2957 3267 3275 3336 episcopus
3287 3267 3693 3322 seditmenses
3711 3265 3807 3333 11,

2138 3355 2269 3408 dies
2301 3355 2404 3422 20;
2464 3354 2555 3408 cui
2591 3356 2924 3408 succedens
2959 3355 3394 3424 Gerardus,qui
3418 3354 3803 3420 etNicolnus,

2139 3443 2292 3499 sedit
2323 3458 2512 3503 annos
2541 3440 2595 3510 2,
2628 3458 2869 3497 menses
2901 3444 2954 3511 5,
2987 3443 3117 3499 dies
3155 3441 3246 3497 25.
3281 3442 3808 3513 lmperatorHen-

2133 3532 2298 3586 aieus
2329 3531 2526 3585 comiti
2547 3530 2909 3586 «Flandrensi
2941 3532 3247 3597 Balduinc,
3280 3547 3454 3602 quem
3496 3530 3617 3602 jam
3659 3530 3808 3584 olim

2134 3624 2350 3674 terram
2382 3619 2518 3689 ejus
2540 3620 2947 3689 depopulando
2971 3620 3087 3675 sibi
3109 3620 3559 3691 subjugaverat,
3585 3620 3806 3697 iterum

2134 3707 2343 3761 rebelli
2399 3722 2469 3762 eo
2525 3710 2791 3776 tempore
2843 3709 3108 3779 graviter
3151 3709 3335 3762 iratus
3391 3711 3539 3761 erat.
3588 3705 3807 3760 (Gesta

2136 3795 2331 3850 Lietb.
2365 3792 2443 3863 9.)
2477 3796 2742 3849 Domnus
2763 3795 3103 3852 Lietbertus
3125 3797 3184 3850 in
3204 3796 3346 3851 sede
3377 3811 3487 3850 sua
3506 3808 3809 3864 prospere

2135 3884 2382 3948 locatus,
2436 3883 2746 3939 exclusum
2791 3889 2854 3939 ut
2901 3885 3158 3939 diximus
3223 3884 3552 3940 Johannem
3606 3885 3670 3937 ut
3720 3883 3807 3936 ab

2135 3972 2292 4027 omni
2335 3987 2442 4041 spe
2489 3972 2883 4029 castellaturaa
2937 3972 3241 4042 dejiceret,
3291 3971 3809 4027 adolescentulum

2135 4061 2426 4130 quendam
2459 4060 2769 4131 Hugoncm
2800 4061 3106 4115 castellani
3136 4060 3384 4115 Walteri
3415 4062 3688 4128 nepotem
3731 4074 3805 4113 ea

2134 4147 2473 4215 investivit,
2536 4152 2591 4202 et
2648 4162 2781 4203 eum
2832 4149 3063 4203 cuidam
3122 4149 3404 4203 Anselmc
3465 4148 3806 4218 propinquo

2136 4235 2269 4306 ejus
2300 4236 2566 4290 muribus
2599 4238 2656 4290 et
2683 4237 2867 4290 armis
2909 4238 3153 4308 egregie
3201 4237 3495 4291 commisit
3542 4236 3806 4290 educan-

2136 4324 2293 4378 dum.
2327 4324 2511 4387 Quem
2542 4326 2733 4377 tamen
2772 4327 2977 4394 postea
3029 4340 3238 4379 sevum
3285 4329 3564 4393 expertus
3607 4328 3701 4379 est
3742 4328 3808 4379 et

2115 4427 2466 4482 ~pcrpessus
2522 4411 2840 4471 inimicum.
2906 4414 3033 4467 Hoc
3093 4413 3395 4468 Iohannes
3452 4416 3804 4483 comperto,

356 4496 683 4552 .obsistenti
716 4498 966 4553 insidias
1000 4501 1206 4554 mortis
1238 4502 1460 4570 saepius
1492 4501 1754 4556 molitum
1803 4502 2024 4569 fuisse,
2053 4510 2110 4572 ι)
2141 4516 2276 4554 mox
2302 4501 2389 4554 ira
2422 4500 2660 4555 fervens
2690 4516 2797 4556 ceu
2833 4498 2912 4545 381
2962 4500 3165 4557 saucia
3208 4501 3383 4572 tigris
3431 4501 3522 4556 vel
3563 4504 3623 4555 ut
3662 4516 3806 4557 ser-

370 4584 684 4639 nunciatur
698 4585 855 4654 quod
873 4585 1087 4641 factum
1110 4588 1319 4642 fuerat.
1344 4589 1468 4653 Qua
1489 4589 1561 4642 de
1583 4604 1764 4643 causa
1785 4590 2028 4642 nimium

369 4673 740 4742 perterritus,
778 4674 927 4727 clam
959 4675 1175 4745 diuque
1215 4679 1442 4745 reputat
1491 4677 1631 4746 quid
1682 4676 1836 4732 facto
1879 4693 2030 4746 opus

370 4759 465 4814 sit.
499 4759 761 4816 Consilio
794 4762 989 4833 itaque
1021 4779 1154 4817 cum
1188 4764 1315 4817 suis
1336 4768 1598 4833 accepto,
1633 4765 1857 4819 nullum
1889 4766 2031 4819 civi-

368 4850 506 4903 tatis
535 4849 835 4905 introitum
852 4852 1109 4906 venienti
1142 4852 1421 4921 episcopo
1445 4852 1749 4921 deliberat,
1776 4854 1891 4909 nisi
1915 4855 2032 4907 sibi

373 4936 806 4993 castellaturam
838 4940 1208 5009 concederet,
1243 4956 1417 5011 quam
1448 4942 1662 4995 anxius
1713 4938 2026 4997 ambiebat.

373 5020 617 5079 Matrem
667 5043 812 5100 ergo
858 5029 1174 5089 ecclesiam
1224 5028 1478 5089 dominae
1526 5034 1745 5087 nostrae
1806 5033 2028 5089 sanctae

373 5108 574 5165 Mariae
597 5113 882 5171 violenter
899 5118 1133 5187 invasit,
1160 5121 1215 5172 et
1231 5117 1438 5189 ejectis
1461 5118 1696 5173 clericis
1711 5118 2027 5179 thesauros

372 5198 646 5254 ecclesiae
676 5206 731 5256 et
751 5206 1162 5278 quodcumque
1193 5208 1345 5261 intro
1368 5208 1646 5276 repperit,
1664 5208 1867 5263 ditioni
1900 5223 2028 5263 suae

371 5288 744 5359 mancipavit,
772 5293 1112 5365 militesque
1141 5311 1286 5351 suos
1314 5299 1577 5355 armatos
1594 5296 1757 5352 inibi
1800 5298 2022 5366 possit.

371 5375 580 5430 Aulam
602 5379 992 5446 pontificalem
1011 5384 1308 5452 superbus
1323 5385 1577 5450 intravit;
1593 5400 1843 5440 uxorem
1857 5401 2027 5453 suam

370 5464 429 5518 in
461 5479 753 5522 cameram
782 5470 1078 5538 pontificis
1109 5471 1479 5545 introducas,
1497 5477 1746 5529 stratum
1770 5489 1945 5528 suum
1967 5473 2028 5529 in

2138 4604 2289 4658 pons
2320 4591 2558 4658 accepto
2590 4589 2707 4642 ictu
2752 4588 3040 4645 ﬂexuosis
3090 4588 3335 4643 orbibus
3380 4592 3498 4644 toto
3547 4604 3806 4658 corpore

2139 4677 2477 4742 involvitur,
2511 4676 2601 4731 sic
2649 4676 2825 4731 effera
2873 4682 3066 4732 mente
3114 4679 3384 4746 concepit
3427 4677 3691 4732 dolorem
3741 4681 3806 4732 et

2139 4766 2379 4819 diversa
2410 4764 2710 4819 molimina
2743 4765 2968 4819 fraudis
3001 4765 3211 4820 anhelo
3260 4768 3498 4835 pectore
3546 4779 3808 4821 versans

2137 4854 2368 4907 tandem
2400 4853 2625 4923 peperit
2646 4853 3028 4923 iniquitatem.
3061 4853 3212 4917 Quid
3240 4854 3406 4923 plura
3428 4856 3455 4908 ?
3483 4853 3553 4906 ad
3604 4854 3803 4923 impe-

2137 4944 2389 4995 ratorem
2423 4957 2489 4994 se
2521 4942 2799 5007 contulit;
2834 4946 2895 4995 ut
2927 4957 3108 5011 super
3139 4942 3409 4996 comitem
3441 4941 3802 4998 Balduinum

2137 5030 2332 5087 veniat
2367 5031 2666 5098 audacter,
2716 5030 2996 5085 hortatur.
3055 5030 3272 5085 Ducem
3318 5030 3617 5085 exercitus
3657 5030 3805 5102 ejus

2137 5122 2441 5177 strenuum
2489 5121 2687 5188 utpote
2731 5118 2996 5173 locorum
3039 5119 3366 5189 patriaque
3422 5134 3674 5190 gnarum
3727 5136 3801 5174 se

2135 5209 2262 5263 fore
2279 5207 2607 5278 pollicetur,
2624 5207 2678 5261 si
2698 5206 2915 5261 donum
2933 5206 3329 5261 castellaturae
3340 5205 3797 5263 Cameracensis

2122 5296 2519 5367 .abiapiscopo
2551 5295 2847 5355 Lietherto
2876 5293 2997 5353 sibi
3019 5295 3194 5351 faciat
3220 5295 3499 5352 conferri.
3528 5296 3646 5368 (1b.
3678 5297 3803 5365 10.)

2136 5386 2225 5443 Ad
2248 5386 2375 5440 haec
2387 5385 2985 5455 gavisusimperator,
3002 5385 3101 5455 qui
3111 5384 3236 5456 jam
3258 5385 3579 5439 secundam
3599 5385 3806 5455 profe-

2136 5473 2388 5528 ctionem
2410 5474 2469 5527 in
2498 5476 2716 5528 terram
2746 5473 2979 5529 comitis
3011 5473 3255 5544 parabat
3275 5473 3449 5528 facile
3470 5473 3596 5528 fieri
3618 5488 3802 5544 repu-

1667 5585 1961 5653 VARI/E
2009 5584 2495 5656 LECTIONES.

509 5683 586 5729 ³81
618 5702 727 5744 seu
757 5690 939 5762 copia.
