4058 6182
251 349 352 411 257

686 340 1130 435 ‘CHRONIC.
1174 340 1245 404 S.
1290 337 1675 401 ANDREE
1718 337 1850 399 CA5

1960 336 2023 397 Π
2065 334 2667 401 ΜΜΕΒΔΟΕΙῘ.
2712 369 2783 379 ——
2830 334 2988 397 LIB.
3034 334 3133 403 ΙΙ..

3498 332 3617 399 258
3656 314 3659 321 ς

227 550 355 612 tans,
386 543 529 614 quod
567 541 871 596 Johannes
918 540 1151 612 petebat
1201 538 1541 609 spopondit-
1578 536 1841 605 Denique
1871 519 1928 579 Α
1959 532 2196 604 εϋγιεθιὶ
2228 532 2362 602 quis
2393 532 2487 586 vel
2519 542 2725 601 parum
2754 534 3043 603 gustaret,
3079 534 3177 604 qui
3221 533 3336 587 sibi
3363 534 3619 590 vicinam

229 631 498 702 multiplici
524 631 849 687 secundum
881 629 1108 700 regiam
1138 629 1455 697 potentiam
1486 627 1547 679 in
1563 642 1633 680 ea
1665 640 1844 693 expe-

232 722 417 776 ditione
445 722 717 790 apparatu
749 734 903 773 anno
933 719 1040 772 Dei
1069 716 1289 771 Christi
1313 716 1494 784 10540,
1517 714 1689 785 regni
1709 727 1849 766 vero

229 810 307 863 sui
333 806 432 876 15°,
464 807 673 876 paratis
695 806 1081 875 exercitibus,
1111 805 1181 857 ad
1204 803 1852 875 proﬁciscendumcas-

226 902 296 950 tra
336 897 518 964 movit,
552 894 1080 965 pertransiensque
1130 891 1538 962 interjacentia
1585 890 1712 944 loca
1744 903 1853 959 per

223 985 467 1055 regiones
497 983 567 1037 ad
596 983 795 1036 villam
826 998 959 1053 quae
997 983 1090 1035 est
1111 980 1300 1047 Maen,
1325 980 1558 1034 duobus
1590 979 1713 1034 fere
1746 978 1848 1034 mi-

223 1073 355 1127 libus
382 1088 412 1127 a
441 1070 800 1125 Valentianis
830 1070 1081 1138 distans,
1107 1083 1289 1139 super
1308 1066 1577 1122 Scaldem
1607 1068 1849 1124 ﬂuvium

220 1162 381 1214 castra
410 1160 654 1211 metatus
688 1157 976 1211 consedit.

284 1245 358 1300 i7.
393 1245 547 1311 Quod
566 1260 762 1300 comes
788 1244 1139 1315 imperatori
1158 1244 1455 1298 resistere
1487 1248 1726 1297 conatus
1746 1244 1846 1297 sit.

222 1333 448 1405 Cumque
480 1334 550 1387 ad
583 1333 1015 1388 transeundum
1054 1335 1265 1403 pontes
1298 1331 1422 1384 ﬁeri
1474 1331 1846 1401 imperasset,

221 1438 337 1477 ecce
368 1439 437 1476 ex
465 1423 577 1476 alia
607 1426 773 1492 parte
824 1421 1083 1475 ﬂuminis
1115 1435 1316 1475 comes
1356 1420 1678 1475 Balduinus
1719 1435 1851 1475 cum

224 1511 374 1564 multa
425 1510 626 1564 militia
669 1512 883 1565 obvius
931 1509 1132 1563 adfuit.
1186 1509 1402 1580 Sicque
1451 1514 1699 1579 uterque
1754 1508 1850 1563 hic

222 1614 385 1664 unam,
435 1599 531 1653 ille
582 1598 826 1653 alteram
872 1599 1058 1653 tenuit
1103 1598 1311 1667 ripam,
1358 1597 1546 1652 donec
1590 1599 1737 1651 clam
1775 1597 1848 1651 ab

218 1686 531 1756 imperatore
563 1687 771 1743 missis
795 1703 901 1757 per
921 1686 1301 1740 Cameracum
1322 1686 1702 1752 exercitibus,
1726 1690 1848 1740 ter-

218 1774 344 1829 ritus
380 1791 577 1830 comes
626 1777 758 1830 loco
807 1775 1030 1844 cessit;
1076 1777 1133 1829 et
1159 1774 1249 1829 sic
1296 1775 1616 1844 imperator
1663 1774 1845 1828 libere

1960 624 2206 676 mortem
2228 621 2532 675 imminere
2563 621 2828 675 videret?
2859 621 3116 675 Tandem
3146 626 3350 679 vocate
3382 639 3453 678 eo
3484 630 3618 681 ante

1958 724 2226 763 mensam
2247 724 2437 778 suam,
2469 709 2783 779 imperator
2806 709 2986 762 multa
3000 724 3183 778 super
3212 713 3421 768 comite
3449 715 3615 787 rogi-

1956 803 2110 867 tans,
2135 797 2412 851 cochlear
2431 800 2777 869 argenteum
2812 796 2971 867 quod
3000 799 3233 853 tenebat
3263 802 3315 853 ei
3347 804 3614 874 porrigit,

1958 886 2248 955 novisque
2278 886 2552 940 vestibus
2582 899 2717 939 eum
2746 886 2907 938 indui
2948 888 3007 939 et
3036 901 3189 957 equo
3214 890 3477 959 precepit
3503 893 3617 945 im-

1956 974 2113 1043 poni,
2149 981 2209 1027 ut
2257 974 2355 1045 qui
2393 989 2501 1027 nos
2540 973 2748 1043 inquit,
2782 973 3079 1044 speculari
3122 978 3282 1030 venit
3308 988 3530 1047 pronus
3556 981 3619 1033 in

1956 1062 2256 1128 scabellis,
2292 1061 2583 1116 sublimus
2618 1063 2680 1115 in
2713 1077 2858 1132 equo
2887 1062 3098 1117 redeat
3129 1079 3161 1117 a
3192 1065 3383 1119 nobis.
3409 1066 3493 1121 Ita
3518 1082 3618 1123 re-

1954 1166 2210 1221 gressus
2240 1153 2455 1220 quanto
2489 1150 2705 1221 gaudio
2738 1153 2801 1203 ut
2851 1155 3091 1219 ereptus
3135 1167 3167 1204 a
3211 1158 3400 1208 morte
3431 1156 3618 1225 tripu-

1956 1239 2221 1306 diaverit,
2255 1243 2467 1308 quanta
2516 1239 2687 1292 laude
2717 1239 3212 1309 magnificentiam
3243 1242 3617 1312 imperatoris

1956 1327 2129 1381 etiam
2160 1327 2313 1396 apud
2344 1327 2552 1382 hostes
2601 1326 2905 1396 extulerit,
2929 1328 3060 1396 ipse
3089 1330 3267 1401 longo
3301 1335 3436 1401 post
3466 1335 3619 1388 tam-

1955 1432 2099 1487 pore
2126 1416 2250 1487 jam
2282 1418 2450 1472 senio
2484 1432 2710 1470 curvus
2742 1416 2919 1470 nobis
2957 1432 3200 1471 narrare
3230 1420 3477 1475 solebat.

2025 1503 2113 1559 20.
2148 1505 2236 1559 De
2277 1504 2587 1559 obsidione
2634 1504 2884 1559 Tornaci
2911 1506 2986 1560 ab
3017 1507 3383 1577 imperitare.
3415 1508 3532 1564 Sed
3562 1512 3621 1564 et

1945 1593 2075 1664 jam
2104 1594 2176 1647 ad
2199 1593 2568 1661 propositum
2592 1597 2978 1647 revertamur.
3000 1594 3168 1663 Apud
3186 1595 3416 1650 lslense
3429 1597 3615 1652 caste]

1956 1676 2077 1736 lum
2092 1682 2301 1735 comite
2321 1680 2605 1735 Balduino
2627 1683 3024 1736 commorante
3046 1687 3102 1736 et
3122 1685 3427 1754 regionem
3449 1700 3618 1740 suam

1959 1786 2157 1825 coram
2189 1785 2256 1824 se
2287 1770 2346 1822 in
2377 1770 2514 1840 igne
2550 1773 2607 1823 et
2636 1770 2835 1838 praeda
2861 1769 3132 1825 devorari
3165 1773 3432 1826 cominus
3462 1773 3619 1843 aspi-

216 1864 436 1932 transiit,
470 1868 526 1918 et
557 1864 764 1917 dextra
797 1864 1062 1934 laevaque
1093 1863 1364 1917 incendio
1398 1867 1605 1917 cuncta
1635 1863 1844 1917 dovas-
1875 1856 1929 1918 Β
1960 1860 2169 1928 ciente,
2197 1859 2443 1913 maxima
2466 1874 2609 1928 pars
2638 1858 2935 1912 exercitus
2968 1859 3099 1928 ejus
3118 1862 3173 1913 et
3206 1861 3368 1914 multi
3385 1861 3616 1916 nobiles

210 1958 341 2019 tans,
371 1952 614 2006 transito
647 1955 821 2022 ponte
844 1953 913 2006 de
935 1952 1107 2006 Cheri
1141 1967 1322 2021 prope
1354 1951 1548 2005 locum
1583 1952 1682 2021 qui
1706 1951 1840 2005 Bul-

211 2037 337 2092 liens
368 2038 549 2093 Rivus
580 2039 816 2107 dicitur,
849 2039 980 2093 suis
1011 2039 1283 2092 tentoriis
1314 2037 1598 2109 resedit.]

272 2122 450 2179 18.De
473 2126 860 2196 imperatoris
892 2126 1148 2180 transitu
1178 2126 1239 2178 in
1257 2125 1670 2179 Meleatosum.
1706 2126 1845 2194 (An.

220 2211 593 2281 1054.).Quem
609 2212 825 2281 locum,
846 2217 960 2268 tam
984 2213 1244 2267 clausula
1264 2218 1536 2285 angustae
1554 2213 1664 2267 viae
1678 2229 1849 2284 quam

216 2300 341 2354 rivis
361 2317 644 2370 aquarum
666 2316 776 2357 seu
797 2301 1187 2370 profonditate
1209 2300 1511 2356 fossarum
1531 2302 1850 2357 munitissi-

210 2404 364 2457 mum,
389 2405 520 2443 cum
539 2389 752 2459 paucis
784 2389 1027 2442 armatis
1058 2388 1361 2443 Johannes
1396 2393 1573 2444 noctu
1598 2390 1758 2459 adiit,
1793 2394 1848 2444 et

212 2489 266 2527 se
284 2476 607 2546 quempiam
647 2475 791 2546 fuga
820 2476 1051 2544 lapsum
1088 2475 1376 2529 simulans
1417 2478 1590 2547 atque
1620 2477 1845 2532 dolosis

206 2563 455 2632 precibus
484 2564 704 2634 aperiri
738 2564 854 2618 sibi
887 2563 1279 2631 inclamitans,
1304 2564 1538 2618 tandem
1569 2579 1845 2620 sermone

209 2650 395 2705 blando
426 2653 694 2722 deceptis
731 2652 1102 2717 custodibus,
1137 2656 1335 2722 aperta
1369 2651 1548 2721 janua
1589 2652 1843 2719 introiit;

208 2742 255 2792 et
279 2740 599 2794 interfectis
626 2740 987 2811 janitoribus
1020 2740 1337 2811 multisque
1358 2741 1512 2809 aliis,
1544 2742 1603 2794 in
1636 2757 1849 2796 aurora

210 2826 328 2882 dicit
352 2828 495 2883 dans
526 2830 771 2900 signum
808 2828 867 2882 in
888 2844 1037 2884 sono
1060 2828 1217 2883 tubae
1249 2830 1570 2884 exercitum
1590 2830 1847 2885 advoca-

210 2917 291 2969 vit.
324 2916 386 2971 Et
415 2918 505 2971 sic
527 2918 828 2973 turmatim
855 2920 1254 2985 transeuntes,
1278 2918 1606 2972 Melentosii
1630 2923 1848 2973 terram

208 3003 618 3075 ingrediuntur,
638 3022 706 3060 ac
725 3004 1202 3076 circumjacentia
1222 3010 1427 3060 cuncta
1442 3006 1848 3078 depopulando

208 3091 314 3164 igni
343 3094 662 3164 tradentes,
696 3094 755 3147 in
787 3094 923 3149 villa
945 3110 1079 3164 quae
1109 3098 1200 3150 est
1230 3091 1531 3164 Falempin
1548 3094 1695 3166 (503)
1717 3112 1848 3152 cas-

208 3185 282 3234 tra
308 3185 591 3237 metantes
623 3183 994 3238 resederunt.

268 3267 346 3326 19.
378 3271 463 3327 De
493 3272 742 3343 quodam
775 3271 994 3327 clerico
1022 3288 1054 3325 a
1101 3271 1313 3327 comite
1340 3273 1541 3327 misso.
1586 3273 1763 3328 Multa
1786 3275 1844 3329 et

209 3360 472 3429 praeclara
529 3362 595 3415 in
661 3360 772 3414 hac
825 3361 1195 3429 expeditione
1249 3361 1623 3431 imperatoris
1679 3367 1850 3434 gesta

209 3446 439 3502 describi
487 3448 671 3521 digna
702 3448 931 3518 forent;
983 3448 1091 3504 sed
1120 3448 1258 3518 quia
1287 3449 1344 3502 id
1384 3466 1502 3504 non
1534 3453 1626 3505 est
1670 3451 1850 3506 debiti

206 3539 374 3593 nostri
400 3554 510 3592 nec
560 3537 877 3608 propositi,
909 3538 1116 3591 saltem
1158 3537 1230 3590 ad
1261 3538 1686 3593 ostendendam
1715 3538 1850 3610 ejus

212 3625 395 3679 miram
427 3626 803 3681 clementiam
836 3641 1021 3696 pauca
1051 3626 1122 3681 de
1162 3626 1362 3680 multis
1392 3628 1850 3699 perstringendo

206 3705 609 3769 memoramus.
646 3714 793 3767 Nam
821 3730 955 3768 cum
983 3715 1262 3768 clericum
1294 3715 1603 3785 quemdam
1630 3717 1850 3772 Hadul-

212 3800 315 3854 ium
343 3803 411 3856 ad
435 3803 816 3873 imperatoris
847 3806 1037 3857 castra
1063 3804 1407 3873 explorandi
1426 3805 1606 3875 gratia
1633 3808 1688 3859 et
1708 3820 1851 3858 aus-

209 3890 715 3945 cultandiconsilia
739 3906 939 3945 comes
964 3896 1045 3945 ut.
1092 3932 1104 3945 .
1143 3933 1155 3944 .
1201 3932 1214 3945 .
1260 3933 1272 3946 .
1309 3934 1320 3946 .
1358 3934 1372 3946 .
1410 3933 1421 3947 .
1463 3888 1851 3963 332misisset,

208 3976 397 4048 illeque
429 3996 498 4034 se
532 3982 901 4034 contractum
934 3980 1209 4051 tingendo
1233 3980 1513 4034 scabellis
1545 3997 1762 4051 repens
1781 3983 1852 4037 ad

209 4064 559 4135 imperatoris
593 4068 975 4122 elemosinam
1012 4068 1069 4121 in
1093 4069 1343 4123 tentorio
1375 4069 1529 4123 inter
1560 4086 1851 4140 pauperes

208 4156 563 4211 consedisset
601 4172 613 4210 :
646 4156 893 4210 intuitus
927 4156 1229 4210 Johannes
1258 4159 1501 4229 agnovit
1521 4174 1653 4212 eum
1676 4159 1857 4212 sicuti

208 4241 372 4297 virum
394 4245 510 4299 sibi
532 4248 706 4299 antea
726 4248 947 4299 notum.
968 4244 1138 4299 Siluit
1174 4249 1387 4313 tamen,
1429 4247 1537 4301 sed
1573 4250 1709 4317 post
1739 4247 1849 4301 ali-

209 4345 358 4398 quam
380 4333 916 4388 deambulationem
938 4350 1135 4389 coram
1158 4336 1511 4404 imperatore
1535 4340 1590 4389 et
1607 4336 1851 4404 optima-

212 4418 346 4474 tibus
368 4422 418 4492 ej
431 4439 501 4476 us
524 4422 916 4492 adjacentem
933 4424 1211 4491 accessit,
1241 4424 1506 4495 dansque
1539 4425 1591 4478 ei
1612 4441 1851 4479 manum

212 4509 393 4577 erexit,
426 4514 482 4564 et
510 4510 577 4564 in
609 4516 932 4579 conspectu
954 4513 1211 4566 omnium
1226 4511 1400 4582 jubet
1416 4513 1705 4568 adsistere
1728 4529 1854 4568 rec.

212 4596 315 4649 tum
341 4602 396 4651 et
424 4615 675 4653 currere
697 4615 928 4653 sanum.
966 4600 1183 4669 Stupor
1213 4601 1600 4670 apprehendit
1628 4602 1855 4656 intuen-

212 4686 319 4747 tes;
342 4688 402 4740 ﬁt
422 4704 697 4743 murmur
726 4688 1141 4742 admirantium
1167 4690 1338 4760 quasi
1365 4688 1519 4744 facto
1547 4690 1853 4758 miraculo,

216 4774 271 4828 et.
300 4775 447 4829 ultra
490 4792 670 4847 quam
718 4777 879 4831 credi
922 4780 1115 4846 potest
1165 4778 1465 4832 admirans
1510 4779 1863 4848 imperator,

221 4861 340 4929 quid
358 4863 531 4919 lateat
552 4868 987 4934 percunctatur.
1009 4866 1334 4936 Postquam
1356 4867 1726 4922 manifestata
1758 4882 1859 4921 res

218 4952 313 5016 est,
355 4952 667 5022 suspendii
717 4968 856 5007 reus
910 4957 966 5008 et
1014 4954 1221 5008 mortis
1260 4954 1581 5024 judicatur.
1641 4955 1857 5027 Virgas

213 5035 395 5094 allatas
412 5041 487 5096 ad
509 5057 580 5095 se
593 5041 1075 5111 suspendendum
1096 5042 1223 5112 ipse
1239 5043 1355 5098 sibi
1388 5047 1662 5114 torquere
1678 5043 1860 5114 jube-

214 5126 311 5179 tur.
329 5128 447 5183 Sed
459 5131 658 5200 prius,
679 5119 1105 5199 aitimperator,
1133 5132 1502 5186 comedamus
1519 5147 1533 5200 ;
1548 5138 1856 5204 postquam

217 5217 539 5287 comederit,
559 5217 757 5274 laetior
771 5218 1186 5289 suspendetur.
1212 5220 1602 5289 Apponuntur
1631 5222 1745 5275 cibi
1768 5238 1857 5276 re-

1879 4383 1929 4442 D

1959 1949 2031 2003 ad
2062 1948 2459 2017 perturbanda
2510 1950 2705 2001 castra
2750 1948 3125 2016 imperatoris
3176 1950 3408 2020 egressi
3455 1953 3615 2004 sunt.

1957 2036 1975 2109 [
1998 2036 2203 2107 (Gesta
2225 2034 2547 2104 Lietb.13.)
2569 2035 2682 2090 Sed
2707 2051 2841 2090 mox
2859 2036 3211 2091 Lambertus
3234 2053 3435 2092 comes
3457 2039 3617 2093 Len-

1957 2127 2158 2187 sensis
2189 2125 2544 2179 interfectus
2575 2123 2891 2195 occubuit],
2917 2125 3097 2179 ceteri
3112 2141 3255 2181 vero
3286 2125 3445 2197 fugas
3466 2142 3618 2197 prae-

1958 2214 2107 2268 sidie
2140 2214 2256 2268 sibi
2308 2214 2715 2281 consulentes,
2748 2212 3115 2267 cedentibus
3145 2216 3311 2285 terga
3340 2214 3616 2269 hostibus

1955 2303 2153 2357 villam
2181 2303 2371 2371 ipsam
2403 2302 2623 2354 intrare
2652 2316 2769 2354 non
2797 2301 3063 2355 valentes
3094 2317 3165 2356 ac
3191 2302 3353 2356 velut
3370 2303 3615 2370 trepida

1956 2392 2235 2445 volucres
2256 2393 2399 2443 ante
2431 2388 2641 2442 faciem
2671 2389 2969 2457 accipitris
2989 2388 3385 2460 ditiugientes,
3412 2390 3615 2461 fugam

1956 2494 2126 2533 suam
2156 2493 2372 2531 versus
2405 2477 2732 2531 Tornacum
2766 2476 3046 2547 dirigunt,
3067 2479 3125 2530 et
3152 2477 3227 2531 ab
3246 2478 3614 2548 insequenti-

1955 2566 2069 2622 bus
2092 2566 2389 2637 oppressi,
2404 2565 2726 2635 inquodam
2748 2564 3064 2634 municipio
3080 2565 3473 2620 includuntur.
3488 2565 3613 2630 Quo

1955 2655 2309 2724 perveniens
2323 2654 2659 2723 imperator,
2680 2652 2871 2721 posita
2881 2653 3035 2721 apud
3055 2652 3334 2707 Sanctum
3351 2654 3615 2710 Brixium

1935 2744 2264 2797 .mansione
2296 2758 2401 2796 sua
2432 2741 2559 2813 [eos
2582 2741 2750 2812 gravi
2771 2740 3080 2795 obsidione
3109 2745 3168 2794 et
3197 2741 3351 2795 fama
3370 2742 3619 2795 constri-

1957 2835 2084 2886 ctos
2116 2831 2184 2884 ad
2210 2830 2564 2884 deditionem
2596 2830 2892 2898 compulit,
2928 2833 2989 2883 et
3013 2833 3287 2899 acceptos
3318 2846 3424 2898 per
3448 2844 3619 2900 erga-

1958 2920 2110 2974 stula
2144 2920 2387 2973 militum
2423 2933 2666 2972 suorum
2699 2918 2758 2970 in
2790 2918 3057 2971 custodia
3088 2916 3378 2988 reclusit.]
3399 2918 3615 2988 Sicque

1958 3008 2147 3061 victor
2158 3007 2481 3061 oratorium
2494 3006 3019 3077 suumingressus,
3040 3005 3317 3074 hymnum
3345 3005 3422 3059 Te
3433 3006 3618 3061 Deum

1960 3096 2261 3151 laudamus
2283 3093 2732 3148 concinentibus
2746 3092 2862 3146 sibi
2888 3093 3046 3146 sacri
3075 3092 3303 3147 ordinis
3329 3093 3618 3148 ministris

1880 3193 1930 3253 Ο
1958 3183 2343 3239 devotissime
2376 3183 2727 3248 decantans,
2761 3182 2964 3252 grates
2995 3180 3242 3235 Domino
3269 3181 3541 3236 exsolvit.

2027 3273 2114 3327 21.
2154 3271 2316 3336 Quod
2343 3287 2446 3325 vas
2466 3284 2707 3324 aureum
2730 3270 2958 3323 muneio
2979 3268 3207 3322 cuidam
3237 3268 3494 3323 dederit.
3516 3268 3618 3324 F69

1953 3365 2090 3417 runt
2106 3365 2164 3416 et
2179 3360 2334 3414 aliud
2353 3357 2735 3413 memorabile
2753 3373 2888 3411 eum
2916 3356 2999 3411 ibi
3028 3356 3269 3426 fecisse,
3303 3358 3459 3428 quod
3481 3373 3617 3413 cum

1955 3452 2190 3523 quidam
2240 3450 2473 3518 legatus
2504 3448 2575 3501 de
2626 3461 2815 3518 regno
2845 3444 2979 3516 ejus
3008 3446 3257 3501 veniens
3300 3447 3613 3517 nuntiaret,

1955 3554 2142 3610 nuper
2171 3541 2368 3592 natum
2390 3536 2442 3590 ei
2473 3535 2677 3605 ﬁlium,
2700 3535 2863 3588 illum
2879 3533 3157 3588 videlicet
3177 3535 3499 3590 Henricum
3516 3534 3619 3606 qui

1954 3631 2091 3698 post
2137 3624 2563 3697 quinquaginta
2597 3638 2786 3677 annos
2816 3623 2876 3675 in
2908 3622 3058 3676 hanc
3091 3625 3309 3677 terram
3354 3622 3525 3678 venit
3559 3628 3621 3679 et

1957 3716 2199 3771 castella
2212 3716 2453 3782 Bulcen,
2475 3712 2766 3781 Sclusam,
2790 3711 2950 3780 Incy,
2972 3712 3240 3783 aliasque
3263 3713 3619 3767 munitiones

1957 3804 2243 3874 imperiali
2266 3803 2479 3856 virtute
2496 3800 2761 3855 diruit—
2797 3815 2937 3854 cum'
2970 3800 3083 3854 hoc
3107 3800 3346 3870 inquam
3379 3802 3623 3855 nunciad

1957 3897 2064 3958 ret,
2089 3906 2327 3946 auream
2348 3905 2619 3959 cuppam,
2642 3904 2816 3959 quam
2837 3890 2910 3943 ab
2933 3889 3251 3943 bibendum
3272 3903 3446 3944 manu
3468 3889 3626 3946 forte

1957 3981 2212 4048 tenebat,
2235 3980 2286 4033 ei
2311 3980 2464 4033 dono
2487 3977 2766 4047 porrexit.
2786 3976 2803 4047 [
2820 3976 3028 4046 (Gesta
3062 3977 3255 4031 Lictb.
3283 3976 3370 4047 14)
3391 3977 3462 4032 Et
3481 3993 3617 4049 per-

1960 4069 2108 4124 actis
2141 4067 2417 4123 omnibus
2442 4081 2573 4120 cum
2605 4064 2793 4135 gloria
2813 4065 2885 4118 ad
2916 4065 3182 4119 civitates
3205 4066 3379 4137 regni
3404 4068 3500 4120 sui
3531 4080 3618 4121 re-

1958 4159 2191 4212 meavit.
2218 4158 2480 4210 Domnus
2505 4169 2645 4207 vero
2676 4154 2997 4222 episcopus
3016 4153 3352 4207 Lietbertus
3379 4157 3621 4225 accepta

1960 4246 2246 4300 missione
2278 4242 2486 4297 urbem
2517 4256 2686 4294 suam
2716 4256 2849 4294 cum
2882 4240 3012 4293 suis
3045 4241 3334 4309 repetivit.

2030 4334 2117 4387 22.
2141 4333 2231 4387 De
2241 4328 2613 4402 profectione
2643 4328 2842 4383 domui
2858 4327 3114 4397 episcOpi
3135 4326 3436 4381 Lietberti
3450 4329 3512 4383 in
3523 4329 3620 4384 Jo-

1963 4422 2243 4477 rusaiem.
2276 4420 2388 4487 (ΙΙ).
2428 4419 2512 4483 13,
2540 4417 2627 4485 l2,
2651 4416 2740 4485 29,
2775 4416 2864 4484 30,
2891 4416 3007 4485 31.)
3044 4414 3160 4470 Sed
3200 4430 3343 4470 ecce
3377 4417 3513 4470 dum
3549 4432 3629 4472 exf

1964 4511 2278 4566 occasione
2307 4508 2570 4563 Joannes
2615 4503 3055 4558 castellaturam
3089 4502 3465 4558 reclamantis
3512 4506 3620 4559 ad-

1962 4604 2201 4654 ventum
2233 4595 2610 4667 imperatoris
2638 4594 2768 4647 vias
2800 4592 2934 4664 ejus
2968 4595 3025 4646 et
3053 4592 3247 4663 aliqua
3277 4598 3446 4664 gesta
3490 4593 3633 4665 ejus

1962 4687 2305 4744 describere
2332 4681 3155 4751 curavimus,atextu'coeptaa
3186 4682 3538 4736 narrationis
3569 4685 3634 4737 et:

1960 4794 1993 4831 a
2026 4777 2218 4847 gestis
2238 4772 2437 4829 domni
2472 4770 2754 4825 Lietberti
2775 4769 3014 4841 longius
3044 4769 3274 4839 evagati
3292 4784 3521 4824 sumus.
3540 4770 3625 4826 De

1962 4883 2077 4937 qua
2108 4863 2485 4919 castellatura
2502 4860 2617 4915 hoc
2649 4858 3019 4913 solummodo
3040 4857 3443 4926 inserendum,
3468 4859 3635 4929 (μιοὼ

1963 4969 2089 5007 cam
2108 4953 2426 5022 episcopus
2447 4949 2582 5002 licet
2599 4947 2818 5001 invitus
2829 4949 2889 5021 et
2910 4945 3227 5013 reluctans,
3246 4946 3355 4999 sed
3375 4949 3623 5018 cogente

1963 5044 2313 5112 imperatore
2349 5022 2562 5093 Joanni
2586 5033 2935 5096 reddiderit;
2969 5048 3145 5103 quam
3176 5036 3368 5088 tamen
3399 5035 3495 5090 ille
3526 5036 3626 5092 diu

1962 5147 2076 5186 non
2108 5129 2324 5195 tenuit,
2369 5126 2505 5197 quia
2535 5124 2740 5194 Hugo,
2774 5122 2846 5175 de
2885 5136 3001 5191 quo
3041 5137 3239 5191 supra'
3263 5122 3540 5194 diximus,
3584 5141 3628 5183 .a

1963 5218 2210 5274 custode
2239 5232 2351 5271 suo
2383 5210 2801 5281 Anselmojam
2830 5209 3182 5264 adolescens
3212 5225 3341 5267 eam
3372 5213 3623 5286 recepit;

1505 5336 1817 5397 VARUE~
1842 5332 2308 5398 LECTIONES

272 5435 345 5480 ³⁸2
370 5442 543 5497 unius
571 5442 730 5499 vocis
757 5441 1008 5512 spatium
1037 5440 1282 5513 reliquit
1302 5442 1485 5513 capia.

1744 5538 2022 5604 NOTIE.

278 5642 412 5714 (503)
439 5644 809 5721 Phalempin,
836 5647 991 5705 inter
1020 5645 1168 5706 Lilla
1197 5649 1257 5705 et
1284 5647 1490 5705 Dauni.
