4058 6182
348 301 468 365 259

1216 297 1560 359 APPEND
1591 295 1705 357 AD
1757 296 2028 358 GESTA
2073 295 2442 359 EPISCOP.
2482 294 2910 357 CAMERAC.

3667 294 3789 357 260

355 503 412 555 et
441 500 700 554 Joannes
723 501 838 552 tam
865 496 1036 551 donis
1055 512 1230 566 quam
1251 495 1428 550 minis
1450 496 1522 549 ab
1544 496 1896 564 imperatore
1919 510 2015 550 co-
2043 476 2101 537 Α
2129 495 2366 563 pariens
2399 495 2712 549 ecclesiam
2744 495 3029 549 Dominici
3078 495 3399 564 sepulchri,
3431 493 3788 547 Christianis

354 591 521 642 actus
555 588 766 642 exinde
799 587 870 639 de
893 602 959 639 ea
980 585 1164 639 siluit.
1197 585 1306 638 His
1349 585 1424 637 ita
1453 584 1731 653 peractis,
1764 599 1894 637 cum
1931 584 2018 638 ci-t

354 678 508 729 vitas
541 679 596 730 et
620 675 806 745 patria
828 673 1283 727 Cameracensis
1306 671 1418 725 sub
1450 670 1548 724 tali
1579 673 1808 725 rectore
1839 673 2020 725 abun-

357 765 553 818 dantia
582 764 748 832 pacis
767 766 823 815 et
840 761 1148 830 prosperis
1167 761 1402 812 ﬂoreret
1419 759 1770 829 augmentis,
1794 759 2023 828 episco-

355 867 471 922 pus
487 854 709 906 sanctae
731 849 1076 903 intentionis
1088 848 1298 901 ardore
1313 847 1766 900 Hierosolimam
1779 847 2024 900 intendit

356 940 538 993 adire.
562 937 664 992 Cui
689 937 824 1008 ejus
843 937 1139 991 devotioni
1171 949 1304 988 cum
1329 936 1612 988 resistere
1648 938 1851 994 conata
1875 935 2021 1003 (504)

358 1027 646 1096 nequiret,
686 1025 904 1095 paratis
936 1023 1292 1092 sumptibus,
1325 1023 1651 1092 assumptis
1684 1023 2018 1091 comitibus,

358 1115 572 1168 domno
592 1114 820 1167 scilicet
842 1113 1162 1166 Walchero
1183 1111 1597 1165 archidiacono
1627 1116 1682 1165 et
1697 1112 1879 1165 curiae
1897 1125 2024 1179 pre-

356 1203 570 1272 posito,
623 1202 875 1272 Hugone
920 1215 1154 1270 quoque
1206 1199 1505 1269 capellano
1555 1204 1762 1269 postea
1801 1202 2023 1254 sanctae

362 1291 561 1345 Mariae
576 1291 819 1358 decano,
838 1289 1014 1359 cujus
1033 1289 1398 1342 sanctitatem
1425 1291 1752 1342 monstrant
1770 1288 2025 1342 claustra

365 1381 780 1433 canonicorum
812 1381 868 1432 et
897 1377 1299 1446 Aquieinense
1334 1377 1687 1444 coenobium,
1712 1375 2025 1430 Erlebaldo

351 1467 555 1537 judice
617 1472 672 1520 et
721 1466 980 1520 civitatis
1027 1468 1447 1533 procuratore,
1502 1464 1815 1518 Erlebaldo
1854 1463 2026 1517 etiam

363 1557 569 1610 llubeo
584 1555 858 1609 ecclesiae
880 1553 1110 1608 Sanctae
1127 1552 1336 1607 Crucis
1354 1553 1768 1621 instauratore,
1785 1567 1894 1605 nec
1910 1568 2026 1605 non

360 1647 418 1698 et
440 1643 729 1697 Fulchero
745 1641 1214 1710 archicapellano
1230 1646 1285 1694 et
1303 1641 1735 1695 Attrebatensis
1754 1640 2025 1694 ecclesiae

361 1731 756 1798 vicedomino,
781 1729 1034 1799 aliisque
1065 1729 1264 1782 multis
1282 1729 1586 1798 profectus
1609 1728 1775 1796 (505),
1798 1733 2025 1797 preter-

2129 583 2358 652 ejectis,
2391 600 2424 636 a
2451 599 2594 653 rego
2625 584 3062 637 Babiloniorum
3083 583 3372 636 violenter
3393 584 3784 649 obseeratam,

2128 671 2400 741 viamque
2446 688 2810 742 paganorum
2841 676 2995 725 metu
3050 689 3158 742 per
3188 676 3401 726 terram
3434 672 3668 741 penitus
3700 671 3792 722 in-

2127 759 2466 827 terclusam,
2506 775 2615 828 per
2643 767 2766 814 tres
2803 775 3042 814 menses
3074 760 3130 812 in
3165 761 3367 813 eadem
3399 757 3629 813 civitate
3659 775 3792 812 mo-

2129 850 2291 900 ratus
2323 851 2432 901 est.
2457 846 2601 900 Cum
2632 851 2822 902 autem
2857 848 3026 902 eundi
3051 863 3157 918 per
3178 851 3392 901 terram
3423 848 3611 900 omnis
3648 863 3794 917 spes

2129 935 2319 988 ablata
2342 938 2524 1000 esset,
2548 936 2771 990 marino
2795 937 2999 989 itinere
3035 937 3285 990 domnus
3311 936 3628 1005 cpiscopus
3653 935 3796 989 Hie-

2129 1023 2391 1077 rusalem
2415 1024 2709 1093 disposuit
2737 1025 2917 1078 adire.
2953 1025 3038 1078 Ad
3074 1025 3227 1095 quod
3261 1025 3659 1096 peragendum
3675 1039 3798 1076 ma-

2129 1112 2340 1181 gistris
2375 1112 2697 1182 inquisitis,
2741 1113 2877 1166 dum
2927 1117 3280 1167 armamenta
3325 1113 3552 1166 navalia
3592 1112 3796 1180 dispo-

2131 1206 2366 1267 nuntur,
2388 1201 2524 1254 dum
2544 1200 2816 1254 victualia
2840 1202 3178 1255 necessaria
3194 1204 3619 1271 praeparantur,
3637 1200 3800 1253 dom-

2132 1303 2244 1341 nus
2268 1289 2593 1343 Fulcherus
2614 1290 3022 1360 aegritudinem
3044 1291 3353 1343 maximam
3377 1290 3643 1354 incurrit,
3662 1305 3798 1358 quae

2133 1375 2325 1445 ipsum
2358 1378 2702 1447 episcopum
2735 1394 3060 1449 omnesque
3085 1379 3330 1433 comites
3365 1379 3530 1450 gravi
3563 1393 3801 1430 merore

2133 1467 2457 1520 concussit.
2481 1466 2743 1536 Cumque
2774 1482 2880 1536 per
2907 1467 3034 1520 dies
3065 1467 3317 1538 languor
3337 1481 3525 1536 usque
3554 1467 3626 1519 ad
3652 1481 3808 1518 mor-

2133 1557 2246 1609 tem
2266 1556 2731 1625 ingravesceret,
2759 1557 2814 1608 et
2831 1553 2951 1624 jam
2972 1558 3167 1624 aptum
3182 1555 3538 1626 navigationi
3561 1558 3802 1623 tempus

2132 1643 2399 1711 adesset,
2448 1645 2699 1696 mentem
2743 1643 3038 1711 pontificis
3083 1648 3274 1696 metus
3322 1660 3454 1696 cum
3497 1642 3805 1696 desiderio

2133 1732 2476 1800 torquebat,
2528 1732 2875 1785 comitemne
2925 1731 3336 1785 ﬁdelissimum
3374 1733 3681 1785 desereret
3729 1745 3804 1782 an

361 1820 572 1891 legens
595 1819 864 1872 civitates
883 1821 938 1871 et
959 1817 1482 1886 oppida,itinerum
1505 1817 1868 1885 discrimina,
1888 1817 2024 1870 bar-
2054 1808 2106 1870 Β
2135 1823 2368 1889 tempus
2401 1819 2793 1890 navigationis
2826 1819 3106 1873 differret.

363 1908 566 1962 baram
598 1923 772 1977 quam
805 1905 1002 1960 colunt
1034 1905 1190 1958 Huni
1217 1905 2024 1973 transmeatpatriam.Tran-

366 1997 481 2051 sito
511 1996 705 2064 itaque
735 1993 1021 2062 Danubio,
1065 1993 1137 2046 ad
1182 2008 1384 2064 regem
1426 1993 1862 2046 Pannoniarum
1892 2009 2027 2062 per-

371 2084 559 2152 venit;
600 2087 656 2137 et
702 2085 1156 2152 pretergressus
1210 2080 1343 2151 ejus
1391 2081 1657 2150 patriam,
1706 2085 1908 2135 vastas
1938 2081 2023 2134 in-

367 2173 636 2245 greditur
653 2171 1028 2238 solitudines,
1049 2185 1197 2239 quas
1216 2169 1450 2223 deserta
1477 2169 1774 2240 Bulgariae
1797 2174 2027 2238 vocant,

367 2276 637 2332 quasque
668 2258 982 2313 latrunculi
1002 2257 1294 2328 Scythicae
1325 2258 1522 2327 gentis
1554 2258 1898 2312 inhabitant.
1934 2257 2028 2324 Hi,

368 2351 654 2421 degentes
685 2363 846 2402 more
879 2347 1158 2415 ferarum,
1184 2346 1364 2400 nullis
1395 2349 1742 2399 coercentur
1769 2346 2030 2417 legibus,
2062 2343 2068 2351 ’

368 2439 547 2492 nullis
579 2437 952 2491 continentur
981 2435 1231 2489 urbibus
1256 2452 1269 2499 ;
1318 2435 1430 2488 sub
1471 2434 1568 2488 dio
1599 2437 1852 2502 manent,
1885 2449 2034 2504 quas

371 2543 490 2580 nox
520 2525 784 2596 coegerit
815 2524 994 2578 sedes
1012 2522 1249 2590 habent,
1282 2527 1716 2590 praetereuntes
1738 2523 2030 2591 obsident,

371 2615 582 2670 obvios
612 2612 985 2679 interficiunt,
1021 2615 1254 2665 ceteros
1293 2611 1690 2680 depredantur
1720 2610 1888 2679 (506).

440 2700 529 2756 23.
553 2700 714 2765 Quod
731 2699 974 2754 domnus
992 2699 1296 2769 episcopus
1313 2699 1674 2770 Coryutlium
1693 2700 1766 2753 de
1778 2700 2028 2753 venerit.

369 2789 480 2858 (Ib.
512 2789 603 2858 34,
635 2786 749 2856 35.)
777 2787 922 2842 Cum
954 2788 1132 2859 igitur
1181 2789 1330 2841 inter
1379 2792 1460 2841 tot
1495 2788 1828 2842 mortiferas
1879 2789 2033 2841 iera-

371 2879 513 2934 lium
546 2879 805 2932 hostium
835 2876 1084 2930 insidias
1109 2876 1362 2930 domnus
1384 2876 1704 2946 episcopus
1736 2878 1848 2930 sub
1878 2877 2031 2945 peri-

374 2967 505 3021 culo
555 2966 763 3020 mortis
803 2965 1071 3045 sociique
1117 2963 1249 3034 ejus
1297 2965 1506 3034 trepidi
1553 2966 1806 3035 pendulo
1856 2965 2032 3018 corde

2205 1907 2302 1960 25.
2353 1907 2640 1972 Quomodo
2670 1907 2786 1976 iam
2820 1909 2998 1962 morti
3021 1908 3332 1979 proximus
3369 1915 3634 1963 sanctum
3670 1909 3803 1962 An-

2137 1997 2340 2052 dream
2371 1997 2745 2051 invocaverit
2776 1996 3125 2050 Fulcherus.
3156 1996 3265 2065 (Ib.
3299 1996 3413 2065 36.)
3439 1995 3586 2050 Cum
3603 1999 3807 2049 autem

2137 2084 2733 2154 devitajacentisjam
2757 2085 2992 2138 omnino
3018 2085 3452 2154 desperaretur,
3475 2089 3529 2138 et
3547 2101 3580 2138 a
3597 2085 3802 2137 nautis

2139 2173 2553 2227 advolantibus
2585 2173 2656 2226 ad
2688 2177 2921 2241 portum
2953 2173 3254 2242 proficisci
3284 2174 3605 2243 episcopus
3636 2187 3813 2244 coge-

2139 2265 2330 2325 retur;
2374 2261 2580 2315 revisit
2612 2265 2806 2314 tamen
2842 2264 3128 2332 aegrotum
3179 2265 3234 2315 et
3267 2262 3425 2314 velut
3473 2262 3532 2314 in
3572 2265 3810 2315 mortuo

2143 2364 2390 2418 corpore
2419 2349 2684 2402 ultimum
2698 2350 3128 2419 quodammodo
3152 2350 3476 2404 trahentem
3509 2350 3782 2419 spiritum
3796 2390 3809 2402 .

2141 2437 2324 2502 Quem
2347 2437 2520 2491 modo
2552 2453 2718 2504 voce,
2772 2437 2943 2490 modo
2984 2438 3224 2492 nutibus
3267 2439 3626 2507 compellans
3658 2454 3813 2510 quo-

2143 2527 2571 2596 modocumque
2584 2529 2827 2595 poterat,
2853 2525 3197 2580 missionem
3221 2527 3472 2596 petebat.
3500 2527 3610 2581 Sed
3636 2543 3812 2598 aeger

2143 2617 2413 2686 quamvis
2441 2615 2565 2685 jam
2597 2615 2800 2668 seculo
2831 2614 3164 2669 traderetur
3191 2615 3375 2682 alteri,
3411 2631 3592 2670 voces
3628 2619 3811 2686 atque

2143 2704 2444 2774 singultus
2457 2719 2899 2773 recognoscens
2914 2703 3230 2773 pontiﬁcis,
3248 2708 3550 2773 resumpto
3567 2705 3812 2773 spiritu,

2143 2792 2351 2846 oculos
2373 2792 2639 2860 aperuit;
2673 2806 2922 2861 cumque
2945 2789 3025 2831 384
3054 2792 3221 2863 gravi
3255 2792 3595 2846 difﬁcultate
3626 2793 3814 2846 verba

2143 2881 2438 2951 loquentis
2457 2879 2796 2950 intelligens
2813 2880 3084 2934 similiter
3096 2881 3237 2948 petit
3249 2881 3303 2932 et
3317 2881 3444 2949 ipse
3459 2881 3814 2934 missionem

2143 2972 2418 3039 tanquam
2441 2969 2537 3038 qui
2563 2969 2867 3022 recederet
2897 2984 2927 3020 a
2951 2969 3193 3022 saeculo.
3227 2967 3411 3032 Quem
3443 2969 3809 3022 venerabilis

373 3057 721 3124 transirent,
765 3055 1013 3123 septima
1054 3053 1146 3107 die
1197 3053 1349 3106 inter
1398 3055 1699 3108 condensa
1749 3054 2032 3107 silvarum
2066 3054 2116 3116 C
2142 3057 2405 3128 pontifex
2438 3072 2568 3110 cum
2601 3056 2871 3110 maximis
2903 3056 3174 3110 lamentis
3206 3058 3445 3127 totoque
3477 3057 3692 3111 mentis
3725 3056 3812 3109 af-

371 3145 572 3199 vident
600 3143 858 3198 cristatis
898 3143 1235 3214 vittatisque
1276 3142 1567 3211 capitibus
1619 3159 1684 3197 ac
1726 3142 2034 3196 seminudo

374 3248 619 3304 corpore
648 3231 822 3301 pallia
845 3230 1144 3284 trahentes
1167 3235 1223 3284 et
1245 3231 1392 3284 latas
1411 3232 1673 3301 caligas;
1705 3231 2038 3300 pendebant

373 3339 448 3378 ex
463 3322 727 3376 humeris
750 3319 1044 3388 pharetrae
1067 3323 1122 3372 et
1145 3320 1310 3373 laxos
1329 3335 1508 3373 arcus
1529 3323 1585 3372 et
1609 3319 1839 3372 hastilia
1864 3320 2036 3389 longa

375 3411 660 3465 ferebant.
694 3409 919 3472 Quibus
959 3409 1110 3462 visis
1157 3410 1454 3461 terrentur
1501 3408 1713 3476 ceteri;
1765 3408 1870 3460 sed
1904 3407 2037 3476 quia

365 3497 572 3569 justus
605 3500 665 3550 ut
694 3497 785 3550 leo
819 3495 1076 3563 conﬁdit,
1113 3496 1432 3563 episcopus
1473 3511 1539 3548 se
1572 3495 1818 3548 hilarem
1849 3495 2038 3564 magis

376 3586 662 3640 exhibuit.
686 3583 979 3637 Cerneres
1011 3583 1203 3652 itaque
1235 3583 1338 3636 Dei
1369 3587 1513 3636 nutu
1544 3598 1776 3637 omnem
1804 3583 2040 3636 illorum

376 3675 635 3729 furorem
649 3673 777 3727 viso
793 3672 1072 3741 episcopo
1092 3671 1236 3725 adeo
1259 3671 1588 3742 mitigatum
1607 3686 1766 3741 esse,
1785 3675 1864 3738 ut,
1882 3671 2037 3742 quod

376 3763 535 3817 dictu
565 3764 778 3816 mirum
809 3764 919 3829 est,
943 3760 1074 3814 loco
1098 3761 1392 3827 cederent,
1413 3761 1568 3813 viam
1591 3761 2038 3814 transeuntibus

377 3850 805 3922 quodammodo
819 3850 1313 3902 demonstrarent.
1333 3849 1430 3902 Sic
1448 3850 1699 3903 domnus
1717 3849 2035 3918 episcopus

382 3941 651 4010 sociique
693 3938 826 4008 ejus
884 3936 1214 3991 lethiferam
1276 3938 1577 4007 regionem
1636 3937 2040 4006 latronumque

377 4028 671 4084 domicilia
692 4026 1424 4097 pertransivitincolumis.
1457 4026 1780 4096 Ingressus
1813 4025 2038 4079 Dalma-

379 4119 518 4173 tiam
547 4117 816 4186 locisque
848 4115 1178 4184 peragratis
1218 4115 1278 4167 in
1309 4114 1526 4184 quibus
1556 4115 1693 4167 olim
1725 4113 2040 4168 Diocletia-

380 4222 493 4262 nus
545 4206 806 4259 thermas
855 4203 1199 4258 aediiicando
1247 4203 1483 4256 diversa
1522 4203 1728 4256 mortis
1769 4203 2042 4257 intulerat

380 4295 669 4365 supplicia
699 4293 918 4347 Christi
949 4293 1320 4361 martiribus,
1368 4307 1610 4346 cursum
1660 4292 1838 4345 ﬂectit
1879 4291 2040 4345 Isau-

2147 3146 2303 3200 fectu
2334 3145 2454 3198 Deo
2501 3145 2951 3212 commendans,
2988 3149 3192 3198 sancto
3235 3146 3528 3199 commisit
3556 3146 3816 3199 Andreae

2145 3233 2410 3304 apostolo
2461 3235 2633 3302 atque
2683 3232 2928 3308 glorisae
2975 3235 3200 3304 reginae
3249 3233 3450 3288 Mariae
3497 3234 3816 3305 genitricis

2147 3323 2252 3376 Dei
2297 3321 2524 3375 meritis
2571 3325 2626 3374 et
2664 3321 2964 3390 precibus.
3000 3321 3124 3374 Nec
3172 3322 3416 3386 mirum,
3470 3322 3625 3392 quod
3676 3337 3817 3375 eum

2148 3425 2321 3480 quem
2372 3410 2673 3480 diligebat,
2709 3409 2826 3462 illis
2875 3409 3220 3462 familiarius
3270 3409 3608 3478 deposuerit
3657 3424 3818 3479 quos

2146 3515 2270 3568 prae
2301 3499 2514 3551 ceteris
2547 3497 2821 3550 omnibus
2851 3498 3128 3551 attentius
3162 3498 3484 3551 excolebat.
3513 3499 3655 3551 Post
3678 3498 3815 3552 haec

2147 3588 2307 3642 velut
2335 3586 2600 3640 ultimum
2635 3585 3027 3639 valedicentes
3051 3588 3106 3639 et
3129 3587 3396 3639 osculum
3412 3587 3576 3655 pacis
3599 3587 3815 3640 dantes

2149 3677 2219 3730 ad
2259 3676 2538 3743 invicem,
2571 3675 2822 3728 domnus
2854 3675 3172 3743 episcopus
3203 3676 3520 3728 abscessit.

2218 3762 2306 3817 26.
2344 3764 2429 3817 De
2460 3763 2727 3816 lacrimis
2759 3768 2818 3815 et
2843 3779 3024 3833 prece
3056 3762 3357 3816 Fulcheri.
3394 3764 3542 3816 Hinc
3587 3779 3752 3834 aeger
3783 3780 3818 3816 a

2149 3852 2396 3906 medicis
2428 3851 2798 3919 desperatus,
2825 3866 2855 3901 a
2881 3851 3193 3904 comitibus
3217 3851 3554 3919 derelictus,
3590 3852 3695 3904 sed
3723 3852 3824 3904 be-

2149 3940 2479 3994 nedictione
2512 3939 2776 4008 episcOpi
2801 3939 3184 4002 refocillatus,
3212 3939 3820 4009 quantulumcumque

2149 4028 2484 4098 respiravit.
2521 4027 2744 4079 Dehinc
2774 4027 2924 4094 apud
2958 4043 3023 4080 se
3054 4028 3326 4080 recolens
3358 4027 3556 4096 verba,
3593 4028 3820 4097 quibus

2149 4132 2281 4170 eum
2312 4116 2573 4186 pontifex
2603 4117 2806 4167 sancto
2849 4115 3224 4169 commiserat
3263 4116 3515 4169 Andreae
3565 4116 3822 4186 quibus-

2151 4221 2265 4276 que
2297 4205 2713 4273 imploraverat
2754 4207 3016 4256 sanctam
3062 4204 3168 4257 Dei
3204 4204 3551 4274 genitricem
3582 4220 3688 4274 pro
3725 4221 3818 4273 se,

2151 4293 2352 4347 intima
2385 4292 2584 4346 cordis
2615 4292 2854 4344 trahens
2879 4290 3160 4359 suspiria,
3177 4291 3437 4345 lacrimis
3462 4293 3686 4345 obortis
3711 4293 3818 4361 ait,

378 4386 526 4439 riam
585 4398 824 4436 versus.
881 4381 1063 4446 Quam
1124 4380 1488 4451 preteriens,
1540 4382 1774 4435 devenit
1812 4380 2039 4451 Coryn-
2069 4414 2124 4475 D
2154 4385 2217 4436 ut
2242 4384 2370 4452 ipse
2393 4380 2764 4450 postmodum
2794 4379 3120 4433 testabatur
3153 4396 3164 4433 :
3204 4403 3224 4426 α
3261 4380 3524 4434 Osancte
3549 4380 3816 4450 Andrea,

376 4474 540 4528 thum
570 4470 689 4540 333;
738 4471 973 4540 illicque
1020 4470 1268 4523 audiens
1321 4469 1598 4522 Demetrii
1650 4471 1840 4523 sancti
1888 4470 2040 4523 inter

379 4561 652 4616 martires
696 4559 945 4628 preclari
993 4572 1210 4624 corpus
1259 4558 1604 4626 quiescere,
1657 4557 2039 4627 sepulchrum

381 4649 640 4719 expetiit.

461 4739 550 4793 24.
578 4739 667 4792 De
685 4736 1320 4806 Fulclieroacgrotante
1341 4750 1517 4804 usque
1540 4735 1614 4787 ad
1625 4740 1890 4789 mortem.
1907 4733 2045 4789 Inde

380 4842 744 4899 progressus
776 4825 877 4880 ubi
898 4824 969 4878 ad
1001 4824 1323 4878 Laoditiam
1354 4822 1538 4892 Syriae
1567 4823 1852 4892 pervenit,
1887 4839 2040 4877 com-

2155 4471 2330 4541 cujus
2361 4485 2452 4522 me
2482 4469 2678 4522 tutelae
2712 4469 2984 4522 dominus
3009 4483 3174 4522 meus
3209 4469 3545 4522 Lietbertus
3576 4470 3824 4538 episco-

2152 4575 2265 4629 pus
2295 4557 2609 4626 commisit,
2644 4557 2936 4627 cujusque
2968 4557 3377 4610 memoriamin
3394 4558 3638 4611 cenobio
3657 4558 3825 4627 quod

2152 4649 2244 4702 est
2273 4646 2426 4715 apud
2445 4646 2677 4700 Novum
2695 4645 3010 4699 Castellum
3036 4645 3211 4699 situm
3231 4646 3475 4714 excolit;
3501 4646 3552 4698 si
3581 4649 3642 4698 tu
3673 4661 3821 4699 vere

2153 4751 2219 4789 es
2251 4735 2347 4788 ille
2379 4735 2646 4788 Andreas
2683 4733 2965 4803 decorus,
2997 4735 3184 4787 virilis
3234 4734 3538 4803 apostolus
3571 4733 3823 4804 Christi,

2157 4824 2385 4878 amicus
2415 4823 2538 4891 Dei,
2564 4837 2737 4893 quem
2768 4822 3054 4876 Dominus
3085 4821 3289 4876 dilexit
3318 4823 3376 4875 in
3407 4823 3649 4877 odorem
3680 4837 3824 4876 sua-

1677 4961 1969 5020 VARI/E
2017 4958 2502 5021 LECTIONES.

453 5069 533 5114 383
561 5071 945 5126 Chorinerum
989 5069 1051 5125 V.
1085 5070 1278 5124 Lieth.
1334 5063 1435 5109 ’384
1464 5082 1759 5139 quumque
1791 5083 1924 5123 cum
1953 5085 2074 5140 cop.

1957 5189 2231 5254 NOT/E.

456 5301 601 5375 (504)
632 5303 727 5358 Sc.
760 5303 986 5375 civitas.

458 5367 604 5447 (505)
657 5374 843 5447 1034ιο
876 5375 1197 5428 Dominicze
1229 5370 1668 5428 lncarnalionis
1716 5387 1883 5425 anno.
1922 5367 2053 5423 Vita

391 5443 607 5588 nggti)
640 5446 950 5588 (Cifieieatim
997 5515 1212 5588 vadunt
1232 5555 1268 5588 ,_
1299 5516 1488 5569 omnia
1520 5531 1624 5588 sua
1669 5529 1865 5568 secum
1895 5528 2044 5588 pars

391 5583 596 5650 tantes"
617 5604 742 5644 cum
769 5583 892 5643 tota
925 5584 1319 5663 supellectile,
1337 5585 1616 5660 parvulis
1644 5591 1703 5642 et
1732 5583 2035 5640 uxoribus.

2157 5299 2398 5353 Nullius
2426 5297 2667 5354 heresis
2698 5299 2992 5354 nominata
3037 5305 3220 5369 secta,
3259 5297 3474 5354 nullius
3502 5298 3827 5370 religionis

2163 5371 2368 5424 divino
2398 5370 2553 5423 cultu
2605 5377 2920 5434 tenentur;
2955 5377 3166 5438 tamen,
3201 5373 3354 5424 sicut
3387 5387 3463 5424 ex
3491 5386 3689 5425 eorum
3727 5371 3828 5422 in-

2163 5441 2440 5494 terfectis
2492 5441 2764 5510 vidimus,
2813 5457 2976 5495 more
3025 5440 3460 5495 Saracenorum
3506 5442 3826 5494 circumci-

2156 5511 2407 5584 duntur;
2441 5511 2693 5584 barbari
2712 5511 3018 5584 crudeles,
3053 5511 3386 5584 homicidae,
3418 5513 3552 5570 sine
3581 5510 3824 5584 affectu,

2149 5583 2282 5639 sine
2305 5583 2554 5656 pietate,
2589 5583 2748 5639 addit
2778 5583 2907 5639 Vita
2936 5582 3149 5656 Lietb.,
3183 5599 3234 5639 c.
3267 5582 3356 5643 33.
