4058 6182
209 335 303 397 261
692 330 1091 393 CHRONIC.
1137 330 1202 391 S.
1248 328 1625 391 ANDRE/E
1669 328 1971 390 CASTRI
2016 327 2606 393 CAMERACESII.
2657 366 2730 376 —
2776 332 2935 394 LIB.
2983 332 3063 395 ΙΙ.

3467 333 3586 399 262

208 532 401 599 vitatis,
432 543 739 598 succurre,
789 529 1031 597 festina,
1085 529 1399 594 miserere,
1451 527 1815 599 digitumque
1843 508 1899 569 Α
1933 525 2131 596 pultus
2178 533 2457 597 maneret,
2492 528 2752 596 precepit
2782 534 2843 583 ut
2866 532 3213 600 quantocius
3236 534 3587 588 vestimenta

206 625 340 675 tuum
368 620 656 688 intergens
677 619 736 671 in
760 618 889 671 oleo
910 617 1356 685 misericordiae,
1380 615 1689 687 genitricis
1713 614 1817 668 Dei

204 708 420 761 dominae
437 710 647 761 nostrae
663 709 886 759 sanctae
910 706 1109 760 Mariae
1131 704 1409 774 precibus
1432 703 1550 758 tuis
1568 702 1819 760 animam

202 795 531 851 deiicientem
556 797 844 861 sustenta,
868 794 1230 848 laborantem
1253 793 1489 863 adjuva,
1512 805 1814 854 succurre,

206 884 364 937 amice
390 881 489 936 Déi
516 897 622 952 per
660 886 958 936 secretum
1003 880 1225 935 Christi
1255 880 1524 952 magistri
1555 879 1656 933 tui.
1690 880 1820 932 Jam

206 972 409 1025 morior.
440 968 600 1034 Quod
632 985 751 1023 non
779 985 1027 1040 possum
1075 984 1183 1039 per
1218 984 1331 1038 me,
1365 972 1607 1022 matrem
1638 982 1820 1037 posce

204 1059 430 1129 pietatis,
459 1057 735 1128 quatinus
766 1056 907 1111 mihi
950 1056 1338 1125 subsidietur,
1372 1072 1487 1110 non
1515 1056 1664 1110 meis
1695 1069 1821 1109 me-

206 1147 331 1214 ritis,
362 1142 571 1216 quibus
600 1162 776 1216 pcena
805 1145 1011 1200 mortis
1042 1145 1308 1214 debetur,
1333 1144 1438 1198 sed
1462 1144 1595 1213 ejus
1614 1144 1711 1214 qui
1731 1157 1821 1197 me

201 1236 345 1288 vobis
365 1234 653 1288 commisit
673 1233 935 1288 lacrimis
956 1237 1013 1287 et
1028 1233 1327 1303 precibus.
1354 1255 1376 1280 ιι
1398 1232 1643 1286 Noctem
1664 1230 1821 1284 illam

199 1322 427 1392 pontifex
445 1322 611 1376 duxit
625 1323 978 1389 insomnem,
1005 1337 1073 1375 se
1094 1336 1359 1391 suosque
1384 1322 1505 1375 Deo
1530 1335 1822 1374 commen-

202 1411 324 1464 dans
340 1410 652 1481 gemitibus
671 1411 886 1479 solitis,
900 1409 1174 1480 votisque
1192 1409 1562 1479 supplicibus
1581 1408 1828 1463 morieno

201 1498 263 1552 tis
287 1499 441 1555 amici
471 1498 799 1567 protelabat
823 1499 1020 1553 vitam.

256 1586 332 1640 27.
350 1586 434 1641 De
446 1587 817 1658 apparitione
829 1592 1050 1641 sanctae
1065 1587 1279 1640 Mariae
1291 1591 1349 1640 et
1367 1586 1562 1639 sancti
1577 1584 1821 1639 Andrw.

199 1674 378 1741 (Gesta
390 1675 586 1730 Lietb.
602 1676 687 1729 37
698 1677 738 1745 .)
751 1676 998 1745 Jamque
1011 1675 1444 1744 propinquabat
1455 1674 1645 1727 noctis
1659 1689 1827 1744 quar-

1932 614 2046 668 sibi
2079 614 2354 684 deferret,
2388 615 2618 685 viaeque
2648 617 2981 684 pontificem
3009 626 3348 691 sequuturae
3378 638 3586 677 neces-

1934 702 2088 755 saria
2131 704 2340 757 cuncta
2379 707 2630 773 pararet.
2687 704 2788 759 IIIo
2834 723 2966 760 cum
3003 714 3289 764 amentem
3318 715 3581 781 putante,

1932 791 2200 859 protinus
2231 786 2492 845 s‘urrexit
2539 794 2690 863 ipse,
2737 795 3035 849 dominum
3081 798 3289 852 domus
3335 801 3583 871 vocavit,

1908 882 2211 957 quantum
2244 895 2348 948 pro
2383 881 2695 949 impendiis
2719 883 2836 937 sibi
2858 884 3086 938 collatis
3117 885 3398 940 debeatur
3428 903 3587 957 quae-

1935 966 2092 1034 sivit,
2126 970 2477 1037 computatis
2509 973 2565 1022 et
2595 971 2861 1040 redditis,
2895 988 3081 1043 equos
3112 989 3256 1029 suos
3288 990 3462 1045 quam
3495 991 3587 1030 ce-

1935 1054 2133 1109 leriter
2161 1057 2354 1123 parari
2375 1055 2577 1126 jubet,
2610 1075 2975 1131 puerumque
3008 1063 3431 1133 suppellectilis
3461 1079 3589 1118 suae

1934 1144 2079 1196 nihil
2112 1145 2384 1198 oblivisci
2425 1151 2638 1200 monet.
2671 1148 2851 1211 Quem
2884 1166 2997 1203 non
3029 1152 3222 1205 solum
3253 1151 3588 1220 paterfami-

1934 1231 2067 1300 lias,
2094 1233 2153 1285 in
2167 1232 2342 1304 cujus
2356 1233 2611 1304 hospitio
2626 1242 2940 1305 manserat,
2959 1239 3589 1311 miraturincolumem,

1936 1320 2042 1374 sed
2076 1322 2268 1375 omnis
2299 1323 2516 1377 vicinia
2544 1324 2763 1394 gaudet
2800 1326 2990 1395 ipsius
3031 1328 3333 1398 sospitate.
3369 1328 3593 1384 Gaudet

1936 1412 1993 1461 et
2024 1414 2231 1462 cuncta
2266 1411 2474 1464 civitas
2507 1415 2562 1465 et
2594 1413 2908 1484 applaudit,
2944 1417 3219 1485 quoniam
3250 1433 3424 1487 quem
3453 1434 3593 1489 pre-

1937 1500 2106 1566 cepto
2139 1498 2483 1569 evangelico
2514 1502 2839 1555 statuerant
2868 1505 3212 1558 morientem
3243 1520 3382 1560 sero
3416 1522 3625 1577 sepe-.

1934 1585 2069 1654 lire,
2102 1587 2422 1642 cernebant
2453 1604 2619 1643 mane
2638 1590 2944 1645 velocibus
2968 1608 3183 1662 equum
3206 1609 3378 1648 suum
3399 1596 3592 1664 passi-

1936 1675 2049 1729 bus
2080 1675 2363 1730 emittere.
2400 1676 2534 1746 Ipse
2565 1693 2705 1733 vero
2739 1680 2965 1734 cunctis
2988 1682 3389 1751 quaerentibus
3420 1684 3591 1740 laetus

198 1762 466 1833 tavigilia,
490 1780 625 1818 cum
648 1764 864 1818 ceteris
887 1763 987 1833 qui
1007 1763 1067 1817 in
1088 1763 1261 1816 domo
1291 1765 1474 1831 erant,
1498 1762 1555 1815 in
1575 1778 1689 1832 qua
1720 1761 1825 1814 de-
1856 1749 1905 1810 Β
1936 1762 2247 1828 referebat,
2284 1770 2496 1835 quanta
2528 1767 2644 1820 sibi
2674 1783 2778 1836 per
2809 1784 2974 1822 suam
2998 1770 3323 1840 gloriosam
3352 1772 3593 1843 genitri-

200 1851 481 1905 cumbebat
525 1852 869 1923 languidus,
903 1852 1222 1920 soporatis,
1254 1851 1426 1904 visus
1469 1853 1562 1904 est
1592 1850 1829 1903 sibimet

193 1939 339 2008 quasi
367 1940 780 2011 semivigilans
807 1939 1222 1994 obdormiisse.
1255 1937 1475 1993 Etecce
1490 1938 1829 1992 videtbinos

190 2025 493 2081 daemonum
538 2028 789 2097 spiritus
838 2042 1033 2081 coram
1082 2043 1148 2080 se
1198 2029 1386 2095 stare,
1434 2026 1688 2083 ferreum
1722 2026 1830 2079 tri-

189 2114 393 2169 dentem
422 2114 997 2186 ﬂammivomamque
1029 2114 1188 2169 velut
1228 2115 1299 2169 de
1332 2114 1574 2169 fornace
1606 2116 1829 2168 erutam

192 2202 445 2273 ferentes,
476 2219 677 2274 quam,
712 2205 868 2258 sicut
899 2204 1051 2257 idem
1075 2203 1291 2273 retulit,
1318 2202 1527 2257 mortis
1561 2202 1830 2256 aculeum

190 2291 561 2347 nominabant.
598 2293 883 2347 Dicebant
913 2293 1067 2345 enim
1099 2307 1166 2345 se
1196 2292 1268 2345 ad
1295 2290 1409 2344 hoc
1432 2290 1742 2359 detulisse,
1768 2293 1830 2343 ut

187 2393 296 2431 eam
324 2381 481 2435 cordi
514 2380 654 2451 ejus
684 2380 1000 2451 afﬁgerent
1028 2383 1084 2433 et
1114 2380 1204 2433 sic
1238 2379 1491 2432 animam
1522 2378 1825 2448 ejicerent.

190 2466 312 2529 Quis
338 2468 512 2522 timor
541 2469 664 2537 ille,
698 2469 859 2522 Deus
886 2466 898 2522 ι
931 2468 1067 2538 quis
1110 2467 1297 2534 dolor,
1330 2482 1463 2536 quae
1493 2464 1825 2537 angustiae!

193 2554 468 2610 laborabat
499 2571 686 2628 aeger,
719 2556 1023 2610 laborabat
1044 2559 1101 2609 et
1128 2555 1470 2619 deficiebat;
1505 2554 1829 2623 aspiciebat

194 2642 325 2696 ictus
354 2644 533 2699 ferire
566 2643 942 2710 minantium,
982 2644 1336 2714 penitusque
1367 2642 1825 2710 dissolvebatur,

192 2730 547 2802 singultiens;
568 2732 1029 2801 dissolvebatur,
1046 2736 1101 2786 et
1116 2732 1266 2785 inter
1281 2730 1581 2801 singultus
1605 2733 1826 2784 tantum

191 2820 437 2874 sonabat:
463 2840 485 2868 ι
513 2819 730 2875 Sancta
752 2821 936 2892 Virgo
954 2820 1270 2891 virginum,
1298 2819 1481 2873 Mater
1502 2820 1666 2887 Jesu,
1692 2834 1826 2872 san-

192 2910 266 2961 cte
285 2908 533 2962 Andrea.
564 2931 588 2956 -ι
622 2908 686 2962 In
715 2909 826 2962 hoc
859 2911 1012 2962 tanto
1045 2912 1278 2978 tamque
1310 2907 1556 2961 terribili
1588 2906 1829 2960 tribula-

1937 1866 2063 1905 cem
2082 1856 2470 1923 sanctumque
2486 1855 2779 1909 Andream
2791 1859 3121 1926 apostolum
3141 1858 3384 1915 fecisset
3405 1861 3593 1915 Domi-

1938 1954 2070 1993 nus.
2106 1939 2247 1995 Inde
2278 1942 2467 2012 gradu
2501 1943 2817 2015 citissimo,
2852 1962 2962 2000 suo
3008 1947 3316 2002 comitatus
3357 1949 3584 2017 cliente,

1936 2026 2176 2081 festinat
2205 2031 2492 2101 consequi
2524 2033 2875 2103 pentiticem,
2908 2052 3081 2106 quem
3105 2038 3291 2107 pietas
3319 2043 3375 2093 et
3402 2039 3591 2109 provi-

1935 2115 2129 2169 dentia
2160 2116 2263 2170 Dei
2294 2119 2485 2172 adhuc
2517 2120 2813 2176 detinebat
2842 2123 2901 2177 in
2932 2124 3144 2180 littore.

2004 2202 2092 2258 29.
2129 2205 2240 2273 (Ib.
2262 2208 2392 2275 39.)
2415 2207 2561 2261 Dum
2576 2226 2691 2280 per
2710 2210 2881 2265 littus
2897 2213 3205 2283 episcopus
3232 2215 3587 2284 dcambulat,

1935 2292 2267 2347 Ivulclierus
2286 2310 2493 2366 sospes
2514 2297 2778 2352 advenit.
2801 2299 2899 2354 Sol
2924 2301 3095 2355 etiam
3117 2304 3392 2357 exoriens
3415 2304 3590 2358 crini-

1934 2381 2011 2434 tis
2036 2382 2219 2435 radiis
2242 2382 2497 2436 futuram
2516 2385 2790 2455 signabat
2811 2390 3213 2456 tempestatem
3237 2405 3251 2459 ;
3282 2391 3438 2460 quod
3456 2407 3591 2461 pro-

1934 2469 2052 2521 vidi
2076 2474 2269 2523 nauta:
2292 2476 2571 2526 caventes
2595 2472 2943 2528 differebant
2963 2477 3415 2549 navigationem.
3437 2479 3594 2534 Inter

1936 2558 2063 2611 hinc
2094 2557 2237 2611 hora
2268 2558 2385 2611 diei
2416 2562 2604 2630 tertia,
2631 2561 2766 2616 dum
2799 2564 3062 2632 pontifex
3092 2566 3149 2619 in
3181 2567 3372 2622 littore
3403 2568 3593 2623 deam-

1933 2645 2148 2699 bulans
2181 2662 2385 2700 secum
2416 2648 2659 2704 deflet-ct
2680 2666 2885 2705 casum
2906 2653 3184 2709 derelecti
3207 2655 3418 2726 ﬁdelis,
3445 2673 3592 2711 nun-

1922 2734 2121 2790 .ciatur
2149 2735 2202 2788 ei
2247 2751 2278 2788 a
2327 2737 2857 2807 prospicientibus,
2913 2741 3188 2796 domuum
3236 2744 3592 2799 Fulcherum

1935 2822 2156 2877 venire.
2185 2823 2376 2877 Primo
2395 2826 2782 2896 stupefactus,
2799 2829 2932 2882 dein
2944 2834 3197 2885 mentem
3208 2834 3589 2904 recolligens,

1934 2910 2175 2980 inquirit
2193 2911 2445 2980 qualiter
2460 2913 2514 2966 id
2536 2915 2795 2969 scirent?
2816 2916 2939 2970 Illis
2961 2918 3376 2991 referentibus,
3403 2937 3592 2992 equos

190 2994 343 3048 tionis
369 2996 650 3066 articulo,
692 2997 845 3050 inter
887 2996 1175 3066 caligines
1223 2997 1279 3047 et
1327 2995 1566 3048 umbras
1597 2994 1826 3063 mortis,
1858 2990 1908 3051 C
1938 3013 2088 3068 quos
2118 2998 2219 3052 ille
2251 3001 2513 3069 equitare
2536 3002 2764 3057 solebat
2792 3007 2848 3057 et
2876 3007 3226 3061 vestimenta
3248 3007 3383 3078 ejus
3404 2990 3475 3063 se
3491 3023 3593 3062 ve-

186 3082 406 3137 ceolitus
435 3082 809 3155 effulgurans
838 3083 1078 3137 irradiat
1109 3083 1303 3137 locum
1326 3098 1434 3137 sua
1453 3082 1830 3136 sanctissima

190 3172 460 3238 presentia
481 3172 660 3226 stella
679 3172 882 3240 maris,
906 3175 1090 3225 mater
1110 3171 1165 3242 pi
1174 3171 1366 3240 etatis,
1391 3169 1568 3240 cujus
1590 3174 1830 3239 precatu

188 3259 353 3327 pietas
371 3260 476 3314 Dei
493 3260 686 3330 parcit
705 3261 1074 3330 peccantium
1108 3258 1319 3329 culpis.
1341 3258 1544 3325 Adest,
1569 3257 1828 3329 inquam,

187 3361 308 3415 spes
336 3349 714 3417 miserorum,
751 3349 916 3402 salus
946 3347 1226 3402 debilium
1248 3387 1262 3415 ,
1308 3346 1642 3401 daemonum
1680 3346 1830 3400 forte

188 3433 478 3490 lamentum
506 3455 519 3500 ;
558 3435 761 3491 ferens
791 3437 996 3491 dextra
1028 3452 1145 3507 qua
1172 3434 1474 3489 Christum
1502 3435 1714 3504 pannis
1746 3434 1831 3487 in-

183 3521 408 3578 volvens
437 3525 754 3579 reclinavit
783 3523 843 3577 in
885 3524 1200 3593 praesepio,
1233 3522 1485 3577 vivificaa
1516 3522 1713 3576 crucis
1744 3522 1831 3575 si-

188 3623 344 3679 gnum
356 3612 778 3667 sinistrorsum
792 3612 1035 3666 acclinis
1054 3627 1236 3681 super
1249 3614 1517 3666 sanctum
1533 3611 1832 3665 Andream

186 3700 515 3767 apostolum.
556 3722 581 3748 α
616 3700 761 3765 Quis
798 3701 1003 3770 inquit,
1037 3699 1390 3771 nequissimi
1423 3699 1668 3768 spiritus
1701 3702 1830 3753 tan-

185 3786 267 3840 tus
292 3790 483 3843 terror
505 3789 696 3842 vestri
718 3787 943 3843 furoris
965 3792 1237 3858 tantaque
1255 3803 1364 3841 vos
1384 3787 1626 3858 generis
1646 3787 1832 3841 tenuit

185 3871 403 3930 Fiducia
430 3877 647 3946 vestri,
684 3881 745 3930 ut
776 3891 881 3930 eos
903 3877 1000 3946 qui
1023 3876 1199 3929 nobis
1222 3876 1526 3929 commissi
1552 3880 1689 3929 sunt
1722 3890 1830 3929 vo-

184 3960 263 4015 bis
300 3964 607 4018 vindicare
656 3964 900 4018 velitis?
928 3964 1077 4028 Quid
1120 3963 1294 4018 vobis
1344 3966 1400 4017 et
1439 3979 1621 4036 aegro,
1656 3978 1831 4034 quem

184 4047 322 4105 filius
351 4068 522 4108 meus
571 4053 767 4107 reddit
804 4053 1077 4122 SOSpitati
1127 4051 1310 4123 hujus
1353 4054 1541 4107 sancti
1574 4052 1828 4106 Androm

1938 3086 2159 3139 raciter
2186 3087 2433 3156 vidisse,
2470 3091 2785 3159 suspirans
2816 3092 2929 3147 ait;
2967 3116 2988 3140 «ι
3034 3094 3234 3148 Potest
3264 3110 3401 3150 esse
3428 3112 3442 3167 ;
3474 3113 3593 3153 non

1938 3178 2028 3227 est
2047 3170 2377 3230 Fulcherus
2400 3177 2505 3230 sed
2529 3177 2789 3233 fortasse
2806 3195 2956 3249 puer
2976 3182 3186 3251 ipsius,
3212 3184 3331 3254 qui,
3356 3185 3590 3254 sepulto

1935 3261 2192 3331 domino,
2215 3279 2325 3317 nos
2348 3267 2745 3336 prosequitur.
2774 3268 2920 3321 Nam
2944 3268 3302 3326 Fulcherum
3320 3273 3439 3327 nisi
3465 3276 3592 3329 sola

1936 3349 2039 3404 Dei
2070 3351 2378 3405 clementia
2400 3352 2528 3423 jam
2559 3371 2673 3409 non
2715 3371 2890 3425 spero
2920 3358 3141 3412 videre.
3174 3360 3444 3416 Attamen
3473 3379 3591 3418 non

1934 3438 2136 3493 difﬁde
2170 3440 2240 3494 de
2270 3440 2494 3496 Christi
2524 3443 2948 3515 misericordia,
2972 3462 3104 3517 quae
3127 3450 3437 3506 sororibus
3461 3454 3591 3508 red-

1934 3528 2079 3581 didit
2108 3529 2428 3601 Lazarum,
2465 3531 2657 3587 viduae
2699 3535 2936 3589 unicum
2982 3536 3184 3594 ﬁlium.
3225 3559 3245 3587 »
3283 3539 3431 3595 Dum
3462 3542 3591 3598 haec

1936 3631 2138 3670 secum
2161 3617 2560 3690 loquerentur,
2585 3625 2641 3675 et
2662 3622 2863 3677 intenti
2886 3625 3191 3681 venientes
3210 3629 3343 3684 illos
3362 3632 3591 3702 prospi-

1935 3708 2156 3776 cerent,
2182 3707 2351 3763 adest
2375 3707 2722 3765 Fulcherus.
2737 3712 2783 3766 Ο
2797 3717 3075 3783 quantum
3092 3714 3266 3771 fuerit
3285 3720 3586 3790 gaudium,

1934 3800 2146 3866 quanta
2172 3796 2370 3851 laetitia
2390 3800 2622 3853 noverit
2643 3816 2810 3855 mens
2837 3802 3119 3859 humana!
3145 3805 3293 3870 Quid
3315 3809 3591 3878 qualiter-

1933 3901 2004 3939 ve
2037 3886 2410 3957 contigisset,
2443 3888 2558 3943 sibi
2580 3904 2696 3943 non
2724 3895 2848 3945 erat
2872 3892 3095 3947 referre
3117 3893 3370 3965 licitum;
3394 3901 3588 3953 tantus

1933 3980 2058 4028 erat
2104 3976 2391 4029 tumultus
2443 3980 2616 4047 atque
2667 3981 2822 4033 tanta
2869 3979 3199 4052 frequentia
3244 4001 3382 4040 sese
3427 4003 3590 4042 com-

1932 4063 2210 4134 plexibus
2234 4062 2365 4134 ejus
2388 4065 2800 4136 ingerentium.
2825 4068 2936 4138 (Ib.
2961 4071 3073 4139 40.)
3096 4071 3357 4143 Recepto
3379 4079 3589 4133 comite

185 4140 441 4204 Ρνθοὶδιιε
463 4143 493 4195 ?
522 4140 704 4195 Abite
732 4140 871 4195 hinc
900 4142 1274 4210 quantocius,
1325 4141 1478 4194 abite
1504 4138 1515 4194 ί
1565 4160 1587 4189 ι
1639 4140 1826 4211 Cujus
1859 4225 1886 4226 ί
1929 4152 2113 4223 jussu
2130 4156 2436 4207 nautarum
2460 4154 2711 4209 domnus
2735 4158 2998 4226 pontifex
3019 4175 3229 4214 navem
3247 4138 3591 4221 conscendit

184 4224 243 4279 ad
270 4227 583 4299 imperium
614 4229 771 4283 dicto
803 4229 977 4283 citius
1009 4232 1372 4283 evanescunt
1392 4229 1475 4282 illi
1496 4228 1827 4283 daemonum
1855 4225 1909 4285 D
1939 4255 2071 4294 cum
2104 4242 2254 4295 suis.
2289 4241 2495 4296 Nautes
2527 4245 2709 4298 remis
2736 4224 3056 4316 insurgunt
3083 4250 3222 4303 totis
3250 4251 3501 4324 viribus,

184 4314 426 4383 spiritus.

241 4403 321 4458 De
355 4406 651 4477 sospitate
694 4420 810 4476 per
849 4410 1111 4461 sanctam
1158 4404 1414 4459 Mariam
1459 4411 1517 4459 et
1563 4410 1826 4459 sanctum

183 4490 464 4547 Andream
497 4492 799 4548 Fulcliero
845 4493 1106 4548 reddita.
1159 4492 1269 4562 (Ib.
1303 4493 1418 4562 38.)
1449 4493 1614 4547 Tunc
1644 4497 1829 4547 mater

184 4578 393 4644 pietatis
410 4596 650 4653 aegrum
671 4582 936 4651 respexit
956 4581 1119 4636 vultu
1143 4582 1501 4651 serenitatis,
1526 4581 1689 4636 vultu
1711 4597 1827 4652 quo

186 4665 320 4721 inter
347 4670 741 4725 convivantes
770 4669 1135 4741 suggerebat
1168 4668 1420 4724 deficere
1449 4670 1670 4739 vinum,
1704 4670 1825 4740 illo,

186 4752 426 4825 inquam,
444 4757 614 4812 vultu
630 4799 644 4827 ,
670 4772 784 4827 quo
804 4758 1094 4811 dolentem
1135 4759 1395 4827 respexit
1415 4757 1825 4828 Theophilum,

184 4843 330 4899 vultu
350 4846 690 4901 dulcedinis
715 4848 774 4900 et
792 4847 1018 4917 gratiae,
1044 4862 1114 4900 eo
1148 4846 1384 4915 inquam
1408 4846 1571 4900 vultu
1600 4846 1829 4917 langui-

185 4929 466 5003 dumajam
498 4949 669 5005 paene
699 4937 994 4989 mortuum
1024 4933 1356 4987 daemonum
1386 4934 1659 4988 manibus
1691 4949 1829 4989 eru-

184 5020 290 5073 tum
326 5024 625 5092 respexit,
673 5026 731 5077 et
758 5026 819 5076 ut
851 5025 1128 5094 surgeret
1174 5021 1624 5093 pontiﬁcemque
1654 5037 1828 5077 suum

188 5114 521 5175 sequeretur
541 5110 885 5180 imperando
918 5110 1304 5182 significavit;
1328 5110 1533 5181 sicque
1554 5112 1824 5165 recessit.

190 5192 506 5251 Recedente
530 5198 781 5267 visione,
805 5199 907 5269 qui
926 5198 1042 5252 sibi
1060 5197 1316 5252 dormire
1337 5197 1648 5252 videbatur
1667 5214 1830 5270 aeger

188 5283 376 5339 oculos
405 5287 657 5356 aperuit,
692 5290 749 5341 et
776 5288 853 5353 ita
874 5303 941 5341 se
963 5302 1175 5341 sanum
1197 5287 1599 5357 sospitemque
1620 5303 1826 5357 reppe-

189 5369 270 5435 rit,
294 5375 415 5428 acsi
436 5375 519 5427 nil
536 5375 671 5428 mali
692 5375 1055 5445 pertulisset.
1089 5374 1224 5428 Mox
1264 5375 1582 5430 acclamato
1620 5391 1824 5446 puero,

189 5460 276 5527 qui
304 5461 420 5516 sibi
449 5462 524 5517 ad
555 5463 667 5518 hoc
694 5467 1079 5532 remanserat,
1115 5463 1168 5518 si
1203 5466 1531 5519 moreretur
1560 5480 1633 5520 ne
1664 5465 1827 5520 inse-

1938 4402 2323 4473 Prosequitur
2353 4417 2612 4474 surgens
2643 4419 2675 4456 a
2704 4404 2883 4475 puppi
2914 4410 3128 4461 ventus
3161 4412 3391 4465 euntes.

1934 4490 2233 4562 Linquunt
2263 4491 2545 4545 Laoditiae
2576 4497 2783 4562 portus
2813 4493 3142 4566 pelagoque
3171 4497 3369 4553 volant

1933 4579 2295 4650 Crebrisque
2325 4580 2531 4651 legunt
2558 4581 2706 4636 freta
2736 4583 2963 4637 concita
2993 4585 3190 4641 terris.

1936 4667 2076 4722 Vela
2106 4668 2365 4737 pandunt
2396 4672 2453 4723 et
2484 4686 2629 4724 cava
2657 4671 2822 4727 trabe
2853 4674 3112 4729 curritur
3139 4689 3360 4746 aequor.

1933 4756 2252 4827 Postquam
2272 4758 2451 4812 altum
2471 4760 2656 4814 tonuit
2688 4761 2853 4816 navis
2884 4777 2994 4815 nec
3020 4761 3143 4833 jam
3172 4763 3423 4835 amplius
3454 4767 3591 4824 ullae

1934 4846 2233 4915 Apparent
2263 4850 2455 4917 terrae,
2488 4848 2702 4902 coelum
2736 4849 2990 4920 undique
3013 4855 3068 4904 et
3090 4852 3347 4923 undique
3373 4860 3590 4925 pontus

1936 4933 2058 4987 Illis
2091 4936 2404 5005 caeruleus,
2438 4951 2617 5005 supra
2649 4940 2822 5006 caput
2851 4938 3073 4992 adstitit
3100 4940 3291 4995 imber

1937 5022 2184 5077 Noctem
2211 5022 2598 5096 hyememque
2629 5025 2828 5080 ferens
2862 5026 3222 5082 etinhorruit
3252 5032 3405 5086 unda
3438 5037 3593 5090 tene-

3348 5116 3515 5191 [bris.

1934 5198 2221 5255 Continuo
2253 5200 2559 5256 involvunt
2586 5204 2745 5258 venti
2775 5219 2937 5260 mare
2966 5205 3253 5279 nigraque
3285 5216 3539 5283 surgunt

1934 5289 2226 5360 quuora.
3592 5294 3604 5301 ’

1934 5379 2348 5433 Periclitantes
2379 5379 2574 5451 itaque
2604 5383 2950 5452 tempestate
2984 5385 3176 5440 valida
3206 5391 3487 5459 quassata
3518 5388 3593 5447 ad

1940 5466 2193 5522 insulam
2223 5466 2397 5539 Cypri
2437 5470 2785 5540 appulerunt
2822 5470 2992 5545 (507).
3023 5474 3134 5545 (Ib.
3166 5476 3284 5551 41.)
3314 5478 3429 5535 Ubi
3459 5496 3591 5537 cum

1740 5580 2019 5648 NOTZE.

248 5680 387 5755 (507)
419 5683 600 5753 Quem
622 5686 913 5762 princeps
938 5685 1104 5744 illius
1130 5682 1371 5761 insulae,
1407 5700 1572 5762 quem
1600 5684 1924 5768 Katapant,
1956 5689 2066 5750 bac
2096 5696 2213 5761 est,
2261 5690 2579 5752 secundum
2621 5691 2943 5771 dominum,
2982 5701 3216 5773 vocant,
3260 5697 3477 5759 timens
3517 5714 3594 5762 ne
