4058 6182
425 313 545 378 263

1274 313 1639 377 APP'END.
1684 312 1798 375 AD
1834 312 2107 374 GESTA
2133 310 2512 373 EPISCOP.
2544 309 2977 372 CAMERAC.

3734 310 3865 373 264

429 513 643 569 iterum
687 511 1143 567 Hierosolimam
1188 510 1491 582 proficisci
1527 513 1756 582 parant,
1779 526 1993 566 rursus
2025 511 2096 565 ad
2132 496 2171 554 Α
2205 510 2447 580 piturab
2467 510 2763 575 omnibus,
2786 512 3228 580 susceptusque
3246 509 3872 579 intemplosanctiAn-

430 599 756 655 Laoditiam
790 601 1181 655 revehuntur.
1232 599 1349 654 Sed
1399 616 1532 654 cum
1574 600 1701 670 jam
1746 599 1904 654 nulla
1957 614 2099 668 spes

430 688 606 744 eundi
629 687 1082 742 Hierosolimam
1111 690 1463 757 superesset
1493 688 1746 743 consilio
1774 688 2100 742 Laodicen-

431 777 519 831 sis
549 777 813 846 episcopi
845 776 1130 830 redeundi
1163 776 1276 830 iter
1291 778 1540 831 mmstus
1562 776 1990 846 arripuit(508).

498 865 585 918 30.
606 864 695 918 De
714 863 967 918 ecclesia
987 864 1182 918 sancti
1223 864 1560 935 Sepulchri.
1598 866 1744 919 Post
1786 865 2095 919 Nicolaum

427 968 655 1023 papam,
676 954 740 1004 ut
768 967 950 1021 supra
972 968 1097 1021 cap.
1147 951 1213 1006 16
1260 952 1591 1021 retulimus,
1640 954 1965 1008 Romanam
1997 968 2090 1007 se-

430 1041 563 1094 dem
583 1041 906 1093 Anselmus
921 1041 1021 1110 qui
1050 1044 1105 1093 et
1124 1040 1459 1094 Alexander
1476 1042 1628 1095 rexit
1648 1041 1820 1094 annis
1850 1041 1904 1109 9,
1937 1056 2097 1096 men-

430 1143 533 1183 ses
549 1128 602 1182 6.
651 1127 762 1195 (Ib.
795 1128 909 1195 4’7.)
958 1129 1223 1182 Domnus
1259 1129 1599 1183 Lietbertus
1645 1130 1965 1199 episcopus
1993 1145 2091 1184 re-

428 1231 683 1288 gressus
714 1217 785 1270 ab
834 1216 1051 1270 infecto
1093 1218 1323 1285 itinere,
1378 1233 1494 1288 quo
1533 1218 1988 1272 Hierosolimam
2035 1220 2097 1272 ut

427 1305 645 1359 dictum
669 1307 760 1358 est
783 1304 1053 1373 cupiebat
1084 1305 1267 1374 adire,
1297 1306 1405 1360 sed
1428 1306 1804 1361 obstantibus
1835 1307 2093 1360 diversis

425 1392 709 1463 periculis
740 1392 1189 1464 terrisjactatus
1204 1395 1474 1463 etundis,
1503 1395 1849 1464 compulsus
1881 1398 1973 1449 est
2000 1410 2092 1449 re-

366 1549 379 1562 .
426 1486 689 1537 trorsum
732 1481 927 1551 abire,
973 1481 1121 1536 alias
1154 1483 1398 1537 intendit
1445 1483 1734 1552 animum,
1779 1483 2094 1538 ecclesiam

426 1570 657 1624 scilicet
685 1570 745 1622 in
766 1571 994 1624 honore
1018 1571 1210 1625 sancti
1242 1570 1575 1641 Sepulchri,
1615 1572 1770 1626 sicut
1803 1571 2090 1626 hactenus

423 1658 701 1724 cernitur,
746 1660 908 1711 extra
943 1674 1174 1713 murum
1217 1657 1519 1713 Cameraci
1580 1660 1875 1713 aedificare
1916 1656 2085 1728 (509).

2206 598 2365 652 dreae
2412 598 2646 652 ducitur
2690 598 2763 653 ad
2806 598 3149 652 orationem.
3195 598 3537 652 Prostratus
3577 598 3707 653 solo
3752 613 3870 653 non

2204 686 2482 757 quaesivit
2506 686 2567 740 in
2599 686 2865 741 oratione
2897 684 3193 754 lacrimas,
3228 701 3376 755 quas
3409 700 3646 755 semper
3693 686 3868 741 fami-

2202 773 2561 828 liarissimas
2585 774 2858 828 habebat.
2901 773 3124 827 Deinde
3165 788 3428 844 surgens
3475 773 3635 828 dedit
3679 775 3871 829 bene-

2203 862 2538 916 dictionem.
2572 862 2732 926 Quos
2763 863 2822 915 in
2840 864 3102 931 tempore
3120 862 3304 931 potuit
3322 862 3705 931 exosculatis,
3725 880 3872 932 pro-

2203 950 2387 1005 cessit
2414 951 2623 1019 palam,
2657 951 3005 1019 cunctisque
3036 951 3218 1004 refert
3240 954 3494 1020 quantos
3524 951 3638 1005 viae
3670 955 3872 1020 pertu-

2199 1038 2335 1093 lerit
2356 1054 2556 1093 casus.
2594 1039 2759 1092 Tunc
2775 1038 3049 1093 dominus
3080 1036 3410 1092 Fulcherus
3460 1054 3529 1094 eo
3565 1045 3868 1109 praesente

2199 1128 2469 1197 procedit
2493 1127 2563 1180 ad
2594 1127 2797 1194 altare,
2833 1141 3083 1180 narrans
3105 1141 3220 1196 que
3252 1129 3542 1196 quantave
3569 1144 3677 1197 per
3698 1144 3872 1183 suam

2199 1216 2521 1286 gloriosam
2555 1214 2905 1285 genitricem
2928 1214 3042 1268 sibi
3074 1214 3321 1268 fecisset
3350 1215 3635 1271 Dominus
3671 1218 3871 1271 sancti

2198 1304 2453 1358 Andreaa
2482 1303 2712 1357 meritis
2740 1303 3109 1371 etprecibus.
3132 1303 3273 1357 Post
3306 1303 3515 1374 capitis
3562 1304 3867 1360 deditione

2196 1391 2536 1446 videntibus
2551 1391 2780 1445 cunctis
2803 1406 2939 1446 sese
2953 1394 3159 1445 sancto
3182 1391 3422 1445 tradidit
3438 1393 3690 1447 Andreae
3723 1392 3867 1448 olfe-

2196 1496 2339 1534 rens
2362 1495 2543 1550 super
2567 1483 2836 1533 sanctum
2858 1478 2993 1549 ejus
3025 1479 3207 1533 altare
3263 1480 3412 1534 duas
3468 1482 3675 1536 uncias
3734 1483 3867 1536 auri

2195 1568 2523 1638 purissimi.
2558 1567 2749 1637 thue
2780 1567 2840 1621 in
2861 1567 3067 1622 eodem
3089 1567 3220 1622 loco
3250 1568 3324 1622 ad
3353 1568 3638 1635 honorem
3670 1569 3776 1624 Dei
3809 1574 3870 1624 et

2198 1656 2537 1712 memoriam
2567 1655 2752 1710 sancti
2786 1655 3037 1710 Andreae
3075 1671 3181 1725 pro
3227 1671 3293 1710 se
3333 1672 3547 1727 perpes
3594 1658 3866 1712 servitus

424 1747 533 1817 (Ib.
562 1746 676 1815 49.)
709 1745 779 1799 Et
808 1745 965 1815 quod
987 1746 1235 1817 egregia
1266 1751 1459 1801 mente
1494 1747 1781 1817 concepit,
1818 1747 2087 1801 devotis-
2118 1746 2172 1807 B
2200 1748 2382 1813 esset,
2417 1745 2600 1798 tilium
2642 1759 2818 1798 suum
2851 1744 3210 1798 nominatum
3253 1744 3573 1800 Fulconem
3622 1746 3866 1800 tradidit

425 1836 574 1888 sime
604 1835 675 1888 ad
704 1835 877 1889 tinem
896 1850 1085 1904 usque
1118 1834 1451 1904 complevit.
1476 1835 1625 1888 Nam
1639 1835 1917 1890 decenter
1945 1852 2089 1890 con-

424 1924 726 1990 structam,
751 1923 956 1976 accitis
988 1922 1303 1976 multorum
1341 1924 1693 1993 corporibus
1727 1929 2085 1994 sanctorum,

426 2010 791 2063 ministrante
815 2009 1168 2077 sibitdomno
1198 2010 1407 2065 abbate
1427 2012 1757 2080 Waldrico,
1791 2028 1944 2068 anno
1981 2014 2085 2068 Dei

423 2096 645 2151 Christi
698 2095 834 2152 1064
881 2098 1222 2152 solemniter
1266 2098 1589 2168 dedicavit;
1651 2103 1707 2153 et
1760 2101 2084 2156 monachos

423 2185 567 2239 inibi
585 2185 703 2239 Deo
723 2186 1053 2239 servientes
1071 2186 1231 2240 velut
1252 2187 1533 2242 mulieres
1551 2188 1622 2241 ad
1639 2188 1860 2242 Christi
1878 2188 2083 2257 sepul-

422 2274 628 2327 chrum
653 2274 1012 2328 excubentes
1035 2274 1286 2329 instituit
1306 2274 1477 2345 (510);
1510 2292 1619 2330 nec
1650 2293 1767 2331 non
1811 2280 1869 2331 et
1900 2277 2093 2346 sepul-

423 2362 630 2416 chrum
652 2362 709 2416 in
741 2362 946 2415 eadem
993 2363 1270 2432 ecclesia,
1300 2365 1361 2418 in
1392 2380 1508 2436 quo
1540 2370 1597 2419 et
1644 2365 1917 2420 conditus
1974 2368 2085 2434 est,

423 2450 538 2505 sibi
570 2450 768 2519 parari
801 2450 940 2504 fecit
957 2448 1125 2519 (511).

489 2535 577 2592 31.
612 2539 701 2593 De
732 2539 904 2593 donis
937 2538 1220 2593 Fulcheri
1274 2547 1482 2596 sancto
1527 2541 1791 2596 Andreae
1846 2541 2081 2596 oblatis.

419 2626 584 2695 (Vita
608 2627 806 2681 Lietb.
832 2644 882 2681 c.
906 2626 1023 2698 43.)
1052 2628 1176 2682 Nec
1199 2629 1764 2698 praetermittendum
1785 2633 1896 2697 est,
1928 2631 2083 2699 quod

419 2714 740 2784 episcopus
767 2730 796 2768 θ
832 2715 927 2767 via
948 2715 1019 2769 de
1051 2731 1167 2785 qua
1198 2731 1380 2785 supra
1410 2717 1666 2771 diximus
1707 2718 1961 2772 noluerit
1987 2718 2082 2772 in-

409 2805 569 2856 trare
600 2800 1002 2871 Cameracum,
1022 2803 1081 2857 ni
1100 2804 1265 2874 prius
1291 2806 1578 2859 reviseret
1602 2805 1834 2859 Novum
1865 2806 2082 2861 Castel-

408 2889 547 2959 lum,
582 2890 677 2943 sui
708 2890 1074 2961 principatus
1108 2892 1278 2946 ﬁdele
1322 2892 1724 2962 municipium,
1774 2894 1932 2964 quod
2002 2894 2076 2949 ob

408 2978 597 3032 sancti
610 2970 865 3034 Andreae
880 2982 1223 3034 memoriam
1238 2980 1582 3051 diligentius
1606 2981 1931 3036 excolebat.
1949 2982 2075 3047 Quo

405 3067 759 3136 perveniens
808 3068 1045 3123 domino
1098 3069 1410 3123 comitatus
1472 3069 1763 3125 Fulchero
1820 3086 2074 3141 cumque

404 3155 619 3210 ceteris
631 3171 759 3211 suae
797 3155 1034 3211 familiae
1050 3157 1388 3228 comitibus,
1410 3157 1854 3213 officiosissime
1873 3159 2073 3214 susci-

2198 1833 2436 1887 ibidem.
2467 1830 2592 1896 Quo
2625 1832 2914 1888 monacho
2963 1831 3136 1901 facto,
3200 1833 3555 1888 victualibus
3610 1833 3863 1889 fratrum

2195 1937 2409 1992 magna
2438 1921 2679 1975 donaria
2724 1920 2984 1989 contulit,
3037 1937 3170 1991 quae
3226 1921 3674 1993 privilegiorum
3713 1923 3861 1993 jure

2193 2008 2489 2079 pontificis
2538 2008 2881 2064 auctoritate
2922 2008 3236 2080 ﬁrmavit,]
3283 2009 3463 2063 altare
3498 2010 3728 2066 scilicet
3785 2012 3863 2065 de

2192 2098 2468 2167 Lelycis,
2539 2101 2596 2152 et
2652 2098 2713 2151 in
2770 2096 3019 2152 emendo
3077 2096 3289 2151 allodio
3331 2098 3403 2152 de
3460 2098 3679 2154 Maretz
3726 2100 3861 2169 ipse

2191 2187 2441 2241 domnus
2474 2186 2792 2255 episcOpus
2823 2186 3028 2240 decem
3058 2185 3265 2240 uncias
3291 2186 3416 2241 auri
3446 2187 3625 2242 dedit.
3656 2188 3861 2242 Alium

2190 2290 2425 2344 quoque
2455 2274 2638 2328 filium
2668 2273 2999 2329 Fulcherus
3030 2274 3316 2328 Attrebati
3348 2276 3699 2330 monachum
3722 2275 3861 2331 etl‘e—

2189 2363 2285 2431 cit,
2318 2378 2493 2433 quem
2513 2365 2720 2431 postea
2752 2362 3153 2417 venerabilem
3187 2362 3518 2418 Hunocurti
3573 2364 3852 2419 abbatem

2186 2450 2465 2504 vidimus.

2267 2535 2355 2593 32.
2380 2538 2469 2592 De
2500 2537 2657 2593 bello
2684 2538 2746 2592 in
2776 2537 2996 2609 Anglia
3034 2537 3211 2592 facta.
3264 2539 3434 2594 Anno
3492 2544 3683 2594 autem
3750 2538 3864 2595 Dei

2182 2625 2403 2680 Christi
2433 2626 2572 2680 1066
2600 2626 2672 2679 ad
2705 2626 3133 2682 occidentalem
3161 2626 3396 2698 plagam
3427 2644 3583 2682 unus
3613 2643 3684 2682 ex
3744 2644 3855 2684 co-

2181 2715 2353 2768 metis
2374 2714 2687 2769 admodum
2719 2714 2855 2768 visu
2881 2714 3169 2768 terribilis
3200 2715 3444 2769 crinitos
3466 2716 3666 2771 radios
3687 2718 3858 2773 velut

2178 2802 2577 2873 ﬂammigeras
2594 2802 2797 2856 hastas
2810 2802 3103 2871 emittens,
3119 2818 3370 2872 vespere
3383 2803 3570 2858 solem
3585 2819 3857 2875 sequens

2176 2906 2281 2960 per
2319 2890 2644 2945 octodecim
2667 2890 2795 2944 dies
2838 2891 3125 2960 apparuit.
3162 2890 3329 2954 Quod
3358 2907 3551 2964 genus
3583 2894 3850 2964 syderis,

2177 2979 2336 3049 quod
2369 2980 2545 3033 erunt
2575 2977 2749 3045 bella,
2784 2981 2882 3032 aut
2901 2979 3113 3032 famem
3145 2983 3242 3033 aut
3271 2980 3660 3048 pestilentiam
3705 2996 3852 3050 por-

2172 3066 2413 3122 tendere
2444 3066 2617 3135 solet;
2643 3065 2754 3121 hoc
2780 3068 2954 3138 regni
2976 3067 3151 3121 etiam
3173 3068 3555 3122 mutationem
3582 3068 3714 3139 ipsa
3738 3085 3854 3123 sua

2169 3157 2541 3228 apparitione
2557 3156 2966 3228 prmsignavit.
2982 3157 3131 3211 Nam
3146 3156 3464 3213 Wilelmus
3478 3158 3850 3214 Normanno-

1980 3273 2256 3335 NOTAE.

403 3377 465 3431 in
504 3392 710 3458 manus
732 3393 1093 3458 paganorum
1124 3378 1440 3458 incideret,
1476 3379 1919 3458 apridielVo-n.
1954 3378 2070 3458 ita].
2106 3380 2157 3440 C
2183 3377 2813 3458 essetpauperibus
2835 3382 2893 3432 et
2904 3370 3278 3458 peregrinis._
3292 3376 3484 3458 Quam
3516 3383 3847 3458 temporum

407 3464 586 3572 usqiqe
617 3449 692 3502 ad
717 3449 923 3518 pridie
952 3449 1083 3503 Kal.
1117 3452 1269 3521 Aug.
1302 3449 1578 3515 detinuit,
1632 3450 1792 3503 addit
1853 3449 2069 3519 I.ietb.,

407 3534 457 3572 c.
568 3560 579 3571 .

405 3534 457 3573 C.
490 3534 579 3572 41.

476 3587 624 3661 (508)
657 3589 787 3641 Vita
805 3589 1024 3661 I.ietb._,
1053 3606 1103 3643 c.
1129 3588 1217 3656 42,
1253 3589 1440 3661 addit:
1477 3589 1547 3661 In
1591 3591 1801 3661 regnis
1850 3591 2068 3645 Letha-

404 3659 695 3713 riensium
716 3675 822 3713 nec
837 3676 948 3713 non
975 3659 1331 3713 Francorum
1365 3659 1873 3715 simultationibus
1894 3678 2068 3715 exor-

404 3729 486 3783 tis
497 3730 959 3801 quampluribus,
976 3730 1301 3801 imperator
1312 3729 1611 3784 Henricus
1624 3736 1808 3785 ctrex
1823 3731 2069 3785 Franco-

402 3800 531 3853 rum
544 3800 864 3873 Henricus,
885 3806 943 3853 ut
957 3816 1059 3873 eas
1072 3800 1216 3854 seda
1224 3808 1381 3873 rent,
1397 3802 1472 3855 ad
1483 3801 1826 3873 colloquium
1848 3818 1954 3856 con
1964 3819 2066 3856 ve-

402 3877 640 3951 nerunt,
659 3870 768 3951 sed
779 3871 1130 3951 imperfecta
1139 3887 1284 3941 pace
1299 3870 1877 3951 disc_esserun_t_._N_ec
1886 3873 2067 3951 multo

394 3940 840 4015 postHenricus
853 3940 1177 4011 imperator
1183 3948 1470 4015 prasente
1495 3960 1645 4013 papa
1676 3943 1934 4015 Victore,
1970 3944 2069 4015 qui

397 4026 508 4081 pro
540 4012 746 4083 causis
786 4018 1037 4082 pamtus
1079 4012 1193 4082 per
1237 4012 1528 4066 Romanos
1565 4012 1717 4072 male
1750 4012 2061 4083 tractatus,

401 4081 552 4162 apud
563 4082 750 4162 ipsum
768 4081 1197 4162 conquesturus
1224 4089 1507 4162 veneratL
1521 4084 1687 4162 diem
1713 4084 1925 4162 clausit
1956 4081 2063 4162 ex?

401 4152 834 4234 tremum.qut
849 4152 976 4222 eius
995 4159 1244 4234 mortem
1274 4169 1420 4234 _cum
1466 4153 1589 4234 lilio
1628 4156 1762 4234 ejus
1804 4154 2066 4234 Henrico

399 4228 458 4275 et
474 4223 707 4303 regina,
744 4223 951 4303 domno
965 4239 1115 4303 papa
1146 4224 1398 4303 arbitro,
1424 4225 1549 4303 sed.
1564 4223 1933 4303 etgiudicihus
1950 4226 2065 4295 epi-

401 4292 599 4362 scopis
630 4299 688 4346 ct
708 4292 1088 4367 principibus
1121 4295 1318 4365 regni,
1340 4292 1896 4367 pinsitae/tatibus
1922 4292 2065 4367 quas

403 4369 609 4416 contra
626 4370 858 4436 patrem
880 4364 1594 4436 habuerat,reconciliati
1624 4371 1761 4420 sunt
1814 4364 2062 4436 uterque

403 4379 858 4485 contragatrem
880 4379 1191 4432 habuerat,
1218 4379 1590 4419 reconciliati
1624 4379 1761 4420 sunt
1814 4379 2062 4436 uterque

400 4447 602 4506 comes
647 4432 965 4506 salduinus,
981 4440 1158 4504 pater
1178 4434 1416 4506 scilicet
1434 4442 1492 4488 et
1513 4435 1600 4489 lili
1607 4452 1692 4490 us.
1722 4436 1829 4489 Cui
1845 4435 2064 4506 placito

400 4501 939 4574 interfuitdomnus
953 4501 1231 4574 pontifex
1257 4505 1623 4570 Lictbertus,
1658 4501 1932 4559 intonsus
1960 4507 2059 4560 ad-

399 4572 512 4626 huc
524 4574 678 4645 sicut
692 4590 723 4626 a
730 4572 1222 4645 peregrinatione
1234 4577 1483 4630 rediens
1494 4577 1569 4631 ad
1581 4592 1742 4630 suam
1757 4576 2062 4629 civitatem

398 4643 649 4717 nondum
671 4643 936 4717 venerat;
958 4646 1056 4717 qui
1077 4646 1465 4717 familiariter
1482 4650 1669 4717 ipsum
1693 4647 1962 4701 comitem
1986 4646 2060 4701 ab

396 4713 643 4785 exordio
666 4715 760 4769 sui
774 4713 1153 4785 pontificatus
1174 4716 1491 4770 dilexerat.

464 4781 613 4852 (509)
634 4781 1094 4855 Vita'Lietb.,c.
1141 4786 1230 4853 46,
1276 4787 1404 4840 haec
1452 4787 1531 4838 ita
1587 4785 1862 4840 exhibet:
1907 4785 2061 4841 Illud

395 4855 682 4909 oratoriot
690 4872 779 4909 um
794 4872 901 4941 gnua
914 4857 988 4911 de
1000 4872 1176 4941 causa
1190 4862 1591 4941 constructum
1604 4856 1806 4941 fuerit,
1824 4856 2061 4939 plenius

393 4940 772 4998 exequemur.
800 4925 1182 4998 Temporibus
1192 4926 1392 4998 damni
1408 4925 1739 4998 AGerardis.
1759 4925 2058 4998 memoriae

394 4995 670 5068 episcOpi,
692 4997 867 5068 hujus
879 4995 1254 5068 deictberti
1266 4995 1739 5068 predecessoris,
1758 5003 1964 5051 exorta
1979 4997 2059 5052 fa-

394 5014 590 5066 episco
629 5015 670 5066 ι,
692 5014 867 5068 nugas
879 5014 935 5052 (ι.
955 5014 1251 5050 blOtDBl‘tl
1266 5014 1739 5065 pi'euecessoris,
1758 5014 1964 5051 exorta
1979 5014 2057 5052 Ia-

393 5080 520 5139 mes
558 5014 880 5131 Leinieraci,
918 5067 1117 5139 _sed_et
1143 5066 1203 5139 in
1231 5064 1580 5139 regionibus
1611 5082 2057 5139 circumquaque

393 5134 817 5207 adjacentibus,
838 5137 1000 5208 adeo
1026 5134 1783 5208 invaluit,utAmorieutium
1810 5134 2055 5208 corpora

394 5206 607 5277 capere
622 5224 732 5262 non
750 5206 1020 5277 valerent
1043 5206 1339 5277 cimiteria
1379 5206 1832 5261 Cameracensis
1863 5206 2050 5262 urbis.

393 5275 809 5348 Inl'iditigitur
829 5276 947 5346 ipsi
959 5276 1167 5330 domno
1202 5276 1473 5348 Gerardo
1512 5278 1874 5333 rationabile
1912 5295 2052 5334 con-

390 5348 609 5421 silium,
630 5347 689 5400 ut
703 5352 876 5421 extra
891 5362 1089 5400 muros
1100 5347 1156 5421 ei
1165 5348 1222 5421 yi
1229 5348 1371 5401 tatis
1386 5347 1596 5403 fodere
1627 5348 1858 5421 faceret
1875 5349 2049 5421 poly—

386 5418 679 5489 afndrium,
703 5417 858 5487 quod
870 5417 1140 5486 receptui
1152 5416 1311 5471 foret
1327 5424 1407 5489 tot
1423 5419 1773 5489 corporibus
1789 5416 2049 5473 conden-

387 5488 1127 5560 dorumpauperum;j_uxta
1142 5504 1309 5560 quem
1321 5488 1506 5544 locum
1519 5488 1832 5544 ecclesiam
1844 5494 2049 5560 postea

388 5559 453 5630 in
464 5558 687 5614 honore
696 5558 992 5612 Dominici
1003 5558 1308 5630 sepulchri
1320 5566 1717 5615 constructam
1744 5558 2049 5615 consecra-

394 5628 496 5691 vit,
519 5634 578 5684 ut
598 5632 850 5706 propter
869 5645 940 5686 re
950 5628 1277 5687 verentiam
1300 5632 1452 5688 tanti
1463 5632 1720 5690 nominis
1743 5630 2044 5706 sepultura

2180 3449 2421 3504 labente
2434 3448 2730 3519 curriculo
2743 3449 2877 3502 dum
2892 3448 3210 3502 meliOrare
3238 3448 3602 3519 disponeret,
3625 3448 3848 3506 diurno

2181 3519 2383 3574 fessus
2397 3520 2565 3573 senio
2586 3518 2901 3573 defunctus
2924 3533 3035 3573 est.
3068 3519 3201 3589 Ipse
3239 3518 3378 3574 vero
3402 3518 3647 3574 damnas
3673 3521 3845 3575 Liet-

2179 3590 2602 3660 bertus,prede
2610 3591 2871 3644 cesseris
2885 3606 2951 3642 ac
2964 3591 3243 3659 magistri
3255 3590 3359 3644 tali
3372 3606 3439 3644 ac
3454 3597 3615 3645 tanto
3626 3607 3693 3644 au
3702 3592 3849 3647 ima-

2182 3668 2276 3714 tus
2288 3660 2570 3729 exemplo,
2582 3661 2655 3713 de
2666 3666 2830 3714 votas
2843 3661 3030 3730 ipsius
3037 3660 3341 3730 primitias
3356 3660 3734 3716 laboraturus
3744 3664 3841 3717 in—

2182 3732 2462 3799 travit;et
2479 3732 2943 3801 quoniamparva
2971 3738 3099 3783 erat
3128 3730 3399 3798 ecclesia,
3422 3733 3699 3786 intactam
3727 3747 3835 3787 re-

2179 3802 2326 3872 liqui
2332 3807 2437 3869 t,et
2438 3800 2614 3871 juxta
2629 3800 3042 3871 eamampliori
3054 3808 3111 3854 et
3126 3802 3362 3855 meliori
3372 3808 3631 3856 scemate
3645 3818 3841 3857 mona-

2177 3873 2446 3937 sterium,
2470 3872 2622 3924 sicut
2633 3872 2695 3923 in
2722 3872 2995 3941 presenti
3016 3872 3305 3934 cernitur,
3324 3873 3664 3926 mdilicavit.
3681 3873 3840 3928 Huic

2179 3948 2342 3996 tanta
2379 3942 2545 4012 operi
2586 3942 3381 4012 exequendo_000peratores
3421 3949 3478 3996 et
3520 3944 3841 3999 ministros

2178 4010 2483 4083 constituit
2498 4010 3023 4083 domuuspontifex
3034 4010 3155 4083 eos,
3171 4029 3312 4083 quos
3324 4015 3385 4067 in
3397 4014 3843 4083 peregrinatio-

2178 4099 2251 4137 ne
2278 4081 2781 4136 lhcrosolimitani
2813 4082 3057 4135 itineris
3083 4081 3495 4137 adnotavimus
3523 4081 3715 4137 fuisse
3748 4101 3840 4138 so-

2176 4154 2604 4219 cios,d0mnum
2640 4151 3015 4205 VValcherum
3037 4152 3515 4207 archidiaconum
3549 4153 3839 4208 videlicet

2176 4230 2234 4277 et
2256 4222 2932 4294 Erleboldum.judicem
2946 4223 3214 4276 civitatis
3228 4228 3285 4276 et
3309 4224 3666 4277 ministrum.
3684 4223 3837 4288 Qum

2173 4294 2245 4347 ad
2266 4294 2513 4348 verbum
2535 4294 2727 4347 omnia
2744 4296 2987 4364 excepta
3003 4295 3233 4364 suntex
3250 4294 3529 4348 Lietberti
3550 4293 3838 4364 diploma-

2172 4368 2227 4418 te
2250 4364 2404 4434 apud
2436 4364 2710 4434 Miraieumi
2730 4361 2875 4432 Opp.
2898 4363 3102 4434 diplil,
3132 4362 3253 4418 155.

2242 4430 2391 4504 (510)
2414 4434 2546 4486 Vita
2571 4430 2875 4504 Lietberti,
2907 4430 3073 4504 c319,
3094 4434 3281 4487 addit:
3304 4434 3513 4487 Actum
3537 4440 3594 4488 et
3617 4450 3830 4489 conse-

2173 4502 2398 4575 cratum
2417 4504 2473 4575 d.
2491 4505 2531 4557 i.
2548 4519 2601 4556 a.
2636 4502 2791 4566 1064,
2813 4503 3137 4575 indictione
3158 4504 3209 4570 2,
3228 4521 3379 4575 anno
3396 4520 3615 4575 quoque
3628 4506 3830 4575 ponti-

2173 4521 2398 4557 cramm
2417 4521 2473 4558 α.
2491 4521 2531 4557 ι.
2548 4521 2601 4556 a.
2636 4521 2791 4566 woq,
2813 4521 3137 4557 inuictione
3158 4521 3209 4570 κ,
3228 4521 3379 4557 anno
3396 4521 3503 4575 quo
3547 4521 3615 4559 ne
3672 4521 3830 4558 onu-

2170 4573 2381 4628 ficatus
2396 4574 2617 4628 domini
2646 4574 2839 4627 nostri
2868 4579 2925 4626 ct
2942 4574 3181 4643 patroni
3194 4574 3493 4629 Lietberti
3508 4521 3597 4629 24.
3626 4521 3833 4630 flamine

2164 4645 2517 4715 presidente
2532 4644 3063 4715 papaiAlexandro.
3090 4644 3171 4697 Et
3188 4661 3261 4698 ne
3275 4646 3693 4699 monasterium
3717 4661 3820 4700 ex-

2086 4730 2142 4791 D
2168 4714 2265 4768 tra
2288 4714 2558 4791 civitatis
2573 4714 2858 4791 ambitum
2873 4722 3234 4791 remaneret,
3254 4716 3828 4791 studueruntampli-

2170 4801 2274 4839 are
2286 4784 2963 4853 mmnia,circumdantes
2981 4801 3146 4838 omne
3161 4785 3308 4839 illud
3319 4785 3666 4840 monasterii
3677 4784 3824 4840 aedi-

2165 4855 2359 4909 ﬁcium
2379 4855 2528 4909 vallo
2540 4861 2599 4910 et
2611 4854 2770 4908 fossa
2784 4869 2911 4908 cum
2924 4856 2979 4909 ci
2989 4860 3171 4910 Vitate
3183 4861 3321 4910 tota.
3333 4856 3498 4921 Quod
3507 4855 3734 4910 duabus
3747 4870 3831 4910 ex

2166 4926 2365 4980 causis
2376 4941 2477 4980 eos
2492 4924 2717 4980 fecisse
2734 4931 2988 4979 constat:
3011 4931 3070 4978 ut
3084 4926 3302 4980 civitas
3319 4926 3706 4980 amplioribus
3734 4943 3818 4980 ως

2166 4996 2388 5050 diliciis
2404 5002 2463 5050 et
2477 4996 2759 5067 plurimis
2790 4995 3231 5067 habitatoribus
3266 4995 3715 5067 nobilitarctur,
3756 5004 3821 5051 et

2166 5065 2829 5137 circumma’nentesipsi
2843 5065 2967 5120 loco
2999 5067 3270 5121 civitatis
3305 5066 3590 5121 ﬁrmitate
3619 5068 3821 5121 muni-

2165 5143 2396 5191 rentur.
2419 5136 2750 5190 E’cclesiam
2782 5150 2939 5208 _vero,
2960 5152 3123 5208 quam
3138 5137 3398 5191 diximus
3411 5138 3706 5191 mansisse
3726 5138 3819 5190 in-

2166 5213 2395 5267 tactam,
2426 5213 2631 5278 postea
2672 5205 2990 5278 multorum!
3024 5207 3263 5261 labente
3290 5213 3612 5277 temporum
3638 5220 3825 5262 cursu

2180 5276 2480 5332 Walterus
2492 5278 2680 5331 abbas
2693 5277 2953 5346 eiusdem
2967 5276 3096 5340 loci,
3117 5280 3382 5347 quoniam
3396 5276 3575 5332 nimia
3610 5284 3819 5332 vetas-

2168 5354 2286 5403 tate
2300 5348 2632 5410 decidebat,
2666 5347 2951 5417 ampliare
2968 5348 3332 5404 meliorando
3357 5348 3604 5416 studuit,
3640 5348 3821 5403 addi-

2167 5420 2358 5490 lisque
2377 5425 2712 5490 sanctorum
2720 5418 2784 5489 pi
2786 5435 2859 5490 gn
2870 5418 3076 5473 oribus
3091 5419 3428 5474 memoriam
3440 5419 3819 5474 sanctissimi

2164 5488 2401 5543 Nicolai
2422 5488 2644 5543 ibidem
2659 5488 2984 5543 constituit.

2236 5557 2384 5632 (5H)
2409 5559 2540 5613 Vita
2570 5559 2783 5632 Lietb.,
2825 5557 3138 5632 c._66:_lbi
3184 5575 3405 5632 quoque
3441 5566 3604 5632 ante
3638 5561 3817 5632 quin-

2236 5576 2384 5631 (οισι)
2419 5576 2540 5613 vna
2570 5576 2783 5627 LIBID.,
2825 5576 2876 5614 Ο.
2910 5576 3008 5615 ους
3044 5576 3134 5614 101
3184 5576 3293 5632 quo
3335 5576 3405 5614 ne
3441 5576 3579 5615 ante
3678 5577 3813 5616 ιιω-

2163 5630 2481 5708 quennium
2511 5645 2679 5708 quam
2702 5630 2822 5687 vita
2853 5630 3196 5708 decederet,
3227 5576 3407 5687 algidi
3434 5576 3813 5709 sepuchrum
