4058 6182
763 261 1099 326 CRONIC.
1131 263 1202 346 IS.
1236 262 1618 358 ΑΝΒῌΕἈῌ,
1639 264 1854 356 ,ΟᾼΞΤ

1977 267 2551 370 CAM'ERACESII
2585 308 2654 320 -
2689 273 2850 339 LIB.
2884 274 2962 337 II.

3395 278 3620 388 “266

211 477 326 519 rum
345 464 566 530 'comes,
599 463 800 530 parata
818 475 932 514 non
951 476 1136 530 parva
1153 461 1370 531 classe,
1390 464 1697 532 assumpta
1725 477 1843 538 ma-
1878 447 1929 508 Α
1959 467 2131 537 cepit,
2156 470 2213 520 et
2237 483 2427 539 usque
2457 470 2529 524 ad
2557 469 3117 529 Cassellumterram
3144 474 3260 530 sibi
3279 475 3618 532 vindicavit.

215 565 316 621 gna
344 548 561 614 militia,
608 563 769 602 mare
798 550 1165 619 pertransiit.
1197 549 1495 613 Quiterrte
1521 552 1846 621 applicans,

211 653 378 693 naves
407 650 608 690 omnes
638 636 874 705 penitus
897 637 1140 692 concedi
1165 637 1321 707 fecit,
1358 638 1587 693 scilicet
1615 655 1688 694 ne
1719 641 1849 694 suis

214 727 534 794 superesset
554 723 668 777 ulla
692 740 834 794 spes
882 725 1121 796 refugii.
1149 725 1347 796 Itaque
1381 742 1483 781 rex
1525 728 1849 800 Anglorum

213 811 651 881 Heroldus,olim
665 817 866 867 contra
878 815 1206 883 predictum
1221 815 1491 869 comitem
1507 816 1850 871 Wilelmum

213 900 672 971 perjurus—nam
701 900 879 954 ﬁliam
905 900 985 943 385
1019 901 1152 972 ejus
1187 918 1253 956 se
1279 906 1656 972 accepturum
1677 904 1850 976 jura-

211 991 372 1057 verat,
393 993 526 1044 tunc
540 989 690 1044 forte
713 1004 1034 1061 regressus
1065 1007 1097 1043 a
1129 1007 1274 1044 nece
1305 991 1504 1046 fratris
1526 994 1621 1046 sui
1652 993 1849 1047 Tosti-

211 1078 278 1145 ni,
298 1078 387 1148 qui
416 1078 700 1148 eaptando
723 1082 946 1147 partem
974 1079 1141 1150 regni
1161 1079 1294 1150 ejus
1315 1084 1515 1136 contra
1536 1096 1667 1135 eum
1690 1097 1849 1136 arma

211 1170 668 1221 commoverat—
689 1170 829 1220 tunc
863 1166 1100 1238 inquam
1139 1168 1406 1222 sinistris
1437 1170 1668 1224 excitus
1703 1187 1852 1224 nun-

209 1256 320 1322 ciis,
358 1253 598 1308 collecta
633 1255 857 1326 ingenti
891 1257 1057 1324 copia
1078 1257 1406 1328 Anglorum
1438 1258 1851 1314 Norwicorum

208 1342 268 1395 ad
296 1342 537 1411 prelium
568 1345 808 1411 paratus
837 1346 1040 1398 contra
1060 1343 1454 1415 Normannos,
1479 1345 1720 1417 quijam
1735 1347 1852 1402 sibi

208 1435 312 1484 tres
350 1430 703 1484 munitiones
759 1447 943 1502 prope
996 1431 1164 1486 littus
1221 1433 1402 1486 maris
1449 1437 1848 1505 extruxerunt,

209 1517 583 1590 progreditur.
607 1517 754 1584 Quid
787 1520 1002 1574 multa?
1024 1520 1164 1574 inito
1189 1522 1505 1576 certamine
1529 1522 1852 1577 Normanni

205 1606 438 1662 victores
463 1606 743 1676 existunt,
762 1607 941 1678 Angli
959 1612 1126 1679 terga
1146 1613 1404 1679 vertunt,
1436 1611 1690 1664 maxima
1711 1628 1850 1681 pars

208 1693 499 1765 utrobique
536 1695 754 1761 interit;
786 1710 892 1749 rex
921 1711 1158 1766 quoque
1182 1697 1480 1752 Heroldus
1503 1698 1852 1754 interfectus

207 1783 482 1848 occubuit;
508 1784 716 1854 sicque
737 1799 938 1838 comes
956 1784 1272 1840 Wilelmus
1287 1802 1536 1857 regnum
1555 1787 1849 1858 obtinens,

203 1871 612 1926 dienativitatis
640 1871 949 1927 Dominiin
997 1872 1303 1928 Londonia
1339 1876 1586 1946 ungitur
1641 1877 1701 1930 in
1756 1892 1854 1931 re-

206 1974 343 2030 gem.

261 2044 342 2101 33.
381 2048 462 2103 De
477 2047 678 2119 prelio
707 2049 859 2119 apud
908 2049 1235 2105 Cassellum
1285 2052 1458 2108 facto.
1502 2053 1639 2121 (An.
1672 2053 1854 2124 1071.)

204 2135 412 2190 Bellum
427 2153 666 2208 quoque
684 2138 744 2192 in
767 2137 1041 2192 Flandria
1063 2143 1297 2210 gestum
1327 2141 1481 2210 apud
1503 2142 1702 2196 villam
1723 2158 1856 2213 quae

196 2229 277 2278 est
291 2224 641 2293 Cassellum,
663 2242 738 2280 ex
755 2243 870 2296 quo
890 2232 1084 2281 cetera
1106 2228 1257 2282 bella
1272 2229 1735 2302 circumquaque
1750 2247 1856 2301 per

201 2318 374 2367 terras
396 2316 454 2367 et
483 2314 665 2367 multa
687 2315 838 2368 mala
864 2315 1247 2385 pullularunt,
1279 2317 1376 2371 hic
1407 2318 1652 2390 dignum
1682 2318 1856 2372 duxi-

202 2417 320 2454 mus
349 2402 761 2456 inserendum.
799 2403 1117 2458 Rotbertus
1147 2421 1422 2476 namque,
1466 2407 1566 2477 qui
1597 2411 1653 2461 et
1682 2407 1858 2462 Friso

201 2489 396 2558 dictus,
417 2505 530 2559 pro
549 2505 616 2543 eo
644 2491 803 2560 quod
824 2491 884 2544 in
915 2491 1108 2545 Frisia
1144 2496 1237 2546 est
1282 2494 1560 2564 nutritus,
1608 2492 1856 2550 audiens

202 2580 460 2632 comitem
488 2579 838 2632 Balduinum
871 2579 1111 2633 fratrem
1142 2596 1314 2635 suum
1347 2582 1573 2637 obiisse
1622 2589 1677 2638 et
1707 2585 1859 2638 duos

202 2665 340 2720 filios
373 2667 726 2721 Balduinum
754 2672 811 2720 et
842 2667 1154 2722 Arnulfum
1184 2669 1440 2726 heredes
1462 2676 1598 2741 post
1627 2687 1694 2726 se
1727 2673 1861 2726 reli-

197 2755 404 2824 quisse,
425 2755 761 2825 dolensque
785 2756 962 2810 nimis
990 2773 1057 2810 se
1076 2757 1428 2827 jamdudum
1452 2761 1606 2814 omni
1638 2761 1860 2814 honore

205 2841 474 2897 Flandria:
498 2859 535 2895 a
558 2847 722 2912 patre
746 2859 855 2898 suo
880 2850 937 2898 et
969 2844 1153 2899 fratre
1184 2847 1494 2901 exclusum
1519 2849 1752 2917 penitus
1776 2866 1864 2903 es-

202 2947 279 2999 se,
301 2933 436 3002 quia
467 2931 749 2985 videlicet
771 2948 905 2987 eum
928 2949 1047 2988 non
1071 2934 1331 3005 legitime
1351 2940 1700 3006 conceptum
1721 2937 1862 2992 fuis-

209 3043 267 3081 se
285 3028 868 3099 suspicabaturznon
887 3030 1016 3084 tulit
1032 3031 1305 3100 ulterius,
1349 3034 1455 3088 sed
1497 3033 1646 3086 clam
1686 3033 1862 3088 Flan-

201 3115 436 3172 drenses
478 3133 621 3172 oras
653 3117 1000 3188 ingressus,
1041 3122 1426 3190 quorumdam
1455 3138 1712 3192 nequam
1754 3123 1864 3178 ho-

201 3206 402 3260 minum
419 3205 580 3260 dolis
593 3205 826 3277 aliquas
841 3207 1201 3263 munitiones
1225 3212 1281 3264 et
1303 3210 1548 3266 castella
1569 3226 1863 3280 occupare

1961 553 2036 606 iis
2094 555 2328 624 auditis,
2380 558 2559 612 vidua
2605 561 2907 615 comitissa
2954 563 3264 635 Richildis,
3297 561 3474 637 quam
3521 567 3622 621 de-

1961 641 2162 697 functo
2222 644 2562 700 Hermanno
2625 649 2806 717 priori
2856 651 3063 705 marito
3123 669 3304 722 supra
3363 654 3622 711 diximus

1960 731 2035 798 (ο.
2069 732 2155 800 12)
2192 733 2473 803 nupsisse
2521 736 2717 790 comiti
2766 737 3069 807 Balduino,
3126 742 3390 797 collectis
3421 743 3622 798 multis

1959 815 2040 860 335
2071 822 2431 876 exercitibus
2465 839 2598 878 cum
2641 825 2872 880 duobus
2923 828 3279 896 supradictis
3324 830 3462 886 filiis
3494 832 3625 886 Bal-

1965 909 2141 963 duino
2175 914 2229 964 et
2259 911 2529 980 Arnulfo,
2561 917 2767 983 parato
2812 930 3047 985 quoquc
3094 932 3237 988 rege
3268 918 3534 973 Francia:
3567 921 3626 974 in

1963 997 2094 1069 ejus
2138 1001 2422 1054 auxilium
2471 1001 2764 1072 Philippo,
2815 1018 2885 1057 eo
2934 1006 3199 1074 procedit
3253 1005 3424 1076 (512).
3476 1006 3628 1072 Quid

1959 1087 2175 1156 plura?
2220 1091 2542 1144 commisso
2585 1092 2790 1160 praelio
2828 1092 3002 1160 (Feb.
3033 1091 3150 1161 22),
3185 1095 3359 1148 Friso
3391 1096 3626 1150 validus

1961 1178 2152 1230 animo
2175 1181 2230 1230 et
2259 1179 2440 1232 armis
2471 1195 2578 1234 seu
2612 1180 2912 1236 ferocibus
2945 1183 3130 1236 sociis
3162 1183 3408 1252 primam
3439 1185 3626 1240 aciem

1961 1265 2441 1321 adversariorum
2463 1267 2745 1323 audacter
2774 1270 3111 1340 irrumpens
3141 1273 3441 1343 contrivit,
3473 1276 3628 1329 cete-

1963 1369 2066 1408 ros
2095 1369 2257 1424 vero,
2311 1356 2620 1410 interfecto
2659 1361 2872 1428 nepote
2923 1374 3034 1414 suo
3077 1361 3326 1415 Arnulfo
3356 1362 3417 1416 in
3443 1364 3632 1432 prima

1964 1443 2108 1496 flore
2139 1444 2553 1499 adolescentiae
2585 1447 2777 1516 posito
2809 1452 2864 1501 et
2895 1450 3145 1504 necdum
3165 1450 3383 1503 militiae
3414 1452 3628 1506 usibus

1882 1506 1936 1568 Β
1965 1533 2116 1601 apto,
2152 1532 2448 1604 multaque
2482 1506 2682 1606 strage
2715 1539 2969 1606 peracta,
3005 1538 3063 1590 in
3097 1537 3297 1608 fugam
3329 1540 3626 1608 compulit.

1964 1619 2095 1689 ipse
2127 1621 2299 1674 etiam
2331 1637 2438 1676 rex
2486 1622 2652 1676 frena
2698 1625 2871 1678 vertit
2918 1629 2974 1679 et
3011 1625 3174 1680 abiit.
3206 1626 3465 1681 Tandem
3497 1628 3626 1697 ipse

1964 1707 2134 1762 Friso
2181 1712 2386 1778 captus
2435 1725 2466 1762 a
2516 1711 2726 1764 comite
2756 1710 3106 1784 Eustachio,
3151 1715 3303 1783 apud
3349 1714 3630 1769 Sanctum

1964 1797 2362 1851 Audomarum
2393 1797 2452 1850 in
2484 1799 2752 1852 custodia
2800 1803 3110 1870 servatur;
3160 1803 3268 1856 sed
3299 1819 3416 1857 non
3448 1803 3630 1859 multo

1964 1889 2102 1954 post
2128 1884 2596 1940 Flandrensibus
2627 1887 2685 1940 vi
2715 1903 2928 1959 magna
2957 1889 3261 1960 liberatus,
3287 1891 3628 1946 comitatum

1963 1975 2144 2028 totius
2169 1973 2459 2028 Flandriae
2491 1978 2760 2044 potenter
2789 1977 3055 2030 obtinuit.

2018 2061 2084 2117 34
2095 2063 2201 2118 .De
2214 2063 2484 2118 donariis
2495 2064 2692 2119 damni
2705 2065 2811 2120 Lie
2821 2065 3012 2120 tberti
3022 2068 3098 2122 ad
3109 2068 3422 2124 echesiam
3436 2071 3633 2128 sancti

1963 2151 2247 2208 Andreae.
2273 2152 2426 2206 Ecce
2458 2153 2593 2206 dum
2619 2156 2788 2224 gesta
2811 2155 3229 2223 imperatorum
3250 2173 3359 2212 seu
3381 2159 3634 2228 produc-

1966 2242 2100 2295 tiori
2123 2256 2395 2294 sermone
2426 2242 2861 2312 prosequimur,
2894 2259 2924 2295 a
2943 2246 3250 2313 proposito
3273 2249 3480 2315 coepta:
3505 2262 3634 2302 nar-

1966 2328 2210 2383 rationis
2239 2329 2480 2400 longius
2513 2331 2742 2401 evagati
2777 2346 3006 2384 sumus.
3042 2332 3153 2385 His
3184 2348 3329 2404 ergo
3363 2333 3628 2402 omissis,

1965 2418 2036 2471 ad
2086 2417 2283 2473 domni
2341 2418 2620 2472 Lietberti
2677 2434 2851 2488 quam
2901 2435 3044 2491 erga
3112 2421 3425 2476 ecclesiam
3477 2422 3630 2476 hanc

1965 2507 2150 2560 tenuit
2219 2506 2630 2560 liberalitatem
2691 2509 3267 2562 commemorandam
3322 2509 3627 2579 paulisper

1962 2596 2218 2648 animum
2268 2595 2663 2650 intendamus.
2717 2595 2866 2649 Nam
2923 2612 2990 2650 ea
3040 2598 3245 2651 altaria
3306 2597 3516 2652 allodia
3573 2601 3632 2652 et

1963 2688 2156 2738 cetera
2185 2684 2470 2738 beneﬁcia
2517 2700 2650 2754 quae
2682 2685 2958 2754 contulit,
3005 2701 3199 2740 nonne
3247 2685 3375 2740 haec
3409 2687 3630 2756 scripta

1943 2778 2098 2827 "sunt
2130 2774 2186 2826 in
2232 2773 2540 2844 privilegio
2589 2773 2748 2844 quod
2790 2777 2922 2827 ante
2973 2777 3231 2846 quinque
3271 2791 3462 2829 annos
3506 2775 3631 2829 obi-

1963 2866 2058 2916 tus
2113 2863 2208 2915 sui
2257 2861 2315 2914 in
2371 2861 2623 2930 capitulo
2683 2866 2887 2916 nostro
2942 2863 3190 2917 veniens
3250 2863 3630 2918 corroborari

1961 2952 2156 3006 fecit?
2217 2951 2414 3003 Altare
2464 2967 2606 3004 vero
2667 2951 2738 3004 de
2781 2951 3054 3004 Lambris
3113 2953 3409 3022 quomodo
3456 2952 3630 3006 nobis

1961 3039 2325 3110 provenerit,
2374 3039 2518 3093 libet
2571 3039 2779 3109 paucis
2827 3039 3080 3108 aperire.
3126 3040 3273 3094 Cum
3303 3041 3457 3110 apud
3491 3041 3628 3095 Hai-

1963 3145 2248 3185 noensem
2280 3129 2644 3182 comitissam
2677 3127 3027 3196 Richildem,
3061 3132 3302 3182 matrem
3333 3127 3626 3197 Arnulphi

1963 3234 2138 3291 quem
2167 3218 2227 3271 in
2257 3216 2459 3288 praelio
2507 3214 2872 3270 Cassellensi
2915 3233 2946 3269 a
2985 3220 3194 3286 patruo
3224 3232 3336 3271 suo
3366 3216 3622 3271 Frisone

1508 3351 1800 3414 νΑΗῙᾸΞ
1850 3358 2316 3428 LECTIONES

261 3447 335 3518 ξιξ
359 3446 554 3518 ﬁlium
575 3461 699 3518 cap.

261 3514 336 3560 ³86
362 3517 551 3573 nullis
573 3514 696 3588 cap.

1786 3594 2063 3659 ΝΟΤᾸΕ.

201 3704 307 3793 διίὺί
333 3703 454 3793 feci
461 3711 481 3757 ι
493 3703 671 3786 ;quod
684 3704 1107 3793 certisdiebus
1116 3723 1188 3762 re
1197 3708 1418 3790 visens,
1437 3715 1497 3793 et
1508 3711 1704 3792 primo
1721 3713 1854 3793 qui-

204 3775 318 3851 dem
346 3775 616 3851 desuper
648 3775 1035 3851 imeumbens,
1063 3775 1408 3851 Iacriminis
1434 3775 1857 3851 et'gemitibus

202 3845 401 3919 fossam
413 3844 1070 3919 perfundedatﬂeinde
1084 3866 1240 3919 pane
1266 3849 1363 3904 vel
1387 3844 1576 3904 carne
1601 3854 1695 3907 vel
1718 3854 1858 3908 aliis

204 3917 437 4038 gibariis
460 3919 481 3970 i
486 3915 883 3989 mplebat,que
889 3935 963 3988 pa
972 3915 1254 3989 aperibus
1267 3923 1512 3992 erogari
1521 3939 1656 3977 mox
1675 3923 1856 3978 facie-

239 3994 309 4038 at.
1229 4003 1232 4007 '

239 3994 309 4038 at.
1229 4003 1232 4007 '

266 4055 556 4132 (_51f.l)\_lita
588 4057 779 4132 Lietb.
812 4059 916 4132 ᾖδε
955 4059 1077 4132 Sed
1095 4060 1590 4132 Flandrensibus,
1617 4080 1856 4132 quorum

206 4126 318 4181 dolo
337 4128 648 4182 Robertus
677 4129 782 4183 ille
796 4129 1127 4184 Flandrias
1161 4133 1323 4186 intra
1335 4126 1729 4199 verat,dofose
1755 4153 1857 4199 pu-

206 4154 318 4181 υυιυ
337 4154 647 4182 nuucreus
677 4154 836 4183 ιιιυιν
855 4154 1127 4184 lanarius
1161 4154 1729 4199 1mraverat,0010$c
1799 4154 1857 4189 U-

205 4199 512 4275 gua_n_t_ibus
534 4205 594 4253 et
611 4206 782 4270 terga
824 4203 1216 4275 vertentibus,
1241 4205 1371 4274 ipse
1386 4221 1538 4275 puer
1564 4154 1859 4261 Arnuﬁ‘us

204 4269 499 4344 occiditur;
526 4286 635 4341 quo
651 4269 898 4344 mortuo,
922 4269 1239 4344 fugataque
1260 4269 1484 4344 'mat-re,
1514 4280 1667 4330 totus
1695 4293 1857 4331 mar-

205 4340 496 4394 chionatus
517 4340 706 4394 cessit
723 4341 850 4395 Rob
859 4340 1008 4396 crto'.
1028 4340 1155 4397 Hoc
1167 4351 1386 4399 eventu
1399 4340 1546 4399 belli
1564 4348 1742 4400 nimis
1767 4347 1858 4402 ef-

209 4408 438 4483 feratus,
462 4412 526 4463 in
543 4416 765 4483 tantam
791 4413 1064 4483 prorupit
1087 4414 1398 4483 insaniam,
1417 4422 1476 4469 ut
1498 4417 1853 4472 dominatum

211 4478 612 4558 Cameracente
642 4478 912 4558 civitatis
936 4478 1518 4558 imperiapreripere
1545 4487 1723 4558 veIIet
1744 4489 1855 4542 im-

1967 3711 2089 3766 nici
2106 3707 2588 3782 gregisinsanit,
2608 3704 2852 3782 collecto
2871 3703 3126 3782 maximo
3146 3705 3438 3782 exercitu,
3471 3704 3630 3760 velut

1967 3798 2046 3837 ex
2076 3774 2398 3852 impr'oviso
2427 3778 2504 3852 ad
2532 3777 2836 3852 civitatem
2855 3774 2931 3829 ad
2940 3774 3111 3852 volat,
3149 3781 3436 3852 tamquam
3460 3791 3634 3845 expu-

1964 3845 2254 3923 gnaturus
2281 3866 2428 3923 eam.
2466 3847 2627 3923 Quod
2655 3847 2870 3900 factum
2914 3847 3158 3923 domnus
3181 3845 3462 3923 pontifex:
3484 3862 3629 3923 gra-

1973 3916 2215 3976 vissime
2257 3920 2409 3982 tulit,
2458 3925 2516 3973 et
2561 3917 2714 3972 ultra
2756 3934 2920 3988 quam
2960 3916 3082 3969 dici
3123 3923 3318 3986 potest
3356 3916 3626 3988 indoluit.

1967 3992 2251 4061 Prceepit
2284 3990 2627 4062 quant-ocius
2661 3996 2718 4062 ut
2748 3987 2819 4062 in
2849 3988 3000 4062 lecto
3029 3988 3358 4056 gestatorio
3387 3987 3630 4062 leyare-
3713 4043 3716 4047 ,

1970 4072 2084 4132 tur,
2121 4057 2179 4117 et
2203 4057 2317 4132 per
2344 4061 2572 4114 medias
2603 4061 2764 4132 acies
2796 4057 3150 4132 bellatorum
3183 4073 3361 4132 usque
3387 4059 3465 4132 ad
3487 4065 3632 4132 ten-

1969 4127 2183 4189 torium
2198 4127 2388 4202 ipsius
2418 4129 2665 4202 tyranni
2689 4134 3058 4202 portaretur.
3103 4127 3308 4202 Tantis
3338 4130 3630 4202 siquidem

1961 4198 2593 4276 podagraegdolor'ibus
2642 4198 2995 4276 angebatur,
3058 4203 3115 4249 ut
3173 4198 3331 4276 nullo
3358 4200 3532 4276 modo
3571 4201 3630 4252 in

1962 4267 2150 4346 pedes
2173 4271 2509 4346 subsistere
2526 4267 2750 4346 posset.
2775 4267 3021 4321 DeIatus
3042 4284 3119 4346 er
3129 4270 3426 4346 sententia
3452 4285 3631 4346 usque

1969 4337 2043 4400 ad
2075 4344 2390 4399 tentorium
2425 4337 2672 4404 comitis,
2702 4347 3005 4410 postquam
3044 4337 3192 4410 vidit
3237 4353 3384 4402 eum,
3427 4337 3630 4410 gravi-

1972 4422 2067 4470 ter
2103 4413 2431 4473 infremuit,
2469 4417 2527 4465 et
2560 4408 2940 4480 cum'magna
2982 4408 3312 4462 severitate
3343 4409 3632 4480 scelestos

1970 4502 2146 4540 ausus
2163 4481 2624 4556 presumptionis
2645 4481 2771 4556 ejus
2791 4479 3031 4556 increpa
3044 4481 3145 4548 vit,
3173 4485 3344 4556 utque
3367 4479 3441 4533 de
3464 4486 3630 4556 terra

203 4551 401 4638 periali
433 4559 494 4606 et
510 4551 1258 4638 sure‘subm'ittere'ditioni.
1281 4551 1449 4638 Unde
1467 4557 1857 4638 egllectofre-
1884 4577 1938 4638 D
1971 4551 2220 4638 dominae
2247 4571 2368 4608 suae
2400 4551 2615 4638 Marii?
2654 4551 3016 4638 discederet,
3035 4551 3418 4638 auctoritate
3429 4551 3630 4638 poptif

210 4623 393 4690 quanti
410 4623 707 4700 exercitu,
721 4623 894 4700 villas
910 4625 967 4700 c_i
978 4626 1032 4678 vi
1036 4626 1148 4700 tati
1156 4628 1463 4700 proximas
1479 4629 1854 4700 depopulans,

210 4643 1143 4690 quenuexercuu,vuwscu’1tau
1201 4643 1463 4681 ιὀΧιιηεε
1479 4643 1553 4682 ae
1595 4643 1854 4700 opulens,

206 4708 303 4760 per
321 4701 591 4746 cunctam
626 4694 898 4747 viciniam
930 4643 1349 4751 baccliagatur.
1393 4645 1591 4762 Quodp
1581 4700 1713 4753 dum
1745 4716 1859 4754 non

210 4763 397 4833 semel,
430 4765 543 4819 sed
560 4765 658 4840 bis
680 4768 978 4840 annuatim
999 4765 1252 4840 faceret,
1275 4773 1565 4840 totamque
1586 4770 1860 4825 Camera-

211 4848 430 4910 censem
450 4836 714 4910 patriam
736 4837 978 4910 penitus
1015 4837 1078 4890 in
1115 4836 1494 4893 solitudinem
1523 4841 1857 4910 redigeret,

213 4903 440 4981 domnus
450 4903 1284 4981 pontifex—perinternuntios
1296 4925 1424 4964 eum
1438 4927 1593 4981 saepe
1611 4903 1861 4966 co'mmOL

214 4973 382 5052 bat,et
407 4973 470 5052 ut
487 4977 562 5031 ab
583 4973 821 5052 incepto
834 4977 1182 5052 desisteret,
1204 4997 1355 5035 nunc
1370 4973 1865 5052 precenuncpre-

217 5044 285 5100 tio
302 5048 519 5122 saepius
539 5044 900 5122 orabat._Sed
913 5066 986 5104 ne
999 5044 1229 5122 quidem
1247 5044 1458 5106 audire
1477 5044 1866 5116 valensfastu

217 5118 500 5186 superbiae
516 5119 813 5174 secularis
843 5118 1084 5175 inﬂat—us
1121 5123 1462 5179 minabatur
1497 5138 1610 5176 non
1646 5123 1866 5177 modoa

218 5185 280 5265 de
288 5189 618 5265 vastatione
631 5190 899 5265 regionis
916 5207 1028 5246 non
1051 5195 1430 5265 cessare,sed
1440 5193 1629 5265 ipsam
1647 5208 1868 5265 quoque

218 5258 526 5336 civitatem,
539 5259 677 5336 nisi
691 5258 813 5336 sibi
846 5277 980 5336 eam
992 5263 1276 5336 redderet
1301 5258 1640 5336 episcopus,
1655 5258 1738 5319 ad
1769 5258 1865 5336 ni-

221 5325 414 5402 cbilum
439 5325 744 5402 redigere.
770 5331 936 5386 Inter
955 5333 1064 5386 bos
1085 5325 1409 5390 laboriosos
1438 5325 1573 5388 vitae
1598 5325 1870 5389 mortalis

219 5397 469 5476 sudores,
490 5397 652 5476 inter
677 5403 1016 5476 prescripta
1039 5409 1373 5476 sanctorum
1405 5421 1646 5476 cperam
1663 5411 1868 5476 operta

222 5472 410 5557 cinerei
415 5472 518 5557 t'ia.
532 5471 667 5557 'D'e‘o
678 5471 904 5543 dignus
914 5471 1195 5557 pontifex
1212 5471 1502 5557 fatigatus
1523 5477 1586 5530 in
1607 5471 1869 5557 infirmi-

223 5542 383 5614 tatem
404 5541 653 5614 decidit,
679 5541 844 5614 quam
871 5541 984 5614 per
1013 5549 1143 5600 tres
1177 5541 1482 5602 continuos
1504 5563 1690 5603 annos
1718 5548 1868 5602 mira

215 5612 490 5682 patientia
521 5612 766 5682 devicit,
803 5612 1107 5670 sustinuit.
1147 5615 1324 5681 Quem
1361 5619 1640 5673 tiranuus
1655 5617 1868 5672 illeau-

223 5677 380 5764 dieue
392 5690 711 5764 φατρίαι-θ,
735 5677 1096 5764 tanquamde
1097 5677 1370 5764 pastoris
1381 5688 1656 5764 absentia
1672 5693 1871 5764 gratu-

224 5746 504 5813 labundde
529 5746 745 5814 rursus
769 5746 1066 5824 infremit,
1097 5746 1322 5820 rursus
1345 5760 1410 5818 iu
1450 5758 1650 5821 caulas
1672 5746 1869 5822 domi-

522 5843 782 5925 Ριτκοι,
817 5843 1077 5916 CXLIX.

1971 4626 2128 4682 ticali
2160 4625 2526 4680 commonuit.
2553 4624 2708 4676 Suus
2747 4623 2901 4675 enim
2927 4621 3545 4692 parrocliianuserat,
3570 4623 3631 4673 in

1973 4703 2244 4770 quantum
2269 4691 3036 4770 comitatusAtrebatensis
3065 4692 3186 4770 sibi
3214 4691 3484 4770 cedebat,
3506 4707 3634 4770 quo-

1973 4762 2127 4822 niam
2170 4766 2623 4822 Cameracensis
2653 4771 2710 4818 et
2747 4763 3176 4818 Atrebatensis
3204 4762 3455 4816 ecclesia
3497 4769 3633 4815 tunc

1974 4841 2258 4909 temporis
2276 4839 2375 4891 uni
2383 4836 2653 4912 pontiﬁci
2662 4835 2931 4912 parebat.
2971 4834 3089 4912 Quo
3108 4849 3218 4912 non
3238 4839 3502 4912 curante,
3524 4831 3634 4886 sed

1972 4903 2170 4964 mente
2191 4903 2458 4980 superba,
2486 4903 2788 4978 pontilicis
2817 4903 3262 4980 oly'uijgationes
3293 4903 3460 4972 quasi
3483 4919 3634 4973 qua?-

1972 4981 2103 5034 dam
2116 4972 2346 5034 ludicra
2365 4972 3353 5054 subsannantemontifexmanibus
3364 4972 3637 5054 sesesus:

1972 5057 2228 5119 tentans,
2247 5049 2569 5119 resumptis
2596 5043 2827 5119 viribus
2862 5044 2923 5097 in
2964 5043 3116 5119 lecto
3150 5043 3398 5119 resedit.
3425 5049 3484 5101 ut
3514 5044 3633 5098 sibi

1980 5113 2146 5191 virga
2166 5113 2491 5195 pastoralis
2511 5134 2636 5171 cum
2659 5115 2819 5195 stola.
2836 5113 3200 5195 sacerdotali
3214 5114 3637 5195 porrigeretur

1970 5185 2310 5262 imperavit.
2341 5188 2564 5265 Quibus
2591 5185 2851 5258 acceptis
2873 5185 3426 5265 imprescntiarum,
3447 5185 3634 5265 preti:

1977 5255 2083 5315 nus
2106 5263 2293 5332 ipsum
2309 5259 2575 5314 comitem
2595 5255 2901 5332 cum'omni
2919 5256 3190 5332 exercitu
3223 5255 3351 5328 ejus
3370 5255 3638 5328 usquead

1972 5325 2443 5387 satisfactionem
2460 5325 2893 5383 cxcommuniea
2906 5327 3008 5380 vit.
3058 5325 3277 5380 Videas
3302 5325 3638 5381 coméstan-

1975 5410 2091 5458 tam
2114 5404 2176 5457 in
2201 5403 2330 5456 viro
2367 5401 2479 5454 Dei
2497 5400 2715 5454 mentis
2737 5404 2796 5452 et
2817 5397 3084 5468 justitiae
3107 5399 3516 5466 constantiam,
3548 5413 3640 5452 re-

1979 5475 2451 5536 veritusietatem
2475 5466 2854 5525 ctreveritus
2877 5466 3180 5537 pontificis
3200 5471 3635 5537 auctoritatem,

1975 5545 2236 5617 quodque
2256 5544 2458 5617 verius
2471 5547 2832 5617 est,terrore_
2848 5539 2913 5617 di
2921 5539 2980 5593 vi
2986 5555 3055 5617 no
3062 5554 3639 5617 percu_s_sus,cup2es-

1973 5608 2066 5671 set
2108 5608 2253 5670 liora
2300 5613 2423 5669 diei
2453 5608 2640 5681 mana,
2675 5611 2857 5664 movit
2889 5608 3108 5680 castra,
3143 5615 3202 5664 et
3231 5611 3372 5665 licet
3401 5608 3640 5663 infren-

1943 5743 1947 5746 ,
1973 5685 2291 5757 dens,1icet
2322 5684 2514 5740 minas
2529 5681 2924 5757 ingeminans,
2947 5681 3374 5757 quantumdies
3392 5693 3640 5757 conces-

1971 5748 2256 5836 sit,eirtra
2273 5760 2495 5817 terram
2509 5748 2634 5836 quae
2651 5751 2773 5814 sibi
2783 5748 3310 5814 oontr'adicebatur
3321 5748 3642 5811 concessit.

3335 5837 3393 5914 9.
