4058 6182
566 303 688 367 267

1404 301 1770 363 APPEND.
1817 301 1934 363 AD
1975 300 2249 362 GESTA
2292 298 2671 363 EPISCOP.
2720 297 3154 362 CAMERAC.

3890 299 3992 363 κθ

568 503 827 558 diximus
878 502 1311 571 interemptum,
1356 502 1610 556 domnus
1668 500 1852 554 abbas
1888 500 2229 553 Waldricus
2257 481 2316 543 Α
2347 500 2517 553 drum
2549 515 2757 569 papam
2788 499 3246 568 Hildebrandus,
3282 499 3380 569 qui
3422 503 3478 553 et
3503 499 3833 571 Gregorius
3883 499 3988 567 VII,

566 606 684 646 non
714 606 957 661 parvam
991 590 1238 661 gratiam
1270 594 1328 645 et
1356 590 1550 643 locum
1578 589 1795 643 intimae
1819 589 2229 643 familiaritatis

567 680 888 733 obtineret:
915 678 1012 731 illa
1032 694 1097 731 se
1120 679 1191 731 ab
1216 693 1283 732 eo
1309 679 1535 747 saepius
1565 678 1793 731 visitari
1825 677 2228 747 congaudens,

568 767 793 821 salubri
827 766 960 836 ejus
994 767 1243 820 consilio
1273 767 1615 837 frequenter
1648 767 1936 833 utebatur,
1973 769 2029 819 et
2059 769 2233 834 prout

569 854 863 908 sccularis
913 870 1056 908 cura
1099 856 1500 923 permittebat,
1553 854 1790 908 monitis
1843 853 1977 924 ejus
2025 868 2232 922 parere

573 941 884 995 nitebatur.
921 942 1145 995 Interea
1176 942 1410 1012 quidam
1447 943 1745 1012 Rogerus,
1783 941 2027 995 famosae
2060 941 2233 995 nobi-

572 1029 754 1083 litatis
788 1029 1065 1097 clericus,
1100 1030 1314 1100 quippe
1347 1030 1543 1084 Sancti
1580 1031 1897 1083 Audomari
1951 1033 2006 1083 et
2036 1028 2234 1083 Sancti

574 1118 765 1171 Amati
798 1118 1126 1171 Duacensis
1157 1120 1516 1187 prcpositus,
1551 1119 1741 1189 ipsius
1776 1118 2099 1173 comitissaa
2132 1119 2232 1171 ob-

579 1207 805 1276 sequiis
838 1206 1090 1259 ﬁdeliter
1122 1206 1499 1272 inserviebat,
1535 1210 1591 1261 ct
1623 1210 1832 1261 cuneta
1863 1207 1997 1276 ejus
2045 1222 2233 1277 nego-

572 1295 670 1363 tia,
707 1298 903 1362 utpote
928 1294 1103 1346 totius
1125 1299 1479 1361 procurator
1510 1296 1711 1363 curiae,
1738 1293 2235 1365 disponebat.Qui

571 1381 770 1434 domni
819 1382 1047 1435 abbatis
1098 1383 1373 1450 paulatim
1438 1387 1494 1437 et
1550 1384 1794 1437 silenter
1846 1384 2233 1437 considerans

570 1470 986 1522 continentiam
1017 1474 1073 1522 et
1103 1485 1207 1539 per
1238 1471 1430 1524 omnia
1462 1472 1808 1542 religiosam
1856 1471 2233 1541 perpendens

568 1555 702 1625 ejus
735 1572 873 1611 esse
903 1558 1101 1627 vitam,
1136 1559 1347 1628 majori
1380 1558 1589 1613 affectu
1623 1560 1673 1613 ei
1695 1560 2003 1613 adhaerere
2034 1561 2227 1629 ccepit,

569 1645 714 1697 adeo
748 1648 809 1698 ut
831 1646 1009 1699 multa
1039 1646 1282 1699 donaria
1307 1650 1363 1700 ct
1395 1647 1626 1716 tapetis,
1649 1649 1856 1718 quaein
1876 1648 2230 1717 presbiterio

2348 588 2666 642 Romanam
2700 588 2903 641 sedem
2936 588 3203 655 suscepit
3231 589 3329 657 (an
3359 586 3540 657 1073).
3576 587 3705 651 Hie,
3745 588 3870 641 zelo
3901 588 3991 640 do-

2343 692 2474 730 mus
2507 676 2739 730 Domini
2770 675 3279 743 ferventissimus,
3313 676 3490 729 multa
3536 676 3773 729 decreta
3822 675 3987 730 dedit.

2339 764 2529 834 Super
2550 764 3028 817 incontinentiam
3042 764 3508 833 presbiterorum
3526 764 3857 817 sententias
3879 780 3990 833 pro-

2338 853 2641 923 mulgavit,
2677 868 2748 905 ne
2781 855 2916 923 quis
2947 852 3176 905 scilicet
3218 852 3436 905 missas
3477 868 3682 906 eorum
3736 852 3983 915 audiret;

2338 940 2438 993 ﬁlii
2471 956 2678 994 eorum
2709 956 2919 994 sacros
2943 940 3183 993 ordines
3215 940 3374 995 nullo
3408 940 3579 993 modo
3600 940 3981 1009 perciperent;

2338 1029 2724 1083 iuvestituras
2756 1028 3306 1083 ecclesiasticarum
3351 1028 3701 1099 dignitatum
3733 1028 3808 1081 de
3840 1043 3992 1081 manu

2336 1116 2471 1169 laici
2501 1117 2699 1171 nullus
2730 1117 2965 1171 omnino
2995 1117 3356 1185 perciperet;
3381 1116 3480 1186 qui
3512 1114 3990 1186 transgredipre-

2340 1208 2620 1273 sumeret,
2656 1205 2848 1258 sacris
2879 1204 3188 1259 ordinibus
3219 1206 3453 1258 omnino
3496 1205 3857 1272 privaretur.
3888 1204 3996 1269 Qua

2340 1293 2410 1346 de
2444 1309 2505 1346 re
2535 1309 2653 1347 non
2688 1293 2882 1346 solum
2912 1293 3064 1346 inter
3086 1308 3219 1347 eum
3246 1293 3735 1361 etimperatorem
3762 1293 3992 1363 grandis

2341 1385 2543 1434 exorta
2576 1386 2667 1434 est.
2689 1382 3003 1450 contentio,
3022 1396 3223 1434 verum
3242 1380 3413 1433 etiam
3435 1395 3542 1448 per
3562 1380 3772 1433 orbem
3794 1380 3993 1434 exinde

2343 1484 2525 1541 grave
2556 1469 2903 1523 scandalum
2925 1473 3128 1522 sancta
3151 1466 3857 1538 pertulitEcclesia.Quae
3877 1484 3999 1521 con-

2342 1557 2634 1612 troversia
2666 1573 2855 1628 usque
2888 1557 2960 1611 ad
2990 1562 3254 1626 tempora
3281 1555 3489 1609 Calixti
3520 1572 3691 1627 papae
3719 1560 3862 1627 post
3880 1572 3999 1610 eum

2344 1647 2533 1716 quarti
2565 1646 2911 1715 permansit.

568 1733 829 1800 pendere
861 1733 1151 1800 solebant,
1185 1734 1325 1803 quin
1359 1736 1529 1788 etiam
1577 1735 1757 1789 altare
1808 1736 1877 1789 de
1929 1736 2225 1803 Lambris,
2256 1722 2314 1789 Β
2412 1734 2501 1789 3'7.
2531 1734 2621 1788 De
2652 1734 2814 1789 obitu
2835 1734 3034 1789 domui
3056 1732 3676 1788 Lietberti.Remensi
3701 1733 4001 1803 metropoli

570 1819 784 1873 domno
816 1820 1096 1889 episcolio
1121 1821 1422 1875 Lietberto
1445 1822 1775 1892 gaudenter
1806 1826 2120 1893 annuente,
2141 1839 2231 1878 ec-

572 1906 773 1960 clesiae
804 1912 1023 1962 nostrae
1056 1909 1522 1978 conferret,etin
1555 1912 1808 1981 capitulo
1838 1913 2107 1982 veniens,
2135 1928 2231 1966 so-

573 1994 842 2048 cietatem
873 1996 1119 2049 fratrum
1166 2000 1223 2050 et
1268 2001 1327 2051 ut
1376 2000 1822 2055 anniversarias
1854 2002 2050 2055 obitus
2096 2001 2230 2071 ejus

574 2082 725 2151 dies,
760 2100 932 2154 quem
964 2084 1199 2155 agimus
1233 2083 1299 2139 13
1331 2085 1457 2140 Kal.
1501 2088 1681 2158 Junii,
1731 2105 1968 2159 semper
2012 2090 2230 2145 celebri

573 2172 859 2225 memoria
889 2177 1173 2242 ageretur
1205 2174 1555 2243 impetravit.

641 2258 729 2313 35.
766 2260 852 2314 De
891 2260 1025 2314 villa
1062 2261 1360 2316 Lambris.
1404 2263 1498 2329 (G.
1534 2269 1593 2318 et
1642 2264 1799 2319 σθω.
1835 2283 1894 2334 ιι,
1930 2266 2043 2337 21.)
2088 2267 2234 2332 Quia

570 2364 713 2403 vero
743 2349 1043 2420 praedictis
1074 2349 1252 2418 villas,
1285 2351 1342 2404 id
1375 2355 1466 2404 est
1500 2352 1794 2421 Lambris,
1830 2357 2046 2409 mentio
2081 2356 2233 2410 facta

571 2439 683 2506 est,
719 2436 829 2490 hoc
862 2437 1169 2491 sciendum
1201 2440 1356 2508 quod
1388 2440 1574 2494 fiscus
1625 2443 1846 2513 regalis
1898 2444 2091 2512 fuerit,
2127 2444 2233 2500 sed

570 2528 831 2593 tempore
847 2526 1126 2594 Stephani
1151 2528 1414 2596 episcopi
1433 2544 1462 2579 a
1486 2528 1694 2583 Carolo
1714 2546 1854 2601 rege
1869 2532 2233 2587 Francorum

574 2617 794 2665 sancite
826 2614 1026 2666 Mariae
1059 2615 1307 2667 donatus
1340 2616 1436 2668 sit.
1472 2615 1533 2668 In
1568 2617 1695 2686 ipsa
1738 2625 1929 2672 autem
1961 2620 2097 2673 villa
2130 2638 2235 2675 rex

571 2700 985 2754 Childcbertus
1020 2700 1167 2755 forte
1200 2703 1469 2772 sepultus
1502 2710 1611 2758 est.
1650 2707 1757 2769 Qui
1801 2724 1931 2760 cum
1962 2709 2031 2761 ad
2066 2710 2232 2763 obsi-

571 2788 825 2843 dcndum
860 2788 1097 2842 fratrem
1132 2806 1326 2857 suum,
1361 2792 1457 2860 qui
1492 2796 1627 2845 tunc
1672 2797 1954 2863 temporis
1985 2797 2234 2852 'l‘ornaci

574 2877 931 2945 morabatur,
966 2878 1053 2931 ire
1080 2881 1328 2945 pararet,
1346 2879 1557 2934 beatus
1579 2880 1909 2937 Germanus
1934 2885 2235 2940 Parisien-

2340 1825 2475 1894 post
2510 1822 2823 1876 Widonem
2852 1822 3177 1878 Gervasius
3206 1821 3529 1891 prefieitur,
3551 1822 3643 1874 vir
3673 1836 3826 1875 sane
3862 1825 4002 1873 utra-

2340 1927 2453 1981 que
2492 1911 2736 1964 scientia
2784 1911 3070 1981 preditus,
3113 1910 3210 1981 qui
3259 1909 3439 1963 rebus
3477 1909 3715 1963 bellicis
3767 1925 4003 1978 operam

2339 2000 2509 2069 dans,
2544 1999 2777 2052 militari
2810 2015 2985 2053 manu
3007 1998 3259 2053 maxime
3290 1998 3534 2067 patriam
3550 2012 3786 2067 suaque
3819 1998 4011 2050 tueba-

2338 2093 2449 2142 tur.
2486 2088 2595 2141 Hie
2617 2088 2770 2141 inter
2800 2090 2993 2141 cetera
3033 2087 3290 2158 ingentis
3314 2085 3581 2155 corporis
3597 2101 3852 2139 cervum
3869 2102 4009 2139 con-

2338 2176 2574 2229 ﬂatilem
2590 2177 2919 2245 caprinum,
2940 2176 3041 2247 qui
3055 2175 3341 2229 hactenus
3356 2175 3412 2227 in
3427 2174 3589 2227 curia
3603 2173 4010 2243 archiepisco-

2338 2264 2392 2333 pi
2417 2267 2604 2331 stans,
2623 2265 2905 2331 cernitur,
2930 2280 3107 2334 opere
3122 2263 3284 2318 fusili
3298 2262 3427 2317 fieri
3442 2277 3549 2316 sua
3562 2265 3688 2315 arte
3701 2264 4011 2333 excogita-

2336 2354 2438 2407 vit.
2454 2353 2518 2406 In
2541 2356 2777 2422 pectore
2790 2352 2972 2424 hujus
2987 2352 3441 2407 cervihactenus
3469 2350 3527 2405 hi
3540 2366 3765 2404 versus
3790 2351 4009 2422 legun-

2339 2446 2433 2496 tur
2457 2457 2469 2496 :

2409 2531 2556 2584 Dum
2592 2531 3097 2586 Cenomannorum
3127 2529 3315 2584 saltus
3344 2527 3609 2584 lustrare
3629 2527 3875 2584 solebat

2414 2619 2763 2688 Gervasius,
2797 2635 3013 2672 cervos
3034 2625 3151 2671 tum
3184 2617 3559 2673 sufﬁcienter
3587 2616 3883 2671 habebat.

2412 2707 2598 2775 Hunc,
2617 2722 2841 2761 memor
2866 2713 2924 2760 ut
2943 2707 3157 2777 patriae
3177 2710 3257 2759 sit
3280 2722 3537 2776 semper,
3554 2704 3832 2759 condidit
3850 2720 4010 2758 aere.

2340 2794 2389 2867 [(
2408 2796 2534 2849 Vita
2567 2794 2842 2850 Lietb.22
2874 2798 3036 2865 sqq.)
3070 2796 3332 2848 Domnus
3351 2794 3689 2847 Lietbertus
3712 2797 3862 2863 post
3883 2810 4015 2865 gra—

2342 2884 2623 2937 vissimas
2656 2884 3067 2938 infestationcs
3097 2900 3247 2955 quas
3277 2884 3350 2937 ab
3374 2883 3627 2953 Hugone
3652 2882 4007 2949 castellauo,

573 2966 661 3020 sis
684 2966 1004 3035 episcopus
1029 2982 1285 3037 presago
1312 2967 1524 3037 spiritu
1546 2969 2033 3040 predixerat,non
2053 2990 2235 3043 posse
2265 2964 2317 3026 C
2342 2972 2413 3026 de
2444 2988 2560 3043 quo
2591 2973 2769 3026 multa
2803 2972 3157 3041 referuntur,
3193 2986 3518 3042 perpessus
3550 2974 3642 3024 est
3670 3000 3741 3009 —
3786 2986 3935 3024 nam
3966 2974 4017 3023 et

573 3071 641 3110 se
655 3057 1127 3109 consummatum
1143 3054 1228 3108 ire
1251 3055 1570 3111 illiusmodi
1591 3060 1910 3130 negotium,
1931 3062 1983 3115 si
2006 3079 2237 3135 germa-

570 3159 665 3198 nae
695 3142 827 3197 neci
869 3159 938 3196 eo
993 3143 1204 3212 spiritu
1253 3143 1599 3200 intenderet.
1635 3147 1743 3201 Hic
1791 3152 1981 3204 autem
2034 3152 2235 3207 verbis

571 3232 958 3300 surdescens,
995 3232 1208 3301 exequi
1237 3236 1403 3302 parat
1435 3234 1810 3304 dispositum.
1837 3238 1951 3293 Sed
1976 3256 2049 3294 ne
2079 3240 2232 3295 beati

569 3320 866 3389 pontiﬁcis
894 3319 1124 3373 irritum
1157 3320 1444 3375 habeatur
1474 3324 1840 3396 presagium,
1870 3327 1930 3381 in
1960 3329 2091 3397 ipso
2137 3329 2233 3384 iti-

571 3421 714 3462 nere
745 3411 932 3462 morte
970 3410 1313 3476 preventus,
1363 3409 1423 3463 in
1465 3411 1726 3478 predicta
1776 3414 1909 3468 villa
1958 3416 2232 3473 Lambris

569 3495 967 3549 subterratur.
1000 3493 1018 3565 ]

634 3579 722 3635 36.
740 3582 827 3638 De
843 3581 1257 3636 Hildebrando
1284 3584 1619 3640 venerabili
1627 3604 1798 3659 papa.
1815 3589 1959 3646 Post
1978 3594 2226 3649 Alexan-

2340 3061 2413 3115 ab
2443 3075 2514 3115 eo
2545 3067 2772 3130 captus,
2808 3060 3116 3115 interfecto
3152 3050 3434 3113 Wiboldo
3463 3059 3814 3128 praeposito,
3854 3065 3917 3113 et
3965 3058 4021 3109 in

2342 3150 2608 3205 custodia
2650 3150 2901 3220 positus,
2958 3150 3062 3204 sed
3109 3165 3217 3219 per
3260 3147 3588 3204 Richildem
3638 3147 4024 3201 comitissam

2340 3238 2624 3293 liberatus
2660 3242 2751 3293 est
2780 3269 2850 3278 —
2880 3238 3114 3292 tandem
3147 3237 3314 3292 senio
3346 3238 3551 3291 fessus
3583 3239 3638 3290 et
3666 3235 3779 3289 Dei
3815 3235 4026 3289 servi-

2338 3327 2416 3380 tio
2450 3325 2733 3399 fatigatus
2764 3343 2871 3397 per
2899 3327 3215 3381 triennium
3233 3325 3402 3397 gravi
3428 3325 3719 3397 languore
3749 3328 4022 3396 egrota-

2338 3417 2437 3480 vit,
2474 3416 2579 3470 sed
2614 3416 2943 3469 ministerio
2972 3414 3174 3469 domui
3216 3413 3508 3468 Waldrici
3549 3428 3869 3483 nunquam
3921 3427 4024 3465 ca-

2338 3519 2471 3559 rere
2502 3505 2704 3559 voluit.
2747 3504 2946 3575 Itaque
2994 3520 3148 3559 anno
3198 3502 3578 3573 episcopatus
3626 3501 3723 3555 sui
3760 3499 3926 3567 26“,
3959 3498 4027 3554 10

2327 3592 2460 3648 Kal.
2495 3593 2635 3647 Julii
2668 3591 2875 3663 (1076),
2910 3593 3241 3646 astantibus
3275 3595 3332 3646 et
3378 3590 3686 3645 orantibus
3729 3589 4027 3657 clericis,

2343 3682 2596 3737 feliciter
2623 3681 2777 3736 diem
2808 3680 3021 3736 clausit
3050 3677 3430 3751 extremum]

1874 3790 2077 3848 FINIS
2114 3793 2443 3852 SECUNDI
2480 3797 2686 3853 LIBRI

986 3955 1349 4019 TERTIUS
1394 3958 1540 4019 HIC
1587 3959 1840 4022 LIBER
1882 3962 2085 4040 EST;
2137 3966 2661 4030 PRIECEDENS
2709 3968 3165 4031 PROLOGUS
3210 3967 3357 4027 HIC
3399 3967 3570 4027 EST.

632 4101 934 4156 Hactenus
948 4103 1020 4157 de
1039 4106 1229 4175 gestis
1244 4106 1419 4160 trium
1436 4108 1869 4178 episcOporum,
1889 4111 2087 4166 domni
2110 4115 2223 4166 sci-

560 4189 697 4245 licet
730 4191 975 4260 Erluini,
996 4191 1261 4262 Gerardi,
1279 4194 1581 4265 Lietberti,
1600 4197 1796 4267 aliqua
1811 4201 2223 4272 perstringen-

559 4279 633 4333 do
665 4280 857 4349 magis
901 4296 1075 4351 quam
1125 4285 1522 4339 enumerando
1573 4287 2037 4359 descripsimus;
2080 4294 2135 4343 et
2168 4294 2226 4344 ut

560 4374 864 4437 poetarum
898 4368 1029 4423 libri
1064 4370 1279 4440 ferunt,
1322 4388 1501 4426 aurea
1532 4374 1960 4444 quodammodo
2006 4394 2137 4447 quae
2169 4379 2225 4431 in

2340 4118 2748 4186 exequendum
2781 4121 2871 4171 est
2902 4117 3259 4186 promissum
3302 4120 3489 4186 'opus,
3526 4118 3582 4169 et
3624 4115 3696 4169 ad
3748 4132 3829 4172 ea
3885 4137 4040 4190 quae

2338 4208 2537 4258 nostra
2571 4208 2739 4258 aetate
2772 4206 2979 4275 partim
3030 4206 3287 4258 vidimus
3335 4208 3395 4258 et
3439 4205 3809 4274 audivimus,
3871 4209 4038 4262 diri-

2337 4292 2526 4364 genda
2560 4297 2651 4347 est
2682 4294 2886 4348 oratio.

2408 4380 2563 4436 i.De
2582 4382 2791 4436 domno
2825 4381 3096 4438 Gerardo
3126 4385 3394 4453 episcopo
3414 4381 3689 4436 secunde.
3710 4382 4041 4439 Defuncto

555 4456 765 4510 diebus
823 4473 1028 4547 eorum
1075 4463 1242 4511 erant
1304 4461 1507 4515 secula
1567 4465 2109 4519 rememoravimus.
2165 4466 2224 4520 tn
2249 4486 2305 4547 D
2338 4470 2634 4524 Lietberto
2667 4471 2948 4540 episcopo
2979 4477 3098 4537 (an.
3134 4470 3294 4540 1076)
3326 4475 3381 4523 et
3420 4470 3477 4523 in
3508 4469 3769 4524 ecclesia
3806 4471 4040 4527 Sancti

556 4560 672 4616 quo
703 4561 879 4615 opere
898 4546 1114 4617 dignus
1138 4549 1276 4600 mihi
1302 4550 1505 4603 videor
1527 4551 1963 4621 redargutione,
1990 4554 2087 4622 qui
2109 4559 2223 4607 tan-

552 4637 746 4688 torum
781 4634 1041 4687 virorum
1073 4636 1224 4689 vitas
1258 4640 1314 4690 et
1346 4642 1514 4691 actus
1546 4639 1941 4710 qualicunque
1995 4644 2221 4713 scripto

554 4723 894 4792 presumpsi
926 4727 1226 4777 annotare.
1259 4723 1502 4778 Constat
1533 4729 1687 4779 enim
1707 4730 1981 4797 quoniam
2013 4732 2113 4799 qui
2140 4735 2219 4785 ta-

555 4810 631 4864 lia
663 4811 804 4881 agit,
840 4826 957 4864 non
980 4812 1173 4865 solum
1197 4812 1503 4881 imperitiae
1527 4830 1653 4868 suae
1677 4820 1729 4868 et
1755 4820 2218 4887 presumptionis

553 4899 756 4953 vitium
793 4900 1195 4969 ostentat,sed
1228 4904 1283 4954 et
1313 4916 1516 4954 eorum
1546 4902 1617 4956 de
1640 4904 1858 4973 quibus
1892 4905 2048 4976 loqui
2081 4909 2219 4961 niti-

528 4988 664 5052 .tur,
703 4989 905 5041 verbis
939 4989 1154 5057 ineptis
1184 4988 1393 5043 laudes
1441 4990 1740 5045 obscurat.
1778 4993 1921 5047 Nam
1967 5011 2074 5064 pro
2125 5012 2214 5066 eo,

552 5075 704 5141 quod
740 5076 1016 5130 virtutem
1053 5082 1108 5130 et
1140 5081 1309 5149 gesta
1359 5078 1609 5131 Achillis
1654 5084 1853 5135 orator
1901 5083 2217 5154 descripsit

553 5158 872 5230 Homerus,
905 5166 1151 5219 veniens
1201 5165 1273 5219 ad
1322 5168 1609 5221 tumulum
1655 5167 1790 5239 ejus
1838 5170 2070 5225 felicem
2118 5174 2215 5227 tali

550 5263 807 5316 precone
839 5240 972 5304 eum
1002 5254 1317 5322 appellavit
1346 5254 1682 5310 Alexander
1703 5257 1975 5329 Magnus.
1997 5261 2214 5315 Prece-

551 5335 827 5391 dentibus
851 5339 1084 5394 duobus
1114 5341 1333 5396 libellis
1363 5344 1435 5397 de
1467 5344 1659 5398 tribus
1694 5347 1996 5417 episcopis
2028 5365 2214 5417 pauca

549 5424 726 5478 locuti
763 5440 1011 5497 sumus;
1046 5444 1200 5483 nune
1230 5431 1290 5484 in
1320 5434 1491 5486 tertio
1541 5435 1755 5504 quarti,
1790 5434 1849 5488 id
1880 5439 1973 5489 est
2015 5437 2215 5492 damni

550 5511 797 5566 Gerardi
831 5516 1097 5585 secundi,
1134 5519 1350 5573 mentio
1381 5520 1613 5593 agenda
1644 5524 1764 5588 est;
1800 5523 1913 5577 sub
1946 5539 2062 5594 quo
2088 5524 2213 5596 jam

545 5602 619 5656 ad
648 5605 948 5675 argentea,
981 5608 1036 5658 et
1063 5610 1198 5676 post
1227 5605 1362 5678 ejus
1397 5609 1619 5665 obitum
1648 5609 1720 5664 ad
1772 5609 1965 5666 ferrea
2016 5629 2212 5669 saecu-

540 5706 594 5763 a,
627 5706 740 5750 nos
781 5691 1096 5753 devolutos
1147 5709 1287 5755 esse
1331 5699 1602 5770 graviter
1652 5698 1968 5758 sentimus.
2024 5685 2214 5777 Igitur

2334 4558 2665 4627 Sepulchri,
2700 4575 2873 4629 quam
2917 4561 3047 4629 ipse
3093 4575 3125 4612 a
3167 4558 3348 4612 fundo
3396 4559 3825 4627 aedificaverat,
3886 4579 4043 4617 cum

2332 4647 2583 4700 maxima
2616 4646 2757 4700 cieri
2789 4647 3100 4717 plebisque
3131 4647 3540 4701 lamentatione
3581 4647 3885 4703 decenter
3924 4668 4045 4705 se-

2328 4736 2512 4804 pulto,
2534 4736 2810 4789 convenit
2840 4736 3118 4790 universa
3151 4736 3457 4802 civitas,et
3476 4736 3758 4789 domnum
3794 4737 4046 4793 Gerar-

2325 4824 2461 4877 dum
2514 4823 2971 4877 Bracbatensem
3016 4823 3877 4892 archidiaconum,supradicti
3898 4830 4046 4898 cpi-

2324 4912 2493 4981 scOpi
2523 4912 2804 4965 Lietberti
2852 4927 3072 4982 genere
3120 4912 3537 4982 prepinquum,
3570 4912 3755 4964 totius
3809 4914 4046 4982 plebis.

2325 5015 2581 5054 assensu
2613 5000 2884 5069 electum,
2920 5001 2989 5054 ad
3026 5001 3438 5071 imperatorem
3461 4999 3891 5071 dirigunt.Qui
3935 5021 4046 5059 ac-

2321 5090 2507 5156 ceptis
2522 5089 2594 5141 ab
2610 5104 2679 5142 co
2693 5089 3134 5158 episcopalibus
3149 5088 3789 5161 insigniis,glorianter
3805 5093 4039 5149 rediit

2321 5176 2546 5230 Deinde
2584 5177 2825 5231 Romam
2858 5178 3289 5233 benedictionis
3313 5178 3501 5249 gratia
3524 5176 3771 5246 expetiit
3791 5192 3810 5247 ;
3831 5194 4044 5250 quea

2320 5280 2470 5333 papa
2503 5264 2965 5333 Hildebrandus,
2989 5266 3225 5337 cognito
3243 5266 3532 5319 adventus
3555 5262 3693 5334 ejus
3725 5273 4043 5339 negotio.

2318 5367 2427 5407 nec
2447 5353 2648 5408 videre
2670 5354 2875 5420 voluit,
2893 5357 3231 5424 protestans
3245 5369 3379 5408 eum
3393 5338 4043 5416 excommunicatum‘

2315 5442 2454 5512 quia
2487 5445 2691 5496 contra
2730 5442 3053 5513 apostolica
3087 5448 3547 5512 sanctorumque
3594 5457 3923 5501 canonum
3995 5467 4037 5506 e

2318 5544 2429 5583 sua
2450 5530 2708 5600 decreta,
2745 5532 2819 5585 de
2861 5546 3039 5586 manu
3067 5531 3201 5585 laici
3244 5535 3302 5586 et
3345 5532 3879 5605 excommunicati,
3933 5545 4044 5594 ut.

2316 5621 2450 5688 pote
2483 5619 2632 5674 male
2665 5619 2943 5675 ditfamati
2975 5619 3349 5690 imperatoris
3378 5650 3448 5661 —
3478 5619 3580 5692 qui
3600 5619 3808 5692 etiam,
3849 5638 4044 5696 quo.

2319 5704 2730 5786 detestabilius
2748 5723 2888 5766 esse
2908 5708 3214 5787 probatur,
3232 5708 3517 5769 Romane
3539 5707 3845 5792 Ecclesia
3872 5720 4042 5779 sub
