4058 6182
234 251 327 313 269

698 245 1099 309 CHRONIC.
1138 246 1204 308 S.
1244 243 1624 308 ANDREB
1656 243 1956 306 CASTRI
1987 241 2582 308 CAMERACESII.
2625 279 2688 293 —
2723 244 2884 309 LIB.
2922 243 3033 308 III.

3477 243 3597 309 270

232 448 355 501 ditus
379 461 477 498 non
502 397 623 498 errat
651 474 721 483 —
748 444 1024 499 baculum
1068 443 1423 513 pastoralem
1454 447 1509 498 et
1547 442 1830 496 annulum
1861 424 1918 486 Α
1950 441 2315 496 credulitatis
2346 443 2712 498 sanctionem
2734 459 2839 513 per
2855 446 3048 500 omnia
3072 448 3397 518 profitetur.
3431 447 3608 503 Cum-

231 534 522 604 accepisset.
553 532 739 598 Quum
771 549 917 603 ergo
948 533 1202 587 domnus
1235 532 1532 586 Gerardus
1583 533 1692 586 hac
1725 529 1834 584 ob-

225 623 432 694 jectione
458 621 809 676 constrictus
841 621 1100 693 insignia
1131 621 1490 690 episcOpalia
1521 621 1637 691 ipsi
1668 635 1836 690 papae

234 709 560 778 reddidisset,
593 713 650 763 et
693 724 798 778 pro
830 709 940 763 hac
995 710 1242 764 comites
1287 710 1420 781 ejus
1469 709 1839 778 maximeque

228 797 434 853 Alardus
463 797 911 852 archidiaconus
945 799 1001 850 et
1028 798 1388 868 prepositus,
1425 813 1600 868 quem
1631 800 1840 866 postea

229 901 525 941 conversum
549 885 852 939 Martianis
873 882 1022 955 (513)
1045 886 1303 940 vidimus
1333 886 1626 954 abbatem,
1658 885 1838 938 nimio

228 991 413 1029 merore
439 973 850 1042 afﬁcerentur;
883 973 1116 1029 tandem
1147 990 1294 1044 papa
1340 975 1660 1028 miseratus
1696 988 1838 1042 pre-

226 1067 328 1117 catu
352 1079 574 1116 suorum
603 1066 659 1116 et
686 1063 1094 1132 cardinalium,
1133 1063 1385 1134 gratiam
1415 1079 1584 1117 suam
1607 1063 1663 1117 ei
1694 1078 1839 1116 con-

224 1152 338 1219 tulit,
366 1156 416 1204 et
441 1151 906 1205 consecrandum
951 1151 1024 1204 ad
1056 1151 1375 1222 Hugonem
1404 1152 1476 1205 de
1510 1152 1636 1204 Diis
1667 1150 1842 1221 (5'14),

225 1239 568 1294 venerabilem
618 1239 892 1311 Lugduni
961 1239 1480 1310 archiepiscopum
1549 1243 1606 1294 et
1659 1240 1839 1294 totius

223 1326 386 1381 Galliae
427 1327 715 1398 legatione
765 1327 1058 1397 functum,
1102 1328 1452 1382 transmisit.
1503 1329 1553 1382 Α
1601 1343 1718 1398 quo
1768 1328 1840 1382 de

223 1431 356 1470 more
382 1415 786 1470 ecclesiastico
816 1416 1095 1470 decenter
1113 1421 1521 1486 consecratus,
1555 1432 1840 1488 prospere

222 1518 324 1556 cum
359 1503 476 1556 suis
505 1505 904 1574 gaudentibus
943 1506 1302 1574 repatriavit.

271 1592 313 1645 2.
337 1591 414 1646 De
435 1594 762 1648 vastatione
787 1592 1112 1648 Cameraci.
1139 1594 1264 1648 Nec
1283 1594 1462 1650 multo
1494 1598 1626 1664 post
1657 1610 1838 1648 causa

219 1681 392 1748 extitit,
439 1696 547 1750 qua
581 1681 806 1736 curiam
852 1683 1229 1752 imperatoris
1278 1684 1440 1737 adire
1489 1699 1622 1737 cum
1663 1698 1840 1752 opor-

218 1769 318 1821 tuit.
363 1771 408 1820 Α
448 1785 560 1840 qua
614 1770 873 1840 rediens,
927 1786 1061 1824 cum
1108 1772 1179 1824 ad
1229 1772 1506 1841 oppidum
1553 1772 1709 1842 quod
1750 1776 1842 1825 est

217 1854 434 1911 Laubias
463 1858 827 1928 devenisset,
859 1860 1171 1914 nunciatur
1191 1861 1242 1914 ei
1267 1861 1430 1915 cives
1461 1860 1842 1914 Cameracen-

215 1959 294 1998 ses
319 1946 711 2017 conjuratione
743 1946 896 2001 facta
926 1948 1212 2002 statuisse
1244 1949 1402 2018 quod
1432 1950 1631 2002 nullus
1662 1949 1714 2002 ei
1749 1949 1840 2002 in-

213 2033 371 2087 trandi
398 2035 689 2089 civitatem
739 2037 979 2090 daretur
1020 2038 1210 2091 locus.
1245 2037 1328 2091 lis
1376 2037 1591 2091 auditis
1621 2041 1844 2106 pertur-

213 2120 355 2176 batus
381 2123 719 2194 episcopus,
773 2125 914 2195 quid
946 2124 1102 2178 facto
1135 2141 1284 2196 opus
1325 2127 1420 2197 sit,
1469 2127 1660 2180 animo
1689 2129 1841 2180 trac-

215 2213 314 2264 tare
341 2214 524 2282 coapit.
550 2212 777 2268 Deinde
809 2216 993 2267 accita
1025 2230 1142 2268 non
1172 2230 1348 2284 parva
1383 2217 1704 2269 amicorum
1744 2230 1840 2269 co-

212 2298 305 2367 pia,
335 2301 535 2355 comite
567 2316 807 2372 quoque
837 2301 1123 2356 Balduino
1164 2301 1335 2373 (515),
1385 2318 1601 2357 versus
1630 2303 1839 2357 Came-

211 2401 378 2440 racum
407 2389 530 2442 vias
565 2390 850 2461 dirigunt.
874 2390 1024 2455 Quid
1041 2391 1207 2462 plura
1227 2392 1256 2444 ξ)
1285 2393 1841 2463 Appropinquantes

1947 546 2061 601 que
2075 532 2148 584 ad
2163 532 2626 585 conﬁrmandum
2643 532 2928 586 Dominici
2943 551 3040 588 sae
3052 538 3296 591 ramenti
3315 536 3612 606 particeps

1945 619 2072 673 ﬁeri
2102 620 2174 672 ab
2207 621 2488 690 epiSCOpo
2519 624 2875 689 moneretur,
2901 621 3142 695 refugit,
3163 625 3368 679 dicens
3398 641 3430 678 a
3453 625 3613 680 nullo

1947 707 2224 761 abbatum
2255 724 2365 762 nec
2397 709 2771 763 sacerdotum
2788 726 2896 764 nec
2918 711 3091 766 etiam
3121 712 3192 765 ab
3231 714 3361 782 ipso
3383 713 3616 782 episco-

1946 811 2020 866 po
2045 796 2161 851 hoc
2193 811 2259 850 se
2281 800 2717 867 percepturum,
2759 799 2916 868 quod
2953 805 3050 853 aut
3080 799 3357 855 Simonis:
3387 806 3484 855 aut
3515 801 3619 855 ali-

1948 884 2123 957 cujus
2146 887 2406 941 avaritiae
2420 902 2576 941 noxa
2595 887 2860 941 adstricti
2876 891 3238 943 tenerentur.
3259 889 3391 942 Hiis
3415 889 3617 943 verbis

1949 989 2156 1028 omnes
2190 975 2252 1027 in
2291 976 2376 1028 ira
2403 975 2698 1040 commoti,
2729 980 2837 1046 pro
2869 976 3252 1032 heresiarcha
3298 992 3434 1032 eum
3463 977 3618 1032 indi-

1951 1065 2083 1116 cant
2111 1062 2356 1132 haberi;
2390 1067 2447 1116 et
2477 1063 2553 1116 ita
2584 1063 2924 1119 discessum
2948 1070 3060 1120 est.
3094 1065 3342 1130 Quidam
3370 1081 3512 1120 vero
3546 1066 3621 1120 de

1950 1151 2243 1205 ministris
2277 1151 2542 1220 episcOpi
2574 1153 2630 1206 et
2659 1151 2759 1205 alii
2788 1153 2951 1206 multi
3001 1153 3363 1209 deducentes
3398 1169 3532 1208 eum
3561 1155 3621 1208 in

1950 1239 2242 1308 quoddam
2272 1240 2573 1310 tugurium
2619 1240 2920 1308 inducunt,
2957 1243 3015 1294 et
3055 1257 3174 1295 non
3211 1242 3617 1312 reluctantem,

1952 1327 2059 1380 sed
2092 1327 2447 1396 intrepidum
2471 1330 2546 1397 et,
2581 1330 2643 1381 ut
2672 1329 2853 1398 aiunt,
2873 1331 2934 1382 in
2953 1330 3217 1384 oratione
3231 1334 3616 1401 prostratum,

1951 1415 2182 1469 admoto
2215 1416 2352 1486 igne
2382 1432 2515 1469 cum
2548 1417 2783 1487 tugurio
2807 1419 3285 1472 combusserunt.
3310 1418 3420 1482 Qui
3439 1419 3620 1473 multa

1951 1501 2173 1558 fecerat
2202 1507 2258 1556 et
2287 1504 2596 1573 docuerat,
2630 1504 2727 1558 hic
2759 1505 2892 1558 ﬁnis
2937 1505 3092 1576 ejus.
3132 1506 3374 1560 Plurimi
3400 1510 3616 1576 tamen,

1951 1593 2051 1662 qui
2082 1592 2135 1646 ei
2168 1592 2560 1662 adhaeserant,
2598 1593 2670 1647 de
2701 1595 2944 1648 ossibus
2976 1598 3032 1648 et
3060 1583 3301 1665 pulvere
3333 1595 3467 1666 ejus
3509 1596 3619 1649 ali-

1949 1679 2088 1750 quid
2123 1680 2240 1732 sibi
2269 1680 2593 1750 rapiebant.
2619 1680 2702 1734 De
2735 1681 2910 1752 cujus
2933 1686 3096 1735 secta
3116 1683 3503 1754 perquaedam
3526 1699 3621 1753 op-

1948 1769 2084 1836 pida
2131 1769 2296 1822 multi
2330 1773 2564 1822 manent
2607 1785 2799 1840 usque
2845 1770 3058 1824 adhuc.
3103 1770 3173 1824 Et
3211 1771 3346 1842 ejus
3383 1773 3619 1826 nomine

1948 1860 2269 1910 censentur
2298 1857 2536 1910 textrini
2570 1858 2770 1926 operis
2798 1858 3028 1912 lucrum
3060 1863 3410 1914 exercentes
3444 1858 3612 1929 (516).

2016 1929 2078 1998 4Ῐ
2103 1943 2192 1998 De
2223 1945 2618 2016 Aquicinensi
2639 1945 2922 2000 coenobio.
2956 1947 3076 2001 Sub
3099 1947 3312 2001 iisdem
3333 1948 3616 2002 fcretem-

1945 2033 2192 2103 poribus
2224 2034 2338 2102 (an.
2366 2033 2525 2103 lO'l9)
2550 2034 2665 2088 duo
2698 2034 2807 2087 viri
2837 2050 3057 2105 genere
3087 2035 3343 2107 nobiles,
3370 2035 3620 2108 Sigerus

1946 2121 2019 2175 de
2049 2123 2270 2190 Lohes,
2290 2121 2596 2177 Walterus
2611 2122 2768 2176 ﬁlius
2791 2123 3091 2193 Ursionis,
3117 2140 3250 2179 cum
3274 2125 3458 2180 sociis
3481 2126 3625 2179 mul-

1947 2211 2041 2276 tis,
2078 2211 2281 2264 relicta
2311 2212 2587 2265 saeculari
2619 2212 2842 2279 militia,
2882 2212 3002 2266 Deo
3034 2213 3283 2267 militare
3313 2213 3621 2282 di3posue-

1949 2302 2102 2364 runt;
2138 2303 2195 2353 et
2228 2299 2422 2353 locum
2460 2299 2752 2369 quendam
2780 2303 3076 2354 secretum
3116 2301 3390 2372 religioni
3421 2305 3617 2370 aptum

1950 2402 2132 2456 super
2150 2386 2395 2441 Ischarb
2425 2386 2574 2458 (51⁸7)
2606 2388 2869 2456 ﬂuvium,
2903 2403 3052 2459 aqua
3085 2390 3370 2459 cinctum,
3404 2389 3476 2442 ad
3516 2389 3618 2442 ha-

211 2477 367 2543 portis
395 2480 447 2531 et
477 2477 597 2531 illis
619 2479 690 2531 ad
716 2479 1110 2533 resistendum
1125 2481 1365 2549 paratis,
1400 2481 1534 2534 dolo
1566 2481 1845 2535 simulant
1873 2483 1923 2544 C
1950 2475 2254 2529 bitandum
2285 2475 2655 2547 delegerunt.
2690 2475 2830 2529 Inde
2850 2477 3126 2531 domuum
3141 2478 3490 2547 episcopum
3507 2477 3617 2532 Ge-

205 2561 440 2631 jurantes
469 2583 533 2619 se
593 2582 725 2621 cum
755 2584 900 2636 pace
933 2569 1140 2621 venire
1166 2583 1180 2637 ;
1231 2573 1287 2622 et
1331 2571 1420 2622 sic
1448 2570 1726 2638 permissi
1756 2569 1840 2623 in-

211 2654 356 2722 trare,
387 2655 557 2709 citius
591 2655 768 2708 ﬁdem
801 2662 1095 2728 rumpunt,
1130 2658 1338 2712 domos
1385 2659 1684 2727 invadunt,
1719 2660 1841 2712 ccl-

210 2739 326 2794 laria
351 2743 646 2813 diripiunt,
682 2745 898 2798 scrinia
934 2747 1336 2817 confringunt,
1362 2752 1417 2800 et
1446 2747 1639 2801 omnia
1657 2747 1846 2817 direp-

209 2829 325 2882 tioni
349 2833 668 2902 tradentes,
703 2849 930 2904 aurum,
964 2838 1296 2904 argentum,
1333 2851 1495 2905 vasa,
1530 2839 1750 2902 vestes,
1787 2840 1844 2891 et

208 2919 449 2988 quicquid
480 2921 834 2976 delectabile
866 2927 991 2976 erat
1021 2924 1379 2993 auferentes,
1400 2925 1661 2978 certatim
1688 2925 1841 2978 mul-

207 3005 410 3060 timodis
424 3010 899 3078 oneratispoliis,
925 3011 1244 3081 multisque
1267 3011 1605 3067 hominibus
1630 3015 1838 3084 captis,

208 3094 264 3146 ad
292 3111 388 3149 sua
417 3098 674 3166 quisque
705 3098 1082 3168 repedarunt.
1116 3098 1187 3153 Et
1219 3101 1306 3153 sic
1343 3100 1594 3155 domnus
1623 3101 1839 3156 Gerar-

207 3180 297 3235 dus
323 3183 376 3236 in
397 3200 502 3239 sua
531 3186 837 3240 relocatur
867 3188 1030 3242 sede.

259 3288 306 3342 3.
338 3290 421 3345 De
465 3292 714 3364 quodam
745 3293 980 3348 homine
1009 3295 1356 3352 Ramibrdo.
1404 3297 1659 3369 Contigit
1707 3301 1842 3368 post

205 3372 311 3430 haec
337 3381 680 3451 episcopum
708 3381 783 3435 ad
823 3382 1021 3436 villam
1058 3384 1368 3455 Lambras,
1413 3402 1545 3457 quae
1576 3392 1713 3440 tunc
1745 3388 1839 3440 sui

199 3461 331 3571 juris
357 3471 495 3538 erat,
529 3469 875 3542 devenisse,
912 3475 968 3526 et
997 3472 1077 3526 ibi
1120 3474 1544 3544 aliquantulum
1571 3475 1838 3530 demora-
1865 3511 1919 3571 D

204 3554 303 3606 tum
319 3571 468 3612 esse.
494 3557 614 3612 Ubi
637 3574 770 3612 cum
791 3559 845 3613 ei
864 3575 898 3613 a
910 3562 1293 3617 narrantibus
1315 3563 1637 3617 intimatum
1653 3567 1836 3634 esset,

205 3638 468 3699 hominem
491 3647 808 3716 quemdam
838 3649 1075 3703 nomine
1096 3650 1505 3720 Ramihrdum,
1541 3651 1692 3721 apud
1713 3666 1843 3722 pro-

203 3729 390 3785 ximam
420 3733 622 3787 villam
654 3751 787 3806 quae
819 3739 913 3790 est
957 3737 1241 3792 Scherem
1271 3744 1630 3809 manentem,
1665 3740 1846 3794 multa

205 3823 378 3885 preter
402 3821 582 3876 ﬁdem
614 3823 1035 3895 dogmatisare,
1071 3827 1276 3897 etjam
1305 3828 1418 3882 sub
1451 3829 1714 3882 doctrina
1737 3845 1846 3882 sua

207 3908 393 3961 multos
442 3911 779 3980 discipulos
830 3914 1260 3985 maximamque
1303 3917 1615 3987 utriusque
1663 3933 1846 3972 sexus

202 3993 405 4060 plebem
435 3999 553 4051 sibi
598 4004 1057 4055 consentaneam
1087 4004 1486 4074 adquisivisse
1507 4025 1524 4058 :
1548 4009 1685 4059 tunc
1717 4007 1846 4060 sine

204 4097 341 4138 mora
373 4087 692 4141 adductum
733 4089 804 4142 de
846 4091 964 4143 vita
994 4096 1049 4143 et
1078 4092 1149 4144 de
1183 4092 1448 4146 doctrina
1475 4093 1607 4163 ejus
1637 4095 1845 4148 scisci-

203 4171 332 4241 tans,
373 4189 504 4228 cum
543 4193 682 4229 eum
711 4177 784 4230 ad
814 4177 1047 4248 objecta
1092 4182 1455 4250 respondere
1495 4183 1739 4252 videret,
1772 4183 1845 4236 ad

202 4261 377 4315 sedem
405 4263 899 4319 Cameracensem
935 4269 1196 4336 pertrahi
1247 4285 1380 4323 eum
1417 4269 1624 4340 jubet,
1672 4274 1734 4325 ut
1764 4271 1846 4325 ibi

203 4361 358 4417 super
378 4351 469 4404 his
492 4353 733 4421 plenius
756 4353 1171 4410 discuteretur.
1188 4355 1360 4411 Certo
1374 4359 1567 4428 itaque
1586 4359 1678 4413 die
1692 4361 1842 4413 acci-

199 4436 262 4488 tis
289 4438 598 4494 abbatibus
630 4445 688 4494 et
720 4441 958 4496 clericis
992 4445 1391 4516 sapientibus,
1427 4447 1752 4516 productus
1783 4451 1841 4502 in

202 4525 367 4581 medio
395 4528 466 4583 de
515 4528 634 4584 fide
683 4529 968 4586 catholica
1002 4533 1353 4603 exquiritur.
1405 4534 1520 4590 Sed
1554 4537 1651 4591 ille
1682 4553 1840 4592 verae

1951 2565 2188 2618 rardum
2202 2563 2667 2634 Cameraci,quia
2679 2565 2847 2619 locus
2861 2565 2956 2619 ille
2977 2565 3030 2637 ej
3041 2582 3110 2620 us
3124 2570 3247 2620 erat
3259 2566 3615 2636 parrochiae.

1953 2656 2248 2721 expetunt,
2285 2658 2341 2706 et
2369 2653 2668 2706 habitandi
2700 2653 2994 2708 licentiam
3025 2658 3082 2709 et
3113 2655 3501 2710 construendi
3522 2671 3618 2709 ec-

1951 2739 2193 2794 clesiam
2224 2741 2296 2795 ab
2347 2757 2414 2795 eo
2454 2742 2800 2812 deposcunt.
2841 2743 2940 2796 Illc
2983 2747 3179 2798 autem
3229 2761 3342 2798 non
3392 2746 3618 2798 tantum

1951 2845 2083 2900 quae
2112 2832 2386 2899 petebant
2415 2831 2638 2900 annuit,
2689 2833 2796 2885 sed
2830 2832 3004 2886 etiam
3052 2834 3288 2903 adjutor
3317 2848 3523 2888 eorum
3561 2836 3618 2888 et

1952 2923 2299 2987 c00perator
2315 2918 2790 2990 mdiﬁcationum,
2816 2937 2949 2991 quae
2966 2923 3274 2975 monachis
3296 2925 3504 2976 essent
3524 2922 3622 2975 ha-

1949 3004 2124 3074 biles,
2159 3021 2298 3059 esse
2346 3007 2540 3075 coepit.
2587 3008 2760 3078 Hugo
2800 3024 3035 3080 quoque
3076 3010 3337 3064 decanus
3385 3008 3616 3064 Sancta

1952 3094 2152 3148 Mariae
2184 3095 2341 3149 omni
2364 3111 2504 3148 cura
2525 3097 2763 3166 totoque
2786 3098 2980 3152 animo
3009 3112 3076 3151 eo
3097 3098 3614 3168 coepitintendere,

1950 3183 2278 3252 pecuniam,
2301 3184 2506 3237 altaria
2520 3188 2836 3256 ceteraque
2851 3186 3192 3240 necessaria
3205 3185 3509 3257 largiendo
3522 3189 3614 3240 to-

1947 3275 2006 3324 to
2023 3269 2232 3326 aﬂ‘ectu
2251 3272 2604 3341 ministrare,
2628 3273 2773 3327 adeo
2796 3277 2858 3327 ut
2872 3273 2932 3327 in
2950 3273 3116 3328 brevi
3138 3274 3305 3329 locus
3327 3273 3424 3328 ille
3447 3274 3615 3330 aDeo

1951 3361 2324 3430 sublimatus,
2350 3361 2605 3415 ecclesia
2643 3361 2879 3416 clericis
2909 3363 3230 3434 probisque
3260 3363 3410 3417 viris
3426 3362 3616 3433 reple-

1951 3452 2132 3518 retur,
2166 3452 2223 3503 et
2252 3449 2520 3504 studiose
2552 3465 2621 3503 ac
2649 3449 2930 3522 religiose
2953 3452 3215 3505 servitus
3238 3451 3344 3506 Dei
3373 3451 3456 3506 ibi
3477 3467 3616 3523 age-

1952 3541 2136 3591 retur.
2160 3537 2302 3602 Quae
2320 3539 2701 3610 congregatio
2723 3538 2783 3592 in
2800 3541 3022 3594 tantum
3045 3540 3146 3593 Dei
3162 3541 3306 3595 nutu
3327 3541 3613 3611 excrevit,

1953 3630 2012 3680 ut
2042 3627 2214 3680 etiam
2245 3627 2497 3682 domnus
2532 3628 2788 3682 Alardus
2821 3629 3254 3684 Hasnoniensis
3284 3629 3614 3684 monachus

1952 3717 2138 3770 abbas
2171 3716 2249 3770 ibi
2281 3717 2687 3786 proﬁceretur,
2723 3721 2778 3771 et
2808 3719 3040 3773 nobiles
3069 3719 3284 3790 quique
3315 3733 3614 3790 pagenses

1951 3806 2046 3859 vel
2081 3821 2155 3859 ex
2185 3805 2317 3858 aliis
2340 3806 2666 3874 provinciis
2691 3808 2913 3862 saeculo
2935 3809 3368 3876 renunciantes,
3401 3807 3484 3861 ibi
3502 3807 3614 3862 sub

1952 3909 2159 3948 norma
2191 3898 2413 3948 sanctae
2463 3895 2771 3966 religionis
2812 3897 3194 3950 conﬂuerent.
3242 3897 3371 3950 Hoc
3417 3897 3614 3967 itaque

1955 3983 2290 4036 coenobium
2340 3998 2531 4052 usque
2578 3983 2752 4037 hodie
2792 3985 2974 4038 rebus
3029 3985 3233 4039 saeculi
3275 3985 3612 4056 dilatatum,

1954 4072 2110 4124 omni
2139 4071 2308 4124 ﬂoret
2337 4070 2646 4141 religione,
2682 4074 2739 4123 et
2770 4071 3228 4142 circumquaque
3257 4073 3615 4128 monasteria

1953 4161 2131 4212 multa
2160 4159 2487 4212 sanctitatis
2521 4158 2778 4211 illustrat
2806 4159 3007 4213 odore.

2022 4267 2075 4319 5.
2119 4265 2207 4318 De
2255 4264 2417 4318 obitu
2448 4263 2647 4318 damni
2701 4263 2996 4318 lValdrici
3044 4263 3300 4319 abbatis.
3360 4267 3616 4321 Rexerat

1951 4356 2204 4409 domnus
2228 4353 2413 4406 abbas
2437 4352 2780 4405 \Naldricus
2813 4352 3132 4406 ecclesiam
3163 4353 3314 4406 hanc
3335 4354 3484 4423 (518)
3513 4371 3614 4408 an-

1953 4445 2046 4499 nis
2074 4441 2165 4512 36,
2209 4457 2394 4512 seque
2437 4442 2576 4496 boni
2607 4441 2807 4510 Operis
2853 4442 3184 4512 exemplum
3213 4443 3469 4497 subditis
3508 4458 3615 4513 per

1952 4534 2146 4590 omnia
2175 4533 2508 4602 prebucrat,
2544 4529 2878 4600 multasque
2909 4531 3356 4602 possessiones,
3388 4532 3610 4598 altaria,

1771 4675 2028 4739 NOTIE

258 4785 394 4860 (513)
431 4790 636 4847 March
646 4791 872 4848 iennes.

259 4860 396 4943 (δη)
435 4863 550 4943 Qie
576 4880 651 4943 en
702 4863 1024 4943 Qauphiné.
1069 4865 1363 4943 ita-enim
1403 4870 1657 4942 correxi,
1691 4872 1850 4943 quod

204 4933 638 5007 copiahabebat
668 4950 680 4988 :
716 4933 1020 5007 Hugonem
1056 4936 1275 4992 (Ediis.

261 5002 398 5072 (515)
438 5004 756 5059 Montensi.

262 5071 748 5150 (_5_16)_Hac_de_re
779 5076 1036 5150 loquitur
1052 5077 1381 5150 Gregorius
1396 5080 1498 5133 VII
1525 5081 1582 5135 in
1605 5081 1854 5150 epistola

262 5092 398 5143 iam)
423 5092 547 5128 nae
580 5092 653 5129 ue
683 5092 748 5130 re
780 5092 834 5130 ιο
880 5092 1381 5149 uitururegorius
1405 5092 1498 5133 Vll
1525 5097 1582 5135 in
1605 5092 1854 5150 epistola

204 5137 262 5193 εδ
280 5141 436 5198 Mart.
477 5145 616 5200 1077
648 5147 781 5232 da‘t‘a
801 5092 1284 5232 ag'Godefi'iduin
1298 5151 1706 5232 Parisiensem
1725 5154 1854 5232 epi-

205 5225 449 5283 scopum,
475 5221 662 5286 quam'
685 5216 853 5297 aﬂ‘ert
868 5218 951 5271 Le
973 5218 1118 5289 Glay
1149 5235 1221 5273 ex
1244 5221 1421 5291 Greg.
1451 5223 1598 5302 Reg.
1627 5239 1706 5291 iv,
1737 5216 1809 5277 2'0
1839 5237 1852 5277 :

205 5279 330 5364 Item
343 5286 595 5364 relatura
609 5287 780 5364 nobis
797 5294 888 5364 est
907 5288 1671 5364 Cameracenseshommem
1687 5308 1859 5364 quen-

206 5351 320 5434 dam
337 5356 593 5434 [laminis
611 5359 958 5434 tradidisse,
988 5376 1055 5414 eo
1087 5361 1236 5431 quod
1255 5361 1624 5434 Simoniacos
1652 5351 1710 5418 et
1723 5379 1861 5434 pre-

205 5422 287 5475 sbi
291 5432 448 5500 teras
457 5429 862 5500 fornicatores
872 5422 1212 5485 missasnon
1227 5432 1452 5487 debere
1466 5422 1861 5500 celebrareet

208 5495 338 5574 {qod
377 5497 904 5574 illorumpft’icinni
936 5501 1180 5574 minime
1210 5503 1649 5574 suscipiendum
1678 5495 1857 5574 foret,

205 5563 391 5646 dicere
409 5584 590 5624 ansas
607 5571 814 5625 fuerit.
838 5569 1001 5646 Quod
1017 5573 1150 5646 quia
1168 5574 1342 5628 nobis
1367 5563 1536 5646 valde
1555 5563 1859 5646 terribile,

208 5641 275 5706 et,
307 5638 358 5691 si
395 5655 598 5698 verum
629 5647 744 5715 est,
778 5643 937 5698 omni
965 5638 1174 5715 rigore
1195 5645 1490 5701 canonicis
1510 5638 1864 5705 severitatis

1954 4796 2368 4856 vindicandum
2382 4810 2518 4850 esse
2535 4791 3250 4863 ridetur,fraternitatem
3274 4796 3428 4845 tuam
3451 4791 3617 4846 solli-

1951 4873 2070 4926 cite
2085 4869 2256 4941 bqjus
2276 4869 2372 4922 rei
2399 4867 2713 4941 veritatem
2728 4865 3036 4941 inquirere
3050 4863 3458 4941 admonemus;
3478 4867 3539 4941 et
3561 4864 3618 4917 si

1953 4958 2054 4997 eos
2065 4942 2139 4996 ad
2151 4933 2370 4993 tantam
2395 4936 2626 4992 crudeli
2631 4933 3032 5002 tatem‘impias
3046 4948 3253 4987 manus
3269 4933 3617 4988 extendisse

1953 5009 2376 5084 agnoveris,ab
2391 5007 2640 5060 introitu
2653 5012 2711 5059 et
2733 5004 3313 5084 oinni'cozmnunione
3345 5004 3618 5059 ecalesiaa

1953 5073 2228 5138 auctores
2233 5073 2371 5150 pari
2376 5085 2471 5131 ter
2483 5083 2545 5150 et
2555 5075 2867 5150 compiices
2880 5073 3051 5150 biu'ns
3063 5074 3319 5150 sceleris
3331 5090 3619 5146 separare

1956 5169 2069 5209 non
2083 5154 2144 5207 di
2151 5145 2352 5213 Ife—ras,
2375 5156 2432 5203 et
2446 5147 2620 5201 nobis
2635 5146 2736 5216 hqj
2743 5161 2809 5198 us
2823 5145 2914 5198 rei
2932 5145 3373 5216 certitudinem,
3394 5145 3618 5201 necnon

1999 5221 2232 5295 nicquid
2252 5221 2325 5275 de
2355 5213 2768 5295 superioribus
2779 5215 2977 5295 causis
2999 5213 3269 5295 ell‘ectnni
3291 5215 3496 5295 fuerit,
3504 5232 3621 5295 per

1999 5242 2227 5295 mcqum
2252 5242 2325 5275 ae
2355 5242 2766 5295 superiuuuuo.‘
2779 5242 2974 5268 cauam
2999 5242 3269 5296 aucupum.
3291 5242 3615 5288 ium'u,pur

1956 5242 2198 5349 Yitteras
2216 5298 2366 5356 tuas,
2383 5304 2547 5360 quam
2566 5288 2857 5360 citisszme
2867 5291 3116 5360 poteris,
3140 5287 3410 5360 indicare
3422 5287 3615 5360 stude.

2029 5363 2178 5431 (517)
2208 5356 2447 5430 Scal-pe.
2485 5357 2840 5431 Ampliorem
2871 5356 3054 5431 hujus
3088 5357 3619 5431 fundationis__his-

1957 5423 2169 5490 toriam
2209 5423 2436 5489 videsis
2488 5429 2546 5484 in
2577 5423 2856 5486 Auctario
2892 5423 3280 5498 AQuicinensi
3324 5428 3398 5483 ad
3442 5426 3618 5497 Sige-

1958 5505 2056 5561 bei
2069 5508 2211 5559 tum.

2031 5575 2200 5647 (518).
2234 5571 2294 5626 S.
2327 5570 2600 5628 Androm.
