4058 6182
490 318 493 321 η
1479 292 1789 335 Ι.ι.ιι

536 389 645 454 271

1411 334 1773 449 APPENI).
1807 386 1921 448 AD
1951 386 2225 448 GESTA

2438 296 2626 449 Icor.
2662 326 3095 451 causam.
3452 445 3483 455 -
3843 351 3979 455 .272

535 592 769 663 allodia,
793 606 904 646 suo
926 589 1123 645 studio
1144 586 1995 659 adquisierat.Superveniente
2017 586 2199 658 igitur
2223 565 2286 629 Α
2315 586 2718 656 predationem
2748 588 2989 643 multam
3022 588 3263 659 fecisse,
3292 592 3349 644 et
3377 595 3544 660 capta
3577 591 3754 662 prada
3784 591 3977 661 pluri-

537 680 775 753 die,quo
799 680 993 735 divina
1014 679 1204 749 pietas
1226 691 1360 730 eum
1380 676 1453 730 ab
1472 677 1753 730 aerumnis
1774 677 1978 731 saeculi
1998 676 2197 745 dispo-

537 773 713 828 nebat
747 771 995 840 eripere,
1030 767 1222 821 subita
1254 766 1567 836 corripitur
1600 766 1988 837 aegritudine;
2020 768 2078 819 et
2106 764 2200 819 de-

536 861 741 916 cidens
773 860 832 914 in
850 856 1435 927 lectum,convocatis
1459 854 1742 909 fratribus
1764 858 1899 925 post
1919 854 2195 908 salutaris

535 949 754 1004 monita
800 945 1230 1002 exhortationis
1279 943 1542 997 ultimum
1577 944 1938 1010 valedicens,
1984 944 2195 1013 plenus

535 1038 767 1093 dierum
794 1051 945 1091 anno
975 1035 1079 1089 Dei
1122 1033 1342 1089 Christi
1379 1032 1545 1101 1083,
1596 1032 1797 1086 Idibus
1828 1032 2007 1099 Junii,
2040 1032 2196 1085 diem

535 1127 750 1183 clausit
780 1130 1137 1191 extremum,
1173 1124 1229 1176 et
1268 1124 1325 1175 in
1368 1122 1557 1175 medio
1598 1121 1869 1174 ecclesiaa
1913 1121 2199 1190 sepelitur

536 1232 669 1271 cum
698 1216 950 1269 maxima
981 1213 1393 1266 lamentatione
1424 1210 1671 1264 fratrum
1703 1214 1758 1262 et
1790 1209 2059 1263 aliorum.

604 1306 657 1360 6.
682 1305 771 1360 De
795 1303 1084 1359 electione
1132 1299 1371 1354 abbatis
1425 1297 1729 1353 Guiﬂ'ridi.
1764 1296 2197 1352 Convenientes

534 1394 751 1448 fratres
782 1393 855 1445 ad
882 1389 1218 1462 eligendum
1234 1388 1527 1456 abbatem,
1551 1392 1825 1457 quattuor
1846 1387 1916 1440 de
1937 1388 2066 1441 suis
2090 1387 2201 1440 eli-

534 1486 699 1555 gunt,
724 1484 779 1536 et
798 1496 902 1535 eos
927 1495 1060 1534 cum
1082 1477 1292 1531 baculo
1314 1476 1598 1546 pastorali
1628 1476 1701 1529 ad
1734 1476 2075 1544 episcopum
2107 1474 2199 1529 di-

533 1573 758 1643 rigunt,
783 1573 844 1623 ut
865 1570 1213 1637 cuicumque
1246 1581 1451 1620 eorum
1473 1563 1765 1618 abbatiam
1802 1564 1984 1633 daret,
2019 1564 2199 1617 ceteri

535 1661 861 1715 laudarent.
899 1658 972 1711 At
1003 1657 1099 1710 ille
1122 1654 1420 1725 ejusmodi
1456 1653 1802 1707 electionem
1822 1653 2199 1721 perpendens

535 1766 654 1805 non
669 1763 806 1802 esse
829 1742 1531 1817 probabilem,distulit,et
1546 1742 1803 1810 acceptis
1826 1740 2079 1794 induciis
2094 1756 2199 1794 eos

2310 676 2542 747 misque
2571 678 2759 746 captis
2791 677 3149 749 hominibus,
3174 694 3463 749 prospero
3486 695 3779 735 successu
3802 681 3976 734 citius

2308 779 2594 820 remeare.
2628 763 2803 820 Forte
2833 766 3043 821 mulier
3072 767 3362 838 quaedam,
3396 768 3673 841 conjugis
3706 769 3802 823 sui
3838 784 3974 838 cap-

2307 855 2525 909 tionem
2565 856 2826 925 graviter
2854 856 2989 924 plus
3019 872 3190 927 aquo
3227 857 3436 912 dolens
3477 862 3533 911 et
3559 858 3718 912 acuti
3746 858 3974 912 doloris

2306 943 2637 1012 impatiens,
2656 959 2830 1014 quam
2859 945 3090 1000 concito
3127 962 3312 1000 cursu
3337 949 3565 1017 poterat
3595 948 3724 1001 sola
3744 962 3966 1018 seque-

2308 1030 2499 1086 batur.
2532 1032 2647 1087 Sed
2678 1048 2793 1086 non
2825 1037 2950 1087 erat
2980 1034 3152 1089 facile
3181 1040 3243 1088 ut
3274 1039 3763 1106 consequeretur.
3788 1035 3974 1107 Igitur

2310 1121 2584 1174 inclinata
2611 1120 2734 1192 jam
2783 1122 2898 1192 die,
2945 1122 3285 1176 imminente
3328 1138 3615 1193 vespera,
3664 1140 3787 1178 nox
3834 1124 3979 1177 facta

2309 1214 2454 1279 erat,
2488 1225 2620 1264 cum
2667 1210 2769 1264 illa
2811 1212 3136 1279 proximam
3184 1212 3396 1265 silvam
3438 1212 3795 1280 deveniens,
3833 1228 3976 1266 nus-

2309 1314 2486 1369 quam
2514 1300 2796 1370 progredi
2826 1300 3054 1369 valens,
3090 1315 3379 1370 Oppressa
3410 1300 3639 1354 scilicet
3668 1301 3868 1355 noctis
3897 1305 3977 1355 te-

2307 1388 2534 1456 nebris,
2571 1402 2803 1442 merere
2832 1391 2890 1441 et
2917 1388 3269 1443 lassitudine
3296 1388 3590 1458 corporis,
3626 1404 3694 1443 se
3725 1390 3845 1443 sub
3880 1405 3976 1442 re—

2308 1479 2470 1545 perta
2532 1476 2745 1531 arbore
2803 1476 3026 1530 lassata
3073 1475 3283 1531 volens
3348 1478 3727 1548 requiescere
3788 1493 3976 1532 mem-

2308 1564 2435 1619 bra.
2483 1606 2496 1619 .
2540 1605 2554 1618 .
2601 1606 2613 1618 .
2655 1561 2753 1619 337.

2378 1649 2432 1707 9.
2466 1653 2554 1708 De
2576 1653 2946 1724 apparitione
2966 1653 3214 1725 maligni
3240 1655 3509 1725 spiritus.
3528 1655 3672 1710 Hae
3685 1656 3786 1709 diu
3808 1655 3982 1710 seruio

2309 1742 2568 1812 vigilans
2604 1740 2898 1811 jacuerat,
2933 1758 3067 1796 cum
3102 1746 3344 1812 repente
3382 1744 3683 1815 malignus
3731 1743 3984 1814 spiritus

535 1838 729 1893 redire
761 1812 1041 1906 precepit.
1068 1812 1304 1886 Interim
1339 1831 1592 1885 domnus
1617 1830 1826 1883 Petrus
1858 1829 2043 1883 abbas
2063 1829 2199 1883 Bel-
2228 1812 2281 1874 Β
2312 1830 2424 1906 sub
2456 1830 2649 1906 aliqua
2678 1829 2901 1906 visibili
2939 1830 3139 1906 specie
3186 1846 3386 1906 coram
3413 1846 3480 1884 ea
3530 1812 3798 1900 adstans,
3832 1836 3889 1886 et
3922 1836 3983 1906 ut

538 1925 818 1981 vacensis
836 1939 943 1993 pro
962 1922 1140 1975 fratre
1164 1936 1272 1974 suo
1292 1920 1505 1972 domno
1521 1916 1892 1984 Guiffrido,et
1909 1917 2043 1989 ejus
2056 1918 2199 1987 peti-

538 2017 694 2070 tione
726 2014 1043 2083 episcopus
1094 2007 1538 2074 Laudunensis,
1562 2006 1945 2075 lprecatorias
1976 2006 2202 2061 litteras

541 2105 754 2159 domno
772 2100 1032 2155 Gerardo
1054 2098 1334 2167 episcopo
1358 2095 1833 2148 transmiserunt.
1859 2094 2032 2165 Hugo
2053 2111 2204 2164 quo-

543 2209 656 2265 que
680 2186 1202 2256 castellanus(519)
1235 2200 1368 2239 eum
1398 2183 1531 2237 aliis
1562 2182 1761 2238 multis
1794 2198 1900 2252 pro
1933 2184 2043 2236 hoc
2075 2184 2204 2252 ipso

541 2283 813 2353 precator
839 2277 1133 2343 accessit;
1186 2278 1242 2328 et
1272 2273 1389 2326 hiis
1420 2272 1710 2325 animatus
1742 2272 2019 2341 precibus
2051 2272 2208 2341 epis-

544 2386 729 2439 copus
752 2366 1040 2423 Geraldus
1058 2361 1335 2417 abbatiali
1357 2360 1639 2430 dignitate
1657 2358 2208 2422 sublimavit.Quam

545 2460 641 2513 ille
671 2458 1009 2524 susceptam
1026 2468 1133 2521 per
1153 2451 1374 2520 aliquot
1405 2465 1593 2502 annos
1606 2451 1889 2501 strennue
1913 2448 2082 2515 rexit,
2102 2447 2209 2502 sed

544 2548 753 2617 postea
785 2542 1077 2596 continuis
1126 2538 1568 2592 imminentibus
1599 2536 1835 2607 guerris
1873 2540 1929 2589 et
1959 2536 2210 2589 maxime

547 2634 698 2687 fame
721 2628 1215 2701 magna,ecclesia
1236 2627 1363 2680 haec
1386 2626 1655 2679 devoluta
1678 2627 1767 2677 est
1789 2625 2136 2692 paupertati.

615 2722 670 2775 '7.
696 2722 784 2774 De
804 2718 962 2774 bello
984 2716 1134 2788 apud
1176 2714 1373 2768 villam
1400 2713 1785 2767 Castenerias
1804 2711 1980 2766 facta.
2020 2711 2082 2764 In
2114 2712 2212 2765 illo

548 2815 810 2880 tempore
834 2806 985 2878 apud
998 2804 1376 2859 Cameracum
1391 2802 1544 2855 inter
1557 2800 1857 2854 Oilardum
1880 2801 2212 2869 praclarum

549 2899 789 2954 militem
838 2900 893 2950 et
939 2894 1265 2949 Joliannem
1308 2889 1537 2944 Ottonis
1587 2888 1790 2956 lilium,
1822 2904 1928 2957 pro
1959 2889 2210 2957 quadam

2312 1901 2441 1970 ipsa
2469 1901 2644 1955 nobis
2688 1904 2893 1969 postea
2941 1901 3175 1969 retulit,
3219 1902 3390 1972 quasi
3435 1917 3678 1972 cappam
3711 1919 3891 1958 unam
3926 1904 3981 1955 in

2308 2005 2485 2044 manu
2516 1988 2814 2059 deferens,
2848 1990 3035 2044 induit
3063 2005 3212 2058 eam,
3246 1994 3304 2044 et
3325 1991 3416 2044 sic
3446 2006 3573 2044 eam
3604 2006 3680 2045 ex
3696 1995 3819 2046 toto
3842 2006 3984 2060 pos-

2308 2079 2480 2132 sedit.
2514 2077 2617 2131 Illa
2655 2093 2789 2132 mox
2841 2076 3023 2133 effera
3054 2082 3111 2132 et
3148 2078 3244 2132 sui
3272 2078 3509 2133 omnino
3534 2072 3745 2134 nescia
3777 2079 3982 2148 prosi-

2307 2167 2389 2232 lit,
2425 2170 2482 2220 et
2507 2167 2666 2237 quod
2696 2167 2988 2236 reliquum
3005 2170 3129 2221 erat
3158 2167 3369 2237 noctis,
3386 2167 3598 2221 silvam
3614 2183 3953 2239 peragrans
3974 2205 3992 2231 ,

2310 2255 2543 2309 tandem
2587 2270 2759 2308 mane
2808 2254 2962 2309 facto
3023 2270 3055 2309 e
3102 2256 3252 2309 silva
3302 2256 3697 2327 progreditur.
3746 2256 3984 2329 Diuque

2308 2359 2459 2415 vaga
2486 2358 2595 2413 per
2615 2359 2796 2414 agros
2820 2344 3190 2413 discurrens,
3216 2343 3288 2397 ab
3302 2344 3513 2398 incolis
3545 2346 3984 2415 comprehensa

2311 2432 2546 2501 ligatur,
2600 2435 2657 2485 et
2695 2431 2890 2503 magis
2934 2431 3143 2485 ferinis
3188 2447 3365 2501 quam
3410 2432 3686 2486 humanis
3725 2435 3985 2488 vocibus

2312 2520 2703 2588 inclamitans,
2739 2521 2809 2574 ad
2842 2520 2952 2574 hoc
2983 2520 3408 2575 monasterium
3458 2521 3819 2576 verberibus
3847 2524 3982 2595 agi-

2311 2612 2424 2662 tata
2457 2608 2822 2677 perducitur.

2384 2697 2470 2751 10.
2491 2697 2579 2751 De
2599 2696 2960 2752 liberatione
2973 2696 3248 2751 mulieris
3269 2697 3661 2753 deemoniacw.
3683 2698 3831 2764 Qum
3844 2698 3983 2756 dum

2311 2784 2614 2839 liminibus
2637 2785 2913 2840 ecclesias
2935 2786 3375 2856 prepinquaret,
3402 2785 3560 2841 velut
3580 2787 3840 2841 immane
3859 2804 3987 2857 pre-

2314 2873 2573 2942 eipitium
2604 2889 2954 2943 precavens,
2980 2874 3377 2941 retrocedere,
3409 2878 3560 2929 etne
3592 2875 3843 2929 intraret
3863 2879 3983 2929 toto

548 2989 690 3041 villa
719 2986 998 3040 Vinciaco
1029 2980 1199 3051 (520),
1233 2978 1589 3051 gravissima
1605 2981 1807 3031 exorta
1841 2980 1933 3030 est
1963 2980 2202 3030 conten-

2319 2961 2527 3015 annisu
2558 2962 2867 3031 reluctari;
2900 2961 3003 3016 sed
3037 2978 3070 3015 a
3097 2962 3474 3031 presentibus
3504 2962 3780 3032 impulsa,
3803 2964 3983 3017 immo

548 3079 652 3148 tio,
685 3076 832 3130 adeo
865 3076 924 3128 ut
972 3072 1044 3125 ab
1090 3068 1343 3124 invicem
1385 3066 1661 3136 separati,
1707 3065 1855 3119 alter
1894 3079 2119 3133 eorum,
2154 3064 2212 3118 id

553 3170 645 3223 est
679 3165 1004 3229 Johannes,
1048 3174 1182 3213 cum
1205 3155 1506 3212 Fulchone
1536 3157 1747 3224 nepote
1778 3168 1887 3208 suo
1916 3152 2218 3207 Cameraci

550 3269 817 3321 manens,
851 3251 1002 3305 bella
1019 3248 1273 3318 pararet;
1306 3244 1625 3309 alter-vero,
1652 3242 1706 3296 id
1730 3245 1822 3297 est
1840 3241 2136 3309 Oilardus,
2158 3243 2218 3295 in

551 3346 706 3400 hanc
747 3341 945 3394 villam
985 3337 1134 3406 (521)
1176 3332 1458 3401 veniens,
1509 3331 1931 3385 conductorum
1972 3329 2218 3383 militum

554 3432 671 3486 sibi
702 3428 930 3499 copiam
950 3423 1308 3478 adsumeret.
1339 3420 1599 3485 Quadam
1621 3422 1810 3472 autem
1833 3418 1927 3471 die
1959 3420 2218 3486 tempore

555 3517 811 3583 messis,
857 3529 989 3567 cum
1040 3512 1176 3566 hinc
1208 3514 1379 3578 atque
1428 3508 1588 3560 illinc
1619 3506 1853 3576 egressi
1901 3506 1971 3558 ad
2020 3505 2217 3557 villam

554 3603 929 3661 Castenerias
954 3599 1100 3667 (522)
1128 3598 1437 3651 venientes
1469 3594 1584 3647 sibi
1614 3594 1978 3661 obviassent,
2010 3592 2219 3646 armati

556 3690 1137 3763 congrediuntur;et,
1157 3684 1480 3738 commisso
1512 3683 1677 3753 gravi
1706 3682 1914 3751 prelio,
1948 3681 2122 3751 pauci
2143 3696 2218 3733 ex

553 3784 719 3851 parte
749 3776 989 3845 Oilardi,
1035 3775 1141 3828 sed
1184 3772 1348 3825 multi
1384 3787 1458 3824 ex
1491 3770 1903 3824 Cameracensi
1949 3769 2212 3823 exercitu

557 3869 933 3925 corruerunt.
966 3864 1196 3917 Ibertus
1226 3875 1462 3931 quoque
1484 3874 1670 3929 nepos
1702 3858 1984 3927 episcopi,
2009 3862 2065 3910 et
2087 3858 2214 3911 Ado

556 3959 627 4013 de
658 3957 837 4012 Belen
870 3953 1039 4024 (523),
1071 3950 1298 4023 egregii
1327 3949 1461 4016 viri,
1493 3946 1779 4001 interfecti
1814 3944 2210 4014 sunt;Fulcho

554 4060 788 4119 quoque
822 4058 954 4097 cum
984 4040 1180 4095 multis
1199 4038 1445 4091 famosis
1479 4036 1623 4089 viris
1647 4038 1851 4104 captus
1882 4036 1991 4087 est.
2028 4033 2097 4087 Et
2120 4033 2210 4086 sic

553 4134 829 4190 Oilardus
877 4130 1180 4183 victoriam
1229 4128 1496 4195 adeptus,
1532 4124 1798 4195 gaudens
1848 4124 2117 4191 recessit,
2154 4125 2210 4176 et

555 4223 744 4294 spolia
775 4235 963 4290 equos
996 4221 1052 4271 et
1080 4217 1345 4286 captivos
1393 4214 1677 4267 militibus
1709 4212 1838 4265 suis
1872 4212 2205 4282 largissime

552 4312 771 4365 divisit.
807 4308 878 4361 Et.
907 4307 1231 4377 predictuin
1262 4302 1653 4365 Fulehonem,
1685 4301 1979 4354 sororium
2009 4316 2201 4367 suum,

550 4401 612 4454 in
634 4398 899 4467 captione
923 4410 1075 4448 anno
1109 4408 1224 4446 uno
1257 4390 1539 4454 detinuit;
1572 4390 1679 4443 sed
1713 4392 1914 4457 postea
1944 4388 2209 4457 perepis-

551 4501 765 4556 copum
823 4487 881 4537 et
922 4482 1353 4536 Theodericum
1399 4479 1469 4533 de
1519 4478 1778 4533 Avesnis
1834 4476 2204 4543 coneordati,

551 4574 724 4629 amici
783 4571 1252 4641 permanserunt.

619 4661 673 4718 8.
708 4662 795 4715 De
828 4659 1123 4712 mulier-ea
1146 4654 1414 4710 demonio
1442 4658 1669 4707 vexata.
1692 4652 1857 4717 Quod
1878 4655 2069 4706 autem
2094 4652 2206 4705 sub

549 4751 865 4806 occasione
895 4745 1142 4816 predicti
1181 4742 1398 4797 Oilardi
1442 4741 1536 4794 hic
1568 4742 1822 4795 vidimus
1854 4741 2203 4810 contigisse,

548 4839 769 4894 nemini
791 4837 867 4890 sit
886 4848 1202 4890 onerosum
1214 4832 1307 4885 vel
1333 4832 1534 4901 legere
1548 4830 1639 4883 vel
1659 4829 1882 4883 audire.
1908 4828 2012 4882 Hic
2031 4829 2209 4898 siqui-

546 4928 682 4982 dem
705 4941 837 4981 cum
859 4925 1072 4977 virtute
1095 4921 1316 4975 militiae
1338 4920 1795 4987 circumquaque
1825 4917 2092 4971 famosus
2124 4917 2207 4969 vi-

547 5016 717 5070 ribus
736 5020 792 5069 et
808 5013 989 5068 armis
1006 5010 1493 5066 Cameracensem
1516 5010 1777 5060 tueretur
1788 5006 2051 5075 patriam,
2068 5021 2205 5059 con-

544 5104 678 5174 tigit
706 5118 840 5158 eum
861 5100 1172 5173 aliquando
1186 5113 1349 5153 more
1371 5112 1481 5151 suo
1499 5095 1559 5149 in
1578 5110 1731 5166 pago
1753 5094 2204 5148 Viromandensi

2317 3050 2494 3119 illata,
2528 3050 2588 3104 in
2618 3051 2811 3105 medio
2840 3050 3039 3119 templi
3071 3066 3285 3121 sparso
3320 3052 3601 3105 stramine
3631 3052 3985 3106 collocatur.

2316 3138 2521 3210 Ibique
2569 3140 2843 3210 quamvis
2894 3139 3095 3193 stricte
3136 3139 3343 3210 ligata,
3390 3140 3814 3194 miserabiliter
3867 3140 3987 3194 huc

2316 3228 2573 3298 illucque
2604 3228 2993 3283 volutabatur.
3046 3228 3298 3283 Horrida
3345 3227 3558 3297 facies,
3610 3228 3989 3283 ﬂammantes

2319 3315 2493 3384 oculi,
2528 3317 2838 3370 horrorem
2868 3317 3297 3386 quodammodo
3338 3316 3703 3371 intuentibus
3733 3316 3988 3387 ingere-

2317 3404 2476 3458 bant.
2512 3405 2659 3457 Nam
2701 3409 2755 3458 et
2805 3421 2908 3460 ore
2943 3421 3230 3474 spumans
3276 3404 3656 3476 linguamque
3701 3404 3992 3459 dentibus

2318 3493 2638 3546 masticans
2653 3494 3040 3564 sanguineam
3055 3492 3300 3547 salivam
3317 3492 3375 3546 in
3396 3493 3754 3562 aspicientes
3770 3508 4000 3563 expue-

2318 3581 2432 3645 bat,
2464 3584 2522 3634 ut
2554 3585 2750 3650 aperte
2780 3581 3016 3636 daretur
3036 3581 3285 3652 agnosci
3308 3581 3570 3634 exterius
3599 3596 3715 3651 quo
3745 3579 3996 3635 habita-

2318 3672 2444 3723 tore
2476 3674 2792 3724 vexaretur
2811 3670 3079 3724 interius.
3114 3669 3240 3723 Nos
3271 3684 3411 3723 vero
3430 3669 3575 3723 diris
3598 3669 3732 3740 ejus
3761 3668 3995 3723 clamo-

2317 3757 2486 3811 ribus
2517 3761 2574 3812 et
2604 3759 2851 3828 strepitu
2885 3758 3049 3830 vulgi
3098 3758 3509 3812 concurrentis
3539 3756 3815 3827 permoti,
3846 3762 3999 3826 post

2314 3846 2536 3916 aliquot
2579 3847 2757 3901 horas
2788 3847 3190 3916 accessimus;
3228 3850 3286 3900 et
3314 3845 3554 3916 maligni
3597 3846 3792 3900 hostis
3822 3846 3887 3899 in
3919 3862 3993 3900 ea

2314 3934 2729 3990 habitationem
2761 3934 3221 4006 perpendentes,
3256 3934 3548 4005 simulque
3579 3933 3714 4005 ejus
3745 3933 3994 3988 calami-

2314 4024 2416 4077 tati
2455 4024 2897 4093 eompaticntes,
2930 4023 3215 4093 prolatam
3246 4038 3457 4092 aquam
3488 4022 3756 4092 reliquiis
3789 4026 3997 4076 sancti

2316 4112 2567 4165 Andreze
2600 4115 2941 4166 ieverenter
2971 4111 3341 4182 signavimus
3363 4152 3376 4178 ,
3412 4113 3467 4164 et
3513 4110 3864 4164 sumendam
3897 4112 3994 4165 ori

2317 4202 2451 4272 ejus
2482 4200 2821 4255 obtulimus.
2873 4200 2975 4253 Illa
3024 4214 3186 4267 vero,
3225 4214 3292 4251 ac
3328 4200 3379 4251 si
3427 4198 3795 4252 mortiferum
3839 4199 3995 4267 quid

2318 4291 2665 4357 abhorrens,
2694 4291 2971 4359 quantum
2996 4288 3179 4357 potuit
3201 4303 3231 4340 a
3255 4302 3322 4339 se
3349 4287 3726 4357 indignanter
3748 4288 3998 4355 repulit,

2315 4378 2428 4434 Sed
2463 4379 2764 4432 adstantes
2797 4378 3083 4446 supinatas
3116 4375 3287 4444 eique
3318 4374 3525 4428 dentes
3556 4374 3876 4445 sti-ingenti
3900 4375 4001 4427 in-

2316 4471 2539 4521 stanter
2581 4467 2670 4521 ori
2708 4465 2842 4537 ejus
2884 4463 3197 4519 infundere
3247 4465 3579 4533 coeperunt,
3611 4461 3803 4516 donec
3851 4463 3999 4532 ipsa

2313 4557 2632 4611 anhelitum
2682 4554 3020 4621 retrahens,
3062 4551 3485 4622 aliquantulum
3531 4566 3603 4605 ex
3650 4551 3783 4620 ipsa
3827 4567 4001 4622 aqua

2313 4646 2646 4716 perciperet
2672 4644 2733 4696 in
2751 4645 2988 4713 gutture
3008 4657 3073 4694 ac
3088 4640 3422 4711 deglutiret.
3446 4638 3569 4702 Quo
3585 4638 3736 4693 facto
3769 4654 4001 4693 cerne-

2314 4750 2413 4788 res
2446 4736 2503 4788 in
2537 4735 2829 4787 momento
2860 4731 3014 4784 sicut
3042 4729 3241 4800 ignem
3271 4727 3537 4799 extingui
3587 4742 3758 4797 aqua,
3794 4731 4007 4783 totum

2314 4824 2574 4878 furorem
2606 4820 2741 4892 ejus
2773 4820 3009 4873 omnino
3024 4817 3351 4888 mitigatum
3374 4815 3773 4883 deferbuisse,
3809 4819 3868 4869 et
3902 4818 4009 4886 ip-

2313 4928 2441 4965 sam
2471 4910 2630 4966 velut
2657 4910 2898 4963 alteram
2919 4904 3282 4974 affectam,et
3303 4903 3428 4974 jam
3461 4904 4012 4971 immutatam,leni

2313 5000 2496 5067 vultu,
2530 4998 2764 5053 blandis
2781 4994 2969 5049 oculis
2990 5008 3102 5047 nos
3120 4992 3558 5062 respicientem,
3579 4994 3634 5045 et
3655 4991 3814 5045 lenta
3829 4982 4029 5049 voce1

2312 5091 2669 5161 loquentem.
2721 5086 2908 5139 Porro
2964 5098 3109 5153 nos,
3154 5096 3287 5136 cum
3337 5081 3757 5135 circumstante
3806 5080 4015 5150 plebe

1854 5230 2148 5293 VARI/E
2192 5226 2679 5291 LECTIONES.

615 5341 693 5387 337
727 5344 952 5401 excidit
986 5360 1094 5398 una
1132 5342 1229 5399 vel
1256 5341 1445 5398 altera
1482 5354 1614 5396 vox.

2114 5436 2394 5523 Nona.

609 5575 758 5647 (519)
797 5574 881 5647 De
909 5572 1071 5647 Oisy.

610 5640 758 5717 (520)
796 5640 1046 5717 Vinchy',
1078 5658 1260 5715 prope
1288 5640 1580 5698 Cambrai.

610 5715 757 5794 (521)
797 5717 879 5773 Le
906 5715 1141 5773 Catena.

2375 5560 2524 5633 (522)
2561 5558 2944 5633 Cattenieres,
2967 5555 3191 5633 arr._de
3218 5552 3512 5633 Cambrai.
3540 5550 3629 5633 Ιέι
3661 5550 3850 5633 Qun.

2373 5623 2521 5708 (523)
2560 5631 2805 5701 Bellain,
2837 5623 2953 5687 arr’.
2987 5629 3059 5684 de
3089 5623 3649 5682 Valeneiennes.Lx
3680 5623 3871 5681 ϐων.
