4058 6182
155 374 253 437 273
601 368 1002 434 CHRONIC.
1053 370 1119 430 S.
1167 371 1547 434 ANDREIE
1592 372 1892 434 CASTRI
1940 373 2540 437 CAMERACESII.
2579 410 2653 423 —
2698 377 2869 441 LIB.
2913 378 3024 440 ΙΙΙ.

157 582 300 622 voces
318 565 498 621 laudis
515 567 828 636 emittente,
845 584 953 623 nec
975 585 1005 622 a
1030 569 1303 624 laudibus
1321 585 1430 625 nec
1446 586 1480 624 a
1496 571 1759 625 lacrimis
1787 554 1848 615 Α

161 671 356 711 cessare
373 659 723 725 poteramus,
740 658 957 727 quippe
975 658 1075 728 qui
1092 658 1350 713 divinam
1364 660 1614 730 gratiam
1628 675 1763 730 pre-

159 749 340 800 sentem
374 745 454 798 ibi
492 745 716 798 meritis
763 747 952 800 sancti
993 748 1244 815 apostoli
1288 752 1585 818 operatam
1622 764 1762 803 esse

156 834 471 888 videbamus.
495 833 769 888 Protinus
794 835 912 903 illa,
928 835 1123 889 soluta
1141 852 1173 888 a
1188 837 1464 907 vinculis,
1481 837 1654 909 erigit
1672 853 1760 906 se,

156 928 195 975 et
209 926 455 992 quassata
471 923 731 977 membra
747 927 1112 992 sustentans,
1131 925 1484 994 pedetentim
1507 941 1762 996 gressus

152 1027 344 1064 movere
374 1010 564 1079 coepit,
588 1011 888 1065 admirans
916 1012 1069 1066 unde
1092 1013 1208 1067 huc
1231 1015 1477 1083 venerit,
1503 1014 1592 1068 vel
1626 1016 1762 1084 quis

152 1115 251 1152 eum
275 1099 446 1152 desub
478 1099 688 1153 arbore
723 1100 951 1168 tulerit,
987 1106 1084 1154 aut
1113 1102 1407 1171 quomodo
1443 1118 1654 1172 cappa,
1689 1103 1762 1156 de

151 1203 238 1257 qua
272 1203 434 1254 supra
472 1187 762 1257 diximus,
805 1192 982 1242 exuta
1022 1189 1216 1243 fuerit.
1251 1189 1367 1244 Sed
1403 1191 1474 1244 ab
1513 1191 1630 1244 hiis
1661 1191 1762 1260 qui

148 1275 345 1328 aderant
374 1291 502 1344 qua
535 1276 695 1329 circa
714 1292 780 1330 se
802 1280 970 1346 gesta
995 1282 1158 1331 erant
1180 1279 1401 1332 certius
1432 1293 1758 1349 agnocens,

149 1367 190 1416 et
213 1363 273 1416 ad
299 1378 358 1417 se
388 1364 734 1433 plenissime
767 1381 1034 1434 reversa,
1060 1369 1190 1420 ante
1214 1367 1395 1420 altare
1429 1382 1561 1420 cum
1591 1367 1762 1420 lacri-

149 1453 234 1504 mis
275 1454 682 1520 prosternitur,
727 1457 784 1506 et
832 1469 897 1508 se
946 1455 1216 1508 ancillam
1257 1456 1445 1509 sancti
1482 1457 1539 1508 in
1586 1460 1760 1510 aeter-

146 1554 254 1592 num
279 1554 409 1594 esse
447 1540 706 1594 devovit.
742 1543 827 1594 Ac
859 1546 1065 1612 postea
1103 1543 1324 1597 refecta
1366 1545 1497 1598 cibo
1526 1573 1596 1584 -~
1627 1559 1761 1597 nam

147 1630 189 1681 in
212 1628 377 1682 triduo
407 1628 552 1681 nihil
584 1631 782 1683 victus
809 1635 1143 1700 sumpserat
1171 1661 1240 1670 —
1271 1635 1506 1702 recepto
1525 1648 1762 1703 quoque

147 1716 328 1784 marito,
358 1716 628 1786 gaudens
661 1720 718 1770 et
749 1733 890 1771 sana
921 1720 1207 1773 remeavit
1234 1720 1307 1773 ad
1339 1721 1598 1789 propria.

199 1803 268 1856 ll.
304 1804 386 1857 De
406 1805 713 1858 discordia
739 1807 916 1877 regni
938 1812 996 1860 et
1023 1807 1369 1862 sacerdotii.
1403 1809 1760 1862 Hildebran-

145 1891 229 1944 dus
255 1908 392 1962 papa
421 1894 706 1948 Romanae
737 1894 867 1948 sedi
895 1911 1028 1948 cum
1061 1896 1216 1949 omni
1248 1897 1536 1968 religione
1565 1897 1759 1966 presi-
1790 1899 1842 1960 Β

143 1981 295 2034 debat.
310 1980 419 2036 Sed
439 1983 762 2051 imperator
776 1983 1073 2038 Henricus
1097 1985 1379 2039 Romanae
1399 1984 1687 2040 Ecclesiae
1706 1989 1762 2039 et

142 2069 354 2123 decretis
385 2070 731 2140 apostolicis
762 2073 1126 2126 concordare
1156 2073 1427 2137 nolebat;
1462 2075 1638 2128 immo
1669 2089 1763 2128 ex-

142 2159 563 2212 communicatus
584 2174 792 2213 omnes
815 2160 1088 2214 subditos
1113 2177 1280 2230 papae
1300 2161 1617 2232 episcopos
1635 2179 1764 2233 gra-

141 2247 259 2300 viter
272 2246 865 2317 insequabatur.Nam
881 2253 936 2303 et
953 2253 1371 2304 antecessores
1385 2266 1532 2305 suos
1545 2251 1762 2305 talibus

142 2334 354 2388 decretis
398 2351 723 2405 numquam
771 2338 1162 2392 consensisse
1211 2338 1478 2412 dicebat,
1526 2339 1674 2409 quia
1709 2343 1765 2392 et

142 2423 454 2493 episcopalia
485 2425 752 2496 insignia
781 2427 940 2479 omni
973 2431 1234 2496 tempore
1266 2427 1594 2481 dedissent.
1614 2428 1761 2481 Pre-

141 2513 264 2565 terea
290 2511 495 2567 elatum
525 2529 664 2567 eum
694 2513 946 2568 faciebat
978 2515 1254 2583 victoria,
1289 2531 1403 2584 qua
1443 2515 1762 2569 Rodulfum

141 2601 404 2670 quendam,
419 2617 601 2672 quem
619 2602 887 2656 Saxones
905 2603 1021 2657 sibi
1043 2607 1246 2657 contra
1264 2617 1397 2657 eum
1416 2619 1621 2674 regem
1641 2619 1766 2673 pre-

141 2686 381 2757 fecerant,
417 2693 570 2744 ante
593 2705 783 2744 annos
813 2693 1198 2760 quamplures
1228 2693 1290 2746 in
1318 2691 1477 2746 bello
1516 2691 1762 2747 interfe-

139 2782 279 2829 cerat.
301 2777 481 2832 Filius
513 2794 752 2848 quoque
782 2778 834 2849 ej
845 2796 916 2832 us
941 2779 1238 2834 Henricus
1260 2779 1508 2850 juvenis
1528 2784 1584 2834 et
1605 2796 1764 2834 mar-

139 2864 271 2918 chisa
317 2866 616 2922 Mathildis
661 2866 1001 2937 frequenter
1045 2869 1097 2921 ei
1139 2868 1569 2938 quamplurima
1609 2869 1762 2924 bella

139 2955 394 3020 parabant.
416 2955 615 3025 Igitur
641 2958 777 3024 post
805 2955 1096 3024 prefatum
1127 2956 1595 3012 Hildebrandum
1611 2957 1758 3025 Odo,

139 3042 212 3110 qui
227 3047 274 3096 et
287 3042 560 3098 Urbanus
578 3043 642 3096 in
663 3044 925 3127 Romana
937 3044 1080 3098 sede
1099 3045 1517 3114 successit,vir
1534 3045 1762 3114 sapien-

138 3130 383 3198 tissimus,
401 3132 578 3202 prius
607 3133 922 3186 Remensis
941 3134 1286 3200 canonicus,
1308 3135 1512 3202 postea
1527 3131 1762 3187 Clunia-
1792 3147 1840 3209 ο

137 3220 296 3272 censis
335 3222 698 3290 monachus,
733 3221 869 3276 dein
899 3237 1048 3291 papa
1079 3223 1173 3274 est
1201 3220 1467 3278 effectus.
1510 3221 1620 3274 Hic
1657 3236 1763 3290 per

136 3309 290 3361 omnia
308 3309 763 3377 predecessoris
786 3310 882 3364 sui
903 3311 962 3363 in
985 3309 1418 3364 ecclesiacticis
1442 3309 1760 3363 sanctioni-

136 3393 222 3448 bus
238 3401 466 3452 secutus
493 3403 592 3452 est
614 3398 888 3469 vestigia.
908 3398 1264 3452 Remensem
1288 3413 1428 3452 vero
1447 3397 1762 3452 ecclesiam

136 3484 586 3550 postGervasium
605 3486 1329 3548 Rainoldus,Turonensis
1343 3485 1617 3540 ecclesias
1633 3501 1763 3540 cus-

134 3574 222 3638 tos,
245 3575 492 3644 regebat.
521 3575 791 3628 Domnus
823 3590 965 3628 vero
1005 3574 1306 3628 Gerardus
1345 3572 1762 3628 Cameracensi

134 3657 250 3713 bene
267 3662 623 3731 presidebat.
644 3663 894 3718 Patriam
913 3665 1107 3716 autem
1123 3661 1258 3733 ejus
1279 3663 1448 3716 miles
1460 3662 1756 3728 Oilardus,

133 3762 269 3814 quem
292 3766 470 3819 supra
499 3751 986 3820 memoravimus,
1007 3751 1224 3804 virtute
1248 3767 1356 3804 sua
1379 3755 1434 3805 et
1450 3751 1761 3819 prudentia

134 3840 351 3902 pacatam
382 3839 647 3908 undique
687 3842 742 3892 et
781 3839 1117 3909 opulentam
1147 3838 1419 3893 faciebat.
1453 3839 1570 3893 Sed
1609 3853 1759 3909 quo-

135 3926 268 3978 modo
300 3927 384 3980 vel
413 3943 532 3997 quo
567 3927 888 3981 infortunio
921 3931 1142 3982 tantum
1181 3927 1559 3982 defensorem
1587 3927 1758 3996 plebs

134 4013 381 4083 amiserit,
412 4016 628 4084 paucis
659 4015 1066 4070 intimandum.

190 4101 257 4155 l2.
296 4102 374 4157 De
411 4111 611 4158 morte
656 4103 908 4158 0i1ardi.
942 4104 1054 4158 Hic
1093 4105 1291 4174 itaque
1334 4119 1468 4158 cum
1506 4103 1760 4174 quadam

135 4185 200 4239 die
242 4190 303 4244 de
347 4193 510 4246 curia
561 4192 912 4246 Flandrensi
972 4196 1392 4259 reverteretur,
1435 4195 1493 4246 et
1542 4198 1757 4246 terram

136 4273 359 4348 Hugonis
389 4281 722 4348 castellani,
757 4283 960 4351 postea
992 4280 1268 4334 monachi
1299 4278 1468 4350 (524),
1493 4283 1754 4349 pertran-

137 4364 225 4417 sire
252 4369 435 4438 vellet,
467 4370 695 4440 Symon
728 4370 886 4424 lilius
914 4370 1108 4439 ipsius
1138 4369 1412 4439 Hugonis
1435 4385 1569 4422 cum
1600 4368 1755 4421 mili-

3416 383 3536 445 274

1949 592 2036 646 13.
2069 592 2156 646 De
2181 590 2355 663 plaga
2387 593 2743 648 ardentium.
2776 595 2944 648 Anno
2975 596 3080 649 Dei
3110 597 3330 652 Christi
3371 597 3529 669 1089,

1875 681 2098 734 celebri
2128 682 2409 735 memoria
2433 681 2649 751 ubique
2670 687 2960 736 terrarum
2990 684 3258 755 innotuit,
3283 691 3340 740 et
3361 687 3531 741 libris

1874 769 2187 822 annalibus
2226 770 2501 824 traditum
2541 771 2918 839 describitur,
2963 788 3095 826 cum
3126 773 3292 844 justo
3333 775 3436 830 Dei
3475 780 3534 830 et

1873 861 2076 926 aperto
2108 857 2357 927 judicio,
2397 861 2656 928 peccatis
2687 861 2966 929 superbae
3005 861 3196 930 plebis
3236 863 3530 934 exigenti-

1874 946 1990 1001 bus
2019 948 2173 1001 sicut
2202 949 2359 1019 iguis
2400 948 2485 1001 ira
2532 950 2635 1002 Dei
2668 950 3082 1004 exardesceret
3111 953 3170 1004 in
3201 950 3296 1004 his
3327 952 3530 1022 regio-

1875 1036 2070 1104 nibus,
2095 1037 2344 1089 maxime
2367 1037 2778 1092 Bracbatensi:
2803 1039 3161 1093 miserabilis
3184 1040 3358 1112 plaga
3378 1039 3532 1094 facta

1875 1129 1966 1178 est
1995 1125 2343 1191 ardentium,
2379 1126 2436 1177 in
2474 1126 2690 1195 quibus
2730 1127 3190 1197 restinguendis,
3225 1129 3283 1181 in
3313 1128 3530 1197 pleris-

1874 1229 1987 1283 que
2012 1217 2232 1267 sanctas
2265 1213 2369 1266 Dei
2393 1214 2698 1283 genitricis
2721 1215 3017 1283 ecclesiis,
3041 1220 3095 1270 et
3119 1216 3369 1271 maxime
3389 1217 3532 1270 Tor-

1874 1302 2025 1369 naci,
2045 1302 2154 1369 piis
2175 1302 2305 1372 ejus
2325 1303 2548 1356 meritis
2567 1306 2622 1356 et
2644 1302 2908 1373 gloriosa
2925 1303 3358 1358 intercessione
3377 1304 3532 1358 facta

1874 1393 2012 1443 sunt
2030 1390 2312 1458 praeclara
2333 1391 2631 1444 miracula.
2647 1391 2810 1444 Tunc
2833 1406 2904 1444 ex
2929 1391 3184 1446 diversis
3206 1394 3380 1446 terrae
3397 1409 3531 1461 par-

1873 1479 2053 1545 tibus,
2101 1494 2218 1532 non
2268 1480 2459 1532 solum
2502 1480 2713 1533 vicinis
2759 1479 2865 1533 sed
2903 1485 2960 1533 et
2999 1480 3176 1551 longe
3224 1482 3434 1549 positis
3477 1483 3532 1535 et

1873 1569 2046 1620 etiam
2075 1567 2507 1636 transmarinis,
2540 1569 2710 1636 plebs
2742 1568 3190 1623 innumerabilis
3223 1569 3531 1640 utriusque

1873 1671 2056 1709 sexus
2071 1656 2143 1708 ad
2161 1657 2475 1710 ecclesiam
2494 1656 2931 1710 Tornacensem
2949 1657 3280 1711 confluebat
3296 1657 3527 1726 pavida.

1874 1744 2024 1797 Nam
2055 1745 2207 1814 quod
2243 1745 2313 1798 de
2353 1745 2541 1798 aliena
2571 1761 2747 1798 carne
2778 1745 3031 1812 videbat,
3065 1745 3178 1799 hoc
3209 1746 3533 1816 unusquis-

1874 1847 1988 1904 que
2013 1833 2072 1886 in
2093 1848 2159 1886 se
2182 1832 2308 1886 fieri
2339 1832 2592 1900 pendulo
2617 1833 2796 1886 corde
2818 1834 3154 1887 verebatur.
3171 1833 3531 1888 latrantibus

1874 1936 2017 1975 vero
2048 1921 2236 1990 ipsam
2269 1921 2581 1975 ecclesiam
2604 1921 2834 1990 plenam
2855 1922 3056 1992 utique
3090 1922 3530 1992 languentibus,

1876 2012 2083 2079 stupor
2120 2010 2334 2080 ingens
2383 2013 2438 2063 et
2482 2009 2840 2064 lacrimabile
2883 2009 3058 2064 fiebat
3095 2011 3529 2079 spectaculum,

1875 2114 2122 2152 cernere
2154 2098 2382 2152 scilicet
2410 2098 2558 2151 alios
2588 2099 2924 2153 miserando
2968 2099 3189 2169 gemitu
3224 2099 3534 2170 rugientes

1873 2187 2064 2240 adhuc
2107 2187 2281 2256 plaga
2323 2186 2482 2256 ignis
2514 2187 2777 2257 graviter
2806 2187 3080 2254 cruciari,
3114 2187 3364 2240 aliorum
3393 2202 3535 2241 vero

1871 2276 2085 2344 pedum
2098 2275 2484 2345 quorumdam
2507 2277 2698 2328 autem
2721 2274 3012 2338 tibiarum,
3033 2290 3221 2344 usque
3243 2274 3315 2327 ad
3341 2290 3538 2346 genua

1871 2364 1962 2416 vel
1989 2378 2176 2432 usque
2200 2363 2271 2416 ad
2295 2378 2478 2417 coxas
2500 2364 2866 2431 consumptis
2890 2361 3192 2428 carnibus,
3209 2377 3352 2415 ossa
3373 2363 3537 2416 arida

1870 2451 2160 2520 pendere;
2194 2451 2480 2521 quosdam
2503 2453 2696 2504 autem
2725 2449 2848 2520 jam
2880 2451 3171 2504 extinctos
3193 2449 3353 2503 velut
3373 2452 3536 2504 trun-

1871 2556 1997 2608 cos,
2032 2540 2147 2593 huc
2180 2540 2435 2609 illucque
2459 2538 2684 2609 jacere,
2716 2542 2772 2593 et
2804 2555 3097 2610 nusquam
3128 2539 3244 2593 nisi
3271 2540 3535 2607 portatos

1870 2629 2150 2700 progredi
2180 2629 2400 2682 valere.
2425 2627 2541 2681 Sed
2572 2627 2643 2682 de
2673 2627 2768 2681 his
2804 2644 2912 2697 pro
2943 2632 3208 2697 tempore
3232 2626 3358 2698 jam
3387 2627 3537 2682 satis

1871 2716 2120 2793 dictum,
2154 2717 2426 2786 quamvis
2454 2731 2560 2785 pro
2594 2716 2704 2769 hac
2735 2716 2827 2770 vel
2858 2717 2970 2769 alia
3006 2720 3173 2785 peste
3213 2730 3451 2785 semper
3480 2719 3537 2771 et

1870 2805 2088 2875 ubique
2121 2805 2517 2874 metuendum,
2544 2808 2600 2858 et
2629 2804 2826 2858 divina
2851 2804 3078 2876 judicia
3109 2805 3283 2860 nobis
3308 2803 3537 2876 jugiter

1850 2894 2175 2948 imminere
2206 2895 2284 2947 sit
2314 2893 2692 2946 credendum.

1944 3018 2028 3072 14.
2054 3017 2140 3071 De
2159 3017 2401 3088 quadam
2423 3015 2674 3070 muliere
2692 3011 2789 3070 hic
2806 3021 3013 3070 sanata
3037 3016 3111 3070 ab
3132 3016 3292 3086 igne.
3313 3015 3534 3070 Eodem

1869 3108 2131 3176 tempore
2164 3105 2374 3158 mulier
2400 3105 2688 3174 quaedam,
2721 3105 2985 3173 predicto
3022 3105 3158 3174 igne
3190 3105 3248 3156 in
3283 3103 3532 3156 summi-

1871 3197 1984 3248 tate
2015 3194 2226 3263 pedum
2267 3208 2548 3260 accensa,
2590 3193 2661 3245 ad
2707 3192 2924 3245 ostium
2966 3193 3152 3245 nostri
3192 3191 3531 3244 monasterii

1871 3299 2048 3336 curru
2081 3283 2366 3336 subvecta
2395 3280 2736 3350 deponitur;
2759 3282 2816 3333 et
2837 3280 3150 3333 lacrimosa
3175 3279 3435 3348 suspiria
3455 3279 3533 3332 di-

1871 3372 1954 3424 ris
1973 3370 2260 3440 permixta
2279 3369 2638 3423 clamoribus
2659 3369 2954 3436 emittens,
2972 3383 3216 3422 suorum
3235 3367 3529 3434 manibus,

1871 3460 2180 3513 comitante
2210 3459 2378 3512 turba
2412 3458 2606 3524 multa,
2639 3487 2708 3496 —
2739 3472 2870 3509 nam
2902 3457 2972 3510 de
3005 3455 3182 3509 simili
3214 3471 3383 3524 poena
3417 3456 3532 3508 sibi

1871 3547 2125 3618 quisque
2148 3546 2405 3614 timebat,
2427 3576 2495 3585 —
2516 3561 2698 3616 prope
2728 3545 2908 3600 altare
2933 3545 3124 3598 sancti
3144 3543 3396 3597 Andreae
3415 3543 3532 3596 col-

1870 3637 2113 3690 locatur.
2146 3638 2192 3690 Ο
2234 3635 2327 3688 cui
2365 3640 2482 3689 tam
2522 3651 2768 3688 saxeum
2812 3638 3019 3702 pectus
3065 3639 3296 3702 tamque
3338 3631 3534 3684 ferrea

1871 3740 2038 3778 mens
2056 3730 2193 3778 tunc
2218 3725 2416 3777 inesse
2439 3727 2664 3792 posset,
2682 3738 2854 3792 quem
2878 3723 2960 3775 illi
2985 3723 3177 3786 ﬂetus,
3195 3721 3275 3773 illi
3293 3720 3531 3773 dolores

1872 3814 2105 3867 miserae
2121 3813 2386 3866 mulieris
2400 3814 2667 3865 sanctum
2681 3810 3044 3881 apostolumj
3055 3811 3248 3881 ugiter
3261 3811 3274 3862 i
3285 3824 3534 3862 avocan-

1868 3903 1966 3970 tis,
1987 3903 2078 3955 vel
2110 3917 2301 3972 usque
2332 3901 2407 3954 ad
2434 3901 2709 3954 lacrimas
2734 3916 2849 3952 non
2871 3899 3241 3953 emollirent‘?
3270 3898 3418 3950 Nam
3437 3897 3532 3950 cui

1871 3991 2120 4043 humana
2139 3990 2401 4060 presidia
2414 3990 2573 4044 nullo
2594 3989 2765 4043 modo
2782 3991 3053 4058 poterant
3067 3985 3532 4053 subvenire,hoc

1870 4079 2060 4133 solum
2095 4079 2356 4132 res-tabat
2388 4078 2679 4143 solatium,
2711 4093 2818 4146 pro
2850 4093 2918 4130 ea
2947 4079 3284 4145 respectum
3316 4075 3532 4129 divinae

1869 4168 2102 4238 pietatis
2134 4167 2470 4236 implorare.
2487 4167 2651 4219 Tunc
2683 4166 3046 4235 antiquiores
3068 4165 3371 4218 seniorum
3391 4179 3532 4217 nos-

1871 4260 2097 4309 trorum
2119 4271 2252 4309 cum
2275 4255 2602 4308 reverentia
2635 4253 2916 4324 reliquias
2947 4253 3137 4307 sancti
3161 4252 3413 4304 Andreae
3435 4266 3532 4303 ac-

1872 4345 2110 4413 cipiunt,
2132 4347 2188 4397 et
2218 4344 2410 4398 locum
2433 4343 2545 4395 diri
2569 4342 2834 4395 vulneris
2866 4356 2937 4394 ex
2968 4339 3055 4393 eis
3088 4340 3417 4410 signantes,
3443 4341 3533 4391 ter

136 4452 217 4505 tari
244 4470 404 4511 manu
421 4425 567 4512 eum
597 4425 976 4528 prosecutus,
1001 4457 1062 4511 in
1094 4425 1410 4511 ecclevsiola
1440 4457 1597 4511 villae
1621 4472 1754 4528 quae
1787 4465 1840 4524 ι)
1871 4434 2123 4528 ﬁdibus
2145 4431 2537 4528 ej_“S__T_“°d“m_
2555 4430 2752 4528 σξυοίε
2768 4425 3450 4528 είξουωιξξίθνυηίχραοά
3466 4428 3532 4479 ut

137 4545 202 4591 est
225 4543 430 4616 Chaun,
467 4561 606 4600 cum
635 4562 751 4600 uno
785 4549 1010 4600 tantum
1040 4547 1252 4600 comite
1281 4575 1349 4584 —
1386 4561 1523 4600 nam
1551 4545 1753 4614 ceteri,

136 4627 299 4686 relicto
325 4648 419 4703 eo,
453 4635 722 4704 dispersi
772 4635 1047 4705 fugerant
1087 4664 1156 4674 ——
1203 4633 1471 4704 inclusit,
1515 4637 1568 4688 et
1610 4634 1759 4688 mira

137 4717 304 4773 virtute
335 4723 530 4792 gladio
576 4726 957 4793 pugnantem,
991 4723 1198 4793 clypeo
1241 4738 1307 4776 se
1349 4727 1758 4794 protegentem

140 4801 283 4861 donec
309 4809 647 4866 ferientium
677 4812 893 4865 ictibus
917 4812 1200 4866 concisus
1232 4827 1263 4865 e
1292 4811 1566 4865 manibus
1598 4810 1759 4864 labe-

139 4898 260 4947 retur
285 4900 477 4953 multis
508 4899 864 4954 confossum
896 4900 1247 4954 vulneribus
1277 4898 1590 4953 interfecit.
1625 4898 1759 4952 Sic-

142 4994 224 5048 que
260 4991 520 5042 mortuus
560 4988 792 5042 delatus
835 4988 908 5042 ad
951 5004 1093 5058 nos,
1137 4990 1198 5042 in
1242 4988 1502 5042 claustro
1551 4991 1758 5041 nostro

141 5074 388 5144 sepultus,
439 5079 556 5131 sub
597 5092 893 5131 marmore
938 5077 1228 5130 clauditur
1277 5091 1412 5130 uno.
1465 5076 1578 5130 Hic
1623 5075 1758 5128 ﬁnis

141 5157 415 5230 ejus,omni
441 5167 648 5236 patriae
669 5166 982 5220 dolendus.
1002 5165 1093 5218 Ab
1117 5166 1246 5236 ipso
1269 5166 1442 5220 etiam
1467 5163 1757 5217 habemus

143 5247 310 5304 allodia
337 5255 533 5324 multa,
567 5272 700 5326 quia
731 5255 1084 5309 hereditarie
1133 5253 1506 5323 possidebat,
1543 5253 1614 5307 de
1647 5251 1762 5306 Me-

144 5336 346 5394 dielanis
371 5341 544 5412 (525),
580 5346 650 5397 de
695 5343 1049 5398 Beccheniis
1071 5384 1085 5410 ,
1129 5343 1201 5396 de
1244 5342 1452 5398 Buhen
1482 5339 1651 5410 (526),
1687 5341 1759 5396 de

147 5422 398 5500 Fermeiis,
432 5434 503 5486 de
531 5433 837 5506 Fontanis.

1873 4521 2089 4576 factum
2126 4525 2235 4592 est,
2269 4520 2365 4574 illa
2407 4519 2682 4590 paulatim
2719 4535 2749 4572 a
2791 4518 3150 4572 clamoribus
3187 4517 3528 4588 quiescens,

1872 4611 2206 4665 summatim
2235 4610 2364 4664 visa
2398 4611 2489 4663 est
2518 4609 2810 4677 dormire;
2845 4607 3106 4678 viditque
3137 4607 3330 4660 virum
3363 4603 3530 4659 canis

1871 4701 2139 4754 crinibus
2169 4700 2476 4766 decorum,
2516 4697 2689 4750 hilari
2717 4700 2772 4751 et
2803 4695 3124 4752 reverenda
3157 4695 3328 4763 facie,
3361 4695 3530 4748 veste

1870 4804 2104 4860 quoque
2140 4787 2386 4842 candida
2418 4786 2535 4839 sibi
2560 4786 2880 4854 adsistere,
2905 4790 2964 4841 et
2999 4785 3154 4838 sicut
3185 4787 3353 4837 antea
3384 4781 3529 4835 reli-

1870 4877 2048 4948 quiis,
2066 4876 2336 4930 similiter
2353 4875 2559 4928 eodem
2583 4875 2754 4929 modo
2771 4874 2968 4929 locum
2981 4873 3205 4928 doloris
3227 4887 3406 4926 manu
3421 4885 3531 4925 sua

1870 4966 2130 5036 signare,
2148 4969 2203 5018 et
2220 4964 2310 5018 sic
2333 4979 2564 5018 omnem
2585 4963 2856 5017 ardorem
2877 4962 3196 5016 extinctum
3217 4975 3378 5015 esse.
3395 4959 3532 5014 Mox
3572 5005 3576 5028 ε

1869 5053 1964 5107 illa
1989 5054 2258 5121 excitata,
2278 5053 2590 5106 abeuntem
2622 5052 2790 5122 sequi
2826 5054 3051 5117 conata,
3072 5049 3362 5108 exclamat
3382 5061 3529 5103 voce

1871 5157 2083 5214 magna
2115 5145 2385 5196 sanctum
2406 5141 2698 5194 Andream
2729 5139 2965 5207 adesse,
2987 5141 3041 5191 et
3063 5154 3178 5192 non
3202 5137 3425 5192 fallitur
3443 5137 3530 5192 in-

1868 5235 2037 5302 tegre
2055 5231 2345 5285 restituta.
2360 5229 2449 5282 Ad
2467 5229 2618 5282 hanc
2638 5228 3048 5281 concurrimus
3062 5243 3288 5298 omnes,
3305 5229 3363 5282 et
3378 5228 3532 5283 ultra

1870 5336 2045 5391 quam
2078 5319 2239 5374 credi
2272 5319 2491 5389 possit,
2525 5317 2880 5388 gaudentem
2923 5320 2980 5370 et
3022 5317 3194 5388 quasi
3225 5319 3538 5388 resumpto.
3595 5363 3598 5366 λ

1872 5410 2084 5483 spiritu
2115 5409 2459 5464 suscitatam
2487 5408 2805 5476 intuemur,
2830 5407 2888 5461 et
2917 5404 3058 5480 quid
3088 5403 3204 5462 sibi
3226 5403 3526 5477 acciderit,

1690 5579 1947 5645 NOTJE

148 5705 638 5838 [falx-alemus,
671 5729 848 5783 quam
879 5712 1173 5768 abbatiam
1209 5711 1475 5767 fundavit
1513 5727 1564 5764 a.
1598 5707 1758 5765 1131.

1944 5709 2094 5778 (525)
2135 5707 2351 5778 Melun.
2389 5706 2474 5778 De:
2504 5704 2685 5778 qua.

1941 5775 2089 5850 (526)
2131 5777 2373 5835 Bohain.
2410 5777 2496 5832 LE
2524 5775 2708 5832 GLAY.
