4058 6182
356 463 476 530 275

1191 450 1558 515 APPEND.
1605 447 1718 508 AD
1768 443 2043 507 GESTA
2089 439 2466 504 EPISCOP.
2519 433 2957 499 CAMERAC.

3683 427 3809 492 2‘16

361 665 637 724 attentius
665 662 1131 733 perscrutamur.
1165 655 1239 709 At
1271 653 1366 707 illa
1399 650 1692 704 visionem
1723 647 2029 718 gratanter
2055 623 2112 685 Α
2143 638 2294 694 mala
2314 640 2374 693 in
2392 640 2548 693 terra
2570 635 3004 703 Cameracensi,
3026 635 3182 689 omni
3205 633 3521 688 defensore
3546 630 3808 696 viduata,

365 767 864 818 commemorans,
899 748 1018 801 Deo
1049 749 1105 798 et
1137 747 1342 798 sancto
1377 737 1648 809 apostolo
1689 737 2029 803 sanctasque

371 840 726 898 Maxellendi
755 837 961 892 laudes
993 839 1048 889 et
1079 832 1300 903 gratias
1332 829 1565 900 agebat.
1591 824 1708 879 Sed
1738 823 1909 894 plebs
1941 836 2029 876 oc-

2142 744 2274 799 quae
2305 741 2652 782 enumerare
2675 741 2784 780 nec
2807 726 2936 779 hac
2957 739 3066 778 nec
3087 723 3280 793 aliqua
3313 719 3538 775 sufficit
3569 719 3809 788 pagina.

2140 816 2438 870 Multoties
2453 811 3094 886 igiturCameracensis
3110 811 3252 865 clcri
3269 809 3582 880 plebisque
3597 806 3814 860 concio

371 895 626 988 currens
664 929 911 999 quantas
951 938 1053 993 pre
1082 895 1308 992 gaudio
1363 895 1640 970 lacrimas
1684 911 1930 978 fuderit,
1978 911 2036 963 et
2141 905 2210 958 ad
2232 903 2570 975 eligendum
2594 901 2929 972 pontificem
2946 896 3479 955 conveniebat.Sed
3495 896 3633 950 dum
3653 895 3819 965 quis-

373 1020 590 1090 quanto
622 1015 818 1086 jubilo
848 1027 1084 1084 ymnum
1123 1008 1200 1062 Te
1241 1007 1425 1060 Deum
1465 1003 1769 1058 laudamus
1799 999 2034 1053 cecine-

375 1087 482 1177 rit,
516 1104 708 1176 magis
740 1100 1094 1156 credendum
1127 1111 1302 1167 quam
1334 1106 1610 1149 sermone
1640 1087 2033 1160 pendendum.

449 1230 536 1284 15.
557 1228 647 1283 De
676 1225 916 1298 quodam
947 1222 1143 1277 fratre
1172 1218 1446 1273 Alberto.
1469 1213 1668 1285 Hujus
1691 1212 1774 1267 rei
1809 1213 2038 1281 specta-

378 1319 511 1373 culo
543 1317 820 1370 intererat
858 1316 914 1366 et
957 1308 1324 1364 ministrabat
1353 1304 1591 1374 quidam
1623 1303 1802 1355 frater
1835 1302 2042 1353 noster

375 1406 678 1473 Albertus,
695 1404 894 1472 utpote
914 1412 1223 1453 sacrorum
1245 1408 1526 1446 vasorum
1549 1394 1753 1444 custos
1767 1391 1823 1442 et
1845 1386 2040 1440 eccle-

379 1496 486 1550 siae
519 1491 818 1558 minister;
851 1489 949 1559 qui
979 1486 1138 1558 quod
1165 1481 1496 1538 monachali
1524 1477 1909 1548 pretendebat
1941 1475 2041 1528 ha-

377 1583 523 1649 bitu,
543 1581 678 1633 vitae
711 1582 768 1632 et
797 1591 1024 1630 morum
1058 1573 1345 1643 probitate
1368 1569 1716 1636 complebat,
1743 1567 1914 1633 prout
1935 1564 2040 1616 hu-

2142 1007 2256 1062 que
2288 1008 2394 1062 pro
2420 992 2570 1046 velle
2600 1006 2710 1046 suo
2734 989 2892 1060 loqui
2917 988 3315 1060 presumebat,
3331 999 3537 1040 omnes
3574 985 3632 1036 in
3655 999 3821 1037 com-

2145 1097 2317 1134 mune
2349 1079 2493 1133 nihil
2525 1078 2926 1149 proficientes,
2951 1075 3358 1132 discedebant.
3383 1073 3649 1142 Denique
3678 1075 3818 1142 post

2147 1169 2362 1224 multas
2403 1167 2880 1238 perturbationes
2922 1165 3206 1220 clericum
3244 1161 3534 1234 quendam
3574 1159 3819 1214 Manas-

2150 1273 2278 1312 sem
2295 1254 3130 1323 canonicum,Suessionensis
3147 1249 3533 1320 comitis(528)
3547 1248 3816 1314 fratrem,

2148 1346 2374 1416 eligunt
2415 1349 2471 1399 et
2516 1359 2649 1397 cum
2695 1357 2910 1413 magno
2951 1345 3233 1411 apparatu
3281 1338 3355 1392 ad
3402 1338 3822 1408 imperatorem

2150 1433 2571 1488 transmittunt.
2605 1429 2721 1485 Sed
2762 1429 2997 1484 furtivis
3032 1427 3244 1482 litteris
3273 1429 3411 1496 post
3440 1439 3573 1478 eum
3610 1423 3822 1476 missis

2153 1522 2502 1590 accusatus,
2548 1519 2742 1574 inanis
2791 1518 2998 1587 rediit,
3041 1521 3098 1571 et
3144 1532 3176 1569 a
3219 1531 3326 1584 spe
3369 1513 3676 1568 fraudatus
3723 1527 3824 1565 re-

2156 1610 2390 1665 mansit.

379 1685 551 1759 mgno
575 1667 802 1739 iudieio
823 1661 1296 1759 ve.l.exPerientia
1319 1661 1521 1759 .pOteSt
1546 1652 2042 1759 °°"Tp’°b?ri'.l.).°
2075 1677 2126 1738 Β
2481 1696 2876 1750 Atrebatensi
2919 1693 3192 1749 ecclesia.
3234 1691 3475 1746 Interim
3512 1690 3609 1759 (an
3660 1687 3828 1752 1093)

382 1756 559 1828 cujus
590 1753 1040 1808 conversatione
1072 1765 1257 1819 pauca
1279 1751 1328 1800 et
1361 1762 1468 1798 non
1505 1747 1712 1796 cuncta
1743 1757 1875 1811 quae
1899 1739 2043 1792 vidi-

383 1861 549 1914 mus,
582 1842 798 1896 nemini
830 1841 904 1893 sit
937 1852 1256 1893 onerosum
1295 1836 1344 1888 si
1385 1834 1478 1886 hic
1519 1832 1782 1885 breviter
1813 1831 2045 1882 insera-

385 1949 540 1987 mus.
589 1930 701 1983 Hic
751 1927 1043 1997 siquidem
1085 1926 1196 1978 sub
1248 1924 1460 1976 domno
1500 1920 1710 1973 abbate
1740 1917 2046 1971 Waldrico

388 2020 652 2075 habitum
683 2017 872 2071 nostri
901 2014 1129 2070 ordinis
1163 2011 1447 2080 suscepit.
1482 2009 1629 2062 Dein
1658 2008 1921 2077 psalmos
1952 2005 2049 2057 ali-

390 2125 542 2180 quos
584 2106 922 2173 addiscens,
955 2107 1010 2157 et
1049 2103 1106 2155 in
1148 2101 1276 2154 dies
1314 2099 1381 2152 ad
1424 2098 1664 2152 meliora
1707 2095 2046 2164 proﬁciens,

389 2197 623 2251 tandem
640 2209 783 2247 vasa
805 2192 1010 2246 altaris
1033 2193 1282 2245 tractare
1306 2193 1360 2241 et
1381 2185 1725 2257 hujusmodi
1743 2183 2051 2253 obsequiis

381 2285 600 2356 jussus
623 2285 713 2336 est
734 2281 1065 2335 deservire.
1084 2278 1193 2331 Hic
1216 2282 1423 2331 custos
1447 2275 1567 2329 oris
1593 2274 1685 2326 sui
1716 2276 1772 2327 et
1795 2275 2050 2326 contem-

391 2377 523 2442 ptor
540 2370 808 2440 corporis
829 2369 1116 2436 sui,veste
1136 2366 1365 2419 cilicina
1379 2379 1569 2434 usque
1583 2363 1653 2415 ad
1669 2363 1820 2415 talos
1839 2360 2053 2414 subtus

392 2461 694 2526 utebatur;
727 2473 758 2511 a
784 2457 920 2511 vino
952 2456 1187 2511 omnino
1223 2457 1278 2507 et
1308 2453 1459 2506 cibis
1491 2450 1841 2504 lautioribus
1873 2447 2054 2502 absti-

395 2563 566 2614 nens,
599 2562 747 2616 pane
781 2548 1090 2599 contentus
1122 2542 1503 2608 servitorum,
1528 2539 1855 2608 portionem
1887 2551 2057 2590 suam

397 2635 519 2689 vini
559 2637 616 2687 et
651 2634 1013 2703 reliquarum
1054 2646 1330 2685 escarum
1372 2627 1670 2698 languidis
1713 2631 1768 2680 et
1808 2623 2058 2678 inﬁrmis

398 2721 760 2793 exportabat.
785 2719 1021 2773 Certum
1044 2719 1177 2788 ejus
1199 2720 1413 2772 lectum
1443 2720 1540 2769 aut
1571 2716 1669 2767 vix
1697 2717 1794 2766 aut
1818 2713 2060 2766 nullate-

400 2826 515 2866 nus
556 2809 871 2880 quisquam
916 2823 1164 2861 noscere
1210 2807 1448 2876 quibat;
1489 2802 1597 2856 sed
1645 2804 1776 2854 ante
1823 2800 2058 2869 altaria,

402 2899 758 2968 ubicumque
789 2911 1037 2950 somnus
1069 2897 1160 2950 vel
1193 2892 1480 2948 lassitudo
1519 2891 1788 2958 corporis
1821 2889 2063 2959 coegis-

403 2990 514 3055 set,
539 2989 874 3056 prostratus
906 2984 1067 3038 humi
1097 2981 1461 3053 quiescebat.
1482 2979 1598 3034 Ubi
1630 2978 1803 3032 etiam
1825 2980 2065 3031 sanctos

404 3074 706 3145 apostolos
745 3075 987 3128 Petrum
1031 3076 1086 3125 et
1125 3072 1419 3125 Andream
1469 3068 1586 3121 sibi
1625 3066 1976 3136 apparuisse
2016 3067 2073 3119 et

405 3164 676 3234 quaedam
708 3162 820 3217 sibi
853 3162 1100 3228 dixisse,
1127 3161 1197 3214 de
1230 3158 1449 3229 quibus
1472 3172 1587 3210 non
1609 3158 1702 3210 est
1731 3154 2068 3222 dicendum,

404 3267 510 3321 per
542 3251 780 3322 singula
811 3252 909 3304 uni
942 3266 1014 3304 ex
1045 3249 1329 3303 fratribus
1351 3245 1574 3300 nostris
1606 3242 1924 3298 confessus
1957 3244 2068 3310 est,

407 3340 620 3393 domno
638 3339 867 3394 scilicet
884 3338 1132 3404 Dodoni,
1149 3335 1554 3404 compatriotae
1573 3336 1630 3386 et
1646 3329 2074 3385 familiarisimo

410 3428 554 3496 sibi,
597 3443 772 3496 quem
809 3430 1018 3496 postea
1063 3425 1334 3478 abbatem
1366 3425 1422 3476 et
1453 3419 1836 3475 construendi
1877 3417 2076 3487 operis

412 3513 596 3585 hujus
613 3515 810 3582 templi
828 3517 1272 3584 procuratorem
1288 3506 1783 3574 habuimus.Quid
1797 3505 2075 3576 referam,

417 3603 711 3674 prefatum
759 3603 1064 3656 Albertum
1121 3600 1345 3669 saepius
1407 3596 1728 3651 fasciculos
1785 3596 2080 3667 lignorum

418 3692 598 3744 noctu
627 3689 798 3743 ostiis
829 3704 1154 3760 pauperum
1185 3686 1568 3756 apposuisse,
1604 3687 1660 3738 et
1694 3685 1754 3737 in
1785 3683 1877 3736 via
1909 3683 2081 3751 lupos

420 3794 554 3834 eum
584 3777 882 3833 multoties
923 3777 1231 3832 comitatos
1275 3775 1512 3829 fuisse?
1553 3772 1903 3826 Audivimus
1949 3787 2082 3826 eum

421 3867 596 3920 etiam
617 3866 807 3920 fuisse
840 3867 1202 3932 confessum,
1219 3865 1358 3935 quia
1378 3863 1516 3916 dum
1539 3861 1789 3932 quadam
1818 3862 1988 3914 nocte
2010 3859 2081 3913 de

425 3954 743 4009 Waldonis
769 3955 930 4010 curia
971 3953 1262 4024 quendam
1303 3951 1469 4006 solus
1491 3952 1551 4004 in
1590 3949 1850 4004 humeris
1886 3949 2083 4002 cruci-

422 4043 604 4099 ﬁxum
625 4043 880 4112 afferret,
905 4058 1113 4098 omnes
1142 4041 1392 4095 arbores
1424 4055 1605 4094 secus
1633 4039 1788 4091 viam
1817 4053 1883 4091 se
1914 4036 1968 4090 ei
1999 4038 2086 4090 in-

422 4133 719 4203 clinasse;
769 4132 1048 4186 nimirum
1085 4132 1222 4202 quia
1262 4142 1592 4199 congruum
1629 4127 1756 4180 erat
1782 4125 2086 4180 Creatoris

421 4221 662 4292 imagini
686 4224 1014 4275 creaturam
1031 4215 1348 4289 prosterni.
1364 4217 1481 4271 Sed
1502 4231 1573 4269 ne
1597 4214 1732 4284 plus
1754 4214 1937 4267 verba
1960 4230 2088 4282 pro-

420 4310 668 4378 traham,
701 4310 937 4365 tandem
968 4310 1305 4378 impetratra
1344 4323 1376 4359 a
1415 4306 1630 4359 domno
1663 4303 1945 4372 episcopo
1968 4301 2084 4357 Ge-

421 4399 594 4454 rardo
624 4401 682 4453 et
712 4399 965 4468 capitulo
997 4399 1205 4451 nostro
1235 4394 1488 4462 licentia,
1511 4391 1962 4446 Iherosolimam
1993 4391 2085 4460 pia

419 4486 739 4542 intentione
757 4491 815 4540 et
843 4485 1134 4540 Dominici
1165 4481 1465 4553 sepulchri
1490 4479 1791 4534 desiderio
1813 4493 1945 4532 cum
1968 4493 2084 4533 uno

417 4578 642 4630 tantum
664 4575 830 4630 socio
851 4573 1118 4628 intendit.
1136 4572 1325 4627 Nobis
1347 4575 1542 4625 tamen
1559 4567 1926 4638 incognitum
1943 4566 2084 4637 quid

420 4665 492 4720 de
523 4681 592 4720 eo
623 4664 922 4719 acciderit.

491 4789 578 4846 16.
619 4789 710 4844 De
747 4789 912 4846 obitu
951 4786 1149 4842 domui
1193 4783 1453 4839 Gerardi
1493 4781 1770 4853 episcopi.
1820 4780 2083 4834 Domnus

419 4879 741 4948 episcopus
779 4877 1105 4946 Gerardus,
1141 4889 1295 4928 anno
1334 4871 1710 4942 pontificatus
1760 4868 1854 4923 sui
1891 4867 1978 4937 16,
2030 4868 2084 4922 in

419 4965 529 5019 hac
580 4966 718 5020 villa
748 4966 957 5022 morbo
990 4965 1322 5033 correptus,
1375 4961 1433 5014 in
1465 4960 1637 5014 domo
1671 4974 1778 5011 sua
1811 4971 2090 5026 superve-

421 5055 616 5108 niente
647 5055 974 5109 vocationis
1008 5070 1133 5107 suae
1167 5052 1312 5106 hora
1342 5048 1688 5119 defungitur
1704 5043 1873 5115 (527),
1895 5047 1950 5098 et
1977 5044 2083 5098 Ca.

420 5142 637 5196 meraci
667 5143 918 5212 delatus,
946 5143 1005 5196 in
1034 5141 1227 5196 medio
1259 5139 1533 5194 ecclesiae
1556 5151 1708 5190 anno
1731 5131 1868 5188 1092
1886 5136 2082 5187 tumu-

331 5229 342 5242 '
419 5230 591 5285 latur.
652 5231 797 5285 Post
849 5231 1022 5303 cujus
1083 5232 1330 5285 mortem
1377 5227 1785 5296 undecumque
1833 5221 2084 5291 pessimi

422 5319 641 5392 quique
689 5322 993 5390 coeperunt
1041 5335 1371 5391 emergere,
1415 5318 1472 5371 et
1516 5313 1896 5385 multiplicata
1943 5313 2081 5365 sunt

2161 1787 2586 1841 Atrebatenses
2610 1785 2831 1853 clerici,
2857 1787 3089 1852 tempus
3121 1783 3513 1851 opportunum
3543 1779 3660 1832 sibi
3687 1780 3832 1847 post

2161 1877 2472 1930 maximam
2519 1874 3004 1943 disceptationem
3048 1870 3567 1926 Cameracensium
3599 1867 3831 1921 haben-

2162 1971 2272 2033 tes,
2309 1980 2424 2034 quo
2447 1964 2517 2018 de
2545 1963 2694 2034 jugo
2721 1959 3173 2016 Cameracensis
3205 1958 3471 2027 episcOpi
3502 1955 3834 2026 subjectio-

2160 2054 2256 2107 nis
2290 2053 2442 2107 colla
2471 2053 2836 2119 excuterent,
2858 2050 3106 2104 Romam
3127 2047 3362 2112 adeunt,
3392 2045 3630 2099 Urbano
3662 2060 3835 2114 papa;

2162 2156 2405 2195 causam
2439 2156 2607 2194 suam
2636 2140 3010 2211 suggerunt;
3043 2141 3104 2189 ut
3133 2134 3584 2189 Atrebatensem
3617 2132 3783 2186 eccle
3805 2161 3834 2172 -

2160 2230 2312 2284 siam
2337 2232 2491 2283 tanto
2522 2231 2784 2298 tempore
2817 2225 3146 2280 ancillatam
3171 2224 3297 2294 jam
3319 2222 3657 2276 miserando
3680 2220 3831 2275 libe-

2159 2333 2287 2373 ram
2308 2313 2991 2390 efﬁciat,lacrimabiliter
3011 2313 3342 2383 implorant.
3367 2311 3442 2364 At
3471 2310 3568 2364 ille
3597 2309 3838 2363 crebris

2162 2408 2481 2460 multorum
2528 2403 2901 2474 maximeque
2943 2401 3106 2473 regis
3139 2400 3504 2454 Francorum
3544 2397 3837 2468 precibus

2167 2497 2448 2549 exoratus
2469 2535 2483 2564 ,
2526 2492 2850 2564 predictam
2879 2490 3196 2545 ecclesiam
3225 2488 3434 2542 amodo
3464 2491 3518 2541 et
3548 2501 3741 2556 usque
3780 2485 3840 2538 in

2167 2584 2454 2638 saeculum
2485 2581 2846 2635 cardinalem
2875 2579 3094 2633 habere
3136 2577 3270 2631 dato
3308 2575 3622 2647 privilegio
3655 2589 3844 2627 cons-

2168 2672 2351 2739 tituit;
2375 2674 2431 2724 et
2454 2671 2526 2723 ad
2557 2669 2671 2723 hoc
2693 2667 3219 2736 corroborandum,
3242 2665 3524 2719 clericum
3547 2661 3847 2733 quendam

2095 2791 2146 2851 Ο
2171 2759 2471 2830 religiosas
2502 2759 2670 2825 vitm,
2713 2756 3089 2810 Lambertum
3131 2754 3449 2823 Islensem,
3493 2753 3848 2821 episcopum

2172 2849 2252 2902 ibi
2275 2846 2538 2902 ordinari
2567 2846 2880 2916 praecepit;
2916 2844 3122 2914 sicque
3149 2841 3464 2896 ecclesiam
3491 2838 3846 2892 Atrebaten-

2171 2951 2299 2991 sem
2330 2951 2364 2988 a
2394 2934 2812 2988 Cameracensi
2841 2932 3044 2986 divisit
3074 2929 3243 3001 (529).

2247 3023 2330 3078 18.
2366 3023 2453 3078 De
2485 3022 2775 3077 electione
2817 3019 3143 3075 Walcheri.
3175 3017 3486 3072 Manasses
3517 3017 3710 3086 itaque
3741 3029 3847 3069 re-

2173 3112 2406 3183 pulsam
2436 3126 2606 3165 suam
2638 3111 2898 3182 graviter
2940 3109 3170 3177 ferens,
3213 3108 3284 3160 ad
3328 3106 3849 3174 archiepiscOpum

2181 3203 2538 3256 Remensem
2570 3215 2637 3253 se
2669 3198 2933 3266 contulit,
2957 3200 3014 3252 et
3045 3200 3107 3251 ut
3140 3192 3310 3267 opem
3339 3196 3392 3249 ei
3423 3193 3708 3262 conferat,
3738 3207 3854 3262 per

2177 3290 2401 3344 amicos
2447 3304 2593 3342 suos
2639 3287 2856 3340 obnixe
2894 3288 3189 3356 precatur.
3227 3283 3330 3338 Ille
3360 3298 3504 3337 vero
3541 3281 3855 3335 recitatam

2180 3377 2507 3431 secundum
2541 3379 2899 3444 compertam
2931 3374 3238 3428 veritatem
3276 3371 3574 3426 veracium
3604 3369 3854 3424 testium

2180 3469 2298 3520 tam
2345 3464 2862 3519 Cameracensium
2899 3477 3074 3533 quam
3122 3461 3370 3515 aliorum
3409 3458 3544 3530 ejus
3585 3457 3857 3512 electio-

2181 3569 2335 3623 nem,
2378 3555 2437 3607 in
2487 3556 2780 3606 conventu
2816 3551 3132 3606 Remensis
3172 3548 3410 3620 capituli
3454 3545 3853 3602 confirmavit.

2186 3643 2470 3696 Preterea
2481 3640 2946 3695 Cameracenses
2961 3637 3368 3706 Walcherum,
3386 3636 3855 3690 Bracbatensem

2185 3730 2664 3785 archidiaconum
2718 3733 2774 3783 et
2829 3728 3227 3782 Tornacensis
3275 3741 3382 3780 seu
3427 3722 3857 3779 Noviomensis

2190 3819 2462 3874 ecclesiae
2495 3817 2821 3886 custodem,
2855 3817 2912 3869 in
2943 3816 3288 3886 episeopum
3320 3810 3687 3885 eligunt.Qui
3713 3811 3863 3864 mis-

2111 3899 2162 3959 D
2192 3923 2298 3962 sus
2331 3907 2403 3961 ad
2434 3907 2866 3976 imperatorem,
2899 3906 2956 3958 in
3001 3904 3094 3958 die
3143 3903 3333 3957 sancti
3377 3901 3592 3955 Andrae
3631 3900 3861 3954 donum

2192 3998 2570 4067 episcOpatus
2601 3995 2674 4050 ab
2705 4009 2775 4048 eo
2806 3994 3099 4062 suscepit,
3135 3995 3190 4046 et
3222 3993 3562 4046 auctoritate
3601 3988 3865 4043 Romani

2188 4085 2484 4155 pontificis
2518 4082 2743 4137 Urbani
2781 4082 2854 4136 ab
2901 4081 3350 4151 archiepiscopo
3381 4077 3662 4134 Remensi
3695 4092 3862 4131 con-

2180 4175 2482 4243 secretus,
2519 4171 2772 4224 civitatis
2798 4168 3250 4224 Cameracensis
3282 4169 3550 4238 regimen
3582 4165 3858 4219 obtinuit.

2189 4263 2298 4315 I-Iic
2323 4261 2500 4315 multa
2527 4259 2814 4329 praeclara
2835 4260 3055 4331 gessit;
3082 4257 3321 4312 castella
3344 4253 3864 4327 atquevmunicipia

2190 4351 2364 4404 multa
2395 4347 2861 4403 Cambrisincum
2893 4351 2948 4401 et
2979 4347 3274 4401 civitatem
3304 4343 3688 4414 opprimentia
3713 4343 3861 4395 viri-

2186 4439 2320 4493 liter
2351 4437 2561 4506 diruit;
2589 4436 2882 4507 justitiam
2910 4435 3314 4504 quaerentibus
3348 4432 3594 4501 faciens,
3619 4444 3863 4486 omnem

2185 4525 2554 4598 provinciam
2586 4525 2854 4578 subactis
2885 4523 3162 4578 hostibus
3195 4521 3546 4592 paciﬁcavit.

2248 4614 2334 4669 t9.
2355 4614 2442 4668 De
2460 4612 3122 4668 concilioArvernensi.
3140 4610 3420 4666 Urbanus
3442 4625 3589 4678 papa
3612 4625 3643 4662 a
3664 4608 3860 4663 Roma

2189 4705 2246 4758 in
2277 4702 2496 4757 Gallias
2540 4702 2893 4772 deveniens,
2939 4716 3092 4756 anno
3135 4700 3242 4754 Dei
3283 4699 3503 4754 Christi
3535 4697 3672 4752 1095
3700 4697 3866 4766 apud

2189 4795 2630 4846 Arvernensem
2645 4790 2847 4845 urbem
2858 4805 3011 4860 ,quze
3025 4784 3865 4855 estClarusmons,concilium

2191 4883 2517 4936 innumerae
2533 4878 2922 4932 multitudinis
2937 4875 3413 4949 aggregavit,ubi
3428 4875 3606 4928 multa
3619 4874 3864 4927 decreta

2200 4971 2384 5025 relatu
2408 4968 2586 5039 digna
2608 4966 2784 5031 dedit,
2801 4967 2955 5019 viam
2978 4965 3300 5019 Ierusalem
3324 4964 3592 5029 instituit,
3609 4961 3681 5015 de
3703 4965 3867 5015 statu

2194 5061 2415 5112 sanctae
2437 5054 2712 5110 ecclesiae
2743 5055 2889 5108 satis
2920 5058 2976 5107 et
3007 5053 3376 5107 sufficienter
3396 5049 3866 5106 tractavit.Tunc

2192 5147 2504 5200 Manasses
2535 5147 2702 5198 stans
2732 5143 2791 5196 in
2819 5142 3010 5197 medio
3034 5141 3352 5195 clamorem
3373 5139 3513 5194 fecit
3541 5139 3613 5192 de
3643 5137 3864 5192 domno

2193 5233 2535 5301 Walchero,
2553 5231 2821 5288 electioni
2845 5246 2974 5286 suae
2997 5228 3220 5300 injuste
3241 5227 3715 5295 subintroducto,
3735 5227 3868 5295 epi-

2192 5324 2499 5392 scopatum
2541 5319 2814 5374 videlicet
2855 5318 3346 5375 Cameracensem
3387 5316 3505 5371 sibi
3545 5314 3860 5369 invasione

2000 5448 2276 5513 NOTIE.

488 5564 638 5638 (527)
667 5564 701 5622 2
726 5564 872 5638 ldus
917 5565 1070 5638 Aug.
1095 5563 1444 5638 secundum
1482 5559 1868 5638 Necrologian
1888 5557 2080 5638 beatae

417 5629 697 5694 Mariae'et
715 5636 776 5692 S.
796 5629 1107 5706 Sepulchri
1155 5633 1624 5706 Cameracensis,
1668 5636 1730 5706 et_
1745 5629 1805 5706 _S.
1831 5629 2092 5706 Salva-to-

417 5711 504 5764 ris
527 5697 973 5781 Aquicinensis,
991 5707 1025 5781 8
1042 5706 1182 5781 ldus
1197 5707 1349 5781 Aug.
1367 5697 1955 5781 secundumﬁecrol.

417 5769 751 5854 demiense,
792 5781 853 5834 in
896 5769 1676 5854 biblothecaC'ameracensi
1705 5770 1839 5841 730,
1878 5769 2081 5854 pridie

417 5853 549 5913 Kal.
579 5839 1087 5927 Augfsecundum
1102 5848 1332 5903 Contin.
1358 5839 1854 5916 Gaugericianum
1876 5839 2003 5912 cap.
2023 5839 2076 5894 9.

2261 5550 2410 5622 (528)
2448 5549 2743 5622 Johannis
2772 5549 2814 5604 Ι.
2849 5549 2935 5603 Ls
2965 5547 3149 5622 Guiv.

2273 5613 2421 5693 (529)
2434 5622 2610 5677 Gesta
2633 5620 2816 5693 hujus
2835 5618 3224 5693 separationis
3247 5615 3674 5693 cumomnibus
3689 5613 3869 5693 char-

2193 5696 2268 5748 tis
2284 5685 2362 5750 ‘eo
2387 5685 2794 5763 spectantibus
2820 5708 2892 5745 ex
2908 5685 3128 5763 codice
3147 5688 3528 5763 Atrebamnsi
3542 5686 3679 5763 jam
3689 5685 3862 5763 Bolo-

2191 5765 2384 5820 niensi
2414 5755 2465 5818 ἑ.
2501 5781 2603 5828 xu,
2638 5762 2710 5816 de
2741 5778 2857 5833 quo
2888 5760 2965 5815 cf.
2991 5761 3253 5833 Annales
3287 5762 3528 5816 nostros
3548 5755 3700 5825 VIII,
3731 5755 3863 5817 406,

2191 5836 2371 5891 edidit
2403 5834 2678 5888 Baluzius
2712 5831 2964 5887 M'iscell.
3003 5831 3073 5901 V,
3104 5831 3228 5888 287.
