4058 6182
137 388 222 448 2W
328 374 336 380 .

144 580 412 638 detestanda
445 581 782 648 usurpante,
826 579 883 631 et
921 581 984 631 ut
1029 591 1144 631 uno
1185 577 1367 631 verbo
1402 573 1535 644 ejus
1567 578 1717 641 utar,
1749 565 1808 626 A

147 669 328 726 inti-usit
346 684 408 723 se
434 669 512 735 in,
543 667 749 737 inquit,
784 680 969 719 meam
1002 666 1367 721 electionem.
1395 665 1582 718 Finito
1607 665 1721 717 cla-

143 775 254 815 more
271 763 318 812 et
335 755 626 810 Walcheri
645 755 794 810 dicta
817 755 1230 824 responsione,
1263 753 1533 808 admirati
1557 753 1724 823 judi-

139 865 208 902 ces
222 847 421 901 tandem
442 845 612 898 simul
636 845 694 898 in
707 845 818 897 hoc
834 844 1264 898 concordantes
1277 843 1577 914 protulere
1591 858 1725 895 seno

136 936 340 991 tentiam:
364 935 605 1004 primam
637 933 867 1004 scilicet
897 932 1245 986 electionem
1266 934 1471 1000 ratam,
1507 947 1726 984 secun-

133 1025 228 1077 dam
267 1038 409 1086 vero,
455 1021 513 1074 id
554 1000 1004 1090 estWalcheri,
1045 1021 1272 1074 irritam
1305 1035 1444 1074 esse
1484 1018 1724 1073 debere.

133 1113 269 1165 Porro
289 1109 629 1163 Walcherus
657 1109 780 1180 jam
813 1110 886 1163 de
917 1109 1167 1165 concilio
1204 1111 1559 1177 recesserat,
1592 1108 1728 1178 quia

131 1216 210 1254 nos
233 1201 316 1270 qui
344 1215 466 1252 cum
497 1214 566 1253 eo
596 1198 875 1266 ieramus,
911 1199 1020 1251 hac
1051 1202 1106 1252 et
1142 1199 1274 1251 illac
1303 1196 1724 1265 auriculantes,

129 1288 210 1342 tale
235 1289 278 1342 ei
296 1287 573 1357 judicium
592 1286 720 1340 fore
740 1288 1206 1357 predixeramus.
1243 1287 1384 1340 Data
1416 1285 1727 1350 sententia,

129 1379 378 1430 llanasses
407 1376 464 1429 in
500 1377 630 1446 ipsa
661 1375 804 1429 sedc
836 1375 1140 1430 Walcberi
1164 1378 1226 1429 ut
1245 1375 1563 1444 episcopus
1582 1375 1730 1428 sub-

129 1466 348 1529 stituitur;
382 1463 740 1518 Walcherus
788 1465 841 1517 si
872 1479 938 1518 se
969 1463 1251 1532 deinceps
1282 1464 1353 1517 de
1385 1465 1730 1534 episcopatu

126 1554 423 1620 intermittat,
441 1553 1005 1608 excommunicatur.
1028 1553 1204 1606 Multa
1218 1553 1288 1606 de
1306 1553 1437 1622 ipso
1457 1551 1727 1617 concilio,

126 1643 246 1711 plura
263 1658 380 1712 quae
401 1642 470 1694 de
496 1641 867 1710 ipsispostea
911 1643 1306 1710 contigerunt,
1349 1646 1403 1694 et
1435 1641 1728 1710 quomodo

129 1746 284 1784 eorum
322 1728 397 1770 333
439 1729 894 1784 Cameracensis
941 1730 1126 1800 patria
1157 1730 1394 1783 omnino
1426 1730 1729 1782 devastata

130 1824 169 1872 et
197 1819 376 1871 civitas
405 1834 557 1887 pene
608 1817 785 1872 fuerit
824 1818 1094 1885 desolati,
1138 1818 1409 1889 quamvis
1438 1819 1556 1870 sint
1597 1820 1728 1872 stu-

605 377 1005 441 CHRONIC.
1040 377 1102 440 S.
1137 376 1516 439 ANDREIE
1549 375 1851 437 CASTRI
1885 373 2483 436 CAMERACESII.
2523 407 2592 421 —
2627 374 2784 437 LIB.
2821 376 2932 437 III.

3391 377 3510 441 2'78

1835 587 2036 626 comes
2069 572 2478 641 Flandrensis,
2513 573 2872 628 dominatum
2903 575 3289 632 Cambrisiaci
3319 593 3504 635 usur-

1831 677 1972 732 pare
2001 661 2118 716 sibi
2140 662 2368 730 volens,
2393 663 2608 718 multas
2629 664 2989 735 irruptiones
3018 666 3079 719 in
3101 667 3250 720 hanc
3272 669 3506 737 provin-

1831 751 1982 806 ciam
2013 751 2212 804 hostili
2247 767 2421 805 manu
2454 751 2691 820 fecerat,
2719 754 2909 822 ipsam
2939 754 3175 809 demum
3205 755 3502 812 civitatem

1831 841 2097 895 exercitu
2114 840 2292 894 nimio
2315 841 2711 909 circumdans,
2727 857 2834 912 per
2851 847 3081 912 septem
3104 844 3231 898 dies
3255 845 3500 899 obsede-

1831 932 1938 996 rat,
1974 929 2194 998 paratis
2229 934 2474 999 septem,
2510 933 2571 984 ut
2600 930 2807 999 fertur,
2845 932 3083 986 milibus
3114 935 3495 1002 armatorum,

1831 1033 1984 1072 anno
2019 1016 2157 1070 1102
2187 1018 2246 1071 in
2296 1018 2448 1072 hanc
2477 1021 2696 1072 terram
2732 1021 2910 1088 venit,
2954 1020 3133 1075 multa
3167 1021 3418 1076 viriliter
3448 1026 3505 1077 et

1832 1121 2122 1176 prospere
2160 1109 2370 1178 gessit,
2433 1108 2675 1162 castella
2732 1109 2974 1178 Bulcen,
3023 1110 3181 1180 Incy,
3223 1110 3500 1166 Sclusam

1845 1195 2110 1265 aliasque
2128 1195 2480 1250 munitiones
2504 1199 2861 1252 comburens
2882 1199 3021 1270 igni,
3039 1199 3344 1254 solotenus
3369 1215 3504 1270 pre-

1835 1283 2114 1354 cipitavit,
2165 1300 2442 1354 pavorem
2493 1287 2585 1338 sui
2618 1287 2892 1342 hostibus
2925 1288 3384 1358 circumquaque
3414 1289 3501 1343 in-

1836 1373 2048 1440 cussit;
2092 1373 2199 1426 sed
2250 1375 2613 1442 Opprimente
2674 1376 2867 1430 hieme
2913 1377 3091 1430 citius
3140 1377 3499 1444 repatriavit.

1836 1461 1961 1515 Nec
1987 1464 2181 1515 tamen
2212 1477 2414 1516 comes
2454 1465 2526 1517 ab
2558 1464 2932 1518 infestatione
2960 1464 3375 1520 Cambrisiaci.
3425 1507 3438 1520 .
3485 1508 3499 1521 .

1906 1550 1994 1604 25.
2031 1551 2119 1604 De
2144 1551 2406 1605 cometis.
2437 1554 2601 1606 Anno
2621 1551 2778 1622 1106,
2805 1570 2958 1608 unus
2972 1571 3043 1608 ex
3068 1555 3316 1608 cometis
3329 1556 3503 1625 regni

1835 1639 2212 1692 mutationem
2242 1641 2722 1710 presagientibus
2752 1658 2955 1696 mense
2989 1643 3197 1696 Martio
3233 1659 3337 1712 per
3368 1646 3500 1698 octo

1835 1727 1964 1780 dies
1993 1729 2278 1797 apparuit;
2303 1746 2550 1798 vespere
2565 1731 2860 1799 postsolis
2875 1747 3150 1785 occasum
3169 1733 3370 1786 radios
3393 1736 3502 1786 ter-

1839 1816 2045 1870 ribiles
2076 1818 2370 1885 amittens,
2422 1819 2622 1872 multis
2653 1819 3046 1888 prudentibus
3081 1824 3366 1874 terrorem
3407 1821 3500 1874 in-

124 1905 1184 1977 penda,preterimus,quijamamplius
1199 1908 1326 1960 haec
1345 1906 1730 1961 rememorari
1761 1912 1814 1975 Β
1842 1907 2052 1976 gessit.
2086 1907 2408 1976 Imperator
2439 1908 2752 1975 Henricus,
2788 1925 2963 1979 quem
2995 1909 3151 1963 filius
3198 1925 3347 1964 suus
3387 1911 3502 1964 sub

123 1996 426 2063 superﬂuum
459 2011 602 2050 esse
624 1997 681 2048 et
710 1996 913 2049 inutile
943 1995 1235 2050 ducimus.

166 2083 235 2138 20.
273 2085 351 2138 De
382 2084 760 2139 ordinatione
790 2085 1086 2138 Manassae
1117 2085 1396 2155 episcopi.
1438 2083 1728 2139 Rumoldo

123 2175 341 2226 llemensi
355 2173 811 2243 archiepiscopo
826 2171 1728 2242 obeunte(nn.1096),Manasses

119 2263 396 2331 propositus
436 2262 730 2330 succedit,
764 2278 971 2332 parum
1003 2262 1240 2332 quidem
1271 2262 1584 2330 litteratus,
1622 2262 1728 2315 sed

119 2351 395 2405 elemosinis
446 2357 503 2405 et
570 2367 731 2406 curae
771 2366 1094 2420 pauperum
1139 2351 1406 2405 studiose
1457 2350 1726 2415 deditus;

120 2457 139 2490 a
159 2455 250 2508 quo
267 2440 638 2510 supradictus
670 2439 981 2494 Manasses
1001 2439 1057 2493 in
1078 2441 1425 2509 episcopum
1455 2441 1546 2493 est
1569 2439 1729 2494 ordi-

121 2532 268 2581 natus.

167 2615 234 2668 21.
262 2616 341 2670 De
384 2619 474 2670 via
521 2615 920 2671 Hierusalem.
956 2616 1301 2685 Ann01096,
1333 2632 1440 2687 per
1468 2616 1730 2672 admoni-

122 2705 283 2757 tionem
329 2705 602 2774 smpefati
642 2720 810 2775 papae
856 2705 1098 2773 Urbani,
1147 2705 1480 2761 habitantes
1513 2709 1730 2760 terram

121 2793 231 2844 viam
249 2793 570 2846 Jerusalem
591 2793 841 2865 aggredi
857 2798 1184 2863 coeperunt,
1205 2797 1262 2848 et
1281 2811 1474 2865 usque
1496 2795 1554 2848 in
1580 2795 1730 2848 ﬁnes

119 2880 236 2934 orbis
262 2885 423 2936 terrae
453 2897 647 2936 sonus
680 2885 736 2936 et
763 2882 1123 2937 amoreundi
1145 2883 1505 2952 percrebuit.
1530 2882 1730 2936 Comi-

119 2973 194 3035 tes,
221 2971 520 3040 principes,
548 2971 804 3040 nobiles,
831 2971 1169 3041 vulgusque
1191 2972 1516 3041 promiscui
1540 2986 1726 3025 sexus

117 3055 178 3109 ire
201 3059 502 3126 certabant,
536 3062 809 3129 portenta
839 3062 895 3113 et
926 3059 1100 3130 signa
1149 3059 1206 3113 in
1239 3061 1384 3114 caelo
1428 3075 1494 3114 se
1525 3059 1726 3114 videre

117 3145 236 3198 multi
261 3147 628 3201 asserebant.
661 3147 724 3200 In
757 3164 871 3218 qua
901 3148 993 3202 via
1025 3151 1240 3219 quanta
1272 3147 1552 3219 pericula,
1586 3149 1729 3218 quot
1759 3155 1810 3220 ο

117 3247 368 3302 corporum
381 3235 779 3303 incommoda,
796 3240 1046 3306 quantas
1060 3236 1269 3303 fames,
1290 3239 1502 3307 quanta
1516 3236 1722 3307 prelis,

117 3324 311 3377 maxime
331 3324 388 3378 in
402 3323 720 3378 Antiochia
733 3325 1101 3396 pertulerint,
1127 3341 1242 3396 quo
1261 3325 1481 3394 labore,
1507 3325 1725 3395 quibus

117 3413 364 3476 pressaris
385 3412 458 3466 ad
494 3412 876 3466 Hierusalem
897 3413 1289 3481 pervenerint,
1307 3429 1420 3484 qua
1442 3417 1587 3481 arte,
1611 3428 1726 3483 qua

117 3499 348 3554 industria
380 3501 846 3573 quadragesimo
876 3501 1206 3556 obsidionis
1251 3502 1364 3571 die,
1399 3501 1727 3556 interfectis

116 3589 266 3641 multis
280 3591 560 3644 militibus
574 3589 1062 3659 Sarracenorum,
1077 3606 1205 3644 eam
1220 3590 1728 3661 ceperint,quanto

114 3676 263 3730 studio
274 3677 853 3748 sepulcrumDomini
869 3678 1060 3732 etloca
1078 3683 1280 3732 sancta
1296 3678 1727 3747 mundaverint,

115 3778 198 3816 non
223 3769 302 3820 est
330 3771 605 3820 nostrum
635 3767 998 3834 describere;
1031 3783 1163 3838 quae
1195 3768 1386 3838 magis
1423 3767 1645 3836 proprii
1677 3771 1735 3822 et

114 3849 183 3905 lati
208 3854 412 3908 codicis
446 3855 722 3926 indigent
753 3855 1153 3924 inscriptione,
1175 3856 1488 3924 presertim
1511 3872 1642 3911 cum
1662 3856 1735 3910 de

115 3939 176 3990 eis
215 3945 263 3993 et
305 3945 534 3996 cantica
577 3942 798 4012 ubique
845 3940 1057 3996 diffusa
1087 3946 1144 3997 et
1175 3942 1434 3996 carmina
1466 3945 1736 4014 quaedam

115 4025 356 4098 descripta
384 4031 747 4085 habeantur.

162 4115 230 4168 22.
245 4117 324 4171 De
353 4119 570 4173 domno
597 4117 796 4172 Odone
819 4119 1104 4190 episcOpo.
1128 4120 1449 4189 Postquam
1473 4120 1736 4190 episcopi

114 4201 213 4270 duo,
225 4205 524 4262 ltlanasses
538 4205 984 4275 etWalcherus,
999 4207 1220 4262 diutina
1234 4207 1616 4264 dissensione
1628 4224 1736 4279 per

115 4289 248 4362 longa
271 4297 536 4365 tempora
570 4295 936 4364 defecerunt,
967 4295 1092 4350 Odo
1124 4296 1570 4350 Aurelianensis
1602 4312 1734 4351 sco-

117 4377 330 4449 lasticus,
362 4383 626 4438 Tornaci
658 4384 982 4438 monachus
1015 4383 1262 4439 effectus
1284 4401 1505 4438 —-nam
1537 4385 1732 4454 ipsum

1841 1994 2154 2048 occasione
2180 1998 2521 2064 apostolicae
2552 1998 2861 2052 sententiae
2895 2013 3083 2068 regno
3115 1997 3367 2067 ejectum
3394 2014 3502 2052 us-

1836 2099 1950 2153 que
1991 2085 2048 2136 in
2077 2087 2315 2139 exteros
2348 2087 2497 2140 fines
2538 2087 2860 2157 expulerat,
2897 2087 3049 2157 apud
3082 2086 3366 2140 Leodium
3397 2087 3503 2140 de-

1834 2172 2137 2240 fungitur;
2188 2173 2294 2228 sed
2339 2177 2576 2243 propter
2632 2171 2985 2243 praedictam'
3022 2175 3502 2230 excommunica-

1832 2260 2051 2314 tionem
2102 2261 2159 2315 in
2208 2261 2355 2316 atrio
2409 2279 2524 2317 non
2581 2265 2884 2332 sepelitur.
2938 2263 3126 2318 Filius
3184 2278 3326 2318 vero
3367 2263 3502 2334 ejus

1836 2349 2154 2419 Henricus,
2202 2350 2531 2422 imperium,
2583 2352 2740 2422 quod
2783 2353 2899 2407 sibi
2930 2356 3094 2421 pater
3121 2353 3331 2407 vivens
3363 2367 3500 2406 con-

1836 2441 2102 2491 cesserat
2133 2442 2188 2492 ct
2221 2440 2488 2494 benedici
2516 2439 2803 2510 jusserat,
2838 2439 3108 2495 obtinuit.

1905 2532 2089 2588 2509
2104 2527 2350 2583 consilio
2372 2528 2523 2600 apud
2554 2527 2774 2582 Trecas
2795 2527 3017 2583 habito.
3032 2528 3177 2583 Post
3197 2527 3504 2584 Urbanum

1837 2624 2160 2677 Romanam
2191 2618 2396 2672 sedem
2425 2616 2691 2686 suscepit
2713 2616 3007 2672 Rainerus
3035 2617 3152 2684 (an.
3187 2614 3369 2688 1099),
3393 2616 3499 2687 qui

1836 2713 1893 2766 et
1919 2707 2250 2775 Paschalis,
2280 2706 2374 2760 vir
2405 2721 2510 2775 per
2539 2708 2747 2760 cuncta
2775 2705 3113 2774 laudabilis,
3147 2707 3498 2759 antecesso-

1833 2781 1966 2854 rum
2001 2810 2247 2852 suorum
2278 2794 2523 2848 firmiter
2553 2794 2786 2848 decreta
2818 2796 3050 2862 tenens,
3095 2794 3200 2847 sed
3235 2791 3496 2846 avaritiae

1835 2889 2032 2942 minus
2062 2884 2394 2938 intendens.
2430 2882 2538 2936 Hic
2570 2883 2629 2936 in
2655 2881 2874 2936 Gallias
2903 2882 3150 2936 veniens
3169 2883 3286 2950 (an.
3314 2879 3496 2948 110⁸7),

1836 2976 1989 3048 apud
2039 2973 2302 3028 Trechas
2364 2971 2677 3026 concilium
2722 2975 3002 3041 magnum
3049 2969 3390 3038 celebravit,
3444 2970 3501 3022 et

1836 3067 2042 3136 postea
2074 3063 2320 3116 Romam
2350 3059 2543 3113 rediit.

1907 3151 1996 3206 26.
2033 3152 2119 3204 De
2149 3150 2409 3203 adventu
2439 3146 2690 3200 Henrioi
2723 3146 2892 3200 tertii
2911 3145 3314 3216 imperatoris.
3350 3144 3498 3198 Ter-

1835 3242 1954 3296 tius
1969 3237 2421 3309 (530)Henricus
2435 3236 2770 3303 imperator,
2789 3234 2846 3287 in
2859 3234 3011 3287 hanc
3024 3235 3239 3286 terram
3252 3233 3500 3286 veniens

1835 3332 1952 3400 (an.
2002 3325 2160 3395 11οἿ,
2217 3326 2368 3394 Oct.)
2400 3325 2694 3378 adversus
2726 3324 2999 3377 comitem
3029 3322 3367 3388 Bobertum,
3398 3320 3500 3391 qui

1834 3418 1950 3471 sibi
1979 3415 2467 3470 Cameracensem
2501 3413 2747 3482 patriam
2777 3411 3196 3480 vindicaverat,
3230 3412 3496 3466 Duacum

1835 3505 2085 3568 obsedit;
2123 3504 2225 3558 sed
2250 3503 2383 3571 :illis
2415 3501 2649 3555 deintus
2685 3500 2930 3554 viriliter
2959 3516 3065 3569 pro
3093 3516 3159 3554 se
3179 3503 3235 3553 et
3259 3515 3366 3570 pro
3401 3515 3498 3570 pa-

1833 3593 1941 3648 tria
1983 3593 2386 3665 pugnantibus
2433 3593 2492 3645 et
2537 3590 2768 3645 comitis
2816 3589 3114 3659 presentia
3174 3589 3495 3658 roboretis,

1836 3682 1981 3736 nihil
2013 3681 2281 3752 profecit.
2315 3680 2572 3733 Tandem
2596 3694 2741 3749 ergo
2772 3680 3070 3747 compacta
3093 3677 3408 3732 concordia
3426 3707 3498 3716 -—

1839 3787 1972 3825 nam
2013 3787 2078 3824 se
2117 3769 2460 3823 alterutrum
2509 3767 2846 3821 metuebant
2888 3797 2959 3806 ——-
3004 3767 3323 3836 imperator
3363 3781 3504 3820 con-

1841 3858 2026 3913 cessit
2081 3871 2450 3928 quiscunque
2498 3858 2663 3925 pater
2703 3871 2850 3909 suus
2894 3855 3133 3908 dederat
3174 3854 3224 3908 ei
3279 3859 3502 3923 tenere,

1842 3947 2070 4002 scilicet
2086 3946 2236 3999 hanc
2250 3945 2446 3997 villam
2459 3943 2606 4014 (531)
2625 3948 2680 3998 et
2694 3943 2805 3997 alia
2819 3943 3266 4014 quaedam.Dcin
3285 3959 3394 4013 per
3404 3941 3508 3998 Ca-

1841 4051 2138 4089 meracum
2187 4034 2299 4086 iter
2327 4031 2554 4086 faciens
2584 4032 2900 4086 remeando
2939 4031 3153 4102 (Dec.),
3187 4030 3528 4087 duodecim'

1842 4125 1913 4178 de
1959 4124 2096 4176 filiis
2139 4121 2458 4191 potentium
2509 4119 2783 4186 civitatis,
2834 4120 3078 4174 obsides
3123 4121 3400 4174 videlicet
3433 4134 3507 4174 ne

1841 4212 2073 4282 quando
2131 4211 2295 4264 cives
2350 4207 2464 4277 ipsi
2521 4208 2594 4260 ab
2644 4207 2777 4278 ejus
2826 4207 3102 4262 fidelitate
3148 4209 3497 4276 deﬂuerent,

1841 4300 2084 4354 abduxit
2111 4313 2336 4367 secum,
2368 4297 2576 4366 sicque
2606 4296 2966 4365 repatriavit.

1915 4387 2003 4442 ‘27.
2044 4386 2205 4453 Quod
2241 4389 2566 4456 imperator
2613 4384 2847 4438 Romam
2889 4384 3188 4456 perrexit.
3234 4383 3342 4448 Qui
3390 4399 3510 4438 non

119 4472 399 4526 cenobium
422 4474 564 4544 ejus
587 4473 982 4543 predicatione
997 4473 1732 4544 cmpitaedificari,—pos—
1761 4491 1818 4554 D
1847 4479 2026 4534 multo
2074 4480 2210 4546 post
2243 4476 2486 4528 Romam
2532 4473 2889 4543 perveniens
2933 4473 3050 4540 (an.
3086 4471 3268 4541 1111),
3312 4472 3509 4527 obviis

118 4559 182 4608 tea
205 4574 327 4614 vero
357 4563 550 4617 abbas
584 4561 926 4632 ipsiusloci,
952 4561 1024 4615 ad
1053 4562 1456 4631 episc0patum
1472 4563 1738 4618 Camera-

119 4658 309 4702 censem
337 4652 585 4722 eligitur
613 4653 669 4705 et
699 4653 1084 4704 consecratur
1113 4651 1232 4719 (an.
1265 4648 1568 4721 1105).Sed
1601 4653 1737 4723 quia

121 4731 287 4788 donum
306 4740 375 4791 ab
408 4741 771 4810 imperatore
801 4744 1042 4809 propter
1071 4741 1739 4795 excommunicationem

121 4837 335 4888 querere
377 4829 638 4898 nolebat,
681 4828 899 4882 intrare
947 4830 1004 4882 in
1051 4828 1342 4882 civitatem
1391 4829 1629 4885 minime
1670 4831 1742 4883 li-

128 4912 273 4968 tabat.

168 5000 238 5055 '33.
270 5002 424 5068 Quod
434 5006 766 5077 imperator
786 5007 847 5060 in
869 5005 1020 5060 lianc
1043 5013 1268 5061 terram
1298 5007 1552 5060 venerit.
1591 5008 1742 5062 Hen-

124 5087 244 5141 ricus
280 5094 610 5164 imperator,
645 5094 856 5149 crebra
896 5100 952 5150 et
987 5096 1316 5164 importuna
1347 5096 1741 5150 Cameracen-

126 5175 237 5231 sium
249 5180 508 5250 pulsatus
533 5183 711 5238 flebili
733 5183 995 5254 querela,
1021 5184 1178 5255 quod
1193 5184 1421 5240 scilicet
1439 5185 1741 5240 Robertus

1848 4568 1961 4622 sibi
1982 4565 2213 4619 civibus
2229 4561 2532 4630 Romanis,
2549 4563 2820 4616 simulata
2834 4577 2976 4632 pace
2992 4561 3510 4633 subjurejurando

1847 4655 1989 4709 nulli
2019 4669 2222 4708 eorum
2252 4651 2504 4722 aliquam
2537 4651 2814 4722 injuriam
2847 4667 2914 4706 se
2944 4651 3236 4706 facturum
3257 4665 3517 4721 spopon-

1848 4745 1948 4813 dit,
2001 4745 2058 4796 et
2112 4742 2171 4794 in
2212 4741 2450 4795 introitu
2495 4740 2694 4808 templi
2733 4740 2923 4794 sancti
2970 4739 3130 4794 Petri
3171 4740 3282 4793 hoc
3317 4740 3516 4808 ipsum

1849 4831 2174 4902 apostolico
2197 4828 2444 4899 juravit.
2478 4829 2690 4896 (Febr.
2716 4829 2828 4899 12.)
2847 4828 2964 4884 Sed
2987 4828 3161 4882 citius
3195 4828 3512 4900 ingressus

1849 4920 2148 4989 templum,
2178 4921 2385 4972 cuncta
2401 4917 2695 4987 promissa
2715 4919 2884 4987 rupit.
2903 4918 3051 4970 Nam
3070 4918 3264 4987 ipsum
3283 4920 3513 4986 aposto-

1848 5011 2046 5076 licum,
2083 5007 2153 5061 ad
2187 5022 2319 5061 eum
2361 5007 2829 5062 benedicendum
2862 5009 2919 5060 et
2949 5005 3145 5060 divina
3178 5006 3520 5077 peragenda

1853 5100 2114 5168 paratum
2157 5095 2400 5167 jamque
2448 5095 2885 5165 procedentem,
2942 5093 3180 5165 injectis
3242 5094 3521 5150 manibus

1853 5185 1996 5240 nihil
2018 5183 2130 5238 tale
2147 5184 2550 5254 suspicantem
2567 5183 2812 5252 accepit,
2844 5186 2900 5237 et
2922 5187 3156 5253 captum
3179 5186 3348 5238 extra
3379 5182 3521 5239 civi-

1395 5316 1687 5379 VARI/E
1733 5315 2225 5379 LECTIONES.

170 5441 234 5486 π
259 5449 554 5503 excidisse
580 5449 818 5504 videtur
846 5450 1163 5521 discordia,
1203 5451 1302 5508 vel
1329 5466 1533 5522 causa,
1580 5450 1676 5506 vel
1705 5449 1822 5505 tale
1855 5450 2016 5521 quid.

1681 5623 1939 5688 NOTIE

179 5740 300 5806 €530)
328 5745 406 5802 Le.
435 5749 669 5806 (latenti.

1929 5746 2077 5816 (531)
2119 5746 2238 5802 Imo
2271 5751 2542 5819 quartus,
2576 5763 2684 5803 rex
2717 5748 2981 5820 quintus.
