4058 6182
423 451 542 514 279

1297 418 1605 514 ΑΡΕΝΒῙ
1669 449 1786 512 AD
1829 411 2102 511 GESTA
2134 418 2984 509 EPISCOPI’CAMER’AC.

3749 445 3871 510 280

2245 593 2260 621 1

421 652 596 705 tatem
626 649 697 704 ad
729 653 924 705 castra
955 652 1254 705 exercitus
1284 651 1400 721 sui,
1426 667 1603 722 quem
1632 650 1715 704 ibi
1745 648 2086 719 reliquerat,
2119 625 2175 685 Α
2207 645 2478 714 cendum,
2504 645 2660 716 quod
2683 644 2927 716 juvenis
2950 645 3182 716 optimae
3214 645 3450 712 indolis,
3475 644 3667 698 cultor
3689 643 3867 697 fuerit

421 739 1064 804 transducifecit.Quid
1089 741 1422 807 seditionis,
1449 740 1588 810 quid
1603 736 2086 809 perturbationis,

423 844 557 899 quae
587 827 801 882 divisio
833 829 1001 899 regni
1037 845 1104 882 ac
1136 829 1452 884 sacerdotii
1485 831 1623 882 tunc
1653 826 1828 880 fuerit
1858 827 2084 892 Romae,

427 917 582 988 quod
610 931 781 970 nemo
813 920 1026 985 potest,
1048 933 1163 972 non
1184 921 1276 972 est
1308 920 1576 971 nostrum
1599 915 1915 984 explicare.
1940 913 2090 966 Tan-

427 1006 558 1059 dem
573 1007 813 1060 coactus
826 1020 995 1075 papa,
1013 1006 1292 1076 quicquid
1309 1021 1416 1058 rex
1437 1005 1698 1073 precepit
1720 1004 2088 1056 sacramento

429 1093 698 1148 ﬁrmavit.
735 1094 804 1147 Et
835 1094 922 1147 sic
955 1094 1203 1149 conficte
1226 1097 1281 1148 et
1312 1094 1517 1148 dolose
1549 1091 1944 1157 concordatis,
1969 1090 2089 1143 dis-

429 1197 668 1236 cessum
682 1185 790 1236 est.
805 1183 1020 1236 Postea
1038 1186 1229 1236 tamen
1261 1183 1738 1253 rogabaturpapa
1753 1196 1784 1232 a
1808 1179 2088 1233 Romanis

419 1269 724 1342 perjurum
755 1287 959 1341 regem
990 1272 1527 1340 excommunicare,
1564 1269 1668 1324 sed
1702 1269 1799 1322 ille
1831 1267 2084 1335 rennuit,

420 1363 476 1413 et
505 1375 822 1430 numquam
854 1375 985 1414 eum
1015 1360 1265 1430 amplius
1297 1359 1498 1412 videre
1537 1357 1738 1412 voluit.
1779 1355 2084 1409 —Verum

425 1464 536 1502 nos
566 1448 1018 1502 intermittentes
1048 1464 1116 1502 ea
1159 1465 1290 1518 quae
1322 1452 1459 1500 tunc
1486 1447 1687 1500 Romae
1711 1445 2085 1515 gerebantur,

421 1537 494 1589 ad
542 1539 746 1591 nostra
790 1537 1125 1591 redeamus.
1171 1537 1357 1607 Igitur
1405 1550 1606 1590 comes
1658 1535 1979 1601 Robertus,
2028 1535 2091 1584 ut

423 1625 645 1678 dictum
676 1628 787 1694 est,
835 1625 987 1678 hanc
1015 1625 1214 1678 villam
1245 1626 1512 1694 adeptus,
1556 1625 1900 1693 frequenter
1939 1622 2088 1674 hanc

420 1713 707 1781 invisere,
726 1714 1097 1768 venationem
1117 1729 1318 1784 agere,
1349 1712 1906 1781 circumjaeentium
1927 1711 2086 1764 loco-

428 1816 554 1855 rum
601 1803 776 1871 coepit
806 1802 1088 1856 delectari
1117 1805 1567 1872 Opportunitate.
1602 1801 1866 1871 Denique
1898 1798 2086 1852 maxi-

421 1904 576 1942 mam
624 1893 850 1959 partem
896 1891 1080 1944 turris
1125 1907 1258 1960 quae
1308 1891 1619 1959 ceciderat,
1667 1893 1725 1944 et
1755 1904 1985 1943 murum
2024 1887 2082 1940 in

425 1978 694 2045 circuitu,
711 1977 867 2032 sicut
892 1977 1178 2032 hactenus
1193 1979 1470 2048 cernitur,
1502 1978 1817 2047 reparavit,
1840 1979 2082 2044 excepta

421 2065 552 2119 aula
582 2081 717 2119 cum
746 2066 1020 2134 ecclesia,
1043 2083 1217 2137 quam
1240 2067 1491 2121 domnus
1512 2065 1810 2120 Gerardus
1830 2065 1871 2118 ll
1894 2064 2080 2118 aedifi-

422 2154 594 2208 cavit.
628 2153 780 2208 Nam
809 2157 866 2208 et
898 2155 1028 2224 ipse
1050 2156 1274 2225 amplas
1306 2158 1363 2209 et
1391 2155 1677 2208 honestas
1707 2154 2084 2223 domos,quae

422 2242 714 2314 hodieque
759 2247 1015 2312 manent,
1063 2260 1238 2297 unam
1279 2245 1531 2298 scillicet
1568 2242 1738 2314 juxta
1770 2242 2087 2296 ecclesiam

423 2329 874 2386 Atrebatensem
906 2332 1138 2386 Sanctae
1161 2333 1385 2402 Mariae,
1417 2333 1661 2386 alteram
1682 2346 1825 2385 vero
1848 2331 1908 2384 in
1937 2330 2085 2383 Bra-

424 2417 601 2474 chant
648 2419 803 2489 apud
851 2420 1049 2474 villam
1094 2437 1227 2491 qum
1257 2425 1349 2475 est
1394 2419 1609 2484 Melun,
1644 2419 1876 2488 lapideo
1908 2433 2088 2487 opere

420 2513 771 2567 construxit.
802 2511 1015 2568 Comes
1045 2515 1260 2585 itaque,
1278 2514 1471 2585 quoad
1491 2513 1656 2583 vixit,
1679 2513 1844 2584 _sicut
1864 2512 2083 2566 dictum

426 2601 539 2668 est,
572 2600 722 2653 hanc
754 2600 955 2654 villam
983 2605 1167 2656 tenuit
1198 2607 1255 2656 et
1275 2603 1562 2673 possedit.

493 2684 582 2741 28.
610 2688 698 2742 De
728 2688 892 2742 obitu
922 2691 1119 2744 domni
1143 2690 1364 2746 Odonis
1384 2690 1954 2761 episeOpi.Manasse
1975 2690 2086 2743 Rc-

422 2777 615 2829 mensi
643 2777 1088 2846 metropolitano
1110 2795 1289 2833 carne
1314 2781 1584 2847 exempto
1616 2781 1732 2846 (an.
1761 2776 1941 2846 1106),
1970 2777 2086 2832 Ro-

421 2863 679 2932 dulphus
701 2865 986 2932 preclaraa
1007 2867 1273 2921 scientiae
1293 2867 1547 2921 clericus
1571 2870 1626 2923 et
1645 2866 2004 2936 prepositus,
2022 2865 2082 2918 in

420 2950 563 3006 sede
607 2952 1006 3008 substituitur.
1039 2954 1420 3026 Sed'quidam
1453 2955 1706 3009 clericus
1736 2953 2082 3020 Gervasius,

419 3040 478 3092 vi
508 3040 674 3112 regia
704 3038 913 3106 fretus,
947 3043 1137 3113 ipsam
1173 3044 1377 3098 sedem
1407 3044 1524 3098 sibi
1554 3057 1872 3112 usurpans,
1905 3042 2083 3095 intro-

418 3129 562 3182 itum
593 3128 727 3200 ejus
757 3130 946 3200 primo
978 3133 1124 3186 satis
1155 3129 1481 3203 impedivit;
1514 3133 1621 3186 sed
1657 3135 1864 3202 postea
1897 3133 2081 3184 morte

422 3221 749 3285 proventus
798 3219 1022 3288 quievit
1051 3221 1169 3290 (an.
1217 3221 1396 3292 1113).
1444 3221 1708 3275 Domnus
1741 3223 1932 3274 autem
1960 3217 2083 3272 Odo

423 3309 874 3368 Cameracencis
897 3315 1238 3386 episcopus,
1267 3316 1622 3388 aegritudine
1644 3315 1812 3386 gravi
1829 3329 2084 3384 preven-

417 3403 534 3469 tus,
549 3401 622 3454 ad
634 3404 1057 3456 monasterium
1069 3404 1468 3474 Aquicinense
1484 3420 1550 3458 se
1563 3403 1783 3458 deferri
1803 3402 1858 3455 fe
1868 3403 1966 3470 cit;
1982 3402 2087 3454 ibi-

423 3503 538 3557 que
553 3488 868 3544 defunctus
886 3492 1041 3557 (Jun.
1059 3490 1168 3562 19),
1192 3492 1252 3545 in
1273 3493 1466 3546 medio
1486 3491 1759 3546 ecclesiae
1775 3491 2080 3560 sepelitur.

425 3573 612 3646 Cujus
658 3578 1041 3646 sepulchrum
1068 3581 1260 3633 inciso
1294 3581 1484 3650 lapide
1514 3581 1858 3634 decoratum
1891 3593 2084 3648 usque

423 3663 482 3715 in
514 3663 666 3718 hanc
698 3664 852 3720 diem
883 3666 1320 3722 demonstratur
1347 3667 1514 3737 (539).

489 3749 577 3804 29.
608 3751 698 3805 De
729 3751 989 3806 adventu
1017 3751 1215 3807 domni
1246 3754 1603 3808 Burclzurdi.
1640 3753 1766 3808 Hoc
1796 3754 1871 3807 ita
1896 3753 2081 3824 finito,

419 3852 554 3894 cum
582 3839 643 3894 in
671 3837 1085 3894 Cameracensi
1117 3842 1372 3896 ecclesia
1394 3841 1550 3896 nulla
1581 3858 1686 3911 pro
1703 3842 2084 3898 dissensione

427 3927 870 3998 obloquentium
900 3929 1028 3982 fieri
1057 3933 1263 3999 posset
1294 3935 1414 3985 rata
1437 3931 1666 3998 electio,
1688 3931 1881 3985 aditur
1901 3931 2082 4000 impe-

320 4087 327 4100 I
419 4019 598 4087 rator,
619 4015 740 4086 qui,
761 4019 994 4086 reperto
1009 4019 1278 4083 consilio,
1307 4019 1587 4074 clericum
1605 4035 1786 4073 unum
1803 4019 1919 4073 sibi
1941 4020 2082 4074 fide-

417 4099 554 4157 liter
572 4103 996 4174 obsequentem
1010 4104 1807 4176 Aquisgrani,Burehardum
1823 4108 2078 4177 nomine,

419 4207 553 4246 cum
587 4191 801 4263 legatis
846 4192 975 4247 suis
1020 4193 1093 4246 ad
1141 4193 1547 4264 episcopatum
1586 4195 2080 4249 Cameracensem

415 4281 763 4336 transmisit.
797 4279 906 4346 Qui
942 4285 1261 4351 susceptus
1282 4286 1338 4337 et
1367 4284 1612 4352 electus,
1641 4284 1764 4338 fere
1781 4300 1886 4353 per
1916 4284 2082 4339 hien-

415 4370 578 4424 nium
608 4373 850 4440 prepter
879 4371 1544 4426 excommunicationem
1574 4372 1948 4442 imperatoris
1984 4373 2076 4426 in-

416 4459 801 4512 consecratus
831 4460 1064 4524 mansit;
1100 4459 1205 4513 sed
1227 4459 1460 4514 tandem
1480 4460 1798 4514 miserante
1831 4463 2078 4529 aposto-

415 4545 549 4615 lico,
601 4546 738 4617 quia
787 4545 1004 4600 donum
1044 4547 1422 4617 episcopatus
1453 4549 1524 4602 de
1556 4565 1732 4602 manu
1765 4549 1928 4620 regis
1958 4565 2077 4604 non

2194 735 2446 806 justitiae
2469 736 2525 788 et
2543 735 2729 804 pacis,
2753 735 2900 788 adeo
2923 739 2983 788 ut
3004 751 3111 804 pro
3131 735 3538 789 conservanda
3557 733 3748 804 quiete
3774 747 3866 801 pa-

2200 825 2328 878 triae
2341 823 2622 894 juvenem
2640 839 2821 877 unum
2841 823 2974 878 furti
2999 839 3166 877 reum
3188 822 3448 877 inaudita
3465 826 3520 877 et
3539 818 3872 876 miserabili

2200 916 2384 966 morte
2407 913 2560 982 apud
2581 912 2837 984 Brugias
2861 913 2920 965 in
2934 911 3231 966 chaldaria
3250 910 3460 965 fecerit
3475 910 3712 972 bullire;
3729 921 3867 963 cum

2197 1001 2624 1055 admirantibus
2647 1002 2836 1054 turbis
2870 1003 2927 1054 et
2947 1001 3245 1068 flentibus,
3271 1004 3381 1054 nec
3403 999 3532 1068 ipse
3550 1017 3581 1052 a
3599 997 3868 1051 lacrimis

2197 1091 2406 1159 posset
2439 1092 2792 1158 temperare;
2821 1089 2977 1166 unde
3021 1091 3077 1142 et
3119 1092 3311 1142 terror
3341 1086 3475 1157 ejus
3515 1103 3621 1157 per
3651 1102 3864 1141 omnes

2197 1177 2533 1247 provincias
2550 1177 2962 1231 malefactores
2984 1177 3119 1230 fecit
3134 1177 3367 1230 omnino
3387 1177 3718 1247 quiescere.
3740 1175 3863 1230 Sed

2199 1282 2331 1320 cum
2363 1265 2420 1318 in
2453 1265 2894 1334 Normanniam,
2919 1281 3095 1336 quam
3118 1265 3347 1319 crebris
3365 1265 3732 1319 exercitibus
3756 1279 3868 1333 op-

2195 1355 2504 1424 primebat,
2555 1354 2860 1424 profectus
2912 1355 3094 1421 esset,
3147 1358 3388 1423 accepto
3425 1353 3582 1406 letali
3610 1353 3866 1406 vulnere

2197 1459 2500 1509 reversus,
2546 1459 2650 1512 per
2693 1459 2910 1496 annum
2941 1442 3065 1496 fere
3113 1458 3294 1495 unum
3326 1442 3652 1514 aegrotavit,
3688 1445 3746 1495 et
3779 1442 3869 1494 sic

2197 1532 2432 1585 demum
2493 1532 2646 1600 apud
2689 1530 2969 1585 Sanctum
3017 1530 3318 1584 Bertinum
3363 1529 3609 1584 effectus
3653 1545 3869 1584 mona-

2197 1621 2345 1674 chus
2387 1623 2444 1673 et
2491 1621 2663 1691 paulo
2700 1625 2834 1690 post
2880 1620 3195 1674 defunctus
3237 1621 3356 1688 (an.
3406 1618 3585 1689 1119),
3627 1619 3712 1673 ibi
3768 1634 3870 1672 re-

2197 1709 2471 1779 quiescit.

2265 1796 2334 1851 80
2362 1797 2450 1852 De
2481 1798 2687 1852 domno
2709 1796 3008 1852 Gerlando
3027 1796 3264 1851 abbate.
3287 1795 3512 1850 Interea
3543 1795 3663 1864 (an.
3700 1793 3866 1849 1117.

2198 1887 2449 1942 domnus
2471 1886 2656 1939 abbas
2675 1884 3018 1955 Guiffridus,
3043 1888 3166 1940 tum
3195 1883 3394 1939 hostili
3417 1871 3617 1938 furore
3651 1884 3756 1953 qui
3773 1888 3870 1938 to-

2199 1980 2312 2029 tam
2341 1976 2588 2044 patriam
2627 1974 3109 2044 depopulabatur,
3159 1977 3278 2028 tum
3311 1974 3463 2027 fame
3503 1989 3635 2043 quae
3677 1972 3874 2027 vehe-

2197 2067 2421 2118 menter
2465 2079 2696 2117 omnem
2739 2067 2958 2116 terram
3003 2063 3306 2132 premebat
3349 2061 3654 2133 fatigatus,
3707 2061 3874 2115 velut

2197 2169 2411 2224 magna
2427 2155 2774 2222 tempestate
2791 2155 3114 2224 quassatus
3129 2151 3351 2205 amisso
3367 2151 3532 2204 clavo
3545 2149 3750 2203 navim
3770 2165 3874 2203 va-

2197 2246 2434 2314 gantem
2456 2241 2666 2296 mediis
2690 2241 2990 2308 ﬂuctibus,
3012 2239 3328 2294 ecclesiam
3357 2239 3508 2292 hanc
3536 2238 3868 2307 detinebat;

2197 2331 2303 2384 sed
2332 2331 2568 2384 tandem
2597 2331 2657 2383 in
2696 2346 2763 2384 se
2792 2345 3078 2384 reversus
3108 2331 3340 2398 portum
3371 2328 3567 2398 quetis
3607 2326 3776 2394 adiit,
3806 2330 3864 2380 et

2194 2419 2535 2488 prelationis
2567 2433 2718 2472 onus
2749 2418 3040 2487 deposuit.
3062 2417 3186 2470 Nos
3209 2416 3407 2470 statim
3429 2415 3625 2469 habito
3651 2415 3869 2468 conci-

2195 2508 2292 2575 lio,
2328 2507 2791 2578 Aquicinensem
2822 2506 3194 2574 monachum,
3220 2520 3451 2575 magnae
3471 2503 3790 2574 religionis
3815 2506 3876 2557 et

2195 2597 2542 2651 humilitatis
2560 2596 2752 2650 virum
2781 2595 3058 2649 domnum
3077 2593 3451 2661 Gerlandum,
3477 2593 3783 2664 eligimus,
3811 2595 3872 2646 et

2195 2701 2227 2738 a
2244 2684 2456 2738 domno
2481 2685 2762 2754 episcopo
2781 2683 3123 2738 Burchardo
3145 2682 3445 2738 Cameraci
3459 2680 3874 2750 benedictum,

2193 2788 2346 2826 anno
2379 2773 2485 2826 Dei
2529 2771 2747 2826 Christi
2789 2770 2926 2826 1117
2971 2771 3243 2826 abbatem
3292 2770 3699 2840 suscepimus.
3752 2769 3876 2834 Qui

2193 2876 2369 2930 quam
2396 2862 2698 2930 strennue,
2731 2876 2905 2931 quam
2932 2859 3255 2930 prudenter
3284 2861 3622 2927 susceptam
3663 2859 3873 2912 eccle-

2196 2950 2344 3003 siam
2366 2951 2602 3017 rexerit,
2624 2949 2678 3002 si
2699 2949 2751 3002 ei
2782 2949 2883 3004 diu
2898 2949 3102 3002 vivere
3132 2948 3331 3002 datum
3350 2947 3585 3015 fuisset,
3620 2953 3672 3000 et
3711 2947 3875 3016 ipsis

2193 3038 2552 3110 quotidianis
2581 3040 2917 3092 nostrarum
2937 3053 3137 3091 rerum
3156 3036 3522 3108 argumentis
3544 3036 3871 3101 patuisset.

2265 3124 2351 3182 31.
2376 3127 2462 3181 De
2479 3126 2851 3181 successione
2872 3124 3341 3196 apostolicorum.
3365 3123 3678 3178 Paschalis
3713 3125 3872 3178 Rai-

2195 3216 2342 3285 neri,
2376 3215 2448 3269 de
2479 3232 2594 3286 quo
2628 3231 2808 3284 supra
2825 3215 3156 3283 retulimus,
3178 3214 3236 3267 in
3266 3213 3409 3268 sede
3435 3214 3700 3267 Romana
3723 3229 3876 3266 suc-

2196 3321 2405 3361 cessor
2451 3302 2552 3376 339]
2599 3305 2861 3359 Joannes
2909 3303 3211 3372 Gaitanus,
3255 3303 3372 3372 (an.
3425 3301 3604 3370 1118),
3649 3302 3756 3371 qui
3817 3303 3881 3356 et

2192 3396 2486 3461 Gelasius,
2524 3394 2680 3448 sedit
2708 3394 2808 3446 vix
2841 3408 2993 3446 anno
3018 3408 3156 3458 uno,
3177 3393 3234 3445 et
3251 3390 3496 3445 veniens
3519 3389 3578 3443 in
3609 3389 3873 3458 Gallias,

2192 3484 2345 3554 apud
2400 3483 2744 3537 Cluniacum
2793 3481 3108 3534 defunctus
3159 3479 3444 3548 sepelitur
3499 3479 3616 3546 (an.
3672 3477 3876 3546 1119).

2192 3572 2344 3626 Huic
2362 3571 2564 3639 Wido,
2583 3571 2681 3640 qui
2697 3573 2753 3625 et
2769 3571 3055 3638 Calixtus,
3073 3567 3431 3622 Viennensis
3447 3566 3879 3636 archiepisco-

2189 3677 2323 3730 pus,
2359 3660 2429 3713 ad
2454 3659 2658 3714 sedem
2679 3658 3063 3728 apostolicam
3080 3654 3645 3726 provehitur(Febr.
3669 3653 3746 3724 1),
3778 3657 3885 3710 vir

2187 3748 2602 3818 tamprobitate
2615 3763 2848 3801 morum
2864 3745 3179 3800 laudabilis
3203 3760 3380 3815 quam
3401 3743 3576 3797 etiam
3597 3743 3879 3798 illustris

2189 3837 2473 3908 dignitate
2505 3836 2768 3907 generis;
2800 3835 2982 3888 frater
3011 3834 3266 3888 scillicet
3296 3831 3633 3888 Clementiae
3678 3830 3881 3886 Fian-

2189 3926 2426 3980 drensis
2458 3925 2802 3990 comitissaa,
2859 3923 3064 3977 matris
3095 3923 3299 3992 utique
3335 3921 3569 3976 comitis
3592 3919 3882 3990 junioris

2188 4015 2480 4083 Balduini,
2507 4015 2578 4068 de
2597 4013 2914 4084 quoaliqua
2945 4027 3124 4080 supra
3144 4011 3424 4064 diximus.
3459 4009 3568 4062 Hic
3590 4025 3745 4078 papa
3777 4009 3881 4063 fa-

2188 4102 2595 4157 mosissimum
2627 4099 3153 4156 conciliumRemis
3171 4114 3324 4152 anno
3349 4097 3452 4152 Dei
3474 4097 3701 4152 Christi
3719 4096 3745 4149 1
3759 4096 3886 4152 119

2185 4189 2266 4234 390
2293 4189 2830 4258 celebravit(Oct.),
2857 4188 2915 4241 in
2946 4203 3062 4260 quo
3088 4203 3204 4241 non
3236 4188 3458 4240 tantum
3481 4185 3552 4239 de
3576 4187 3695 4239 tota
3716 4185 3879 4240 Gal-

2185 4281 2282 4350 lia,
2316 4280 2424 4335 sed
2455 4279 2627 4333 etiam
2658 4278 2729 4332 de
2762 4276 3362 4348 Lotharingensibus,
3388 4274 3870 4344 archiepiscOpi,

2187 4368 2478 4438 episcopi,
2510 4367 2754 4420 abbates
2785 4369 2842 4420 et
2871 4364 3066 4419 clerici
3101 4363 3444 4418 catervatim
3479 4362 3876 4422 confluxere.

2189 4458 2352 4512 Tunc
2383 4457 2618 4528 quidam
2650 4454 3028 4523 Fredcricus,
3063 4452 3245 4506 frater
3274 4452 3508 4506 comitis
3531 4451 3603 4504 de
3637 4450 3876 4522 Namu,

2189 4549 2326 4618 post
2356 4545 2568 4600 multas
2602 4545 3012 4599 contentiones
3044 4543 3115 4596 de
3147 4540 3492 4610 episcopatu
3524 4538 3674 4608 (533)
3709 4539 3888 4595 inter

415 4637 742 4704 acceperat,
776 4634 1025 4704 adeptus
1047 4639 1138 4689 est
1159 4636 1648 4690 benedictionem.
1684 4637 1794 4690 Hie
1815 4618 2076 4692 a'comite
2105 4618 2162 4682 Ῑ)
2193 4652 2324 4691 eum
2348 4638 2404 4690 et
2422 4635 2716 4706 quendam
2744 4631 3252 4699 Alexandrum,ab
3276 4627 3600 4697 apostolico
3619 4627 3701 4680 ibi
3721 4643 3886 4683 con-

414 4721 700 4778 Balduino
721 4721 966 4794 juvene,
992 4723 1129 4776 dum
1162 4723 1516 4794 aegritudine
1544 4725 1784 4793 diutina,
1806 4741 1982 4796 quam
2004 4741 2077 4780 ex

413 4811 656 4867 vulnere
690 4811 1004 4867 insanabili
1035 4815 1425 4882 contraxerat,
1446 4813 1760 4881 laboraret,
1793 4829 1910 4868 non
1944 4814 2077 4868 sine

414 4900 600 4967 pretio
631 4915 845 4973 magno
867 4901 1227 4956 consiliariis
1260 4899 1394 4972 ejus
1427 4901 1660 4971 collato,
1696 4902 1846 4956 hanc
1876 4902 2077 4957 villam

417 5001 550 5042 cum
576 4990 726 5044 turri
755 4990 995 5061 recepit,
1015 4992 1070 5045 et
1091 4991 1373 5060 deinceps
1391 4990 1635 5045 liberam
1655 4990 2076 5046 Cameracensi

416 5073 617 5132 ditioni
639 5078 910 5134 restituit.
946 5079 1027 5134 De
1059 5080 1169 5135 hoc
1198 5079 1411 5134 comite
1441 5079 1730 5135 Balduino
1759 5081 1967 5150 paucis
1989 5079 2076 5134 di—

2191 4727 2478 4779 secratur.
2514 4724 2604 4777 Ad
2639 4721 2815 4792 cujus
2849 4724 2983 4790 post
3011 4719 3313 4773 biennium
3359 4715 3620 4770 defuncti
3649 4717 3884 4785 sepul-

2190 4813 2398 4867 chrum
2431 4812 2609 4866 multa
2639 4811 2812 4882 signa
2843 4809 2997 4862 facta
3030 4808 3319 4876 feruntur;
3353 4821 3486 4875 quae
3517 4808 3884 4860 assertores

2187 4900 2343 4971 ejus,
2377 4901 2485 4954 viri
2521 4913 2755 4970 quoque
2803 4897 3054 4969 legales,
3103 4910 3267 4963 vera,
3303 4894 3670 4947 detractorcs
3713 4909 3881 4948 vero

2187 4989 2338 5043 falsa
2368 5004 2506 5044 esse
2538 4985 2917 5042 contendunt.
2963 4984 3079 5040 Sed
3112 4983 3223 5038 soli
3266 4980 3559 5054 cognitori
3589 4981 3880 5035 omnium

2186 5079 2382 5134 utrum
2412 5091 2552 5132 vera
2583 5091 2657 5131 an
2688 5075 2844 5130 falsa
2873 5072 3093 5128 fuerint
3120 5069 3462 5126 innoteseit.

1713 5266 1999 5330 VARIE
2064 5264 2554 5330 LECTIONES.

409 5418 491 5466 389
521 5419 638 5478 tale
669 5421 809 5495 quid
824 5423 1126 5480 excidisse
1154 5423 1408 5481 videtur.
1440 5421 1522 5468 390
1551 5421 1854 5479 MCXVIII
1889 5423 2076 5495 copia.

2005 5592 2265 5656 NCT-JF.

481 5731 629 5804 (532)
657 5730 807 5804 Cum
833 5729 944 5784 hac
976 5729 1395 5804 inscriptianeA:
1421 5800 1435 5804 _
1468 5775 1504 5795 ,_

725 5802 840 5858 Hic
865 5800 1089 5874 tegitur
1113 5799 1323 5872 pres’ul
1346 5800 1488 5874 Odo,

731 5874 842 5941 Qui
863 5870 1217 5947 perspectus
1246 5873 1402 5926 omni
1428 5870 1595 5926 modo

2501 5723 2638 5778 Fuit
2677 5722 2820 5778 exul
2844 5723 2967 5776 Deo
2994 5719 3167 5784 fidus,

2501 5793 2711 5864 Fulget
2741 5793 2882 5848 caelo
2912 5793 3080 5864 quasi
3110 5789 3298 5846 sidus.

2244 5864 2390 5936 (533)
2422 5865 2757 5922 Leodiensi.
2803 5864 2882 5919 Le
2913 5864 3095 5917 Gen.
