4058 6182
217 406 320 469 281⁴

698 403 1099 467 CHRONIC.
1149 404 1211 465 S.
1248 403 1625 468 ANDREIE
1671 404 1971 466 CASTRI
2017 403 2614 466 CAME‘RACESII.
2649 440 2722 450 —
2762 403 2922 465 LIB.
2971 403 3082 464 III.

3488 400 3667 467 282.

271 603 349 658 32.
381 604 466 658 De
495 603 654 658 obitu
698 603 990 659 Gerlandi
1029 604 1288 659 abbatis.
1339 605 1604 659 Domnus
1651 605 1837 659 abbas
1865 583 1922 643 Α
1954 619 2080 658 rem
2111 604 2208 658 ille
2238 604 2496 675 benigne
2529 603 2890 673 suscipiens,
2924 606 3155 672 tempus
3203 603 3492 658 tractandi
3533 604 3606 658 de

215 693 511 748 Gerlandus
563 709 691 747 eum
738 693 860 747 fere
907 710 1018 763 per
1061 695 1525 764 quinquennium
1565 695 1840 749 decenter

215 797 429 853 gregem
462 781 574 834 sibi
605 781 988 835 commissum
1022 783 1079 834 in
1111 782 1220 835 hac
1272 782 1525 836 ecclesia
1557 783 1835 853 rexisset,

212 871 380 923 aderat
409 870 534 923 dies
559 870 886 923 vocationis
907 886 1065 935 suae;
1091 873 1146 926 et
1168 872 1333 942 gravi
1355 869 1431 912 391
1457 873 1621 925 febre
1641 888 1841 927 corre-

212 962 342 1028 ptus,
373 958 436 1012 14
464 957 591 1011 Kal.
644 957 810 1025 Maii,
861 959 1002 1013 feria
1035 960 1069 1012 3
1100 960 1340 1029 pascha:
1388 958 1574 1029 (1123)
1624 961 1838 1015 defun-

211 1048 360 1117 gitur,
392 1050 444 1100 et
473 1051 604 1101 ante
632 1048 813 1101 altare
839 1052 1060 1102 sanctae
1086 1049 1288 1102 Maria)
1307 1049 1610 1118 sepelitur.
1637 1050 1835 1121 Hujus

210 1140 435 1204 tempore
463 1133 764 1189 Gerardus
808 1135 1003 1189 infans
1037 1137 1183 1206 (534)
1228 1137 1507 1191 allodium
1555 1138 1626 1192 de
1678 1137 1834 1193 Fon-

206 1224 350 1291 tanis,
377 1239 478 1291 pro
511 1239 621 1276 sua
651 1228 707 1277 et
737 1225 919 1293 patris
952 1225 1045 1279 sui
1075 1226 1286 1294 anima,
1323 1227 1393 1280 ad
1428 1226 1608 1280 altare
1640 1228 1831 1281 sancti

207 1311 424 1365 Andreae
450 1313 728 1380 tradidit;
780 1313 956 1383 cujus
989 1319 1213 1382 partem
1261 1317 1512 1368 araturae
1557 1314 1834 1370 Gerulfus

205 1401 425 1469 quidam,
461 1401 788 1456 monachus
805 1406 1010 1456 noster
1031 1401 1300 1471 effectus,
1324 1420 1354 1456 a
1374 1404 1674 1458 canonicis
1698 1420 1832 1457 san-

208 1492 297 1542 ctae
324 1488 514 1542 Mariae
556 1491 732 1543 nobis
777 1490 1042 1544 redemit.
1089 1491 1330 1560 Sepulto
1375 1493 1569 1562 itaque
1619 1493 1832 1547 domno

206 1577 488 1645 Gerlando,
523 1578 778 1632 domnus
806 1580 1003 1648 Dedo,
1036 1579 1127 1633 vir
1157 1581 1424 1635 honestae
1464 1581 1598 1634 vitae
1629 1597 1832 1635 mona-

202 1665 349 1732 chus,
399 1665 786 1720 Flandrensis
833 1668 1087 1736 natione,
1140 1668 1198 1720 in
1241 1669 1373 1722 loco
1420 1668 1552 1738 ejus
1601 1669 1830 1723 substi-

203 1755 372 1809 tuitur.
408 1755 514 1809 Hie
544 1759 721 1824 caput
749 1757 1091 1811 monasterii
1140 1758 1332 1811 nostri
1366 1756 1490 1828 jam
1533 1757 1828 1812 aedificare

201 1847 420 1910 ceperat.

253 1927 329 1984 33.
344 1931 426 1986 De
442 1932 610 1986 obitu
624 1932 878 1987 Henrici
896 1934 1068 1988 tertii
1087 1935 1490 2006 imperatoris.
1508 1934 1829 2004 Imperator

198 2017 478 2088 Henricus,
512 2024 651 2090 post
681 2022 858 2074 multa
887 2023 1091 2091 prelia,
1123 2028 1258 2092 post
1297 2024 1499 2092 plures
1541 2038 1646 2092 per
1676 2040 1826 2094 quas

197 2107 292 2161 sibi
317 2108 565 2163 rebelles
617 2109 834 2164 multos
867 2110 1086 2164 fecerat
1117 2106 1544 2180 expeditiones,
1592 2113 1824 2166 tandem

199 2195 378 2250 domno
407 2213 572 2267 papae
607 2198 833 2252 Calixto
867 2200 1284 2268 concordatus,
1309 2200 1463 2254 diem
1488 2200 1699 2254 clausit
1727 2218 1824 2255 ex-

195 2286 408 2338 tremum
440 2287 558 2352 (an.
594 2285 780 2355 11⁵25),
815 2289 870 2340 et
897 2287 1048 2357 apud
1097 2288 1327 2356 Spiram
1377 2305 1508 2342 cum
1557 2290 1823 2358 patribus

193 2374 298 2425 suis
326 2375 626 2443 sepelitur.
660 2373 922 2445 Cumque
964 2377 1200 2445 cognati
1249 2375 1382 2446 ejus
1426 2376 1735 2431 Conradus
1768 2383 1824 2432 et

197 2458 516 2516 Fredericus
549 2463 906 2516 hereditario
924 2479 1174 2533 regnum
1197 2465 1310 2519 sibi
1331 2465 1545 2520 vellent
1575 2482 1822 2536 usurpa-

192 2564 257 2614 re,
285 2551 620 2621 congregati
654 2551 955 2620 principes
983 2555 1183 2620 terrae,
1216 2554 1440 2608 relictis
1463 2554 1604 2622 illis,
1630 2571 1820 2624 quen-

191 2636 298 2689 dam
325 2637 527 2692 ducem
558 2638 836 2693 Saxonis:
868 2639 1212 2694 Lutharium
1240 2642 1476 2696 nomine
1501 2643 1572 2696 ad
1591 2644 1818 2711 imperii

189 2724 495 2794 dignitatem
526 2742 904 2796 promovere.
941 2728 1049 2781 Hic
1069 2730 1163 2782 vir
1184 2734 1301 2782 tam
1318 2730 1620 2802 religiosae
1643 2748 1817 2802 quam

191 2813 390 2867 virtutis
421 2815 698 2869 militaris
730 2816 958 2884 pollens
990 2817 1275 2886 efﬁcacia,
1308 2834 1426 2873 non
1449 2819 1645 2874 minus
1675 2822 1817 2875 reli-

191 2900 387 2971 giosam
413 2919 664 2957 uxorem
695 2907 751 2957 et
781 2905 1254 2959 elemosinariam
1284 2906 1557 2962 habebat.

242 2989 317 3042 34.
363 2991 448 3045 De
495 2991 664 3046 obitu
727 2992 959 3047 comitis
1008 2991 1422 3050 Flandrensis.
1482 2997 1818 3068 Supradicti

1951 692 2061 746 hoc
2103 694 2340 763 negotio
2387 691 2471 746 illi
2517 692 2839 746 constituit.
2887 691 3003 745 Sed
3051 695 3236 745 morte
3282 697 3604 763 occupatus

1947 782 2064 849 (an.
2115 780 2273 851 “‘24,
2320 782 2510 850 Dee),
2562 781 2852 852 quendam
2916 780 3261 850 epiSCOpum
3307 779 3604 836 Oifensem

1946 869 2072 939 (535
2101 871 2478 924 Lambertum
2515 887 2689 941 quem
2720 873 2777 924 et
2808 871 3153 937 Honorium,
3190 885 3604 923 successorem

1943 959 2188 1028 accepit.
2204 958 2313 1022 Qui
2332 959 2713 1012 nihilominus
2736 960 3050 1013 clamorem
3073 958 3338 1027 episcOpi
3353 957 3606 1012 libenter

1943 1048 2270 1111 attendens,
2293 1064 2358 1100 se
2391 1048 2914 1102 determinaturum
2932 1062 3170 1100 causam
3190 1046 3323 1117 ejus
3355 1063 3606 1116 spopon-

1943 1137 2063 1203 dit;
2097 1138 2203 1190 sed
2235 1137 2398 1206 regis
2446 1136 2809 1190 Francorum
2857 1135 3290 1205 multorumque
3343 1136 3603 1190 interve-

1939 1225 2237 1278 nientibus
2270 1225 2563 1294 epistolis,
2599 1241 2804 1293 parum
2834 1224 3188 1294 profecit.—
3220 1225 3445 1278 Domuo
3481 1225 3603 1278 Ro-

1939 1312 2097 1366 dulfo
2133 1313 2412 1367 Remensi
2438 1312 2903 1381 {metropolitano
2942 1328 3121 1365 carne
3182 1317 3450 1381 exempto
3483 1314 3599 1380 (an.

1939 1400 2117 1469 “'24),
2155 1402 2479 1455 Rainoldus
2513 1401 2966 1472 Andegavensis
3000 1401 3320 1470 episcopus
3372 1403 3431 1455 in
3470 1401 3601 1455 loco

1937 1489 2070 1559 ejus
2105 1490 2585 1544 substituitur.—
2607 1489 2822 1543 Iisdem
2856 1490 2978 1544 fere
3001 1489 3365 1559 temporibus
3399 1505 3600 1544 eomes

1938 1577 2230 1632 Flandriaa
2259 1577 2529 1647 Carolus,
2552 1595 2684 1632 cum
2707 1579 2861 1648 apud
2881 1579 3134 1649 Brugias
3153 1579 3211 1631 in
3233 1578 3446 1645 templo
3465 1593 3598 1646 pro-

1940 1669 2161 1720 stratus
2209 1669 2404 1720 oraret
2453 1666 2570 1734 (an.
2622 1665 2776 1735 1127,
2827 1667 3009 1720 Mart.
3043 1667 3118 1735 2),
3168 1683 3199 1719 a
3246 1665 3600 1736 quibusdam

1940 1755 2223 1809 militibus
2257 1756 2407 1824 suis,
2440 1756 2510 1808 ad
2543 1755 2656 1808 hoc
2687 1754 2880 1824 ipsum
2903 1758 3073 1808 antea
3092 1754 3600 1824 conjuratis,mul-

1855 1831 1911 1894 Β
1940 1844 2016 1898 tis
2046 1843 2370 1897 confossus
2404 1842 2750 1897 vulneribus
2780 1843 3121 1911 perimitur;
3147 1858 3376 1896 necnon
3407 1845 3464 1895 et
3481 1842 3602 1912 qui-

1939 1933 2071 1987 dam
2102 1933 2457 1985 castellanus
2481 1930 2636 2001 ejus,
2654 1932 2792 1984 dum
2815 1947 2880 1984 se
2903 1947 2968 1984 se
3002 1931 3350 1985 ferientibus
3381 1930 3600 1984 ictibus

1934 2036 2040 2090 pro
2073 2020 2372 2074 liberando
2404 2020 2639 2074 domino
2671 2020 2926 2074 medium
2958 2019 3272 2089 objiceret,
3328 2018 3602 2072 similiter

1934 2109 2150 2181 gladiis
2180 2124 2383 2162 eorum
2418 2125 2600 2178 super
2627 2110 2825 2178 ipsum
2864 2108 3252 2177 interemptus
3300 2106 3597 2162 occubuit.

1933 2197 2208 2251 Protinus
2242 2197 2393 2250 fama
2426 2198 2566 2250 tanti
2597 2198 2848 2250 sceleris
2873 2201 3510 2266 percurrente,moeror
3531 2211 3599 2248 ac

1933 2286 2104 2340 timor
2138 2286 2478 2339 universam
2511 2289 2726 2340 terram
2757 2285 3024 2354 perculit.
3044 2284 3113 2337 Et
3144 2299 3278 2337 mox
3309 2284 3381 2336 ad
3415 2284 3596 2336 ulcis-

1932 2374 2177 2428 cendam
2206 2375 2351 2427 tanti
2387 2374 2673 2442 principis
2724 2372 3007 2443 injustam
3055 2387 3278 2436 necem,
3325 2373 3595 2439 potentes

1930 2463 2165 2533 quique,
2184 2463 2554 2531 maximeque
2588 2461 2825 2532 quidam
2856 2461 3074 2514 nobilis
3107 2459 3309 2512 Daniel
3330 2459 3415 2511 ira
3437 2458 3596 2512 fren-

1929 2550 2457 2620 dens,unanimiter
2470 2551 2804 2621 insurgunt;
2820 2565 2928 2603 nec
2945 2549 3107 2618 prius
3120 2547 3401 2618 quievere
3417 2563 3592 2616 quam

1929 2639 2258 2693 homicidos
2277 2639 2412 2692 illos
2432 2653 2756 2707 omnesque
2777 2637 3097 2705 complices
3113 2651 3316 2690 eorum
3329 2635 3586 2689 diversis

1924 2742 1992 2780 ac
2031 2726 2390 2796 turpissimis
2422 2727 2712 2780 mortibus
2749 2726 3000 2794 deditos,
3035 2725 3272 2778 omnino
3309 2723 3380 2776 de
3426 2726 3594 2776 terra

1927 2815 2210 2869 delerent.
2244 2815 2431 2869 Porro
2465 2815 2600 2885 quis
2630 2815 2846 2881 luctus,
2882 2815 3017 2885 quis
3049 2814 3218 2867 dolor
3267 2811 3589 2865 Flandren-

1926 2919 2053 2958 sem
2084 2903 2360 2974 populum
2393 2903 2701 2972 attriverit,
2749 2919 2882 2973 quae
2931 2902 3133 2971 prelia,
3169 2916 3300 2970 quae
3352 2898 3598 2954 seditio-

1927 3008 2055 3057 nes,
2105 3007 2237 3062 quae
2286 2992 2556 3045 incendia
2605 2995 2783 3046 totam
2834 2991 3081 3060 patriam
3125 2986 3588 3055 devastaverint,

195 3075 401 3132 Henrici
431 3083 699 3149 tempore
731 3080 996 3151 contigit,
1029 3079 1321 3137 Calixtum
1351 3099 1560 3154 papam
1611 3087 1815 3142 Roma;
1847 3074 1900 3136 C
1927 3096 2046 3134 non
2076 3080 2249 3134 nobis
2280 3082 2465 3146 vacat,
2501 3081 2637 3150 quia
2681 3078 3056 3148 impossibile
3109 3079 3201 3130 est
3249 3074 3452 3128 verbis
3505 3074 3596 3128 vel

192 3168 433 3234 generale
453 3168 769 3222 concilium
791 3185 942 3222 anno
963 3169 1065 3223 Dei
1087 3168 1308 3225 Christi
1335 3171 1466 3227 1123
1487 3171 1585 3243 39ἳ,
1610 3191 1815 3230 mense

193 3251 386 3324 Martio,
417 3257 474 3310 in
506 3257 823 3310 Lateranis
853 3257 1216 3327 celebrasse,
1254 3258 1566 3332 ipsumque
1607 3266 1664 3318 et
1704 3265 1816 3318 im-

187 3346 476 3409 peratorem
528 3348 669 3415 post
709 3345 990 3398 diutinam
1036 3346 1203 3416 regni
1250 3349 1702 3421 sacerdotiique,
1757 3357 1819 3407 ut

186 3444 334 3499 supra
385 3433 666 3501 diximus,
701 3434 1142 3489 dissensionem
1193 3435 1360 3490 ﬁrma
1390 3453 1532 3505 pace
1564 3455 1816 3495 concor-

184 3517 348 3574 dasse.
367 3521 530 3576 Tunc
568 3523 742 3575 etiam
761 3523 1012 3576 domnus
1036 3522 1416 3578 Burchardus
1439 3528 1590 3595 apud
1606 3545 1817 3598 papam

185 3619 334 3676 super
361 3609 752 3680 diremptione
786 3611 1198 3664 Atrebatensis
1231 3613 1504 3669 ecclesias
1545 3632 1576 3669 a
1607 3616 1816 3672 Came-

185 3699 383 3750 racensi
413 3713 663 3769 gravem
685 3699 1113 3769 querimoniam
1146 3699 1356 3754 intulit.
1378 3701 1566 3774 Cujus
1599 3705 1814 3760 clamo-

1271 3807 1628 3863 Marchionis
1661 3811 1825 3865 curia

1267 3893 1466 3949 Crevit
1495 3898 1781 3966 sapientia

185 3797 289 3854 Huc
315 3803 470 3871 ades,
503 3803 788 3874 Calliope,

185 3886 331 3943 Vires
358 3892 496 3946 mihi
529 3896 820 3963 suggeret

184 3972 391 4032 Carnem
423 3981 587 4052 ﬁngo
619 3981 872 4052 lugubre

185 4060 348 4118 Nobili
377 4068 445 4120 de
476 4067 767 4136 principe.

183 4148 333 4212 Quem
359 4156 637 4223 produxit
666 4154 863 4223 Dacia,

185 4235 350 4293 Satum
378 4243 563 4312 stirpe
599 4242 786 4313 regia.

187 4325 337 4382 Mater
361 4329 465 4384 fuit
493 4331 726 4399 Athala,

185 4409 438 4472 Frisionis
465 4419 608 4473 filia.

185 4499 326 4556 Pater
352 4506 546 4576 cujus,
582 4506 776 4560 hostia

189 4584 369 4645 Factus
397 4593 454 4646 in
484 4594 762 4661 ecclesia,

183 4673 395 4734 Mortem
423 4699 529 4752 pro
551 4683 785 4753 justitia

188 4760 394 4821 Pertulit
421 4770 480 4823 in
516 4771 713 4824 Dacia.

189 4847 372 4907 Noster
395 4860 587 4911 autem
618 4858 886 4926 Carolus,

189 4935 319 4992 Clam
346 4944 608 4998 sublatus
628 4947 924 5016 hostibus,

191 5022 332 5098 Fugit
356 5031 424 5084 ad
451 5034 828 5102 avunculum,

191 5110 433 5172 Comitem
451 5119 922 5194 Flandrensium,

192 5197 238 5252 ιιι
262 5216 363 5272 qua
389 5207 582 5274 proles
619 5210 784 5282 regia

1271 4069 1386 4124 Ubi
1413 4086 1555 4126 vero
1584 4072 1823 4127 inclitus

1266 4159 1419 4213 Obiit
1448 4162 1798 4230 avunculus,

1191 4295 1194 4300 .
1268 4247 1615 4302 Balduinum
1645 4249 1832 4319 patrio

1267 4333 1535 4388 Statuunt
1564 4336 1624 4388 in
1657 4337 1828 4390 solio.

1265 4597 1468 4651 Cultor
1495 4613 1622 4653 suae
1652 4599 1876 4668 patriae,

1267 4685 1473 4739 Hostis
1504 4686 1585 4756 inj
1595 4687 1830 4741 ustitiae.

1267 4771 1473 4827 Morbo
1501 4773 1816 4828 insanabili

1267 5211 1469 5284 Viguit
1498 5209 1701 5264 militia
1725 5228 1741 5277 ;

1271 3985 1460 4052 Atque
1491 3996 1719 4038 morum
1754 3985 1944 4056 gratia

1268 4422 1379 4476 Hic
1411 4423 1622 4477 vicinis
1659 4424 1908 4494 regibus

1265 4510 1484 4564 Terror
1512 4509 1618 4565 fuit
1649 4513 1950 4580 omnibus,

1266 4857 1473 4913 Fracta
1507 4874 1684 4913 carne
1717 4858 1936 4930 fragili,

1266 4946 1458 5002 Sithiu
1488 4949 1550 5001 fit
1579 4947 1928 5015 monachus,

1269 5036 1337 5090 Et
1365 5035 1664 5091 successit
1691 5035 1960 5090 Carolus.

1264 5123 1390 5190 Quo
1422 5125 1709 5194 regnante
1722 5163 1737 5191 ,
1771 5121 2050 5180 Flandria

1929 3169 2167 3237 scriptis
2201 3183 2684 3221 commemorare.
2709 3168 2899 3235 Super
2928 3166 3112 3236 hujus
3136 3162 3369 3218 comitis
3403 3165 3591 3216 morte

1927 3257 2090 3311 multi
2124 3257 2300 3310 multa
2333 3256 2590 3309 carmina
2619 3256 2800 3310 ﬂebili
2824 3270 2968 3308 voce
3001 3253 3245 3307 finxere.
3271 3250 3353 3304 De
3370 3249 3590 3319 quibus

1927 3345 2254 3399 monachus
2289 3361 2442 3398 unus
2475 3344 2729 3415 lugubre
2759 3358 3016 3411 carmen,
3051 3341 3158 3393 sed
3190 3338 3472 3392 memoria
3504 3337 3590 3391 di-

1927 3450 2127 3504 gnum,
2153 3433 2413 3487 metricis
2445 3433 2724 3486 versibus
2758 3432 3108 3500 composuit,
3152 3427 3307 3499 quod
3351 3443 3464 3480 nos
3515 3427 3590 3480 ob

1925 3522 2184 3576 auctoris
2206 3521 2439 3591 laudem
2469 3526 2523 3575 et
2554 3520 2792 3576 lectoris
2825 3519 3270 3574 admirationem
3288 3515 3384 3568 hic
3415 3514 3590 3569 etiam

1926 3610 2194 3664 inserere
2226 3609 2567 3663 curavimus
2595 3627 2605 3662 :

2395 3785 2581 3876 Ctijus
2615 3805 2727 3858 sub
2759 3803 3006 3873 imperio

2397 3891 2623 3948 Floruit
2654 3891 2886 3962 religio.

2396 3981 2575 4036 Auxit
2603 3983 2828 4048 patrum
2862 3977 3133 4048 gloriam,

2395 4069 2685 4124 Comitum
2714 4066 3051 4136 potentiam.

2397 4155 2686 4209 Plui-imas
2706 4153 3173 4207 Flandrensibus

2396 4242 2618 4298 Terras
2643 4241 2838 4312 junxit
2866 4241 3108 4293 ﬁnibus.

2396 4330 2545 4396 Heu,
2563 4329 2677 4382 heu
2698 4326 2711 4383 l
2733 4342 2943 4399 magne
2960 4323 3244 4389 marehio,

2399 4416 2586 4488 Digne
2616 4415 2786 4486 regni
2815 4415 2988 4468 solio.

2396 4502 2606 4557 Forma
2636 4503 2814 4575 digna
2847 4502 3134 4572 principe,

2396 4591 2586 4663 Digna
2612 4593 2771 4648 tanto
2801 4587 3067 4645 nomine!

2397 4683 2547 4750 Heu,
2579 4682 2747 4750 pater
2777 4675 3070 4742 ecclesiae,

2397 4770 2632 4824 Nostrae
2655 4769 2838 4821 decus
2864 4761 3177 4829 Flandriae,

2397 4859 2566 4913 Ultor
2596 4854 2902 4927 injustitiae

2397 4945 2468 4999 Et
2495 4945 2794 4998 munimen
2821 4939 3104 5004 Franciaa,

2397 5033 2528 5086 Dux
2556 5033 2844 5086 bonorum
2875 5026 3138 5097 previus,

2396 5117 2551 5173 Cleri
2581 5117 2860 5172 defensor
2890 5113 3048 5183 pius,

2396 5204 2821 5262 Monaehorum
2852 5201 3101 5272 clipeus,

1450 5375 1746 5439 VARI/E
1778 5375 2266 5456 LECTIONES.

243 5524 305 5570 ³91
331 5531 526 5592 Gravis
547 5552 671 5608 cop.
747 5533 829 5580 393
854 5536 1096 5592 MCXIII
1126 5536 1308 5610 copia.

1717 5662 2024 5724 NOTAE:-

250 5817 373 5887 (534)
402 5820 477 5877 De
502 5823 879 5879 Crévecceur.
915 5822 1000 5877 Ls
1029 5821 1214 5881 Gen.

1933 5821 2080 5895 (535)
2109 5820 2465 5876 Ostiensem.
