4058 6182
333 376 453 442 283

337 579 554 634 Terror
579 579 753 634 malis
783 576 1089 634 omnibus!

336 669 418 722 Te
448 666 833 722 Flandrorum
874 667 1084 721 comite
1099 708 1115 737 ,

334 755 730 821 Quiescebant
760 756 1008 823 semitm,

335 845 461 899 Nec
492 844 746 898 audebat
781 844 915 914 quis
958 846 1117 899 tuam

335 931 702 986 Conturbare
731 932 996 1002 patriam.

334 1021 524 1076 Preda
553 1038 710 1075 nunc
741 1021 1048 1088 efﬁcimur,
1494 1013 1756 1085 Totaque
1785 1014 2004 1083 Sicilia,

335 1109 608 1180 Undique
638 1110 949 1180 diripimur

332 1196 425 1251 Fit
454 1203 690 1266 pastore
720 1201 949 1252 mortuo

331 1285 542 1339 Ovium
573 1286 840 1355 direptio.

331 1373 519 1428 Nemo
543 1374 771 1444 justum
804 1374 1073 1446 sequitur
1095 1417 1109 1445 ,

329 1460 568 1531 Paxque
608 1465 799 1516 tecum
844 1464 1108 1531 moritur,

328 1547 399 1601 Et
425 1549 705 1604 abscisso
725 1552 935 1621 capite,

325 1635 586 1690 Membra
618 1641 880 1709 pugnant
900 1638 1177 1708 undique.

325 1722 470 1776 Dole
486 1764 501 1789 ,
534 1723 747 1795 plange
764 1766 777 1793 ,
811 1724 1106 1794 Flandria,

324 1807 503 1871 Quasi
536 1815 763 1878 patrem
792 1811 931 1865 tilia.

323 1895 498 1949 Nulla
530 1901 668 1951 sunt
697 1899 924 1967 solatia,

325 1983 484 2038 Perit
512 1988 609 2038 tua
639 1986 847 2057 gloria.

325 2072 417 2125 Ad
444 2072 763 2128 lamentum
796 2091 1057 2130 convoca

322 2159 585 2231 Quaque
614 2179 799 2234 regna
817 2165 1104 2235 proxima,

324 2246 394 2300 Et
424 2248 497 2301 ad
516 2252 613 2303 tua
643 2249 851 2305 funera

320 2334 601 2390 Planctus
629 2338 826 2406 pulset
860 2339 1101 2397 aethera.

320 2420 468 2476 Cum
494 2423 634 2478 facit
655 2425 969 2498 justitiam,

323 2511 548 2567 Passus
579 2519 671 2568 est
701 2516 1002 2587 invidiam,
1208 2590 1213 2591 γ

318 2596 390 2651 Et
418 2614 525 2668 pro
566 2617 747 2656 causa
780 2619 1101 2674 pauperum

318 2686 565 2742 Pertulit
594 2692 923 2747 martirium

319 2772 480 2845 Ergo
508 2792 616 2845 pro
642 2776 872 2848 justitia

317 2859 648 2919 Coronatur
676 2868 864 2938 gloria
890 2888 903 2934 ;

318 2948 390 3003 Et
413 2949 733 3008 lwtandum
767 2958 981 3028 potius,

316 3034 432 3091 Sed
444 3040 636 3095 tamen
649 3059 767 3097 non
778 3060 1122 3113 possumus.

315 3123 487 3196 Cogit
515 3144 627 3184 nos
660 3132 937 3188 continuo

315 3209 486 3266 Flere
518 3213 825 3287 desolatio,

312 3296 499 3368 Cujus
532 3302 591 3356 in
619 3305 887 3361 absentia

310 3384 745 3446 Conturbantur
771 3396 986 3450 omnia.

310 3471 481 3529 Flent
510 3483 727 3545 pontus
759 3486 816 3537 et
845 3485 1062 3555 Anglia

311 3558 571 3632 Totaque
602 3565 983 3639 Normannia,

310 3644 392 3698 Te
420 3644 501 3728 393
515 3648 650 3717 plus
683 3653 798 3723 his,
823 3670 856 3709 o
884 3654 1162 3728 Francia,

309 3731 426 3787 Sed
449 3737 643 3793 minus
662 3756 835 3811 quam
868 3742 1161 3800 Flandria.

1206 377 1571 440 APPEND.
1616 377 1730 439 AD
1777 377 2051 439 GESTA
2096 376 2357 439 EPISC.
2404 376 2842 440 CAMERAC.

1496 576 1794 646 Flandria,
1828 581 1885 632 tu
1909 578 2146 647 misera,

1496 665 1617 721 Tua
1651 666 1828 721 tunde
1857 670 2114 736 pectora,

1494 751 1709 807 Scinde
1733 770 1919 825 genas
1950 754 2272 826 unguibus,

1496 840 1703 911 Neque
1732 858 1943 912 parcas
1972 842 2228 896 ﬂetibus.

1496 925 1647 980 Hinc
1677 928 1833 982 dolet
1864 927 2027 981 Italia

1492 1102 1769 1174 Duraque
1799 1102 2111 1158 Germania

1492 1192 1683 1262 Atque
1716 1190 2119 1261 Lotharingia.

1492 1280 1710 1333 Nostra
1739 1294 1874 1333 nam
1901 1278 2142 1332 miseria

1490 1369 1690 1425 Terrae
1721 1368 1916 1438 pulsat
1946 1367 2165 1436 intima,

1491 1457 1774 1528 Doletque
1808 1471 1941 1509 cum
1971 1455 2148 1509 Dacia

1491 1546 1677 1600 Thule
1710 1544 2126 1599 remotissima.

1489 1635 1766 1691 Glacialis
1800 1632 2083 1700 Rhodope

1488 1726 1693 1795 Stupet
1724 1724 1880 1777 tanto
1914 1720 2161 1774 scelere.

1487 1813 1847 1881 Geticusque
1877 1809 2140 1862 Ismarus

1488 1901 1560 1954 Et
1588 1900 1829 1954 exclusa
1860 1897 2211 1967 Bosphorus

1490 1989 1714 2056 Ploret,
1750 1991 1805 2041 et
1837 1987 2120 2056 Hispania

1489 2078 1521 2132 J
1526 2079 1700 2131 uncta
1730 2093 1863 2131 cum
1893 2075 2114 2129 Galatia
2137 2093 2151 2141 ;

1490 2165 1613 2219 Nec
1645 2166 1873 2218 laetetur
1901 2163 2148 2231 Graecia,

1487 2250 1861 2306 Lacrimante
1892 2249 2071 2303 Fland
2082 2251 2184 2303 ria.

1485 2340 1532 2394 Ο
1549 2338 1952 2393 Flandrenses
1982 2337 2208 2390 miseri.

1488 2427 1663 2482 Porta
1696 2428 1903 2495 patens
1935 2422 2112 2477 inferi

1486 2514 1744 2567 Devoret
1777 2526 1884 2565 vos
1907 2510 2164 2580 penitus,

1487 2600 1613 2654 Nec
1645 2601 1875 2653 evomat
1904 2597 2181 2666 amplius.

1484 2685 1626 2751 Quae
1656 2700 1787 2754 vos,
1822 2684 2002 2751 servi,
2038 2683 2189 2737 furia

1485 2770 1776 2840 Compulit
1805 2769 1876 2823 ad
1909 2769 2044 2823 talia
2059 2770 2086 2822 ‘?

1484 2858 1648 2913 Sicut
1668 2857 1700 2911 J
1710 2856 1855 2910 udas
1885 2856 2190 2925 proprium

1485 2944 1839 3001 Tradidistis
1871 2943 2195 2997 dominum.

1483 3033 1787 3105 Superatis
1812 3032 2058 3086 nimium

1482 3124 1738 3179 Facinus
1771 3119 2178 3190 Lemniadum,

1482 3211 1783 3280 Danaique
1814 3209 2020 3263 funera

1482 3278 1706 3356 Vestra
1725 3297 1966 3350 vincunt
2012 3278 2263 3350 scelera.

1482 3388 1642 3460 Ergo
1675 3386 1844 3441 Judze
1874 3384 2085 3453 perditi

1483 3474 1644 3531 Facti
1675 3470 1823 3526 estis
1856 3469 2001 3523 socii
2030 3484 2045 3539 ;

1482 3563 1697 3618 Secum
1726 3560 1786 3612 in
1815 3556 2115 3626 supplicio

1484 3650 1613 3703 Vox
1642 3649 1945 3715 exspectat
1966 3642 2197 3698 mansio
2222 3662 2236 3710 ;

1484 3739 1665 3793 Immo
1690 3749 1845 3805 pene
1878 3733 2160 3787 miserum

2617 577 2870 632 Fecistis
2901 578 3224 634 innoxium.

2615 665 2880 719 Tradens
2894 665 3046 720 enim
3063 666 3395 735 Dominum,

2616 753 2819 823 Implet
2850 754 3207 823 vaticinium,

2616 837 2814 894 Multis
2846 842 3061 912 quippe
3092 842 3328 912 profuit,

2614 928 2925 983 Dominum
2943 931 3099 1000 quod
3122 932 3386 997 tradidit;

2614 1016 2728 1072 Sed
2758 1021 2956 1072 vestra
2984 1020 3215 1073 traditio

2613 1104 2812 1159 Multis
2844 1110 2937 1159 est
2964 1107 3234 1176 perditio.

2612 1192 2773 1249 Fecit
2806 1210 2949 1267 ergo
2980 1197 3221 1250 nescius

2611 1279 2774 1344 Quod
2789 1282 3101 1351 prodesset
3117 1282 3389 1351 pluribus

2611 1366 2726 1422 Sed
2755 1373 2952 1424 vestra
2983 1371 3223 1424 vesania

2610 1456 2808 1510 Multis
2839 1458 2951 1510 erit
2981 1458 3174 1512 noxia.

2607 1543 2747 1608 Quae
2772 1544 2895 1615 jam
2926 1548 3128 1599 vestro
3173 1546 3389 1601 sceleri

2607 1631 2785 1687 Pmna
2819 1636 3009 1703 possit
3041 1634 3166 1688 ﬁeri

2605 1719 2883 1784 Quaerere
2912 1739 3028 1776 non
3059 1723 3285 1792 desino,

2605 1808 2728 1862 Nec
2761 1814 2954 1864 tamen
2984 1812 3241 1866 invenio.

2604 1895 2735 1950 Non
2766 1900 2858 1952 est
2887 1901 3001 1952 tam
3022 1900 3313 1971 sacrilego

2604 1980 2782 2038 Pinna
2815 1984 2991 2053 digna
3024 1986 3260 2055 populo.

2602 2071 2723 2126 Vos
2756 2074 3065 2141 expectant
3096 2073 3289 2127 omnia

2600 2159 3047 2213 Tormentorum
3080 2176 3297 2231 genera
3322 2180 3333 2216 :

2600 2247 2878 2301 Tantalus
2901 2253 3189 2319 purgatus
3220 2254 3344 2313 est;

2601 2336 2813 2391 Vester
2842 2336 2977 2406 ejus
3008 2338 3176 2393 locus
3207 2340 3318 2392 est.

2600 2423 2670 2477 Et
2700 2427 3013 2479 nocentum
3044 2426 3278 2496 agmina

2598 2510 2824 2566 Cedunt
2854 2512 3027 2566 vobis
3059 2514 3272 2568 omnia.

2598 2599 2765 2653 Ixion
2786 2597 2913 2669 jam
2942 2600 3106 2654 exilit
3131 2615 3145 2668 ς

2601 2687 2809 2740 Rotam
2842 2687 3014 2741 vobis
3044 2687 3297 2757 deserit;

2598 2774 2936 2845 Saxumque
2960 2775 3216 2829 volubile

2599 2862 2719 2917 Vos
2743 2866 2969 2932 oportet
2996 2862 3258 2918 volvere.

2598 2948 2803 3020 Stupet
2842 2951 3038 3004 mundi
3069 2951 3338 3005 machina
3363 2968 3376 3017 ;

2598 3036 2819 3091 Pavent
2850 3037 2998 3091 Ditis
3027 3036 3222 3091 abdita
3242 3053 3256 3107 ;

2599 3124 2855 3177 Horrent
2885 3124 3021 3177 οωιί
3052 3124 3251 3178 sidera

2598 3212 2741 3265 Tam
2769 3211 3017 3266 nefanda
3052 3214 3304 3266 scelera.

2599 3299 2669 3354 Et
2698 3315 2808 3354 nos
2841 3300 3329 3355 exhorrescimus

2599 3387 2767 3442 Unde
2798 3388 2973 3442 tinem
3004 3389 3279 3443 facimus.

2597 3476 2685 3530 Ne
2715 3476 3069 3531 sordescant
3098 3478 3319 3532 saecula

2596 3566 2823 3621 Talium
2853 3565 3154 3621 memoria.

378 3878 467 3932 85.
502 3878 588 3934 De
616 3882 931 3938 comitibus
960 3883 1280 3941 Flandria.
1316 3883 1443 3938 Hoc
1481 3883 1559 3936 ita
1610 3879 1802 3946 finito,
1836 3877 1971 3945 post
1999 3855 2058 3917 Α
2085 3882 2404 3954 episcopus
2433 3884 2837 3952 Burchardus,
2872 3887 3257 3954 posteaquam
3287 3882 3547 3938 sedecim
3568 3882 3744 3935 annis

308 3966 685 4022 multimodas
717 3972 919 4039 patriae
949 3973 1587 4043 perburbationes,rex
1607 3969 1969 4023 Francorum

308 4053 578 4109 Atrebati
625 4060 875 4114 veniens
924 4061 1042 4129 (an.
1088 4062 1246 4132 1127,
1293 4062 1476 4129 Mart,
1527 4058 1639 4126 ΞΟ),
1685 4056 1968 4127 juvenem

308 4143 599 4213 quendam
617 4147 1010 4203 nobilissimae
1030 4149 1266 4217 indolis,
1289 4148 1651 4203 Willelmum
1673 4145 1968 4199 Norman-

304 4246 465 4298 num,
479 4228 719 4288 Roberti
735 4237 966 4292 comitis
982 4237 1457 4292 Normannorum
1471 4236 1789 4304 fratrisque
1804 4231 1967 4302 regis

304 4320 633 4391 Anglorum
665 4323 867 4393 ﬁlium,
903 4325 1174 4380 comitem
1197 4325 1490 4379 Flandriae
1515 4321 1836 4377 constituit.
1857 4318 1965 4382 Qui

303 4423 419 4462 non
450 4409 631 4464 multo
680 4416 833 4480 post,
877 4430 1010 4467 cum
1058 4414 1307 4467 viriliter
1356 4415 1558 4467 contra
1609 4410 1966 4464 resistentes

302 4501 510 4567 ageret
540 4502 595 4552 et
625 4500 933 4554 castellum
964 4502 1257 4571 quoddam
1288 4499 1437 4569 (536)
1469 4499 1584 4553 sibi
1620 4510 1965 4567 repugnans

303 4585 613 4641 obsidione
642 4590 810 4660 gravi
832 4591 1208 4660 opprimeret,
1241 4590 1438 4644 subito
1489 4587 1687 4642 lethali
1718 4586 1963 4639 vulnere

301 4672 363 4726 in
401 4690 577 4730 manu
608 4679 870 4747 accepto,
901 4678 1019 4732 vita
1050 4679 1313 4748 privatur
1341 4678 1460 4745 (an.
1492 4672 1683 4744 1128),
1716 4676 1774 4727 et
1809 4673 1960 4743 apud

301 4760 582 4817 Sanctum
611 4764 913 4820 Bertinum
943 4782 1062 4821 non
1093 4766 1224 4820 sine
1256 4780 1470 4836 magno
1494 4763 1696 4819 dolore
1715 4775 1962 4815 suorum

307 4864 441 4903 cum
472 4851 709 4920 planctu
737 4855 910 4908 etiam
942 4854 1203 4909 hostium
1251 4854 1559 4924 sepelitur.
1612 4851 1756 4905 Post
1804 4850 1961 4904 hunc

301 4936 710 4995 Theodoricus
743 4942 981 5012 quidam
1024 4943 1097 4997 de
1140 4942 1350 5011 Alsait,
1400 4940 1474 4996 de
1520 4954 1739 5012 genere
1785 4936 1960 4991 Flan-

302 5026 610 5081 drensium
643 5031 937 5101 comitum,
972 5032 1071 5103 qui
1100 5031 1223 5103 jam
1269 5032 1498 5102 aliquas
1534 5031 1735 5099 partes
1784 5025 1960 5080 Flan-

299 5114 444 5168 driae
476 5115 594 5171 sibi
638 5118 1058 5190 vindicaverat,
1105 5136 1174 5175 eo
1221 5123 1473 5187 mortuo,
1525 5121 1703 5172 totam
1743 5118 1960 5169 terram

300 5206 592 5275 possedit,
624 5224 692 5262 ac
724 5208 812 5263 sic
836 5209 1070 5263 demum
1101 5208 1377 5263 Flandria
1408 5207 1651 5277 quievit.

366 5291 455 5348 36.
485 5294 577 5349 De
607 5296 771 5351 obitu
800 5296 998 5350 damni
1016 5296 1359 5352 Burchardi
1380 5294 1660 5367 episcopi.
1696 5295 1958 5349 Domnus

2080 3968 2574 4030 Cameracensem
2604 3974 2919 4028 ecclesiam
2963 3972 3130 4041 rexit,
3183 3988 3335 4026 anno
3368 3972 3471 4026 Dei
3511 3970 3742 4025 Christi

2081 4058 2237 4129 11°29,
2270 4063 2458 4130 pridie
2487 4063 2691 4117 Nonas
2722 4061 2987 4115 Januarii
3018 4061 3136 4114 vita
3168 4060 3486 4128 excedens,
3517 4059 3576 4112 in
3607 4074 3738 4113 mo-

2079 4150 2340 4204 nasterio
2371 4155 2595 4207 sanctae
2624 4149 2826 4204 Mariae
2858 4148 3164 4219 sepelitur.
3206 4147 3276 4201 Et
3306 4151 3442 4217 post
3471 4163 3605 4201 eum
3636 4162 3744 4201 ec-

2080 4237 2261 4292 clesia
2310 4240 2440 4308 ipsa
2479 4239 2788 4294 mensibus
2820 4236 3156 4308 quindecim
3198 4235 3521 4307 episcopali
3552 4235 3748 4291 caruit

2078 4325 2607 4382 administratione.

2145 4413 2235 4468 37.
2257 4415 2345 4469 De
2366 4415 2442 4470 ad
2451 4421 2628 4470 ventu
2653 4414 2936 4485 Gregorii
2954 4413 3016 4467 in
3029 4413 3180 4467 118120
3204 4419 3445 4467 terram.
3462 4414 3595 4483 Ipso
3619 4429 3740 4484 quo

2075 4517 2190 4571 que
2219 4505 2483 4572 tempore
2519 4503 2843 4557 Honorium
2863 4517 3092 4572 papam,
3114 4503 3319 4556 Romae
3340 4506 3513 4556 noctu
3535 4502 3744 4557 defun-

2077 4592 2233 4643 ctum
2253 4591 2370 4660 (an.
2398 4590 2554 4645 1130.
2570 4590 2759 4645 Febr.
2778 4590 2889 4658 t4),
2911 4605 3047 4659 pars
3062 4590 3331 4660 quaedam
3350 4591 3739 4646 cardinalium

2073 4693 2211 4732 mox
2238 4677 2298 4731 in
2330 4678 2460 4748 ipso
2493 4678 2848 4749 crepusculo
2870 4677 3022 4732 lucis
3056 4677 3226 4748 quasi
3245 4678 3459 4733 furtive
3482 4680 3737 4749 sepelie-

2072 4770 2228 4834 runt,
2262 4768 2319 4820 et
2347 4782 2525 4822 unum
2573 4783 2646 4821 ex
2676 4766 2827 4835 suis,
2860 4764 3232 4836 Gregorium,
3267 4781 3442 4837 quem
3474 4769 3531 4821 et
3560 4767 3740 4821 Inno-

2073 4855 2328 4909 centium
2359 4858 2740 4923 vocaverunt,
2790 4855 2851 4908 in
2899 4853 3177 4907 cathedra
3212 4855 3471 4908 Romana
3502 4857 3736 4910 consti-

2069 4948 2238 4997 tuunt
2253 4943 2465 5013 (Febr.
2485 4942 2598 5015 15).
2620 4942 2790 5009 Quod
2811 4941 2910 4996 ubi
2932 4941 3264 4995 cardinales
3280 4944 3459 4997 ceteri
3472 4959 3733 5015 parsque

2070 5032 2289 5086 civium
2302 5034 2735 5102 compererunt,
2751 5030 2963 5100 raptim
2980 5031 3422 5109 convenientes,
3439 5033 3736 5101 sepultum

2069 5136 2287 5189 corpus
2301 5118 2607 5190 effodiunt,
2623 5135 2691 5173 ac
2704 5118 2899 5173 debita
2912 5117 3140 5172 funeris
3154 5119 3350 5172 officia
3364 5120 3732 5189 complentes

2068 5207 2392 5277 apostolico
2425 5224 2589 5263 more
2617 5208 2808 5262 denuo
2833 5206 3160 5277 sepeliant;
3195 5223 3264 5260 ac
3293 5206 3505 5262 deinde
3544 5224 3730 5264 unum

2064 5310 2137 5349 ex
2167 5297 2296 5350 suis
2327 5296 2554 5351 scilicet
2583 5296 2823 5351 Petrum
2851 5295 3089 5363 Leonis,
3126 5297 3732 5365 quemetAnacletum

1599 5436 1893 5497 VARIIE
1937 5436 2304 5499 LECTION
2313 5438 2436 5500 ES.

364 5538 444 5585 393
480 5542 642 5615 Lege
669 5542 778 5597 Tu.

1888 5647 2144 5712 ΝΟΤΑΞ

365 5746 515 5821 (536)
535 5750 722 5809 Αιοιῑ.
