4086 6180
383 369 505 439 w
532 436 579 475 iis

1312 369 1798 453 GODEFREDI
1844 367 2442 467 STABULENSIS‘
2463 366 2880 459 MQNACIII.

3692 366 3818 433 288

384 569 580 649 minus
600 570 817 645 milites
851 569 922 624 de
955 568 1170 638 templo
1201 584 1232 622 a
1254 567 1601 623 Sarracenis
1632 569 1795 622 trans
1828 568 2042 621 flumen
2070 554 2125 614 A
2151 567 2338 620 seculi
2368 570 2601 637 tempus
2632 566 3369 637 humanaeinvestagationi
3386 566 3673 621 incertum
3691 571 3809 628 est.

384 672 524 713 esse
542 646 916 728 peremptos.
942 657 1068 712 Nec
1091 650 1322 726 mirum,
1350 658 1401 710 si
1419 657 1477 710 in
1500 672 1743 711 suorum
1762 656 2048 710 membro-

393 761 527 801 rum
556 745 859 800 occisione
888 746 1176 815 placuerit
1199 745 1320 801 Deo
1342 745 1622 800 tenebras
1647 744 1861 797 mundo
1892 744 2053 797 indu-

385 849 543 898 cere,
577 834 639 888 in
662 833 837 905 cujus
860 836 1046 888 morte
1060 833 1249 888 solem
1267 838 1320 888 et
1353 837 1535 887 totum
1558 833 1837 887 mundum
1869 847 2049 886 cons-

391 924 471 976 tat
500 920 947 976 obtenebratum
979 921 1189 976 fuisse.

462 1008 550 1064 42.
589 1008 806 1082 Operis
841 1011 1170 1081 peroratio,
1211 1009 1383 1064 Fiunt
1431 1010 1626 1081 itaque
1683 1008 1756 1062 ab
1807 1008 2050 1064 exordio

384 1098 586 1153 mundi
608 1113 798 1169 usque
829 1099 889 1151 in
910 1102 1246 1167 presentem
1277 1114 1512 1167 annum,
1537 1097 1639 1169 qui
1660 1101 1752 1152 est
1773 1098 1846 1151 ab
1869 1098 2053 1150 incar-

385 1186 621 1241 natione
654 1185 884 1240 Domini
904 1186 1093 1240 113808
1115 1202 1305 1241 annus
1320 1187 1857 1241 decennovennalis
1876 1184 2046 1256 cycli,

387 1260 639 1329 Romani
668 1274 897 1341 imperii
919 1278 1181 1342 ceptrum
1214 1279 1445 1328 tenente
1478 1274 1780 1345 Luthario,
1815 1274 1874 1327 in
1906 1274 2049 1328 sede

389 1362 712 1431 apostolica
752 1361 1179 1416 dissidentibus
1209 1362 1498 1433 Gregorio
1516 1364 1670 1417 dicto
1689 1363 2047 1431 Innocentio,

386 1453 442 1504 et
462 1450 634 1504 Petro
650 1449 1259 1518 Leonis,Francorum
1276 1466 1417 1522 rege
1431 1450 2049 1519 Ludovico,Rainoldo

382 1536 663 1592 Remensi
705 1537 1173 1607 archiepiscopo,
1205 1539 1418 1594 domno
1452 1539 1748 1593 Liettardo
1775 1538 2049 1593 Camera-

382 1626 547 1681 censi
577 1624 860 1696 episcopo
877 1656 948 1665 —
969 1625 1112 1680 ﬁunt
1130 1627 1367 1697 inquam
1390 1628 1525 1681 anni
1543 1627 1702 1682 6227.
1723 1626 2049 1682 Residuum

2154 644 2397 708 Omnem
2437 655 2592 709 enim
2641 654 2713 709 de
2761 654 2873 708 hac
2925 669 2990 708 re
3039 654 3479 725 inquisitionem
3534 655 3806 710 dominus

2152 743 2333 797 Jesus
2363 743 2604 797 abstulit
2639 743 2844 797 dicens
2878 758 2890 797 :
2928 765 2950 789 α
2988 743 3118 797 Non
3161 747 3252 797 est
3307 746 3574 797 vestrum
3625 759 3808 799 nosse

2151 834 2413 900 tempora
2439 832 2527 884 vel
2546 835 2837 886 momenta
2861 847 2994 902 quae
3024 835 3190 901 pater
3216 832 3415 900 posuit
3442 833 3503 885 in
3521 847 3627 886 sua
3642 835 3813 903 pote-

2154 924 2302 973 state
2333 920 2488 990 (Act.
2510 921 2559 989 1,
2593 920 2670 991 Ἷ).
2708 944 2729 968 ι»
2780 920 2850 974 Et
2881 920 3018 973 alibi
3046 936 3057 972 :
3099 942 3119 965 «ι
3147 920 3229 973 De
3257 921 3351 974 die
3381 924 3573 974 autem
3594 920 3695 974 illa
3754 923 3816 975 et

2152 1008 2299 1062 hora
2329 1024 2501 1063 nemo
2535 1009 2666 1077 scit,
2698 1023 2890 1079 neque
2918 1008 3114 1079 angeli
3147 1007 3446 1075 caelorum,
3480 1010 3595 1063 nisi
3639 1010 3807 1063 solus

2151 1097 2562 1166 patcr(Matth.
2577 1096 2667 1167 24,
2685 1096 2800 1153 36).
2813 1117 2834 1147 ν
2857 1096 3325 1167 Uunusquisque
3339 1112 3484 1168 ergo
3496 1096 3568 1150 de
3583 1112 3691 1151 suo
3710 1113 3809 1151 co-

2152 1187 2296 1256 gitet
2327 1186 2593 1253 transitu,
2629 1185 2782 1239 sicut
2813 1200 2984 1239 sacra
3004 1184 3460 1254 Scripturadicit
3485 1200 3497 1238 :
3521 1205 3544 1232 σε
3580 1183 3641 1238 In
3671 1200 3805 1239 om-

2153 1274 2330 1328 nibus
2361 1274 2641 1344 operibus
2674 1275 2791 1328 tuis
2813 1288 3137 1327 memorare
3174 1272 3499 1326 novissima
3530 1275 3645 1341 tua,
3670 1276 3727 1326 et
3747 1274 3809 1325 in

2151 1367 2436 1417 internum
2473 1378 2589 1416 non
2648 1362 2925 1431 peccabis
2985 1360 3172 1430 (Eccl.
3206 1376 3305 1413 vn.
3359 1360 3471 1430 40).
3512 1384 3532 1407 »ι
3566 1360 3814 1424 Quando

2151 1453 2305 1505 enim
2336 1450 2746 1520 unusquisque
2778 1449 2851 1503 de
2881 1449 3104 1504 saeculo
3135 1450 3368 1520 migrat,
3404 1449 3637 1502 tuncilli
3668 1464 3812 1502 con-

2150 1538 2461 1593 summatio
2484 1537 2689 1591 saeculi
2720 1541 2831 1591 est.

383 1826 2941 1838 ——————————————————————————_—~r—f7‘777~
3156 1826 3163 1827 κ
3194 1826 3379 1828 κκκήκκ
3724 1826 3781 1828 κ-

1577 1992 1766 2035 CIRCA
1800 1992 2032 2035 ANNUM
2059 1991 2287 2036 DOMIN!
2314 1991 2606 2034 MLXXXV.

1260 2162 2924 2357 GODEFBEDUS

1524 2400 2102 2464 STABULENSlS
2148 2399 2646 2463 MONACHUS.

1198 2753 1559 2830 NO’l‘l'l‘A
1627 2750 2152 2832 HISTORICA
2225 2750 2320 2826 IN
2377 2750 3048 2864 GODEFBEDUM

377 2940 866 3010 (Cmrrnnvxnnn,
903 2940 1015 3005 Qui
1049 2948 1219 3013 gesta
1234 2939 1571 3013 pontiﬁcum
1609 2940 2058 3015 Tungrensiutn,
2100 2939 2679 3015 Trajectensiung,ct
2711 2941 3128 2998 Leodiensium
3158 2943 3553 3015 scripserunt,
3594 2949 3801 2998 aucto-

638 3024 641 3029 '
738 3025 763 3041 η
1054 3010 1069 3013 ⁷
1234 3010 1249 3013 ⁷
1613 3026 1716 3066 res
1734 3010 2058 3082 “praecipui,
2094 3023 2110 3064 ε

2140 3010 2229 3080 Lc.',
2266 3011 2337 3081 11,
2368 3010 2654 3079 516-575.)
2752 3050 2757 3059 .

441 3320 668 3395 Auctor
689 3320 971 3395 triumphi
992 3319 1055 3374 S.
1079 3319 1341 3395 Remacli
1367 3320 1441 3395 de
1471 3321 2015 3395 Malmundariensi
2043 3322 2306 3395 ctenobio
2327 3323 2438 3377 fuit
2468 3323 2789 3395 religiosus
2809 3324 3042 3379 ordinis
3063 3325 3125 3379 S.
3158 3325 3476 3380 Benedicti
3496 3324 3796 3379 Monaste-

372 3390 457 3444 rii
485 3388 886 3459 Stabulensis,
915 3396 974 3443 ut
996 3406 1074 3445 ex
1088 3391 1337 3515 grologo
1367 3390 1472 3444 lib.
1506 3408 1566 3458 ιι,
1596 3399 1779 3461 patet,
1813 3393 1906 3445 vir
1938 3393 1997 3445 in
2026 3395 2229 3447 sacris
2250 3394 2480 3448 litteris
2514 3388 2805 3449 eruditus.
2841 3401 2903 3449 ut
2935 3397 3128 3451 cuivis
3156 3397 3282 3451 haec
3309 3396 3534 3466 legenti
3573 3395 3786 3449 videre

373 3460 780 3515 estl'Scrinsit
807 3461 960 3514 hunc
989 3460 1052 3513 S.
1143 3462 1352 3514 emacli
1381 3462 1455 3515 de
1470 3461 1904 3515 Melmundario
1933 3462 2308 3515 Triumphum
2338 3471 2613 3515 accurate
2645 3472 2703 3515 et
2737 3464 3017 3515 ﬁdeliter.
3056 3473 3116 3515 ιιι
3146 3473 3276 3515 note
3308 3470 3406 3515 nui
3435 3467 3617 3515 rebus
3639 3466 3699 3515 in
3721 3481 3786 3515 ec

373 3462 485 3516 est:
502 3470 505 3473 '
520 3460 780 3529 Scripsit
807 3461 960 3514 hunc
989 3460 1052 3513 S.

1143 3462 1352 3537 cinae-Ii
1381 3461 2308 3537 de_.i_lelgz_2undario_Triumphum
2338 3471 2613 3537 accurate
2645 3472 2703 3519 et
2737 3464 3017 3537 ﬁdeliter,
3056 3473 3116 3520 ut
3140 3473 3276 3537 pote
3308 3461 3406 3537 qui
3433 3466 3699 3537 rebusin
3721 3481 3797 3520 eo

370 3530 802 3608 gestispartiin
817 3530 1114 3598 interfuit,
1133 3532 1418 3608 [Lauinia
1439 3532 1556 3608 [ide
1572 3530 2146 3608 diguis_auc_11vi_t_,qut'
2174 3536 2303 3606 ipse
2324 3535 2399 3589 de
2429 3551 2493 3589 se
2526 3542 2802 3606 testatur,
2837 3536 2942 3591 Iib.
2978 3530 3015 3605 1,
3038 3530 3161 3608 εειρῖ
3190 3538 3275 3607 18,
3304 3530 3378 3601 26
3412 3546 3470 3593 et
3502 3536 3671 3593 alibi.

445 3599 683 3654 Floruit
713 3601 874 3654 circa
906 3617 1117 3654 annum
1134 3599 1462 3656 Dominicae
1493 3599 1928 3657 incarnationis
1956 3603 2116 3659 1085.

441 3669 884 3753 Desumpsimus
910 3670 1017 3725 hoc
1046 3671 1332 3743 scriptum
1355 3686 1434 3727 ex
1456 3678 1683 3728 vetusto
1714 3690 1822 3727 ωε.
1856 3674 2078 3729 codice.
2111 3676 2464 3730 monasterii
2492 3674 2893 3731 Stabulensis.

727 4007 1824 4166 TBIUMPHUS
1897 4008 2551 4162 SANCTI
2638 4011 3442 4203 BEMACLI

1374 4260 1484 4321 DE
1531 4261 2308 4323 MALMUNDARIENSI
2355 4261 2784 4324 CCENOBIO.

378 4424 742 4439 -—-—-———~

997 4524 1550 4630 PROLOGUS
1605 4523 2139 4667 TRIUM'PHI
2162 4656 2167 4661 ε
2206 4524 2581 4629 SANGTI
2644 4527 3193 4634 REMAGLL

437 4806 743 4864 Fratribus
788 4808 1191 4865 Ecclesiarum
1232 4809 1356 4879 Dei,
1403 4824 1537 4880 quae
1584 4812 1722 4863 sunt
1761 4808 1821 4862 in
1867 4807 2009 4861 orbe
2048 4804 2103 4867 B
2134 4807 3788 4886 tisejusdempatroninostriRemacliintervenientibus,

367 4895 648 4967 Romano,
674 4894 888 4953 fratres
919 4897 1326 4969 Stabulenses,
1354 4898 1601 4953 salutem
1620 4901 1677 4952 et
1705 4911 1909 4967 pacem
1929 4897 2024 4953 bo-

363 4999 498 5061 nam
520 5000 595 5039 ex
621 4986 838 5041 animo.
1314 4988 1319 4995 ’

437 5072 742 5147 Regnante
793 5075 1047 5131 Henrico
1086 5076 1183 5147 IV,
1216 5080 1447 5147 postea'
1469 5077 1869 5131 Romanorum
1899 5074 2023 5127 Au-

361 5162 562 5231 gusto,
577 5176 728 5215 anno
743 5154 974 5217 Domini
989 5163 1121 5219 1071
1134 5164 1325 5237 ,regni
1336 5168 1529 5220 autem
1547 5166 1737 5236 ipsius
1751 5180 1903 5218 anno
1920 5178 2018 5234 xv,

360 5247 432 5302 de
451 5247 545 5302 his
563 5264 695 5320 qum
725 5266 867 5323 erga
899 5252 1005 5308 Dei
1026 5254 1435 5310 confessorem
1457 5254 1776 5310 almiiluum
1803 5256 2017 5309 Rema-

361 5334 536 5407 clum,
579 5355 808 5411 nosque
836 5338 970 5412 ejus
1000 5341 1337 5413 famulos,et
1368 5346 1562 5400 locum
1593 5347 1860 5399 nostrum
1891 5350 2021 5399 acta

361 5433 498 5482 sunt
534 5429 856 5484 scribimus
876 5431 1071 5501 vobis,
1107 5433 1539 5488 exsultantibus
1568 5435 1783 5488 animis
1814 5434 1873 5487 in
1903 5434 2020 5489 Do-

359 5518 539 5588 mino,
572 5535 705 5574 cum
733 5520 982 5575 antehac
1013 5521 1250 5593 quidem
1281 5522 1599 5594 utrobique
1635 5523 1794 5578 intus
1822 5526 1884 5577 'et
1910 5534 2020 5577 ex-

358 5606 448 5659 tra
474 5607 798 5687 vehemens
829 5608 1162 5665 incubuerit
1191 5611 1365 5667 nobis
1410 5610 1581 5666 dolor
1610 5613 1665 5665 et
1697 5612 2015 5666 tribulatio.

430 5694 548 5750 Sed
569 5696 641 5752 de
670 5696 765 5752 his
778 5699 1058 5781 omnibus
1089 5716 1123 5754 a
1152 5699 1273 5755 Deo
1298 5700 1613 5781 magnifice
1638 5700 1884 5767 liberati,
1901 5701 2019 5754 tam

360 5784 581 5841 vestris
595 5786 692 5858 qui
707 5776 1216 5859 compatiebamini
1234 5776 1620 5861 orationibus,
1644 5796 1821 5862 quam
1840 5790 2014 5845 meri-

2127 4900 2351 4969 gratias
2370 4901 2487 4970 ipsi
2502 4901 2847 4971 plenissime
2876 4903 3133 4974 agimus,
3165 4906 3382 4973 utpote
3413 4903 3516 4974 qui
3544 4905 3646 4957 tali
3675 4905 3789 4958 do-

2124 4987 2282 5041 mino
2312 4987 2538 5059 ﬁdeles,
2559 4990 2731 5044 malis
2747 5006 2986 5060 semper
3005 4992 3264 5061 obnoxii,
3290 5007 3479 5062 usque
3510 4992 3571 5045 in
3605 4991 3785 5046 tinem

2125 5090 2601 5143 perseveremus.

2195 5164 2400 5219 Acturi
2424 5165 2623 5236 igitur,
2656 5167 2920 5235 septenis
2940 5165 3143 5221 Idibus
3168 5167 3472 5237 Maiarum,
3507 5168 3791 5223 omnibus

2124 5255 2357 5308 aetatum
2375 5254 3464 5325 saccessionibus,commemorandam
3481 5256 3792 5311 celebrita-

2122 5346 2240 5395 tem
2268 5342 2451 5413 hujus
2479 5342 2695 5397 divinae
2735 5344 3113 5413 Operationis,
3146 5359 3280 5415 quae
3301 5344 3622 5398 manifeste
3654 5345 3787 5400 fieri

2124 5433 2251 5486 visa
2282 5437 2375 5488 est
2403 5432 2475 5487 ad
2507 5432 2790 5493 honorem
2818 5432 2958 5486 tanti
2992 5437 3049 5486 et
3084 5434 3526 5502 incomparandi
3556 5432 3787 5488 Christi

2122 5522 2511 5590 confessoris,
2571 5522 2812 5594 dignum
2868 5521 3143 5575 duximus
3173 5521 3702 5592 vobissigniﬁcare
3726 5524 3791 5577 ut

2121 5612 2178 5665 et
2207 5626 2315 5666 vos
2329 5626 2585 5682 quoque,
2617 5610 2671 5665 si
2687 5611 2896 5680 placet,
2928 5610 3124 5682 agatis
3153 5610 3310 5664 diem
3332 5609 3787 5682 gloriﬁcationis

2120 5698 2355 5769 habitae,
2380 5700 2437 5754 in
2458 5715 2574 5770 quo
2591 5698 3023 5769 beneplacitum
3055 5699 3162 5754 fuit
3193 5699 3314 5755 Deo
3338 5700 3398 5754 in
3419 5698 3634 5770 populo
3667 5714 3781 5753 suo

2119 5791 2316 5844 notam
2373 5789 2566 5845 facere
2624 5804 2790 5844 suam
2857 5788 3131 5845 virtutem
3188 5788 3375 5859 (Pauli
3424 5788 3645 5859 Lxxvi),
3720 5791 3785 5841 ut
