4086 6180
1166 293 1681 407 militaturus
1715 339 1780 400 s.
1819 291 2192 400 REMACL.
2219 290 2304 380 (λζ
2338 297 2819 396 PROL'ocUs.

3484 301 3494 332 ε
3510 291 3685 396 εὲ5290

280 507 388 602 sua:
414 546 592 618 gratia
641 544 920 598 exaltaret
963 511 1303 596 mansuetos
1349 541 1406 592 in
1439 539 1688 593 salutem
1717 535 1906 606 (Psal.
1937 505 2338 588 Alnobiscum
2395 532 2556 586 Deus
2613 529 3000 601 praedicatum
3052 526 3256 583 humili
3315 527 3684 600 simplicique

278 653 432 690 cxux
445 641 476 692 I.

342 725 527 793 Itaque
556 726 610 775 et
639 737 794 776 nunc
829 726 883 775 et
915 734 1150 788 semper
1181 717 1550 788 magnificate
1585 717 1768 770 Deum
1803 729 1910 769 no-

277 814 505 879 hiscum,
531 809 929 864 etcxaltemus
949 824 1159 862 nomen
1192 806 1324 876 ejus
1357 806 1414 858 in
1447 802 1909 873 idipsum(Psal.

279 902 487 968 χχχιιι),
505 900 601 969 qui
633 899 691 951 in
713 899 938 952 sanctis
957 898 1084 950 suis
1099 895 1234 965 jure
1253 894 1517 946 mirabiis
1537 892 1913 960 (Psalmxvn)

278 989 606 1060 praedicatur
655 988 712 1040 in
760 985 1066 1042 saeculum.
1097 984 1318 1037 Vellem
1367 983 1656 1052 siquidem
1690 982 1912 1034 nostris

277 1094 392 1131 eum
422 1081 711 1147 utcunque
759 1074 1033 1148 laudibus
1065 1071 1272 1126 efferre
1315 1086 1500 1141 super
1544 1070 1636 1122 his
1670 1070 1912 1122 mirabi-

277 1169 392 1233 lem,
423 1166 525 1219 sed
556 1164 868 1218 excellenti
922 1162 1110 1232 ipsius
1144 1160 1596 1231 magnitlcentia,
1631 1176 1743 1229 qua
1779 1159 1914 1212 fecit

278 1257 411 1308 hunc
439 1257 706 1307 sanctum
739 1252 896 1307 omni
937 1252 1150 1304 virtute
1183 1249 1726 1314 commendabilem,
1769 1264 1912 1301 nos-

277 1347 410 1396 trum
441 1342 592 1396 exile
625 1339 958 1394 succumbit
996 1338 1318 1408 ingenium.
1371 1337 1538 1390 Unde
1588 1337 1912 1406 efﬂagitan-

278 1430 398 1483 dum
413 1433 502 1482 est
515 1429 667 1498 erigi
686 1443 795 1481 nos
813 1427 884 1480 ab
899 1426 1088 1495 ipsius
1104 1426 1504 1494 coeperatoris
1519 1424 1771 1493 Spiritus
1787 1441 1891 1478 san
1905 1454 1917 1464 ο

278 1518 341 1571 cti
372 1517 572 1588 gratia,
612 1519 694 1584 ut,
720 1520 775 1568 et
797 1513 1521 1583 aspiranteastipulatione
1545 1513 1832 1580 veritatis,
1864 1517 1921 1567 ct

276 1623 337 1660 ex
363 1605 734 1674 simplicitate
767 1604 1103 1670 verborum,
1137 1603 1320 1655 libere
1353 1605 1551 1655 currat
1583 1617 1748 1671 purae
1781 1619 1918 1655 nar-

273 1695 495 1748 rationis
544 1692 821 1746 historia.
876 1691 1081 1761 Neque
1133 1690 1286 1742 enim
1331 1691 1694 1744 adnitentum
1741 1694 1831 1744 est
1862 1694 1922 1744 ut

270 1785 398 1851 ipsa,
433 1781 757 1851 cujuslibet
785 1779 932 1833 artis
966 1778 1158 1831 fucata
1193 1779 1521 1845 mendacio,
1556 1779 1728 1848 quasi
1762 1795 1915 1848 qua:-

277 1871 389 1923 dam
438 1868 848 1933 meretricula,
901 1866 1176 1937 procedat
1210 1865 1268 1919 in
1315 1866 1614 1936 publicum
1649 1883 1923 1920 sermone

272 1959 604 2027 pompatico,
640 1955 954 2025 qumsitum
986 1957 1207 2006 tantum
1231 1953 1574 2008 favorabilis
1593 1971 1751 2008 aurae
1768 1957 1920 2024 plau-

275 2061 390 2099 sum
419 2062 450 2098 a
481 2045 724 2115 populo,
756 2047 812 2097 et
843 2058 961 2097 non
991 2042 1187 2110 potius
1219 2057 1350 2112 quae
1381 2047 1436 2095 et
1467 2047 1681 2112 quanta
1715 2042 1922 2098 fecerit

2021 622 2337 692 colloquio.

2094 710 2276 782 Ergo,
2315 712 2372 763 ut
2403 709 2621 761 dictum
2655 711 2767 773 est,
2821 706 3164 777 glorificans
3197 706 3485 760 mirabilis
3525 707 3683 760 Deus

2022 815 2193 852 suum
2255 797 2602 862 antistitem,
2660 795 2925 848 dicemus
2976 794 3105 847 suis
3152 794 3209 846 in
3257 794 3406 848 locis
3439 795 3686 864 qualiter

2023 887 2230 940 fecerit
2260 901 2366 954 per
2389 901 2457 938 se
2489 883 2705 936 divinis
2740 899 2907 952 reque
2936 881 3246 936 beneﬁciis
3261 881 3682 936 admirabilem.

2019 975 2133 1027 Sed
2166 989 2319 1026 nunc
2352 972 2615 1038 interim,
2651 987 2723 1024 ne
2757 971 2977 1024 diutius
3023 970 3384 1024 immorando
3424 971 3688 1038 prommii

2021 1063 2179 1115 velut
2209 1061 2403 1114 simile
2441 1060 2717 1130 quiddam
2759 1058 3195 1128 protrahamus,
3235 1061 3297 1110 ut
3327 1073 3578 1129 qumque
3609 1059 3689 1113 di-

2022 1166 2137 1222 gna
2170 1149 2452 1202 memoria
2497 1150 2668 1219 gesta
2717 1150 2883 1214 sunt,
2928 1147 3040 1200 hoc
3071 1147 3261 1216 primo
3295 1147 3352 1199 in
3384 1162 3582 1216 Opere,
3613 1147 3686 1201 ab

2019 1239 2275 1306 incmpto
2309 1237 2543 1307 singula
2573 1251 3018 1306 percurramus.

2614 1338 3074 1378 ADNOTATIONES.

2097 1414 2178 1466 De
2210 1417 2326 1466 tota
2361 1412 2470 1465 hac
2522 1411 2783 1464 Historia
2832 1411 3068 1482 legendi
3114 1413 3271 1482 sunt,
3307 1411 3495 1480 primo
3531 1410 3691 1466 bulla

2025 1483 2245 1538 Leonis
2280 1483 2381 1550 IX,
2417 1483 2734 1552 pontiﬁcis,
2769 1480 2943 1550 quam
2973 1482 3044 1534 ad
3075 1480 3296 1535 calcem
3331 1482 3512 1551 hujus
3553 1483 3689 1536 His-

2024 1556 2190 1608 tortae
2210 1555 2598 1620 adnectimus;
2623 1553 2883 1606 secundo
2906 1553 3320 1604 documentum
3343 1555 3398 1606 et
3421 1552 3689 1606 declara-

2025 1627 2107 1678 tio
2151 1624 2448 1678 Frederici
2497 1623 2930 1693 archiepiscopi
2969 1621 3364 1688 Coloniensis,
3400 1623 3569 1693 .quod
3617 1623 3692 1678 ad

2028 1695 2250 1748 calcem
2283 1695 2530 1747 secundi
2575 1693 2784 1762 capitis
2829 1692 3012 1762 hujus
3063 1693 3202 1745 tomi
3242 1692 3495 1761 imprimi
3525 1709 3692 1747 cura-

2029 1767 2250 1828 vimus;
2285 1764 2456 1817 tertio
2485 1764 2662 1817 Gesta
2680 1763 2955 1815 abbatum
2975 1764 3464 1816 monasteriorum
3483 1763 3694 1816 Stabu-

2029 1836 2284 1889 lensiset
2305 1834 2897 1900 Malmundariensis;
2924 1838 3134 1902 quarto
3158 1833 3507 1887 Lambertus
3528 1833 3691 1888 Scaf-

2032 1905 2432 1975 naburgensis
2456 1905 2654 1975 insuo
2679 1905 2960 1956 chronico
2983 1908 3037 1975 et
3059 1919 3191 1972 quae
3215 1903 3390 1957 habet
3408 1902 3690 1975 {Egidius

2040 1974 2250 2030 Aureae
2286 1975 2488 2042 Vallis,
2525 1974 2655 2026 libri
2690 1975 2781 2027 sui
2814 1990 2940 2042 cap.
2974 1974 3040 2040 2,
3089 1989 3339 2043 quorum
3379 1974 3692 2028 occasione

2038 2046 2422 2114 Triumphum
2453 2047 2513 2099 S.
2551 2045 2808 2098 ltamacli
2841 2045 2953 2098 hoc
2984 2045 3112 2098 loco
3143 2044 3518 2100 attexuimus.

1328 2137 1590 2200 INDEX
1634 2139 2015 2204 CAPITUM
2073 2142 2299 2203 LIBRI
2346 2141 2613 2201 PRIMI.

271 2267 394 2320 CAP.
426 2264 468 2317 Ι.
502 2265 592 2316 De
623 2263 873 2316 dissidio
904 2261 1308 2316 emnobiorum
1341 2263 1564 2332 saepius
1597 2263 1920 2332 elaborato,

335 2339 386 2388 et
429 2335 854 2403 episcoporum
896 2332 1340 2386 Coloniensium
1382 2332 1594 2386 adnisu
1645 2351 1829 2403 super
1868 2337 1925 2388 id

335 2421 436 2474 per
463 2410 732 2473 tempora
763 2404 943 2456 multa
977 2403 1275 2456 frustrato.

275 2474 398 2530 CAP.
433 2475 500 2530 II.
539 2477 627 2527 De
660 2475 930 2544 pactione
971 2474 1593 2527 Malmundariensium
1639 2491 1769 2528 cum
1803 2477 1924 2528 An—

339 2563 480 2600 none
543 2545 850 2614 episcopo,
901 2548 956 2596 et
1005 2545 1076 2597 de
1126 2561 1374 2614 corpore
1419 2547 1606 2598 sancti
1666 2547 1925 2616 Ailulphi

337 2616 597 2669 Colonia)
626 2616 932 2668 translato.

274 2687 398 2741 CAP.
436 2688 529 2740 III.
569 2685 939 2758 Conspiratio
969 2684 1824 2758 Coloniensisetl’regmensis
1848 2688 1926 2739 si-

338 2759 450 2811 mul
483 2757 708 2825 habita,
741 2760 797 2808 et
827 2755 1190 2809 abbatiarum
1221 2755 1518 2820 Cor-beize,
1557 2755 1926 2810 Laurisamni

337 2829 738 2891 Stabulaus;et
751 2827 883 2879 inde
901 2827 1133 2879 traditio
1148 2828 1297 2895 ipsis
1316 2842 1347 2878 a
1362 2842 1503 2894 rege
1519 2827 1596 2896 inj
1609 2831 1738 2880 uste
1753 2828 1925 2881 facta.

277 2899 402 2953 CAP.
437 2899 532 2950 IV.
576 2899 747 2950 Curia
777 2897 930 2965 apud
980 2897 1262 2950 Treviros
1296 2897 1653 2964 habetur,.et
1687 2899 1786 2967 ibi,
1822 2900 1929 2952 ab-

339 2969 465 3023 bate
499 2968 734 3035 nescio,
766 2967 1002 3021 traditio
1034 2967 1432 3021 confirmatur.

277 3038 403 3094 CAP.
437 3041 503 3093 V.
538 3039 747 3092 Abbas
779 3037 1181 3092 Theodericus
1215 3041 1270 3090 et
1301 3039 1420 3090 dux
1451 3037 1809 3093 Fredcricus
1843 3040 1930 3093 si-

339 3111 451 3164 mul
483 3110 837 3177 consulunt;
870 3109 1111 3162 munitio
1137 3109 1197 3160 fit
1218 3124 1400 3177 super
1421 3109 1930 3177 Malmundarium;

340 3183 406 3234 ad
436 3182 667 3234 curiam
699 3180 873 3232 simul
907 3182 1258 3246 evocantur,
1293 3180 1414 3233 dux
1454 3195 1593 3234 vero
1636 3195 1931 3250 respuens

343 3253 409 3306 de
439 3251 734 3322 injustitia
783 3251 1164 3320 conqueritur
1191 3250 1343 3320 apud
1375 3265 1578 3320 regem
1609 3267 1716 3320 per
1745 3251 1930 3305 inter-

341 3324 630 3376 nuntium.

279 3393 407 3447 CAP.
461 3393 562 3445 V'I.
607 3390 937 3462 Conradum
988 3394 1256 3459 nepotem
1302 3391 1419 3443 dux
1475 3392 1777 3462 redarguit
1826 3408 1930 3460 pro

345 3465 732 3517 advocatione
764 3461 1192 3528 Malmundarii,
1229 3465 1284 3514 et
1314 3478 1445 3514 cum
1477 3461 1687 3516 abbate
1719 3463 1789 3514 ad
1823 3479 1931 3516 cu-

342 3536 482 3588 riam
512 3537 724 3587 coacto
749 3533 1028 3586 Iioricum
1047 3536 1491 3601 procuratorem
1515 3533 1734 3603 dirigit,
1761 3549 1792 3585 a
1815 3549 1930 3602 quo

343 3606 590 3660 relictus
618 3619 650 3656 a
675 3619 814 3674 rege
844 3603 943 3656 diu
973 3609 1065 3656 est
1097 3603 1389 3674 detentus.

283 3675 408 3734 CAP.
445 3676 572 3728 VII.
610 3673 789 3727 Ducis
819 3675 1035 3737 obitus,
1072 3677 1125 3726 et
1155 3673 1372 3740 luctus,
1423 3675 1478 3727 et
1510 3674 1747 3730 miseria
1787 3675 1934 3730 sub-

346 3747 640 3817 sequitur,
674 3747 729 3798 et
760 3748 818 3817 ut
841 3743 1465 3817 jussei-at_S_tabulaus
1499 3747 1801 3815 sepelitur.

284 3816 414 3871 CAP.
430 3813 602 3869 'V’III.
640 3813 1046 3883 Arcltiprwsul
1067 3813 1137 3866 ad
1158 3813 1641 3870 Malmundarium
1674 3817 1790 3870 sibi
1820 3816 1940 3868 vin-

347 3888 662 3942 dicandum
713 3889 769 3939 et
807 3886 1074 3939 abbatem
1107 3885 1442 3955 eligendum
1491 3887 1821 3941 Conradum
1854 3887 1938 3940 di-

348 3960 502 4030 rigit,
539 3962 601 4010 et
648 3957 842 4030 abbas
883 3955 1287 4030 Theodericus
1333 3958 1656 4011 monachos
1697 3959 1768 4011 de
1799 3973 1938 4028 pro-

349 4026 639 4081 missione
674 4028 787 4079 sibi
821 4027 968 4079 facta
1000 4026 1264 4094 requirit.

286 4099 416 4153 CAP.
462 4101 566 4152 IX.
619 4099 1014 4150 Sacramentis
1059 4095 1627 4151 Malmundarienses
1662 4099 1940 4167 episcopo

351 4171 807 4230 conﬁrmantur;
847 4168 1179 4236 persecutio
1227 4167 1430 4237 gravis
1475 4183 1658 4236 super
1701 4173 1941 4222 nostros

351 4242 546 4312 agitur
570 4254 834 4312 ;_corpus
865 4239 924 4312 ὃς
949 4239 1220 4312 nostriin
1253 4238 1504 4312 medium
1537 4241 1868 4312 exponitur.

288 4308 418 4364 CAP'.
471 4312 545 4362 X.
601 4309 840 4377 'I‘egeno
872 4308 1058 4360 abbas
1111 4308 1533 4362 Malmundario
1585 4310 1940 4378 praeficitur;

355 4382 537 4433 abbas
575 4395 718 4451 vero
750 4383 950 4431 noster
979 4379 1048 4431 ad
1080 4379 1480 4451 marchionem
1514 4381 1943 4451 Longobardiu:

355 4450 741 4504 Godet‘ridum
775 4464 839 4501 se
870 4464 975 4516 pro
1006 4449 1220 4502 auxilio
1249 4449 1494 4502 confert.

289 4520 431 4575 CAP..
457 4521 559 4574 XI.
597 4521 870 4574 Narratio
903 4535 1085 4588 super
1121 4523 1328 4588 natura
1371 4523 1426 4573 et
1466 4521 1736 4574 moribus
1765 4527 1822 4575 et
1852 4522 1943 4574 di-

358 4595 570 4646 stantia
631 4591 840 4645 horum
890 4587 1139 4644 duorum
1190 4587 1493 4643 Frederici
1542 4595 1597 4644 et
1643 4592 1946 4646 Godcfridi

358 4665 593 4716 ducum.

295 4733 426 4786 CAP.
461 4735 586 4787 XII.
622 4733 825 4786 Abbas
855 4735 1056 4786 noster
1089 4733 1275 4786 sancti
1301 4746 1519 4802 corpus
1541 4734 1671 4789 loco
1695 4750 1804 4788 suo
1823 4750 1947 4787 res-

359 4807 543 4871 tituit;
579 4803 848 4856 abbatem
883 4819 1063 4871 super
1089 4819 1156 4856 se
1180 4806 1458 4856 statutum
1482 4806 1808 4859 obtestatur
1837 4807 1950 4858 sub

360 4875 831 4946 interminatione
865 4874 1063 4927 divina
1081 4879 1141 4928 ut
1175 4874 1439 4928 discedat
1471 4880 1526 4929 et
1557 4876 1778 4946 injuste
1808 4892 1949 4945 pos-

363 4961 537 4999 sessa
569 4945 878 5015 relinquat.

2033 2265 2175 2320 CAP.
2210 2265 2364 2318 XIII.
2399 2265 2527 2318 Dux
2570 2263 2926 2317 Godefridus
2977 2261 3223 2318 effectus
3263 2266 3421 2317 recte
3462 2262 3694 2334 judicat

2105 2341 2310 2390 sancto
2334 2337 2550 2388 bonum
2571 2351 2743 2387 suum
2757 2335 2973 2387 debere
2991 2334 3258 2400 restitui;
3283 2335 3437 2403 quod
3457 2336 3687 2403 episco-

2105 2423 2217 2476 pus
2240 2405 2582 2474 protelando
2614 2404 2808 2476 facere
2832 2420 2948 2456 non
2970 2404 3282 2476 acquievit,
3299 2406 3375 2476 et,
3403 2404 3615 2472 templo
3635 2407 3694 2476 et

2105 2475 2314 2530 aerario
2350 2480 2553 2529 nostro
2592 2475 2860 2544 spoliato,
2898 2490 2996 2528 res
3028 2479 3226 2527 nostra
3260 2475 3424 2526 irrita
3456 2475 3690 2528 mansit.

2033 2547 2175 2600 CAP.
2213 2548 2363 2600 XIV.
2395 2546 2627 2614 Corpus
2651 2547 2840 2598 sancti
2861 2544 3010 2614 apud
3045 2545 3268 2598 curiam
3291 2545 3478 2614 Aquis
3500 2545 3692 2598 defer-

2105 2623 2216 2676 tur,
2254 2618 2351 2670 ubi
2375 2616 2559 2686 jussu
2589 2617 2851 2685 episcopi
2883 2616 3040 2669 nullo
3089 2616 3312 2668 honore
3341 2615 3654 2686 excipitur.

2034 2688 2175 2743 CAP.
2211 2689 2334 2742 XV.
2373 2685 2559 2741 Nobis
2593 2687 2932 2757 lugentibus
2963 2690 3018 2738 et
3049 2702 3181 2739 cum
3212 2686 3428 2754 p0pulo
3452 2685 3690 2757 procla-

2106 2758 2406 2812 mantibus
2457 2755 2730 2826 proterve
2779 2757 3079 2825 Spirensis
3112 2757 3429 2826 episcopus
3462 2755 3696 2826 glebam

2107 2833 2368 2882 nostram
2401 2827 2595 2882 etTerri
2640 2826 2838 2897 jubet,
2873 2831 2929 2881 et
2959 2828 3028 2880 ad
3063 2827 3328 2880 ultimum
3363 2842 3494 2879 cum
3526 2827 3696 2897 gravi

2107 2915 2381 2967 maerore,
2419 2898 2592 2950 simul
2637 2899 2806 2950 etiam
2840 2913 2971 2951 cum
3005 2898 3194 2952 sancti
3226 2911 3495 2966 corpore,
3529 2913 3562 2949 a
3593 2913 3695 2950 no-

2108 2971 2202 3022 bis
2235 2971 2392 3022 illinc
2423 2969 2760 3021 discessum
2791 2972 2900 3020 est.

1989 3023 1991 3026 l
2038 3039 2176 3094 CAP.
2202 3040 2349 3092 XVI.
2382 3041 2508 3092 Rex
2527 3039 3038 3108 graviinfirmitate
3061 3037 3470 3108 apprehensus
3493 3039 3697 3091 sancto

2111 3111 2473 3164 redditurum
2504 3107 2712 3162 cuncta
2742 3109 3070 3177 pollicetur,
3103 3107 3305 3161 itidem
3335 3107 3537 3161 dolore
3559 3123 3696 3178 gra-

1964 3213 2014 3272 Ο
2111 3185 2282 3264 vatus
2320 3181 2640 3262 episcopus
2673 3179 2828 3258 facit,
2863 3180 2969 3232 sed
3012 3182 3146 3258 post
3175 3193 3382 3247 parum
3415 3178 3696 3246 procedit.

2043 3252 2182 3306 CAP.
2228 3251 2406 3303 XVII.
2460 3250 2923 3306 Archiemscono
2974 3249 3354 3302 Trewrorum
3400 3246 3696 3306 defuncto.

2090 3269 2182 3306 AP.
2228 3246 2406 3303 XVII.
2460 3250 2923 3318 Archiepiscopo
2974 3246 3698 3318 Trevirorumdefuncto,

2114 3323 2390 3374 inventus
2449 3336 2581 3373 cum
2638 3317 2735 3374 illo
2795 3317 2969 3390 quem
3012 3320 3252 3390 invitus
3291 3317 3698 3390 substituerat.

2116 3395 2282 3445 Anno
2313 3393 2485 3444 etiam
2516 3390 2613 3443 ille
2644 3389 2959 3460 protervus
2990 3389 3294 3460 Spirensis
3335 3389 3656 3460 episcopus
3683 3404 3699 3457 ς

2117 3466 2275 3516 velut
2303 3459 2835 3532 canisiimmundus
2855 3503 2870 3532 ,
2907 3459 3304 3531 colaphizatus
3359 3475 3492 3513 cum
3521 3459 3704 3514 dede-

2119 3550 2255 3588 core
2286 3531 2650 3603 propellitur.

2047 3605 2188 3659 CAP.
2226 3600 2430 3657 XVIII.
2475 3604 2692 3657 Iterum
2727 3603 2912 3657 abbas
2950 3602 3134 3657 licere
3185 3601 3302 3656 sibi
3339 3600 3706 3656 revindicare

2117 3677 2314 3730 locum
2344 3691 2375 3726 a
2406 3689 2548 3746 rege
2578 3675 2850 3743 impetrat
2875 3690 2889 3742 ;
2920 3673 3410 3727 Malmundarium
3440 3672 3702 3741 repedat,

2121 3750 2197 3812 et,
2230 3747 2420 3799 delato
2453 3745 2655 3798 secum
2689 3746 2879 3799 sancti
2897 3759 3407 3814 corpore,omnes,
3428 3745 3485 3796 et
3501 3757 3707 3796 mona-

2124 3818 2271 3870 chos
2302 3820 2358 3869 et
2390 3817 2595 3884 laicos,
2622 3817 2733 3869 sub
2753 3819 3121 3869 sacramento
3143 3815 3384 3884 praelato
3408 3814 3705 3866 refrenat.

2052 3888 2193 3943 CAP.
2231 3886 2388 3940 XIX.
2424 3887 2626 3939 Abbas
2677 3888 2921 3940 Romam
2970 3886 3214 3940 veniens
3247 3885 3399 3954 apud
3447 3884 3707 3937 Alexan-

2125 3959 2293 4011 drum
2325 3973 2532 4026 papam
2560 3973 2702 4010 suas
2725 3958 3107 4026 prosequitur
3127 3972 3373 4026 causas,
3407 3955 3505 4026 qui
3537 3954 3711 4008 etiam

2123 4045 2229 4097 pro
2262 4025 2342 4081 eoi
2365 4025 2506 4080 suas
2556 4025 2812 4080 Coloniae
2846 4025 3015 4080 mittit
3046 4025 3358 4094 epistolas,
3390 4025 3497 4078 sed
3527 4028 3712 4078 totum

2128 4100 2180 4151 id
2217 4099 2322 4151 fuit
2352 4098 2593 4150 frustra.

2056 4169 2194 4224 CAr.
2231 4169 2362 4221 XX.
2395 4167 2700 4221 Gerlasius
2732 4171 3078 4236 procurator
3107 4167 3392 4236 episcopi,
3427 4184 3500 4220 ex
3521 4167 3713 4237 ipsius

2127 4240 2382 4304 nomine,
2417 4239 2623 4290 iterum
2658 4238 2878 4289 invadit
2911 4239 3428 4306 Malmundarium,
3477 4239 3583 4291 sed
3616 4254 3714 4291 au-

2129 4311 2246 4362 dito
2280 4325 2515 4362 rumore
2541 4309 2786 4374 incerto,
2822 4310 2996 4361 citius
3029 4310 3266 4361 festinat
3297 4309 3570 4361 reditum.

2059 4381 2198 4436 CAP.
2237 4379 2390 4432 XXI.
2427 4379 2630 4431 Abbas
2672 4395 2704 4431 a
2738 4379 2920 4432 Home
2953 4378 3284 4446 revertitur,
3316 4395 3522 4447 parum
3553 4377 3716 4447 epis-

1976 4459 2029 4519 D
2133 4451 2266 4504 tolis
2303 4449 2647 4528 apostolicis
2690 4449 2958 4528 adjutus;
3018 4449 3132 4502 imo
3184 4464 3286 4528 per
3318 4449 3718 4528 Fredelonem

2132 4524 2440 4591 quemdam
2470 4535 2666 4572 acrem
2705 4520 2894 4571 virum
2939 4521 3272 4589 persecutio
3316 4520 3438 4591 ipsi
3461 4522 3517 4573 et
3543 4520 3716 4573 nobis

2133 4590 2462 4658 innovatur,
2487 4595 2542 4644 et
2563 4606 2668 4658 per
2686 4591 3029 4659 Gerardum,
3055 4591 3174 4660 qui,
3202 4590 3560 4661 Deojudice,
3585 4605 3718 4660 pos-

2137 4669 2224 4716 tca
2254 4667 2345 4716 est
2375 4661 2795 4731 pessundatus.

2061 4733 2202 4788 CAP.
2238 4730 2421 4786 XXII.
2450 4731 2777 4801 Episcopus
2814 4733 3062 4786 Ilomum
3085 4732 3496 4801 proficiscitur,
3533 4730 3720 4785 abbas

2136 4820 2266 4857 cum
2298 4806 2651 4874 insequitur,
2693 4808 2826 4857 ante
2855 4819 3066 4872 papam
3096 4807 3152 4856 et
3199 4808 3470 4857 senatum
3511 4803 3686 4874 discu

2135 4877 2373 4942 tiuntur,
2408 4875 2478 4926 ad
2510 4874 2774 4928 ultimum
2824 4875 2951 4927 sine
2983 4874 3178 4943 aliquo
3219 4877 3423 4929 nostro
3453 4873 3722 4942 profectu

2137 4946 2513 4998 dirimuntur.

1313 5034 1578 5095 INDEX
1613 5035 1994 5098 CAPITUM
2049 5032 2275 5094 LIBRI
2321 5033 2709 5095 SECUNDI.

300 5141 431 5196 CAP.
464 5141 508 5195 Ι.
542 5140 707 5213 (ξιιάᾷ
735 5141 796 5194 in
824 5155 1157 5213 progressu
1202 5157 1418 5195 versus
1468 5142 1712 5213 Legiam
1760 5142 1948 5213 bajuli

367 5213 630 5282 corporis
665 5212 727 5265 Β.
766 5211 1025 5266 Hemacli
1047 5211 1952 5283 conquerebantufposteridres

369 5300 432 5337 se
463 5283 612 5336 trahi
645 5299 677 5335 a
709 5283 1203 5352 praecedentibus,
1239 5288 1294 5336 et
1322 5285 1731 5352 praecedentes
1764 5299 1828 5338 se
1857 5285 1957 5337 im-

369 5355 500 5422 pelli
536 5372 564 5407 a
596 5353 1050 5422 posterioribus.

301 5423 435 5478 CAP.
471 5425 543 5496 II.
577 5425 658 5478 De
691 5423 960 5494 reliquiis
987 5423 1047 5477 Β.
1082 5422 1360 5492 Simetrii,
1398 5426 1452 5479 et
1485 5425 1638 5496 quod
1672 5441 1777 5496 per
1808 5440 1954 5478 noc-

373 5501 484 5547 tem
518 5495 574 5548 in
605 5509 740 5548 aere
770 5496 867 5547 via
913 5498 1157 5549 ostensa
1211 5497 1288 5550 sit
1320 5497 1391 5550 ab
1439 5495 1696 5550 oratorio
1743 5495 1959 5552 Stabu-

371 5565 523 5619 lensi
553 5580 741 5636 usque
773 5565 844 5619 ad
877 5565 1114 5620 domum
1143 5567 1204 5621 S.
1238 5567 1555 5621 Lamberti.

229 5657 268 5668 --
307 5634 442 5709 CAP.
477 5636 572 5689 Ill.
603 5634 956 5709 Leodiensis
998 5637 1320 5708 episcopus
1351 5639 1583 5709 corpori
1615 5640 1820 5693 sancto
1853 5638 1956 5693 ob-

377 5708 508 5785 vius
524 5707 816 5785 procedit,
848 5711 905 5785 et
934 5723 1068 5762 cum
1101 5707 1261 5766 clero
1293 5707 1570 5785 omnique
1598 5710 1814 5785 populo
1845 5711 1954 5767 ho-

378 5778 623 5838 noriﬁce
653 5780 923 5860 suscipit.

2056 5141 2198 5222 CA3".
2246 5141 2602 5222 IVLI‘tegem
2648 5139 2720 5195 de
2764 5142 3051 5222 ingustitia
3082 5143 3370 5222 poenitet;
3405 5143 3726 5222 episcopus

2134 5211 2534 5284 Yei‘cellensis
2593 5227 2774 5279 super
2823 5211 2933 5268 hoc
2977 5211 3464 5284 archipratsulem
3494 5211 3724 5280 monet;

2135 5283 2235 5337 ille
2269 5286 2446 5353 negat
2471 5286 2829 5337 constanter.

2064 5388 2206 5444 CAP.
2269 5389 2338 5442 V.
2399 5388 2637 5442 Fratres
2677 5388 2932 5458 pedibus
2990 5389 3120 5444 suis
3173 5393 3500 5460 prostratos
3549 5391 3624 5446 ad
3663 5388 3726 5446 S.

2142 5461 2431 5514 Joannem
2460 5461 2520 5513 in
2550 5460 2746 5513 insula
2783 5460 3173 5532 archipraesul
3203 5463 3440 5517 dimittit
3467 5461 3580 5517 sub
3608 5477 3734 5518 res-

2140 5532 2426 5601 ponsione
2458 5532 2707 5585 incerta.

2065 5620 2206 5675 CAP.
2252 5619 2346 5674 VI.
2377 5620 2466 5693 Ad
2511 5620 2695 5675 Deum
2718 5619 2943 5693 intenta
2973 5619 3344 5693 supplicatio,
3378 5627 3436 5677 et
3475 5623 3724 5678 clerico-

2137 5709 2270 5746 rum
2298 5708 2366 5746 ac
2396 5691 2682 5746 laicorum
2712 5690 3066 5748 intuentium
3092 5690 3194 5764 pia
3224 5690 3583 5766 compassio.

2067 5781 2211 5840 CAP.
2264 5779 2384 5839 VII.
2443 5779 2736 5839 Scrinium
2791 5781 2982 5840 sancti
3028 5781 3102 5841 ab
3145 5781 3313 5840 altari
3360 5796 3496 5841 cum
3533 5779 3732 5848 sonitu
