4086 6180
462 262 575 328 291

1381 264 1876 331 GODEFREDI
1919 265 2495 329 STABULENSIS
2527 267 2942 330 MONACHI.

3785 273 3918 335 292

543 467 908 536 sublevatur,
958 469 1016 520 et
1063 466 1198 520 inde
1231 465 1557 521 consolatio
1605 464 1858 535 plurima
1888 479 2132 519 cernen-
2164 447 2219 507 Α
2249 465 2390 519 CAP.
2425 464 2637 518 XXIII.
2672 464 2762 518 Ad
2815 464 3148 533 exemplum
3191 468 3722 519 commemorantur
3756 464 3919 535 dicta

541 537 704 592 tibus
736 537 929 590 datur.

470 607 612 664 CAP.
651 607 799 662 VIII.
838 609 1064 678 Regem
1095 623 1276 677 super
1302 605 1610 678 prandium
1632 606 1846 678 fratres
1878 607 2136 678 circum-

542 679 784 732 veniunt
804 694 818 747 ;
853 677 1332 750 Bavebergensis
1354 679 1674 748 episcOpus
1691 677 1985 749 justitiam
2002 693 2136 746 pro-

543 749 682 802 telat
712 750 769 801 in
801 749 1144 803 crastinum.

470 819 614 874 CAP.
666 819 767 872 IX.
810 818 1041 888 Corpus
1076 819 1264 873 sancti
1296 819 1352 870 in
1399 817 1850 887 praesentiarum
1889 815 2140 872 afferunt

543 905 726 960 super
756 906 1050 959 mensam,
1088 894 1143 944 et
1173 891 1244 943 de
1277 888 1532 943 induciis
1563 892 1997 959 conquerentes
2030 904 2136 958 pe-

541 965 669 1014 tunt
691 961 1007 1030 justitiam.

469 1031 614 1087 CAP.
649 1029 722 1084 X7.
758 1032 982 1101 Regem
1012 1033 1068 1084 et
1097 1030 1442 1100 episcopum
1485 1047 1519 1084 a
1557 1045 1764 1084 mensa
1792 1029 2137 1101 exsilientes

543 1102 801 1156 insecuti
830 1100 1047 1156 fratres
1070 1118 1100 1153 a
1121 1101 1500 1171 palatioisunt
1530 1101 1837 1171 prohibiti,
1863 1105 1920 1154 et
1949 1100 2134 1171 relato

542 1188 788 1241 corpore
820 1187 1001 1241 super
1019 1169 1302 1238 mensam,
1329 1169 1553 1225 fabrica
1585 1172 1715 1242 ipsa
1737 1170 1865 1225 solo
1896 1169 2134 1242 decidit.

471 1244 614 1300 CAP.
653 1243 753 1296 XI.
787 1244 954 1297 'l‘ibia
994 1241 1298 1298 Gonteruli
1340 1241 1630 1311 oppressa
1680 1246 1736 1294 et
1768 1241 2015 1295 contrita
2039 1255 2137 1293 re-

545 1314 859 1377 solidatur;
894 1317 951 1367 et
989 1328 1181 1383 usque
1219 1313 1291 1365 ad
1341 1312 1506 1383 fores
1533 1312 1741 1383 regias
1771 1311 2132 1382 perducitur.

472 1383 616 1438 CAP.
651 1384 780 1437 XII.
821 1385 991 1437 Caeca
1022 1382 1232 1437 mulier
1260 1382 1474 1436 ibidem
1509 1382 1885 1436 illuminatur.

471 1453 633 1534 CAP.‘
666 1454 818 1534 XIII.
872 1456 1094 1534 Regem
1140 1454 1545 1534 perturbatum
1575 1454 1898 1534 episcopus
1927 1449 2136 1534 objur:

2323 539 2683 589 sanctorum.

2249 608 2391 660 CAP.
2426 605 2640 660 XXIV.
2673 604 2888 660 Mulier
2915 605 3160 659 nimium
3200 609 3497 660 contracta
3540 605 3610 659 ad
3641 609 3916 660 sanctum

2319 677 2618 746 deportata
2648 677 2844 729 statim
2874 681 2968 730 est
2997 680 3221 743 sanata,
3257 680 3313 731 et
3329 677 3403 730 ad
3433 677 3546 731 hoc
3575 677 3913 731 confluente

2319 747 2535 817 populo
2565 747 2840 817 impletur
2867 746 3143 800 ecclesia.

2247 816 2410 872 ΟᾸΡᾘ
2439 817 2626 870 XXV.
2679 816 2970 886 Campana
3017 818 3269 870 maxima
3317 818 3575 871 sonitum
3614 817 3709 872 dat
3749 819 3916 873 nullo

2318 887 2684 957 impellente;
2735 888 3043 959 multitudo
3098 889 3503 959 languentium
3547 888 3703 943 dicto
3733 891 3918 944 citius

2317 959 2711 1012 restituuntur
2734 958 2969 1012 sanitati
2997 958 3284 1028 pristinae.

2247 1029 2389 1101 CAP.
2425 1029 2637 1082 XXVI.
2676 1028 3023 1101 Contractus
3044 1030 3282 1099 quidam
3311 1029 3370 1082 in
3393 1031 3916 1101 crypta,episcopo

2317 1099 2731 1154 Cameracensi
2752 1105 3069 1171 prasente,
3106 1101 3378 1171 erigitur,
3414 1099 3477 1171 et
3498 1099 3648 1154 alter
3665 1099 3922 1155 debilior

2320 1173 2574 1237 caetero,
2633 1186 2666 1222 a
2717 1169 3099 1223 cubiculariis
3149 1169 3380 1224 duobus
3439 1169 3668 1226 delatus
3715 1188 3917 1226 coram

2320 1241 2477 1295 omni
2508 1241 2722 1310 populo
2752 1240 3023 1310 sospitati
3057 1241 3340 1294 redditur.

2245 1311 2388 1365 CAP.
2426 1310 2667 1382 XXVII.
2711 1310 2859 1382 Dum
2893 1325 2995 1378 pro
3018 1311 3113 1382 his
3136 1311 3193 1363 in
3223 1310 3402 1366 dubio
3437 1313 3653 1382 pendet
3679 1313 3920 1367 animus

2321 1381 2482 1452 regis
2515 1385 2578 1453 et
2599 1381 3064 1453 archiepiscopi,
3096 1382 3333 1453 quidam
3385 1381 3452 1434 ini
3473 1386 3794 1452 praesentia
3825 1385 3918 1453 ip-

2318 1467 2521 1506 sorum
2552 1451 2740 1504 defert
2770 1451 3042 1504 baculum
3096 1451 3396 1522 paralytiei
3446 1454 3651 1519 curati,
3688 1454 3802 1508 sub
3834 1451 3921 1507 at-

543 1501 662 1596 gat,
711 1524 922 1578 referri
958 1501 1178 1596 δοινριιξ
1225 1525 1297 1576 ad
1339 1501 1738 1596 sanctum-ium
1784 1501 2046 1592 imperat,
2081 1523 2138 1574 et
2168 1501 2218 1562 Β
2255 1593 2281 1596 _
2326 1522 2877 1596 test_a_t_io_ne__eapitis
2909 1522 3024 1575 sui.

544 1593 776 1649 tandem
810 1595 1016 1648 missis
1049 1593 1431 1649 cubiculariis
1462 1593 1520 1646 id
1551 1593 1661 1647 fuit
1704 1593 1954 1662 frustra,
1991 1607 2135 1661 quo-

544 1667 698 1720 niam
731 1665 888 1719 velut
917 1681 1126 1719 saxum
1157 1666 1454 1718 immobile
1485 1664 1784 1732 perdurat.

472 1736 615 1790 CAP.
650 1736 803 1790 XIV.
838 1735 1188 1804 Episcopus,
1227 1735 1354 1788 haec
1403 1735 1596 1787 omnia
1635 1733 2002 1802 phantastiee
2034 1748 2134 1804 τιατ

547 1807 796 1876 cipiens,
829 1801 1270 1874 corpus—sancti
1293 1822 1324 1860 e
1353 1805 1546 1858 medio
1576 1801 2004 1876 auferrijubet,
2022 1801 2138 1876 sed

543 1873 717 1930 missi
767 1873 1146 1930 revertuntur
1191 1875 1431 1944 inanes,
1483 1874 1793 1944 pecuniam
1822 1873 1961 1944 ’pro
2022 1873 2137 1927 hoc

547 1947 678 2016 ipso
711 1946 1048 2000 offerentes.

481 2015 624 2074 CAP.
659 2017 787 2070 XV.
826 2017 952 2070 Rex
981 2016 1324 2086 episcopum
1353 2015 1745 2071 Leodiensem
1777 2017 1833 2069 et
1862 2016 2144 2069 cancella-

553 2089 706 2141 rium
736 2102 908 2140 suum
937 2087 1006 2140 ad
1040 2087 1256 2140 fratres
1288 2088 1450 2142 misit
1479 2091 1536 2141 et
1565 2101 1770 2156 parum
1800 2087 2068 2154 profecit.

475 2157 618 2212 CAP.
655 2157 810 2228 XVI.
845 2158 1044 2211 Abbas
1077 2158 1204 2226 ipse
1237 2158 1309 2212 ad
1340 2156 1826 2228 satisfaciendum
1865 2157 1994 2228 regi
2009 2171 2142 2210 cum

548 2226 958 2298 ultrajectensi
997 2225 1280 2297 episcopo
1325 2230 1484 2282 venit
1530 2225 1604 2281 ad
1641 2225 1992 2296 vesperum,
2027 2242 2143 2297 quo

547 2298 965 2366 descendente,
997 2300 1055 2350 in
1087 2313 1340 2352 vacuum
1370 2303 1690 2354 nocturnas
1722 2298 2007 2352 excubias
2029 2299 2143 2350 fra-

550 2371 672 2422 tres
706 2369 925 2422 ibidem
956 2371 1270 2438 peragunt.

477 2438 620 2494 CAP.
654 2439 835 2493 XVII.
887 2439 970 2494 De
1011 2439 1244 2509 duobus
1295 2439 1472 2493 caecis
1524 2441 1950 2509 assidentibus,
1990 2452 2145 2501 unus

552 2511 648 2563 est
675 2510 756 2562 ibi
786 2511 1093 2578 insperato
1125 2508 1510 2565 illuminatus.

475 2579 616 2654 CAP.
652 2580 860 2654 XVIII.
881 2581 979 2654 De
1011 2579 1279 2633 columba
1311 2581 1384 2635 de
1401 2582 1628 2636 scrinio
1658 2583 1940 2654 progredi
1969 2599 2000 2634 a
2023 2583 2144 2651 qui-

549 2651 800 2703 busdam
836 2652 987 2704 visa.

477 2719 618 2792 CAP.
653 2720 810 2792 XIX.
865 2722 948 2775 De
975 2721 1268 2792 joculario
1300 2722 1450 2775 inter
1481 2724 1765 2778 excubias
1797 2724 1870 2777 de
1903 2724 2143 2776 casibus

551 2790 699 2860 ipsis
749 2790 1077 2864 cantilenas,
1103 2793 1510 2860 protrahente,
1544 2797 1600 2847 et
1630 2796 1700 2848 de
1731 2810 1874 2864 rege
1901 2794 2143 2846 auscul-

550 2863 896 2934 tanteﬂetiin
929 2863 1118 2916 laneis
1149 2867 1205 2916 et
1247 2864 1423 2917 nudis
1455 2865 1704 2933 pedibus
1735 2863 2140 2934 pernoctante.

476 2931 783 3004 CAP.VXX.
818 2933 986 2987 Mane
1011 2934 1164 3004 facto
1197 2949 1435 2987 sacrum
1453 2931 1672 3004 corpus
1692 2931 1988 2990 communi
2009 2949 2146 3004 con-

549 3003 683 3056 silio
713 3004 786 3057 ad
817 3002 1216 3058 sanctuarium
1252 3002 1577 3060 revehitur:
2057 3003 2068 3020 '

478 3073 620 3128 CAP.
647 3073 807 3146 XXI.
824 3074 869 3127 A
887 3091 1028 3146 rege
1052 3074 1336 3146 fratribus
1349 3077 1648 3130 cruciatus
1665 3081 1924 3146 etpoense
1941 3091 2144 3144 paran-

551 3148 726 3218 tur,et
747 3145 1190 3218 Bavebergensi
1213 3145 1493 3218 episcOpo
1515 3145 1778 3217 courpus
1801 3148 1989 3202 sancti
2007 3147 2142 3200 des-

549 3216 788 3270 tinatur.

539 3287 679 3357 CAP.
725 3287 908 3342 XXII.
942 3287 1352 3344 Concussione
1397 3303 1513 3342 non
1553 3290 1779 3344 modica
1821 3290 1881 3344 in
1924 3288 2146 3357 templo

548 3355 722 3424 facta,
758 3359 1043 3412 scrinium
1076 3361 1264 3413 sancti
1297 3360 1494 3414 cubito
1516 3361 1864 3414 sublevatur
1893 3362 1951 3414 in
1981 3355 2138 3427 aera,

549 3430 603 3500 et
635 3429 956 3498 episcopus
1005 3427 1454 3484 Cameracensis
1485 3445 1663 3484 orans
1695 3431 1754 3484 in
1786 3433 2008 3500 crypta,
2047 3429 2139 3482 di-

550 3497 686 3550 vina
715 3501 772 3552 et
802 3497 1145 3554 sanctorum
1192 3501 1586 3569 perlustratur
1615 3497 1952 3570 prmsentia.

2242 1593 2382 1665 CAP.
2436 1592 2724 1665 XXVIII._
2759 1594 3208 1665 Cameracensis
3256 1594 3580 1665 episcOpus,
3633 1595 3906 1665 utrisque

2320 1664 2448 1717 visa
2487 1662 2817 1730 denuntiat,
2853 1667 2910 1716 et
2942 1663 3072 1732 regi
3103 1665 3380 1718 exterrito
3422 1662 3916 1734 archiepiscopus

2319 1735 2532 1788 bonum
2555 1733 2806 1787 restituit
2828 1749 2932 1802 per
2954 1734 3228 1787 baculum
3253 1750 3426 1804 quem
3458 1733 3912 1789 Inanu’tenebat.

2245 1804 2387 1860 CAP.
2423 1804 2638 1858 XXIX.
2695 1805 2840 1872 Rex,
2878 1804 2930 1856 vi
2965 1820 3209 1858 suorum
3249 1807 3586 1874 irrumpens
3619 1807 3677 1859 in
3719 1806 3918 1860 eccle-

2317 1875 2487 1942 siam,
2513 1877 2752 1942 aecepto
2773 1874 2996 1927 baeulo'
3017 1876 3230 1942 sancti,
3248 1876 3465 1929 bonum
3486 1876 3696 1944 reddit,
3731 1877 3920 1931 satis-

2317 1946 2569 2000 factione
2603 1945 2899 2016 humiliter
2929 1943 3120 2010 facta;
3154 1949 3493 2001 contractus
3525 1947 3762 2016 quidam
3799 1948 3921 2002 eri-

2319 2017 2480 2087 gitur
2508 2016 2713 2069 eadem
2744 2015 2914 2070 hora.

2246 2085 2388 2141 CAP.
2452 2087 2644 2140 XXX.
2709 2087 2950 2158 Relatio
2981 2101 3162 2158 quare
3210 2085 3572 2158 Aquisgrani
3625 2088 3925 2157 quondam

2317 2158 2657 2226 deportatus
2689 2156 2769 2210 nil
2798 2155 2992 2211 simile
3010 2155 3250 2228 fecerit,
3281 2155 3390 2211 sed
3413 2155 3530 2226 hic,
3556 2158 3615 2211 in
3641 2155 3750 2212 sua
3773 2161 3922 2214 sede

2323 2227 2670 2280 pontiﬁcali.

2365 2227 2670 2281 ontiﬁcali.

2323 2244 2670 2297 ponuncau.

2248 2297 2390 2352 CAP.
2425 2297 2642 2369 XXXI.
2679 2298 2760 2369 De
2786 2299 3068 2369 matrona
3110 2299 3360 2369 quadam
3391 2299 3584 2368 ipsius
3617 2299 3786 2354 urbis
3821 2318 3922 2355 or-

2319 2369 2472 2435 bata,
2507 2372 2562 2422 et
2593 2367 2800 2422 lumini
2831 2368 3081 2438 pristino
3112 2367 3460 2424 restaurata.

2249 2439 2390 2493 CAP.
2427 2439 2666 2492 XXXII.
2701 2439 2784 2492 De
2816 2454 2978 2493 cmca
3008 2443 3142 2493 nata
3185 2444 3242 2494 et
3271 2441 3428 2493 visui
3460 2440 3810 2496 condonata.

2249 2508 2392 2564 CAP.
2423 2509 2697 2564 XXXIII.
2732 2510 2816 2562 De
2848 2510 3073 2563 misero
3115 2514 3397 2565 strumam
3440 2510 3693 2566 habente
3735 2513 3796 2566 in
3826 2530 3923 2567 ca-

2321 2581 2439 2650 pite
2472 2583 2529 2633 et
2551 2583 2776 2633 sanato.

2251 2650 2392 2705 CAP.
2417 2651 2686 2721 XXXIV.
2706 2651 2789 2704 De
2804 2649 2996 2721 puella
3011 2653 3278 2720 septenni
3291 2653 3609 2721 paralytica
3623 2658 3676 2709 et
3691 2659 3920 2709 sanata.

2171 2749 2222 2810 C
2249 2722 2392 2810 CAP.
2427 2720 2672 2810 XXXV.
2709 2722 2789 2773 De
2825 2719 3043 2774 clerico
3075 2719 3344 2777 distortis
3375 2719 3628 2793 pedibus
3658 2725 3731 2779 ab
3766 2729 3922 2794 ortu,

2322 2797 2380 2846 et
2410 2795 2641 2845 sanato.

2249 2862 2390 2917 CAP.
2430 2862 2700 2936 XXXVI.
2734 2862 2932 2915 Altero
2966 2864 3332 2936 manegfacto,
3360 2866 3672 2919 consilium
3697 2867 3918 2936 agitur,

2319 2937 2383 2986 ut
2412 2933 2804 3002 gloriﬁcatum
2836 2948 3054 3002 corpus
3086 2933 3156 2987 ad
3189 2936 3382 2988 locum
3405 2952 3580 2990 suum
3601 2933 3919 2993 referatur.

2249 3005 2392 3059 CAP.
2424 3003 2730 3057 XXXVII.
2763 3003 2845 3056 De
2882 3003 3133 3058 statione
3165 3005 3252 3059 eis
3295 3005 3520 3060 Mosam
3553 3007 3726 3073 facta,
3762 3014 3821 3062 et
3851 3009 3926 3064 de

2320 3090 2644 3144 puerorum
2674 3074 3034 3128 seholarium
3052 3076 3224 3129 laude
3247 3079 3740 3145 nominatissima,
3766 3082 3826 3132 et
3851 3079 3925 3133 de

2319 3146 2511 3269 ipsius
2546 3145 2659 3199 loci
2690 3145 3000 3199 traditione
3029 3162 3062 3200 a
3088 3149 3553 3216 possessoribus
3584 3153 3795 3204 sancto
3817 3150 3923 3204 ﬁr-

2320 3232 2413 3269 ma
2443 3233 2494 3269 a.

2320 3232 2494 3270 mata.

2247 3288 2388 3360 CAP.
2417 3285 2742 3360 XXXVIII.
2761 3286 2850 3360 Ad
2880 3287 3263 3357 proprialacta
3290 3291 3620 3360 regressio,
3639 3290 3925 3345 Malmun-

2317 3358 2464 3412 darii
2489 3357 2896 3425 revindicatio;
2929 3361 2986 3411 et
3008 3362 3245 3427 postero
3268 3357 3437 3414 mane
3460 3357 3780 3416 Stabulaus
3796 3368 3926 3416 ten-

2315 3428 2591 3482 dentibus
2622 3429 2868 3482 aviculae
2919 3429 3137 3498 ignotas
3180 3446 3364 3498 super
3407 3433 3691 3485 scrinium
3724 3434 3948 3487 sancti‘

2318 3499 2533 3567 sessio,
2579 3500 2636 3552 et
2663 3500 2893 3553 ossium
2924 3503 3265 3555 sanctorum
3295 3517 3406 3555 suo
3439 3503 3568 3557 loco
3597 3503 3914 3572 repositio.

3633 3607 3926 3618 _—_——

1809 3663 2102 3740 LIBER
2161 3660 2540 3740 PRIMUS.

1013 3826 1265 3888 CAPUT
1308 3828 1632 3887 PRIMUM.

481 3953 568 4010 De
598 3951 1284 4028 dissidiopcenobiorum
1315 3957 1533 4028 saepius
1556 3955 1878 4028 elaborato,
1905 3962 1964 4011 et
1995 3957 2150 4027 epis-

550 4025 1280 4099 coporum_Colpniensium
1316 4025 1529 4082 adnisa
1558 4043 1740 4099 super
1767 4027 1832 4082 id
1854 4043 1970 4098 per
1999 4025 2150 4082 tem-

552 4096 698 4168 pOra
720 4096 900 4150 multa
931 4098 1246 4152 frustrato.

553 4202 700 4258 Cum
728 4203 910 4274 igitur
928 4203 1308 4273 perspicuum
1339 4204 1415 4257 sit
1449 4204 1604 4258 hunc
1635 4209 1926 4274 sanctum,
1946 4203 2147 4276 dequo

481 4290 797 4362 loquimur,
833 4291 1175 4345 Remaelum
1217 4291 1345 4346 haec
1376 4293 1490 4346 duo
1521 4295 1822 4348 struxisse
1855 4293 2145 4363 ccenobia,

482 4394 656 4450 quem
686 4380 840 4448 apud
881 4380 1066 4433 Deum
1099 4380 1464 4450 singularem
1496 4385 1803 4451 patronum
1837 4398 1902 4436 se
1933 4382 2150 4452 gaudet

483 4467 704 4521 habere
733 4471 850 4520 tota
894 4483 1043 4536 pene
1087 4467 1274 4522 Gallia
1321 4470 1574 4540 itemque
1624 4471 1754 4526 suis
1785 4471 2150 4524 successori-

479 4555 592 4609 bus
624 4571 694 4609 ea
742 4555 1062 4626 reliquisse
1094 4557 1447 4626 conditione,
1483 4574 1596 4628 qua
1641 4562 1894 4626 rexerat,
1927 4558 2146 4628 habita,

479 4647 558 4711 ut,
593 4644 862 4714 utrisque
892 4659 1009 4697 non
1039 4645 1216 4714 longe
1257 4646 1561 4715 sepositis,
1594 4647 1707 4702 sub
1740 4662 1855 4701 uno
1887 4650 2140 4715 rectore,

480 4731 594 4786 sub
628 4748 740 4785 una
773 4732 926 4803 lege,
960 4747 1063 4786 cor
1085 4738 1246 4787 esset
1278 4750 1446 4788 unum
1467 4737 1731 4789 etam‘ma
1757 4735 2146 4805 una(Act.iv),

479 4819 724 4874 alterius
756 4821 941 4890 partis
976 4819 1082 4874 fuit
1112 4837 1349 4891 semper
1378 4823 1631 4893 quodam
1684 4824 1886 4878 morbo
1918 4824 2148 4879 dissen-

483 4907 590 4961 tire
631 4909 825 4980 magis
874 4924 1050 4979 quam
1092 4909 1390 4964 vinculum
1425 4910 1806 4966 fraternitatis
1839 4912 2151 4966 sinceriter

484 4995 760 5050 retinere.
794 4997 906 5050 Hic
935 4998 1480 5070 morbus,inquam,
1517 5003 1639 5053 erat
1661 4999 1892 5068 animae,
1917 4999 2148 5070 ut,quia

483 5097 666 5137 unum
696 5099 900 5138 eorum
934 5086 1268 5154 respiciens
1309 5089 1433 5140 erat
1464 5087 1534 5139 ad
1569 5087 1934 5157 metropolim
1980 5087 2149 5142 Colo-

483 5169 770 5241 niensem,
794 5177 1058 5226 nostrum
1079 5190 1220 5226 vero
1241 5174 1620 5229 claudebatur
1637 5175 1958 5244 praecinctu
1979 5192 2148 5244 paro-

483 5259 632 5314 chias
664 5261 1039 5328 Leodiensis,
1071 5261 1407 5316 nitebantur
1435 5263 1534 5333 qui
1565 5265 1732 5317 erant
1761 5263 1920 5317 illius
1938 5264 2144 5333 partis,

481 5352 579 5402 aut
609 5348 1025 5402 dominationis
1051 5347 1156 5418 jus
1207 5350 1322 5404 sibi
1353 5351 1685 5419 vindicare,
1739 5354 1836 5406 aut
1867 5367 1986 5406 non
2016 5352 2146 5406 vio-

482 5437 677 5491 landa:
709 5436 1003 5506 pactionis
1030 5436 1345 5492 dissidium
1377 5439 1592 5493 facere.

551 5505 844 5572 Quae’res
899 5505 1242 5577 ridiculosa,
1295 5508 1680 5564 clandestinis
1729 5525 1891 5580 saepe
1932 5511 2146 5583 agitata

483 5593 1038 5665 concertationibus,
1065 5611 1197 5652 cum
1215 5595 1527 5671 aliquando
1548 5599 1924 5672 pervenisset
1946 5600 2005 5654 in
2026 5616 2146 5658 me-

2261 3794 2443 3864 dium,
2474 3810 2754 3865 repressa
2785 3799 2877 3850 est
2893 3799 2950 3850 et
2971 3794 3252 3852 oil‘uscata
3282 3799 3616 3872 privilegiis
3638 3805 3692 3856 et
3723 3805 3926 3856 aucto-

2264 3884 2432 3938 ritate
2479 3883 2790 3954 majorum.
2835 3883 2956 3954 Ipsi
3001 3885 3174 3939 etiam
3223 3887 3564 3958 Agrippina:
3592 3889 3928 3960 archipraa-

2263 3973 2427 4027 sules
2455 3973 2677 4027 inducti
2710 3974 2768 4026 in
2803 3973 2953 4028 hanc
3003 3990 3210 4028 eorum
3242 3992 3420 4030 casso
3458 3979 3656 4032 labore
3688 3983 3932 4033 senten-

2261 4062 2398 4115 tiam
2439 4062 2734 4116 antistites
2796 4063 3278 4131 praedecessores
3323 4070 3566 4120 nostros
3621 4066 3928 4138 fatigatos,

2262 4151 2370 4204 sed
2398 4166 2516 4204 non
2557 4155 2858 4219 permotos
2900 4151 3309 4220 reddiderunt,
3361 4152 3490 4207 sive
3519 4168 3624 4223 per
3661 4155 3934 4211 occasio-

2179 4266 2231 4326 D
2261 4254 2424 4307 nem,
2458 4239 2585 4292 sive
2615 4253 2720 4308 per
2750 4239 2888 4292 vim.

2332 4327 2502 4381 Nunc
2533 4342 2694 4395 vero,
2729 4327 2864 4397 quia
2887 4343 2960 4381 ex
2991 4331 3126 4382 voto
3156 4329 3498 4397 proﬁciebat
3519 4330 3606 4385 eis
3637 4331 3750 4385 hoc
3785 4334 3934 4386 tem-

2255 4431 2369 4486 pus
2401 4415 2734 4486 quibusque
2764 4416 2938 4470 bonis
2962 4417 3414 4486 incommodum,
3440 4434 3507 4472 ac
3530 4419 3773 4488 perinde
3796 4436 3934 4476 cor-

2253 4505 2408 4572 rupti
2439 4519 2660 4571 mores,
2697 4509 2751 4558 et
2801 4505 2956 4576 (quae
2999 4505 3216 4559 multos
3245 4507 3527 4561 mortales
3568 4507 3757 4561 falsos
3790 4508 3934 4563 ﬁeri

2252 4591 2511 4663 subegit)
2536 4591 2776 4645 ambitio
2823 4597 3207 4648 consenserat
3241 4595 3590 4665 principum,
3639 4599 3936 4668 aggressi

2252 4683 2389 4734 sunt
2411 4680 2520 4734 hoc
2554 4696 2620 4734 se
2650 4696 2832 4750 posse
2874 4682 3161 4752 perﬁcere
3201 4684 3380 4753 quod,
3415 4685 3728 4739 retroactis
3775 4689 3933 4740 tem-

2249 4767 2518 4838 poribus,
2573 4769 2720 4823 satis
2768 4769 2906 4824 licet
2952 4770 3334 4840 elaboratum,
3387 4788 3505 4827 non
3547 4773 3795 4846 contigit
3855 4777 3934 4829 ad

2251 4855 2520 4910 effectum
2567 4859 2943 4926 pervenisse.
2980 4859 3070 4912 Ab
3101 4859 3267 4914 initio
3299 4861 3456 4914 enim
3486 4861 3604 4929 alii,
3647 4876 3754 4931 pro
3786 4862 3932 4917 aliis

2254 4946 2646 5000 succedentes
2678 4962 3036 5017 causamque
3080 4949 3151 5002 ad
3185 4948 3296 5002 hoc
3340 4949 3654 5018 pulchrum
3685 4950 3931 5006 facinus

2252 5034 2702 5104 perpetrandum
2736 5035 3156 5106 suscipientes,
3188 5038 3260 5090 ad
3286 5037 3414 5092 haec
3447 5053 3636 5109 usque
3667 5039 3924 5094 infortu-

2252 5125 2382 5176 nata
2414 5122 2588 5177 nobis
2633 5128 2895 5194 tempora
2940 5129 3370 5193 pertraxerant,
3406 5141 3645 5197 semper
3674 5127 3733 5180 id
3784 5127 3920 5182 ﬁeri

2253 5210 2602 5265 adnitentes.

2853 5314 3312 5356 ADNOTATIONES.

2326 5385 2375 5442 1.
2405 5387 2558 5465 Clin:
2561 5389 2935 5465 perspicuum
2953 5391 3034 5443 sit
3066 5390 3218 5465 hunc
3239 5397 3503 5465 sanetum
3522 5391 3595 5447 de
3627 5406 3735 5464 quo
3747 5390 3932 5465 loqui-

2254 5475 2405 5512 mur.
2431 5459 2492 5514 S.
2521 5460 2858 5514 Remaelum
2880 5462 3293 5516 construxisse
3327 5463 3452 5516 haec
3473 5463 3588 5518 duo
3619 5459 3930 5519 monaste-

2257 5529 2345 5583 ria
2367 5529 2719 5584 Stabulense
2738 5533 2794 5584 et
2816 5530 3350 5587 Malmundariense
3373 5535 3437 5587 ut
3465 5533 3538 5587 ab
3568 5549 3686 5588 uno
3712 5534 3928 5590 abbate

2257 5601 3164 5676 regerentur,quamvisdiversae
3177 5608 3380 5664 essent
3393 5603 3928 5668 dioecesismlarum
