4086 6180
313 310 423 374 293

313 511 395 560 est
426 520 497 558 ex
530 503 849 573 Harigero,
891 506 1028 556 tom.
1063 500 1119 568 Ι,
1163 517 1289 570 cap.
1323 500 1411 573 E15,
1445 504 1501 573 et
1528 497 1617 573 56,
1650 502 1707 553 et
1737 498 1953 573 clarius
1985 487 2031 546 Α
2069 495 2322 573 minuatur
2368 494 2740 573 Agilolphu‘s‘.
2762 492 2765 495 ’
2791 494 2875 546 De

311 593 378 632 ex
408 569 751 630 documento
793 579 851 627 et
895 569 1290 626 declaratione
1334 572 1635 625 Frederici
1667 569 1955 632 archiepi-

313 647 467 716 scOpi
498 644 891 716 Coloniensis,
921 643 1499 716 quae_habetur_tom.
1524 642 1637 716 hogc
1669 642 1952 716 secundo,

310 710 431 787 cap:
453 717 503 783 2,
525 710 897 787 adnotatione
930 710 1109 787 ᾗςὼὶ
1142 715 1229 767 sic
1263 713 1486 787 babes:
1527 735 1548 758 α
1582 710 1953 787 Stabulcnsis

308 782 580 842 Ecclesiae
601 785 911 856 privilegia
933 784 1243 856 diligenter
1276 784 1620 855 relegimus,
1656 783 1714 856 in
1735 782 1952 856 quibus

310 852 706 911 inventum'est
722 852 954 909 beatum
981 852 1317 908 [temaclum
1338 852 1644 924 uti-iusque
1663 853 1795 918 loci,
1813 852 1955 904 Mal-

308 928 737 983 mundariensis
757 927 991 980 scilicet
1010 930 1067 979 et
1086 924 1484 991 Stabulensis,
1511 925 1948 990 aediﬁcatorem,

309 1004 432 1070 post
451 1002 853 1052 constructum
885 1012 930 1070 a_
949 1011 1015 1070 se
1042 995 1556 1070 qMalmundarium,
1578 1010 1703 1070 sum
1730 999 1785 1047 et
1818 1010 1952 1070 suc-

310 1064 609 1123 cessorum
641 1082 889 1122 suorum
920 1066 1296 1120 habitationis
1342 1071 1398 1119 et
1435 1065 1755 1135 sepulturae
1789 1064 1951 1132 prin-

308 1140 540 1210 cipalem
581 1138 776 1210 locum
807 1137 1304 1210 apudStabulaus
1338 1136 1618 1210 elegisse,
1654 1138 1850 1210 etpro
1882 1149 1951 1188 eo

306 1206 446 1281 quod
479 1209 635 1263 idem
666 1209 833 1262 locus
852 1206 1177 1281 indicecesi
1204 1206 1519 1281 Leodiensi
1544 1206 1818 1281 parochia
1839 1210 1949 1281 est,

306 1276 496 1334 omnes
527 1295 640 1349 per
658 1278 1108 1349 successionem
1128 1278 1441 1349 utriusque
1466 1277 1580 1330 loci
1613 1277 1855 1329 abbates
1880 1276 1952 1329 ab

302 1348 569 1420 episcopo
601 1348 923 1403 Leodiensi
953 1349 1293 1420 consecrari
1325 1348 1561 1420 debere,
1602 1368 1621 1393 η
1660 1352 1770 1400 ctc.

363 1422 413 1475 2.
461 1421 601 1484 Quae
631 1435 738 1474 res
764 1418 1086 1474 ridiculosa
1117 1418 1510 1472 clandestinis
1537 1433 1698 1487 saepe
1729 1419 1951 1487 agitata

301 1490 853 1546 concertationibus.
872 1487 1354 1543 Concertationes
1386 1489 1577 1541 fuisse
1608 1487 1950 1557 frequentes

303 1563 366 1616 de
403 1561 844 1631 praeeminentia
891 1560 1045 1612 inter
1094 1559 1410 1631 religiosos
1462 1558 1847 1631 Stabulenses
1896 1561 1953 1611 et

303 1629 864 1686 Malmundarienses
893 1633 1046 1698 patet
1096 1645 1170 1683 ex
1218 1629 1567 1683 documento
1598 1631 1655 1682 et
1683 1629 1951 1683 declara-

298 1705 442 1757 tione
472 1702 780 1755 Frederici
809 1700 1275 1770 archiepiscopi,
1320 1700 1391 1754 de
1423 1715 1538 1770 quo
1580 1700 1752 1769 paulo
1783 1702 1948 1767 ante,

294 1774 385 1828 ubi
440 1774 530 1827 sic
577 1773 896 1842 loquitur:
961 1793 984 1818 «ι
1030 1770 1197 1835 Quod
1256 1770 1824 1824 Malmundarienscs
1883 1785 1952 1822 eo

295 1859 472 1913 usque
507 1844 799 1897 hactenus
842 1842 1143 1913 infirmare
1184 1843 1375 1895 conati
1409 1844 1567 1909 sunt,
1602 1846 1661 1894 ut
1691 1844 1952 1913 tempore
1988 1850 2034 1911 Β

296 1910 436 1967 divae
482 1914 790 1968 memoriis
837 1911 1065 1965 Ottonis
1107 1913 1374 1981 secundi,
1415 1933 1435 1960 ι
1473 1917 1611 1981 elc.,
1661 1914 1720 1964 ut
1765 1910 1952 1963 habes

294 1983 411 2038 loco
440 1988 582 2038 an‘e
613 1983 807 2038 citato.

936 2103 1188 2160 CAPUT
1226 2105 1296 2159 II.

293 2231 371 2285 De
379 2231 659 2302 pactione
679 2228 1454 2302 Malmunyaricnsiunicnm
1466 2228 1516 2302 ᾼ
1527 2242 1716 2281 nnone
1736 2226 1954 2302 episco-

347 2296 437 2373 po,
464 2308 524 2356 et
544 2300 629 2356 de
650 2315 901 2371 corpore
916 2298 982 2354 S.
998 2299 1268 2374 Ailulpni
1286 2298 1543 2353 Colonia;-
1566 2296 1876 2352 translato.

353 2398 576 2452 Aderat
614 2397 907 2452 festivitas
940 2395 1002 2451 S.
1034 2396 1194 2450 Petri
1225 2411 1358 2466 quae
1389 2397 1636 2450 vocatur
1676 2395 1749 2448 ad
1789 2393 1900 2448 Vin
1922 2423 1951 2434 -

290 2486 428 2555 cula,
450 2487 511 2539 in
543 2501 668 2555 qua
699 2486 944 2557 contigit
971 2484 1124 2555 apud
1152 2499 1265 2539 nos
1287 2485 1513 2538 curiam
1544 2484 1807 2554 regalem
1838 2483 1909 2536 ba
1929 2512 1951 2523 -

288 2574 405 2626 beri
433 2589 659 2644 magna
689 2575 1021 2644 principum
1056 2572 1405 2643 frequentia.
1429 2572 1557 2625 Rex
1590 2571 1783 2625 adhuc
1810 2587 1953 2640 pue-

286 2663 445 2716 rulus
484 2677 682 2717 annos
725 2663 986 2716 infantiae
1030 2678 1147 2717 non
1198 2664 1570 2730 excesserat,
1613 2660 1721 2714 sed
1767 2665 1952 2714 mater

286 2750 626 2820 imperatrix
657 2766 766 2820 pro
798 2765 868 2804 eo
901 2752 1063 2805 vices
1103 2750 1162 2803 in
1198 2736 1503 2820 republica
1535 2749 1685 2802 satis
1715 2749 1946 2818 agebat.

351 2837 506 2894 Inter
522 2839 735 2909 plures
749 2840 1138 2908 coepiscopos
1155 2838 1315 2892 affuit
1333 2843 1386 2892 et
1402 2836 1948 2892 AnnoColoniensis

287 2928 806 2999 archiepiscopus,
843 2928 942 2997 qui
971 2932 1177 2995 postea
1208 2943 1327 2982 non
1356 2928 1486 2981 sine
1518 2926 1735 2998 injuria
1765 2925 1948 2997 regiae

292 3016 616 3088 dignitatis,
648 3016 888 3087 injectis
918 3015 977 3068 in
1005 3016 1304 3070 dominum
1335 3031 1510 3070 suum
1550 3014 1845 3084 manibus,
1881 3030 1949 3068 ac

289 3105 451 3174 quasi
481 3103 719 3159 tutandi
746 3105 965 3176 gratia,
1009 3118 1196 3174 puero
1236 3120 1270 3157 a
1308 3106 1489 3158 matre
1519 3118 1630 3174 per
1656 3104 1775 3157 vim
1804 3103 1947 3158 abs-

288 3196 496 3263 tracto,
528 3208 656 3246 non
690 3192 975 3247 dubitavit
1003 3193 1073 3246 ad
1105 3208 1174 3247 se
1201 3191 1650 3262 transferrejus
1680 3191 1946 3247 domina-
1980 3191 2032 3255 0

288 3283 456 3336 tionis
485 3296 649 3336 ausu
683 3281 1011 3336 temerario.
1046 3281 1247 3350 Hunc,
1278 3279 1411 3351 quia
1441 3280 1534 3334 vir
1562 3284 1687 3336 erat
1713 3296 1946 3352 magnae

286 3369 597 3424 industria
607 3370 884 3441 aerisque
898 3369 1363 3440 ingenii,adeunt
1376 3369 1944 3424 Malmundarienses

285 3459 578 3527 monachi,
598 3458 893 3528 talemque
921 3459 1348 3513 consulendum
1376 3458 1516 3514 utile
1549 3458 1667 3514 sibi
1687 3458 1948 3528 profutu-

286 3562 407 3602 rum
437 3549 654 3617 putant
693 3546 765 3601 de
802 3546 1120 3601 intentione
1157 3548 1252 3600 sui
1290 3546 1541 3602 consilii.
1580 3548 1727 3603 Post
1755 3548 1939 3618 plura,

285 3635 495 3707 quibus
508 3638 755 3691 cautum
778 3635 1073 3690 hominem
1094 3634 1152 3688 in
1175 3634 1268 3689 sui
1293 3636 1744 3692 familiaritatem
1765 3636 1947 3691 ascis-

287 3728 437 3793 cunt,
449 3725 526 3779 ad
543 3725 749 3778 locum
766 3739 961 3790 suum,
981 3723 1470 3778 Malmundarium
1483 3725 1713 3780 visendi
1734 3725 1944 3797 gratia,

285 3811 931 3883 invitant,tutoremque
944 3826 1140 3866 rerum
1157 3813 1598 3883 suarum,quasi
1616 3813 1675 3866 in
1686 3829 1801 3883 quo
1815 3814 1947 3867 sitae

285 3900 470 3956 forent
490 3917 644 3971 epes
665 3915 930 3971 opesque
952 3915 1181 3970 omnes,
1198 3901 1448 3955 fortunae
1467 3916 1594 3956 suae
1612 3902 1945 3957 conciliant.

348 3989 671 4044 Habebant
716 3993 857 4043 tunc
896 4004 1115 4058 corpus
1156 3988 1468 4060 cujusdam
1510 3990 1772 4059 probatae
1811 3990 1947 4045 fidei

286 4078 637 4146 sanctitatis,
681 4093 857 4147 quem
898 4077 1097 4131 dicunt
1146 4076 1506 4147 Ailulphum,
1554 4094 1729 4149 quem
1776 4081 1948 4133 etiam

285 4167 513 4220 tradunt
529 4166 785 4219 annales
800 4166 990 4234 primo
1007 4166 1277 4220 abbatem
1296 4164 1728 4235 Stabulensem,
1743 4171 1948 4238 postea

287 4252 469 4309 fuisse
482 4254 837 4326 Agrippina
851 4254 1362 4323 archiepiscopum
1375 4254 1698 4324 .Hunc,uta
1712 4256 1949 4310 domino

288 4341 488 4397 abbate
533 4341 910 4397 Theoderico
950 4342 1065 4401 sibi
1108 4344 1359 4412 expetat,
1408 4359 1590 4413 prava
1635 4344 1952 4399 sollicitant

287 4432 712 4502 suggestione,
756 4433 850 4497 ut,
893 4445 963 4484 eo
994 4431 1308 4500 translato,
1341 4432 1511 4502 quasi
1545 4431 1679 4503 ejus
1712 4432 1951 4487 obtentu

288 4523 635 4587 speraretur
662 4519 869 4573 eadem
907 4518 1076 4573 locus
1117 4519 1230 4573 sub
1271 4518 1460 4589 ipsius
1504 4519 1741 4576 ditione.
1782 4520 1946 4603 Quod
1983 4537 2039 4600 ι)

287 4612 476 4662 utrum
508 4606 646 4678 ejus
685 4607 985 4661 voluntate
1017 4608 1095 4659 sit
1129 4607 1367 4677 factum,
1401 4610 1724 4676 nescimus,
1756 4612 1950 4665 tamen

288 4694 361 4749 ita
379 4697 664 4751 evenisse
698 4694 1004 4765 indignum
1028 4695 1287 4750 tulimus.
1311 4696 1593 4752 Dominus
1612 4698 1797 4753 abbas
1827 4703 1952 4753 tan-

286 4799 454 4854 quam
485 4785 739 4855 ignarus
769 4782 903 4854 ejus
931 4783 1039 4852 rei,
1063 4785 1308 4855 rogatus
1329 4800 1730 4858 annuere,non
1761 4787 1951 4842 distu-

286 4871 365 4940 lit,
388 4872 549 4942 quod
579 4871 981 4942 postmodum,
1016 4873 1151 4926 licet
1183 4888 1253 4928 eo
1285 4889 1400 4927 non
1433 4874 1952 4944 animadvertente,

289 4961 464 5014 totius
496 4961 811 5030 sequentis
840 4960 979 5014 mali
1007 4961 1245 5016 occasio
1283 4963 1514 5017 claruit.
1548 4963 1697 5017 Nam
1726 4967 1788 5019 ut
1817 4968 1957 5021 tunc

289 5047 554 5119 plerique
572 5047 830 5119 quodam
851 5049 1150 5121 praesagio
1171 5050 1308 5104 mali
1330 5051 1770 5123 significavere,
1793 5069 1861 5108 eo
1883 5070 1956 5108 ex

292 5140 550 5206 tempore
593 5153 727 5190 cum
775 5136 895 5191 illis
940 5152 1093 5208 pene
1133 5139 1328 5192 omnia
1371 5139 1425 5194 ei
1465 5140 1717 5196 adversa
1764 5141 1951 5197 fuere.

292 5222 475 5294 Igitur
502 5225 895 5296 archipraesul
926 5230 1242 5296 susceptas
1274 5229 1644 5283 venerabiles
1674 5230 1954 5300 reliquias

292 5310 469 5383 hujus
493 5330 673 5385 quem
701 5313 932 5384 prtefati
963 5330 1174 5370 sumus
1202 5316 1394 5371 sancti
1420 5317 1642 5371 honore
1664 5319 1955 5390 condigno

292 5402 624 5457 recondidit
653 5402 718 5457 in
744 5402 877 5458 loco
907 5419 1083 5474 quem
1102 5405 1350 5461 decebat
1378 5410 1694 5476 martyrem
1715 5405 1954 5462 Christi.

890 5506 1331 5550 ADNO’I'ATIONIS
1342 5535 1356 5551 ο

356 5570 674 5659 {lababant
692 5584 830 5634 tunc
840 5596 1053 5661 corpus
1069 5581 1373 5704 cqjusdam
1382 5582 1652 5666 probatae
1668 5583 1812 5640 ﬁdei
1820 5601 1957 5640 san-

356 5654 552 5704 itatis.
584 5665 751 5704 auem
791 5651 994 5704 dicunt
1023 5651 1101 5704 Αι
1132 5650 1384 5704 ulnbnm.
1420 5653 1529 5704 Hic
1559 5655 1713 5704 Idem
1747 5659 1856 5704 est-
1890 5661 1956 5704 ut.

297 5650 552 5725 ctitatis,
584 5665 751 5725 quem
791 5650 994 5725 dicunt
1023 5650 1400 5725 Aiﬂglpbamf
1420 5653 1529 5709 Hic
1558 5655 1714 5709 idem
1747 5659 1857 5725 est,
1890 5661 1956 5713 ut

295 5719 710 5797 existimo,'qui
729 5737 764 5779 α
792 5721 1023 5782 Molano
1051 5722 1113 5781 in
1142 5719 1458 5786 Natalibus
1488 5729 1828 5787 sanctorum
1845 5719 1954 5789 'no~

1258 300 1766 365 TRIUMPHUS
1809 298 1875 362 S.
1924 296 2330 360 REMACLI.
2383 329 2455 344 -
2499 293 2657 357 LIB.
2701 295 2750 356 Ι.

3603 294 3723 362 294

2918 495 3255 575 quoﬁidem‘
3286 495 3377 575 sic
3409 495 3716 575 loquitur:

2073 589 2093 613 ιι
2121 566 2381 620 Coloniae
2410 563 2620 618 natalis
2643 567 2699 636 et
2720 564 3022 618 translatio
3044 563 3104 618 S.
3124 565 3422 636 Agilolphi
3452 563 3723 635 ejusdem

2071 636 2241 718 urbis
2274 635 2721 756 archiepiscopi.
2739 638 2796 688 et
2825 636 3120 716 martyris.
3148 635 3257 718 Hic
3289 636 3599 717 .loppiliam
3620 652 3720 691 ve-

2071 723 2234 756 nisse
2266 707 2547 756 scribitur
2575 722 2631 756 in
2708 708 2786 756 ita
2815 705 2875 756 S.
2910 704 3230 756 SWItberti.
3262 705 3388 756 Kal.
3414 707 3622 756 Martn.
3648 706 3720 756 ad

2070 708 2234 760 nissc
2266 706 2547 760 scribitur
2575 705 2631 758 in
2654 704 2786 759 Vita
2815 705 2875 758 S.
2910 704 3230 774 vaitberti,
3262 705 3388 760 Kal.
3408 704 3623 775 Martii,
3648 706 3722 762 ad

2067 776 2787 848 aegrotantemql’ippinum
2817 775 3160 848 principem,
3184 776 3544 848 multumque
3573 777 3720 831 alla—

2066 846 2317 902 borasse
2350 863 2422 901 ne
2454 846 2751 899 hacredem
2781 846 3069 898 scriberet
3089 846 3360 900 Carolum
3391 848 3719 901 Martellum

2067 936 2137 970 cx
2169 919 2412 987 Alpaide
2444 918 2652 984 pellice
2683 918 2963 987 genitum.
2997 916 3160 981 Quod
3193 921 3387 971 tamen
3408 918 3720 986 impetrare

2066 1005 2180 1042 non
2220 989 2421 1057 potuit.
2443 987 2677 1059 Deinde
2708 1003 2926 1056 passus
2958 990 3068 1059 est
3109 988 3446 1057 martyrium
3479 988 3538 1059 in
3567 1004 3720 1059 pago

2066 1059 2480 1113 Arduennensi
2511 1057 2835 1125 Amblavae,
2869 1058 2967 1128 qui
3009 1057 3175 1112 locus
3207 1074 3239 1110 a
3269 1057 3721 1128 praeterﬂuentis

2064 1129 2325 1184 ﬂuminis
2356 1129 2591 1182 nomine
2625 1129 2714 1181 sic
2746 1134 2991 1182 vocatur
3016 1132 3073 1182 et
3101 1129 3159 1182 in
3189 1129 3442 1182 ecclesia
3472 1128 3532 1183 S.
3562 1129 3720 1184 Lau-

2063 1200 2237 1253 rentii
2255 1198 2776 1252 Malmundariensi
2793 1198 3149 1270 monasterio
3164 1199 3439 1270 contigua
3452 1200 3721 1268 sepultus

2064 1274 2175 1334 est,
2200 1274 2257 1323 et
2288 1270 2470 1323 variis
2497 1270 2708 1340 claruit
2728 1269 3052 1340 miraculis.
3073 1269 3300 1340 Deipso
3319 1269 3602 1340 scriptum
3631 1272 3725 1325 est

2065 1340 2469 1393 Malmundarii
2504 1340 2562 1393 in
2588 1338 2739 1392 libro
2771 1338 3277 1394 miraculorum’S.
3312 1338 3539 1404 Quirini
3568 1356 3719 1394 mar-

2066 1410 2237 1480 tyris:
2268 1410 2462 1463 Nobili
2482 1414 2681 1479 styrpe
2695 1410 2909 1477 editus,
2932 1410 3180 1479 Anglino
3198 1411 3310 1463 loci
3331 1411 3511 1481 hujus
3525 1412 3722 1465 abbati

2064 1497 2093 1531 a
2126 1481 2473 1550 parentibus
2506 1483 2598 1534 est
2628 1481 2876 1534 traditus
2907 1481 3020 1533 sub
3053 1481 3413 1534 institutione
3448 1482 3722 1550 menachi

2065 1551 2420 1621 regulariter
2432 1550 2970 1621 informandus.Qui
2987 1552 3170 1620 patris
3185 1552 3508 1621 spiritualis
3522 1567 3720 1606 mores

2064 1620 2345 1689 imitatus,
2390 1620 2659 1689 ejusdem
2708 1622 2765 1674 in
2814 1623 3110 1676 voluntate
3140 1623 3245 1676 Dei
3279 1637 3601 1676 successor
3628 1625 3722 1676 est

2064 1692 2277 1746 factus.
2305 1692 2451 1746 Dein
2483 1692 2611 1744 sedi
2633 1692 2971 1745 Coloniensi
2999 1694 3247 1747 antistes
3278 1692 3469 1760 datus,
3490 1692 3720 1747 abbatis

2064 1763 2234 1833 etiam
2260 1779 2375 1815 non
2399 1762 2670 1833 deposuit
2692 1763 3066 1825 onus,donec
3092 1768 3401 1833 utrumque
3434 1762 3720 1817 strenuis-

2065 1832 2213 1885 sime
2245 1832 2653 1903 gubernando,
2686 1836 2929 1901 propter
2960 1832 3133 1886 ﬁdem
3164 1832 3353 1903 regni,
3388 1833 3540 1902 apud
3572 1833 3721 1886 Am-

2062 1903 2294 1956 blavam
2319 1907 2636 1956 coronatus
2658 1904 2750 1955 est
2765 1905 3064 1972 martyrio,
3087 1906 3258 1973 atque
3287 1904 3439 1973 apud
3469 1919 3600 1971 nos,
3620 1903 3723 1958 ubi

2064 1973 2296 2027 abbatis
2344 1973 2662 2042 praefuerat
2699 1973 2933 2026 nomine
2982 1977 3039 2027 et
3085 1988 3298 2043 opere,
3345 1989 3535 2043 usque
3582 1975 3719 2028 dum

2063 2044 2224 2098 Deus
2272 2044 2483 2111 voluit,
2527 2044 2718 2097 locum
2761 2043 2960 2114 habuit
2997 2044 3338 2114 sepulturae.
3386 2043 3724 2099 Chronicon

2061 2130 2204 2185 vero
2235 2114 2535 2185 vulgatum
2567 2113 2920 2168 ()oloniense
2961 2113 3137 2185 habet
3176 2115 3441 2168 occisum
3480 2131 3616 2170 esse
3648 2115 3722 2170 ab

2063 2183 2362 2252 hostibus,
2391 2184 2528 2237 dum
2574 2200 2755 2237 causa
2791 2185 2956 2252 pacis
2989 2201 3020 2237 a
3052 2184 3317 2239 Martello
3348 2185 3420 2240 ad
3452 2185 3722 2240 Saxones

2063 2253 2428 2325 mitteretur;
2483 2255 2758 2324 quodque
2780 2255 3175 2325 _afBrunone,
3218 2257 3317 2325 qui
3368 2255 3551 2311 frater
3598 2259 3723 2310 erat
3804 2260 3811 2263 ’

2062 2323 2310 2378 Othonis
2342 2323 2736 2392 imperatoris,
2767 2323 3067 2395 Coloniam
3098 2325 3170 2378 ad
3202 2323 3427 2395 gradus
3458 2326 3537 2379 sit
3565 2327 3720 2380 dela-

2062 2397 2179 2449 tus.
2213 2395 2328 2448 Sed
2366 2409 2479 2466 ego
2520 2395 2740 2466 caedem
2776 2393 3042 2466 episcopi
3085 2396 3156 2448 ad
3198 2393 3459 2464 tempora
3490 2396 3593 2449 ﬁlii
3623 2399 3722 2451 aut

2063 2470 2366 2536 nepotum,
2414 2464 2514 2535 qui
2545 2465 2733 2536 etiam
2773 2468 2988 2536 contra
3015 2464 3282 2519 Saxones
3322 2467 3716 2536 bellaverunt,

2063 2535 2286 2589 referre
2318 2551 2432 2589 non
2463 2535 2699 2607 dubito;
2740 2550 2809 2589 eo
2843 2535 2999 2605 quod
3028 2536 3238 2590 litterae
3268 2536 3586 2601 Zachariae,
3620 2535 3720 2607 qui

2065 2610 2296 2678 mortuo
2330 2606 2590 2659 Mai-lello
2611 2606 2801 2678 factus
2824 2609 2915 2659 est
2936 2607 3217 2675 pontifex,
3239 2607 3310 2660 de
3333 2608 3525 2678 legato
3547 2606 3719 2662 Boni-

2066 2676 2217 2748 facio
2249 2678 2586 2745 recipiendo
2624 2677 2694 2730 ad
2734 2692 2875 2748 eum
2907 2678 3081 2731 etiam
3113 2676 3464 2748 dirigantur.
3502 2678 3720 2732 Deinde

2066 2746 2321 2800 Historia
2352 2748 2412 2801 S.
2449 2749 2744 2814 Annonis,
2787 2747 2878 2800 cui
2918 2749 3159 2801 multum
3192 2746 3282 2802 cst
3312 2749 3715 2816 tribuendum,

2066 2821 2313 2870 testatur
2341 2817 2401 2872 S.
2426 2818 2738 2889 Agilolphi
2768 2833 2984 2889 corpus
3017 2835 3090 2872 ex
3121 2819 3546 2873 Malmundario
3575 2835 3718 2873 ave-

2065 2892 2219 2940 ctum
2252 2904 2389 2941 esse
2407 2888 2709 2942 Coloniam
2739 2903 2846 2958 per
2874 2888 2933 2943 S.
2969 2889 3295 2957 Annonem,
3327 2890 3427 2943 ubi
3456 2890 3512 2943 id
3541 2906 3719 2958 repo-

2059 2958 2201 3025 suit,
2221 2958 2278 3032 _in
2312 2960 2681 3032 monasterio
2704 2975 2814 3032 suo
2844 2959 2917 3032 ad
2948 2961 3195 3032 gradus.
3221 2960 3326 3032 Est
3348 2964 3542 3032 autem
3571 2958 3720 3032 Mal-

2061 3029 2430 3099 mundarium
2462 3030 2722 3083 secunda
2767 3030 2827 3084 S.
2864 3029 3123 3084 Remacli
3152 3031 3413 3099 abbatia,
3448 3048 3480 3083 a
3502 3030 3719 3085 Stabu-

2060 3098 2211 3152 lcnsi
2251 3099 2621 3168 dependens,
2665 3100 2801 3154 olim
2842 3100 3122 3155 diuecesis
3157 3100 3568 3167 Coloniensis,
3609 3102 3719 3155 sed

2061 3185 2234 3240 nunc,
2255 3170 2366 3223 nisi
2391 3169 2575 3238 fallor,
2596 3170 2944 3225 Leodiensis
2961 3171 3259 3237 territorii,
3284 3171 3474 3240 quoad
3509 3174 3720 3225 utram-

2061 3239 2683 3323 qu‘ejuri‘sdicti‘onem.
2710 3242 2857 3323 Dum
2882 3241 3035 3295 enim
3058 3239 3346 3323 D._P.opp’o
3379 3241 3474 3323 his
3504 3257 3721 3323 praees-

2062 3314 2191 3383 set,
2212 3312 2496 3366 stabilivit
2522 3315 2802 3381 perpetua
2842 3312 3007 3383 lege,
3040 3315 3102 3366 ut
3139 3311 3719 3383 Malmundarienses

2058 3382 2454 3452 professionis
2480 3399 2606 3437 sum
2629 3382 3012 3452 sponsionem
3042 3383 3196 3452 apud
3225 3382 3614 3437 Stabulenses
3635 3384 3720 3437 fa-

2060 3456 2277 3508 cerent.
2314 3453 2536 3507 Natalis
2567 3453 2767 3507 incidit
2797 3454 2856 3508 in
2882 3452 3149 3508 ultimum
3178 3453 3331 3508 diem
3345 3453 3535 3508 Martii
3546 3455 3723 3521 ;seda

2063 3523 2516 3578 Coloniensibus
2544 3525 2716 3578 simul
2748 3541 2881 3578 cum
2910 3524 3292 3579 translatione
3324 3525 3604 3580 recolitur
3625 3525 3720 3580 die

2065 3611 2215 3649 nona
2245 3594 2405 3662 Julii,
2434 3610 2502 3667 eo
2535 3595 2692 3667 quod
2722 3595 2787 3667 in
2811 3596 2925 3659 fine
2958 3595 3150 3649 Martii
3181 3595 3449 3650 Ecclesia
3484 3611 3722 3667 semper

2060 3669 2381 3738 occupetur
2408 3665 2604 3738 ofﬁcio
2634 3666 3138 3738 Quadragesimae,
3173 3671 3272 3722 aut
3302 3667 3603 3737 passionis
3617 3665 3722 3722 vel

2059 3736 2521 3791 resurrectionis
2554 3736 2806 3791 Domini.
2853 3760 2875 3785 ι»

2692 3824 2940 3881 CAPUT
2980 3826 3080 3880 ΙΙΙ.

2064 3914 2439 3989 Conspiratio
2454 3913 2829 3989 Colonignsis
2849 3920 2906 3989 et
2926 3915 3280 3989 Bremensis
3301 3916 3479 3989 simul
3492 3914 3719 3989 habita,

2133 3992 2190 4038 et
2227 3985 2600 4059 .gbhatiarugn
2624 3985 2940 4059 ACoI'beiae,
2972 3986 3335 4059 Laurisanni
3371 3985 3718 4059 Stabulaus,

2132 4060 2191 4107 et
2222 4055 2386 4109 Indae
2417 4056 2666 4110 traditio
2696 4056 2849 4127 ipsis
2881 4072 2912 4109 a
2944 4072 3088 4128 rege
3116 4057 3335 4128 injuste
3365 4058 3540 4113 facta.

2128 4143 2271 4196 Post
2299 4142 2429 4196 haec
2460 4143 2697 4213 quidam
2736 4144 2835 4214 qui
2877 4145 3250 4199 consultores
3291 4147 3637 4202 dicebantur
3663 4147 3722 4202 in

2058 4230 2231 4300 ipsis,
2258 4230 2475 4301 quique
2499 4233 2772 4285 auctores
2796 4234 2962 4285 erant
2980 4232 3184 4302 huius,
3208 4236 3271 4287 ut
3292 4234 3601 4289 videbatur
3623 4277 3636 4290 .
3664 4278 3676 4290 .
3703 4277 3721 4293 .

2058 4318 2362 4373 Coloniam
2394 4318 2629 4386 adeunt,
2657 4321 2713 4373 et
2734 4334 2866 4373 cum
2897 4319 3347 4389 archiepiscopo
3378 4322 3724 4378 confirmato

2060 4405 2308 4459 consilio
2332 4421 2457 4459 sum
2495 4422 2670 4477 quam
2704 4406 3090 4477 praediximus
3123 4408 3463 4462 intentionis
3486 4410 3604 4464 voti
3630 4410 3722 4464 sui

2060 4496 2358 4564 compotes
2389 4495 2626 4549 domum
2657 4495 2932 4550 redeunt.

2131 4582 2204 4635 Hi
2236 4584 2504 4654 regressi
2535 4584 2808 4654 improbe
2841 4585 3015 4640 nobis
3048 4587 3403 4656 insultando,
3437 4587 3551 4642 sibi
3580 4601 3722 4643 vero

2063 4673 2488 4743 congaudendo
2520 4673 2944 4729 consodalibus
2976 4676 3107 4729 suis
3134 4675 3409 4730 dicuntur
3435 4675 3545 4729 hoc
3575 4690 3724 4730 nun-

2064 4761 2208 4813 tium
2229 4761 2301 4814 ab
2318 4761 2768 4833 archiepiscopo
2800 4762 3110 4832 detulisse,
3134 4764 3277 4817 nihil
3304 4778 3410 4818 eos
3430 4763 3510 4835 de
3542 4779 3609 4817 se
3628 4761 3725 4818 vel

2064 4864 2171 4902 suo
2206 4849 2505 4918 promisso
2529 4850 2818 4921 difﬁdere,
2841 4867 2980 4905 sese
3011 4851 3151 4920 illis,
3173 4855 3447 4922 tanquam
3477 4856 3721 4923 patrem,

2062 4936 2379 4992 affuturum
2407 4939 2466 4992 in
2497 4940 2657 4995 omni
2682 4939 3007 5010 juvamine,
3039 4942 3325 5011 prteterca
3356 4955 3422 4995 se
3453 4955 3592 4995 esse
3624 4955 3725 4995 se-

2064 5042 2271 5079 curum
2302 5043 2367 5080 ac
2399 5027 2451 5079 si
2488 5042 2592 5082 eos
2629 5026 2754 5099 jam
2798 5028 2855 5082 in
2894 5045 3106 5083 manus
3144 5028 3389 5084 haberet
3429 5042 3562 5084 cum
3589 5029 3722 5085 loco

1961 5128 1974 5142 '
2062 5114 2342 5184 omnique
2372 5114 2485 5167 loci
2516 5100 2928 5183 possessione.

2134 5199 2361 5265 Quibus
2378 5201 2582 5256 verbis
2613 5203 2671 5255 in
2703 5219 2868 5273 spem
2903 5205 2984 5260 illi
3006 5208 3224 5261 certam
3247 5205 3481 5262 adducti
3503 5206 3724 5263 felicio-

2065 5304 2162 5342 res
2186 5304 2252 5342 se
2274 5290 2448 5343 nobis
2479 5290 2762 5360 deinceps
2784 5292 2910 5347 fore
2931 5293 3298 5365 jactitabant,
3331 5299 3391 5349 ut
3412 5299 3542 5365 pote
3572 5312 3725 5367 quos

2066 5378 2432 5448 contingeret
2462 5379 2726 5447 pacatius
2748 5379 3091 5453 diutiusque
3122 5384 3236 5438 sub
3266 5382 3367 5438 illo
3387 5384 3585 5438 vivere
3608 5400 3726 5439 non

2064 5480 2245 5519 secus
2277 5481 2452 5537 quam
2475 5466 2770 5521 volebant.
2794 5468 2882 5522 Ac
2903 5486 2976 5524 ne
3006 5470 3158 5526 forte
3189 5473 3261 5528 ab
3292 5473 3410 5527 illis
3440 5473 3589 5527 falsa
3618 5488 3726 5544 pro

2065 5553 2246 5608 certis
2259 5553 2506 5609 ﬁnxisse
2525 5555 3102 5628 arguamur,idoneis
3115 5559 3467 5631 quibusdam
3486 5578 3559 5617 ex
3574 5561 3725 5631 ipsis

2065 5658 2173 5712 pro
2204 5645 2355 5698 teste
2382 5642 2618 5713 utimur,
2643 5643 2871 5701 dixisse
2891 5646 3166 5703 videlicet
3187 5648 3316 5704 hac
3335 5647 3517 5704 verba
3546 5648 3726 5703 Lam-

2063 5730 2319 5805 bertum,
2352 5747 2533 5789 unum
2562 5747 2638 5790 ex
2676 5732 2771 5792 his
2801 5734 2905 5811 qui
2934 5735 3201 5795 adierant
3227 5736 3592 5814 episcopum,
3624 5735 3726 5817 qui
