  <div class='ocr_page' id='page_1' title='image "/cluster/home/n/w/nwhite01/storage/ocr_20150623/149/hvd.32044054760079/153.png"; bbox 0 0 4058 6182; ppageno 0'>
   <div class='ocr_carea' id='block_1_1' title="bbox 354 285 569 350">
    <p class='ocr_par' dir='ltr' id='par_1_1' title="bbox 354 285 569 350">
     <span class='ocr_line' id='line_1_1' title="bbox 354 285 569 350; baseline -0.005 1"><span class='ocrx_word' id='word_1_1' title='bbox 354 285 569 350; x_wconf 48' lang='grc' dir='ltr'><strong>ίκκκ</strong></span> 
     </span>
    </p>
   </div>
   <div class='ocr_carea' id='block_1_2' title="bbox 454 452 2192 549">
    <p class='ocr_par' dir='ltr' id='par_1_2' title="bbox 454 452 2192 549">
     <span class='ocr_line' id='line_1_2' title="bbox 454 452 2192 549; baseline -0.01 -16"><span class='ocrx_word' id='word_1_2' title='bbox 454 477 917 549; x_wconf 85' lang='lat' dir='ltr'><strong>postimmatura</strong></span> <span class='ocrx_word' id='word_1_3' title='bbox 947 474 1134 527; x_wconf 85' lang='lat' dir='ltr'><strong>morte</strong></span> <span class='ocrx_word' id='word_1_4' title='bbox 1162 472 1502 542; x_wconf 68' lang='lat' dir='ltr'><strong>prmventus</strong></span> <span class='ocrx_word' id='word_1_5' title='bbox 1521 483 1656 523; x_wconf 91' lang='lat' dir='ltr'><strong>cum</strong></span> <span class='ocrx_word' id='word_1_6' title='bbox 1686 465 1806 520; x_wconf 89' lang='lat' dir='ltr'><strong>vita</strong></span> <span class='ocrx_word' id='word_1_7' title='bbox 1833 465 1894 519; x_wconf 91' lang='lat' dir='ltr'><strong>in</strong></span> <span class='ocrx_word' id='word_1_8' title='bbox 1921 461 2118 518; x_wconf 89' lang='lat' dir='ltr'><strong>medio</strong></span> <span class='ocrx_word' id='word_1_9' title='bbox 2149 452 2192 516; x_wconf 72' lang='grc' dir='ltr'>Α</span> 
     </span>
    </p>
   </div>
   <div class='ocr_carea' id='block_1_3' title="bbox 459 562 1052 636">
    <p class='ocr_par' dir='ltr' id='par_1_3' title="bbox 459 562 1052 636">
     <span class='ocr_line' id='line_1_3' title="bbox 459 562 1052 636; baseline -0.012 -14"><span class='ocrx_word' id='word_1_10' title='bbox 459 565 694 636; x_wconf 79' lang='lat' dir='ltr'><strong>reliquit</strong></span> <span class='ocrx_word' id='word_1_11' title='bbox 716 562 1052 618; x_wconf 86' lang='lat' dir='ltr'><strong>consilium.</strong></span> 
     </span>
    </p>
   </div>
   <div class='ocr_carea' id='block_1_4' title="bbox 530 639 2118 724">
    <p class='ocr_par' dir='ltr' id='par_1_4' title="bbox 530 639 2118 724">
     <span class='ocr_line' id='line_1_4' title="bbox 530 639 2118 724; baseline -0.011 -14"><span class='ocrx_word' id='word_1_12' title='bbox 530 655 663 710; x_wconf 90' lang='lat' dir='ltr'><strong>Non</strong></span> <span class='ocrx_word' id='word_1_13' title='bbox 695 668 840 724; x_wconf 90' lang='lat' dir='ltr'><strong>ergo</strong></span> <span class='ocrx_word' id='word_1_14' title='bbox 873 651 1010 722; x_wconf 88' lang='lat' dir='ltr'><strong>quis</strong></span> <span class='ocrx_word' id='word_1_15' title='bbox 1030 649 1282 704; x_wconf 73' lang='lat' dir='ltr'><strong>aestimet</strong></span> <span class='ocrx_word' id='word_1_16' title='bbox 1295 647 1422 701; x_wconf 65' lang='lat' dir='ltr'><strong>hanc</strong></span> <span class='ocrx_word' id='word_1_17' title='bbox 1454 645 1604 699; x_wconf 90' lang='lat' dir='ltr'><strong>mala</strong></span> <span class='ocrx_word' id='word_1_18' title='bbox 1626 644 1697 699; x_wconf 89' lang='lat' dir='ltr'><strong>de</strong></span> <span class='ocrx_word' id='word_1_19' title='bbox 1719 639 2118 698; x_wconf 87' lang='lat' dir='ltr'><strong>confratribus</strong></span> 
     </span>
    </p>
   </div>
   <div class='ocr_carea' id='block_1_5' title="bbox 460 733 2119 799">
    <p class='ocr_par' dir='ltr' id='par_1_5' title="bbox 460 733 2119 799">
     <span class='ocr_line' id='line_1_5' title="bbox 460 733 2119 799; baseline -0.011 0"><span class='ocrx_word' id='word_1_20' title='bbox 460 741 926 799; x_wconf 89' lang='lat' dir='ltr'><strong>nostrisidcirco</strong></span> <span class='ocrx_word' id='word_1_21' title='bbox 959 754 1069 793; x_wconf 90' lang='lat' dir='ltr'><strong>nos</strong></span> <span class='ocrx_word' id='word_1_22' title='bbox 1098 735 1444 791; x_wconf 87' lang='lat' dir='ltr'><strong>meminisse</strong></span> <span class='ocrx_word' id='word_1_23' title='bbox 1468 737 1528 788; x_wconf 90' lang='lat' dir='ltr'><strong>ut</strong></span> <span class='ocrx_word' id='word_1_24' title='bbox 1550 733 1821 786; x_wconf 87' lang='lat' dir='ltr'><strong>malimus</strong></span> <span class='ocrx_word' id='word_1_25' title='bbox 1852 746 1956 784; x_wconf 90' lang='lat' dir='ltr'><strong>eos</strong></span> <span class='ocrx_word' id='word_1_26' title='bbox 1987 743 2119 799; x_wconf 89' lang='lat' dir='ltr'><strong>per-</strong></span> 
     </span>
    </p>
   </div>
   <div class='ocr_carea' id='block_1_6' title="bbox 460 823 2121 904">
    <p class='ocr_par' dir='ltr' id='par_1_6' title="bbox 460 823 2121 904">
     <span class='ocr_line' id='line_1_6' title="bbox 460 823 2121 904; baseline -0.011 -16"><span class='ocrx_word' id='word_1_27' title='bbox 460 847 662 904; x_wconf 87' lang='lat' dir='ltr'><strong>peram</strong></span> <span class='ocrx_word' id='word_1_28' title='bbox 688 845 862 901; x_wconf 89' lang='lat' dir='ltr'><strong>quam</strong></span> <span class='ocrx_word' id='word_1_29' title='bbox 884 832 1044 882; x_wconf 89' lang='lat' dir='ltr'><strong>recte</strong></span> <span class='ocrx_word' id='word_1_30' title='bbox 1067 827 1286 881; x_wconf 81' lang='lat' dir='ltr'><strong>fecisse</strong></span> <span class='ocrx_word' id='word_1_31' title='bbox 1307 843 1321 890; x_wconf 89' lang='lat'><strong>;</strong></span> <span class='ocrx_word' id='word_1_32' title='bbox 1347 823 1453 878; x_wconf 90' lang='lat' dir='ltr'><strong>sed</strong></span> <span class='ocrx_word' id='word_1_33' title='bbox 1471 823 1639 876; x_wconf 86' lang='lat' dir='ltr'><strong>nefas</strong></span> <span class='ocrx_word' id='word_1_34' title='bbox 1669 824 1942 890; x_wconf 82' lang='lat' dir='ltr'><strong>putamus</strong></span> <span class='ocrx_word' id='word_1_35' title='bbox 1962 833 2121 887; x_wconf 85' lang='lat' dir='ltr'><strong>prae-</strong></span> 
     </span>
    </p>
   </div>
   <div class='ocr_carea' id='block_1_7' title="bbox 458 908 2122 985">
    <p class='ocr_par' dir='ltr' id='par_1_7' title="bbox 458 908 2122 985">
     <span class='ocr_line' id='line_1_7' title="bbox 458 908 2122 985; baseline -0.011 -9"><span class='ocrx_word' id='word_1_36' title='bbox 458 920 811 976; x_wconf 88' lang='lat' dir='ltr'><strong>tereundum</strong></span> <span class='ocrx_word' id='word_1_37' title='bbox 850 916 1086 972; x_wconf 90' lang='lat' dir='ltr'><strong>silentio</strong></span> <span class='ocrx_word' id='word_1_38' title='bbox 1133 913 1418 985; x_wconf 84' lang='lat' dir='ltr'><strong>quidquid</strong></span> <span class='ocrx_word' id='word_1_39' title='bbox 1450 912 1648 966; x_wconf 82' lang='lat' dir='ltr'><strong>dicere</strong></span> <span class='ocrx_word' id='word_1_40' title='bbox 1689 908 1945 979; x_wconf 77' lang='lat' dir='ltr'><strong>postulat</strong></span> <span class='ocrx_word' id='word_1_41' title='bbox 1980 921 2122 960; x_wconf 92' lang='lat' dir='ltr'><strong>sus-</strong></span> 
     </span>
    </p>
   </div>
   <div class='ocr_carea' id='block_1_8' title="bbox 462 1005 1021 1080">
    <p class='ocr_par' dir='ltr' id='par_1_8' title="bbox 462 1005 1021 1080">
     <span class='ocr_line' id='line_1_8' title="bbox 462 1005 1021 1080; baseline -0.011 -16"><span class='ocrx_word' id='word_1_42' title='bbox 462 1010 614 1080; x_wconf 90' lang='lat' dir='ltr'><strong>cepti</strong></span> <span class='ocrx_word' id='word_1_43' title='bbox 635 1007 836 1078; x_wconf 88' lang='lat' dir='ltr'><strong>operis</strong></span> <span class='ocrx_word' id='word_1_44' title='bbox 854 1005 1021 1060; x_wconf 82' lang='lat' dir='ltr'><strong>ratio.</strong></span> 
     </span>
    </p>
   </div>
   <div class='ocr_carea' id='block_1_9' title="bbox 536 1082 2120 1168">
    <p class='ocr_par' dir='ltr' id='par_1_9' title="bbox 536 1082 2120 1168">
     <span class='ocr_line' id='line_1_9' title="bbox 536 1082 2120 1168; baseline -0.011 -16"><span class='ocrx_word' id='word_1_45' title='bbox 536 1097 618 1152; x_wconf 88' lang='lat' dir='ltr'><strong>Eo</strong></span> <span class='ocrx_word' id='word_1_46' title='bbox 633 1097 814 1168; x_wconf 83' lang='lat' dir='ltr'>igitur</span> <span class='ocrx_word' id='word_1_47' title='bbox 836 1109 912 1148; x_wconf 86' lang='lat' dir='ltr'><strong>ex</strong></span> <span class='ocrx_word' id='word_1_48' title='bbox 940 1098 1201 1163; x_wconf 89' lang='lat' dir='ltr'><strong>tempore</strong></span> <span class='ocrx_word' id='word_1_49' title='bbox 1215 1087 1705 1159; x_wconf 80' lang='lat' dir='ltr'><strong>archiepiscopus</strong></span> <span class='ocrx_word' id='word_1_50' title='bbox 1738 1085 1997 1139; x_wconf 90' lang='lat' dir='ltr'><strong>animum</strong></span> <span class='ocrx_word' id='word_1_51' title='bbox 2019 1082 2120 1136; x_wconf 90' lang='lat' dir='ltr'><strong>illo</strong></span> 
     </span>
    </p>
   </div>
   <div class='ocr_carea' id='block_1_10' title="bbox 465 1179 2127 1253">
    <p class='ocr_par' dir='ltr' id='par_1_10' title="bbox 465 1179 2127 1253">
     <span class='ocr_line' id='line_1_10' title="bbox 465 1179 2127 1253; baseline -0.01 -12"><span class='ocrx_word' id='word_1_52' title='bbox 465 1186 790 1253; x_wconf 80' lang='lat' dir='ltr'><strong>intendere,</strong></span> <span class='ocrx_word' id='word_1_53' title='bbox 823 1182 1037 1250; x_wconf 89' lang='lat' dir='ltr'><strong>moliri,</strong></span> <span class='ocrx_word' id='word_1_54' title='bbox 1071 1179 1527 1250; x_wconf 78' lang='lat' dir='ltr'><strong>oportunitatem</strong></span> <span class='ocrx_word' id='word_1_55' title='bbox 1573 1189 1841 1247; x_wconf 78' lang='lat' dir='ltr'><strong>quaerere</strong></span> <span class='ocrx_word' id='word_1_56' title='bbox 1890 1184 2127 1243; x_wconf 92' lang='lat' dir='ltr'><strong>quoquo</strong></span> 
     </span>
    </p>
   </div>
   <div class='ocr_carea' id='block_1_11' title="bbox 465 1261 2129 1348">
    <p class='ocr_par' dir='ltr' id='par_1_11' title="bbox 465 1261 2129 1348">
     <span class='ocr_line' id='line_1_11' title="bbox 465 1261 2129 1348; baseline -0.011 -18"><span class='ocrx_word' id='word_1_57' title='bbox 465 1279 638 1348; x_wconf 89' lang='lat' dir='ltr'><strong>pacto</strong></span> <span class='ocrx_word' id='word_1_58' title='bbox 669 1271 959 1344; x_wconf 89' lang='lat' dir='ltr'><strong>potiundi.</strong></span> <span class='ocrx_word' id='word_1_59' title='bbox 998 1269 1124 1324; x_wconf 89' lang='lat' dir='ltr'><strong>Nec</strong></span> <span class='ocrx_word' id='word_1_60' title='bbox 1147 1267 1389 1322; x_wconf 85' lang='lat' dir='ltr'><strong>suberat</strong></span> <span class='ocrx_word' id='word_1_61' title='bbox 1417 1266 1471 1321; x_wconf 92' lang='lat' dir='ltr'><strong>ei</strong></span> <span class='ocrx_word' id='word_1_62' title='bbox 1520 1268 1762 1318; x_wconf 89' lang='lat' dir='ltr'><strong>strenuo</strong></span> <span class='ocrx_word' id='word_1_63' title='bbox 1793 1261 2129 1329; x_wconf 83' lang='lat' dir='ltr'><strong>valentique</strong></span> 
     </span>
    </p>
   </div>
   <div class='ocr_carea' id='block_1_12' title="bbox 467 1347 2125 1436">
    <p class='ocr_par' dir='ltr' id='par_1_12' title="bbox 467 1347 2125 1436">
     <span class='ocr_line' id='line_1_12' title="bbox 467 1347 2125 1436; baseline -0.011 -18"><span class='ocrx_word' id='word_1_64' title='bbox 467 1347 707 1436; x_wconf 85' lang='lat' dir='ltr'><strong>ingenio</strong></span> <span class='ocrx_word' id='word_1_65' title='bbox 738 1361 920 1416; x_wconf 85' lang='lat' dir='ltr'><strong>fidere</strong></span> <span class='ocrx_word' id='word_1_66' title='bbox 949 1357 1255 1429; x_wconf 87' lang='lat' dir='ltr'><strong>quodlibet</strong></span> <span class='ocrx_word' id='word_1_67' title='bbox 1284 1355 1503 1409; x_wconf 89' lang='lat' dir='ltr'><strong>factum</strong></span> <span class='ocrx_word' id='word_1_68' title='bbox 1526 1357 1660 1424; x_wconf 49' lang='lat' dir='ltr'><strong>.tam</strong></span> <span class='ocrx_word' id='word_1_69' title='bbox 1690 1353 1854 1405; x_wconf 87' lang='lat' dir='ltr'><strong>esset</strong></span> <span class='ocrx_word' id='word_1_70' title='bbox 1883 1347 2125 1403; x_wconf 86' lang='lat' dir='ltr'><strong>difficile</strong></span> 
     </span>
    </p>
   </div>
   <div class='ocr_carea' id='block_1_13' title="bbox 469 1435 2132 1523">
    <p class='ocr_par' dir='ltr' id='par_1_13' title="bbox 469 1435 2132 1523">
     <span class='ocr_line' id='line_1_13' title="bbox 469 1435 2132 1523; baseline -0.01 -17"><span class='ocrx_word' id='word_1_71' title='bbox 469 1435 609 1523; x_wconf 87' lang='lat' dir='ltr'><strong>quin</strong></span> <span class='ocrx_word' id='word_1_72' title='bbox 629 1435 886 1520; x_wconf 78' lang='lat' dir='ltr'><strong>coeptum</strong></span> <span class='ocrx_word' id='word_1_73' title='bbox 905 1451 1113 1518; x_wconf 88' lang='lat' dir='ltr'><strong>posset</strong></span> <span class='ocrx_word' id='word_1_74' title='bbox 1145 1446 1216 1499; x_wconf 91' lang='lat' dir='ltr'><strong>ad</strong></span> <span class='ocrx_word' id='word_1_75' title='bbox 1239 1459 1392 1514; x_wconf 90' lang='lat' dir='ltr'><strong>quos</strong></span> <span class='ocrx_word' id='word_1_76' title='bbox 1410 1442 1587 1496; x_wconf 87' lang='lat' dir='ltr'><strong>vellet</strong></span> <span class='ocrx_word' id='word_1_77' title='bbox 1603 1440 1797 1494; x_wconf 80' lang='lat' dir='ltr'><strong>exitus</strong></span> <span class='ocrx_word' id='word_1_78' title='bbox 1816 1438 1908 1492; x_wconf 89' lang='lat' dir='ltr'><strong>vir</strong></span> <span class='ocrx_word' id='word_1_79' title='bbox 1921 1435 2132 1490; x_wconf 80' lang='lat' dir='ltr'><strong>cautis-</strong></span> 
     </span>
    </p>
   </div>
   <div class='ocr_carea' id='block_1_14' title="bbox 471 1538 1038 1609">
    <p class='ocr_par' dir='ltr' id='par_1_14' title="bbox 471 1538 1038 1609">
     <span class='ocr_line' id='line_1_14' title="bbox 471 1538 1038 1609; baseline -0.009 -15"><span class='ocrx_word' id='word_1_80' title='bbox 471 1542 660 1594; x_wconf 89' lang='lat' dir='ltr'><strong>simus</strong></span> <span class='ocrx_word' id='word_1_81' title='bbox 691 1538 1038 1609; x_wconf 87' lang='lat' dir='ltr'><strong>perducere.</strong></span> 
     </span>
    </p>
   </div>
   <div class='ocr_carea' id='block_1_15' title="bbox 540 1613 2132 1695">
    <p class='ocr_par' dir='ltr' id='par_1_15' title="bbox 540 1613 2132 1695">
     <span class='ocr_line' id='line_1_15' title="bbox 540 1613 2132 1695; baseline -0.009 -13"><span class='ocrx_word' id='word_1_82' title='bbox 540 1630 684 1682; x_wconf 86' lang='lat' dir='ltr'><strong>Post</strong></span> <span class='ocrx_word' id='word_1_83' title='bbox 706 1627 865 1680; x_wconf 84' lang='lat' dir='ltr'><strong>illam</strong></span> <span class='ocrx_word' id='word_1_84' title='bbox 893 1638 1069 1695; x_wconf 85' lang='lat' dir='ltr'><strong>quam</strong></span> <span class='ocrx_word' id='word_1_85' title='bbox 1096 1619 1326 1692; x_wconf 87' lang='lat' dir='ltr'><strong>praefati</strong></span> <span class='ocrx_word' id='word_1_86' title='bbox 1361 1633 1570 1672; x_wconf 91' lang='lat' dir='ltr'><strong>sumus</strong></span> <span class='ocrx_word' id='word_1_87' title='bbox 1601 1617 1876 1671; x_wconf 85' lang='lat' dir='ltr'><strong>violatam</strong></span> <span class='ocrx_word' id='word_1_88' title='bbox 1908 1613 2132 1686; x_wconf 79' lang='lat' dir='ltr'><strong>regiam</strong></span> 
     </span>
    </p>
   </div>
   <div class='ocr_carea' id='block_1_16' title="bbox 473 1703 2133 1790">
    <p class='ocr_par' dir='ltr' id='par_1_16' title="bbox 473 1703 2133 1790">
     <span class='ocr_line' id='line_1_16' title="bbox 473 1703 2133 1790; baseline -0.011 -16"><span class='ocrx_word' id='word_1_89' title='bbox 473 1718 836 1790; x_wconf 86' lang='lat' dir='ltr'><strong>dignitatem,</strong></span> <span class='ocrx_word' id='word_1_90' title='bbox 877 1729 991 1784; x_wconf 90' lang='lat' dir='ltr'><strong>qua</strong></span> <span class='ocrx_word' id='word_1_91' title='bbox 1021 1727 1131 1765; x_wconf 89' lang='lat' dir='ltr'><strong>rex</strong></span> <span class='ocrx_word' id='word_1_92' title='bbox 1167 1725 1316 1780; x_wconf 90' lang='lat' dir='ltr'><strong>puer</strong></span> <span class='ocrx_word' id='word_1_93' title='bbox 1344 1706 1497 1760; x_wconf 88' lang='lat' dir='ltr'><strong>haud</strong></span> <span class='ocrx_word' id='word_1_94' title='bbox 1531 1706 1915 1775; x_wconf 90' lang='lat' dir='ltr'><strong>spontaneam</strong></span> <span class='ocrx_word' id='word_1_95' title='bbox 1959 1703 2133 1756; x_wconf 89' lang='lat' dir='ltr'><strong>deve-</strong></span> 
     </span>
    </p>
   </div>
   <div class='ocr_carea' id='block_1_17' title="bbox 475 1790 2217 1883">
    <p class='ocr_par' dir='ltr' id='par_1_17' title="bbox 475 1790 2217 1883">
     <span class='ocr_line' id='line_1_17' title="bbox 475 1790 2217 1883; baseline -0.012 -20"><span class='ocrx_word' id='word_1_96' title='bbox 475 1808 640 1863; x_wconf 90' lang='lat' dir='ltr'><strong>nerat</strong></span> <span class='ocrx_word' id='word_1_97' title='bbox 663 1803 776 1858; x_wconf 89' lang='lat' dir='ltr'><strong>sub</strong></span> <span class='ocrx_word' id='word_1_98' title='bbox 796 1803 988 1873; x_wconf 86' lang='lat' dir='ltr'><strong>ipsius</strong></span> <span class='ocrx_word' id='word_1_99' title='bbox 1020 1799 1314 1870; x_wconf 80' lang='lat' dir='ltr'><strong>pontificis</strong></span> <span class='ocrx_word' id='word_1_100' title='bbox 1345 1796 1670 1862; x_wconf 85' lang='lat' dir='ltr'><strong>tuitionem,</strong></span> <span class='ocrx_word' id='word_1_101' title='bbox 1703 1792 1944 1864; x_wconf 79' lang='lat' dir='ltr'><strong>indigne</strong></span> <span class='ocrx_word' id='word_1_102' title='bbox 1975 1790 2134 1844; x_wconf 88' lang='lat' dir='ltr'><strong>fere-</strong></span> <span class='ocrx_word' id='word_1_103' title='bbox 2163 1820 2217 1883; x_wconf 81' lang='grc' dir='ltr'><strong>Β</strong></span> 
     </span>
    </p>
   </div>
   <div class='ocr_carea' id='block_1_18' title="bbox 473 1881 2138 1962">
    <p class='ocr_par' dir='ltr' id='par_1_18' title="bbox 473 1881 2138 1962">
     <span class='ocr_line' id='line_1_18' title="bbox 473 1881 2138 1962; baseline -0.011 -11"><span class='ocrx_word' id='word_1_104' title='bbox 473 1898 615 1952; x_wconf 81' lang='lat' dir='ltr'><strong>bant</strong></span> <span class='ocrx_word' id='word_1_105' title='bbox 646 1892 1028 1962; x_wconf 80' lang='lat' dir='ltr'><strong>magistratus</strong></span> <span class='ocrx_word' id='word_1_106' title='bbox 1061 1891 1117 1941; x_wconf 91' lang='lat' dir='ltr'><strong>et</strong></span> <span class='ocrx_word' id='word_1_107' title='bbox 1145 1887 1453 1956; x_wconf 84' lang='lat' dir='ltr'><strong>Optimates</strong></span> <span class='ocrx_word' id='word_1_108' title='bbox 1475 1884 1665 1954; x_wconf 83' lang='lat' dir='ltr'><strong>regni,</strong></span> <span class='ocrx_word' id='word_1_109' title='bbox 1700 1881 1870 1952; x_wconf 88' lang='lat' dir='ltr'><strong>quasi</strong></span> <span class='ocrx_word' id='word_1_110' title='bbox 1902 1881 2138 1949; x_wconf 86' lang='lat' dir='ltr'><strong>expote-</strong></span> 
     </span>
    </p>
   </div>
   <div class='ocr_carea' id='block_1_19' title="bbox 485 1969 2140 2047">
    <p class='ocr_par' dir='ltr' id='par_1_19' title="bbox 485 1969 2140 2047">
     <span class='ocr_line' id='line_1_19' title="bbox 485 1969 2140 2047; baseline -0.011 -8"><span class='ocrx_word' id='word_1_111' title='bbox 485 1983 764 2039; x_wconf 88' lang='lat' dir='ltr'><strong>stativum</strong></span> <span class='ocrx_word' id='word_1_112' title='bbox 797 1994 971 2032; x_wconf 92' lang='lat' dir='ltr'><strong>suum</strong></span> <span class='ocrx_word' id='word_1_113' title='bbox 1019 1990 1202 2047; x_wconf 86' lang='lat' dir='ltr'><strong>rege;</strong></span> <span class='ocrx_word' id='word_1_114' title='bbox 1246 1977 1531 2043; x_wconf 87' lang='lat' dir='ltr'><strong>praeterea</strong></span> <span class='ocrx_word' id='word_1_115' title='bbox 1581 1969 2140 2024; x_wconf 84' lang='lat' dir='ltr'><strong>administrationem</strong></span> 
     </span>
    </p>
   </div>
   <div class='ocr_carea' id='block_1_20' title="bbox 476 2056 2140 2143">
    <p class='ocr_par' dir='ltr' id='par_1_20' title="bbox 476 2056 2140 2143">
     <span class='ocr_line' id='line_1_20' title="bbox 476 2056 2140 2143; baseline -0.013 -14"><span class='ocrx_word' id='word_1_116' title='bbox 476 2069 820 2143; x_wconf 65' lang='lat' dir='ltr'><strong>reipublicae</strong></span> <span class='ocrx_word' id='word_1_117' title='bbox 840 2069 899 2120; x_wconf 91' lang='lat' dir='ltr'><strong>in</strong></span> <span class='ocrx_word' id='word_1_118' title='bbox 929 2063 1380 2134; x_wconf 90' lang='lat' dir='ltr'><strong>dispositionem</strong></span> <span class='ocrx_word' id='word_1_119' title='bbox 1401 2059 1538 2114; x_wconf 90' lang='lat' dir='ltr'><strong>novi</strong></span> <span class='ocrx_word' id='word_1_120' title='bbox 1557 2057 1813 2112; x_wconf 86' lang='lat' dir='ltr'><strong>hominis</strong></span> <span class='ocrx_word' id='word_1_121' title='bbox 1845 2056 2140 2110; x_wconf 88' lang='lat' dir='ltr'><strong>cecidisse</strong></span> 
     </span>
    </p>
   </div>
   <div class='ocr_carea' id='block_1_21' title="bbox 478 2143 2140 2223">
    <p class='ocr_par' dir='ltr' id='par_1_21' title="bbox 478 2143 2140 2223">
     <span class='ocr_line' id='line_1_21' title="bbox 478 2143 2140 2223; baseline -0.011 -8"><span class='ocrx_word' id='word_1_122' title='bbox 478 2160 710 2215; x_wconf 84' lang='lat' dir='ltr'><strong>Etenim</strong></span> <span class='ocrx_word' id='word_1_123' title='bbox 739 2173 808 2212; x_wconf 91' lang='lat' dir='ltr'><strong>eo</strong></span> <span class='ocrx_word' id='word_1_124' title='bbox 838 2159 1098 2223; x_wconf 88' lang='lat' dir='ltr'><strong>tempore</strong></span> <span class='ocrx_word' id='word_1_125' title='bbox 1139 2149 1529 2206; x_wconf 85' lang='lat' dir='ltr'><strong>infamabatur</strong></span> <span class='ocrx_word' id='word_1_126' title='bbox 1562 2163 1595 2200; x_wconf 90' lang='lat' dir='ltr'><strong>a</strong></span> <span class='ocrx_word' id='word_1_127' title='bbox 1623 2144 1924 2201; x_wconf 89' lang='lat' dir='ltr'><strong>nonnullis</strong></span> <span class='ocrx_word' id='word_1_128' title='bbox 1982 2143 2140 2214; x_wconf 89' lang='lat' dir='ltr'><strong>quod</strong></span> 
     </span>
    </p>
   </div>
   <div class='ocr_carea' id='block_1_22' title="bbox 480 2232 2139 2307">
    <p class='ocr_par' dir='ltr' id='par_1_22' title="bbox 480 2232 2139 2307">
     <span class='ocr_line' id='line_1_22' title="bbox 480 2232 2139 2307; baseline -0.013 -3"><span class='ocrx_word' id='word_1_129' title='bbox 480 2251 744 2304; x_wconf 82' lang='lat' dir='ltr'><strong>exactam</strong></span> <span class='ocrx_word' id='word_1_130' title='bbox 775 2241 1286 2298; x_wconf 85' lang='lat' dir='ltr'><strong>commutationem</strong></span> <span class='ocrx_word' id='word_1_131' title='bbox 1307 2237 1598 2307; x_wconf 90' lang='lat' dir='ltr'><strong>reciperet</strong></span> <span class='ocrx_word' id='word_1_132' title='bbox 1617 2249 1724 2305; x_wconf 90' lang='lat' dir='ltr'><strong>pro</strong></span> <span class='ocrx_word' id='word_1_133' title='bbox 1755 2232 2139 2304; x_wconf 84' lang='lat' dir='ltr'><strong>dignitatibus</strong></span> 
     </span>
    </p>
   </div>
   <div class='ocr_carea' id='block_1_23' title="bbox 481 2321 2141 2407">
    <p class='ocr_par' dir='ltr' id='par_1_23' title="bbox 481 2321 2141 2407">
     <span class='ocr_line' id='line_1_23' title="bbox 481 2321 2141 2407; baseline -0.011 -16"><span class='ocrx_word' id='word_1_134' title='bbox 481 2337 694 2407; x_wconf 90' lang='lat' dir='ltr'><strong>cuique</strong></span> <span class='ocrx_word' id='word_1_135' title='bbox 727 2329 1149 2402; x_wconf 88' lang='lat' dir='ltr'><strong>adipiscendis,</strong></span> <span class='ocrx_word' id='word_1_136' title='bbox 1182 2329 1238 2382; x_wconf 88' lang='lat' dir='ltr'><strong>et</strong></span> <span class='ocrx_word' id='word_1_137' title='bbox 1276 2326 1528 2380; x_wconf 85' lang='lat' dir='ltr'><strong>maxime</strong></span> <span class='ocrx_word' id='word_1_138' title='bbox 1557 2339 1663 2393; x_wconf 90' lang='lat' dir='ltr'><strong>pro</strong></span> <span class='ocrx_word' id='word_1_139' title='bbox 1687 2321 2014 2376; x_wconf 88' lang='lat' dir='ltr'><strong>honoribus</strong></span> <span class='ocrx_word' id='word_1_140' title='bbox 2046 2334 2141 2373; x_wconf 90' lang='lat' dir='ltr'><strong>ec-</strong></span> 
     </span>
    </p>
   </div>
   <div class='ocr_carea' id='block_1_24' title="bbox 482 2417 1083 2480">
    <p class='ocr_par' dir='ltr' id='par_1_24' title="bbox 482 2417 1083 2480">
     <span class='ocr_line' id='line_1_24' title="bbox 482 2417 1083 2480; baseline -0.017 0"><span class='ocrx_word' id='word_1_141' title='bbox 482 2422 803 2480; x_wconf 88' lang='lat' dir='ltr'><strong>clesiastici</strong></span> <span class='ocrx_word' id='word_1_142' title='bbox 835 2417 1083 2474; x_wconf 88' lang='lat' dir='ltr'><strong>ordinis.</strong></span> 
     </span>
    </p>
   </div>
   <div class='ocr_carea' id='block_1_25' title="bbox 553 2499 2144 2577">
    <p class='ocr_par' dir='ltr' id='par_1_25' title="bbox 553 2499 2144 2577">
     <span class='ocr_line' id='line_1_25' title="bbox 553 2499 2144 2577; baseline -0.012 -10"><span class='ocrx_word' id='word_1_143' title='bbox 553 2514 738 2577; x_wconf 91' lang='lat' dir='ltr'><strong>Quam</strong></span> <span class='ocrx_word' id='word_1_144' title='bbox 770 2509 1052 2564; x_wconf 84' lang='lat' dir='ltr'><strong>invidiam</strong></span> <span class='ocrx_word' id='word_1_145' title='bbox 1087 2504 1202 2559; x_wconf 90' lang='lat' dir='ltr'><strong>sibi</strong></span> <span class='ocrx_word' id='word_1_146' title='bbox 1236 2502 1476 2557; x_wconf 87' lang='lat' dir='ltr'><strong>conflari</strong></span> <span class='ocrx_word' id='word_1_147' title='bbox 1517 2499 1876 2571; x_wconf 84' lang='lat' dir='ltr'><strong>intelligens,</strong></span> <span class='ocrx_word' id='word_1_148' title='bbox 1911 2513 1979 2550; x_wconf 91' lang='lat' dir='ltr'><strong>ac</strong></span> <span class='ocrx_word' id='word_1_149' title='bbox 2026 2511 2144 2549; x_wconf 93' lang='lat' dir='ltr'><strong>non</strong></span> 
     </span>
    </p>
   </div>
   <div class='ocr_carea' id='block_1_26' title="bbox 483 2584 2146 2673">
    <p class='ocr_par' dir='ltr' id='par_1_26' title="bbox 483 2584 2146 2673">
     <span class='ocr_line' id='line_1_26' title="bbox 483 2584 2146 2673; baseline -0.012 -18"><span class='ocrx_word' id='word_1_150' title='bbox 483 2603 697 2673; x_wconf 87' lang='lat' dir='ltr'><strong>ignavo</strong></span> <span class='ocrx_word' id='word_1_151' title='bbox 730 2601 863 2652; x_wconf 91' lang='lat' dir='ltr'><strong>astu</strong></span> <span class='ocrx_word' id='word_1_152' title='bbox 904 2595 1118 2650; x_wconf 84' lang='lat' dir='ltr'><strong>honori</strong></span> <span class='ocrx_word' id='word_1_153' title='bbox 1155 2593 1446 2662; x_wconf 83' lang='lat' dir='ltr'><strong>famaeque</strong></span> <span class='ocrx_word' id='word_1_154' title='bbox 1478 2605 1606 2643; x_wconf 74' lang='lat' dir='ltr'><strong>suae</strong></span> <span class='ocrx_word' id='word_1_155' title='bbox 1651 2586 1992 2654; x_wconf 89' lang='lat' dir='ltr'><strong>consulens,</strong></span> <span class='ocrx_word' id='word_1_156' title='bbox 2025 2584 2146 2655; x_wconf 84' lang='lat' dir='ltr'><strong>egit</strong></span> 
     </span>
    </p>
   </div>
   <div class='ocr_carea' id='block_1_27' title="bbox 485 2672 2147 2743">
    <p class='ocr_par' dir='ltr' id='par_1_27' title="bbox 485 2672 2147 2743">
     <span class='ocr_line' id='line_1_27' title="bbox 485 2672 2147 2743; baseline -0.01 0"><span class='ocrx_word' id='word_1_157' title='bbox 485 2672 727 2743; x_wconf 84' lang='lat' dir='ltr'><strong>strenue</strong></span> <span class='ocrx_word' id='word_1_158' title='bbox 749 2689 812 2742; x_wconf 90' lang='lat' dir='ltr'><strong>ut</strong></span> <span class='ocrx_word' id='word_1_159' title='bbox 843 2684 955 2738; x_wconf 88' lang='lat' dir='ltr'><strong>sub</strong></span> <span class='ocrx_word' id='word_1_160' title='bbox 974 2683 1241 2737; x_wconf 86' lang='lat' dir='ltr'><strong>honestae</strong></span> <span class='ocrx_word' id='word_1_161' title='bbox 1280 2680 1369 2733; x_wconf 91' lang='lat' dir='ltr'><strong>rei</strong></span> <span class='ocrx_word' id='word_1_162' title='bbox 1385 2678 1699 2733; x_wconf 89' lang='lat' dir='ltr'><strong>occasione</strong></span> <span class='ocrx_word' id='word_1_163' title='bbox 1722 2672 2147 2729; x_wconf 88' lang='lat' dir='ltr'><strong>administratio</strong></span> 
     </span>
    </p>
   </div>
   <div class='ocr_carea' id='block_1_28' title="bbox 484 2762 2146 2845">
    <p class='ocr_par' dir='ltr' id='par_1_28' title="bbox 484 2762 2146 2845">
     <span class='ocr_line' id='line_1_28' title="bbox 484 2762 2146 2845; baseline -0.011 -15"><span class='ocrx_word' id='word_1_164' title='bbox 484 2778 583 2832; x_wconf 88' lang='lat' dir='ltr'><strong>illa</strong></span> <span class='ocrx_word' id='word_1_165' title='bbox 612 2777 900 2845; x_wconf 88' lang='lat' dir='ltr'><strong>tuitioque</strong></span> <span class='ocrx_word' id='word_1_166' title='bbox 925 2772 1087 2843; x_wconf 88' lang='lat' dir='ltr'><strong>regia</strong></span> <span class='ocrx_word' id='word_1_167' title='bbox 1110 2768 1534 2824; x_wconf 85' lang='lat' dir='ltr'><strong>transferretur</strong></span> <span class='ocrx_word' id='word_1_168' title='bbox 1554 2766 1612 2818; x_wconf 92' lang='lat' dir='ltr'><strong>in</strong></span> <span class='ocrx_word' id='word_1_169' title='bbox 1657 2765 1924 2831; x_wconf 90' lang='lat' dir='ltr'><strong>alterum,</strong></span> <span class='ocrx_word' id='word_1_170' title='bbox 1955 2762 2146 2831; x_wconf 84' lang='lat' dir='ltr'><strong>Preg-</strong></span> 
     </span>
    </p>
   </div>
   <div class='ocr_carea' id='block_1_29' title="bbox 487 2849 2147 2922">
    <p class='ocr_par' dir='ltr' id='par_1_29' title="bbox 487 2849 2147 2922">
     <span class='ocr_line' id='line_1_29' title="bbox 487 2849 2147 2922; baseline -0.012 -1"><span class='ocrx_word' id='word_1_171' title='bbox 487 2867 710 2920; x_wconf 85' lang='lat' dir='ltr'><strong>mensis</strong></span> <span class='ocrx_word' id='word_1_172' title='bbox 740 2863 1013 2916; x_wconf 86' lang='lat' dir='ltr'><strong>videlicet</strong></span> <span class='ocrx_word' id='word_1_173' title='bbox 1045 2856 1331 2912; x_wconf 84' lang='lat' dir='ltr'><strong>Ecclesiae</strong></span> <span class='ocrx_word' id='word_1_174' title='bbox 1378 2853 1911 2922; x_wconf 87' lang='lat' dir='ltr'><strong>archiepiscopum.</strong></span> <span class='ocrx_word' id='word_1_175' title='bbox 1963 2849 2147 2913; x_wconf 86' lang='lat' dir='ltr'><strong>Quem</strong></span> 
     </span>
    </p>
   </div>
   <div class='ocr_carea' id='block_1_30' title="bbox 486 2939 2149 3011">
    <p class='ocr_par' dir='ltr' id='par_1_30' title="bbox 486 2939 2149 3011">
     <span class='ocr_line' id='line_1_30' title="bbox 486 2939 2149 3011; baseline -0.011 -2"><span class='ocrx_word' id='word_1_176' title='bbox 486 2954 684 3009; x_wconf 89' lang='lat' dir='ltr'><strong>statim</strong></span> <span class='ocrx_word' id='word_1_177' title='bbox 703 2953 780 3006; x_wconf 91' lang='lat' dir='ltr'><strong>ita</strong></span> <span class='ocrx_word' id='word_1_178' title='bbox 813 2951 930 3004; x_wconf 86' lang='lat' dir='ltr'><strong>sibi</strong></span> <span class='ocrx_word' id='word_1_179' title='bbox 951 2946 1214 3002; x_wconf 89' lang='lat' dir='ltr'><strong>devinxit</strong></span> <span class='ocrx_word' id='word_1_180' title='bbox 1234 2941 1649 2998; x_wconf 86' lang='lat' dir='ltr'><strong>familiaritatis</strong></span> <span class='ocrx_word' id='word_1_181' title='bbox 1672 2941 1882 3011; x_wconf 90' lang='lat' dir='ltr'><strong>gratia,</strong></span> <span class='ocrx_word' id='word_1_182' title='bbox 1903 2939 2149 2992; x_wconf 85' lang='lat' dir='ltr'><strong>utalter—</strong></span> 
     </span>
    </p>
   </div>
   <div class='ocr_carea' id='block_1_31' title="bbox 486 3027 2146 3110">
    <p class='ocr_par' dir='ltr' id='par_1_31' title="bbox 486 3027 2146 3110">
     <span class='ocr_line' id='line_1_31' title="bbox 486 3027 2146 3110; baseline -0.011 -13"><span class='ocrx_word' id='word_1_183' title='bbox 486 3045 684 3097; x_wconf 86' lang='lat' dir='ltr'><strong>utrum</strong></span> <span class='ocrx_word' id='word_1_184' title='bbox 711 3039 1086 3110; x_wconf 83' lang='lat' dir='ltr'><strong>paciscentes</strong></span> <span class='ocrx_word' id='word_1_185' title='bbox 1132 3034 1350 3088; x_wconf 89' lang='lat' dir='ltr'><strong>inirent</strong></span> <span class='ocrx_word' id='word_1_186' title='bbox 1382 3031 1494 3084; x_wconf 91' lang='lat' dir='ltr'><strong>hoc</strong></span> <span class='ocrx_word' id='word_1_187' title='bbox 1543 3028 1882 3082; x_wconf 91' lang='lat' dir='ltr'><strong>inviolabile</strong></span> <span class='ocrx_word' id='word_1_188' title='bbox 1929 3027 2146 3095; x_wconf 85' lang='lat' dir='ltr'><strong>faedus,</strong></span> 
     </span>
    </p>
   </div>
   <div class='ocr_carea' id='block_1_32' title="bbox 486 3117 2153 3203">
    <p class='ocr_par' dir='ltr' id='par_1_32' title="bbox 486 3117 2153 3203">
     <span class='ocr_line' id='line_1_32' title="bbox 486 3117 2153 3203; baseline -0.012 -17"><span class='ocrx_word' id='word_1_189' title='bbox 486 3134 777 3203; x_wconf 90' lang='lat' dir='ltr'><strong>quatenus</strong></span> <span class='ocrx_word' id='word_1_190' title='bbox 811 3128 1039 3182; x_wconf 89' lang='lat' dir='ltr'><strong>alteros</strong></span> <span class='ocrx_word' id='word_1_191' title='bbox 1071 3127 1234 3178; x_wconf 88' lang='lat' dir='ltr'><strong>esset</strong></span> <span class='ocrx_word' id='word_1_192' title='bbox 1255 3118 1749 3175; x_wconf 85' lang='lat' dir='ltr'><strong>alterius.Videns</strong></span> <span class='ocrx_word' id='word_1_193' title='bbox 1766 3118 1961 3187; x_wconf 90' lang='lat' dir='ltr'><strong>itaque</strong></span> <span class='ocrx_word' id='word_1_194' title='bbox 1973 3117 2153 3186; x_wconf 87' lang='lat' dir='ltr'><strong>Preg—</strong></span> 
     </span>
    </p>
   </div>
   <div class='ocr_carea' id='block_1_33' title="bbox 489 3205 2152 3274">
    <p class='ocr_par' dir='ltr' id='par_1_33' title="bbox 489 3205 2152 3274">
     <span class='ocr_line' id='line_1_33' title="bbox 489 3205 2152 3274; baseline -0.01 -1"><span class='ocrx_word' id='word_1_195' title='bbox 489 3219 718 3274; x_wconf 88' lang='lat' dir='ltr'><strong>mensis</strong></span> <span class='ocrx_word' id='word_1_196' title='bbox 746 3217 844 3270; x_wconf 92' lang='lat' dir='ltr'><strong>ille</strong></span> <span class='ocrx_word' id='word_1_197' title='bbox 878 3214 1075 3270; x_wconf 90' lang='lat' dir='ltr'><strong>omnia</strong></span> <span class='ocrx_word' id='word_1_198' title='bbox 1107 3213 1223 3266; x_wconf 91' lang='lat' dir='ltr'><strong>sibi</strong></span> <span class='ocrx_word' id='word_1_199' title='bbox 1255 3227 1331 3265; x_wconf 86' lang='lat' dir='ltr'><strong>ex</strong></span> <span class='ocrx_word' id='word_1_200' title='bbox 1360 3206 1648 3263; x_wconf 88' lang='lat' dir='ltr'><strong>sententia</strong></span> <span class='ocrx_word' id='word_1_201' title='bbox 1679 3205 1909 3274; x_wconf 86' lang='lat' dir='ltr'><strong>cedere,</strong></span> <span class='ocrx_word' id='word_1_202' title='bbox 1929 3205 2152 3258; x_wconf 89' lang='lat' dir='ltr'><strong>niteba-</strong></span> 
     </span>
    </p>
   </div>
   <div class='ocr_carea' id='block_1_34' title="bbox 493 3293 2154 3377">
    <p class='ocr_par' dir='ltr' id='par_1_34' title="bbox 493 3293 2154 3377">
     <span class='ocr_line' id='line_1_34' title="bbox 493 3293 2154 3377; baseline -0.01 -15"><span class='ocrx_word' id='word_1_203' title='bbox 493 3313 589 3362; x_wconf 90' lang='lat' dir='ltr'><strong>tur</strong></span> <span class='ocrx_word' id='word_1_204' title='bbox 618 3305 1080 3377; x_wconf 89' lang='lat' dir='ltr'><strong>patriarchatum</strong></span> <span class='ocrx_word' id='word_1_205' title='bbox 1103 3303 1160 3355; x_wconf 91' lang='lat' dir='ltr'><strong>in</strong></span> <span class='ocrx_word' id='word_1_206' title='bbox 1179 3301 1322 3355; x_wconf 89' lang='lat' dir='ltr'><strong>sede</strong></span> <span class='ocrx_word' id='word_1_207' title='bbox 1336 3314 1446 3351; x_wconf 89' lang='lat' dir='ltr'><strong>sua</strong></span> <span class='ocrx_word' id='word_1_208' title='bbox 1467 3296 1849 3351; x_wconf 86' lang='lat' dir='ltr'><strong>constituere.</strong></span> <span class='ocrx_word' id='word_1_209' title='bbox 1880 3293 1994 3346; x_wconf 86' lang='lat' dir='ltr'><strong>Sed</strong></span> <span class='ocrx_word' id='word_1_210' title='bbox 2017 3293 2154 3363; x_wconf 90' lang='lat' dir='ltr'><strong>quia</strong></span> 
     </span>
    </p>
   </div>
   <div class='ocr_carea' id='block_1_35' title="bbox 487 3383 2154 3462">
    <p class='ocr_par' dir='ltr' id='par_1_35' title="bbox 487 3383 2154 3462">
     <span class='ocr_line' id='line_1_35' title="bbox 487 3383 2154 3462; baseline -0.01 -13"><span class='ocrx_word' id='word_1_211' title='bbox 487 3397 649 3449; x_wconf 85' lang='lat' dir='ltr'><strong>vires</strong></span> <span class='ocrx_word' id='word_1_212' title='bbox 681 3395 754 3447; x_wconf 89' lang='lat' dir='ltr'><strong>ad</strong></span> <span class='ocrx_word' id='word_1_213' title='bbox 800 3391 1196 3462; x_wconf 89' lang='lat' dir='ltr'><strong>supplendum</strong></span> <span class='ocrx_word' id='word_1_214' title='bbox 1234 3387 1494 3451; x_wconf 90' lang='lat' dir='ltr'><strong>deerant,</strong></span> <span class='ocrx_word' id='word_1_215' title='bbox 1537 3383 1778 3437; x_wconf 88' lang='lat' dir='ltr'><strong>tentavit</strong></span> <span class='ocrx_word' id='word_1_216' title='bbox 1823 3395 2042 3451; x_wconf 88' lang='lat' dir='ltr'><strong>augere</strong></span> <span class='ocrx_word' id='word_1_217' title='bbox 2081 3395 2154 3434; x_wconf 85' lang='lat' dir='ltr'><strong>ex</strong></span> 
     </span>
    </p>
   </div>
   <div class='ocr_carea' id='block_1_36' title="bbox 491 3469 2153 3552">
    <p class='ocr_par' dir='ltr' id='par_1_36' title="bbox 491 3469 2153 3552">
     <span class='ocr_line' id='line_1_36' title="bbox 491 3469 2153 3552; baseline -0.011 -14"><span class='ocrx_word' id='word_1_218' title='bbox 491 3471 586 3538; x_wconf 75' lang='lat' dir='ltr'><strong>his</strong></span> <span class='ocrx_word' id='word_1_219' title='bbox 611 3473 742 3552; x_wconf 79' lang='lat' dir='ltr'><strong>quae</strong></span> <span class='ocrx_word' id='word_1_220' title='bbox 775 3483 904 3552; x_wconf 90' lang='lat' dir='ltr'><strong>regi</strong></span> <span class='ocrx_word' id='word_1_221' title='bbox 927 3480 1087 3551; x_wconf 80' lang='lat' dir='ltr'><strong>juris</strong></span> <span class='ocrx_word' id='word_1_222' title='bbox 1107 3479 1291 3531; x_wconf 89' lang='lat' dir='ltr'><strong>erant.</strong></span> <span class='ocrx_word' id='word_1_223' title='bbox 1317 3473 1387 3527; x_wconf 86' lang='lat' dir='ltr'><strong>Et</strong></span> <span class='ocrx_word' id='word_1_224' title='bbox 1416 3471 1573 3543; x_wconf 90' lang='lat' dir='ltr'><strong>quia,</strong></span> <span class='ocrx_word' id='word_1_225' title='bbox 1608 3473 1670 3524; x_wconf 89' lang='lat' dir='ltr'><strong>ut</strong></span> <span class='ocrx_word' id='word_1_226' title='bbox 1699 3470 1916 3523; x_wconf 89' lang='lat' dir='ltr'><strong>dictum</strong></span> <span class='ocrx_word' id='word_1_227' title='bbox 1948 3472 2038 3522; x_wconf 88' lang='lat' dir='ltr'><strong>est</strong></span> <span class='ocrx_word' id='word_1_228' title='bbox 2069 3469 2153 3521; x_wconf 88' lang='lat' dir='ltr'><strong>in-</strong></span> 
     </span>
    </p>
   </div>
   <div class='ocr_carea' id='block_1_37' title="bbox 491 3556 2157 3642">
    <p class='ocr_par' dir='ltr' id='par_1_37' title="bbox 491 3556 2157 3642">
     <span class='ocr_line' id='line_1_37' title="bbox 491 3556 2157 3642; baseline -0.008 -18"><span class='ocrx_word' id='word_1_229' title='bbox 491 3574 581 3624; x_wconf 90' lang='lat' dir='ltr'><strong>ter</strong></span> <span class='ocrx_word' id='word_1_230' title='bbox 610 3572 892 3638; x_wconf 90' lang='lat' dir='ltr'><strong>utrosque</strong></span> <span class='ocrx_word' id='word_1_231' title='bbox 938 3569 1220 3642; x_wconf 80' lang='lat' dir='ltr'><strong>statutum</strong></span> <span class='ocrx_word' id='word_1_232' title='bbox 1281 3561 1385 3632; x_wconf 88' lang='lat' dir='ltr'><strong>jus</strong></span> <span class='ocrx_word' id='word_1_233' title='bbox 1436 3562 1560 3614; x_wconf 90' lang='lat' dir='ltr'><strong>erat</strong></span> <span class='ocrx_word' id='word_1_234' title='bbox 1590 3557 1727 3628; x_wconf 86' lang='lat' dir='ltr'><strong>ejus</strong></span> <span class='ocrx_word' id='word_1_235' title='bbox 1769 3556 2058 3627; x_wconf 89' lang='lat' dir='ltr'><strong>pactionis</strong></span> <span class='ocrx_word' id='word_1_236' title='bbox 2093 3559 2157 3610; x_wconf 87' lang='lat' dir='ltr'><strong>ut</strong></span> 
     </span>
    </p>
   </div>
   <div class='ocr_carea' id='block_1_38' title="bbox 497 3645 2156 3716">
    <p class='ocr_par' dir='ltr' id='par_1_38' title="bbox 497 3645 2156 3716">
     <span class='ocr_line' id='line_1_38' title="bbox 497 3645 2156 3716; baseline -0.007 -4"><span class='ocrx_word' id='word_1_237' title='bbox 497 3657 644 3712; x_wconf 89' lang='lat' dir='ltr'><strong>alter</strong></span> <span class='ocrx_word' id='word_1_238' title='bbox 673 3657 916 3710; x_wconf 87' lang='lat' dir='ltr'><strong>alterius</strong></span> <span class='ocrx_word' id='word_1_239' title='bbox 951 3655 1176 3707; x_wconf 89' lang='lat' dir='ltr'><strong>faveret</strong></span> <span class='ocrx_word' id='word_1_240' title='bbox 1207 3648 1554 3716; x_wconf 87' lang='lat' dir='ltr'><strong>commodis,</strong></span> <span class='ocrx_word' id='word_1_241' title='bbox 1589 3647 1663 3700; x_wconf 91' lang='lat' dir='ltr'><strong>ad</strong></span> <span class='ocrx_word' id='word_1_242' title='bbox 1708 3646 1821 3701; x_wconf 91' lang='lat' dir='ltr'><strong>hoc</strong></span> <span class='ocrx_word' id='word_1_243' title='bbox 1842 3645 2018 3699; x_wconf 91' lang='lat' dir='ltr'><strong>etiam</strong></span> <span class='ocrx_word' id='word_1_244' title='bbox 2037 3660 2156 3700; x_wconf 90' lang='lat' dir='ltr'><strong>non</strong></span> 
     </span>
    </p>
   </div>
   <div class='ocr_carea' id='block_1_39' title="bbox 491 3733 2156 3809">
    <p class='ocr_par' dir='ltr' id='par_1_39' title="bbox 491 3733 2156 3809">
     <span class='ocr_line' id='line_1_39' title="bbox 491 3733 2156 3809; baseline -0.009 -9"><span class='ocrx_word' id='word_1_245' title='bbox 491 3749 618 3800; x_wconf 89' lang='lat' dir='ltr'><strong>erat</strong></span> <span class='ocrx_word' id='word_1_246' title='bbox 643 3745 730 3798; x_wconf 91' lang='lat' dir='ltr'><strong>eis</strong></span> <span class='ocrx_word' id='word_1_247' title='bbox 764 3741 1005 3797; x_wconf 89' lang='lat' dir='ltr'><strong>difficile</strong></span> <span class='ocrx_word' id='word_1_248' title='bbox 1041 3739 1307 3794; x_wconf 89' lang='lat' dir='ltr'><strong>obtinere</strong></span> <span class='ocrx_word' id='word_1_249' title='bbox 1338 3752 1472 3809; x_wconf 85' lang='lat' dir='ltr'><strong>quae</strong></span> <span class='ocrx_word' id='word_1_250' title='bbox 1497 3734 1714 3790; x_wconf 91' lang='lat' dir='ltr'><strong>vellent</strong></span> <span class='ocrx_word' id='word_1_251' title='bbox 1743 3733 1815 3788; x_wconf 91' lang='lat' dir='ltr'><strong>ab</strong></span> <span class='ocrx_word' id='word_1_252' title='bbox 1834 3734 1999 3806; x_wconf 88' lang='lat' dir='ltr'><strong>regis</strong></span> <span class='ocrx_word' id='word_1_253' title='bbox 2017 3734 2156 3807; x_wconf 87' lang='lat' dir='ltr'><strong>sim-</strong></span> 
     </span>
    </p>
   </div>
   <div class='ocr_carea' id='block_1_40' title="bbox 439 3835 772 3905">
    <p class='ocr_par' dir='ltr' id='par_1_40' title="bbox 439 3835 772 3905">
     <span class='ocr_line' id='line_1_40' title="bbox 439 3835 772 3905; baseline -0.009 -16"><span class='ocrx_word' id='word_1_254' title='bbox 439 3857 444 3860; x_wconf 93' lang='grc'><strong>·</strong></span> <span class='ocrx_word' id='word_1_255' title='bbox 492 3835 772 3905; x_wconf 90' lang='lat' dir='ltr'><strong>plicitate.</strong></span> 
     </span>
    </p>
   </div>
   <div class='ocr_carea' id='block_1_41' title="bbox 567 3911 2158 3987">
    <p class='ocr_par' dir='ltr' id='par_1_41' title="bbox 567 3911 2158 3987">
     <span class='ocr_line' id='line_1_41' title="bbox 567 3911 2158 3987; baseline -0.007 -13"><span class='ocrx_word' id='word_1_256' title='bbox 567 3923 778 3976; x_wconf 84' lang='lat' dir='ltr'><strong>Actum</strong></span> <span class='ocrx_word' id='word_1_257' title='bbox 796 3922 888 3974; x_wconf 86' lang='lat' dir='ltr'><strong>est</strong></span> <span class='ocrx_word' id='word_1_258' title='bbox 919 3935 995 3973; x_wconf 86' lang='lat' dir='ltr'><strong>ex</strong></span> <span class='ocrx_word' id='word_1_259' title='bbox 1024 3932 1326 3972; x_wconf 88' lang='lat' dir='ltr'><strong>consensu</strong></span> <span class='ocrx_word' id='word_1_260' title='bbox 1355 3913 1701 3987; x_wconf 68' lang='lat' dir='ltr'><strong>Agrippinae</strong></span> <span class='ocrx_word' id='word_1_261' title='bbox 1718 3911 1974 3966; x_wconf 85' lang='lat' dir='ltr'><strong>Coloniae</strong></span> <span class='ocrx_word' id='word_1_262' title='bbox 2006 3912 2158 3964; x_wconf 88' lang='lat' dir='ltr'><strong>anti-</strong></span> 
     </span>
    </p>
   </div>
   <div class='ocr_carea' id='block_1_42' title="bbox 502 4001 2160 4078">
    <p class='ocr_par' dir='ltr' id='par_1_42' title="bbox 502 4001 2160 4078">
     <span class='ocr_line' id='line_1_42' title="bbox 502 4001 2160 4078; baseline -0.008 -12"><span class='ocrx_word' id='word_1_263' title='bbox 502 4011 678 4078; x_wconf 88' lang='lat' dir='ltr'><strong>stitis,</strong></span> <span class='ocrx_word' id='word_1_264' title='bbox 705 4013 766 4062; x_wconf 91' lang='lat' dir='ltr'><strong>ut</strong></span> <span class='ocrx_word' id='word_1_265' title='bbox 788 4008 886 4062; x_wconf 92' lang='lat' dir='ltr'><strong>ille</strong></span> <span class='ocrx_word' id='word_1_266' title='bbox 917 4008 1065 4060; x_wconf 90' lang='lat' dir='ltr'><strong>duas</strong></span> <span class='ocrx_word' id='word_1_267' title='bbox 1094 4005 1431 4073; x_wconf 87' lang='lat' dir='ltr'><strong>imperiales</strong></span> <span class='ocrx_word' id='word_1_268' title='bbox 1453 4002 1740 4070; x_wconf 87' lang='lat' dir='ltr'><strong>abbatias,</strong></span> <span class='ocrx_word' id='word_1_269' title='bbox 1775 4001 2085 4054; x_wconf 83' lang='lat' dir='ltr'><strong>Corbeiam</strong></span> <span class='ocrx_word' id='word_1_270' title='bbox 2104 4002 2160 4053; x_wconf 91' lang='lat' dir='ltr'><strong>et</strong></span> 
     </span>
    </p>
   </div>
   <div class='ocr_carea' id='block_1_43' title="bbox 499 4089 2160 4165">
    <p class='ocr_par' dir='ltr' id='par_1_43' title="bbox 499 4089 2160 4165">
     <span class='ocr_line' id='line_1_43' title="bbox 499 4089 2160 4165; baseline -0.008 -11"><span class='ocrx_word' id='word_1_271' title='bbox 499 4099 955 4165; x_wconf 85' lang='lat' dir='ltr'><strong>Laurisannum,</strong></span> <span class='ocrx_word' id='word_1_272' title='bbox 990 4095 1315 4148; x_wconf 85' lang='lat' dir='ltr'><strong>vindicaret</strong></span> <span class='ocrx_word' id='word_1_273' title='bbox 1344 4109 1470 4146; x_wconf 86' lang='lat' dir='ltr'><strong>suae</strong></span> <span class='ocrx_word' id='word_1_274' title='bbox 1502 4091 1766 4145; x_wconf 87' lang='lat' dir='ltr'><strong>dioecesi.</strong></span> <span class='ocrx_word' id='word_1_275' title='bbox 1791 4089 1908 4143; x_wconf 89' lang='lat' dir='ltr'><strong>Sed</strong></span> <span class='ocrx_word' id='word_1_276' title='bbox 1937 4089 2160 4141; x_wconf 81' lang='lat' dir='ltr'><strong>frustra</strong></span> 
     </span>
    </p>
   </div>
   <div class='ocr_carea' id='block_1_44' title="bbox 500 4176 2160 4255">
    <p class='ocr_par' dir='ltr' id='par_1_44' title="bbox 500 4176 2160 4255">
     <span class='ocr_line' id='line_1_44' title="bbox 500 4176 2160 4255; baseline -0.009 -13"><span class='ocrx_word' id='word_1_277' title='bbox 500 4188 834 4242; x_wconf 88' lang='lat' dir='ltr'><strong>vindicatas</strong></span> <span class='ocrx_word' id='word_1_278' title='bbox 866 4183 1160 4255; x_wconf 89' lang='lat' dir='ltr'><strong>quomodo</strong></span> <span class='ocrx_word' id='word_1_279' title='bbox 1197 4181 1448 4236; x_wconf 89' lang='lat' dir='ltr'><strong>valuerit</strong></span> <span class='ocrx_word' id='word_1_280' title='bbox 1471 4180 1756 4246; x_wconf 88' lang='lat' dir='ltr'><strong>obtinere,</strong></span> <span class='ocrx_word' id='word_1_281' title='bbox 1781 4177 1928 4230; x_wconf 89' lang='lat' dir='ltr'><strong>alias</strong></span> <span class='ocrx_word' id='word_1_282' title='bbox 1963 4176 2160 4247; x_wconf 87' lang='lat' dir='ltr'><strong>inqui-</strong></span> 
     </span>
    </p>
   </div>
   <div class='ocr_carea' id='block_1_45' title="bbox 496 4265 2160 4342">
    <p class='ocr_par' dir='ltr' id='par_1_45' title="bbox 496 4265 2160 4342">
     <span class='ocr_line' id='line_1_45' title="bbox 496 4265 2160 4342; baseline -0.008 -12"><span class='ocrx_word' id='word_1_283' title='bbox 496 4277 648 4330; x_wconf 90' lang='lat' dir='ltr'><strong>renti</strong></span> <span class='ocrx_word' id='word_1_284' title='bbox 683 4277 830 4329; x_wconf 83' lang='lat' dir='ltr'><strong>satis</strong></span> <span class='ocrx_word' id='word_1_285' title='bbox 864 4272 1079 4342; x_wconf 89' lang='lat' dir='ltr'><strong>poterit</strong></span> <span class='ocrx_word' id='word_1_286' title='bbox 1106 4275 1330 4340; x_wconf 86' lang='lat' dir='ltr'><strong>patere,</strong></span> <span class='ocrx_word' id='word_1_287' title='bbox 1363 4285 1474 4324; x_wconf 90' lang='lat' dir='ltr'><strong>nos</strong></span> <span class='ocrx_word' id='word_1_288' title='bbox 1506 4270 1708 4323; x_wconf 88' lang='lat' dir='ltr'><strong>nostra</strong></span> <span class='ocrx_word' id='word_1_289' title='bbox 1738 4265 2027 4320; x_wconf 85' lang='lat' dir='ltr'><strong>habemus</strong></span> <span class='ocrx_word' id='word_1_290' title='bbox 2057 4281 2160 4318; x_wconf 87' lang='lat' dir='ltr'><strong>ex-</strong></span> 
     </span>
    </p>
   </div>
   <div class='ocr_carea' id='block_1_46' title="bbox 501 4363 1287 4436">
    <p class='ocr_par' dir='ltr' id='par_1_46' title="bbox 501 4363 1287 4436">
     <span class='ocr_line' id='line_1_46' title="bbox 501 4363 1287 4436; baseline -0.01 -16"><span class='ocrx_word' id='word_1_291' title='bbox 501 4364 672 4436; x_wconf 90' lang='lat' dir='ltr'><strong>sequi</strong></span> <span class='ocrx_word' id='word_1_292' title='bbox 703 4379 820 4417; x_wconf 92' lang='lat' dir='ltr'><strong>non</strong></span> <span class='ocrx_word' id='word_1_293' title='bbox 854 4363 984 4416; x_wconf 90' lang='lat' dir='ltr'><strong>sine</strong></span> <span class='ocrx_word' id='word_1_294' title='bbox 1014 4374 1287 4414; x_wconf 86' lang='lat' dir='ltr'><strong>moerere.</strong></span> 
     </span>
    </p>
   </div>
   <div class='ocr_carea' id='block_1_47' title="bbox 568 4444 2164 4522">
    <p class='ocr_par' dir='ltr' id='par_1_47' title="bbox 568 4444 2164 4522">
     <span class='ocr_line' id='line_1_47' title="bbox 568 4444 2164 4522; baseline -0.004 -17"><span class='ocrx_word' id='word_1_295' title='bbox 568 4454 726 4522; x_wconf 83' lang='lat' dir='ltr'><strong>Ipse,</strong></span> <span class='ocrx_word' id='word_1_296' title='bbox 763 4451 1021 4520; x_wconf 88' lang='lat' dir='ltr'><strong>compari</strong></span> <span class='ocrx_word' id='word_1_297' title='bbox 1042 4464 1151 4502; x_wconf 91' lang='lat' dir='ltr'><strong>suo</strong></span> <span class='ocrx_word' id='word_1_298' title='bbox 1166 4448 1375 4501; x_wconf 89' lang='lat' dir='ltr'><strong>volens</strong></span> <span class='ocrx_word' id='word_1_299' title='bbox 1389 4446 1712 4516; x_wconf 89' lang='lat' dir='ltr'><strong>rependere</strong></span> <span class='ocrx_word' id='word_1_300' title='bbox 1731 4444 2164 4499; x_wconf 83' lang='lat' dir='ltr'><strong>vicissitudinis</strong></span> 
     </span>
    </p>
   </div>
   <div class='ocr_carea' id='block_1_48' title="bbox 497 4532 2241 4614">
    <p class='ocr_par' dir='ltr' id='par_1_48' title="bbox 497 4532 2241 4614">
     <span class='ocr_line' id='line_1_48' title="bbox 497 4532 2241 4614; baseline -0.006 -19"><span class='ocrx_word' id='word_1_301' title='bbox 497 4540 770 4614; x_wconf 85' lang='lat' dir='ltr'><strong>gratiam,</strong></span> <span class='ocrx_word' id='word_1_302' title='bbox 797 4539 866 4592; x_wconf 90' lang='lat' dir='ltr'><strong>de</strong></span> <span class='ocrx_word' id='word_1_303' title='bbox 890 4537 1196 4609; x_wconf 87' lang='lat' dir='ltr'><strong>regalibus</strong></span> <span class='ocrx_word' id='word_1_304' title='bbox 1215 4534 1546 4603; x_wconf 84' lang='lat' dir='ltr'><strong>beneﬁciis,</strong></span> <span class='ocrx_word' id='word_1_305' title='bbox 1579 4551 1711 4605; x_wconf 71' lang='lat' dir='ltr'><strong>quae</strong></span> <span class='ocrx_word' id='word_1_306' title='bbox 1735 4538 1981 4588; x_wconf 89' lang='lat' dir='ltr'><strong>noverat</strong></span> <span class='ocrx_word' id='word_1_307' title='bbox 2001 4532 2241 4600; x_wconf 60' lang='lat' dir='ltr'><strong>illum”</strong></span> 
     </span>
    </p>
   </div>
   <div class='ocr_carea' id='block_1_49' title="bbox 502 4622 2164 4697">
    <p class='ocr_par' dir='ltr' id='par_1_49' title="bbox 502 4622 2164 4697">
     <span class='ocr_line' id='line_1_49' title="bbox 502 4622 2164 4697; baseline -0.007 -12"><span class='ocrx_word' id='word_1_308' title='bbox 502 4629 617 4685; x_wconf 88' lang='lat' dir='ltr'><strong>sibi</strong></span> <span class='ocrx_word' id='word_1_309' title='bbox 650 4629 1009 4697; x_wconf 85' lang='lat' dir='ltr'><strong>competere,</strong></span> <span class='ocrx_word' id='word_1_310' title='bbox 1039 4623 1328 4695; x_wconf 54' lang='lat' dir='ltr'><strong>facit;cum</strong></span> <span class='ocrx_word' id='word_1_311' title='bbox 1361 4623 1629 4676; x_wconf 88' lang='lat' dir='ltr'><strong>obtinere</strong></span> <span class='ocrx_word' id='word_1_312' title='bbox 1651 4623 1804 4676; x_wconf 90' lang='lat' dir='ltr'><strong>dono</strong></span> <span class='ocrx_word' id='word_1_313' title='bbox 1829 4622 1993 4693; x_wconf 87' lang='lat' dir='ltr'><strong>regio</strong></span> <span class='ocrx_word' id='word_1_314' title='bbox 2024 4622 2164 4675; x_wconf 83' lang='lat' dir='ltr'><strong>Mal-</strong></span> 
     </span>
    </p>
   </div>
   <div class='ocr_carea' id='block_1_50' title="bbox 500 4709 2168 4781">
    <p class='ocr_par' dir='ltr' id='par_1_50' title="bbox 500 4709 2168 4781">
     <span class='ocr_line' id='line_1_50' title="bbox 500 4709 2168 4781; baseline -0.005 -9"><span class='ocrx_word' id='word_1_315' title='bbox 500 4717 872 4772; x_wconf 89' lang='lat' dir='ltr'><strong>mundarium</strong></span> <span class='ocrx_word' id='word_1_316' title='bbox 924 4717 980 4768; x_wconf 93' lang='lat' dir='ltr'><strong>et</strong></span> <span class='ocrx_word' id='word_1_317' title='bbox 1025 4712 1248 4766; x_wconf 91' lang='lat' dir='ltr'><strong>Indam.</strong></span> <span class='ocrx_word' id='word_1_318' title='bbox 1279 4709 1542 4775; x_wconf 89' lang='lat' dir='ltr'><strong>Qualiter</strong></span> <span class='ocrx_word' id='word_1_319' title='bbox 1569 4725 1639 4764; x_wconf 91' lang='lat' dir='ltr'><strong>ea</strong></span> <span class='ocrx_word' id='word_1_320' title='bbox 1671 4711 1748 4764; x_wconf 89' lang='lat' dir='ltr'><strong>sit</strong></span> <span class='ocrx_word' id='word_1_321' title='bbox 1795 4710 1946 4764; x_wconf 90' lang='lat' dir='ltr'><strong>facta</strong></span> <span class='ocrx_word' id='word_1_322' title='bbox 1993 4711 2168 4781; x_wconf 91' lang='lat' dir='ltr'><strong>quasi</strong></span> 
     </span>
    </p>
   </div>
   <div class='ocr_carea' id='block_1_51' title="bbox 497 4798 2164 4871">
    <p class='ocr_par' dir='ltr' id='par_1_51' title="bbox 497 4798 2164 4871">
     <span class='ocr_line' id='line_1_51' title="bbox 497 4798 2164 4871; baseline -0.004 -11"><span class='ocrx_word' id='word_1_323' title='bbox 497 4805 713 4860; x_wconf 90' lang='lat' dir='ltr'><strong>furtiva</strong></span> <span class='ocrx_word' id='word_1_324' title='bbox 743 4803 997 4871; x_wconf 88' lang='lat' dir='ltr'><strong>traditio,</strong></span> <span class='ocrx_word' id='word_1_325' title='bbox 1031 4799 1374 4871; x_wconf 86' lang='lat' dir='ltr'><strong>praeterjus</strong></span> <span class='ocrx_word' id='word_1_326' title='bbox 1431 4798 1662 4869; x_wconf 78' lang='lat' dir='ltr'><strong>fasque,</strong></span> <span class='ocrx_word' id='word_1_327' title='bbox 1693 4814 1764 4852; x_wconf 93' lang='lat' dir='ltr'><strong>ac</strong></span> <span class='ocrx_word' id='word_1_328' title='bbox 1796 4815 1914 4853; x_wconf 92' lang='lat' dir='ltr'><strong>non</strong></span> <span class='ocrx_word' id='word_1_329' title='bbox 1945 4804 2164 4870; x_wconf 75' lang='lat' dir='ltr'><strong>praeter</strong></span> 
     </span>
    </p>
   </div>
   <div class='ocr_carea' id='block_1_52' title="bbox 500 4888 2170 4968">
    <p class='ocr_par' dir='ltr' id='par_1_52' title="bbox 500 4888 2170 4968">
     <span class='ocr_line' id='line_1_52' title="bbox 500 4888 2170 4968; baseline -0.003 -20"><span class='ocrx_word' id='word_1_330' title='bbox 500 4893 786 4965; x_wconf 89' lang='lat' dir='ltr'><strong>injuriam</strong></span> <span class='ocrx_word' id='word_1_331' title='bbox 817 4891 999 4964; x_wconf 68' lang='lat' dir='ltr'><strong>regiaa</strong></span> <span class='ocrx_word' id='word_1_332' title='bbox 1048 4889 1374 4968; x_wconf 74' lang='lat' dir='ltr'><strong>dignitatis,</strong></span> <span class='ocrx_word' id='word_1_333' title='bbox 1423 4888 1696 4958; x_wconf 88' lang='lat' dir='ltr'><strong>quamvis</strong></span> <span class='ocrx_word' id='word_1_334' title='bbox 1747 4889 2059 4943; x_wconf 88' lang='lat' dir='ltr'><strong>memorari</strong></span> <span class='ocrx_word' id='word_1_335' title='bbox 2091 4889 2170 4943; x_wconf 89' lang='lat' dir='ltr'><strong>sit</strong></span> 
     </span>
    </p>
   </div>
   <div class='ocr_carea' id='block_1_53' title="bbox 502 4977 2169 5052">
    <p class='ocr_par' dir='ltr' id='par_1_53' title="bbox 502 4977 2169 5052">
     <span class='ocr_line' id='line_1_53' title="bbox 502 4977 2169 5052; baseline -0.002 -17"><span class='ocrx_word' id='word_1_336' title='bbox 502 4982 689 5052; x_wconf 90' lang='lat' dir='ltr'><strong>dolor,</strong></span> <span class='ocrx_word' id='word_1_337' title='bbox 713 4984 907 5036; x_wconf 88' lang='lat' dir='ltr'><strong>tamen</strong></span> <span class='ocrx_word' id='word_1_338' title='bbox 928 4995 1042 5035; x_wconf 90' lang='lat' dir='ltr'><strong>non</strong></span> <span class='ocrx_word' id='word_1_339' title='bbox 1081 4979 1476 5048; x_wconf 90' lang='lat' dir='ltr'><strong>incongruum</strong></span> <span class='ocrx_word' id='word_1_340' title='bbox 1493 4977 1770 5032; x_wconf 84' lang='lat' dir='ltr'><strong>duximus</strong></span> <span class='ocrx_word' id='word_1_341' title='bbox 1789 4977 2018 5032; x_wconf 89' lang='lat' dir='ltr'><strong>tradere</strong></span> <span class='ocrx_word' id='word_1_342' title='bbox 2030 4993 2169 5048; x_wconf 91' lang='lat' dir='ltr'><strong>pos-</strong></span> 
     </span>
    </p>
   </div>
   <div class='ocr_carea' id='block_1_54' title="bbox 509 5069 678 5124">
    <p class='ocr_par' dir='ltr' id='par_1_54' title="bbox 509 5069 678 5124">
     <span class='ocr_line' id='line_1_54' title="bbox 509 5069 678 5124; baseline 0.024 -4"><span class='ocrx_word' id='word_1_343' title='bbox 509 5069 678 5124; x_wconf 89' lang='lat' dir='ltr'><strong>teris.</strong></span> 
     </span>
    </p>
   </div>
   <div class='ocr_carea' id='block_1_55' title="bbox 1115 5189 1571 5231">
    <p class='ocr_par' dir='ltr' id='par_1_55' title="bbox 1115 5189 1571 5231">
     <span class='ocr_line' id='line_1_55' title="bbox 1115 5189 1571 5231; baseline 0 -1"><span class='ocrx_word' id='word_1_344' title='bbox 1115 5189 1571 5231; x_wconf 74' lang='lat' dir='ltr'><strong>ADNOTATIONES.</strong></span> 
     </span>
    </p>
   </div>
   <div class='ocr_carea' id='block_1_56' title="bbox 573 5379 2167 5452">
    <p class='ocr_par' dir='ltr' id='par_1_56' title="bbox 573 5379 2167 5452">
     <span class='ocr_line' id='line_1_56' title="bbox 573 5379 2167 5452; baseline -0.003 -14"><span class='ocrx_word' id='word_1_345' title='bbox 573 5379 1034 5438; x_wconf 83' lang='lat' dir='ltr'><strong>Administratio</strong></span> <span class='ocrx_word' id='word_1_346' title='bbox 1055 5381 1156 5437; x_wconf 85' lang='lat' dir='ltr'><strong>illa</strong></span> <span class='ocrx_word' id='word_1_347' title='bbox 1194 5383 1477 5452; x_wconf 85' lang='lat' dir='ltr'><strong>tuitioque</strong></span> <span class='ocrx_word' id='word_1_348' title='bbox 1495 5382 1666 5452; x_wconf 85' lang='lat' dir='ltr'><strong>regia</strong></span> <span class='ocrx_word' id='word_1_349' title='bbox 1701 5380 2076 5437; x_wconf 77' lang='lat' dir='ltr'><strong>transfertur</strong></span> <span class='ocrx_word' id='word_1_350' title='bbox 2103 5381 2167 5435; x_wconf 88' lang='lat' dir='ltr'><strong>in</strong></span> 
     </span>
    </p>
   </div>
   <div class='ocr_carea' id='block_1_57' title="bbox 506 5452 2168 5524">
    <p class='ocr_par' dir='ltr' id='par_1_57' title="bbox 506 5452 2168 5524">
     <span class='ocr_line' id='line_1_57' title="bbox 506 5452 2168 5524; baseline -0.002 -14"><span class='ocrx_word' id='word_1_351' title='bbox 506 5455 777 5523; x_wconf 85' lang='lat' dir='ltr'><strong>alterum,</strong></span> <span class='ocrx_word' id='word_1_352' title='bbox 802 5454 1196 5524; x_wconf 84' lang='lat' dir='ltr'><strong>Pregmensis</strong></span> <span class='ocrx_word' id='word_1_353' title='bbox 1222 5452 1502 5508; x_wconf 73' lang='lat' dir='ltr'><strong>videlicet</strong></span> <span class='ocrx_word' id='word_1_354' title='bbox 1521 5452 1823 5508; x_wconf 72' lang='lat' dir='ltr'><strong>Ecclesiae</strong></span> <span class='ocrx_word' id='word_1_355' title='bbox 1844 5453 2168 5524; x_wconf 78' lang='lat' dir='ltr'><strong>archiepis—</strong></span> 
     </span>
    </p>
   </div>
   <div class='ocr_carea' id='block_1_58' title="bbox 507 5523 2164 5597">
    <p class='ocr_par' dir='ltr' id='par_1_58' title="bbox 507 5523 2164 5597">
     <span class='ocr_line' id='line_1_58' title="bbox 507 5523 2164 5597; baseline -0.002 -16"><span class='ocrx_word' id='word_1_356' title='bbox 507 5541 736 5597; x_wconf 82' lang='lat' dir='ltr'><strong>copum.</strong></span> <span class='ocrx_word' id='word_1_357' title='bbox 759 5523 1104 5597; x_wconf 83' lang='lat' dir='ltr'><strong>Legendum</strong></span> <span class='ocrx_word' id='word_1_358' title='bbox 1121 5523 1610 5597; x_wconf 76' lang='lat' dir='ltr'><strong>Bremensis,_uti</strong></span> <span class='ocrx_word' id='word_1_359' title='bbox 1638 5524 1783 5595; x_wconf 90' lang='lat' dir='ltr'><strong>legit</strong></span> <span class='ocrx_word' id='word_1_360' title='bbox 1811 5523 2164 5579; x_wconf 77' lang='lat' dir='ltr'><strong>Lambertus</strong></span> 
     </span>
    </p>
   </div>
   <div class='ocr_carea' id='block_1_59' title="bbox 506 5593 1612 5672">
    <p class='ocr_par' dir='ltr' id='par_1_59' title="bbox 506 5593 1612 5672">
     <span class='ocr_line' id='line_1_59' title="bbox 506 5593 1612 5672; baseline -0.004 -18"><span class='ocrx_word' id='word_1_361' title='bbox 506 5593 1048 5672; x_wconf 68' lang='lat' dir='ltr'><strong>Sdafnaburgensis</strong></span> <span class='ocrx_word' id='word_1_362' title='bbox 1079 5596 1139 5650; x_wconf 90' lang='lat' dir='ltr'><strong>in</strong></span> <span class='ocrx_word' id='word_1_363' title='bbox 1168 5610 1278 5650; x_wconf 88' lang='lat' dir='ltr'><strong>suo</strong></span> <span class='ocrx_word' id='word_1_364' title='bbox 1300 5593 1612 5650; x_wconf 86' lang='lat' dir='ltr'><strong>Chronico.</strong></span> 
     </span>
    </p>
   </div>
   <div class='ocr_carea' id='block_1_60' title="bbox 1345 261 2921 336">
    <p class='ocr_par' dir='ltr' id='par_1_60' title="bbox 1345 261 2921 336">
     <span class='ocr_line' id='line_1_60' title="bbox 1345 261 2921 336; baseline -0.008 -2"><span class='ocrx_word' id='word_1_365' title='bbox 1345 268 1844 336; x_wconf 85' lang='lat' dir='ltr'><strong>&#39;GODEFREDI</strong></span> <span class='ocrx_word' id='word_1_366' title='bbox 1889 264 2461 332; x_wconf 78' lang='lat' dir='ltr'><strong>STABULENSIS</strong></span> <span class='ocrx_word' id='word_1_367' title='bbox 2501 261 2921 326; x_wconf 80' lang='lat' dir='ltr'><strong>MONACHI.</strong></span> 
     </span>
    </p>
   </div>
   <div class='ocr_carea' id='block_1_61' title="bbox 3687 255 3899 317">
    <p class='ocr_par' dir='ltr' id='par_1_61' title="bbox 3687 255 3899 317">
     <span class='ocr_line' id='line_1_61' title="bbox 3687 255 3899 317; baseline 0.005 -1"><span class='ocrx_word' id='word_1_368' title='bbox 3687 311 3691 316; x_wconf 86' lang='lat'><strong>.</strong></span> <span class='ocrx_word' id='word_1_369' title='bbox 3785 255 3899 317; x_wconf 85' lang='lat'><strong>296</strong></span> 
     </span>
    </p>
   </div>
   <div class='ocr_carea' id='block_1_62' title="bbox 2851 455 3283 520">
    <p class='ocr_par' dir='ltr' id='par_1_62' title="bbox 2851 455 3283 520">
     <span class='ocr_line' id='line_1_62' title="bbox 2851 455 3283 520; baseline -0.007 -2"><span class='ocrx_word' id='word_1_370' title='bbox 2851 455 3133 520; x_wconf 85' lang='lat' dir='ltr'><strong>CAPUT</strong></span> <span class='ocrx_word' id='word_1_371' title='bbox 3174 455 3283 515; x_wconf 88' lang='lat' dir='ltr'><strong>IV.</strong></span> 
     </span>
    </p>
   </div>
   <div class='ocr_carea' id='block_1_63' title="bbox 2246 550 3894 629">
    <p class='ocr_par' dir='ltr' id='par_1_63' title="bbox 2246 550 3894 629">
     <span class='ocr_line' id='line_1_63' title="bbox 2246 550 3894 629; baseline -0.007 -17"><span class='ocrx_word' id='word_1_372' title='bbox 2246 557 2425 612; x_wconf 85' lang='lat' dir='ltr'><strong>Curia</strong></span> <span class='ocrx_word' id='word_1_373' title='bbox 2445 556 2600 629; x_wconf 87' lang='lat' dir='ltr'><strong>apud</strong></span> <span class='ocrx_word' id='word_1_374' title='bbox 2622 555 2908 629; x_wconf 71' lang='lat' dir='ltr'><strong>Treviros</strong></span> <span class='ocrx_word' id='word_1_375' title='bbox 2929 553 3204 629; x_wconf 76' lang='lat' dir='ltr'><strong>babetqr,</strong></span> <span class='ocrx_word' id='word_1_376' title='bbox 3228 558 3288 606; x_wconf 86' lang='lat' dir='ltr'><strong>et</strong></span> <span class='ocrx_word' id='word_1_377' title='bbox 3310 551 3419 618; x_wconf 88' lang='lat' dir='ltr'><strong>ibi,</strong></span> <span class='ocrx_word' id='word_1_378' title='bbox 3445 550 3659 605; x_wconf 84' lang='lat' dir='ltr'><strong>abbate</strong></span> <span class='ocrx_word' id='word_1_379' title='bbox 3674 550 3894 616; x_wconf 84' lang='lat' dir='ltr'><strong>nescio,</strong></span> 
     </span>
    </p>
   </div>
   <div class='ocr_carea' id='block_1_64' title="bbox 2727 623 3406 680">
    <p class='ocr_par' dir='ltr' id='par_1_64' title="bbox 2727 623 3406 680">
     <span class='ocr_line' id='line_1_64' title="bbox 2727 623 3406 680; baseline -0.004 -2"><span class='ocrx_word' id='word_1_380' title='bbox 2727 625 2975 680; x_wconf 80' lang='lat' dir='ltr'><strong>traditio</strong></span> <span class='ocrx_word' id='word_1_381' title='bbox 3004 623 3406 679; x_wconf 75' lang='lat' dir='ltr'><strong>confirmatur.</strong></span> 
     </span>
    </p>
   </div>
   <div class='ocr_carea' id='block_1_65' title="bbox 2312 706 3899 785">
    <p class='ocr_par' dir='ltr' id='par_1_65' title="bbox 2312 706 3899 785">
     <span class='ocr_line' id='line_1_65' title="bbox 2312 706 3899 785; baseline -0.007 -14"><span class='ocrx_word' id='word_1_382' title='bbox 2312 717 2395 771; x_wconf 92' lang='lat' dir='ltr'><strong>Eo</strong></span> <span class='ocrx_word' id='word_1_383' title='bbox 2444 720 2725 785; x_wconf 89' lang='lat' dir='ltr'><strong>tempore,</strong></span> <span class='ocrx_word' id='word_1_384' title='bbox 2782 715 3128 768; x_wconf 89' lang='lat' dir='ltr'><strong>recurrente</strong></span> <span class='ocrx_word' id='word_1_385' title='bbox 3177 710 3468 782; x_wconf 88' lang='lat' dir='ltr'><strong>principis</strong></span> <span class='ocrx_word' id='word_1_386' title='bbox 3499 706 3899 779; x_wconf 88' lang='lat' dir='ltr'><strong>apostolorum</strong></span> 
     </span>
    </p>
   </div>
   <div class='ocr_carea' id='block_1_66' title="bbox 2242 796 3900 875">
    <p class='ocr_par' dir='ltr' id='par_1_66' title="bbox 2242 796 3900 875">
     <span class='ocr_line' id='line_1_66' title="bbox 2242 796 3900 875; baseline -0.007 -16"><span class='ocrx_word' id='word_1_387' title='bbox 2242 805 2524 875; x_wconf 82' lang='lat' dir='ltr'><strong>martyrio</strong></span> <span class='ocrx_word' id='word_1_388' title='bbox 2552 805 2825 858; x_wconf 86' lang='lat' dir='ltr'><strong>decorata</strong></span> <span class='ocrx_word' id='word_1_389' title='bbox 2857 817 3048 856; x_wconf 90' lang='lat' dir='ltr'><strong>annua</strong></span> <span class='ocrx_word' id='word_1_390' title='bbox 3080 800 3473 866; x_wconf 85' lang='lat' dir='ltr'><strong>solemnitate,</strong></span> <span class='ocrx_word' id='word_1_391' title='bbox 3506 799 3669 852; x_wconf 88' lang='lat' dir='ltr'><strong>curia</strong></span> <span class='ocrx_word' id='word_1_392' title='bbox 3684 796 3900 867; x_wconf 85' lang='lat' dir='ltr'><strong>regalis</strong></span> 
     </span>
    </p>
   </div>
   <div class='ocr_carea' id='block_1_67' title="bbox 2245 884 3902 964">
    <p class='ocr_par' dir='ltr' id='par_1_67' title="bbox 2245 884 3902 964">
     <span class='ocr_line' id='line_1_67' title="bbox 2245 884 3902 964; baseline -0.008 -16"><span class='ocrx_word' id='word_1_393' title='bbox 2245 895 2397 964; x_wconf 90' lang='lat' dir='ltr'><strong>apud</strong></span> <span class='ocrx_word' id='word_1_394' title='bbox 2428 893 2708 947; x_wconf 87' lang='lat' dir='ltr'><strong>Treviros</strong></span> <span class='ocrx_word' id='word_1_395' title='bbox 2741 890 3085 957; x_wconf 89' lang='lat' dir='ltr'><strong>habebatur,</strong></span> <span class='ocrx_word' id='word_1_396' title='bbox 3118 903 3235 942; x_wconf 87' lang='lat' dir='ltr'><strong>non</strong></span> <span class='ocrx_word' id='word_1_397' title='bbox 3266 887 3396 941; x_wconf 92' lang='lat' dir='ltr'><strong>sine</strong></span> <span class='ocrx_word' id='word_1_398' title='bbox 3429 885 3778 940; x_wconf 85' lang='lat' dir='ltr'><strong>detrimento</strong></span> <span class='ocrx_word' id='word_1_399' title='bbox 3810 884 3902 936; x_wconf 91' lang='lat' dir='ltr'><strong>hu-</strong></span> 
     </span>
    </p>
   </div>
   <div class='ocr_carea' id='block_1_68' title="bbox 2239 971 3901 1055">
    <p class='ocr_par' dir='ltr' id='par_1_68' title="bbox 2239 971 3901 1055">
     <span class='ocr_line' id='line_1_68' title="bbox 2239 971 3901 1055; baseline -0.008 -18"><span class='ocrx_word' id='word_1_400' title='bbox 2239 983 2344 1055; x_wconf 89' lang='lat' dir='ltr'><strong>jus</strong></span> <span class='ocrx_word' id='word_1_401' title='bbox 2373 981 2682 1035; x_wconf 82' lang='lat' dir='ltr'><strong>Ecclesiae.</strong></span> <span class='ocrx_word' id='word_1_402' title='bbox 2725 979 3085 1048; x_wconf 89' lang='lat' dir='ltr'><strong>Susceperat</strong></span> <span class='ocrx_word' id='word_1_403' title='bbox 3117 977 3375 1046; x_wconf 89' lang='lat' dir='ltr'><strong>hospitio</strong></span> <span class='ocrx_word' id='word_1_404' title='bbox 3405 973 3681 1028; x_wconf 88' lang='lat' dir='ltr'><strong>dominus</strong></span> <span class='ocrx_word' id='word_1_405' title='bbox 3720 971 3901 1025; x_wconf 87' lang='lat' dir='ltr'><strong>abbas</strong></span> 
     </span>
    </p>
   </div>
   <div class='ocr_carea' id='block_1_69' title="bbox 2247 1062 3902 1142">
    <p class='ocr_par' dir='ltr' id='par_1_69' title="bbox 2247 1062 3902 1142">
     <span class='ocr_line' id='line_1_69' title="bbox 2247 1062 3902 1142; baseline -0.007 -17"><span class='ocrx_word' id='word_1_406' title='bbox 2247 1071 2403 1142; x_wconf 90' lang='lat' dir='ltr'><strong>apud</strong></span> <span class='ocrx_word' id='word_1_407' title='bbox 2429 1069 2489 1124; x_wconf 93' lang='lat' dir='ltr'><strong>S.</strong></span> <span class='ocrx_word' id='word_1_408' title='bbox 2514 1069 2892 1123; x_wconf 85' lang='lat' dir='ltr'><strong>Maximinum</strong></span> <span class='ocrx_word' id='word_1_409' title='bbox 2925 1065 3439 1136; x_wconf 84' lang='lat' dir='ltr'><strong>archiepiscOpum</strong></span> <span class='ocrx_word' id='word_1_410' title='bbox 3469 1062 3902 1126; x_wconf 89' lang='lat' dir='ltr'><strong>Coloniensem,</strong></span> 
     </span>
    </p>
   </div>
   <div class='ocr_carea' id='block_1_70' title="bbox 2249 1150 3907 1230">
    <p class='ocr_par' dir='ltr' id='par_1_70' title="bbox 2249 1150 3907 1230">
     <span class='ocr_line' id='line_1_70' title="bbox 2249 1150 3907 1230; baseline -0.008 -16"><span class='ocrx_word' id='word_1_411' title='bbox 2249 1161 2343 1214; x_wconf 92' lang='lat' dir='ltr'><strong>cui</strong></span> <span class='ocrx_word' id='word_1_412' title='bbox 2378 1174 2588 1230; x_wconf 89' lang='lat' dir='ltr'><strong>magno</strong></span> <span class='ocrx_word' id='word_1_413' title='bbox 2607 1156 2939 1212; x_wconf 85' lang='lat' dir='ltr'><strong>devotionis</strong></span> <span class='ocrx_word' id='word_1_414' title='bbox 2970 1159 3026 1209; x_wconf 94' lang='lat' dir='ltr'><strong>et</strong></span> <span class='ocrx_word' id='word_1_415' title='bbox 3056 1153 3358 1208; x_wconf 89' lang='lat' dir='ltr'><strong>charitatis</strong></span> <span class='ocrx_word' id='word_1_416' title='bbox 3377 1151 3666 1221; x_wconf 89' lang='lat' dir='ltr'><strong>obsequio</strong></span> <span class='ocrx_word' id='word_1_417' title='bbox 3690 1150 3907 1217; x_wconf 88' lang='lat' dir='ltr'><strong>impen-</strong></span> 
     </span>
    </p>
   </div>
   <div class='ocr_carea' id='block_1_71' title="bbox 2249 1237 3907 1311">
    <p class='ocr_par' dir='ltr' id='par_1_71' title="bbox 2249 1237 3907 1311">
     <span class='ocr_line' id='line_1_71' title="bbox 2249 1237 3907 1311; baseline -0.008 -9"><span class='ocrx_word' id='word_1_418' title='bbox 2249 1249 2416 1302; x_wconf 89' lang='lat' dir='ltr'><strong>derat</strong></span> <span class='ocrx_word' id='word_1_419' title='bbox 2437 1260 2671 1300; x_wconf 89' lang='lat' dir='ltr'><strong>omnem</strong></span> <span class='ocrx_word' id='word_1_420' title='bbox 2699 1245 3138 1310; x_wconf 89' lang='lat' dir='ltr'><strong>humanitatem,</strong></span> <span class='ocrx_word' id='word_1_421' title='bbox 3162 1244 3358 1311; x_wconf 87' lang='lat' dir='ltr'><strong>utpote</strong></span> <span class='ocrx_word' id='word_1_422' title='bbox 3381 1241 3480 1310; x_wconf 90' lang='lat' dir='ltr'><strong>qui</strong></span> <span class='ocrx_word' id='word_1_423' title='bbox 3503 1239 3643 1292; x_wconf 90' lang='lat' dir='ltr'><strong>nihil</strong></span> <span class='ocrx_word' id='word_1_424' title='bbox 3673 1237 3907 1292; x_wconf 87' lang='lat' dir='ltr'><strong>adversi</strong></span> 
     </span>
    </p>
   </div>
   <div class='ocr_carea' id='block_1_72' title="bbox 2253 1326 3912 1406">
    <p class='ocr_par' dir='ltr' id='par_1_72' title="bbox 2253 1326 3912 1406">
     <span class='ocr_line' id='line_1_72' title="bbox 2253 1326 3912 1406; baseline -0.008 -15"><span class='ocrx_word' id='word_1_425' title='bbox 2253 1335 2670 1406; x_wconf 89' lang='lat' dir='ltr'><strong>suspicabatur</strong></span> <span class='ocrx_word' id='word_1_426' title='bbox 2699 1335 2771 1388; x_wconf 89' lang='lat' dir='ltr'><strong>ab</strong></span> <span class='ocrx_word' id='word_1_427' title='bbox 2802 1347 2871 1386; x_wconf 93' lang='lat' dir='ltr'><strong>eo</strong></span> <span class='ocrx_word' id='word_1_428' title='bbox 2903 1331 3020 1386; x_wconf 91' lang='lat' dir='ltr'><strong>sibi</strong></span> <span class='ocrx_word' id='word_1_429' title='bbox 3042 1330 3252 1399; x_wconf 90' lang='lat' dir='ltr'><strong>moliri,</strong></span> <span class='ocrx_word' id='word_1_430' title='bbox 3285 1330 3360 1384; x_wconf 89' lang='lat' dir='ltr'><strong>ob</strong></span> <span class='ocrx_word' id='word_1_431' title='bbox 3382 1332 3514 1382; x_wconf 86' lang='lat' dir='ltr'><strong>ante</strong></span> <span class='ocrx_word' id='word_1_432' title='bbox 3531 1331 3721 1380; x_wconf 89' lang='lat' dir='ltr'><strong>actam</strong></span> <span class='ocrx_word' id='word_1_433' title='bbox 3745 1326 3912 1379; x_wconf 90' lang='lat' dir='ltr'><strong>fami-</strong></span> 
     </span>
    </p>
   </div>
   <div class='ocr_carea' id='block_1_73' title="bbox 2252 1417 3908 1488">
    <p class='ocr_par' dir='ltr' id='par_1_73' title="bbox 2252 1417 3908 1488">
     <span class='ocr_line' id='line_1_73' title="bbox 2252 1417 3908 1488; baseline -0.007 -11"><span class='ocrx_word' id='word_1_434' title='bbox 2252 1424 2584 1477; x_wconf 88' lang='lat' dir='ltr'><strong>liaritatem.</strong></span> <span class='ocrx_word' id='word_1_435' title='bbox 2619 1422 2736 1476; x_wconf 89' lang='lat' dir='ltr'><strong>Sed</strong></span> <span class='ocrx_word' id='word_1_436' title='bbox 2767 1421 2975 1488; x_wconf 83' lang='lat' dir='ltr'><strong>ille,ex</strong></span> <span class='ocrx_word' id='word_1_437' title='bbox 2995 1419 3184 1472; x_wconf 89' lang='lat' dir='ltr'><strong>amico</strong></span> <span class='ocrx_word' id='word_1_438' title='bbox 3212 1417 3403 1471; x_wconf 89' lang='lat' dir='ltr'><strong>factus</strong></span> <span class='ocrx_word' id='word_1_439' title='bbox 3433 1417 3908 1478; x_wconf 84' lang='lat' dir='ltr'><strong>inimicissimus,</strong></span> 
     </span>
    </p>
   </div>
   <div class='ocr_carea' id='block_1_74' title="bbox 2255 1503 3916 1579">
    <p class='ocr_par' dir='ltr' id='par_1_74' title="bbox 2255 1503 3916 1579">
     <span class='ocr_line' id='line_1_74' title="bbox 2255 1503 3916 1579; baseline -0.007 -13"><span class='ocrx_word' id='word_1_440' title='bbox 2255 1528 2369 1567; x_wconf 89' lang='lat' dir='ltr'><strong>non</strong></span> <span class='ocrx_word' id='word_1_441' title='bbox 2399 1511 2706 1565; x_wconf 89' lang='lat' dir='ltr'><strong>inveniens</strong></span> <span class='ocrx_word' id='word_1_442' title='bbox 2737 1508 2879 1579; x_wconf 89' lang='lat' dir='ltr'><strong>quid</strong></span> <span class='ocrx_word' id='word_1_443' title='bbox 2901 1523 2976 1562; x_wconf 87' lang='lat' dir='ltr'><strong>ex</strong></span> <span class='ocrx_word' id='word_1_444' title='bbox 3003 1523 3173 1578; x_wconf 89' lang='lat' dir='ltr'><strong>aequo</strong></span> <span class='ocrx_word' id='word_1_445' title='bbox 3198 1505 3444 1560; x_wconf 86' lang='lat' dir='ltr'><strong>inferret</strong></span> <span class='ocrx_word' id='word_1_446' title='bbox 3474 1505 3678 1571; x_wconf 90' lang='lat' dir='ltr'><strong>iratus,</strong></span> <span class='ocrx_word' id='word_1_447' title='bbox 3705 1503 3916 1572; x_wconf 61' lang='lat' dir='ltr'><strong>quassi-</strong></span> 
     </span>
    </p>
   </div>
   <div class='ocr_carea' id='block_1_75' title="bbox 2255 1590 3917 1670">
    <p class='ocr_par' dir='ltr' id='par_1_75' title="bbox 2255 1590 3917 1670">
     <span class='ocr_line' id='line_1_75' title="bbox 2255 1590 3917 1670; baseline -0.006 -16"><span class='ocrx_word' id='word_1_448' title='bbox 2255 1602 2339 1654; x_wconf 90' lang='lat' dir='ltr'><strong>vit</strong></span> <span class='ocrx_word' id='word_1_449' title='bbox 2351 1598 2768 1670; x_wconf 87' lang='lat' dir='ltr'><strong>astutus,quod</strong></span> <span class='ocrx_word' id='word_1_450' title='bbox 2783 1614 2858 1652; x_wconf 88' lang='lat' dir='ltr'><strong>ex</strong></span> <span class='ocrx_word' id='word_1_451' title='bbox 2875 1597 3075 1667; x_wconf 92' lang='lat' dir='ltr'><strong>iniquo</strong></span> <span class='ocrx_word' id='word_1_452' title='bbox 3088 1594 3369 1662; x_wconf 85' lang='lat' dir='ltr'><strong>auferret,</strong></span> <span class='ocrx_word' id='word_1_453' title='bbox 3392 1590 3917 1647; x_wconf 87' lang='lat' dir='ltr'><strong>temerarius.Nam</strong></span> 
     </span>
    </p>
   </div>
   <div class='ocr_carea' id='block_1_76' title="bbox 2255 1680 3916 1759">
    <p class='ocr_par' dir='ltr' id='par_1_76' title="bbox 2255 1680 3916 1759">
     <span class='ocr_line' id='line_1_76' title="bbox 2255 1680 3916 1759; baseline -0.006 -19"><span class='ocrx_word' id='word_1_454' title='bbox 2255 1689 2564 1759; x_wconf 89' lang='lat' dir='ltr'><strong>ignorante</strong></span> <span class='ocrx_word' id='word_1_455' title='bbox 2593 1702 2684 1754; x_wconf 91' lang='lat' dir='ltr'><strong>eo,</strong></span> <span class='ocrx_word' id='word_1_456' title='bbox 2735 1688 2895 1740; x_wconf 85' lang='lat' dir='ltr'><strong>retro</strong></span> <span class='ocrx_word' id='word_1_457' title='bbox 2933 1684 3185 1738; x_wconf 89' lang='lat' dir='ltr'><strong>tendens</strong></span> <span class='ocrx_word' id='word_1_458' title='bbox 3227 1682 3500 1748; x_wconf 90' lang='lat' dir='ltr'><strong>insidias,</strong></span> <span class='ocrx_word' id='word_1_459' title='bbox 3535 1683 3597 1733; x_wconf 91' lang='lat' dir='ltr'><strong>ut</strong></span> <span class='ocrx_word' id='word_1_460' title='bbox 3634 1680 3750 1746; x_wconf 89' lang='lat' dir='ltr'><strong>leo,</strong></span> <span class='ocrx_word' id='word_1_461' title='bbox 3815 1693 3916 1748; x_wconf 86' lang='lat' dir='ltr'><strong>pro</strong></span> 
     </span>
    </p>
   </div>
   <div class='ocr_carea' id='block_1_77' title="bbox 2257 1767 3923 1842">
    <p class='ocr_par' dir='ltr' id='par_1_77' title="bbox 2257 1767 3923 1842">
     <span class='ocr_line' id='line_1_77' title="bbox 2257 1767 3923 1842; baseline -0.007 -12"><span class='ocrx_word' id='word_1_462' title='bbox 2257 1776 2439 1830; x_wconf 90' lang='lat' dir='ltr'><strong>nihilo</strong></span> <span class='ocrx_word' id='word_1_463' title='bbox 2472 1776 2636 1829; x_wconf 86' lang='lat' dir='ltr'><strong>duxit</strong></span> <span class='ocrx_word' id='word_1_464' title='bbox 2666 1776 2725 1828; x_wconf 89' lang='lat' dir='ltr'><strong>in</strong></span> <span class='ocrx_word' id='word_1_465' title='bbox 2757 1789 2824 1828; x_wconf 91' lang='lat' dir='ltr'><strong>se</strong></span> <span class='ocrx_word' id='word_1_466' title='bbox 2856 1771 3176 1842; x_wconf 89' lang='lat' dir='ltr'><strong>adimplere</strong></span> <span class='ocrx_word' id='word_1_467' title='bbox 3207 1771 3537 1824; x_wconf 90' lang='lat' dir='ltr'><strong>luctuosam</strong></span> <span class='ocrx_word' id='word_1_468' title='bbox 3584 1767 3923 1821; x_wconf 65' lang='lat' dir='ltr'><strong>Psalmistae</strong></span> 
     </span>
    </p>
   </div>
   <div class='ocr_carea' id='block_1_78' title="bbox 2260 1855 3926 1930">
    <p class='ocr_par' dir='ltr' id='par_1_78' title="bbox 2260 1855 3926 1930">
     <span class='ocr_line' id='line_1_78' title="bbox 2260 1855 3926 1930; baseline -0.007 -12"><span class='ocrx_word' id='word_1_469' title='bbox 2260 1864 2752 1918; x_wconf 88' lang='lat' dir='ltr'><strong>decantationem:</strong></span> <span class='ocrx_word' id='word_1_470' title='bbox 2775 1861 2884 1927; x_wconf 84' lang='lat' dir='ltr'><strong>Qui</strong></span> <span class='ocrx_word' id='word_1_471' title='bbox 2905 1859 3119 1915; x_wconf 80' lang='lat' dir='ltr'><strong>edebat</strong></span> <span class='ocrx_word' id='word_1_472' title='bbox 3129 1874 3320 1930; x_wconf 87' lang='lat' dir='ltr'><strong>panes</strong></span> <span class='ocrx_word' id='word_1_473' title='bbox 3342 1873 3504 1911; x_wconf 88' lang='lat' dir='ltr'><strong>meos</strong></span> <span class='ocrx_word' id='word_1_474' title='bbox 3517 1855 3835 1928; x_wconf 74' lang='lat' dir='ltr'><strong>magnilca</strong></span> <span class='ocrx_word' id='word_1_475' title='bbox 3847 1855 3926 1907; x_wconf 80' lang='lat' dir='ltr'><strong>vit</strong></span> 
     </span>
    </p>
   </div>
   <div class='ocr_carea' id='block_1_79' title="bbox 2260 1943 3924 2024">
    <p class='ocr_par' dir='ltr' id='par_1_79' title="bbox 2260 1943 3924 2024">
     <span class='ocr_line' id='line_1_79' title="bbox 2260 1943 3924 2024; baseline -0.007 -17"><span class='ocrx_word' id='word_1_476' title='bbox 2260 1969 2438 2024; x_wconf 83' lang='lat' dir='ltr'><strong>super</strong></span> <span class='ocrx_word' id='word_1_477' title='bbox 2469 1967 2561 2006; x_wconf 87' lang='lat' dir='ltr'><strong>me</strong></span> <span class='ocrx_word' id='word_1_478' title='bbox 2605 1949 3138 2021; x_wconf 82' lang='lat' dir='ltr'><strong>supplantationem</strong></span> <span class='ocrx_word' id='word_1_479' title='bbox 3179 1946 3374 2016; x_wconf 84' lang='lat' dir='ltr'><strong>(Psal.</strong></span> <span class='ocrx_word' id='word_1_480' title='bbox 3408 1945 3525 2015; x_wconf 79' lang='lat' dir='ltr'><strong>XL).</strong></span> <span class='ocrx_word' id='word_1_481' title='bbox 3577 1945 3715 2014; x_wconf 89' lang='lat' dir='ltr'><strong>Ipso</strong></span> <span class='ocrx_word' id='word_1_482' title='bbox 3745 1943 3924 1998; x_wconf 86' lang='lat' dir='ltr'><strong>etiam</strong></span> 
     </span>
    </p>
   </div>
   <div class='ocr_carea' id='block_1_80' title="bbox 2261 2032 3916 2111">
    <p class='ocr_par' dir='ltr' id='par_1_80' title="bbox 2261 2032 3916 2111">
     <span class='ocr_line' id='line_1_80' title="bbox 2261 2032 3916 2111; baseline -0.007 -16"><span class='ocrx_word' id='word_1_483' title='bbox 2261 2044 2524 2111; x_wconf 91' lang='lat' dir='ltr'><strong>tempore</strong></span> <span class='ocrx_word' id='word_1_484' title='bbox 2556 2039 2615 2093; x_wconf 90' lang='lat' dir='ltr'><strong>in</strong></span> <span class='ocrx_word' id='word_1_485' title='bbox 2643 2039 2775 2108; x_wconf 89' lang='lat' dir='ltr'><strong>ipsa</strong></span> <span class='ocrx_word' id='word_1_486' title='bbox 2805 2037 2988 2106; x_wconf 90' lang='lat' dir='ltr'><strong>curia,</strong></span> <span class='ocrx_word' id='word_1_487' title='bbox 3023 2037 3368 2106; x_wconf 90' lang='lat' dir='ltr'><strong>impetrante</strong></span> <span class='ocrx_word' id='word_1_488' title='bbox 3399 2033 3635 2088; x_wconf 90' lang='lat' dir='ltr'><strong>domino</strong></span> <span class='ocrx_word' id='word_1_489' title='bbox 3683 2032 3916 2098; x_wconf 86' lang='lat' dir='ltr'><strong>abbate,</strong></span> 
     </span>
    </p>
   </div>
   <div class='ocr_carea' id='block_1_81' title="bbox 2263 2121 3928 2192">
    <p class='ocr_par' dir='ltr' id='par_1_81' title="bbox 2263 2121 3928 2192">
     <span class='ocr_line' id='line_1_81' title="bbox 2263 2121 3928 2192; baseline -0.007 -9"><span class='ocrx_word' id='word_1_490' title='bbox 2263 2130 2527 2183; x_wconf 85' lang='lat' dir='ltr'><strong>recitatae</strong></span> <span class='ocrx_word' id='word_1_491' title='bbox 2558 2131 2722 2181; x_wconf 89' lang='lat' dir='ltr'><strong>erant</strong></span> <span class='ocrx_word' id='word_1_492' title='bbox 2754 2126 2973 2180; x_wconf 89' lang='lat' dir='ltr'><strong>chartae</strong></span> <span class='ocrx_word' id='word_1_493' title='bbox 3003 2129 3224 2178; x_wconf 87' lang='lat' dir='ltr'><strong>nostrae</strong></span> <span class='ocrx_word' id='word_1_494' title='bbox 3261 2121 3821 2192; x_wconf 64' lang='lat' dir='ltr'><strong>impraasantiarum,</strong></span> <span class='ocrx_word' id='word_1_495' title='bbox 3877 2121 3928 2172; x_wconf 90' lang='lat' dir='ltr'><strong>et</strong></span> 
     </span>
    </p>
   </div>
   <div class='ocr_carea' id='block_1_82' title="bbox 2264 2212 3926 2286">
    <p class='ocr_par' dir='ltr' id='par_1_82' title="bbox 2264 2212 3926 2286">
     <span class='ocr_line' id='line_1_82' title="bbox 2264 2212 3926 2286; baseline -0.006 -16"><span class='ocrx_word' id='word_1_496' title='bbox 2264 2218 2395 2286; x_wconf 92' lang='lat' dir='ltr'><strong>ipse</strong></span> <span class='ocrx_word' id='word_1_497' title='bbox 2426 2231 2532 2270; x_wconf 88' lang='lat' dir='ltr'><strong>rex</strong></span> <span class='ocrx_word' id='word_1_498' title='bbox 2561 2216 2905 2269; x_wconf 88' lang='lat' dir='ltr'><strong>auctoritate</strong></span> <span class='ocrx_word' id='word_1_499' title='bbox 2938 2229 3046 2268; x_wconf 90' lang='lat' dir='ltr'><strong>sua</strong></span> <span class='ocrx_word' id='word_1_500' title='bbox 3069 2212 3459 2266; x_wconf 88' lang='lat' dir='ltr'><strong>renovaverat</strong></span> <span class='ocrx_word' id='word_1_501' title='bbox 3473 2213 3749 2280; x_wconf 87' lang='lat' dir='ltr'><strong>pracepta</strong></span> <span class='ocrx_word' id='word_1_502' title='bbox 3778 2223 3926 2277; x_wconf 71' lang='lat' dir='ltr'><strong>prae-</strong></span> 
     </span>
    </p>
   </div>
   <div class='ocr_carea' id='block_1_83' title="bbox 2266 2299 3931 2372">
    <p class='ocr_par' dir='ltr' id='par_1_83' title="bbox 2266 2299 3931 2372">
     <span class='ocr_line' id='line_1_83' title="bbox 2266 2299 3931 2372; baseline -0.007 -12"><span class='ocrx_word' id='word_1_503' title='bbox 2266 2306 2652 2360; x_wconf 89' lang='lat' dir='ltr'><strong>decessorum</strong></span> <span class='ocrx_word' id='word_1_504' title='bbox 2682 2303 3115 2372; x_wconf 88' lang='lat' dir='ltr'><strong>imperatorum,</strong></span> <span class='ocrx_word' id='word_1_505' title='bbox 3134 2305 3192 2354; x_wconf 90' lang='lat' dir='ltr'><strong>et</strong></span> <span class='ocrx_word' id='word_1_506' title='bbox 3221 2304 3282 2354; x_wconf 93' lang='lat' dir='ltr'><strong>ut</strong></span> <span class='ocrx_word' id='word_1_507' title='bbox 3297 2299 3575 2353; x_wconf 90' lang='lat' dir='ltr'><strong>inviolata</strong></span> <span class='ocrx_word' id='word_1_508' title='bbox 3587 2311 3931 2366; x_wconf 89' lang='lat' dir='ltr'><strong>permanse-</strong></span> 
     </span>
    </p>
   </div>
   <div class='ocr_carea' id='block_1_84' title="bbox 2269 2387 3933 2462">
    <p class='ocr_par' dir='ltr' id='par_1_84' title="bbox 2269 2387 3933 2462">
     <span class='ocr_line' id='line_1_84' title="bbox 2269 2387 3933 2462; baseline -0.007 -14"><span class='ocrx_word' id='word_1_509' title='bbox 2269 2397 2397 2448; x_wconf 88' lang='lat' dir='ltr'><strong>rant</strong></span> <span class='ocrx_word' id='word_1_510' title='bbox 2423 2394 2495 2446; x_wconf 93' lang='lat' dir='ltr'><strong>ad</strong></span> <span class='ocrx_word' id='word_1_511' title='bbox 2528 2408 2719 2462; x_wconf 87' lang='lat' dir='ltr'><strong>usque</strong></span> <span class='ocrx_word' id='word_1_512' title='bbox 2750 2406 2925 2446; x_wconf 89' lang='lat' dir='ltr'><strong>suum</strong></span> <span class='ocrx_word' id='word_1_513' title='bbox 2955 2393 3209 2459; x_wconf 89' lang='lat' dir='ltr'><strong>tempus,</strong></span> <span class='ocrx_word' id='word_1_514' title='bbox 3241 2390 3334 2441; x_wconf 86' lang='lat' dir='ltr'><strong>sic</strong></span> <span class='ocrx_word' id='word_1_515' title='bbox 3383 2387 3666 2454; x_wconf 90' lang='lat' dir='ltr'><strong>deinceps</strong></span> <span class='ocrx_word' id='word_1_516' title='bbox 3696 2400 3933 2454; x_wconf 85' lang='lat' dir='ltr'><strong>perma-</strong></span> 
     </span>
    </p>
   </div>
   <div class='ocr_carea' id='block_1_85' title="bbox 2269 2477 3932 2548">
    <p class='ocr_par' dir='ltr' id='par_1_85' title="bbox 2269 2477 3932 2548">
     <span class='ocr_line' id='line_1_85' title="bbox 2269 2477 3932 2548; baseline -0.007 -12"><span class='ocrx_word' id='word_1_517' title='bbox 2269 2498 2412 2537; x_wconf 89' lang='lat' dir='ltr'><strong>nere</strong></span> <span class='ocrx_word' id='word_1_518' title='bbox 2470 2481 2921 2534; x_wconf 88' lang='lat' dir='ltr'><strong>confirmaverat</strong></span> <span class='ocrx_word' id='word_1_519' title='bbox 2975 2494 3085 2548; x_wconf 93' lang='lat' dir='ltr'><strong>per</strong></span> <span class='ocrx_word' id='word_1_520' title='bbox 3132 2477 3631 2545; x_wconf 86' lang='lat' dir='ltr'><strong>subscriptionem</strong></span> <span class='ocrx_word' id='word_1_521' title='bbox 3699 2488 3932 2527; x_wconf 89' lang='lat' dir='ltr'><strong>manus.</strong></span> 
     </span>
    </p>
   </div>
   <div class='ocr_carea' id='block_1_86' title="bbox 2271 2561 3934 2639">
    <p class='ocr_par' dir='ltr' id='par_1_86' title="bbox 2271 2561 3934 2639">
     <span class='ocr_line' id='line_1_86' title="bbox 2271 2561 3934 2639; baseline -0.007 -14"><span class='ocrx_word' id='word_1_522' title='bbox 2271 2573 2478 2639; x_wconf 85' lang='lat' dir='ltr'><strong>Porro,</strong></span> <span class='ocrx_word' id='word_1_523' title='bbox 2511 2571 2573 2622; x_wconf 91' lang='lat' dir='ltr'><strong>ut</strong></span> <span class='ocrx_word' id='word_1_524' title='bbox 2603 2571 2728 2622; x_wconf 89' lang='lat' dir='ltr'><strong>erat</strong></span> <span class='ocrx_word' id='word_1_525' title='bbox 2747 2583 2897 2637; x_wconf 91' lang='lat' dir='ltr'><strong>puer</strong></span> <span class='ocrx_word' id='word_1_526' title='bbox 2930 2567 2988 2620; x_wconf 91' lang='lat' dir='ltr'><strong>in</strong></span> <span class='ocrx_word' id='word_1_527' title='bbox 3011 2565 3346 2620; x_wconf 85' lang='lat' dir='ltr'><strong>utramlibet</strong></span> <span class='ocrx_word' id='word_1_528' title='bbox 3363 2567 3592 2634; x_wconf 88' lang='lat' dir='ltr'><strong>partem</strong></span> <span class='ocrx_word' id='word_1_529' title='bbox 3624 2561 3934 2626; x_wconf 84' lang='lat' dir='ltr'><strong>ﬂexibilis,</strong></span> 
     </span>
    </p>
   </div>
   <div class='ocr_carea' id='block_1_87' title="bbox 2271 2650 3942 2712">
    <p class='ocr_par' dir='ltr' id='par_1_87' title="bbox 2271 2650 3942 2712">
     <span class='ocr_line' id='line_1_87' title="bbox 2271 2650 3942 2712; baseline -0.007 1"><span class='ocrx_word' id='word_1_530' title='bbox 2271 2659 2420 2712; x_wconf 90' lang='lat' dir='ltr'><strong>male</strong></span> <span class='ocrx_word' id='word_1_531' title='bbox 2444 2657 2754 2712; x_wconf 90' lang='lat' dir='ltr'><strong>consultus</strong></span> <span class='ocrx_word' id='word_1_532' title='bbox 2777 2656 2987 2711; x_wconf 91' lang='lat' dir='ltr'><strong>horum</strong></span> <span class='ocrx_word' id='word_1_533' title='bbox 3001 2654 3385 2709; x_wconf 90' lang='lat' dir='ltr'><strong>decurionum</strong></span> <span class='ocrx_word' id='word_1_534' title='bbox 3399 2650 3797 2706; x_wconf 88' lang='lat' dir='ltr'><strong>suasibilibus</strong></span> <span class='ocrx_word' id='word_1_535' title='bbox 3814 2664 3942 2702; x_wconf 88' lang='lat' dir='ltr'><strong>ver-</strong></span> 
     </span>
    </p>
   </div>
   <div class='ocr_carea' id='block_1_88' title="bbox 2269 2738 3936 2814">
    <p class='ocr_par' dir='ltr' id='par_1_88' title="bbox 2269 2738 3936 2814">
     <span class='ocr_line' id='line_1_88' title="bbox 2269 2738 3936 2814; baseline -0.007 -13"><span class='ocrx_word' id='word_1_536' title='bbox 2269 2748 2388 2814; x_wconf 90' lang='lat' dir='ltr'><strong>bis,</strong></span> <span class='ocrx_word' id='word_1_537' title='bbox 2424 2746 2618 2799; x_wconf 89' lang='lat' dir='ltr'><strong>statim</strong></span> <span class='ocrx_word' id='word_1_538' title='bbox 2669 2759 2780 2799; x_wconf 89' lang='lat' dir='ltr'><strong>sua</strong></span> <span class='ocrx_word' id='word_1_539' title='bbox 2811 2749 2867 2798; x_wconf 90' lang='lat' dir='ltr'><strong>et</strong></span> <span class='ocrx_word' id='word_1_540' title='bbox 2897 2743 3270 2813; x_wconf 89' lang='lat' dir='ltr'><strong>antiquorum</strong></span> <span class='ocrx_word' id='word_1_541' title='bbox 3329 2744 3544 2795; x_wconf 88' lang='lat' dir='ltr'><strong>statuta</strong></span> <span class='ocrx_word' id='word_1_542' title='bbox 3591 2738 3936 2804; x_wconf 87' lang='lat' dir='ltr'><strong>infirmavit,</strong></span> 
     </span>
    </p>
   </div>
   <div class='ocr_carea' id='block_1_89' title="bbox 2272 2827 3940 2903">
    <p class='ocr_par' dir='ltr' id='par_1_89' title="bbox 2272 2827 3940 2903">
     <span class='ocr_line' id='line_1_89' title="bbox 2272 2827 3940 2903; baseline -0.005 -16"><span class='ocrx_word' id='word_1_543' title='bbox 2272 2834 2532 2903; x_wconf 90' lang='lat' dir='ltr'><strong>violavit,</strong></span> <span class='ocrx_word' id='word_1_544' title='bbox 2567 2834 2624 2886; x_wconf 92' lang='lat' dir='ltr'><strong>in</strong></span> <span class='ocrx_word' id='word_1_545' title='bbox 2656 2847 2866 2886; x_wconf 89' lang='lat' dir='ltr'><strong>manus</strong></span> <span class='ocrx_word' id='word_1_546' title='bbox 2895 2833 3124 2884; x_wconf 90' lang='lat' dir='ltr'><strong>alienas</strong></span> <span class='ocrx_word' id='word_1_547' title='bbox 3155 2831 3287 2884; x_wconf 90' lang='lat' dir='ltr'><strong>sine</strong></span> <span class='ocrx_word' id='word_1_548' title='bbox 3312 2829 3448 2900; x_wconf 82' lang='lat' dir='ltr'><strong>jure</strong></span> <span class='ocrx_word' id='word_1_549' title='bbox 3479 2833 3535 2882; x_wconf 92' lang='lat' dir='ltr'><strong>et</strong></span> <span class='ocrx_word' id='word_1_550' title='bbox 3558 2827 3765 2898; x_wconf 83' lang='lat' dir='ltr'><strong>judice</strong></span> <span class='ocrx_word' id='word_1_551' title='bbox 3797 2843 3940 2880; x_wconf 88' lang='lat' dir='ltr'><strong>con-</strong></span> 
     </span>
    </p>
   </div>
   <div class='ocr_carea' id='block_1_90' title="bbox 2272 2914 3942 2992">
    <p class='ocr_par' dir='ltr' id='par_1_90' title="bbox 2272 2914 3942 2992">
     <span class='ocr_line' id='line_1_90' title="bbox 2272 2914 3942 2992; baseline -0.006 -15"><span class='ocrx_word' id='word_1_552' title='bbox 2272 2922 2526 2978; x_wconf 88' lang='lat' dir='ltr'><strong>tradidit.</strong></span> <span class='ocrx_word' id='word_1_553' title='bbox 2562 2922 2826 2992; x_wconf 90' lang='lat' dir='ltr'><strong>Denique</strong></span> <span class='ocrx_word' id='word_1_554' title='bbox 2865 2921 3202 2975; x_wconf 89' lang='lat' dir='ltr'><strong>discessum</strong></span> <span class='ocrx_word' id='word_1_555' title='bbox 3233 2923 3359 2973; x_wconf 90' lang='lat' dir='ltr'><strong>erat</strong></span> <span class='ocrx_word' id='word_1_556' title='bbox 3383 2916 3506 2988; x_wconf 88' lang='lat' dir='ltr'><strong>jam</strong></span> <span class='ocrx_word' id='word_1_557' title='bbox 3555 2916 3823 2986; x_wconf 88' lang='lat' dir='ltr'><strong>undique</strong></span> <span class='ocrx_word' id='word_1_558' title='bbox 3871 2914 3942 2967; x_wconf 90' lang='lat' dir='ltr'><strong>de</strong></span> 
     </span>
    </p>
   </div>
   <div class='ocr_carea' id='block_1_91' title="bbox 2276 3003 3943 3079">
    <p class='ocr_par' dir='ltr' id='par_1_91' title="bbox 2276 3003 3943 3079">
     <span class='ocr_line' id='line_1_91' title="bbox 2276 3003 3943 3079; baseline -0.006 -15"><span class='ocrx_word' id='word_1_559' title='bbox 2276 3012 2460 3079; x_wconf 90' lang='lat' dir='ltr'><strong>curia,</strong></span> <span class='ocrx_word' id='word_1_560' title='bbox 2494 3025 2626 3063; x_wconf 89' lang='lat' dir='ltr'><strong>cum</strong></span> <span class='ocrx_word' id='word_1_561' title='bbox 2656 3010 2736 3063; x_wconf 91' lang='lat' dir='ltr'><strong>nil</strong></span> <span class='ocrx_word' id='word_1_562' title='bbox 2767 3009 2960 3062; x_wconf 87' lang='lat' dir='ltr'><strong>adhuc</strong></span> <span class='ocrx_word' id='word_1_563' title='bbox 2991 3007 3266 3062; x_wconf 89' lang='lat' dir='ltr'><strong>dominus</strong></span> <span class='ocrx_word' id='word_1_564' title='bbox 3293 3006 3481 3060; x_wconf 88' lang='lat' dir='ltr'><strong>abbas</strong></span> <span class='ocrx_word' id='word_1_565' title='bbox 3502 3005 3855 3074; x_wconf 87' lang='lat' dir='ltr'><strong>perceperat</strong></span> <span class='ocrx_word' id='word_1_566' title='bbox 3873 3003 3943 3054; x_wconf 87' lang='lat' dir='ltr'><strong>de</strong></span> 
     </span>
    </p>
   </div>
   <div class='ocr_carea' id='block_1_92' title="bbox 2276 3091 3946 3170">
    <p class='ocr_par' dir='ltr' id='par_1_92' title="bbox 2276 3091 3946 3170">
     <span class='ocr_line' id='line_1_92' title="bbox 2276 3091 3946 3170; baseline -0.007 -16"><span class='ocrx_word' id='word_1_567' title='bbox 2276 3099 2621 3170; x_wconf 57' lang='lat' dir='ltr'><strong>hiriusmodi</strong></span> <span class='ocrx_word' id='word_1_568' title='bbox 2650 3098 2894 3152; x_wconf 88' lang='lat' dir='ltr'><strong>veritate</strong></span> <span class='ocrx_word' id='word_1_569' title='bbox 2925 3096 3194 3150; x_wconf 88' lang='lat' dir='ltr'><strong>clanculo</strong></span> <span class='ocrx_word' id='word_1_570' title='bbox 3224 3097 3575 3165; x_wconf 78' lang='lat' dir='ltr'><strong>perpetxata.</strong></span> <span class='ocrx_word' id='word_1_571' title='bbox 3597 3093 3751 3146; x_wconf 87' lang='lat' dir='ltr'><strong>Nam</strong></span> <span class='ocrx_word' id='word_1_572' title='bbox 3773 3091 3946 3144; x_wconf 87' lang='lat' dir='ltr'><strong>nefas</strong></span> 
     </span>
    </p>
   </div>
   <div class='ocr_carea' id='block_1_93' title="bbox 2179 3172 3947 3257">
    <p class='ocr_par' dir='ltr' id='par_1_93' title="bbox 2179 3172 3947 3257">
     <span class='ocr_line' id='line_1_93' title="bbox 2179 3172 3947 3257; baseline -0.007 -15"><span class='ocrx_word' id='word_1_573' title='bbox 2179 3172 2236 3241; x_wconf 76' lang='grc' dir='ltr'>σ</span> <span class='ocrx_word' id='word_1_574' title='bbox 2276 3188 2512 3257; x_wconf 86' lang='lat' dir='ltr'><strong>putabat</strong></span> <span class='ocrx_word' id='word_1_575' title='bbox 2536 3186 2780 3240; x_wconf 88' lang='lat' dir='ltr'><strong>credere</strong></span> <span class='ocrx_word' id='word_1_576' title='bbox 2802 3200 2976 3255; x_wconf 90' lang='lat' dir='ltr'><strong>quem</strong></span> <span class='ocrx_word' id='word_1_577' title='bbox 2995 3184 3250 3238; x_wconf 87' lang='lat' dir='ltr'><strong>habebat</strong></span> <span class='ocrx_word' id='word_1_578' title='bbox 3279 3184 3438 3237; x_wconf 91' lang='lat' dir='ltr'><strong>velut</strong></span> <span class='ocrx_word' id='word_1_579' title='bbox 3459 3181 3719 3235; x_wconf 88' lang='lat' dir='ltr'><strong>amicum</strong></span> <span class='ocrx_word' id='word_1_580' title='bbox 3736 3178 3947 3233; x_wconf 89' lang='lat' dir='ltr'><strong>unani-</strong></span> 
     </span>
    </p>
   </div>
   <div class='ocr_carea' id='block_1_94' title="bbox 2279 3272 3946 3343">
    <p class='ocr_par' dir='ltr' id='par_1_94' title="bbox 2279 3272 3946 3343">
     <span class='ocr_line' id='line_1_94' title="bbox 2279 3272 3946 3343; baseline -0.006 -14"><span class='ocrx_word' id='word_1_581' title='bbox 2279 3291 2432 3330; x_wconf 90' lang='lat' dir='ltr'><strong>mem</strong></span> <span class='ocrx_word' id='word_1_582' title='bbox 2464 3275 2524 3328; x_wconf 92' lang='lat' dir='ltr'><strong>in</strong></span> <span class='ocrx_word' id='word_1_583' title='bbox 2555 3289 2622 3327; x_wconf 90' lang='lat' dir='ltr'><strong>se</strong></span> <span class='ocrx_word' id='word_1_584' title='bbox 2650 3274 2921 3343; x_wconf 90' lang='lat' dir='ltr'><strong>potuisse</strong></span> <span class='ocrx_word' id='word_1_585' title='bbox 2951 3273 3314 3326; x_wconf 89' lang='lat' dir='ltr'><strong>committere</strong></span> <span class='ocrx_word' id='word_1_586' title='bbox 3348 3272 3477 3325; x_wconf 89' lang='lat' dir='ltr'><strong>sine</strong></span> <span class='ocrx_word' id='word_1_587' title='bbox 3508 3284 3692 3323; x_wconf 90' lang='lat' dir='ltr'><strong>causa</strong></span> <span class='ocrx_word' id='word_1_588' title='bbox 3723 3273 3946 3322; x_wconf 85' lang='lat' dir='ltr'><strong>tantam</strong></span> 
     </span>
    </p>
   </div>
   <div class='ocr_carea' id='block_1_95' title="bbox 2279 3356 3952 3434">
    <p class='ocr_par' dir='ltr' id='par_1_95' title="bbox 2279 3356 3952 3434">
     <span class='ocr_line' id='line_1_95' title="bbox 2279 3356 3952 3434; baseline -0.005 -17"><span class='ocrx_word' id='word_1_589' title='bbox 2279 3364 2652 3434; x_wconf 88' lang='lat' dir='ltr'><strong>impietatem.</strong></span> <span class='ocrx_word' id='word_1_590' title='bbox 2689 3363 2904 3416; x_wconf 89' lang='lat' dir='ltr'><strong>Verum</strong></span> <span class='ocrx_word' id='word_1_591' title='bbox 2937 3362 2996 3414; x_wconf 88' lang='lat' dir='ltr'><strong>in</strong></span> <span class='ocrx_word' id='word_1_592' title='bbox 3026 3360 3326 3415; x_wconf 90' lang='lat' dir='ltr'><strong>redeundo</strong></span> <span class='ocrx_word' id='word_1_593' title='bbox 3357 3359 3458 3412; x_wconf 89' lang='lat' dir='ltr'><strong>ubi</strong></span> <span class='ocrx_word' id='word_1_594' title='bbox 3489 3358 3664 3412; x_wconf 89' lang='lat' dir='ltr'><strong>etiam</strong></span> <span class='ocrx_word' id='word_1_595' title='bbox 3698 3356 3820 3426; x_wconf 88' lang='lat' dir='ltr'><strong>ipsi</strong></span> <span class='ocrx_word' id='word_1_596' title='bbox 3850 3371 3952 3409; x_wconf 87' lang='lat' dir='ltr'><strong>ro-</strong></span> 
     </span>
    </p>
   </div>
   <div class='ocr_carea' id='block_1_96' title="bbox 2278 3445 3952 3524">
    <p class='ocr_par' dir='ltr' id='par_1_96' title="bbox 2278 3445 3952 3524">
     <span class='ocr_line' id='line_1_96' title="bbox 2278 3445 3952 3524; baseline -0.006 -17"><span class='ocrx_word' id='word_1_597' title='bbox 2278 3457 2478 3524; x_wconf 89' lang='lat' dir='ltr'><strong>gatum</strong></span> <span class='ocrx_word' id='word_1_598' title='bbox 2508 3451 2682 3506; x_wconf 90' lang='lat' dir='ltr'><strong>dabat</strong></span> <span class='ocrx_word' id='word_1_599' title='bbox 2731 3450 3060 3518; x_wconf 90' lang='lat' dir='ltr'><strong>servitium,</strong></span> <span class='ocrx_word' id='word_1_600' title='bbox 3122 3449 3261 3518; x_wconf 91' lang='lat' dir='ltr'><strong>quid</strong></span> <span class='ocrx_word' id='word_1_601' title='bbox 3307 3450 3500 3501; x_wconf 90' lang='lat' dir='ltr'><strong>actum</strong></span> <span class='ocrx_word' id='word_1_602' title='bbox 3556 3446 3634 3500; x_wconf 91' lang='lat' dir='ltr'><strong>sit</strong></span> <span class='ocrx_word' id='word_1_603' title='bbox 3689 3445 3952 3514; x_wconf 89' lang='lat' dir='ltr'><strong>primum</strong></span> 
     </span>
    </p>
   </div>
   <div class='ocr_carea' id='block_1_97' title="bbox 2279 3533 3957 3606">
    <p class='ocr_par' dir='ltr' id='par_1_97' title="bbox 2279 3533 3957 3606">
     <span class='ocr_line' id='line_1_97' title="bbox 2279 3533 3957 3606; baseline -0.005 -12"><span class='ocrx_word' id='word_1_604' title='bbox 2279 3541 2396 3594; x_wconf 91' lang='lat' dir='ltr'><strong>sibi</strong></span> <span class='ocrx_word' id='word_1_605' title='bbox 2422 3543 2517 3593; x_wconf 92' lang='lat' dir='ltr'><strong>est</strong></span> <span class='ocrx_word' id='word_1_606' title='bbox 2537 3539 2875 3606; x_wconf 90' lang='lat' dir='ltr'><strong>indicatum,</strong></span> <span class='ocrx_word' id='word_1_607' title='bbox 2905 3537 3124 3592; x_wconf 89' lang='lat' dir='ltr'><strong>bonum</strong></span> <span class='ocrx_word' id='word_1_608' title='bbox 3155 3536 3425 3590; x_wconf 90' lang='lat' dir='ltr'><strong>videlicet</strong></span> <span class='ocrx_word' id='word_1_609' title='bbox 3445 3534 3506 3589; x_wconf 90' lang='lat' dir='ltr'><strong>S.</strong></span> <span class='ocrx_word' id='word_1_610' title='bbox 3543 3533 3814 3588; x_wconf 78' lang='lat' dir='ltr'><strong>Remacli</strong></span> <span class='ocrx_word' id='word_1_611' title='bbox 3845 3549 3957 3602; x_wconf 88' lang='lat' dir='ltr'><strong>per</strong></span> 
     </span>
    </p>
   </div>
   <div class='ocr_carea' id='block_1_98' title="bbox 2283 3621 3960 3699">
    <p class='ocr_par' dir='ltr' id='par_1_98' title="bbox 2283 3621 3960 3699">
     <span class='ocr_line' id='line_1_98' title="bbox 2283 3621 3960 3699; baseline -0.005 -17"><span class='ocrx_word' id='word_1_612' title='bbox 2283 3629 2515 3699; x_wconf 88' lang='lat' dir='ltr'><strong>legatos</strong></span> <span class='ocrx_word' id='word_1_613' title='bbox 2547 3643 2693 3682; x_wconf 89' lang='lat' dir='ltr'><strong>suos</strong></span> <span class='ocrx_word' id='word_1_614' title='bbox 2723 3627 2880 3680; x_wconf 90' lang='lat' dir='ltr'><strong>illam</strong></span> <span class='ocrx_word' id='word_1_615' title='bbox 2904 3625 3568 3695; x_wconf 78' lang='lat' dir='ltr'><strong>invasisse,vindicasse</strong></span> <span class='ocrx_word' id='word_1_616' title='bbox 3593 3621 3960 3676; x_wconf 82' lang='lat' dir='ltr'><strong>Malmunda-</strong></span> 
     </span>
    </p>
   </div>
   <div class='ocr_carea' id='block_1_99' title="bbox 2282 3711 3957 3782">
    <p class='ocr_par' dir='ltr' id='par_1_99' title="bbox 2282 3711 3957 3782">
     <span class='ocr_line' id='line_1_99' title="bbox 2282 3711 3957 3782; baseline -0.005 -11"><span class='ocrx_word' id='word_1_617' title='bbox 2282 3718 2454 3771; x_wconf 89' lang='lat' dir='ltr'><strong>rium.</strong></span> <span class='ocrx_word' id='word_1_618' title='bbox 2482 3716 2628 3780; x_wconf 84' lang='lat' dir='ltr'><strong>Quis</strong></span> <span class='ocrx_word' id='word_1_619' title='bbox 2652 3716 2780 3769; x_wconf 90' lang='lat' dir='ltr'><strong>haec</strong></span> <span class='ocrx_word' id='word_1_620' title='bbox 2811 3715 3191 3768; x_wconf 87' lang='lat' dir='ltr'><strong>memorando</strong></span> <span class='ocrx_word' id='word_1_621' title='bbox 3224 3718 3424 3767; x_wconf 88' lang='lat' dir='ltr'><strong>tenere</strong></span> <span class='ocrx_word' id='word_1_622' title='bbox 3446 3714 3640 3782; x_wconf 85' lang='lat' dir='ltr'><strong>potest</strong></span> <span class='ocrx_word' id='word_1_623' title='bbox 3665 3711 3957 3778; x_wconf 89' lang='lat' dir='ltr'><strong>animum,</strong></span> 
     </span>
    </p>
   </div>
   <div class='ocr_carea' id='block_1_100' title="bbox 2283 3799 3958 3875">
    <p class='ocr_par' dir='ltr' id='par_1_100' title="bbox 2283 3799 3958 3875">
     <span class='ocr_line' id='line_1_100' title="bbox 2283 3799 3958 3875; baseline -0.005 -16"><span class='ocrx_word' id='word_1_624' title='bbox 2283 3805 2401 3860; x_wconf 90' lang='lat' dir='ltr'><strong>nisi</strong></span> <span class='ocrx_word' id='word_1_625' title='bbox 2430 3804 2588 3875; x_wconf 91' lang='lat' dir='ltr'><strong>quod</strong></span> <span class='ocrx_word' id='word_1_626' title='bbox 2610 3804 2845 3858; x_wconf 88' lang='lat' dir='ltr'><strong>tristitia</strong></span> <span class='ocrx_word' id='word_1_627' title='bbox 2867 3803 2965 3857; x_wconf 91' lang='lat' dir='ltr'><strong>illa</strong></span> <span class='ocrx_word' id='word_1_628' title='bbox 2997 3803 3167 3856; x_wconf 91' lang='lat' dir='ltr'><strong>modo</strong></span> <span class='ocrx_word' id='word_1_629' title='bbox 3189 3803 3382 3872; x_wconf 84' lang='lat' dir='ltr'><strong>magis</strong></span> <span class='ocrx_word' id='word_1_630' title='bbox 3403 3816 3579 3855; x_wconf 90' lang='lat' dir='ltr'><strong>versa</strong></span> <span class='ocrx_word' id='word_1_631' title='bbox 3601 3804 3695 3854; x_wconf 88' lang='lat' dir='ltr'><strong>est</strong></span> <span class='ocrx_word' id='word_1_632' title='bbox 3726 3799 3789 3852; x_wconf 89' lang='lat' dir='ltr'><strong>in</strong></span> <span class='ocrx_word' id='word_1_633' title='bbox 3813 3815 3958 3869; x_wconf 87' lang='lat' dir='ltr'><strong>gau-</strong></span> 
     </span>
    </p>
   </div>
   <div class='ocr_carea' id='block_1_101' title="bbox 2284 3890 3960 3960">
    <p class='ocr_par' dir='ltr' id='par_1_101' title="bbox 2284 3890 3960 3960">
     <span class='ocr_line' id='line_1_101' title="bbox 2284 3890 3960 3960; baseline -0.004 -13"><span class='ocrx_word' id='word_1_634' title='bbox 2284 3895 2441 3948; x_wconf 91' lang='lat' dir='ltr'><strong>dium</strong></span> <span class='ocrx_word' id='word_1_635' title='bbox 2459 3895 2488 3946; x_wconf 84' lang='lat'><strong>?</strong></span> <span class='ocrx_word' id='word_1_636' title='bbox 2507 3892 2651 3946; x_wconf 88' lang='lat' dir='ltr'><strong>Cum</strong></span> <span class='ocrx_word' id='word_1_637' title='bbox 2682 3892 2946 3958; x_wconf 89' lang='lat' dir='ltr'><strong>famailla</strong></span> <span class='ocrx_word' id='word_1_638' title='bbox 2959 3895 3299 3944; x_wconf 90' lang='lat' dir='ltr'><strong>nostrorum</strong></span> <span class='ocrx_word' id='word_1_639' title='bbox 3321 3890 3513 3960; x_wconf 85' lang='lat' dir='ltr'><strong>attigit</strong></span> <span class='ocrx_word' id='word_1_640' title='bbox 3543 3903 3744 3954; x_wconf 80' lang='lat' dir='ltr'><strong>aures,</strong></span> <span class='ocrx_word' id='word_1_641' title='bbox 3768 3903 3960 3957; x_wconf 80' lang='lat' dir='ltr'><strong>quan-</strong></span> 
     </span>
    </p>
   </div>
   <div class='ocr_carea' id='block_1_102' title="bbox 2285 3975 3962 4047">
    <p class='ocr_par' dir='ltr' id='par_1_102' title="bbox 2285 3975 3962 4047">
     <span class='ocr_line' id='line_1_102' title="bbox 2285 3975 3962 4047; baseline -0.006 -11"><span class='ocrx_word' id='word_1_642' title='bbox 2285 3987 2382 4037; x_wconf 87' lang='lat' dir='ltr'><strong>tus</strong></span> <span class='ocrx_word' id='word_1_643' title='bbox 2401 3981 2570 4035; x_wconf 90' lang='lat' dir='ltr'><strong>dolor</strong></span> <span class='ocrx_word' id='word_1_644' title='bbox 2590 3985 2647 4035; x_wconf 86' lang='lat' dir='ltr'><strong>et</strong></span> <span class='ocrx_word' id='word_1_645' title='bbox 2673 3980 2953 4034; x_wconf 67' lang='lat' dir='ltr'><strong>maestitia</strong></span> <span class='ocrx_word' id='word_1_646' title='bbox 2982 3983 3222 4032; x_wconf 90' lang='lat' dir='ltr'><strong>nostras</strong></span> <span class='ocrx_word' id='word_1_647' title='bbox 3255 3993 3424 4047; x_wconf 87' lang='lat' dir='ltr'><strong>aeque</strong></span> <span class='ocrx_word' id='word_1_648' title='bbox 3443 3993 3576 4030; x_wconf 89' lang='lat' dir='ltr'><strong>cum</strong></span> <span class='ocrx_word' id='word_1_649' title='bbox 3606 3975 3704 4028; x_wconf 89' lang='lat' dir='ltr'><strong>illa</strong></span> <span class='ocrx_word' id='word_1_650' title='bbox 3723 3979 3962 4028; x_wconf 88' lang='lat' dir='ltr'><strong>mentes</strong></span> 
     </span>
    </p>
   </div>
   <div class='ocr_carea' id='block_1_103' title="bbox 2285 4063 3964 4140">
    <p class='ocr_par' dir='ltr' id='par_1_103' title="bbox 2285 4063 3964 4140">
     <span class='ocr_line' id='line_1_103' title="bbox 2285 4063 3964 4140; baseline -0.005 -16"><span class='ocrx_word' id='word_1_651' title='bbox 2285 4070 2576 4140; x_wconf 84' lang='lat' dir='ltr'><strong>perculit?</strong></span> <span class='ocrx_word' id='word_1_652' title='bbox 2606 4068 2755 4133; x_wconf 84' lang='lat' dir='ltr'><strong>Quid</strong></span> <span class='ocrx_word' id='word_1_653' title='bbox 2779 4071 3000 4138; x_wconf 81' lang='lat' dir='ltr'><strong>ageret,</strong></span> <span class='ocrx_word' id='word_1_654' title='bbox 3018 4083 3136 4138; x_wconf 90' lang='lat' dir='ltr'><strong>quo</strong></span> <span class='ocrx_word' id='word_1_655' title='bbox 3165 4081 3233 4120; x_wconf 86' lang='lat' dir='ltr'><strong>se</strong></span> <span class='ocrx_word' id='word_1_656' title='bbox 3253 4068 3509 4120; x_wconf 88' lang='lat' dir='ltr'><strong>verteret</strong></span> <span class='ocrx_word' id='word_1_657' title='bbox 3528 4063 3800 4136; x_wconf 49' lang='lat' dir='ltr'><strong>in.dubio</strong></span> <span class='ocrx_word' id='word_1_658' title='bbox 3835 4066 3964 4117; x_wconf 78' lang='lat' dir='ltr'><strong>erat</strong></span> 
     </span>
    </p>
   </div>
   <div class='ocr_carea' id='block_1_104' title="bbox 2286 4154 3964 4228">
    <p class='ocr_par' dir='ltr' id='par_1_104' title="bbox 2286 4154 3964 4228">
     <span class='ocr_line' id='line_1_104' title="bbox 2286 4154 3964 4228; baseline -0.005 -16"><span class='ocrx_word' id='word_1_659' title='bbox 2286 4159 2540 4228; x_wconf 89' lang='lat' dir='ltr'><strong>animus,</strong></span> <span class='ocrx_word' id='word_1_660' title='bbox 2571 4157 2687 4210; x_wconf 89' lang='lat' dir='ltr'><strong>nisi</strong></span> <span class='ocrx_word' id='word_1_661' title='bbox 2719 4156 2876 4227; x_wconf 90' lang='lat' dir='ltr'><strong>quod</strong></span> <span class='ocrx_word' id='word_1_662' title='bbox 2905 4157 3056 4210; x_wconf 86' lang='lat' dir='ltr'><strong>hanc</strong></span> <span class='ocrx_word' id='word_1_663' title='bbox 3101 4154 3450 4226; x_wconf 88' lang='lat' dir='ltr'><strong>injustitiam</strong></span> <span class='ocrx_word' id='word_1_664' title='bbox 3482 4154 3603 4208; x_wconf 87' lang='lat' dir='ltr'><strong>Deo</strong></span> <span class='ocrx_word' id='word_1_665' title='bbox 3644 4167 3964 4206; x_wconf 88' lang='lat' dir='ltr'><strong>commen-</strong></span> 
     </span>
    </p>
   </div>
   <div class='ocr_carea' id='block_1_105' title="bbox 2287 4245 2954 4302">
    <p class='ocr_par' dir='ltr' id='par_1_105' title="bbox 2287 4245 2954 4302">
     <span class='ocr_line' id='line_1_105' title="bbox 2287 4245 2954 4302; baseline -0.001 -2"><span class='ocrx_word' id='word_1_666' title='bbox 2287 4247 2429 4302; x_wconf 89' lang='lat' dir='ltr'><strong>dare</strong></span> <span class='ocrx_word' id='word_1_667' title='bbox 2449 4247 2508 4300; x_wconf 91' lang='lat' dir='ltr'><strong>id</strong></span> <span class='ocrx_word' id='word_1_668' title='bbox 2537 4250 2702 4301; x_wconf 89' lang='lat' dir='ltr'><strong>esset</strong></span> <span class='ocrx_word' id='word_1_669' title='bbox 2722 4245 2954 4300; x_wconf 88' lang='lat' dir='ltr'><strong>melius.</strong></span> 
     </span>
    </p>
   </div>
   <div class='ocr_carea' id='block_1_106' title="bbox 2913 4373 3332 4449">
    <p class='ocr_par' dir='ltr' id='par_1_106' title="bbox 2913 4373 3332 4449">
     <span class='ocr_line' id='line_1_106' title="bbox 2913 4373 3332 4449; baseline 0.005 -3"><span class='ocrx_word' id='word_1_670' title='bbox 2913 4385 3196 4449; x_wconf 80' lang='lat' dir='ltr'><strong>CAPUT</strong></span> <span class='ocrx_word' id='word_1_671' title='bbox 3249 4373 3332 4448; x_wconf 75' lang='lat' dir='ltr'><strong>v.</strong></span> 
     </span>
    </p>
   </div>
   <div class='ocr_carea' id='block_1_107' title="bbox 2286 4499 3976 4560">
    <p class='ocr_par' dir='ltr' id='par_1_107' title="bbox 2286 4499 3976 4560">
     <span class='ocr_line' id='line_1_107' title="bbox 2286 4499 3976 4560; baseline -0.004 0"><span class='ocrx_word' id='word_1_672' title='bbox 2286 4502 2496 4560; x_wconf 83' lang='lat' dir='ltr'><strong>Abbas</strong></span> <span class='ocrx_word' id='word_1_673' title='bbox 2525 4502 2922 4558; x_wconf 79' lang='lat' dir='ltr'><strong>Theodericus</strong></span> <span class='ocrx_word' id='word_1_674' title='bbox 2945 4508 3003 4556; x_wconf 89' lang='lat' dir='ltr'><strong>et</strong></span> <span class='ocrx_word' id='word_1_675' title='bbox 3026 4502 3148 4557; x_wconf 81' lang='lat' dir='ltr'><strong>dux</strong></span> <span class='ocrx_word' id='word_1_676' title='bbox 3172 4501 3542 4556; x_wconf 84' lang='lat' dir='ltr'><strong>Fredericus</strong></span> <span class='ocrx_word' id='word_1_677' title='bbox 3561 4499 3744 4555; x_wconf 88' lang='lat' dir='ltr'><strong>simul</strong></span> <span class='ocrx_word' id='word_1_678' title='bbox 3759 4516 3976 4555; x_wconf 82' lang='lat' dir='ltr'><strong>consu-</strong></span> 
     </span>
    </p>
   </div>
   <div class='ocr_carea' id='block_1_108' title="bbox 2361 4572 3973 4636">
    <p class='ocr_par' dir='ltr' id='par_1_108' title="bbox 2361 4572 3973 4636">
     <span class='ocr_line' id='line_1_108' title="bbox 2361 4572 3973 4636; baseline -0.003 -8"><span class='ocrx_word' id='word_1_679' title='bbox 2361 4575 2509 4634; x_wconf 79' lang='lat' dir='ltr'><strong>lunt;</strong></span> <span class='ocrx_word' id='word_1_680' title='bbox 2531 4575 2717 4628; x_wconf 83' lang='lat' dir='ltr'><strong>munit</strong></span> <span class='ocrx_word' id='word_1_681' title='bbox 2725 4579 2780 4628; x_wconf 89' lang='lat' dir='ltr'><strong>to</strong></span> <span class='ocrx_word' id='word_1_682' title='bbox 2797 4573 2860 4627; x_wconf 83' lang='lat' dir='ltr'><strong>Iit</strong></span> <span class='ocrx_word' id='word_1_683' title='bbox 2885 4588 3066 4636; x_wconf 85' lang='lat' dir='ltr'><strong>super</strong></span> <span class='ocrx_word' id='word_1_684' title='bbox 3086 4573 3585 4628; x_wconf 84' lang='lat' dir='ltr'><strong>Malmundarium</strong></span> <span class='ocrx_word' id='word_1_685' title='bbox 3601 4590 3619 4636; x_wconf 85' lang='lat'><em>;</em></span> <span class='ocrx_word' id='word_1_686' title='bbox 3637 4573 3714 4625; x_wconf 88' lang='lat' dir='ltr'><strong>ad</strong></span> <span class='ocrx_word' id='word_1_687' title='bbox 3732 4572 3973 4624; x_wconf 83' lang='lat' dir='ltr'><strong>curiam</strong></span> 
     </span>
    </p>
   </div>
   <div class='ocr_carea' id='block_1_109' title="bbox 2361 4642 3976 4714">
    <p class='ocr_par' dir='ltr' id='par_1_109' title="bbox 2361 4642 3976 4714">
     <span class='ocr_line' id='line_1_109' title="bbox 2361 4642 3976 4714; baseline -0.004 -14"><span class='ocrx_word' id='word_1_688' title='bbox 2361 4645 2542 4700; x_wconf 86' lang='lat' dir='ltr'><strong>simul</strong></span> <span class='ocrx_word' id='word_1_689' title='bbox 2555 4650 2901 4708; x_wconf 79' lang='lat' dir='ltr'><strong>evocantur;</strong></span> <span class='ocrx_word' id='word_1_690' title='bbox 2925 4642 3048 4698; x_wconf 81' lang='lat' dir='ltr'><strong>dux</strong></span> <span class='ocrx_word' id='word_1_691' title='bbox 3080 4659 3221 4698; x_wconf 84' lang='lat' dir='ltr'><strong>vero</strong></span> <span class='ocrx_word' id='word_1_692' title='bbox 3249 4658 3540 4714; x_wconf 86' lang='lat' dir='ltr'><strong>respuens</strong></span> <span class='ocrx_word' id='word_1_693' title='bbox 3561 4643 3634 4696; x_wconf 87' lang='lat' dir='ltr'><strong>de</strong></span> <span class='ocrx_word' id='word_1_694' title='bbox 3648 4642 3976 4714; x_wconf 78' lang='lat' dir='ltr'><strong>iniustitia</strong></span> 
     </span>
    </p>
   </div>
   <div class='ocr_carea' id='block_1_110' title="bbox 2363 4713 3776 4788">
    <p class='ocr_par' dir='ltr' id='par_1_110' title="bbox 2363 4713 3776 4788">
     <span class='ocr_line' id='line_1_110' title="bbox 2363 4713 3776 4788; baseline -0.004 -18"><span class='ocrx_word' id='word_1_695' title='bbox 2363 4716 2746 4788; x_wconf 86' lang='lat' dir='ltr'><strong>conqueritur</strong></span> <span class='ocrx_word' id='word_1_696' title='bbox 2775 4715 2927 4786; x_wconf 86' lang='lat' dir='ltr'><strong>apud</strong></span> <span class='ocrx_word' id='word_1_697' title='bbox 2945 4729 3149 4786; x_wconf 63' lang='lat' dir='ltr'><strong>regem</strong></span> <span class='ocrx_word' id='word_1_698' title='bbox 3176 4730 3288 4785; x_wconf 82' lang='lat' dir='ltr'><strong>per</strong></span> <span class='ocrx_word' id='word_1_699' title='bbox 3316 4713 3776 4768; x_wconf 84' lang='lat' dir='ltr'><strong>internuntium.</strong></span> 
     </span>
    </p>
   </div>
   <div class='ocr_carea' id='block_1_111' title="bbox 2362 4800 3976 4875">
    <p class='ocr_par' dir='ltr' id='par_1_111' title="bbox 2362 4800 3976 4875">
     <span class='ocr_line' id='line_1_111' title="bbox 2362 4800 3976 4875; baseline -0.003 -18"><span class='ocrx_word' id='word_1_700' title='bbox 2362 4803 2564 4875; x_wconf 91' lang='lat' dir='ltr'><strong>Itaque</strong></span> <span class='ocrx_word' id='word_1_701' title='bbox 2593 4811 2881 4858; x_wconf 83' lang='lat' dir='ltr'><strong>reversus</strong></span> <span class='ocrx_word' id='word_1_702' title='bbox 2914 4803 3192 4857; x_wconf 86' lang='lat' dir='ltr'><strong>dominus</strong></span> <span class='ocrx_word' id='word_1_703' title='bbox 3231 4802 3414 4856; x_wconf 89' lang='lat' dir='ltr'><strong>abbas</strong></span> <span class='ocrx_word' id='word_1_704' title='bbox 3445 4800 3976 4868; x_wconf 88' lang='lat' dir='ltr'><strong>Malmundarium,</strong></span> 
     </span>
    </p>
   </div>
   <div class='ocr_carea' id='block_1_112' title="bbox 2291 4889 3984 4961">
    <p class='ocr_par' dir='ltr' id='par_1_112' title="bbox 2291 4889 3984 4961">
     <span class='ocr_line' id='line_1_112' title="bbox 2291 4889 3984 4961; baseline -0.002 -15"><span class='ocrx_word' id='word_1_705' title='bbox 2291 4907 2409 4947; x_wconf 90' lang='lat' dir='ltr'><strong>non</strong></span> <span class='ocrx_word' id='word_1_706' title='bbox 2437 4891 2642 4946; x_wconf 89' lang='lat' dir='ltr'><strong>inutile</strong></span> <span class='ocrx_word' id='word_1_707' title='bbox 2662 4891 2779 4945; x_wconf 90' lang='lat' dir='ltr'><strong>sibi</strong></span> <span class='ocrx_word' id='word_1_708' title='bbox 2808 4894 2970 4944; x_wconf 88' lang='lat' dir='ltr'><strong>ratus</strong></span> <span class='ocrx_word' id='word_1_709' title='bbox 2985 4892 3160 4945; x_wconf 91' lang='lat' dir='ltr'><strong>estde</strong></span> <span class='ocrx_word' id='word_1_710' title='bbox 3185 4890 3366 4961; x_wconf 83' lang='lat' dir='ltr'><strong>hujus</strong></span> <span class='ocrx_word' id='word_1_711' title='bbox 3383 4892 3471 4944; x_wconf 91' lang='lat' dir='ltr'><strong>rei</strong></span> <span class='ocrx_word' id='word_1_712' title='bbox 3498 4889 3737 4943; x_wconf 88' lang='lat' dir='ltr'><strong>instanti</strong></span> <span class='ocrx_word' id='word_1_713' title='bbox 3758 4904 3984 4943; x_wconf 88' lang='lat' dir='ltr'><strong>neces-</strong></span> 
     </span>
    </p>
   </div>
   <div class='ocr_carea' id='block_1_113' title="bbox 2294 4977 3976 5042">
    <p class='ocr_par' dir='ltr' id='par_1_113' title="bbox 2294 4977 3976 5042">
     <span class='ocr_line' id='line_1_113' title="bbox 2294 4977 3976 5042; baseline -0.003 -8"><span class='ocrx_word' id='word_1_714' title='bbox 2294 4982 2466 5034; x_wconf 88' lang='lat' dir='ltr'><strong>sitate</strong></span> <span class='ocrx_word' id='word_1_715' title='bbox 2499 4979 2812 5034; x_wconf 87' lang='lat' dir='ltr'><strong>consulere</strong></span> <span class='ocrx_word' id='word_1_716' title='bbox 2870 4979 3080 5033; x_wconf 89' lang='lat' dir='ltr'><strong>ducem</strong></span> <span class='ocrx_word' id='word_1_717' title='bbox 3128 4977 3508 5033; x_wconf 87' lang='lat' dir='ltr'><strong>Fredericum</strong></span> <span class='ocrx_word' id='word_1_718' title='bbox 3556 4992 3976 5042; x_wconf 87' lang='lat' dir='ltr'><strong>communem,</strong></span> 
     </span>
    </p>
   </div>
   <div class='ocr_carea' id='block_1_114' title="bbox 2289 5065 3981 5138">
    <p class='ocr_par' dir='ltr' id='par_1_114' title="bbox 2289 5065 3981 5138">
     <span class='ocr_line' id='line_1_114' title="bbox 2289 5065 3981 5138; baseline -0.003 -15"><span class='ocrx_word' id='word_1_719' title='bbox 2289 5069 2567 5123; x_wconf 90' lang='lat' dir='ltr'><strong>videlicet</strong></span> <span class='ocrx_word' id='word_1_720' title='bbox 2611 5084 2686 5123; x_wconf 85' lang='lat' dir='ltr'><strong>ex</strong></span> <span class='ocrx_word' id='word_1_721' title='bbox 2727 5066 2864 5137; x_wconf 88' lang='lat' dir='ltr'><strong>jure</strong></span> <span class='ocrx_word' id='word_1_722' title='bbox 2901 5066 3265 5137; x_wconf 89' lang='lat' dir='ltr'><strong>antiquitatis</strong></span> <span class='ocrx_word' id='word_1_723' title='bbox 3300 5068 3613 5138; x_wconf 89' lang='lat' dir='ltr'><strong>utriusque</strong></span> <span class='ocrx_word' id='word_1_724' title='bbox 3663 5065 3981 5119; x_wconf 66' lang='lat' dir='ltr'><strong>Ecclesia}</strong></span> 
     </span>
    </p>
   </div>
   <div class='ocr_carea' id='block_1_115' title="bbox 2293 5151 3985 5224">
    <p class='ocr_par' dir='ltr' id='par_1_115' title="bbox 2293 5151 3985 5224">
     <span class='ocr_line' id='line_1_115' title="bbox 2293 5151 3985 5224; baseline -0.004 -11"><span class='ocrx_word' id='word_1_725' title='bbox 2293 5158 2660 5213; x_wconf 86' lang='lat' dir='ltr'><strong>advocatum.</strong></span> <span class='ocrx_word' id='word_1_726' title='bbox 2699 5151 2849 5208; x_wconf 84' lang='lat' dir='ltr'><strong>Nam</strong></span> <span class='ocrx_word' id='word_1_727' title='bbox 2870 5155 3065 5209; x_wconf 91' lang='lat' dir='ltr'><strong>istunc</strong></span> <span class='ocrx_word' id='word_1_728' title='bbox 3099 5159 3225 5209; x_wconf 90' lang='lat' dir='ltr'><strong>erat</strong></span> <span class='ocrx_word' id='word_1_729' title='bbox 3264 5155 3492 5209; x_wconf 89' lang='lat' dir='ltr'><strong>virtam</strong></span> <span class='ocrx_word' id='word_1_730' title='bbox 3523 5154 3789 5224; x_wconf 61' lang='lat' dir='ltr'><strong>probata;</strong></span> <span class='ocrx_word' id='word_1_731' title='bbox 3825 5153 3985 5207; x_wconf 86' lang='lat' dir='ltr'><strong>fidei</strong></span> 
     </span>
    </p>
   </div>
   <div class='ocr_carea' id='block_1_116' title="bbox 2291 5243 3990 5316">
    <p class='ocr_par' dir='ltr' id='par_1_116' title="bbox 2291 5243 3990 5316">
     <span class='ocr_line' id='line_1_116' title="bbox 2291 5243 3990 5316; baseline -0.003 -16"><span class='ocrx_word' id='word_1_732' title='bbox 2291 5247 2585 5316; x_wconf 84' lang='lat' dir='ltr'><strong>tantaeque</strong></span> <span class='ocrx_word' id='word_1_733' title='bbox 2645 5244 2955 5314; x_wconf 88' lang='lat' dir='ltr'><strong>probitatis</strong></span> <span class='ocrx_word' id='word_1_734' title='bbox 3007 5248 3068 5298; x_wconf 93' lang='lat' dir='ltr'><strong>ut</strong></span> <span class='ocrx_word' id='word_1_735' title='bbox 3112 5259 3229 5298; x_wconf 91' lang='lat' dir='ltr'><strong>non</strong></span> <span class='ocrx_word' id='word_1_736' title='bbox 3260 5243 3482 5297; x_wconf 87' lang='lat' dir='ltr'><strong>frustra</strong></span> <span class='ocrx_word' id='word_1_737' title='bbox 3533 5246 3802 5312; x_wconf 86' lang='lat' dir='ltr'><strong>speraret</strong></span> <span class='ocrx_word' id='word_1_738' title='bbox 3833 5244 3990 5311; x_wconf 86' lang='lat' dir='ltr'><strong>post</strong></span> 
     </span>
    </p>
   </div>
   <div class='ocr_carea' id='block_1_117' title="bbox 2289 5329 3989 5402">
    <p class='ocr_par' dir='ltr' id='par_1_117' title="bbox 2289 5329 3989 5402">
     <span class='ocr_line' id='line_1_117' title="bbox 2289 5329 3989 5402; baseline -0.004 -14"><span class='ocrx_word' id='word_1_739' title='bbox 2289 5335 2480 5388; x_wconf 90' lang='lat' dir='ltr'><strong>Deum</strong></span> <span class='ocrx_word' id='word_1_740' title='bbox 2511 5335 2571 5388; x_wconf 89' lang='lat' dir='ltr'><strong>in</strong></span> <span class='ocrx_word' id='word_1_741' title='bbox 2602 5349 2670 5388; x_wconf 92' lang='lat' dir='ltr'><strong>co</strong></span> <span class='ocrx_word' id='word_1_742' title='bbox 2704 5332 2883 5386; x_wconf 79' lang='lat' dir='ltr'><strong>fidere</strong></span> <span class='ocrx_word' id='word_1_743' title='bbox 2898 5347 3004 5402; x_wconf 86' lang='lat' dir='ltr'><strong>pro</strong></span> <span class='ocrx_word' id='word_1_744' title='bbox 3028 5331 3374 5386; x_wconf 87' lang='lat' dir='ltr'><strong>defensione</strong></span> <span class='ocrx_word' id='word_1_745' title='bbox 3407 5331 3590 5402; x_wconf 83' lang='lat' dir='ltr'><strong>hujus</strong></span> <span class='ocrx_word' id='word_1_746' title='bbox 3611 5329 3989 5385; x_wconf 79' lang='lat' dir='ltr'><strong>offensionis</strong></span> 
     </span>
    </p>
   </div>
   <div class='ocr_carea' id='block_1_118' title="bbox 2289 5421 3987 5494">
    <p class='ocr_par' dir='ltr' id='par_1_118' title="bbox 2289 5421 3987 5494">
     <span class='ocr_line' id='line_1_118' title="bbox 2289 5421 3987 5494; baseline -0.003 -17"><span class='ocrx_word' id='word_1_747' title='bbox 2289 5423 2378 5477; x_wconf 83' lang='lat' dir='ltr'><strong>Ad</strong></span> <span class='ocrx_word' id='word_1_748' title='bbox 2394 5423 2523 5478; x_wconf 73' lang='lat' dir='ltr'><strong>haec</strong></span> <span class='ocrx_word' id='word_1_749' title='bbox 2547 5423 2676 5494; x_wconf 93' lang='lat' dir='ltr'><strong>ipse</strong></span> <span class='ocrx_word' id='word_1_750' title='bbox 2711 5422 2829 5476; x_wconf 87' lang='lat' dir='ltr'><strong>dux</strong></span> <span class='ocrx_word' id='word_1_751' title='bbox 2853 5421 3097 5493; x_wconf 80' lang='lat' dir='ltr'><strong>egregia</strong></span> <span class='ocrx_word' id='word_1_752' title='bbox 3128 5421 3427 5476; x_wconf 90' lang='lat' dir='ltr'><strong>nobilitate</strong></span> <span class='ocrx_word' id='word_1_753' title='bbox 3441 5436 3560 5474; x_wconf 90' lang='lat' dir='ltr'><strong>non</strong></span> <span class='ocrx_word' id='word_1_754' title='bbox 3575 5421 3772 5474; x_wconf 90' lang='lat' dir='ltr'><strong>minus</strong></span> <span class='ocrx_word' id='word_1_755' title='bbox 3788 5434 3987 5488; x_wconf 83' lang='lat' dir='ltr'><strong>quam</strong></span> 
     </span>
    </p>
   </div>
   <div class='ocr_carea' id='block_1_119' title="bbox 2288 5498 3987 5584">
    <p class='ocr_par' dir='ltr' id='par_1_119' title="bbox 2288 5498 3987 5584">
     <span class='ocr_line' id='line_1_119' title="bbox 2288 5498 3987 5584; baseline -0.003 -18"><span class='ocrx_word' id='word_1_756' title='bbox 2288 5512 2503 5582; x_wconf 89' lang='lat' dir='ltr'><strong>pietate</strong></span> <span class='ocrx_word' id='word_1_757' title='bbox 2535 5498 2792 5584; x_wconf 86' lang='lat' dir='ltr'><strong>itemque</strong></span> <span class='ocrx_word' id='word_1_758' title='bbox 2815 5508 3049 5582; x_wconf 86' lang='lat' dir='ltr'><strong>justitia</strong></span> <span class='ocrx_word' id='word_1_759' title='bbox 3067 5511 3444 5580; x_wconf 66' lang='lat' dir='ltr'><strong>praestantior</strong></span> <span class='ocrx_word' id='word_1_760' title='bbox 3457 5509 3739 5564; x_wconf 87' lang='lat' dir='ltr'><strong>omnibus</strong></span> <span class='ocrx_word' id='word_1_761' title='bbox 3752 5522 3826 5560; x_wconf 91' lang='lat' dir='ltr'><strong>ac</strong></span> <span class='ocrx_word' id='word_1_762' title='bbox 3864 5522 3987 5561; x_wconf 83' lang='lat' dir='ltr'><strong>ve-</strong></span> 
     </span>
    </p>
   </div>
   <div class='ocr_carea' id='block_1_120' title="bbox 2289 5594 3988 5675">
    <p class='ocr_par' dir='ltr' id='par_1_120' title="bbox 2289 5594 3988 5675">
     <span class='ocr_line' id='line_1_120' title="bbox 2289 5594 3988 5675; baseline -0.004 -17"><span class='ocrx_word' id='word_1_763' title='bbox 2289 5601 2480 5674; x_wconf 83' lang='lat' dir='ltr'><strong>ritate,</strong></span> <span class='ocrx_word' id='word_1_764' title='bbox 2501 5601 2751 5675; x_wconf 88' lang='lat' dir='ltr'><strong>spondet</strong></span> <span class='ocrx_word' id='word_1_765' title='bbox 2773 5615 2840 5656; x_wconf 88' lang='lat' dir='ltr'><strong>se</strong></span> <span class='ocrx_word' id='word_1_766' title='bbox 2863 5598 3217 5655; x_wconf 88' lang='lat' dir='ltr'><strong>omnimodis</strong></span> <span class='ocrx_word' id='word_1_767' title='bbox 3234 5596 3550 5654; x_wconf 74' lang='lat' dir='ltr'><strong>affuturum</strong></span> <span class='ocrx_word' id='word_1_768' title='bbox 3571 5613 3656 5672; x_wconf 86' lang='lat' dir='ltr'><strong>re,</strong></span> <span class='ocrx_word' id='word_1_769' title='bbox 3683 5594 3988 5672; x_wconf 81' lang='lat' dir='ltr'><strong>consilio,</strong></span> 
     </span>
    </p>
   </div>
  </div>
