4058 6182
203 326 290 388 297

1092 316 1606 382 TRIUMPHUS
1648 314 1710 379 S.
1760 312 2161 380 REMACLI.
2206 350 2284 363 —-
2322 317 2481 379 LIB.
2528 316 2575 380 Ι.

3400 298 3401 301 γ
3437 324 3557 388 298

200 522 615 595 atqnejuvamine
640 538 656 591 ;
688 537 755 576 se
783 522 1022 593 quidem
1052 523 1211 593 quod
1240 522 1460 578 factum
1491 524 1617 578 erat
1646 535 1779 593 gra-

1923 517 2190 587 ;peritati,
2237 517 2344 572 sed
2388 533 2505 572 non
2553 514 2883 588 desperans
2928 522 2999 575 de
3049 523 3401 579 miseeordia
3450 525 3558 579 Dei

199 614 311 667 vitor
330 613 481 678 ferre,
512 626 810 680 nunquam
839 626 1002 679 vero,
1028 611 1223 682 quoad
1253 612 1497 678 viveret,
1533 610 1780 680 permis-

202 716 356 755 surum
376 697 787 770 separationem
802 698 931 753 fieri
959 699 1100 754 boni
1123 698 1306 770 hujus
1332 700 1627 754 ecclesiae.
1647 698 1784 751 Aie-

200 791 269 844 bat
290 791 535 858 praeterea
567 802 634 841 se
648 787 820 842 malle
838 789 1216 857 occumbere,
1239 804 1413 859 quam
1434 804 1550 842 non
1565 788 1654 842 sic
1686 801 1783 841 re-

202 879 426 947 linquere,
447 879 503 930 ut
520 876 580 930 in
608 876 1055 931 advocationem
1072 880 1405 946 acceperat,
1426 875 1782 931 inviolabile.

248 965 414 1020 Statim
454 981 594 1036 ergo
625 965 862 1019 mandat
892 980 997 1035 per
1035 966 1457 1021 internuntium
1489 964 1784 1033 archiepi-

200 1069 353 1123 sc0po,
384 1057 437 1106 ut
462 1053 511 1107 si
541 1053 861 1124 quidquam
892 1054 965 1107 de
993 1054 1111 1108 vita
1143 1069 1354 1108 curare
1386 1054 1632 1108 haberet
1654 1069 1787 1107 cum

196 1143 367 1197 honore
390 1146 629 1210 terreno,
658 1142 730 1196 ab
764 1143 871 1197 hac
890 1142 1211 1197 intentione
1243 1146 1300 1197 et
1328 1142 1601 1212 inemptis
1632 1142 1787 1196 desi-

198 1236 337 1285 steret
360 1230 498 1285 omni
526 1230 724 1285 modo.
758 1231 997 1285 Interim
1028 1247 1165 1285 eum
1180 1231 1416 1285 militari
1442 1246 1618 1284 manu
1638 1229 1790 1283 Mal-

197 1319 499 1373 mundarinm
544 1320 752 1374 venire
797 1320 1075 1389 disponit,
1125 1323 1512 1374 commeatum
1557 1319 1789 1373 abunde

199 1408 477 1477 praecedere
504 1406 663 1477 facit,
706 1422 825 1462 non
857 1409 1151 1479 ignaviter
1180 1408 1541 1463 defensurus
1570 1407 1784 1471 locum,

200 1512 298 1567 quae
308 1496 420 1550 usui
439 1496 627 1551 forent
640 1501 804 1567 parat
818 1499 875 1551 et
890 1497 1148 1552 instruit.
1169 1498 1316 1551 Dein
1328 1513 1433 1567 pro
1452 1497 1790 1567 repellenda

198 1585 354 1639 hostili
379 1600 544 1639 manu
575 1586 897 1640 munitione
915 1586 1164 1657 quadam
1187 1589 1440 1640 montem
1462 1585 1791 1655 proximum

194 1677 405 1743 Occupat,
436 1672 603 1745 juxta
644 1690 713 1728 ac
744 1675 798 1729 si
829 1674 1036 1730 hostes
1073 1676 1357 1730 adessent
1393 1675 1566 1743 vallo,
1618 1676 1791 1744 atque

194 1763 321 1816 fossa
346 1763 647 1819 muniendo
679 1778 812 1818 cum
841 1763 971 1817 suis
1001 1763 1407 1835 invigilat,ubi
1428 1763 1602 1816 etiam
1633 1776 1793 1816 men—

193 1866 287 1903 sem
313 1852 587 1922 integrum
619 1868 754 1905 eum
785 1852 1156 1921 expeditione
1189 1854 1576 1905 consummat.

241 1938 363 1993 Dum
390 1940 509 1994 haec
541 1940 639 1994 his
669 1940 937 2010 partibus
969 1945 1286 2011 geruntur,
1319 1955 1419 1994 res
1450 1938 1794 2010 hujusmodi

190 2027 242 2080 ad
255 2027 448 2081 curiam
464 2029 655 2083 delata
677 2044 784 2098 per
801 2029 1026 2083 aulicos
1047 2029 1391 2094 ventilatur;
1412 2032 1467 2083 et
1481 2040 1618 2081 reus
1640 2029 1793 2081 uter-

190 2131 295 2185 que,
322 2116 427 2171 dux
476 2122 532 2172 et
582 2118 860 2173 dominus
888 2117 1096 2185 abbas,
1132 2118 1305 2187 quasi
1334 2120 1537 2171 contra
1568 2131 1796 2185 rempu-

188 2204 359 2259 blicam
388 2206 648 2273 fecisset,
682 2206 875 2261 hostis
906 2206 1180 2276 publicus
1200 2205 1590 2277 adjudicatur.
1612 2205 1799 2275 Igitur

188 2292 244 2346 ab
268 2292 347 2347 his
372 2294 812 2362 decurionibus,
846 2310 1098 2365 quorum
1121 2294 1392 2363 consilio,
1422 2298 1486 2347 ut
1514 2294 1794 2361 diximus,

189 2383 439 2452 corrumpi
466 2383 781 2438 videbatur
809 2383 1068 2454 dignitas
1100 2384 1283 2453 regia
1313 2382 1644 2452 potestatis,
1679 2384 1801 2434 tan-

193 2483 332 2538 quam
344 2486 410 2524 ex
428 2471 665 2526 nomine
689 2472 855 2543 regis
878 2472 1213 2542 diriguntur
1230 2471 1464 2538 litterae,
1480 2471 1592 2524 hos
1611 2473 1801 2523 utros-

181 2560 539 2625 querationem
555 2560 897 2614 reddituros
914 2560 985 2613 ad
1003 2561 1225 2614 curiam
1240 2559 1537 2630 proficisci
1557 2558 1794 2612 debere.

187 2644 315 2708 Quod
343 2647 452 2701 dux
482 2648 798 2720 indignum
828 2649 944 2701 sibi
976 2647 1194 2702 factum
1226 2651 1411 2716 ratus,
1445 2648 1799 2719 legationem

185 2732 303 2788 hanc
327 2735 667 2808 indignatus
691 2737 939 2805 respuit,
966 2740 1328 2806 conquestus
1346 2735 1591 2790 multum
1612 2735 1683 2789 de
1707 2734 1798 2788 in-

182 2820 387 2893 iustitia,
411 2841 591 2895 quam
619 2840 723 2879 rex
756 2824 1008 2878 consilio
1038 2825 1396 2894 depravatus
1427 2824 1800 2878 sacerdotum

183 2908 228 2964 S.
255 2911 510 2969 Remaelo
541 2913 784 2983 sibique
816 2911 1040 2967 fecerit.
1070 2913 1372 2967 Praeterea
1413 2913 1800 2966 comminatus

187 3001 285 3070 regi
304 3000 407 3055 hoc
426 3002 670 3056 remittit
688 3002 978 3069 nuntium,
998 3000 1114 3055 nisi
1137 3001 1407 3055 restituat
1423 3003 1629 3055 sancto
1647 3000 1803 3071 quod

183 3087 514 3144 subtraxerat
543 3090 791 3158 bonum,
825 3104 892 3143 se
926 3089 1010 3142 illi
1041 3104 1347 3161 regnoque
1377 3104 1487 3144 suo
1511 3105 1645 3144 cum
1675 3089 1804 3143 suis

184 3178 418 3232 omnibus
447 3179 675 3234 obesse
702 3178 1040 3248 plurimum.

781 3301 1034 3357 CAPUT
1075 3301 1170 3356 VI.

188 3401 520 3490 Cappradum
536 3414 810 3490 nepotem
829 3407 951 3463 dux
967 3409 1281 3490 redarguit
1296 3425 1407 3490 pro
1424 3408 1808 3490 advocatione

237 3478 667 3549 Malmundarii,
711 3485 770 3534 et
821 3496 948 3533 cum
995 3478 1212 3534 abbate
1252 3478 1328 3534 ad
1355 3481 1577 3534 curiam
1613 3484 1810 3533 coacto

236 3548 491 3623 Bormum
536 3548 992 3623 precuratorem
1030 3551 1264 3622 dirigit,
1314 3567 1345 3604 u
1395 3567 1502 3622 quo
1535 3549 1806 3618 relictus,

236 3619 322 3674 diu
347 3637 377 3674 a
404 3619 553 3694 rege
585 3626 685 3677 est
712 3621 1010 3676 detentus.

237 3725 307 3779 Ea
333 3731 685 3798 tempestate
733 3744 849 3798 qua
890 3730 1281 3799 usurpaverat
1321 3727 1811 3799 archiepiscOpus

185 3813 373 3871 bonum
398 3817 628 3872 Christi
661 3817 1055 3888 confessoris,
1086 3820 1358 3888 nepotem
1400 3817 1591 3887 ipsius
1639 3817 1811 3871 ducis

182 3901 547 3975 Cuonradum,
594 3905 826 3960 scilicet
875 3921 1073 3960 aerem
1115 3906 1341 3975 virum,
1374 3906 1668 3960 asciverat
1698 3905 1813 3960 sibi

179 3991 383 4047 militem
413 4011 519 4064 pro
540 3994 837 4049 beneﬁcio
860 3994 1042 4066 hujus
1056 3994 1481 4050 advocationis.
1499 3994 1556 4048 Is
1576 3994 1813 4066 quidem

179 4083 287 4134 ante
312 4082 566 4137 infestus
601 4083 842 4138 domino
875 4083 1072 4137 abbati
1101 4083 1316 4137 dicitur
1338 4098 1413 4137 ex
1442 4088 1577 4137 voto
1610 4098 1814 4137 susce-

183 4167 321 4234 pisse
352 4171 807 4226 advocationem
841 4171 1268 4241 Malmundarii,
1302 4177 1365 4225 ut
1395 4188 1464 4226 eo
1507 4173 1818 4244 graviores

182 4254 487 4314 inimicitias
511 4265 829 4315 exerceret
850 4260 1076 4314 ultioni.
1096 4260 1263 4324 Quod
1279 4264 1341 4314 ut
1362 4261 1657 4330 inopinate
1679 4276 1819 4330 per-

182 4350 389 4402 ventum
418 4352 513 4403 est
542 4350 621 4403 ad
653 4349 829 4404 ducis
861 4350 1054 4418 ipsius
1083 4351 1276 4419 patrui
1306 4350 1679 4417 auditorium,
1701 4366 1817 4403 non

184 4434 346 4491 minor
365 4454 543 4508 quam
561 4438 638 4492 de
662 4437 846 4506 priori
879 4437 1030 4491 fama
1058 4438 1384 4509 indignatio
1406 4438 1540 4509 ejus
1569 4438 1819 4507 perculit

186 4524 433 4579 animum.
485 4526 704 4580 Accito
748 4529 941 4580 tamen
984 4526 1106 4595 illo,
1155 4530 1399 4596 paterna
1449 4528 1823 4596 correptione

1896 606 2009 660 iter
2038 606 2180 660 illud
2211 606 2403 660 tristis
2435 609 2527 660 est
2555 622 2913 679 aggressus,
2945 626 3062 664 non
3092 602 3287 679 minus
3320 629 3386 667 se
3433 613 3554 668 Deo

1897 710 2071 764 quam
2103 694 2364 749 ﬁdelium
2409 710 2651 749 suorum
2696 699 3120 753 commendans
3165 702 3547 757 orationibus.

1898 781 2200 837 Huic'dux
2231 799 2406 837 suum
2435 787 2879 853 procuratorem
2902 786 3180 842 Rorieum
3212 789 3562 847 functumle-

1899 872 2134 943 gatione
2168 872 2398 926 itineris
2429 874 2704 927 comitem
2735 874 2996 944 adhibet,
3030 877 3130 947 qui
3158 892 3267 946 pro
3300 893 3367 932 se
3394 880 3560 933 vices

1899 976 2233 1031 causasque
2256 976 2453 1014 coram
2482 977 2625 1033 rege
2649 964 2896 1033 suisque
2914 966 3061 1018 satis
3093 968 3315 1036 ageret.
3336 966 3409 1019 At
3440 967 3558 1037 ille,

1898 1049 1999 1103 ubi
2029 1053 2273 1119 propter
2301 1065 2434 1119 qua:
2464 1056 2705 1105 venerat
2739 1068 2934 1105 coram
2967 1055 3224 1123 exponit,
3267 1055 3366 1108 alii
3393 1056 3563 1111 aliter

1904 1139 2358 1206 assensere,alii
2388 1154 2532 1193 vero
2565 1140 2851 1211 aquibus,
2870 1144 2928 1195 ut
2959 1142 3179 1196 dictum
3198 1145 3307 1213 est,
3334 1145 3563 1213 privato

1900 1229 2094 1298 magis
2127 1243 2300 1298 quam
2330 1228 2568 1296 publico
2600 1230 2837 1300 negotio
2873 1232 3034 1284 curia
3063 1232 3193 1304 regi
3229 1233 3560 1301 videbatur,

1905 1331 2029 1369 rem
2070 1330 2300 1369 omnem
2327 1316 2770 1387 perturbavere,
2800 1322 3088 1390 utrosque
3120 1321 3567 1394 videlicet,quia

1908 1404 2026 1457 vim
2056 1408 2254 1458 contra
2287 1420 2538 1475 regnum
2567 1405 2872 1476 fecissent,
2897 1408 3139 1462 meritos
3153 1410 3566 1481 praejudieium

1907 1492 2131 1546 subire.
2165 1490 2331 1555 Quod
2355 1495 2569 1546 malum
2597 1495 2694 1548 ille
2727 1495 3064 1566 intelligens
3083 1512 3199 1551 non
3229 1498 3426 1552 minus
3451 1499 3566 1553 sibi

1905 1581 2097 1650 parari
2121 1596 2292 1650 quam
2328 1597 2436 1636 suo
2470 1582 2724 1651 domino,
2763 1584 3136 1638 inconsultus
3178 1586 3416 1640 rediens
3467 1587 3568 1641 do-

1906 1685 2084 1737 mum,
2100 1669 2371 1723 abbatem
2394 1671 2631 1741 reliquit
2663 1673 2718 1724 in
2737 1673 3020 1740 periculo.
3038 1673 3147 1727 Hic
3169 1675 3568 1745 archiepisco-

1904 1773 2113 1825 porum
2137 1758 2386 1812 consilio
2406 1759 2701 1813 detinetur
2718 1760 2791 1813 ad
2815 1763 3059 1828 curiam,
3078 1778 3210 1832 quae
3234 1767 3370 1817 tunc
3393 1764 3572 1817 hahe-

1828 1876 1878 1937 Β
1905 1845 2079 1899 batur
2106 1848 2259 1915 apud
2279 1846 2586 1901 Triburias
2611 1848 2814 1903 sedem
2834 1851 3078 1921 regiam.
3097 1851 3219 1904 Illic
3243 1868 3373 1905 cum
3399 1854 3570 1905 ratio-

1908 1950 2039 1987 nem
2073 1936 2166 1987 sui
2197 1936 2256 1988 in
2281 1936 2470 1989 medio
2487 1937 2744 1990 habitam
2765 1954 2838 1990 ex
2856 1938 3316 2010 rectojustoque
3335 1940 3572 1994 firmare

1909 2023 2562 2093 conaretur,judicantis
2578 2027 2768 2096 magis
2783 2027 2915 2080 odio
2931 2027 3574 2098 quamjurejudiciario

1909 2112 2241 2181 discutitur,
2265 2113 2673 2182 calumniatur,
2690 2114 2925 2185 injuriis
2949 2132 3183 2186 quoque
3199 2133 3377 2170 secus
3400 2134 3576 2188 quam

1910 2201 2151 2273 dignum
2184 2202 2300 2270 pati
2332 2206 2453 2255 erat
2489 2203 2749 2274 egregiae
2777 2204 3097 2257 nobilitatis
3131 2205 3322 2259 virum
3360 2211 3576 2261 attrec-

1910 2291 2240 2345 tatur.Nam
2254 2306 2415 2360 saepe
2430 2291 2647 2360 jussus
2660 2293 2975 2360 pastoralis
2995 2308 3152 2347 curae
3166 2294 3438 2347 baculum
3453 2294 3580 2347 red-

1912 2381 2070 2447 dere,
2106 2379 2320 2433 dicitur
2350 2380 2496 2433 adeo
2517 2370 2822 2433 retinendo
2847 2381 3119 2435 virtutem
3142 2383 3411 2436 tenuisse
3431 2398 3577 2437 eon-

1913 2468 2142 2535 stantiae
2176 2472 2235 2521 ut
2280 2468 2506 2522 diceret
2535 2483 2651 2521 non
2700 2468 2817 2522 nisi
2867 2470 2926 2522 in
2976 2473 3173 2538 partes
3223 2487 3255 2524 e
3300 2471 3574 2526 manibus

1912 2559 2176 2626 ereptum
2194 2556 2284 2623 iri,
2321 2556 2454 2625 quia
2486 2560 2634 2610 teste
2668 2556 2789 2610 Deo
2823 2561 2879 2611 et
2908 2560 3273 2613 conscientia
3302 2575 3419 2615 non
3453 2564 3576 2613 erat

1914 2644 2053 2716 quid
2072 2644 2317 2698 evidens
2338 2645 2493 2698 unde
2516 2645 2935 2716 deberetjuste
2955 2632 3358 2718 praejudicari.
3374 2648 3439 2701 In
3461 2664 3577 2718 qua

1915 2735 2201 2788 sententia
2235 2734 2389 2786 fixus
2420 2736 2603 2787 totum
2647 2750 2799 2803 pene
2842 2752 3109 2790 mensem
3156 2740 3374 2806 praeter
3410 2752 3579 2807 spem

1917 2823 2208 2877 detinetur
2254 2822 2496 2891 exsilio,
2529 2824 2742 2877 multas
2792 2824 3303 2880 incommoditates
3345 2827 3578 2880 itineris

1919 2927 2033 2966 non
2056 2912 2253 2965 minus
2276 2928 2449 2982 quam
2472 2912 2646 2965 famis
2669 2928 2911 2981 passus,
2930 2913 3220 2985 denegato
3253 2914 3369 2987 sibi
3399 2916 3579 2969 totius

1917 3000 2297 3054 humanitatis
2330 3000 2705 3054 adminiculo.
2743 3001 3002 3056 Tandem
3033 3003 3353 3056 amicorum
3382 3004 3578 3071 preci-

1920 3088 2032 3142 bus
2065 3088 2459 3159 qualicunque
2491 3088 2812 3142 emissione
2847 3105 2879 3141 a
2910 3105 3055 3161 rege
3088 3090 3414 3160 impetrata,
3450 3095 3579 3145 tan—

1918 3193 2093 3248 quam
2124 3176 2221 3246 qui
2236 3177 2335 3229 vix
2365 3180 2604 3245 ereptus
2633 3176 3112 3232 rabiemleonum
3133 3178 3409 3247 declinat,
3428 3179 3581 3234 cele-

1844 3233 1895 3298 ο
1922 3266 2065 3331 riter
2094 3265 2383 3319 remanvit
2411 3265 2483 3318 ad
2513 3265 2978 3335 prepria.Nobis
3010 3282 3157 3339 ergo
3178 3282 3297 3321 non
3329 3268 3461 3321 sine
3482 3268 3581 3322 do-

1920 3352 2046 3407 lore
2080 3353 2254 3407 saluti
2301 3354 2556 3426 vitaeque
2606 3354 2765 3407 illius
2787 3352 2962 3424 juxta
3004 3356 3370 3426 timenlibus,
3402 3371 3476 3410 ex
3513 3371 3583 3410 eo

1921 3441 2194 3512 quodper
2226 3442 2618 3496 internuntios
2649 3442 3025 3496 audieramus
3040 3445 3252 3497 reditui
3274 3443 3407 3515 ejus
3431 3444 3582 3498 difﬁ-

1923 3530 2220 3601 dentibus,
2256 3531 2619 3600 improvisus
2650 3531 2820 3585 adest
2849 3532 2928 3585 ‘de
2960 3547 3025 3586 se
3049 3547 3287 3603 semper
3311 3533 3585 3588 sollicitis

1925 3620 1981 3673 et
2009 3619 2468 3690 inquirentibus.

2555 3708 2805 3764 CAPUT
2846 3709 2968 3764 VII.

1928 3816 2111 3870 Ducis
2141 3814 2339 3892 obitus
2369 3822 2429 3870 et
2458 3814 2653 3892 luctus
2681 3824 2738 3892 et
2765 3817 3013 3892 miseria
3041 3817 3426 3892 subsequitur
3457 3824 3515 3875 et
3532 3826 3590 3874 ut

2278 3887 2553 3959 jusserat
2572 3887 2894 3943 Stabulaus
2924 3889 3232 3960 sepelitur.

1998 3994 2200 4047 Statim
2233 4009 2303 4047 co
2335 3996 2591 4062 recepto,
2627 4010 2759 4048 eum
2792 3995 3082 4065 laerymas
3105 3997 3409 4052 fundimus
3441 3998 3591 4054 invi-
3656 3988 3663 3993 ’

1932 4099 2060 4136 cem
2093 4098 2212 4151 prae
2244 4082 2481 4152 gaudio,
2507 4097 2645 4135 ecce
2676 4083 3105 4153 iterum,super
3124 4086 3433 4156 ingruente
3457 4088 3594 4141 tris-

1933 4171 2051 4224 titia
2070 4170 2365 4238 inopinato
2379 4170 2641 4239 perculsi
2660 4172 2969 4225 turbamur
2989 4174 3224 4243 gaudio,
3243 4175 3314 4227 de
3337 4191 3454 4244 quo
3476 4192 3593 4229 non

1931 4261 2127 4312 minus
2159 4274 2332 4329 quam
2364 4258 2436 4311 de
2468 4258 2654 4328 priori
2678 4259 3188 4314 irremediabiliter
3209 4262 3478 4315 dolemus
3501 4264 3593 4316 in-

1936 4348 2213 4402 fortunio.
2246 4347 2556 4415 Audimus,
2589 4346 2736 4416 proh
2768 4346 2973 4401 dolori
3009 4350 3239 4419 ducem,
3274 4366 3450 4420 quem
3479 4367 3595 4404 non

1936 4437 2052 4491 nisi
2080 4438 2532 4507 praeoccupante
2563 4439 2749 4489 morte
2781 4436 3150 4490 indefessum
3182 4439 3593 4508 praediximus,

1939 4525 2226 4580 Ecclesiae
2258 4529 2477 4578 nostrae
2510 4523 2888 4578 defensorem
2909 4526 3315 4580 invalescente
3346 4528 3597 4598 languo-

184 4611 450 4686 redarguit
482 4615 870 4670 insolentiam
901 4614 1035 4685 ejus
1059 4615 1259 4680 animi,
1284 4620 1651 4686 conquestus
1679 4616 1823 4670 mul-
1855 4590 1911 4654 D
1938 4614 2105 4668 ribus
2137 4614 2408 4669 molestia
2442 4614 2512 4667 ad
2564 4615 2826 4667 extrema
2858 4614 3240 4669 laborantem.
3274 4615 3601 4670 Confestim

185 4701 286 4753 tum
316 4719 421 4757 cur
449 4703 686 4759 offensa
716 4705 811 4758 sui
828 4704 1039 4775 gratia,
1054 4704 1311 4775 itemque
1332 4720 1449 4758 non
1479 4708 1716 4759 servata
1736 4720 1827 4758 re-

190 4792 419 4846 verentia
445 4792 638 4848 debiti
680 4791 926 4847 honoris
957 4796 1014 4847 et
1052 4793 1473 4862 provectionis,
1526 4808 1711 4847 ausus
1751 4794 1830 4847 sit

190 4890 343 4946 super
370 4896 436 4935 se
465 4883 761 4935 attentare
792 4881 949 4951 quod
991 4882 1086 4935 sui
1117 4886 1253 4952 erat
1280 4881 1441 4952 juris
1484 4886 1540 4936 et
1584 4882 1827 4952 negotii.

190 4961 277 5019 Illo
304 4969 539 5037 quidem
590 4985 662 5024 se
691 4984 1026 5041 expurgare
1049 4969 1299 5039 volente,
1347 4986 1463 5024 non
1512 4971 1832 5041 quidquam

188 5057 601 5112 contrabonum
619 5057 1053 5128 honestumque
1067 5057 1203 5130 ejus
1235 5056 1579 5123 affectasse;
1617 5062 1832 5128 praete-

189 5146 457 5211 rea,salva
468 5146 612 5217 ejus
627 5147 814 5217 gratia
829 5146 972 5201 nihil
986 5149 1204 5216 praeter
1214 5162 1434 5200 morem
1450 5146 1834 5218 coaequalium

189 5230 404 5303 fecisse,
422 5235 822 5290 comminatus
841 5237 953 5303 est,
970 5235 1027 5289 id
1058 5234 1309 5289 ulterius
1338 5251 1413 5290 ne
1432 5235 1834 5306 auderetprae-

192 5332 403 5377 sumere
424 5323 585 5395 quod
620 5322 982 5378 noveritsxbi
1003 5324 1063 5377 in
1078 5339 1429 5394 prosperum
1453 5338 1571 5378 non
1602 5324 1832 5378 cedere.

252 5408 453 5467 Iterum
485 5427 643 5484 ergo
672 5412 982 5466 mandatur
1025 5412 1299 5467 dominus
1350 5413 1535 5467 abbas
1572 5428 1647 5467 ex
1674 5413 1838 5485 regis

196 5500 426 5571 nomine,
453 5505 521 5556 ut
550 5502 610 5555 si
641 5517 759 5557 non
786 5504 1130 5572 properaret
1158 5501 1231 5555 ad
1264 5501 1486 5556 curiam
1505 5501 1725 5556 indicto
1747 5502 1840 5556 die

196 5587 275 5641 vel
300 5592 588 5662 tempore,
622 5589 1035 5661 prejudieium
1068 5589 1186 5660 pati
1213 5589 1459 5645 haberet
1493 5590 1670 5646 totius
1703 5591 1842 5645 boni

199 5677 337 5751 ςιοό
352 5680 684 5738 tenebat”
701 5694 865 5754 rege.
880 5678 990 5745 Qui
1010 5679 1288 5736 difﬁdens
1305 5679 1544 5754 quidem
1565 5695 1692 5737 sum
1716 5696 1845 5755 pro-

608 5795 870 5857 Ριτιιοι..
901 5794 1162 5856 CXLIX.

1938 4703 2225 4757 Dominus
2256 4702 2442 4755 abbas
2474 4702 2703 4756 visendi
2737 4719 2869 4757 eum
2902 4705 3088 4774 gratia
3118 4704 3216 4757 illo
3235 4720 3301 4757 se
3332 4704 3597 4774 proripit,

1945 4795 2002 4845 et
2032 4807 2162 4845 cum
2195 4791 2477 4861 episcopo
2508 4791 2825 4846 Leodiensi
2855 4793 3110 4861 peractis
3159 4792 3434 4845 omnibus
3469 4809 3600 4862 quae

1945 4881 2059 4934 ritu
2092 4880 2379 4934 catholico
2414 4881 2821 4949 competebant
2850 4880 2983 4950 ejus
3006 4881 3237 4949 viatico,
3264 4895 3381 4934 non
3413 4882 3603 4934 laetior

1946 4984 2120 5040 quam
2152 4971 2203 5023 si
2232 4970 2451 5038 pariter
2477 4970 2829 5023 occumbere
2862 4969 3229 5039 contingeret
3250 4969 3602 5024 rediit.Pos-

1946 5061 2070 5112 tera
2101 5058 2192 5112 die
2224 5058 2334 5125 vir,
2370 5058 2466 5112 cui
2498 5057 2612 5111 ﬁde
2642 5061 2697 5110 et
2727 5058 3034 5111 honestate
3066 5058 3257 5111 omnis
3281 5062 3409 5111 crat
3439 5074 3604 5112 mun-

1945 5147 2057 5201 dus
2090 5145 2352 5215 inferior,
2388 5146 2651 5201 excessit
2680 5161 2711 5200 e
2745 5145 2955 5214 medio,
2990 5146 3163 5200 nobis
3189 5162 3355 5218 aeque
3377 5162 3447 5201 ac
3477 5147 3607 5201 suis

1945 5251 2151 5289 verum
2185 5238 2241 5289 et
2271 5235 2547 5289 omnibus
2578 5234 2773 5303 bonis,
2808 5250 2925 5287 non
2956 5238 3070 5287 tam
3120 5235 3407 5291 miserum
3437 5236 3508 5292 de
3542 5252 3608 5291 se

1948 5324 2146 5379 dolere
2179 5340 2353 5395 quam
2384 5324 2544 5393 pium
2574 5323 2714 5377 fiere
2739 5323 3081 5393 relinquens
3112 5325 3172 5378 in
3203 5325 3445 5380 saeculo.

2021 5412 2159 5467 Erat
2190 5412 2372 5484 igitur
2402 5428 2470 5466 ea
2500 5415 2847 5481 tempestate
2880 5412 3081 5468 videre
3105 5415 3432 5470 miseriam:
3459 5414 3618 5469 dole-

1950 5503 2050 5557 bat
2072 5502 2310 5573 quidem
2338 5501 2847 5556 inconsolabiliter
2874 5504 2993 5556 tota
3031 5503 3191 5557 illius
3226 5503 3463 5558 familia.
3495 5503 3615 5558 Sed

1952 5607 2069 5647 non
2086 5590 2279 5646 minor
2300 5590 2374 5645 ob
2397 5590 2628 5645 instans
2648 5590 2974 5660 periculum
2993 5592 3306 5647 destitutos
3327 5608 3437 5648 nos
3456 5591 3614 5646 omni

1954 5681 2213 5739 humano
2240 5679 2544 5756 juvamine
2573 5679 2920 5753 possidebat
2947 5681 3203 5738 tristitia.
3238 5680 3460 5737 Vorum
3498 5694 3615 5734 non

3263 5794 3333 5851 10
