4058 6182
175 317 256 382 301
1057 312 1565 378 TRIUMPHUS
1608 313 1672 377 S.
1718 310 2125 377 REMACLI.
2159 351 2233 362 —
2280 315 2439 379 LIB.
2488 316 2537 378 Ι.

3396 320 3515 387 302

175 510 513 579 dixerimus)in
528 509 638 565 hoc
660 510 856 565 minus
878 512 1041 566 recte
1062 510 1285 566 fecisse
1303 513 1754 581 reprehenditur
1774 498 1821 559 Α
1858 513 2193 586 perdiderat
2216 518 2729 585 recuperaturum;
2765 519 2873 572 sed
2899 521 3199 577 minimum
3223 521 3523 593 profuisse

174 600 287 673 quod
309 600 358 652 in
386 598 641 653 humanis
685 600 921 654 auxiliis
954 615 1061 670 spe
1091 601 1477 670 recuperandi
1508 603 1752 657 nimium

177 688 325 743 ﬁdisse
349 687 559 756 dicitur,
590 704 723 742 cum
754 687 992 742 minime
1024 687 1103 742 sit
1129 690 1253 742 tuta
1283 689 1583 760 defensio,
1616 707 1750 762 quae

171 792 243 848 per
264 776 519 832 hominem
547 791 730 846 posse
759 778 1093 832 consistere
1125 778 1377 847 putatur.

700 916 1139 956 ADNOTATIONES

218 1022 470 1076 Evocatnr
496 1020 683 1077 abbas
720 1020 954 1092 Tegeno
981 1037 1060 1076 ex
1087 1021 1355 1077 coenobio
1382 1019 1748 1092 Brouwilre.

169 1093 227 1146 De
248 1093 339 1147 hoc
364 1092 557 1146 abbate
589 1091 947 1147 monasterio
992 1091 1549 1147 Malmundariensis
1581 1106 1703 1159 prae
1722 1121 1751 1131 -

166 1163 294 1229 tecto,
311 1163 546 1234 loquitur
566 1162 714 1216 satis
742 1166 942 1232 aperte
966 1163 1323 1218 Fredericus
1346 1162 1750 1234 archiepisco-

193 1249 246 1287 us
267 1233 608 1288 Coloniensis
653 1234 712 1286 in
757 1234 1071 1304 diplomate
1119 1251 1225 1304 per
1264 1249 1376 1288 nos
1415 1236 1547 1287 ante
1577 1233 1751 1286 citato

193 1250 246 1287 us
267 1250 608 1288 umomensns
653 1250 712 1286 in
757 1250 1071 1304 diplomate
1119 1251 1225 1304 per
1264 1250 1376 1288 nos
1415 1250 1547 1287 ante
1577 1250 1751 1286 citato

165 1250 233 1356 Eis
250 1305 449 1358 verbis:
477 1325 501 1375 ς
524 1304 812 1373 Tempore
841 1319 1076 1375 quoque
1108 1305 1329 1360 domini
1359 1304 1602 1358 Henrici
1629 1304 1751 1375 im-

162 1376 388 1443 peratoris
408 1374 585 1445 hujus
603 1375 859 1429 nominis
877 1374 1069 1446 quarti
1087 1391 1192 1445 per
1211 1376 1509 1430 dominum
1521 1374 1751 1446 archie-

163 1446 404 1515 piscopum
431 1447 767 1514 Annonem,
809 1445 1023 1501 rursus
1053 1447 1208 1500 facto
1241 1446 1524 1515 divortio,
1567 1445 1752 1499 abbas

161 1516 339 1585 quidam
364 1515 765 1571 Malmundarii
795 1516 1104 1572 ordinatus
1136 1521 1256 1587 est,
1296 1540 1317 1563 η
1354 1520 1466 1572 etc.

717 1700 971 1756 CAPUT
1012 1699 1115 1755 XI.

158 1828 388 1929 Narratio
397 1847 575 1903 super
573 1837 803 1929 Instare
816 1839 883 1915 _et_
901 1833 1238 1929 moribn'us’et
1246 1833 1535 1929 distantia
1547 1832 1754 1887 borum
1786 1869 1831 1929 Β

313 1901 539 1957 duorum
560 1903 883 1959 Frederici
903 1909 963 1960 et
987 1904 1303 1960 Godefridi
1323 1905 1550 1959 ducum.

204 2002 353 2083 igitur
369 2013 748 2085 Godefridus,
763 2017 858 2069 vir
873 2016 1112 2087 quidem
1142 2020 1375 2087 potens,
1391 2018 1449 2071 et
1469 2019 1751 2070 strenuus

151 2100 401 2174 bonusque
422 2104 696 2172 consilio,
711 2104 827 2159 ﬁde
850 2108 1042 2171 tamen
1074 2121 1143 2160 ac
1174 2105 1418 2160 veritate
1438 2105 1616 2175 longe
1639 2104 1753 2158 dis-

152 2191 369 2259 crepabat
413 2209 442 2246 a
484 2193 828 2248 Frederico.
865 2193 1028 2258 Quos
1058 2196 1343 2265 utrosque
1378 2195 1542 2248 viros
1576 2207 1752 2264 egre-

151 2278 271 2348 gios,
307 2282 569 2351 quoniam
604 2298 706 2336 res
738 2282 947 2336 obtulit
978 2282 1037 2336 in
1067 2284 1345 2353 praesenti
1386 2282 1750 2352 narratione,

148 2367 393 2438 indignum
419 2371 762 2439 putavimus
792 2371 864 2425 de
894 2370 1108 2426 virtute
1152 2375 1209 2427 et
1248 2387 1452 2427 eorum
1488 2370 1753 2425 moribus

131 2455 334 2524 .silentio
359 2459 683 2527 praeterire.

197 2544 282 2598 His
307 2561 509 2617 genus,
543 2551 714 2614 mtas,
751 2548 1009 2618 potentia
1047 2564 1230 2619 prope
1265 2552 1430 2603 erant
1470 2548 1752 2620 aequalia;

148 2633 425 2704 magnitudo
454 2636 656 2704 animi,
681 2652 791 2706 par
821 2642 876 2692 et
906 2637 1115 2707 gloria.
1142 2637 1258 2692 Sed
1290 2637 1385 2691 alii
1420 2638 1590 2692 aliter
1610 2637 1749 2691 alia:

146 2717 400 2779 Frederico
436 2724 775 2780 innocentia
807 2727 864 2780 et
892 2726 1029 2780 vitae
1060 2726 1371 2797 integritas
1408 2727 1624 2791 inerat,
1658 2725 1752 2779 cui

148 2811 378 2865 severitas
397 2828 529 2868 cum
546 2798 861 2868 honestate
879 2806 1269 2870 reverentiam
1287 2814 1753 2887 dignitatemque

144 2896 415 2969 addiderat,
448 2901 638 2956 rebus
672 2903 845 2956 etiam
881 2903 1031 2972 ipsis
1062 2902 1250 2972 palam
1293 2903 1467 2957 dabat
1505 2902 1755 2974 intelligi

145 2986 258 3053 quod
281 3003 455 3059 neque
485 2990 838 3060 amicitiam,
880 3007 1071 3062 neque
1108 2992 1603 3063 propinquitatem
1635 3006 1752 3063 ge-

142 3073 288 3144 neris,
332 3077 398 3131 ad
436 3078 550 3132 hoc
595 3093 710 3133 nec
742 3078 1160 3134 sublimitatem
1200 3080 1371 3152 regni
1413 3079 1647 3151 justitia
1696 3083 1753 3133 et

142 3164 334 3219 veritate
360 3182 615 3237 unquam
647 3168 875 3238 potiora
907 3168 1198 3222 habuerit.

193 3249 276 3306 Est
298 3254 352 3308 in
373 3253 702 3310 Godefrido
724 3255 940 3326 ingens
956 3256 1154 3327 rvirtus
1183 3257 1451 3327 corporis
1472 3259 1529 3311 et
1550 3257 1750 3327 animi,

140 3338 273 3394 bellis
296 3343 766 3415 militaribusque
795 3345 1096 3399 exercitiis
1141 3346 1392 3413 enitens,
1449 3345 1753 3400 claritudi-

140 3441 239 3481 nem
261 3431 373 3486 viro
400 3433 673 3503 parabat,
708 3432 769 3486 in
799 3448 915 3504 quo
948 3434 1277 3504 eloquentia
1308 3450 1478 3505 aeque
1507 3450 1575 3488 ac
1605 3450 1750 3504 pru-

139 3515 287 3572 dentia
304 3522 419 3575 acri
440 3521 690 3594 ingenio
710 3522 1150 3591 praeeminebat.
1168 3524 1388 3577 Verum
1411 3524 1613 3578 verbis
1635 3539 1753 3577 non

139 3606 289 3661 minus
314 3624 481 3680 quam
515 3610 698 3665 factis
738 3610 832 3665 sui
873 3610 1086 3665 famam
1124 3612 1381 3667 nominis
1413 3612 1750 3682 extendere,

138 3694 242 3749 item
256 3698 501 3755 honores
518 3699 965 3771 dignitatesque
987 3700 1196 3755 saeculi
1211 3701 1458 3769 ambire,
1473 3717 1752 3771 magnum

140 3787 407 3841 exercitum
427 3805 665 3859 parare,
682 3788 836 3843 bella
858 3789 1150 3843 interdum
1170 3805 1430 3859 movere,
1444 3789 1753 3845 laboribus

137 3870 232 3926 dies
249 3881 561 3950 noctesque
585 3877 921 3950 invigilare,
948 3879 1165 3948 caedes,
1185 3878 1476 3944 incendia,
1497 3880 1754 3948 praedas-

137 3973 222 4028 que
243 3962 473 4021 bellicas
505 3968 731 4037 facere,
752 3966 847 4021 his
875 3968 1150 4022 omnibus
1171 3983 1280 4037 pro
1310 3982 1373 4020 re
1402 3971 1459 4021 et
1486 3971 1751 4036 tempore

137 4064 223 4104 non
252 4052 533 4125 inglorius
566 4056 651 4110 uti
692 4055 944 4110 habebat
974 4057 1340 4127 delectabile,
1377 4057 1570 4127 qualia
1599 4072 1750 4110 nun-

138 4150 272 4204 quam
297 4142 350 4197 in
373 4145 559 4199 altero
590 4144 789 4199 locum
820 4145 1120 4199 invenere.

188 4226 328 4299 Huic,
360 4232 417 4286 id
445 4235 543 4288 est
571 4233 923 4305 Frederico,
967 4248 1206 4303 semper
1233 4250 1349 4305 pax
1381 4234 1486 4290 fuit
1517 4235 1755 4289 charior

138 4311 288 4386 bellis,
310 4325 701 4392 pacatumque
724 4322 1003 4377 reddebat
1030 4323 1301 4393 prudenti
1331 4324 1569 4394 ingenio
1593 4323 1754 4394 quid-

139 4403 241 4471 quid
267 4407 317 4462 in
344 4409 496 4465 bella
527 4416 588 4465 et
622 4411 948 4466 seditiones
980 4411 1206 4466 moveri
1236 4413 1527 4466 sentiebat
1556 4429 1630 4466 ex
1660 4412 1755 4465 ad-

139 4505 290 4549 verat).
324 4500 462 4552 Cum
503 4500 566 4553 in
608 4501 793 4554 altero
827 4503 990 4554 esset
1018 4500 1191 4554 malis
1221 4500 1493 4565 exitium,
1534 4502 1594 4555 in
1638 4502 1753 4556 isto

1858 605 1918 656 in
1959 603 2072 658 hoc
2115 619 2314 658 rerum
2357 621 2575 675 genere
2615 607 2763 660 satis
2801 606 3089 664 habemus
3135 615 3519 682 compertum.

1858 691 2058 762 Itaque
2088 708 2198 763 pro
2230 694 2340 747 hac
2381 693 2633 766 ejusque
2670 696 2765 749 sui
2796 696 3041 752 utilitate
3082 700 3291 754 suadet
3322 715 3527 754 secum

1866 780 2166 850 proficisci
2196 782 2267 836 ad
2297 783 2541 849 curiam,
2568 783 2669 837 ubi
2700 799 2805 855 pro
2828 800 2897 840 eo
2930 786 3182 856 spondet
3208 782 3523 857 plurimum

1866 868 2206 939 impendere
2235 871 2329 925 sui
2358 886 2617 942 operam.

2484 993 2736 1051 CAPUT
2774 996 2899 1052 XII.

1860 1098 2070 1153 Abbas
2091 1105 2297 1154 noster
2317 1100 2382 1155 S.
2405 1116 2617 1173 corpus
2646 1117 2751 1157 suo
2778 1103 2904 1158 Ioco
2922 1106 3229 1170 restituit;
3253 1104 3527 1161 abbatem

1930 1185 2110 1240 super
2141 1186 2207 1225 se
2235 1176 2517 1227 statutum
2540 1173 2875 1228 obtestatur
2904 1175 3014 1229 sub
3039 1176 3527 1231 interminatione

1934 1241 2140 1294 divina
2164 1246 2224 1294 ut
2245 1242 2534 1309 discedat,
2559 1249 2617 1297 et
2647 1244 2870 1316 injuste
2894 1262 3172 1316 possessa
3203 1246 3525 1319 relinquat.

1935 1336 2158 1391 Interea
2190 1337 2462 1393 dominus
2494 1339 2681 1394 abbas
2714 1340 2946 1412 fratres,
2971 1359 3122 1414 quos
3152 1343 3359 1399 tristes
3392 1344 3526 1398 reli-

1864 1428 2096 1496 querat,
2136 1425 2339 1481 habuit
2384 1429 2671 1499 revisere,
2714 1431 3081 1502 veniensque
3126 1433 3527 1488 venerandum

1863 1529 2081 1583 corpus
2103 1514 2321 1568 domini
2350 1517 2541 1570 nostri
2571 1518 2630 1571 S.
2657 1518 2919 1573 Remacli
2950 1520 3169 1575 invenit
3191 1522 3527 1591 depositum

1860 1603 1919 1655 in
1962 1603 2294 1672 pavimento
2334 1603 2459 1675 jam
2502 1606 2721 1661 multos
2767 1607 2895 1662 dies
2940 1607 3228 1679 jacuisse.
3277 1610 3528 1679 Insuper

1860 1707 1975 1763 quo
2008 1692 2239 1746 tristius
2286 1693 2366 1746 nil
2418 1694 2622 1749 audire
2662 1698 2917 1765 poterat,
2960 1697 3215 1752 alienum
3250 1698 3381 1753 loco
3414 1714 3524 1753 suo

1861 1780 2672 1837 auditMalmundariensibus
2695 1784 3260 1853 praesidereNisum
3278 1789 3527 1857 estergo

1861 1868 1977 1937 ipsi
2007 1870 2249 1937 rectius,
2290 1870 2429 1924 inito
2463 1872 2732 1941 consilio,
2772 1876 2832 1926 ut
2863 1874 2915 1927 si
2948 1889 3165 1943 corpus
3197 1874 3393 1928 Sancti
3429 1891 3526 1929 re-

1862 1956 2116 2012 ferretur
2146 1958 2201 2011 in
2235 1958 2427 2012 locum
2459 1976 2633 2014 suum
2664 1961 2887 2015 honore
2912 1962 3128 2030 debito,
3154 1978 3270 2017 non
3302 1963 3526 2017 idcirco

1860 2045 2035 2100 nobis
2067 2045 2261 2100 minus
2295 2047 2510 2101 deesse
2541 2064 2672 2118 suo,
2707 2065 2839 2103 cum
2870 2050 3065 2121 vellet,
3096 2051 3333 2106 auxilio.
3358 2050 3525 2115 Quod

1859 2138 1917 2188 et
1945 2135 2022 2188 ita
2059 2135 2275 2189 factum
2309 2140 2420 2190 est.

1928 2224 2071 2278 Post
2102 2224 2231 2278 haec
2262 2240 2382 2279 non
2412 2224 2745 2281 inconsulte
2776 2243 2994 2299 agens,
3033 2243 3099 2281 se
3140 2232 3382 2299 regente
3411 2244 3526 2298 pa-

1857 2312 2077 2379 tientia,
2095 2330 2229 2367 cum
2250 2313 2423 2367 facile
2447 2330 2589 2368 suas
2608 2314 2817 2368 ulcisci
2842 2318 3048 2384 posset
3071 2316 3320 2385 injurias
3345 2317 3402 2369 in
3426 2316 3525 2370 illo

1860 2416 1970 2454 suo
1993 2401 2357 2470 adversario,
2381 2402 2665 2455 continuit
2695 2418 2761 2456 se
2792 2404 2983 2474 magis
3016 2403 3444 2472 benevolentia,
3471 2406 3550 2480 et‘

1858 2504 1964 2559 per
1995 2489 2304 2560 quosdiam
2348 2490 2621 2544 seniores
2670 2506 2741 2544 ex
2781 2492 3006 2546 nosiris
3045 2493 3281 2546 mandat
3310 2491 3394 2545 illi
3424 2508 3525 2545 se-

1859 2577 2114 2631 cundum
2146 2577 2274 2631 haec
2296 2578 2507 2632 verba:
2535 2577 2593 2632 Si
2620 2578 2784 2649 juste
2807 2579 2961 2651 agis,
2985 2579 3263 2651 quisquis
3285 2597 3372 2647 es,
3393 2596 3527 2634 con-

1854 2668 1945 2719 tra
1975 2681 2087 2733 me,
2123 2667 2326 2720 tuimet
2367 2666 2815 2737 sapientumque
2850 2667 3078 2738 judicio
3110 2669 3525 2723 aestimandum

1857 2754 2016 2808 vide.
2036 2753 2100 2808 Si
2131 2756 2347 2808 malum
2381 2770 2518 2809 esse
2547 2755 2669 2810 scis
2694 2757 3227 2826 supplantationem
3250 2758 3399 2826 ﬁeri,
3418 2774 3527 2811 cur

1855 2844 1916 2897 in
1946 2842 2057 2897 hoc
2089 2842 2583 2912 reprehensibilis
2625 2844 2829 2899 sedem
2869 2861 3055 2899 meam
3093 2846 3322 2900 alienus
3356 2846 3524 2900 inva-

1857 2931 2013 3002 sisti,
2053 2947 2227 3001 quam
2258 2931 2534 3003 nonjure
2566 2948 2674 2987 nec
2706 2932 2932 3004 judicio
2964 2950 3222 3004 unquam
3253 2934 3526 3003 culpatus

1858 3021 2069 3074 amisi?
2099 3020 2186 3073 Ne
2221 3037 2363 3091 ergo
2397 3021 2635 3090 durius,
2672 3038 2805 3075 eum
2837 3025 2995 3075 recte
3027 3023 3287 3093 possim,
3321 3023 3527 3075 videar

1856 3111 2046 3163 tecum
2080 3124 2275 3179 agere,
2303 3124 2516 3177 precor
2545 3112 2601 3162 et
2630 3125 2841 3163 moneo
2873 3111 2984 3164 sub
3007 3110 3227 3164 Christi
3259 3110 3518 3164 nominis

1784 3228 1834 3289 ο
1858 3197 2248 3252 obtestatione
2271 3199 2326 3250 et
2347 3197 2406 3251 S.
2432 3197 2732 3251 Benedicti
2761 3198 3009 3269 regulae,
3042 3202 3103 3251 ut
3128 3198 3182 3252 si
3204 3198 3390 3252 habes
3414 3199 3521 3253 De-

1858 3303 1952 3340 um
1966 3285 2278 3356 aliquando
2300 3286 2506 3340 timere
2520 3302 2627 3356 pro
2642 3286 2750 3340 hac
2766 3287 2846 3357 inj
2857 3288 3072 3355 ustitia,
3094 3302 3165 3340 ne
3190 3286 3527 3341 fraudulen-

1855 3380 1945 3429 ter
1965 3374 2220 3429 retineas
2252 3374 2469 3442 aliena,
2512 3374 2619 3428 sed
2649 3376 2968 3430 discedens
2997 3375 3169 3430 nobis
3211 3375 3513 3446 relinquas

1857 3463 2115 3534 propria.
2148 3463 2221 3516 At
2251 3463 2348 3516 illo
2382 3462 2462 3516 nil
2496 3464 2640 3516 certi
2671 3465 2744 3517 ad
2774 3465 2901 3518 haec
2932 3464 3358 3534 respondente,
3396 3480 3515 3519 non

1858 3567 1931 3606 ex
1964 3555 2099 3606 voto
2133 3551 2387 3606 consulti
2419 3552 2607 3629 nostri
2636 3553 2888 3607 rediere.

2460 3687 2715 3743 CAPUT
2766 3690 2918 3744 XIII.

1856 3821 1994 3876 Dux
2026 3820 2394 3894 Godefridus
2421 3819 2671 3877 eﬂ‘ectus
2707 3827 2875 3877 recte
2909 3821 3136 3894 iudicat
3168 3822 3388 3878 Sancto
3416 3820 3525 3879 bo-

1929 3910 2070 3967 num
2096 3908 2260 3967 suum
2293 3892 2519 3947 debere
2547 3894 2821 3967 restitui;
2846 3892 2994 3965 quod
3011 3895 3525 3967 episwpusprote-

1928 3963 2104 4018 Iando
2145 3963 2350 4037 facere
2390 3980 2504 4018 non
2535 3963 2869 4036 acquievit;
2904 3971 2962 4019 et
2986 3963 3290 4037 templo—et
3308 3963 3529 4022 aerario

1930 4041 2135 4089 nostra
2162 4034 2429 4105 spoliato,
2462 4050 2569 4090 res
2600 4034 2804 4090 nostra
2836 4037 3018 4090 irrita
3050 4034 3289 4092 mansit.

1933 4143 2076 4196 Post
2113 4140 2243 4195 haec
2282 4157 2415 4195 cum
2457 4142 2798 4196 marchione
2831 4142 3150 4196 Godefrido
3187 4143 3261 4196 ad
3305 4144 3529 4197 curiam

1860 4232 2074 4287 Goslar
2102 4230 2287 4285 abbas
2337 4230 2767 4301 proficiscitur,
2806 4231 2908 4285 ubi
2956 4232 3037 4284 illi
3082 4232 3367 4285 ducamen
3395 4249 3530 4285 eum

1862 4321 2244 4375 advocatione
2281 4318 2623 4373 Stabulensi
2660 4319 2937 4390 adeptus,
2981 4320 3267 4391 magister
3306 4320 3528 4374 militiae

1862 4408 2264 4480 Lotharingiae
2279 4409 2471 4462 denuo
2486 4408 2855 4463 sublimatur.
2866 4409 3151 4463 Dominus
3164 4425 3307 4462 vero
3322 4409 3526 4474 abbas,

1864 4500 1937 4554 de
1966 4499 2124 4553 illata
2153 4498 2267 4551 sibi
2297 4497 2588 4568 injustitia
2618 4501 3002 4570 conquestus,
3038 4498 3313 4568 privatim
3334 4501 3389 4550 et
3418 4514 3530 4567 pu-

140 4581 326 4640 miseris
355 4587 719 4660 perfugium.
764 4588 1079 4660 Nunquam
1110 4589 1168 4642 in
1198 4603 1266 4643 eo
1298 4589 1571 4643 dominus
1605 4605 1752 4644 suus
1792 4585 1841 4648 D
1865 4589 2017 4643 blice
2031 4588 2489 4659 quibuscunque
2502 4590 2699 4657 potest
2717 4588 2966 4642 Romani
2984 4586 3532 4659 imperiiepisc0pis

139 4667 313 4727 invenit
350 4678 720 4731 contrarium
763 4677 878 4732 sibi
920 4682 1019 4733 aut
1062 4678 1564 4747 reprehensibile,
1616 4679 1755 4749 quia

139 4762 350 4835 mentiri,
380 4766 475 4823 vel
503 4766 787 4839 pejerare
818 4782 1055 4838 semper
1083 4767 1166 4821 illi
1206 4768 1315 4821 fuit
1346 4783 1453 4839 pro
1486 4766 1751 4821 crimine.

138 4843 297 4904 Bonus
330 4869 466 4910 esse
507 4871 692 4927 quam
731 4856 919 4910 videri
962 4857 1243 4924 malebat,
1282 4859 1337 4911 et
1385 4855 1515 4910 ideo
1562 4856 1753 4927 magis

143 4933 339 5004 gloriam
369 4945 813 5017 assequebatur
840 4961 1015 5016 quam
1043 4946 1239 5000 minus
1273 4945 1599 5015 appetebat.

189 5025 431 5088 Fatemur
467 5038 527 5088 et
565 5034 633 5089 in
662 5033 981 5090 Godefrido
1030 5035 1222 5089 fuisse
1262 5038 1421 5089 artes
1468 5034 1753 5103 Optimus,

140 5124 256 5179 quas
286 5120 468 5177 tamen
518 5123 840 5193 aliquando
887 5123 1284 5194 praepediebat
1332 5123 1642 5192 cupiditas.
1692 5123 1756 5176 Id

144 5207 242 5257 erat
278 5206 330 5261 in
357 5211 451 5265 illo
484 5227 674 5266 unum
706 5211 901 5266 minus
933 5211 1245 5282 laudabile,
1287 5211 1439 5283 quod
1473 5226 1633 5281 saepe
1665 5226 1757 5265 ro-

147 5293 300 5363 εειιιε,
327 5313 453 5353 cum
483 5304 702 5371 posset
729 5301 1013 5356 auxilium
1043 5302 1219 5370 ferre,
1256 5300 1562 5355 dicebatur
1590 5300 1756 5369 polli-

147 5379 329 5439 citando
356 5390 549 5459 magis
582 5388 820 5444 differre
851 5405 1025 5461 quam
1059 5390 1375 5461 prodesse,
1408 5392 1469 5443 ut
1499 5389 1757 5443 animad-

146 5470 259 5523 verti
281 5478 461 5542 potest
492 5477 553 5531 in
588 5476 778 5549 hujus
807 5481 1001 5534 textus
1030 5479 1470 5550 prosecutione.

195 5554 316 5616 Cum
356 5580 500 5639 ergo
548 5566 831 5622 dominus
881 5567 1066 5622 abbas
1116 5566 1308 5638 illum,
1359 5569 1421 5622 ut
1469 5567 1758 5639 diximus,

148 5643 347 5705 ldiisset
363 5655 523 5713 velut
555 5654 918 5713 ﬁdissimum
950 5657 1223 5731 amicum,
1242 5656 1575 5731 magnificis
1596 5657 1760 5728 polli-

150 5730 474 5805 citationibus
502 5745 604 5804 dat
634 5746 782 5807 satis
812 5746 1031 5823 fidere,
1066 5750 1478 5826 tanquamper
1506 5760 1573 5805 se
1603 5747 1760 5823 quod

1864 4680 1920 4732 et
1961 4677 2215 4732 ducibus
2255 4690 2375 4730 non
2414 4680 2615 4730 cessat
2643 4693 2768 4731 rem
2798 4693 2970 4732 suam
3001 4677 3331 4742 notiﬁcare,
3378 4690 3532 4747 quos

1862 4767 2039 4821 etiam
2060 4766 2175 4820 sibi
2199 4763 2517 4837 suffragari
2532 4767 2793 4836 postulat
2814 4767 2875 4821 in
2897 4767 3007 4819 hac
3025 4766 3124 4819 sui
3152 4765 3529 4820 necessitate.

1935 4854 2135 4909 Multis
2169 4869 2334 4926 ergo,
2374 4853 2721 4926 huiusmodi
2763 4855 3177 4925 compassione
3214 4856 3530 4924 suscepta,

1864 4943 1979 4999 hoc
2009 4943 2297 5015 injustum
2327 4959 2466 4999 esse
2497 4944 2714 4998 factum
2744 4944 3176 5014 profitentibus,
3197 4943 3533 4997 veritatem-

1866 5049 1980 5106 que
2011 5033 2138 5105 regi
2159 5049 2275 5087 non
2307 5034 2689 5088 occulendam
2720 5033 2976 5105 benigne
3024 5032 3496 5104 suggerentibus
3517 5074 3531 5103 ,

1871 5124 2173 5178 decretum
2223 5127 2315 5176 est
2362 5123 2597 5177 tandem
2633 5122 2894 5193 judicari
2950 5121 3166 5176 debere
3215 5122 3269 5176 si
3314 5122 3539 5176 licitum

1871 5212 2087 5267 fuisset
2107 5212 2165 5265 id
2186 5211 2318 5265 ﬁeri
2349 5212 2477 5266 sine
2510 5227 2691 5265 causa
2713 5214 2769 5265 et
2792 5210 3016 5282 judice.
3036 5210 3394 5266 Godefridus
3417 5211 3538 5265 dux

1869 5300 2203 5356 admonitus
2232 5300 2427 5372 legem
2457 5300 2596 5356 dare
2621 5299 2853 5371 judicii,
2880 5302 3041 5355 recte
3061 5300 3294 5371 judicat
3312 5299 3537 5354 vicario

1866 5390 1926 5445 S.
1948 5389 2212 5444 Remacli
2234 5389 2456 5443 bonum
2476 5389 2693 5443 debere
2718 5388 2981 5460 restitui,
3002 5390 3160 5460 qued
3180 5390 3254 5444 ab
3276 5405 3347 5444 eo
3366 5388 3537 5444 nefas

1868 5479 2084 5535 fuisset
2125 5478 2367 5533 auferri.
2405 5476 2593 5550 Cujus
2640 5477 2951 5533 sententiae
2999 5480 3200 5534 multis
3250 5495 3326 5533 ex
3369 5491 3541 5549 aequo

1867 5568 2310 5637 assentienbus,
2343 5566 2511 5623 solus
2545 5582 2618 5622 ex
2647 5568 2901 5623 adverso
2934 5567 3211 5625 obnitens
3242 5566 3540 5623 contradi-

1869 5657 1950 5716 cit
1978 5657 2488 5730 archiepiscopus.

1940 5747 2060 5807 Sed
2105 5750 2168 5807 ut
2216 5746 2380 5804 multi
2422 5749 2563 5807 tunc
2596 5747 2822 5821 dixere,
2871 5751 3012 5821 post
3042 5745 3333 5824 judicium
3362 5746 3544 5802 latum
