3978 6178
486 303 607 367 303

1430 300 1892 365 GODEFRIDI
1940 296 2518 369 STABULENSIS
2563 292 2983 371 MONACHI.
3757 314 3843 377 θοι

489 503 989 560 contradicentem
1012 503 1174 556 illum
1195 502 1343 557 satis
1366 518 1435 557 ex
1451 501 1617 573 justo
1642 505 1921 572 rectoque
1941 506 2145 572 posset
2166 483 2219 551 Ᾱ
2258 502 2390 558 sine
2411 502 2617 557 dolore
2647 505 2703 557 et
2730 502 2974 574 gemitu,
2989 507 3387 574 prosequente
3408 520 3523 561 non
3542 522 3700 577 parvo
3725 510 3845 581 ejus

485 593 781 661 evincere,
817 592 871 645 si
898 591 1093 646 fidelis
1124 590 1447 645 advocatus
1492 606 1661 661 aeque
1690 606 1759 644 ac
1791 589 2143 647 Fredericus

482 681 789 737 retinendo
818 696 886 734 ac
916 679 1343 750 propugnando
1368 679 1660 735 voluisset
1689 680 1908 735 bonum
1940 683 2142 733 sancto

483 770 761 838 solidare,
778 769 892 823 nisi
918 768 1075 839 quod
1096 771 1438 838 suspectum
1460 768 1686 823 habens
1701 784 1831 823 eum
1849 785 1954 837 pro
1972 769 2141 823 bene-

483 859 618 913 ficio
648 858 805 928 quod
837 873 909 910 ex
940 873 1007 911 eo
1038 857 1271 911 tenebat
1303 856 1495 911 facere
1525 857 1839 925 dubitavit,
1884 857 2139 926 idipsum

483 946 728 1001 avaritia
755 945 1173 1015 praepediente.
1201 945 1348 998 Nam
1378 948 1433 999 et
1467 946 1604 999 item
1634 945 1867 1014 impleta
1889 944 2140 1015 prophe-

479 1035 561 1088 tia
593 1034 840 1103 videtur,
866 1050 997 1103 quae
1028 1033 1201 1087 dicit:
1238 1032 1477 1087 Factum
1504 1040 1594 1087 est
1619 1033 1903 1105 judicium
1946 1039 2003 1086 et
2034 1033 2139 1104 ju-

484 1124 604 1178 dex
623 1123 866 1192 accepit,
885 1128 1205 1193 prepterea
1236 1121 1338 1175 lex
1365 1122 1475 1175 sub
1489 1123 1758 1186 vertitur,
1783 1130 1840 1175 et
1862 1123 1937 1176 ad
1964 1122 2141 1177 linem

471 1212 762 1282 judicium
798 1226 911 1263 non
942 1209 1297 1280 perdueitur
1326 1210 1594 1280 (Hebae,
1628 1212 1690 1280 ι).
1730 1211 2140 1282 lnterpellatus

481 1300 554 1354 ab
586 1300 858 1353 omnibus
882 1298 981 1369 qui
1010 1298 1251 1353 aderant
1280 1301 1524 1370 rogatur
1552 1300 1874 1370 episcopus
1907 1301 2141 1370 acquie-

480 1404 651 1442 scere
676 1387 840 1458 justo
872 1386 1122 1457 judicio,
1158 1388 1263 1440 sed
1314 1392 1375 1440 ut
1426 1390 1552 1441 erat
1598 1388 1690 1441 vir
1732 1388 2073 1443 inﬂexibilis
2109 1405 2141 1442 a

479 1492 587 1531 sua
618 1477 927 1545 sententia,
950 1491 1082 1529 cum
1107 1476 1274 1529 aliter
1303 1491 1417 1529 non
1448 1479 1655 1544 posset
1679 1476 1948 1545 evadere,
1974 1478 2139 1532 indu-

479 1566 588 1620 ciis
612 1566 873 1635 acceptis
905 1565 1218 1618 consilium
1249 1563 1443 1618 differt
1473 1565 1531 1618 in
1562 1564 1828 1633 proxima
1861 1566 2042 1620 curia.

550 1654 638 1706 Ex
666 1657 805 1708 tunc
839 1653 911 1706 de
942 1653 1104 1706 curia
1142 1653 1201 1705 in
1241 1653 1463 1706 curiam
1506 1652 1871 1707 induciarum
1902 1669 2140 1724 semper

478 1742 815 1797 extenditur
858 1741 1076 1794 dilatio.
1120 1739 1192 1793 Et
1240 1740 1513 1793 dominus
1562 1741 1747 1794 abbas
1788 1743 1957 1795 vanis
2008 1743 2141 1796 licet

2253 590 2386 645 dem
2414 590 2654 646 familia
2684 591 2984 647 comitatu.

2326 679 2441 732 Ubi
2461 679 3033 735 Malmundarienses
3055 681 3126 735 de
3150 682 3308 735 sacri
3320 683 3583 751 corporis
3602 686 3844 742 evectione
3928 682 3935 687 ’

2254 767 2620 836 percipiunt,
2660 769 2855 822 statim
2886 784 3018 823 cum
3051 769 3347 824 celeritate
3378 771 3782 843 archiepiscopo
3804 777 3847 829 id

2262 855 2529 910 intimare
2575 872 2692 911 non
2736 855 3036 923 differunt,
3082 857 3468 913 obsecrantes
3529 876 3652 915 eum
3694 868 3847 916 contra

2258 945 2456 997 tenere
2500 945 2592 997 sui
2639 944 3026 999 constantiam
3066 944 3389 1017 fidemque,
3434 963 3602 1018 quam
3644 964 3755 1003 cum
3785 951 3846 1004 eis

2257 1030 2591 1085 ﬁrmaverat
2639 1048 2754 1087 non
2802 1033 2995 1086 facere
3037 1033 3279 1088 irritam.
3330 1034 3453 1099 Qua
3493 1036 3564 1089 de
3600 1038 3847 1090 causaille

2254 1135 2397 1190 rege
2426 1121 2601 1187 adito,
2622 1136 2695 1174 ex
2724 1121 2856 1193 ejus
2890 1123 3125 1176 nomine
3149 1122 3447 1177 dominum
3477 1125 3725 1179 abbatem
3751 1142 3849 1179 con-

2252 1208 2566 1262 strinxerat
2616 1209 2817 1279 gravis
2860 1210 3235 1264 necessitatis
3286 1212 3561 1282 articulo,
3600 1213 3733 1283 quod
3766 1214 3852 1267 nisi

2252 1299 2478 1350 vetaret
2506 1312 2616 1350 nos
2649 1297 2897 1366 propius
2931 1299 3245 1369 accedere,
3288 1300 3441 1355 dono
3474 1302 3637 1372 regio
3664 1302 3854 1356 haberet

2253 1385 2489 1439 omnino
2521 1401 2585 1439 ca
2596 1401 2746 1439 rere.

2324 1473 2495 1527 Venit
2524 1488 2668 1544 ergo
2700 1474 2872 1543 quasi
2913 1474 2999 1528 sic
3045 1475 3309 1531 facturus
3349 1476 3541 1531 tristis
3570 1480 3621 1531 et
3650 1494 3855 1532 moerens

2250 1561 2424 1615 nobis
2457 1561 2691 1631 obvius,
2726 1562 2831 1616 sed
2865 1579 2996 1616 eum
3028 1580 3209 1633 super
3240 1564 3349 1618 hac
3380 1582 3443 1619 re
3478 1567 3700 1620 minime
3726 1568 3856 1621 audi-

2249 1650 2465 1703 vimus.
2498 1650 2787 1705 Continuo
2820 1652 2973 1704 cnim
3012 1651 3112 1706 illo
3161 1652 3362 1719 invito,
3398 1670 3583 1725 seque
3614 1655 3856 1709 infelicem

2248 1739 2666 1807 proclamando
2725 1739 3099 1808 prosilimus,
3149 1741 3635 1813 apprehensoque
3674 1744 3860 1813 lipsano

483 1831 804 1884 frustratus
854 1829 1373 1899 pollicitationibus
1413 1828 1762 1900 fatigaretur
1799 1846 1960 1900 saepe
2009 1848 2088 1885 nu
2111 1863 2140 1872 -
2173 1856 2225 1918 Β
2251 1826 2748 1918 sancti‘oppidum
2766 1828 3044 1918 Aquense
3077 1828 3383 1884 intramus.
3404 1831 3656 1886 Audires
3682 1832 3860 1885 luctum

478 1921 1005 1988 mero,nontamcn
1020 1916 1297 1970 defessus
1323 1917 1562 1986 quievit,
1586 1917 1644 1971 id
1671 1918 1955 1989 injustam
1980 1936 2140 1990 saepe

484 2006 916 2077 proclamando,
939 2006 1124 2058 donec
1148 2009 1455 2074 respectus
1480 2007 1902 2061 misericordia:
1925 2024 2139 2078 prove-

482 2097 633 2149 niret
655 2096 726 2148 ab
747 2095 1071 2147 Altissimo.
1093 2092 1382 2163 Quidquid
1408 2095 1727 2162 pretiosius
1753 2096 2059 2151 videbatur
2081 2098 2137 2151 in

482 2186 662 2238 rebus
687 2182 1247 2250 Ecclesiae,semper
1278 2182 1335 2233 in
1366 2199 1531 2251 spem
1553 2185 2140 2253 recuperandiaddu-

482 2276 632 2339 ctus,
668 2271 1038 2340 profuturum
1076 2269 1191 2323 sibi
1222 2272 1383 2338 putat
1419 2270 1744 2325 liberaliter
1781 2272 2138 2328 distribuere

479 2378 586 2432 per
603 2359 1289 2429 amicos,videlicctquos
1315 2359 1408 2412 his
1432 2360 1736 2414 beneficiis
1756 2361 2137 2417 habebatsibi

480 2450 788 2521 acquirere
816 2464 827 2501 ε
864 2464 969 2500 rex
990 2446 1177 2515 pluris
1200 2447 1502 2501 aestimans
1521 2449 1796 2503 aerarium
1820 2456 2025 2520 captus
2049 2455 2141 2507 est

480 2540 609 2609 ipse
641 2534 1142 2604 avaritia,expetit
1170 2534 1229 2588 in
1259 2540 1484 2604 partem
1518 2553 1685 2590 suam
1710 2553 1781 2591 ex
1812 2538 1905 2591 his
1930 2540 2139 2594 cedere

482 2628 695 2696 aliqua.
728 2624 868 2677 Erat
907 2623 1377 2678 commutationis
1409 2623 1624 2677 indicta
1661 2626 2042 2697 vicissitudo,
2081 2632 2141 2682 ut

484 2714 537 2769 si
560 2714 851 2784 quantitas
876 2712 1140 2782 pecuniae
1164 2712 1325 2783 regis
1358 2711 1676 2766 inferretur
1698 2716 1926 2783 aerario,
1945 2716 2139 2769 statim

480 2803 624 2857 boni
656 2802 811 2871 quod
844 2802 1208 2855 subtractum
1245 2804 1368 2854 erat
1401 2801 1669 2854 absoluta
1703 2802 1866 2856 fieret
1906 2804 2140 2858 redem-

481 2893 623 2962 ptio.
651 2891 765 2944 Sed
801 2889 1125 2958 exspoliato
1162 2888 1376 2957 templo
1410 2893 1464 2942 et
1495 2889 1589 2942 his
1622 2905 1753 2959 quae
1793 2898 2140 2960 supererant

482 2980 755 3047 sublatis,
777 2978 872 3031 hic
895 2977 1167 3030 cumulus
1198 2977 1486 3030 malorum
1517 2978 1739 3031 nostris
1762 2982 2020 3034 accessit
2048 2982 2140 3035 in-

480 3068 780 3137 fortuniis,
803 3083 934 3120 nam
975 3066 1137 3119 irrita
1161 3065 1334 3119 nobis
1365 3066 1579 3120 mansit
1613 3069 1930 3137 promissio
1951 3069 2138 3141 impe-

477 3157 664 3212 rialis.

1078 3241 1534 3280 ADNOTATIONES.

551 3333 787 3406 Impleri
812 3332 1134 3406 praplietia
1156 3331 1424 3406 videtur,
1454 3348 1582 3406 quae
1612 3333 1757 3387 dicit
1786 3334 2033 3403 (Habac.
2075 3338 2137 3406 1).

482 3405 581 3459 Sic
612 3401 754 3475 legit
786 3401 1051 3476 Vuléatae
1090 3401 1279 3476 Editio
1313 3401 1706 3476 :_Et'factum
1737 3401 1830 3476 est
1848 3401 2139 3476 judicium

481 3483 541 3529 et
572 3471 963 3530 contradictio
987 3473 1308 3543 potentior.
1334 3471 1596 3542 Propter
1618 3476 1726 3528 hoc
1755 3471 2017 3529 lacerata
2050 3483 2141 3531 est

480 3546 601 3614 lex,
627 3552 685 3600 et
717 3561 829 3599 non
856 3549 1137 3619 pervenit
1164 3543 1433 3619 usquead
1455 3544 1629 3597 linem
1645 3546 1937 3615 Judii'ium
1956 3566 1972 3600 :
2008 3549 2142 3619 quia

480 3612 697 3689 impius
717 3612 1013 3689 prperam!
1046 3613 1120 3666 ad
1132 3628 1340 3666 versus
1352 3612 1602 3684 justum,
1627 3612 1944 3686 propterea
1969 3612 2142 3689 egre-

480 3685 645 3741 ditur
663 3685 954 3756 judicium
981 3699 1356 3754 perversum.

1082 3815 1332 3870 CAPUT
1380 3817 1532 3871 XIV.

482 3935 711 4007 Corpus
754 3932 1147 4007 sancti‘apud
1190 3932 1411 4007 curiam
1460 3932 1650 4004 Aquis
1698 3931 1991 4007 (le/fertur,
2039 3935 2139 3990 ubi

677 4005 856 4076 jussu
886 4001 1144 4075 episcopi
1173 4001 1330 4056 nullo
1358 4001 1581 4057 honore
1614 4005 1928 4074 excipitur.

549 4113 769 4167 Eodem
792 4126 944 4165 anno
965 4110 1327 4181 Aquisgrani
1351 4108 1682 4163 celebratur
1712 4111 1932 4181 regalis
1952 4113 2133 4182 curia,

476 4217 592 4273 quo
615 4204 878 4270 tempore
900 4199 1187 4269 agebatur
1203 4197 1735 4269 quadragesimalis
1755 4201 2135 4269 parcimonim

474 4289 867 4344 observantia.
896 4287 1180 4340 Dominus
1213 4286 1398 4340 abbas
1431 4291 1724 4341 annuente
1755 4304 1916 4359 rege,
1949 4290 2134 4358 placi-

472 4382 592 4431 tum
626 4379 933 4445 acceperat
965 4376 1080 4428 illic
1112 4375 1356 4441 adesse,
1396 4376 1456 4428 in
1488 4377 1795 4445 prepatulo
1828 4378 2134 4432 locuturus

469 4470 588 4520 tam
638 4466 709 4518 de
754 4481 859 4517 sua
896 4480 1069 4534 quam
1115 4464 1184 4516 de
1232 4465 1551 4517 sanctuarii
1584 4465 1948 4520 rectitudine.
2006 4468 2134 4522 Rex

2251 1916 2306 1967 et
2334 1914 2786 1968 vociferationes
2832 1916 3039 1985 quales
3084 1932 3382 1986 nunquam
3425 1919 3641 1973 fuerint
3680 1921 3863 1973 nostris

2250 2002 2646 2072 temporibus,
2698 2003 3091 2074 qualibusque
3139 2005 3420 2076 lacrymis
3476 2009 3594 2061 nisi
3646 2010 3860 2076 peccatis

2250 2091 2753 2159 praepedientibus
2802 2092 2977 2145 etiam
3024 2093 3218 2162 ipsum
3269 2094 3481 2149 cwlum
3541 2098 3723 2164 petere
3772 2112 3863 2150 non

2250 2177 2674 2232 diffideremus.

2320 2266 2435 2319 Sed
2468 2267 2561 2320 his
2594 2270 2788 2322 motus
2820 2284 2935 2322 non
2967 2270 3058 2323 est
3090 2286 3122 2322 a
3154 2286 3262 2323 sua
3294 2272 3586 2326 sententia
3614 2272 3865 2345 Agrippi-

2248 2356 2456 2409 nensis
2484 2356 2602 2424 ille,
2633 2356 2749 2409 imo
2782 2357 2916 2427 quia
2948 2372 3128 2411 secus
3160 2360 3460 2427 processit
3491 2376 3664 2431 quam
3683 2360 3869 2415 volue—

2249 2448 2368 2512 rat,
2401 2443 2617 2497 dicitur
2648 2444 2887 2498 dedisse
2932 2461 3171 2514 operam
3203 2448 3703 2503 contradictionis.
3748 2448 3893 2527 Nam_

2248 2531 2506 2585 debitum
2537 2532 2854 2601 honorem,
2890 2549 3063 2603 quem
3105 2533 3351 2589 decebat
3391 2541 3697 2605 patronum
3724 2537 3865 2590 totius

2247 2618 2468 2687 Galliae,
2496 2620 2775 2675 exhibere
2806 2621 3107 2691 prohibuit
3156 2639 3187 2675 a
3232 2624 3467 2678 clericis
3499 2625 3686 2695 ipsius
3713 2639 3869 2694 quon-

2248 2707 2377 2761 dam
2412 2708 2728 2778 parochiae.
2750 2708 2938 2780 Cujus
2970 2712 3305 2765 venerando
3329 2715 3569 2782 corpori
3595 2712 3869 2783 exsequias

2248 2796 2620 2851 incessanter
2651 2798 2951 2853 celebrant
2979 2800 3198 2870 angeli,
3222 2799 3518 2871 cujusque
3551 2803 3732 2856 anima
3757 2816 3871 2871 gau-

2247 2884 2405 2938 dium
2438 2886 2706 2955 possidet
2737 2887 3018 2957 paradisi,
3054 2888 3212 2942 bunc
3241 2889 3603 2959 injuriando,
3630 2889 3770 2943 velut
3798 2886 3875 2941 sui

2246 2972 2521 3043 similem,
2539 2990 2719 3027 unum
2741 2990 2814 3028 ex
2837 2975 3052 3030 infimis
3086 2977 3433 3031 mortalibus
3452 2977 3732 3046 repellere
3752 2992 3870 3046 prae-

2247 3062 2501 3131 sumpsit
2528 3077 2561 3116 a
2592 3064 2722 3117 suis
2751 3064 3193 3133 conspectibus.

2848 3167 3310 3209 ADNOTATIONES.

2175 3204 2227 3266 Ο
2286 3219 2822 3294 ΔΑρριοθΙιεξιλςρίιιιθ
2850 3204 3355 3293 ’iﬁ‘sb’théEEii.
3406 3225 3663 3294 Lipsana
3690 3228 3872 3277 tantum

2246 3291 2548 3366 pluraliter
2578 3291 2923 3366 declinatur.
2962 3293 3190 3348 Nomen
3221 3299 3315 3350 est
3344 3291 3649 3366 quo-apud
3678 3311 3777 3350 nos
3806 3308 3874 3347 re.

2244 3362 2442 3431 liquide
2476 3363 2911 3433 signiﬁcantur.

2858 3470 3111 3526 CAPUT
3149 3471 3275 3526 XV.

2240 3565 2435 3621 Nobis
2482 3566 2821 3641 lugentibus
2863 3574 2920 3641 et
2964 3584 3092 3641 cum
3122 3568 3334 3641 papula
3372 3568 3876 3641 proclamantibus,

2307 3638 2595 3711 preterre
2634 3638 2955 3711 Spirensis
2998 3638 3311 3711 episcopus
3351 3638 3590 3711 glebam
3649 3648 3876 3696 nostram

2316 3706 2529 3783 cii'erri
2545 3706 2749 3783 jubel,
2786 3714 2841 3763 et
2882 3710 2958 3764 ad
2990 3706 3252 3783 ultimum
3284 3706 3409 3763 cum
3437 3714 3623 3783 gravi
3654 3724 3882 3783 merere

2315 3778 2493 3831 simul
2520 3778 2696 3833 etiam
2726 3796 2852 3833 cum
2876 3780 3073 3835 sancti
3105 3796 3361 3852 corpore
3383 3778 3561 3839 nabis
3590 3782 3754 3839 illine
3779 3782 3879 3836 dis-

2317 3865 2544 3903 cessum
2582 3857 2693 3905 est.

2313 3936 2660 3993 Continuato
2706 3954 2848 4011 ergo
2890 3940 3126 4010 planctu
3171 3942 3227 3995 et
3267 3927 3711 4013 lamentatione,
3750 3941 3881 4012 inju-

2246 4025 2460 4079 stitiam
2511 4026 2661 4079 hanc
2711 4027 3213 4096 proclamantibus
3255 4029 3314 4083 in
3359 4029 3532 4085 domo
3589 4032 3687 4086 Dei
3729 4029 3880 4085 Geni-

2242 4115 2427 4184 tricis,
2458 4115 2683 4168 missus
2716 4132 2747 4168 u
2779 4132 2919 4186 rege
2960 4116 3264 4186 Spirensis
3296 4118 3644 4190 episcopus,
3670 4133 3882 4174 causam

2239 4203 2484 4272 inquirit
2537 4203 3037 4272 proclamationis.
3084 4205 3302 4259 Paucis
3361 4222 3465 4275 pro
3526 4224 3593 4261 re
3651 4207 3879 4271 auditis,

2238 4291 2499 4361 nihilque
2550 4292 2693 4345 certi
2742 4293 2814 4345 ab
2861 4307 2931 4346 co
2991 4293 3260 4363 cognito,
3320 4310 3464 4361 nos,
3525 4296 3743 4366 quibus
3798 4308 3887 4364 pro

2237 4394 2404 4432 muro
2438 4384 2561 4433 erat
2593 4380 2824 4435 animus
2858 4380 3048 4434 fidens
3097 4382 3157 4435 in
3207 4382 3475 4452 Domino,
3514 4384 3886 4439 ascendentes

2238 4468 2511 4537 palatium
2554 4468 2625 4521 ad
2671 4485 2861 4538 usque
2905 4470 3113 4540 regias
3162 4471 3322 4525 fores
3368 4473 3773 4540 procedimus,
3802 4469 3886 4524 ubi

470 4556 627 4611 enim
659 4555 729 4605 dc
765 4552 857 4604 his
890 4552 1105 4621 quibus
1136 4567 1234 4604 res
1267 4558 1388 4606 erat
1419 4554 1475 4605 in
1508 4553 1686 4607 dubio
1719 4570 1785 4606 se
1811 4553 1973 4623 justo
2005 4555 2129 4609 fac-
2158 4549 2214 4613 D
2237 4557 2406 4625 pauci
2454 4557 2604 4611 intro
2651 4558 2898 4611 admissi
2949 4574 3081 4612 cum
3142 4559 3352 4613 baculo
3418 4562 3613 4614 nostri
3686 4557 3881 4615 domini

468 4647 664 4697 turum
698 4640 1068 4711 promiserat,
1095 4638 1147 4692 si
1180 4641 1493 4709 prmeeptis
1525 4645 1581 4693 et
1612 4642 1941 4713 privilegiis
1974 4660 2131 4713 prte-

469 4732 860 4786 deccssorum
892 4730 1099 4799 posset
1138 4726 1420 4781 infectum
1452 4728 1522 4780 iri
1554 4729 1708 4798 quod
1739 4729 1990 4801 fecerat,
2024 4732 2130 4786 sed

468 4821 528 4874 id
549 4821 763 4873 iterum
788 4818 1005 4871 frustra
1031 4815 1156 4869 fuit.
1178 4815 1327 4869 Nam
1347 4817 1538 4870 animo
1559 4818 1824 4887 episcopi
1842 4819 1990 4873 male
2014 4821 2127 4874 fixa

470 4910 759 4963 sententia
781 4907 1019 4961 minimc
1042 4904 1216 4958 avelli
1236 4904 1439 4974 potuit,
1463 4906 1575 4958 imo
1600 4905 1790 4974 ipsius
1824 4907 1987 4978 regis
2009 4911 2129 4962 aui-

469 5011 842 5067 mum,quem
863 4994 1227 5066 possidebat,
1250 4993 1407 5047 velut
1435 4994 1725 5065 quoddam
1752 4997 2125 5068 mancipium,

469 5099 651 5153 pravo
684 5086 920 5154 ingenio
952 5100 984 5137 a
1017 5083 1160 5137 recti
1189 5082 1478 5136 sententia
1510 5083 1768 5137 deduxit.
1839 5118 1851 5129 ο

542 5170 829 5225 Effecerat
868 5173 1115 5241 insuper
1157 5170 1309 5241 apud
1359 5170 1628 5224 eumdem
1674 5171 1744 5225 de
1788 5176 2002 5227 caetero
2046 5175 2124 5229 nil

468 5257 845 5329 profuturum
890 5260 1186 5330 ejusmodi
1246 5260 1580 5314 clamorem.
1625 5259 1788 5324 Quod
1842 5265 1901 5316 ut
1951 5264 2125 5318 nobis

469 5350 962 5415 compertum/est
1001 5349 1077 5402 ita
1123 5350 1426 5419 evenisse,
1473 5350 1666 5401 visum
1708 5353 1798 5404 cst
1830 5353 2126 5406 communi

468 5435 718 5489 consilio
738 5435 986 5490 fratrum
1009 5452 1225 5507 corpus
1240 5439 1469 5508 patroni
1491 5438 1682 5493 nostri
1708 5440 1967 5493 Remacli
1988 5440 2125 5495 illuc

467 5523 763 5593 deportari
792 5523 1033 5593 debere,
1060 5528 1138 5594 ut,
1164 5543 1232 5581 co
1264 5532 1579 5597 praesente,
1602 5527 1697 5582 vel
1729 5528 1817 5581 sic
1840 5543 2122 5598 compun-

465 5613 542 5667 cti
560 5614 1240 5667 vererenturadversarii
1259 5616 1475 5670 bonum
1491 5616 1625 5686 ejus
1642 5617 2122 5689 retinereJtaque

464 5702 535 5759 de
557 5701 737 5759 latum
756 5704 848 5758 est
864 5701 937 5758 ad
957 5702 1174 5775 locum,
1202 5702 1337 5777 ejus
1359 5706 1654 5778 quondam
1676 5706 1984 5780 dioecesin,
2008 5722 2124 5765 non

2236 4646 2444 4700 ﬂentes
2477 4662 2677 4699 coram
2719 4647 3082 4701 assistimus.
3140 4648 3267 4701 Rex
3308 4647 3457 4701 nihil
3498 4650 3596 4702 dat
3639 4646 3893 4718 rcSponsi

2238 4734 2454 4788 sedens
2506 4734 2664 4788 velut
2707 4738 2904 4788 mutus
2964 4739 3020 4788 et
3073 4736 3383 4803 attonitus,
3436 4737 3542 4790 sed
3591 4736 3728 4807 ejus
3775 4736 3887 4788 vice

2239 4838 2343 4891 pro
2388 4826 2524 4876 voto
2576 4823 2891 4892 respondet
2934 4823 3443 4893 archiepiscopus,
3486 4826 3567 4879 nil
3618 4825 3888 4896 injustum

2238 4910 2428 4964 dando
2460 4912 2761 4980 proprium
2793 4911 3014 4965 fecisse
3043 4912 3340 4967 dominum
3373 4917 3668 4982 nostrum,
3699 4929 3802 4969 nec
3831 4926 3888 4964 se

2238 4998 2573 5067 recipiendo
2632 5000 2951 5071 quidquam
3008 5016 3295 5070 peccasse
3346 5001 3403 5054 in
3451 5005 3724 5056 sanctum
3778 5014 3884 5054 no-

2237 5090 2458 5151 strum;
2493 5087 2710 5157 quibus
2739 5088 3237 5158 respondentibus
3268 5089 3381 5143 hoc
3413 5105 3596 5159 posse
3631 5088 3888 5144 animad-

2235 5174 2383 5229 verti
2405 5191 2475 5228 ex
2498 5177 2812 5246 praeceptis
2836 5182 2893 5231 et
2912 5177 3243 5248 privilegiis
3266 5176 3582 5248 majorum,
3601 5179 3657 5233 si
3680 5178 3887 5231 licitum

2236 5264 2448 5317 fuisset
2481 5265 2536 5317 id
2568 5265 2722 5331 ﬁeri,
2773 5265 3011 5319 dilatum
3057 5270 3149 5320 est
3196 5266 3253 5319 in
3303 5268 3629 5323 crastinum
3662 5267 3719 5320 id
3751 5265 3886 5318 dili—

2233 5355 2442 5424 genter
2474 5353 2817 5407 examinari.

2305 5440 2544 5510 Populis
2574 5443 2796 5511 autem,
2843 5442 3060 5513 quibus
3101 5441 3410 5497 videbatur
3453 5442 3533 5497 nil
3574 5444 3729 5497 satis
3762 5456 3888 5497 esse

2232 5530 2468 5598 factum,
2511 5530 2703 5584 adhuc
2748 5530 3269 5600 proclamantibus,
3318 5531 3573 5601 desuper
3622 5533 3888 5602 proterve

2229 5618 2505 5673 inclamat
2526 5618 2621 5673 ille
2645 5619 2950 5689 Spirensis
2982 5619 3335 5691 episcopus:
3363 5619 3576 5675 Efferte
3611 5619 3772 5688 hinc,
3796 5619 3886 5685 ait,

2229 5706 2464 5782 glebam
2495 5710 2775 5781 vestram,
2796 5724 2929 5765 eum
2958 5708 3314 5787 importunis
3337 5707 3722 5779 clamoribus,
3746 5720 3886 5787 quos
