4058 6182
192 386 272 450 305
1086 390 1595 458 TRIUMPHUS
1636 395 1702 457 S.
1738 396 2128 463 SEMACLI.
2166 437 2241 450 —
2274 404 2432 467 LIB.
2470 407 2515 467 Ι.

3322 482 3441 558 306

193 587 398 640 indecens
414 582 928 651 estpatidominum
942 603 1137 642 meum
1160 607 1293 644 cum
1313 593 1441 647 suis
1458 590 1752 650 fidelibus.
1786 580 1845 644 λ
1873 599 2090 654 mitatis
2120 603 2531 672 apprehensus
2554 610 2824 663 molestia
2857 615 3248 685 cruciabatur;
3266 633 3319 671 c1

197 674 304 738 Quod
328 671 511 725 infame
538 671 754 726 dictum
787 676 1051 745 graviter
1077 678 1314 748 quidem
1344 680 1605 752 tulimus,
1648 683 1755 739 sed

191 760 492 832 persuadente
519 759 834 817 Godefrido
865 764 1036 834 duce,
1068 782 1142 820 ne
1185 769 1323 838 quid
1357 771 1490 823 mali
1538 772 1597 825 in
1643 787 1753 827 nos

190 849 273 903 ﬁeri
288 851 393 918 post
411 848 750 918 doleremus,
787 851 845 905 in
864 854 1178 909 ecclesiam
1209 855 1439 912 Sanctae
1460 858 1755 932 Aldegun-

186 939 259 1004 dis,
273 953 376 1007 quae
402 938 572 992 nostri
596 938 754 1008 juris
773 942 917 1011 erat,
936 958 1171 997 sacrum
1192 960 1407 1016 corpus
1428 948 1751 1003 observan-

186 1028 277 1079 dum
292 1024 587 1079 detulimus.

227 1116 279 1167 At
304 1113 381 1167 ille
405 1113 764 1169 Coloniensis
805 1119 1032 1172 veritus
1063 1124 1270 1189 posset
1300 1125 1570 1193 superari
1591 1141 1749 1194 prae-

182 1204 309 1255 missa
332 1203 769 1270 auctoritate,vel
788 1206 959 1260 etiam
975 1207 1158 1277 jussu
1177 1211 1361 1281 regio,
1389 1213 1750 1284 tergiversa-

182 1293 334 1344 tionem
362 1291 889 1359 faciens,‘,festimus
911 1296 1030 1357 abit
1047 1311 1118 1350 ex
1140 1297 1378 1367 palatio,
1404 1299 1537 1353 duci
1555 1300 1749 1356 Gode-

185 1379 286 1431 frido
310 1379 648 1433 committens
677 1381 843 1435 vices
877 1398 1019 1437 suas
1043 1400 1150 1453 pro
1176 1401 1241 1440 se
1267 1388 1411 1441 satis
1430 1404 1608 1459 agere
1639 1406 1745 1446 su-

178 1480 251 1535 per
264 1466 368 1536 ejus
388 1466 509 1519 ﬁdei
537 1474 928 1525 sacramento.

221 1556 416 1608 Postero
462 1571 649 1624 mane,
696 1558 855 1611 velut
880 1558 1001 1628 jam
1034 1561 1129 1615 tisi
1177 1577 1245 1615 eo
1286 1563 1548 1631 potiundi
1590 1566 1746 1636 quod

175 1639 480 1711 differebatur,
504 1645 778 1712 palatium
802 1648 1144 1719 repetimus,
1181 1666 1316 1703 nam
1348 1667 1484 1706 sero
1515 1653 1586 1707 ad
1615 1653 1744 1708 bal-

174 1746 271 1782 neas
294 1746 398 1799 rex,
429 1747 526 1799 pro
556 1734 777 1803 quibus
802 1735 1130 1805 petebatur,
1152 1741 1344 1793 omnia
1376 1756 1442 1794 se
1458 1739 1749 1796 facturum

176 1822 261 1870 erat
281 1819 559 1890 pollicitus,
596 1823 703 1875 sed
735 1823 902 1878 nefas
931 1824 1016 1878 illi
1039 1826 1232 1897 fuerit,
1257 1844 1363 1898 pro
1394 1844 1509 1900 quo
1535 1846 1645 1885 nos
1662 1831 1747 1885 fe-

179 1906 345 1960 fellisse
372 1908 625 1963 criminis
665 1913 954 1983 arguitur.

219 1994 392 2049 Ducem
433 1992 809 2053 Godefridum
850 2001 1050 2055 multis
1079 2019 1438 2075 aggressum
1471 2007 1750 2077 precibus

168 2083 519 2149 prolocutorem
533 2088 723 2141 nostri
754 2103 821 2142 se
853 2090 1288 2160 pollicitantem,
1314 2093 1385 2147 ad
1409 2094 1572 2148 illum
1596 2111 1749 2165 pra:-

172 2171 402 2226 mittimus.
430 2174 489 2226 In
520 2190 591 2228 eo
624 2177 752 2228 solo
771 2192 885 2230 una
910 2179 1169 2232 omnium
1199 2181 1488 2248 pendebat
1509 2184 1745 2255 fiducia,

170 2260 291 2327 quasi
325 2275 389 2314 ex
413 2262 599 2316 animo
657 2264 831 2318 nobis
872 2268 1011 2319 tunc
1038 2267 1280 2323 adesset
1327 2271 1597 2338 impensa
1654 2273 1750 2327 sui

164 2361 306 2413 opera.
324 2347 423 2402 Sed
454 2364 634 2405 secus
662 2351 718 2404 id
749 2355 1047 2421 processit
1077 2372 1252 2426 quam
1283 2358 1353 2411 de
1385 2358 1487 2412 illo
1518 2375 1550 2412 a
1574 2361 1747 2415 nobis

165 2436 275 2488 credi
301 2436 495 2492 debuit.
520 2439 607 2493 Eo
638 2440 792 2493 enim
825 2442 886 2495 in
913 2446 1177 2513 tempore
1213 2460 1418 2499 omnes
1449 2447 1744 2502 interdum

162 2524 386 2593 principes
414 2532 776 2596 eXpetentes,
807 2533 865 2583 et
908 2530 1148 2601 judices
1178 2534 1359 2588 verba
1392 2536 1462 2587 ad
1497 2537 1746 2606 gratiam

162 2609 395 2680 loquentes
419 2617 917 2683 promissionibus
937 2621 1171 2675 omnino
1203 2623 1376 2676 fidem
1403 2640 1519 2677 non
1543 2624 1744 2679 facere

166 2702 283 2767 quasi
306 2705 552 2772 quaedam
588 2706 890 2760 invaserat
919 2709 1104 2763 tabes.
1142 2711 1423 2765 Recitatis
1454 2728 1598 2784 ergo
1630 2714 1744 2766 im—

162 2791 523 2853 pmsentiarum
544 2796 864 2864 praeceptis
888 2796 1303 2866 imperatorum
1320 2800 1632 2872 ipsiusque
1650 2818 1748 2873 ge-

160 2875 321 2945 nitoris,
350 2895 457 2934 non
487 2881 595 2935 fuit
627 2883 947 2954 quidquam
983 2887 1393 2941 contradicere
1427 2888 1610 2943 obniti
1634 2905 1743 2944 vo-

161 2960 348 3020 lentibus
373 2969 753 3024 adversariis.

203 3052 314 3107 Dum
331 3071 462 3128 ergo
475 3058 532 3112 id
551 3064 723 3113 esset
753 3074 821 3113 eo
840 3061 1171 3132 deductam,
1206 3062 1460 3118 dictante
1487 3064 1738 3137 justitia,

159 3143 198 3190 ut
218 3148 340 3197 recte
359 3144 544 3200 facere
578 3151 898 3217 cogeretur
926 3153 1387 3206 rexauctoritate
1409 3155 1625 3208 suimet
1654 3159 1741 3209 at-

156 3242 232 3295 que
254 3236 479 3302 paterna,
515 3236 641 3288 dux
670 3238 979 3305 intercepit
1012 3239 1326 3293 consilium
1370 3241 1737 3312 hujusmodi,

158 3313 304 3401 dicens
327 3334 385 3373 se
428 3322 559 3375 ﬁdei
618 3325 804 3394 gratia
855 3326 1016 3380 nullo
1067 3328 1238 3381 modo
1292 3344 1471 3398 posse
1515 3333 1739 3401 perpeti

157 3399 323 3458 domino
337 3421 451 3462 suo‘
467 3411 704 3465 absenti
722 3413 838 3465 vim
858 3412 1035 3467 ullam
1058 3416 1207 3485 ﬁeri,
1245 3418 1332 3470 sic
1362 3399 1739 3473 induciis—ac-

158 3494 288 3558 captis
316 3496 402 3549 ubi
422 3498 666 3553 adesset
696 3500 1093 3570 episcopusin
1122 3504 1292 3558 aliam
1325 3507 1567 3561 curiam.
1598 3508 1738 3562 Dies

155 3575 232 3641 illa,
250 3581 494 3639 frustrata
515 3588 778 3641 omnium
812 3606 939 3659 spe,
967 3592 1140 3645 nobis
1158 3593 1396 3647 adauxit
1416 3594 1734 3649 tristitiam.

153 3663 332 3723 Videres
352 3672 549 3728 iterum
568 3692 706 3729 cum
738 3682 942 3731 sancto
967 3692 1215 3749 corpore
1235 3682 1525 3737 clamores
1544 3685 1738 3737 ﬂetus-

156 3767 229 3819 que
261 3759 384 3812 tales
406 3763 551 3831 ﬁeri,
593 3765 870 3833 qualibus
892 3770 1233 3835 putaremus
1266 3771 1336 3823 ab
1371 3772 1499 3840 ipso
1524 3770 1736 3826 throno

153 3840 400 3902 divinitatis
430 3852 623 3920 ipsam
654 3854 1122 3909 misericordiam
1155 3859 1427 3928 compati,
1462 3860 1577 3912 nisi
1611 3875 1739 3929 pec-

154 3932 253 3983 catis
276 3937 636 4007 exigentibus
664 3944 949 4011 compleri
980 3944 1281 3999 videretur
1309 3947 1407 4000 illa
1436 3948 1737 4017 prophetm

152 4020 430 4096 vaticinatio,
461 4031 788 4100 oppositam
802 4046 938 4086 esse
956 4032 1167 4087 nubem
1192 4049 1265 4088 ne
1288 4041 1492 4089 nostra
1519 4038 1736 4091 transi-

155 4114 214 4157 ret
236 4113 654 4183 oratio(T/2ren.
691 4121 796 4187 Ill).
821 4118 935 4173 Sed
955 4121 1249 4175 tribulatis
1274 4122 1452 4178 corde
1476 4125 1737 4180 nondum

152 4204 322 4253 venerat
336 4205 556 4274 tempus
582 4206 928 4276 miserandi,
964 4211 1385 4266 reservabatur
1398 4213 1554 4266 enim
1568 4228 1640 4267 ex
1656 4214 1736 4268 di-

152 4282 241 4372 ﬁc:
263 4291 599 4353 providentia
627 4299 894 4364 tempore
917 4299 1283 4366 Oportuniori
1304 4300 1492 4372 major
1509 4301 1732 4372 gloriﬁ-

154 4370 253 4425 ειεἱο
277 4378 630 4436 confessoris
652 4382 898 4437 Christi.
931 4385 1043 4448 Qui
1091 4386 1356 4441 viderant
1386 4370 1496 4442 nos
1520 4370 1735 4444 venire

155 4470 243 4511 tum
264 4466 490 4538 tristitia,
524 4458 1114 4528 dolebauttristiores
1147 4476 1340 4530 redire
1372 4476 1444 4530 ad
1472 4479 1733 4548 propria,

156 4558 243 4600 tum
259 4551 594 4612 adversariis
617 4562 847 4615 nostris
876 4576 947 4614 ex
968 4566 1103 4617 voto
1122 4565 1353 4617 veniret
1373 4564 1588 4620 laetitia.
1630 4566 1735 4620 Ve-

1872 687 1946 741 bo
1977 688 2375 747 invalescento
2409 695 2465 747 in
2505 700 2929 754 secretioribus
2960 702 3108 756 locis
3148 704 3399 759 natura!“

1872 776 2107 848 singula
2128 788 2417 837 momenta
2436 785 2720 841 clamabat
2744 791 3059 843 exanimari
3082 792 3256 845 nimia
3278 799 3395 861 pre‘.

1872 864 2091 920 doloris
2112 872 2452 939 gravedine.
2488 874 2850 947 Suggestum
2883 882 3015 932 esta
3040 879 3313 934 ﬁdelibus
3347 882 3419 935 ob

1865 952 2153 1023 justitiam
2193 957 2259 1013 S.
2310 961 2586 1017 Remaclo
2617 964 2834 1019 illatam
2864 968 2921 1021 id
2954 969 3035 1021 illi
3091 985 3206 1023 non
3241 971 3464 1024 immeri

1873 1044 2218 1116 contigisse,
2265 1049 2516 1103 divinam
2543 1055 2971 1121 providentiam
3017 1058 3110 1111 sui
3157 1058 3506 1113 confessori.

1870 1129 2143 1201 injuriam
2169 1136 2375 1191 ulcisci
2406 1139 2461 1191 in
2496 1156 2565 1194 eo
2589 1143 2876 1211 coepisse;
2918 1161 3092 1214 porro
3126 1147 3179 1199 si
3210 1147 3385 1201 vellet
3414 1148 3528 1203 hoc

1868 1222 2117 1276 evadere
2143 1224 2453 1297 judicium,
2487 1231 2641 1299 quod
2675 1232 2896 1303 injuste
2929 1236 3523 1292 subtraxeratsancto

1868 1309 2114 1364 reddere
2146 1330 2262 1367 non
2294 1315 2518 1371 differet
2549 1319 2680 1389 ejus
2706 1320 3158 1378 liaereditarium.
3195 1324 3315 1393 Ille,
3349 1328 3409 1379 ut
3442 1327 3528 1379 Iu-

1867 1396 2035 1465 bens,
2072 1402 2175 1453 sed
2194 1405 2387 1457 tamen
2419 1407 2696 1460 astrictus
2728 1410 3102 1464 necessitatis
3132 1412 3399 1481 articulo,
3426 1414 3526 1467 ad-

1869 1483 2069 1539 hibitis
2102 1489 2562 1560 fidejussoribus
2611 1497 2951 1567 Maguntino
2984 1504 3038 1553 et
3089 1499 3524 1557 Frideslarensi

1868 1576 2190 1648 episcopis,
2211 1596 2278 1634 ac
2296 1582 2443 1636 duce
2476 1583 2823 1653 Engilberto
2842 1588 3061 1641 bonum
3083 1589 3194 1642 hoc
3218 1590 3523 1645 committit

1865 1679 2070 1720 eorum
2104 1668 2237 1723 fidei
2272 1679 2659 1743 sacramento,
2693 1678 2754 1728 ut
2784 1677 2919 1729 item
2951 1692 3020 1730 eo
3050 1682 3286 1748 recepto
3317 1679 3389 1733 ab
3415 1680 3523 1732 Ar-

1865 1753 2219 1823 chipraesule
2251 1760 2348 1828 qui
2381 1762 2518 1814 tunc
2550 1762 2751 1817 aberat
2780 1780 2955 1818 manu
2986 1765 3122 1819 fidei
3152 1770 3354 1821 sancto
3387 1783 3520 1822 res-

1862 1846 2155 1915 tituerent,
2193 1849 2288 1901 cui
2318 1850 2704 1906 abstraxerat.

1779 1948 1831 2010 Β
1933 1933 2457 1991 Evocaturiterum
2490 1940 2763 1994 dominus
2788 1942 3059 1997 abbasad
3091 1944 3337 2013 curiam;
3371 1943 3520 1999 ﬁde-

1855 2023 2136 2094 jussores
2168 2025 2648 2082 deliberationem
2685 2030 2816 2083 fidei
2845 2046 3054 2085 manus
3085 2047 3211 2085 sure
3227 2031 3349 2086 fieri
3371 2032 3508 2086 dant

1861 2128 2118 2179 operam;
2140 2115 2245 2168 sed
2270 2115 2758 2186 archiepiscopus
2782 2118 2940 2172 scire
2966 2124 3198 2174 recusat
3220 2120 3401 2191 hujus
3423 2121 3521 2175 de-

1860 2200 2224 2256 liberationis
2256 2206 2703 2259 conventionem
2735 2206 3012 2275 habitam,
3036 2208 3152 2261 illis
3175 2209 3428 2280 aliisque
3454 2209 3521 2263 fi-

1861 2288 2093 2343 delibus
2131 2291 2451 2345 nitentibus
2485 2309 2616 2346 eum
2646 2294 2759 2347 hoc
2809 2296 2981 2349 modo
3014 2296 3370 2363 persuadere
3402 2313 3521 2351 non

1860 2378 1990 2431 sine
2014 2378 2113 2431 Dei
2143 2378 2439 2449 judicioid
2470 2387 2661 2435 actum
2688 2382 2895 2452 fuisse,
2920 2387 3035 2437 tam
3060 2384 3296 2438 salubre
3316 2376 3519 2439 conSi-

1857 2467 1999 2520 lium
2030 2484 2147 2521 non
2179 2468 2345 2521 renui
2386 2469 2622 2537 debere,
2657 2487 2773 2540 quo
2804 2473 3127 2525 remedium
3165 2472 3507 2543 sanitasque

1858 2555 2094 2610 domino
2122 2572 2231 2610 suo
2252 2556 2550 2610 videretur
2575 2559 2943 2626 pervenisse.
2983 2559 3083 2613 Ille
3114 2561 3399 2631 utanguis
3420 2560 3517 2615 lu-

1854 2644 2057 2697 bricus
2072 2645 2142 2697 ad
2155 2645 2411 2699 latebras
2430 2647 2630 2710 tendit,
2658 2652 3088 2719 perspectoque
3107 2649 3265 2704 aditu
3282 2665 3399 2718 quo
3416 2650 3516 2702 tri-

1854 2732 2054 2802 lingue
2069 2736 2240 2802 caput
2269 2733 2489 2801 efferat,
2526 2736 2794 2791 inducias
2820 2739 2978 2806 petit.
3007 2738 3154 2792 Nam
3179 2737 3515 2808 quaInescio

1857 2820 2352 2876 conditioneinter
2382 2839 2449 2877 se
2473 2823 2666 2878 habita
2691 2825 2770 2878 nil
2806 2830 2929 2880 erat
2952 2831 3065 2880 tam
3088 2826 3328 2880 difficile
3354 2826 3515 2896 quod

1856 2908 1939 2961 illi
1972 2910 2212 2965 auderet
2242 2928 2368 2979 rex,
2399 2910 2534 2967 licet
2571 2912 2792 2982 jurato,
2827 2906 3120 2969 'abnuere.
3164 2914 3263 2968 Sic
3300 2918 3355 2968 et
3402 2914 3512 2968 hac

1854 2998 1985 3051 vice
2029 2998 2099 3051 ad
2140 3000 2470 3070 augendam
2529 3005 2865 3075 nostrorum
2918 3004 3176 3057 omnium
3217 3002 3518 3056 miseriam

1857 3085 2188 3140 obiirmavit
2217 3088 2314 3141 ille
2342 3089 2402 3141 in
2424 3105 2534 3142 nos
2567 3091 2657 3143 sui
2676 3092 3087 3144 constantiam.

1926 3174 2155 3228 Etenim
2190 3192 2305 3228 non
2327 3177 2506 3230 multo
2540 3181 2673 3246 post
2701 3182 2960 3246 tempore
2993 3179 3268 3233 visitatur
3298 3182 3353 3232 et
3374 3179 3509 3247 ipse

1769 3284 1823 3360 Ο
1854 3262 2025 3334 plaga
2065 3280 2181 3316 non
2213 3264 2486 3317 dissimili
2522 3267 2579 3318 in
2610 3266 3032 3321 occultioribus
3070 3269 3210 3323 item
3259 3270 3506 3321 naturae.

1854 3352 2263 3421 Torquebatur
2302 3369 2463 3425 aeger
2491 3370 2605 3407 non
2638 3354 2925 3410 immerito
2956 3357 3179 3409 doloris
3211 3355 3507 3426 angustia,

1854 3441 1960 3495 sed
1990 3441 2236 3495 durabat
2266 3442 2458 3495 animo
2492 3444 2638 3496 male
2661 3442 2777 3497 fixa
2817 3444 3396 3515 sententia.Cumque
3439 3446 3510 3498 de

1853 3531 1969 3581 vita
2008 3530 2361 3599 desperatus
2394 3530 2465 3584 de
2500 3546 2559 3583 re
2592 3536 2794 3585 nostra
2826 3536 3166 3586 moneretur
3196 3534 3268 3586 ab
3300 3532 3510 3587 amicis

1852 3617 2005 3683 (nam
2031 3623 2085 3671 et
2107 3618 2256 3672 falso
2274 3618 2647 3689 rumorejam
2673 3620 2932 3673 auditum
2963 3624 3085 3675 erat
3107 3621 3260 3690 apud
3292 3637 3404 3675 nos
3438 3622 3510 3676 de

1853 3707 1986 3777 ejus
2010 3708 2336 3777 excequiis)
2359 3708 2574 3762 dicitur
2602 3708 2896 3779 pollicitus
2916 3710 3105 3766 fuisse
3138 3727 3203 3764 se
3222 3711 3509 3764 facturum

1853 3813 2023 3850 omne
2056 3797 2211 3866 quod
2238 3796 2467 3866 justum
2487 3800 2610 3850 erat
2641 3797 2768 3850 ﬁeri
2802 3799 2873 3852 de
2904 3799 3057 3852 bono
3081 3795 3352 3852 videlicet
3368 3814 3507 3852 con—

1854 3885 2106 3938 fessoris
2125 3885 2364 3938 (lhristi.
2385 3884 2500 3939 Sed
2529 3886 2823 3956 quomodo
2847 3889 3198 3956 sperabatur
3214 3887 3286 3940 ad
3304 3888 3510 3941 volun-

1850 3975 2024 4026 tatem
2049 3973 2180 4043 ejus
2213 3974 2269 4027 id
2300 3990 2482 4043 posse
2513 3974 2662 4036 fieri;
2686 3990 2800 4029 non
2830 3975 2906 4028 ita
2928 3975 3280 4045 dispositum
3296 3978 3420 4029 erat
3439 3991 3511 4030 ex

1851 4062 2137 4116 sententia
2167 4062 2477 4131 Altissimi,
2511 4063 2609 4132 qui
2640 4064 2768 4117 sine
2790 4062 2888 4116 illo
2922 4063 3245 4117 mirabilius
3262 4063 3509 4119 idhabe-

1847 4150 1945 4204 bat
1978 4150 2227 4219 Operari.

2407 4236 2692 4299 CAPUT
2722 4238 2941 4298 ~XVII.

1844 4371 2312 4442 ArchiepiseOpo
2341 4370 2716 4442 Trevirorum
2750 4371 3045 4440 defuncto,
3079 4372 3141 4425 iu
3154 4375 3363 4425 ventus
3378 4387 3505 4426 cum

1920 4442 2022 4496 illo
2069 4441 2486 4513 quem’invitus
2512 4441 2928 4513 supstituerat,
2979 4444 3154 4513 Anno
3194 4444 3371 4497 etiam
3402 4442 3507 4497 ille

1914 4511 2124 4584 proter
2136 4530 2238 4565 vus
2251 4514 2558 4583 episcollus
2571 4511 2901 4584 Spirensis,
2916 4512 3069 4568 velut
3086 4514 3251 4568 canis
3267 4514 3501 4568 immun-

1919 4584 2029 4638 dus
2051 4583 2446 4654 colaphisatus
2473 4583 2916 4639 cumidedecore
2944 4584 3325 4656 propellitur.

153 4633 645 4742 {eblamnrprazterea
658 4648 1498 4723 velutinquietandoinjuriam
1515 4655 1734 4709 fecisse
1757 4638 1813 4705 Β
1919 4633 2422 4741 Ανοιιίοῐξίερορυε
2440 4668 2817 4726 Trevirorum
2846 4633 3090 4742 obigmf’
3111 4675 3239 4742 ipse
3272 4687 3505 4742 Ριυωρο-

157 4724 264 4777 tanto
278 4743 415 4785 sacer
429 4733 569 4803 doti,
587 4750 661 4789 ne
684 4735 833 4790 forte
846 4742 1088 4807 propter
1099 4754 1210 4793 nos
1241 4742 1314 4793 ab
1326 4740 1385 4794 in
1388 4742 1570 4810 justis
1588 4758 1736 4796 mor-

156 4809 305 4868 talibus
329 4819 384 4872 in
409 4825 805 4892 contemptum
836 4827 1106 4894 veniens,
1138 4830 1296 4881 tanto
1314 4809 1553 4885 habitus
1570 4835 1736 4885 esset

157 4899 390 4968 neglectui.
433 4909 549 4965 Sed
579 4911 755 4981 impie
788 4926 965 4985 agere
998 4915 1055 4967 in
1103 4916 1309 4971 electis
1343 4918 1449 4974 Dei
1492 4920 1729 4989 impune

149 4999 230 5039 non
252 4993 396 5062 cedit,
441 5002 501 5050 ut
535 5014 801 5070 sequens
831 5005 1066 5071 tempus
1096 5004 1270 5058 etiam
1299 5006 1355 5058 in
1388 5006 1501 5061 hoc
1531 5008 1731 5062 deela-

158 5075 273 5129 mit.

658 5176 944 5240 CAPUT
968 5179 1138 5243 XVI.

160 5288 398 5383 Héxgrari
414 5306 762 5383 inﬁrmitate
792 5314 1217 5383 apprehensus,
1239 5321 1444 5372 saneto
1464 5317 1730 5372 redditu-

203 5382 512 5459 :Jai-cancta
547 5381 907 5459 pollicetur}
945 5384 1153 5439 itidem
1206 5385 1410 5459 dolore
1446 5396 1735 5459 gravatus

202 5449 451 5527 ςξηεωρσε
476 5448 641 5516 facit,
660 5453 769 5506 sed
782 5458 911 5523 post
928 5470 1134 5525 parum
1148 5456 1445 5527 procedit.

206 5520 415 5585 Necdum
442 5552 633 5591 annus
668 5540 727 5593 in
757 5554 824 5594 se
837 5544 1141 5597 revolutus
1154 5546 1490 5614 transierat,
1513 5563 1645 5601 cum
1662 5549 1732 5602 de

161 5604 487 5705 judicium
523 5626 631 5680 Dei
674 5629 887 5699 agitari
922 5630 1048 5699 jam
1082 5637 1364 5703 coeperat.
1400 5604 1526 5689 Rex
1579 5637 1733 5705 apud

162 5691 518 5767 Frideslarense
544 5691 821 5785 oppidum
844 5691 1201 5788 morabatur:
1220 5722 1319 5776 ubi
1352 5724 1555 5794 gravis
1570 5691 1729 5779 inﬁr-

1850 4760 2027 4814 situm
2060 4776 2233 4814 suum
2264 4760 2395 4831 ejus
2438 4760 2569 4815 loco
2611 4762 3018 4817 substituerat.
3054 4763 3166 4816 Pro
3199 4777 3313 4832 qua
3345 4776 3410 4815 re
3472 4778 3504 4815 a

1849 4849 2305 4903 Trevirensibus
2331 4848 2529 4918 justas
2564 4850 2681 4903 odii
2715 4864 2928 4904 causas
2960 4850 3076 4905 sibi
3106 4851 3500 4920 consciverat,

1848 4938 1983 5009 quia
2007 4941 2205 5008 spreta
2235 4953 2438 4992 eorum
2470 4937 2753 4993 electione
2772 4955 2939 4993 suam
2961 4939 3160 4992 invitis
3190 4952 3509 5008 proposue-

1848 5031 1955 5081 rat.
2624 5089 2628 5093 .

1918 5114 2273 5170 Jubeturille
2285 5115 2701 5185 magniloquus
2715 5115 3017 5184 Spirensis
3035 5116 3357 5186 episcopus
3372 5131 3504 5172 con-

1848 5204 2086 5258 ductum
2117 5204 2391 5273 praebere
2449 5220 2601 5258 novo
2635 5204 3064 5275 archipraesuli,
3099 5208 3161 5259 ut
3203 5206 3300 5260 ille
3331 5205 3507 5260 etiam

1847 5291 2045 5345 divino
2077 5293 2244 5345 actus
2268 5292 2495 5362 judicio
2536 5291 2759 5346 crimen
2780 5292 3035 5348 infamiae
3058 5294 3428 5364 experiretur
3443 5296 3505 5350 in

1848 5396 1913 5434 se
1948 5380 2252 5434 vindicari.
2288 5380 2531 5434 Devenit
2565 5380 2621 5433 in
2652 5380 2850 5434 villam
2881 5382 3363 5455 Biettemburghe
3387 5398 3506 5439 non

1846 5484 2065 5538 parvus
2080 5473 2459 5539 utrorumque
2491 5470 2901 5539 episcoporum
2935 5474 3264 5541 comitatus,
3289 5472 3506 5543 quibus

1845 5563 1971 5611 erat
1989 5558 2218 5610 abunde
2234 5557 2682 5625 supellectilium
2699 5559 2980 5626 copiosus
2999 5561 3508 5631 apparatus.Cum-

1845 5662 1958 5715 que
2012 5646 2325 5700 dormitum
2367 5649 2547 5715 esset,
2583 5663 2723 5702 ecce
2772 5648 3094 5705 advocatus
3126 5650 3506 5705 Trevirorum

1845 5734 2248 5791 Theodericus
2279 5750 2477 5790 comes
2502 5751 2635 5792 cum
2665 5737 2864 5792 hostili
2887 5750 3065 5795 manu
3086 5739 3274 5803 irruit,
3309 5740 3506 5823 omnia
