4086 6180
487 388 604 452 307

1407 374 1891 439 GODEFREDI
1937 372 2515 436 STABULENSIS
2563 371 2985 437 MONACHI.

3784 375 3909 438 308

491 595 683 647 vastat
705 589 757 639 et
788 586 1001 655 diripit,
1034 584 1229 653 ipsum
1267 580 1551 635 novitium
1598 579 1935 649 pontiﬁcem
1965 560 2213 631 inhu-K
2244 574 2481 629 vinculo
2511 574 2723 629 debita
2747 575 3052 629 servitutis
3087 575 3723 648 astringerentur,totis
3749 579 3907 633 nisi-

418 712 429 723 .
470 675 656 739 “mane
681 676 941 726 tractans
975 673 1032 725 in
1054 671 1285 724 vincula
1317 670 1576 740 conjicit,
1610 667 1913 737 Spirensis
1945 669 2138 720 autem

501 773 804 840 episcopus
827 762 886 814 in
917 760 1230 813 ecclesiam
1271 775 1449 813 secus
1483 758 1660 812 altare
1694 773 1759 810 se
1791 755 2140 825 praeripiens

499 854 808 919 delituerat,
830 852 949 920 qui,
988 849 1313 919 rcquisitus
1337 849 1751 915 inventusque,
1786 861 1901 899 non
1933 844 2141 898 imme-

496 946 631 1000 ritas
663 939 841 993 solvit
871 954 1095 1008 pmnas,
1132 938 1205 991 ob
1229 935 1698 989 vicissitudinem
1732 950 1905 1004 quam
1938 936 2142 986 sancto

488 1031 851 1098 irrogaverat
891 1027 1029 1079 dum
1062 1026 1297 1095 glebam
1347 1029 1608 1078 nostram
1658 1022 1852 1077 efferri
1882 1022 2142 1075 tumidus

476 1118 958 1187 proclamaverat.
977 1116 1124 1166 Nam
1140 1114 1536 1182 colaphizatus
1559 1116 1613 1166 et
1629 1111 1952 1181 propulsus
1966 1126 1998 1163 a
2012 1125 2141 1163 san-

479 1207 723 1274 ctuario,
766 1206 926 1257 velut
958 1203 1121 1256 canis
1152 1202 1490 1255 immundus
1559 1200 1941 1268 abstrahitur,
1977 1202 2031 1252 et
2079 1203 2141 1252 ut

479 1296 603 1347 erat
632 1295 887 1347 intectus
911 1292 1209 1361 nudisque
1238 1291 1512 1359 pedibus,
1544 1289 1928 1359 vilijumento
1951 1288 2141 1356 impo-

480 1383 652 1449 situs,
702 1383 790 1434 sic
811 1382 881 1433 ad
917 1397 1022 1432 sua
1051 1379 1244 1432 redire
1277 1378 1634 1447 praecipitur.
1671 1378 1794 1430 Nec
1817 1381 2006 1430 tamen
2029 1377 2144 1429 ista

480 1471 781 1524 sufﬁciunt
800 1468 1178 1539 ejusjudicio
1210 1468 1310 1537 qui
1332 1483 1438 1536 per
1457 1467 1805 1535 prophetam
1834 1465 2092 1534 loquitur
2130 1481 2141 1518 :

474 1560 631 1614 ΜΗιί
670 1559 950 1624 vindicta,
990 1563 1196 1611 clama
1230 1562 1347 1609 erit
1369 1555 1693 1609 retributio
1714 1554 1911 1622 (Deut.
1937 1570 2099 1607 xxxii
2123 1572 2141 1618 ,-

474 1650 780 1715 Rom.xn).
804 1647 1066 1715 Denique
1097 1661 1202 1713 pro
1236 1646 1332 1697 his
1355 1661 1486 1713 quae
1506 1644 1617 1696 sibi
1643 1659 1760 1697 non
1792 1659 1865 1697 ex
1895 1647 2140 1696 senten-

476 1738 553 1790 tia
568 1735 1117 1806 obtigerantdolore
1150 1737 1205 1786 et
1234 1734 1469 1786 tristitia
1491 1733 1799 1785 confectus
1821 1731 2142 1803 plurimum

474 1826 593 1878 vita
625 1824 886 1878 excessit
914 1823 1064 1876 infra
1097 1821 1255 1875 illius
1287 1821 1423 1874 anni
1454 1821 1835 1874 curriculum'
1884 1819 2033 1883 Quid
2056 1819 2142 1874 illi

2241 664 2356 718 bus
2390 664 2714 717 elaborare.
2742 664 2891 717 Nam
2912 665 3067 733 pudo
3099 668 3221 718 crat
3251 680 3357 720 eos
3380 665 3514 734 dici,
3538 667 3694 736 quod
3710 669 3911 722 tamen

2241 752 2615 807 difﬁterinon
2632 755 2919 821 poterant,
2941 767 3155 808 servos
3186 754 3378 808 sancti
3412 756 3692 824 Remacli,
3727 757 3908 827 cujus

2241 857 2449 896 revera
2513 840 2630 910 ipsi
2656 840 2966 895 beneﬁciis
3021 843 3078 896 et
3106 842 3585 912 epitulationibus
3627 844 3910 899 vivebant

2245 930 2461 1001 ingrati
2491 930 2762 983 Monachi
2776 929 2983 999 laicos,
3004 931 3135 984 laici
3150 931 3472 986 monachos
3486 933 3546 987 in
3559 933 3672 986 hoc
3685 933 3907 987 cohor-

2244 1019 2518 1071 tabantur
2549 1033 2615 1072 se
2654 1017 2928 1086 invicem,
2951 1021 3014 1071 ut
3034 1018 3273 1073 domino
3301 1019 3520 1090 abbati,
3554 1021 3654 1090 qui
3679 1021 3901 1087 aderat,

2249 1106 2717 1161 contradicerent
2754 1107 3074 1161 venerandi
3120 1108 3388 1177 corporis
3438 1110 3903 1180 susceptionem,

2246 1200 2344 1250 aut
2377 1197 2428 1249 si
2459 1196 2661 1250 invitis
2692 1196 2780 1250 eis
2809 1211 2916 1266 per
2933 1197 3050 1251 vim
3082 1196 3418 1268 inferretur,
3450 1197 3565 1268 ipsi
3597 1186 3668 1254 de
3700 1204 3908 1255 contra

2246 1285 2670 1339 monasterium
2701 1285 2793 1338 vel
2824 1286 3018 1339 locum
3040 1286 3481 1358 egrederentur.

2314 1373 2539 1438 Quibus
2573 1373 2758 1428 abbas
2790 1375 3065 1445 cognitis,
3101 1391 3255 1430 nunc
3283 1375 3605 1447 blanditiis,
3640 1383 3762 1431 tum
3795 1382 3909 1432 ter-

2243 1464 2483 1517 roribus
2500 1463 2789 1532 repressit
2818 1466 3245 1519 contumaciam
3275 1467 3516 1520 servilis
3538 1467 3825 1535 audaciaa,
3843 1472 3908 1521 ut

2242 1552 2474 1606 tandem
2505 1551 2820 1622 aquievere
2845 1553 2973 1606 sine
2997 1551 3219 1608 offensa
3241 1554 3540 1609 dominum
3568 1572 3742 1609 suum
3776 1573 3910 1611 sus-

2243 1641 2459 1710 cipere.
2492 1640 2636 1693 Cum
2667 1655 2814 1711 ergo
2828 1641 3103 1695 dominus
3125 1642 3311 1697 abbas
3345 1645 3418 1698 ad
3440 1660 3715 1713 praesens
3750 1646 3908 1701 cele-

2241 1730 2441 1783 braret
2471 1729 2815 1799 mysterium
2836 1730 3107 1784 humanae
3123 1731 3585 1803 Redemptionis,
3602 1734 3675 1788 ad
3696 1734 3906 1790 laudes

2243 1818 2363 1872 Deo
2396 1818 2709 1872 nobiscum
2738 1819 3104 1889 referendas,
3129 1835 3238 1875 nec
3254 1836 3411 1875 unus
3432 1822 3670 1893 quidem
3698 1839 3909 1878 eorum

474 1914 546 1968 de
565 1929 673 1967 suo
706 1912 950 1966 fecerint
979 1912 1258 1980 cpiscOpo
1282 1909 1376 1962 hic
1410 1925 1565 1963 nunc
1586 1908 1866 1979 persequi
1890 1924 2007 1964 non
2038 1923 2141 1963 va-
2173 1929 2225 1991 Β
2243 1908 2504 1962 interfuit
2525 1909 2845 1962 missarum
2874 1909 3200 1975 solemniis;
3221 1909 3412 1964 adhuc
3443 1912 3599 1964 enim
3628 1911 3907 1982 ﬁdentes,

475 2005 586 2070 cat,
620 2003 901 2070 quantum
932 2000 1004 2051 ad
1024 2014 1134 2052 nos
1160 1998 1363 2051 attinet
1393 1997 1464 2051 de
1480 1997 1576 2050 his
1596 1998 1742 2051 satis
1765 1997 1992 2051 dixisse
2012 1998 2139 2051 suf-

474 2091 649 2144 ﬁciat.
685 2091 956 2142 Attamen
988 2088 1060 2141 ad
1107 2086 1324 2140 malum
1369 2086 1482 2141 hoc
1514 2086 1595 2139 illi
1628 2103 1659 2139 a
1698 2087 1818 2140 Deo
1852 2087 1911 2140 in
1940 2087 2137 2140 futuro

472 2193 590 2233 non
622 2179 942 2247 reputatur,
994 2178 1235 2246 propter
1273 2191 1450 2246 quem
1477 2178 1702 2229 tantum
1735 2174 1957 2228 crimen
1985 2177 2136 2229 tam-

471 2282 585 2337 que
609 2266 926 2320 net‘andum
946 2265 1324 2319 homicidium
1354 2264 1684 2334 perpetrari
1714 2262 1981 2332 potuisse
2002 2279 2136 2317 cre-

471 2355 645 2411 ditur.
679 2354 795 2409 Sed
820 2354 944 2426 jam
976 2355 1046 2408 ad
1077 2353 1432 2407 narratianis
1456 2353 1672 2407 seriem
1694 2352 2026 2406 redeamus.

1015 2460 1301 2521 CAPUT
1340 2460 1574 2520 XVIII.

469 2578 691 2632 Iterum
713 2577 899 2631 abbas
927 2576 1116 2631 licere
1136 2576 1259 2629 sibi
1288 2575 1687 2630 revendicare
1708 2574 1890 2629 locum
1913 2592 2078 2630 suum
2100 2592 2131 2629 a

539 2664 686 2718 rege
717 2650 1014 2718 impetrat,
1048 2646 1545 2700 Malmundarium
1568 2646 1832 2716 repedat,
1845 2653 1903 2700 et
1935 2646 2132 2718 delato

539 2717 736 2773 secum
766 2717 960 2772 sancti
992 2733 1256 2788 corpore,
1284 2733 1501 2788 omnes,
1540 2722 1598 2788 et
1618 2718 1933 2771 monachos
1951 2717 2129 2772 etlai-

540 2806 658 2857 eos,
680 2789 790 2843 sub
821 2787 1194 2843 sacramento
1214 2787 1465 2858 praelato
1494 2787 1789 2842 refrenat.

537 2878 756 2947 Exacto
805 2882 1067 2947 tempore
1098 2877 1465 2930 induciarum
1498 2892 1647 2946 quas
1679 2880 1989 2946 acceperat
2030 2893 2130 2930 ar-

394 3018 403 3021 -
470 2966 908 3036 chiepiscopus,
959 2965 1233 3019 dominus
1292 2965 1478 3019 abbas
1509 2964 1826 3034 ad:curiam
1876 2965 2024 3019 redit
2070 2967 2131 3019 in

466 3058 617 3125 ipsis
648 3057 926 3111 natalitiis
975 3056 1205 3110 diebus.
1238 3054 1378 3109 Erat
1408 3054 1464 3107 in
1494 3055 1624 3124 ipsa
1655 3054 1991 3109 celebritate
2023 3070 2130 3108 rex

467 3146 620 3215 apud
668 3146 1116 3217 Bavenbergam
1165 3145 1479 3213 civitatem,
1531 3144 1633 3197 ubi
1691 3159 1890 3197 coram
1947 3159 2017 3197 eo
2075 3146 2131 3197 et

2239 1996 2310 2050 de
2356 1997 2613 2066 potentia
2668 1997 2934 2066 episcopi
2984 1999 3042 2051 et
3090 1997 3516 2070 suffragatione
3565 2016 3904 2070 praesume-

2239 2084 2399 2156 bant,
2433 2085 2571 2156 quia
2598 2085 2656 2139 id
2705 2085 2842 2157 ejus
2872 2102 2990 2140 non
3020 2102 3159 2141 esse
3191 2087 3509 2142 voluntatis
3530 2104 3648 2143 non
3668 2090 3908 2161 ignora-

2238 2174 2397 2227 bant

2307 2262 2404 2317 Sic
2434 2263 2565 2317 loco
2596 2264 2981 2333 revindicato,
3000 2265 3416 2337 revocatisque
3430 2267 3617 2322 abbas
3638 2268 3903 2324 homini-

2235 2351 2350 2405 bus
2380 2351 2667 2406 Ecclesiae
2701 2354 2815 2408 sub
2833 2369 2944 2408 suo
2977 2358 3372 2425 sucramento,
3404 2356 3658 2429 itemque
3692 2373 3906 2413 mona~

2235 2440 2387 2507 chis,
2425 2441 2562 2495 licet
2591 2441 2811 2510 inﬁdis,
2833 2442 2947 2497 sub
2978 2444 3242 2514 regulari
3262 2444 3548 2515 instituto,
3573 2445 3899 2503 Stabulaus

2235 2529 2426 2599 rediit,
2460 2530 2606 2584 nihil
2636 2530 2873 2586 adversi
2905 2534 3224 2601 suspicans
3274 2534 3410 2590 illos
3443 2535 3636 2590 moliri
3667 2537 3740 2591 de
3773 2553 3900 2592 cae-

2240 2621 2386 2673 tero.

2821 2708 3098 2772 CAPUT
3138 2711 3313 2773 XIX.

2237 2824 2288 2877 Α
2299 2822 2447 2878 bbas
2461 2824 2698 2906 Romam
2708 2826 2955 2880 veniens
2966 2827 3117 2906 apud
3123 2828 3533 2906 4Iexandrum
3540 2847 3750 2906 papam
3761 2848 3908 2906 suas

2300 2898 2686 2967 prosequitur
2700 2912 2927 2966 causas,
2954 2898 3053 2967 qui
3072 2900 3248 2953 etiam
3260 2915 3372 2967 pro
3393 2916 3457 2955 eo
3471 2898 3630 2956 suas'
3642 2901 3906 2958 Coloniae

2302 2967 2507 3035 mittit,
2529 2968 2827 3038 epistolas,
2859 2967 2979 3023 sed
3002 2967 3276 3041 totum3id
3300 2970 3415 3026 fuit
3437 2971 3687 3028 frustra.

2308 3057 2441 3127 Ipse
2458 3072 2682 3126 paucos
2700 3056 2854 3111 infra
2874 3058 3003 3112 dies
3019 3059 3264 3113 Romam
3285 3060 3468 3129 petiit,
3488 3061 3905 3134 Ecclesiaeque

2233 3146 2456 3197 nostrae
2469 3143 2779 3214 privilegia
2790 3143 3134 3198 auctoritate
3147 3146 3471 3214 apostolica
3483 3149 3898 3217 innovaturus,

466 3237 843 3306 Optimatibus
862 3234 1015 3304 ejus,
1033 3234 1401 3288 noninsolito
1417 3236 1625 3302 repetit
1646 3234 2127 3303 proclamationis
2169 3230 2633 3341 cAlexandrum
2653 3247 2868 3302 papam
2893 3234 3290 3289 Romanorum
3320 3234 3480 3290 adiit.
3516 3237 3638 3290 Illic
3660 3253 3770 3307 pro
3802 3255 3898 3309 se,

465 3322 591 3379 suae
613 3324 1095 3384 ~mentionem.Se
1119 3324 1377 3377 obtinato
1402 3323 1598 3390 corde,
1643 3322 1817 3376 etiam
1843 3326 2126 3378 renuente

410 3406 433 3435 ³
456 3410 934 3481 ῠᾲὶιὶθρίεροῃο,
962 3416 1125 3467 totus
1148 3428 1296 3481 pene
1329 3415 1656 3466 conventus
1690 3412 1985 3465 curiarum
2018 3412 2126 3465 do-

468 3489 836 3559 niino'abbati
855 3501 1086 3553 favebat
1106 3516 1180 3553 ex
1210 3500 1421 3552 animo.
1448 3500 1579 3568 Ipse
1611 3509 1717 3553 rex
1747 3501 2126 3554 consentiens

468 3589 719 3657 veritati,
739 3590 1066 3643 benevolus
1080 3591 1203 3641 erat
1216 3589 1286 3642 ad
1307 3588 1664 3643 reddendum
1680 3589 1901 3644 bonum
1911 3587 2128 3642 Christi

469 3678 855 3741 confessoris,
887 3678 1003 3731 nisi
1026 3677 1182 3747 quod
1212 3677 1269 3729 in
1314 3676 1492 3729 dubio
1530 3681 1675 3744 erat,
1710 3693 1783 3730 ne
1816 3677 1873 3730 id
1906 3676 2126 3731 faceret

464 3771 686 3843 praeter
715 3782 844 3820 eam
885 3782 1066 3836 quam
1097 3769 1435 3835 suspectam
1478 3766 1734 3819 habebat
1770 3766 2126 3820 voluntatem

467 3855 751 3926 episc0pi.
787 3856 936 3909 Nam
985 3860 1117 3909 ante
1149 3854 1257 3908 hac
1289 3854 1439 3907 infra
1472 3855 1666 3923 ipsum
1707 3870 1941 3922 annum,
1995 3870 2126 3907 cum

467 3944 618 4014 apud
651 3961 761 3999 nos
787 3947 950 3999 esset
980 3960 1112 3998 cum
1128 3944 1354 4015 regina,
1381 3943 1601 3997 bonum
1631 3944 1744 3997 hoc
1773 3943 1887 4012 ipsi
1919 3946 2124 3998 sancto

463 4050 572 4104 per
590 4033 865 4087 baculum
895 4033 1086 4104 ipsius
1103 4032 1498 4101 reddiderant,
1535 4048 1666 4086 cum
1684 4032 1856 4086 etiam
1888 4047 2123 4086 sacrum

463 4122 759 4191 lipsanum
808 4122 1140 4192 expositum
1169 4121 1279 4175 hac
1302 4121 1375 4175 de
1406 4136 1585 4175 causa
1642 4121 1701 4173 in
1748 4121 1962 4189 medio,
1995 4121 2122 4189 ipse

462 4212 757 4266 revehens
784 4211 843 4264 in
873 4212 1003 4267 loco
1032 4210 1505 4282 ejuscondiguis
1535 4209 1808 4264 laudibus
1831 4209 2123 4264 rclocave-

461 4302 568 4355 rat.
596 4300 721 4355 Nos
760 4303 946 4354 testes
987 4315 1216 4369 sumus,
1250 4299 1349 4371 qui
1379 4299 1715 4352 audivimus
1765 4302 1820 4351 et
1867 4298 2120 4352 vidimus

460 4390 575 4445 hac
596 4380 744 4458 ﬁeri,
771 4389 1042 4459 quamvis
1064 4391 1270 4459 postea
1300 4388 1511 4442 timore
1527 4386 1822 4457 pontiﬁcis
1854 4385 2122 4440 nefasilli

459 4478 640 4537 fuerit
687 4478 799 4547 hoc
830 4477 1100 4532 inﬁciari.
1159 4478 1428 4531 Attamen
1459 4493 1615 4530 nunc
1645 4474 2120 4529 animadverteris

467 4552 652 4637 algeas
676 4570 792 4623 tam
813 4566 948 4637 ejus
990 4566 1460 4620 benevolentiam
1474 4564 1853 4634 quamipsius
1883 4563 2119 4632 optima-

2234 3335 2342 3389 pro
2371 3322 2521 3389 loco,
2556 3337 2664 3391 pro
2696 3321 2969 3376 adversis
3000 3323 3263 3393 casibus,
3284 3324 3538 3395 itemque
3568 3343 3675 3397 pro
3698 3327 3904 3398 injus-

2233 3410 2398 3477 titiis,
2421 3426 2569 3479 quas
2602 3415 2809 3465 sancto
2842 3412 3123 3467 Remaclo
3136 3413 3369 3484 sibique
3386 3414 3659 3470 intulerat
3680 3417 3902 3489 Agrip-

2232 3499 2387 3568 pinaa
2410 3499 2667 3553 Colonia:
2699 3501 3039 3571 episcopus,
3057 3502 3203 3555 satis
3232 3518 3337 3571 pro
3360 3506 3621 3573 temporc
3653 3521 3904 3561 causam

2232 3589 2841 3659 prosecutus,gratam
2854 3589 3168 3645 abmodum
3186 3591 3650 3648 consolationem
3671 3595 3905 3649 invenit

2236 3675 2307 3728 ab
2332 3674 2429 3729 illo
2460 3679 2517 3728 et
2546 3691 2578 3728 a
2608 3677 2953 3747 reipublicae
2983 3679 3353 3734 consulibus.
3388 3681 3538 3736 Nam
3566 3683 3696 3752 ipse
3717 3699 3897 3753 papa,

2236 3763 2473 3818 relectis
2504 3766 3016 3832 praedecessorum
3034 3783 3278 3823 suorum
3310 3770 3589 3839 decretis,
3612 3786 3729 3825 non
3762 3787 3901 3826 me-

2238 3852 2437 3907 diocre
2468 3853 2792 3923 periculum
2823 3857 3114 3928 agnoscit,
3147 3859 3592 3927 archipraesulis
3641 3860 3897 3915 miratus

2232 3943 2352 3995 tam
2372 3942 2656 4012 sapientis
2678 3943 2791 3997 viri
2816 3944 3121 4015 deceptam
3141 3948 3650 4017 prudentiam,tam
3680 3949 3901 4004 incon-

2238 4031 2389 4085 sulte
2406 4031 2672 4101 potuisse
2685 4033 2955 4103 desipere
2966 4034 3025 4088 in
3057 4034 3170 4089 his.
3187 4036 3385 4106 Itaque
3398 4039 3516 4090 tam
3534 4040 3746 4108 rogatu
3782 4038 3899 4092 do-

2236 4119 2381 4173 mini
2425 4120 2654 4175 abbatis
2685 4136 2859 4192 quam
2887 4137 2996 4192 pro
3029 4138 3096 4177 eo
3143 4124 3301 4194 quod
3332 4125 3791 4181 sollicitudinem
3808 4126 3887 4181 de

2236 4206 2529 4277 omnibus,
2562 4212 2761 4280 utpote
2782 4211 3138 4266 universalis
3158 4216 3365 4282 pastor
3382 4228 3593 4285 gerere
3610 4215 3893 4286 habebat,

2231 4312 2306 4351 ex
2333 4299 2674 4352 auctoritate
2706 4298 2861 4352 Petri
2882 4300 3133 4368 apostoli
3162 4300 3221 4353 in
3254 4302 3383 4355 suis
3416 4301 3655 4372 scriptis
3684 4304 3768 4358 illi
3792 4306 3900 4361 de-

2228 4387 2481 4455 nuntiat,
2517 4389 2578 4441 ut
2608 4402 2682 4440 ne
2737 4402 3092 4458 quemquam
3130 4404 3237 4458 pro
3277 4388 3372 4443 his
3399 4389 3563 4460 juste
3610 4392 3897 4450 damnare

2227 4474 2459 4543 habeat,
2492 4475 2741 4530 ulterius
2765 4476 2997 4542 alienis,
3029 4492 3163 4547 quae
3195 4477 3289 4532 sui
3328 4477 3487 4548 juris
3526 4495 3645 4534 non
3694 4489 3894 4551 erant,

2230 4563 2350 4616 vim
2380 4562 2599 4617 inferre
2620 4563 2837 4617 timeat.
2864 4563 3043 4618 Multa
3064 4565 3407 4636 (inquit),ex
3435 4568 3493 4620 te
3521 4566 3677 4621 bona
3706 4583 3895 4637 opera

456 4657 599 4726 tum,
641 4670 975 4727 aggressus
1022 4656 1114 4708 est
1141 4670 1276 4709 eum
1333 4654 1659 4723 deprecari,
1695 4655 1757 4707 ut
1785 4652 1950 4706 salva
1981 4651 2114 4722 ejus
2157 4624 2300 4705 I)ad
2331 4651 2535 4705 sedem
2583 4666 2773 4722 usque
2802 4652 3020 4706 domini
3051 4653 3166 4707 mei
3194 4653 3352 4707 Petri
3381 4654 3572 4709 delata
3600 4659 3897 4727 cognovi-

440 4730 645 4815 gratia
674 4743 909 4798 tametsi
939 4742 1118 4797 nollet
1148 4743 1486 4813 episcopus,
1522 4742 1727 4795 liceret
1777 4741 1830 4795 ei
1861 4739 2115 4794 revindi-

456 4834 802 4891 carelocum
828 4832 1010 4903 injus
1043 4832 1366 4902 pr0prium.

528 4903 639 4976 His
664 4906 866 4992 'justis
895 4921 1280 4993 petitionibus
1312 4935 1454 4992 rege
1495 4935 1611 4975 non
1644 4922 1948 4985 renuente,
2001 4920 2115 4971 imo

456 5009 688 5064 cunctis
727 5010 1193 5064 assentientibus
1222 5010 1280 5063 id
1307 5009 1536 5081 justum
1567 5009 1694 5063 ﬁeri
1740 5007 1978 5077 debere,
2015 5008 2115 5061 do-

457 5097 653 5150 minus
709 5097 895 5152 abbas
940 5098 1431 5154 Malmundarium
1493 5097 1683 5163 rediit,
1727 5113 1795 5150 ac
1853 5112 1925 5150 ne
1974 5096 2116 5151 illud

452 5184 675 5240 frustra
706 5201 812 5255 per
841 5187 927 5257 [se
974 5187 1277 5242 videretur
1333 5186 1724 5255 revindicare,
1775 5200 1882 5254 per
1922 5185 2114 5255 ipsius

450 5288 721 5344 praesens
753 5288 995 5344 corpus,
1021 5274 1197 5346 cujus
1216 5275 1503 5347 praedium
1528 5277 1653 5328 erat
1672 5272 2115 5328 haereditarium

450 5361 703 5415 maxime
760 5362 821 5415 id
877 5363 1005 5416 ﬁeri
1061 5364 1342 5419 decrevit.
1402 5364 1527 5417 Nos
1559 5379 1676 5418 non
1696 5362 1859 5416 inviti
1919 5362 2116 5415 statim

448 5451 548 5505 illo
563 5451 1004 5522 maturavimus,
1025 5452 1132 5506 sed
1144 5453 1256 5508 viae
1269 5456 1489 5507 nostrae
1501 5452 1635 5506 illos
1649 5451 2114 5505 contradictores

447 5539 891 5594 invenimus.Ut
910 5540 1062 5594 enim
1095 5542 1357 5596 auditum
1370 5544 1461 5596 est
1487 5541 1786 5611 apudillos
1800 5541 1871 5594 de
1903 5542 2109 5594 nostro

448 5630 704 5683 adventu
734 5644 867 5683 cum
882 5632 1086 5685 sancto
1110 5647 1359 5700 corpore
1374 5631 1609 5685 videres
1629 5630 1888 5683 omnium
1912 5643 2110 5682 rerum

447 5718 659 5775 dubios
683 5718 996 5791 trepidare,
1022 5734 1363 5791 exsangues
1381 5719 1730 5789 pallescere,
1755 5734 1820 5771 ac
1839 5732 1911 5773 ne
1934 5718 2107 5789 quasi

2227 4755 2380 4807 mus,
2403 4755 2557 4810 quae,
2581 4741 2743 4794 velut
2762 4741 3014 4810 quadam
3031 4741 3187 4796 nube
3209 4742 3352 4796 mihi
3372 4742 3653 4798 oifuscari
3682 4745 3893 4800 viden-

2223 4828 2321 4880 tur
2341 4827 2436 4880 his
2462 4828 2580 4881 tuis
2608 4828 3194 4898 preesumptionibus.
3229 4829 3362 4884 Non
3392 4846 3538 4902 ergo
3559 4835 3695 4903 eget
3726 4833 3896 4890 Deus

2223 4915 2423 4971 oﬂ‘erri
2462 4915 2577 4970 sibi
2606 4916 2748 4986 quid
2797 4931 2872 4970 ex
2898 4916 3230 4987 injustitia:
3269 4917 3465 4982 Quare
3503 4920 3592 4973 sic
3623 4918 3771 4974 fiunt
3833 4928 3897 4979 ei

2229 5006 2481 5059 victimae
2511 5020 2589 5059 ex
2607 5005 2817 5075 rapina
2849 5007 3128 5076 quomodo
3158 5007 3213 5060 si
3232 5011 3423 5062 macte
3441 5008 3571 5078 quis
3594 5007 3789 5063 tilium
3811 5012 3881 5064 in

2217 5094 2415 5165 patris
2439 5093 2763 5164 praesentia
2786 5092 2923 5163 (lsa.
2956 5094 3133 5163 va1),
3186 5109 3255 5148 ac
3285 5110 3358 5148 ne
3389 5094 3581 5149 dando
3622 5097 3893 5153 videaris

2224 5181 2520 5236 offendere
2577 5181 2834 5249 Petrum,
2894 5181 3163 5252 relinque
3193 5182 3353 5254 quod
3404 5186 3609 5238 sancto
3661 5184 3749 5239 illi
3798 5194 3898 5243 est

2222 5271 2545 5340 preprium,
2601 5269 2777 5340 cujus
2821 5268 3041 5323 vicaria
3099 5269 3228 5323 vice
3295 5270 3481 5325 abbas
3541 5270 3881 5328 Theoderi-

2221 5373 2329 5412 cus
2358 5359 2630 5412 nostrum
2658 5355 3259 5427 imploratjudicium.

2292 5446 2516 5501 Horum
2535 5445 2837 5515 exemplar
2856 5445 2929 5499 ab
2951 5444 3142 5515 ipsius
3170 5444 3365 5518 legato
3390 5461 3524 5502 cum
3543 5449 3894 5519 accepisset

2219 5535 2724 5605 archiepiscopus,
2746 5549 2862 5588 non
2883 5535 3075 5607 magis
3088 5550 3262 5605 quam
3275 5534 3514 5590 adamas
3527 5536 3692 5591 ferro
3705 5542 3894 5596 emol-

2217 5623 2354 5678 litur
2385 5623 2519 5695 ejus
2550 5623 2802 5677 animus.
2852 5623 3002 5677 Nam
3059 5639 3192 5677 cum
3240 5625 3485 5679 Romam
3523 5624 3637 5680 iter
3674 5635 3895 5697 ageret

2214 5712 2418 5779 abbas,
2454 5712 2705 5766 necdum
2735 5714 3078 5768 excesserat
3105 5712 3309 5782 patria,
3344 5728 3477 5769 cum
3499 5713 3887 5771 Malmunda-
