4058 6182
179 380 270 443 309

1095 377 1602 442 TRIUMPHUS
1633 377 1697 444 S.
1738 378 2144 445 REMACLI.
2189 418 2263 429 —
2297 385 2452 447 LIB.
2491 387 2540 447 Ι.

3416 393 3535 459 310

178 591 360 644 rieuses
384 589 450 642 de
479 589 568 643 his
597 604 729 659 quae
759 604 899 660 erga
931 605 999 644 se
1038 594 1093 645 et
1121 590 1317 645 locum
1347 591 1475 643 acta
1507 590 1644 659 sint,
1678 590 1764 643 illi
1792 571 1836 634 Α
1874 605 2135 662 arguens
2166 609 2339 647 suum
2376 595 2637 668 militem,
2670 600 2827 670 quod
2856 600 3095 671 injussu
3126 619 3235 657 suo
3276 604 3529 659 inimicis

180 678 526 732 mandaverant
560 678 772 732 omnia.
804 678 874 731 Et
903 680 1038 748 quia
1063 680 1201 733 tunc
1231 694 1349 732 non
1378 682 1502 732 erat
1530 680 1657 748 ipse
1694 679 1755 731 in

176 766 975 837 provincia,dieunturGerlasio
991 769 1355 836 procuratori
1373 767 1424 837 ej
1437 784 1506 821 us
1522 768 1762 821 dedisse

171 856 376 925 praemia,
409 860 464 908 ut
507 871 578 908 ex
617 855 809 924 ipsius
840 856 1073 910 nomine
1120 857 1234 911 cito
1278 857 1763 911 revendicaretur

131 1005 139 1013 I
170 946 294 999 locus
322 944 436 997 vice
464 944 771 997 contraria.
798 946 871 997 At
902 948 1022 999 tum
1046 946 1140 999 his
1163 945 1261 999 ille
1281 945 1559 1017 cognitis,
1584 946 1762 998 animi

171 1035 237 1086 sui
250 1032 541 1086 constantia
559 1034 822 1087 retinens
843 1035 1225 1099 iracundiam,
1247 1033 1519 1089 veniebat
1540 1035 1612 1088 de
1634 1036 1762 1089 loco

168 1122 391 1189 Sarevelt,
404 1137 515 1192 quo
527 1125 664 1176 tunc
679 1123 1035 1188 morabatur,
1067 1124 1241 1193 quasi
1262 1124 1554 1183 adversus
1566 1123 1762 1178 locum

167 1216 376 1264 nostrum
394 1210 481 1264 sui
503 1211 908 1266 vindicaturus
922 1211 1220 1283 injuriam.
1243 1212 1568 1266 Ferebatur
1588 1213 1762 1266 etiam

166 1305 264 1352 tunc
280 1299 603 1353 decrevisse
616 1298 857 1354 formari
881 1304 1140 1355 castrum
1160 1301 1215 1353 in
1239 1301 1464 1355 eisdem
1482 1300 1761 1354 Malmun-

164 1389 271 1441 darii
289 1388 711 1457 munitionibus,
737 1405 888 1460 quas
909 1390 1021 1443 sibi
1047 1390 1374 1444 contrarias
1402 1393 1534 1443 ante
1568 1390 1762 1443 firma-

161 1480 299 1543 verat,
340 1476 466 1530 dum
496 1477 803 1532 adviveret
833 1479 954 1532 dux
989 1478 1365 1533 Fredericus.
1419 1478 1536 1532 Sed
1576 1494 1648 1532 ne
1702 1477 1759 1531 id

160 1564 272 1617 facet
295 1564 597 1620 dissuasus
624 1568 950 1621 amicorum
984 1567 1274 1634 consiliis,
1309 1567 1420 1620 alia
1452 1567 1547 1620 via
1594 1570 1761 1636 parat

160 1636 317 1689 ulcisci
343 1652 500 1690 suam
530 1637 615 1709 inj
627 1639 813 1692 uriam
844 1639 1117 1693 adversis
1139 1638 1399 1710 injuriis.

717 1779 972 1835 CAPUT
1003 1781 1135 1835 XX.

156 1883 407 1959 Gai-Iasius
447 1893 805 1959 procurator
863 1888 1123 1959 episcopi
1171 1903 1249 1942 ex
1296 1889 1487 1958 ipsius
1522 1886 1756 1941 nomine

130 2010 146 2039 ι
201 1957 381 2040 iterum
392 1958 450 2011 in
463 1959 623 2040 vadit
642 1958 742 2040 illa
752 1957 1160 2040 (mundarium,
1176 1959 1286 2013 sed
1303 1957 1503 2014 audito
1518 1972 1757 2012 rumore

205 2030 397 2082 incerto
420 2030 602 2083 citius
632 2030 883 2084 festinat
914 2031 1196 2085 reditum.

202 2126 353 2197 Igitur
376 2126 681 2182 Gerlasius
711 2128 1200 2184 Malmundarium
1230 2128 1434 2181 iterato
1466 2127 1754 2181 invadens

151 2228 204 2265 ex
240 2217 443 2270 nomine
480 2217 783 2286 pontiﬁcis
835 2217 1209 2284 revindicat,.
1231 2232 1350 2271 non
1385 2217 1612 2269 veritus
1643 2232 1757 2269 ma-

151 2317 255 2355 num
293 2303 645 2373 inexpertam
683 2305 1048 2374 possidentis
1089 2305 1284 2375 ipsum
1327 2305 1542 2374 locum,
1581 2320 1755 2374 quem

149 2393 512 2463 protegendum
540 2394 739 2447 adhuc
770 2409 843 2448 ex
874 2397 993 2448 toto
1025 2409 1141 2447 non
1170 2393 1509 2463 reliquerat.
1546 2392 1752 2462 Neque

150 2480 281 2547 enim,
309 2484 365 2534 ut
388 2497 537 2535 nunc
574 2482 767 2551 palam
799 2486 910 2551 est,
942 2482 1077 2552 quis
1110 2498 1365 2551 unquam
1394 2481 1477 2535 illi
1509 2480 1746 2535 auferre

150 2569 326 2635 poterit,
359 2570 489 2635 nisi,
528 2571 690 2641 quod
729 2572 904 2639 absit,
926 2586 1036 2641 pro
1057 2570 1387 2641 praesentia
1410 2569 1754 2623 inhabitan-

150 2656 254 2709 tium
286 2658 401 2729 ipse
435 2661 712 2729 primum,
765 2662 827 2712 ut
872 2659 1160 2712 Jeremias
1201 2659 1296 2727 ait,
1341 2658 1753 2712 haereditatem

149 2759 268 2799 suam
302 2747 443 2801 ultra
474 2764 591 2802 non
612 2763 832 2801 curans
854 2746 1169 2819 reliquerit
1198 2747 1347 2817 (Jer.
1383 2752 1506 2812 xu).
1530 2747 1613 2799 Ac
1636 2761 1753 2799 non

151 2833 244 2886 ideo
268 2836 424 2889 toties
454 2835 891 2904 calumniando,
924 2836 1096 2890 toties
1124 2834 1602 2904 remancipando,
1632 2849 1751 2887 ma-

151 2938 250 2975 num
284 2925 518 2978 alienam
566 2940 755 2994 super
797 2940 863 2978 se
902 2924 1250 2994 patiebatur,
1294 2924 1467 2994 quasi
1496 2922 1751 2976 invalida

152 3025 311 3065 manus
325 3012 449 3083 ejus
470 3013 543 3067 ad
557 3013 970 3067 defensionem
988 3012 1145 3066 illam
1159 3012 1411 3067 deficere
1422 3011 1745 3080 videretur,

149 3099 223 3152 sed
234 3102 416 3155 volens
426 3102 486 3156 in
499 3101 776 3157 adversis
792 3101 1007 3170 corripi
1020 3116 1232 3155 servos
1247 3115 1393 3154 suos
1406 3099 1480 3153 ad
1492 3101 1744 3168 tempus,

148 3202 258 3255 quos
283 3189 499 3244 videbat
525 3206 603 3245 ex
633 3190 1023 3243 somnolentia
1045 3189 1164 3243 labi
1195 3190 1254 3242 in
1285 3189 1567 3259 deterius,
1606 3203 1750 3257 prae-

1879 680 2006 734 suis
2084 684 2526 739 communicans
2596 702 2711 740 non
2786 689 2934 741 satis
3004 697 3207 760 ageret
3280 707 3384 761 pro
3457 709 3525 747 se

1876 769 2365 825 vicissitudinem.
2444 772 2633 837 Quare
2711 776 3151 831 advocationem
3238 780 3527 836 Malmun-

1871 856 2201 912 dariensem
2245 876 2317 913 ex
2348 863 2581 916 nomine
2613 879 2722 917 suo
2753 865 2881 918 vice
2914 865 3072 919 illius
3104 868 3328 936 vicarii,
3362 884 3525 922 com-

1872 946 2105 999 mendat
2150 949 2268 1001 acri
2320 966 2487 1021 aeque
2526 951 2654 1006 viro
2687 952 3014 1021 Fredeloni,
3054 958 3115 1009 ut
3146 957 3530 1025 opportunior

1871 1036 2181 1106 acriorque
2225 1037 2527 1092 insisteret
2566 1040 2679 1093 loci
2723 1042 2882 1096 illius
2921 1041 3272 1098 defensioni.
3325 1044 3527 1100 Atille

1869 1129 2109 1193 accepta
2137 1127 2444 1194 potestate,
2480 1132 2754 1198 tanquam
2787 1131 3422 1204 majoremiadepturus
3454 1135 3528 1189 ob

1871 1212 1982 1265 hoc
2014 1214 2261 1283 gratiam
2305 1218 2404 1268 aut
2447 1218 2773 1287 praemium,
2817 1222 2934 1274 toto
2984 1221 3195 1276 adnisu
3232 1238 3365 1276 cum
3396 1222 3527 1277 suis

1867 1301 2132 1371 invigilat
2150 1302 2277 1356 dies
2300 1306 2625 1376 noctesque
2643 1307 2715 1360 ad
2737 1306 3080 1378 hujusmodi
3102 1312 3425 1380 negotium.

1938 1390 2190 1443 Maxima
2221 1391 2431 1445 iterum
2450 1396 2675 1447 nostris
2694 1395 2977 1450 incumbit
2997 1399 3353 1467 persecutio,
3379 1399 3526 1454 adeo

1869 1481 1929 1530 ut
1960 1493 2172 1532 servos
2203 1496 2269 1534 se
2303 1496 2439 1534 esse
2476 1480 2535 1535 S.
2574 1482 2853 1553 Remacli,
2888 1500 3004 1537 non
3035 1486 3150 1538 nisi
3201 1487 3526 1542 discrimen

1866 1568 2139 1635 passuris
2157 1568 2341 1621 libera
2362 1571 2858 1640 essetprofessio.
2882 1572 3127 1627 Unde‘et
3145 1576 3433 1645 quosdam
3451 1592 3526 1630 ex

1865 1654 2212 1709 melioribus
2233 1656 2517 1711 Ecclesiae
2532 1658 2674 1713 dirae
2690 1660 2976 1729 captionis
2990 1663 3524 1734 pergravavitinfe-

1864 1744 2058 1798 statio.
2119 1744 2235 1798 Sed
2295 1747 2384 1799 sic
2433 1747 2664 1801 valeant
2720 1764 2924 1803 omnes
2974 1750 3034 1804 in
3096 1767 3207 1805 nos
3254 1752 3525 1807 volentes

1863 1848 2189 1905 exsurgere
2221 1850 2337 1905 quo
2360 1835 2641 1892 modoille
2661 1838 2919 1907 gaudere
2943 1838 3270 1894 habetcum
3293 1842 3425 1896 suis
3449 1844 3525 1897 ob

1779 1937 1827 1998 Β
1862 1922 1974 1975 hoc
2004 1922 2315 1992 pulchrum
2358 1924 2588 1979 facinus
2620 1925 2679 1978 in
2728 1929 2996 1981 sanctum
3039 1927 3146 1982 Dei
3185 1930 3525 1985 surrexisse
3612 1976 3613 1979 η

1862 2011 2010 2063 Nam
2043 2011 2365 2066 defluxisse
2396 2012 2578 2083 liquet
2607 2013 2763 2067 hunc
2795 2015 2865 2067 de
2895 2016 3049 2069 bona
3081 2014 3233 2070 fama
3266 2018 3338 2071 ad
3368 2018 3524 2073 infa-

1842 2092 2064 2169 miam;
2087 2101 2281 2171 itaque
2303 2116 2377 2155 ex
2394 2118 2605 2173 magna
2627 2104 2922 2171 epulantia
2952 2104 3025 2158 ad
3056 2105 3333 2175 inopiam.
3357 2106 3521 2163 Praa-

1860 2190 2019 2242 terea
2038 2203 2280 2242 suorum
2303 2191 2614 2259 quemdam
2637 2191 3021 2245 intolerabilis
3034 2193 3316 2263 audacias,
3333 2194 3521 2248 nomi-

1862 2293 1935 2331 ne
1960 2277 2303 2345 Gerardum,
2330 2278 2429 2348 qui
2461 2279 2533 2332 ad
2564 2280 2761 2333 caedes
2791 2282 2847 2333 et
2869 2280 3143 2333 incendia
3173 2297 3290 2335 non
3323 2282 3520 2335 minus

1863 2381 2036 2435 quam
2069 2366 2139 2419 ad
2168 2366 2402 2435 praedas
2420 2368 2475 2420 et
2500 2367 2805 2421 latrocinia
2834 2369 3157 2437 promptior
3187 2367 3521 2422 efficacior-

1863 2469 1975 2523 que
2007 2454 2065 2507 in
2098 2457 2334 2507 nostros
2367 2453 2738 2524 efferebatur,
2780 2454 2938 2508 velut
2981 2456 3193 2509 animal
3225 2456 3516 2526 rabidum,

1862 2542 2060 2597 divino
2078 2542 2272 2611 potius
2303 2558 2477 2613 quam
2507 2542 3000 2614 humanojudicio
3023 2546 3516 2614 constatpessun-

1860 2628 2075 2684 datum.

2452 2755 2703 2810 CAPUT
2734 2755 2920 2810 XXII.

1858 2878 2188 2950 Episcopus
2216 2879 2453 2934 Romam
2464 2878 2886 2952 proﬁciscitur,
2914 2880 3102 2934 abbas
3114 2896 3241 2934 eum
3257 2880 3517 2952 insequi-

1932 2955 2050 3013 tur;
2084 2956 2220 3003 ante
2235 2966 2442 3021 papam
2467 2956 2524 3004 et
2541 2956 2808 3004 senatum
2826 2951 3248 3015 discutiuntur;
3281 2952 3357 3004 ad
3379 2951 3513 3005 ulti-

1927 3037 2100 3087 mum,
2133 3022 2265 3074 sine
2283 3020 2473 3092 aliqua
2495 3028 2698 3075 nostro
2719 3021 2995 3091 profectu
3020 3022 3403 3075 dirimuntur.

1928 3127 2071 3180 Post
2090 3126 2219 3180 haec
2232 3127 2549 3196 episcopus
2574 3142 2690 3180 non
2703 3126 2978 3180 difﬁdens
2993 3127 3121 3180 suis
3146 3126 3372 3180 viribus
3394 3129 3514 3180 tan-

1814 3256 1818 3261 .
1856 3231 2029 3285 quam
2086 3214 2425 3268 austeritate
2476 3230 2586 3267 sua
2632 3214 2882 3268 devictis
2930 3214 3228 3282 omnibus,
3288 3229 3422 3268 nam
3457 3218 3515 3269 et

142 3275 325 3374 videbat
371 3278 783 3374 opportuniori
845 3283 1106 3374 tempore
1161 3277 1508 3374 recedent-es
1545 3277 1743 3374 _8'-i_3m
1774 3284 1828 3354 Ο
1852 3275 2056 3374 regem
2069 3302 2452 3373 acquiescere
2467 3302 2706 3369 fecerat,
2723 3318 2796 3356 ne
2818 3302 2889 3357 de
2903 3303 3011 3355 hac
3026 3318 3088 3355 re
3103 3318 3170 3356 se
3187 3303 3517 3370 interpella.

146 3364 344 3420 adverso
371 3368 635 3437 humero,
671 3367 743 3437 ad
773 3382 841 3421 se
862 3367 1164 3421 retrahere
1181 3365 1488 3420 beneficiis
1507 3367 1562 3419 et
1583 3365 1749 3418 mira-

144 3451 328 3510 bilibus.

182 3542 549 3614 'V'ixpatratris
572 3546 673 3599 his
695 3560 799 3615 pro
814 3544 1028 3614 quibus
1045 3545 1288 3597 venerat
1308 3542 1477 3597 miles
1490 3547 1744 3597 temera-

145 3630 252 3699 rius,
280 3635 569 3688 monachis
602 3634 779 3687 etiam
810 3648 928 3687 non
963 3633 1159 3686 minus
1192 3647 1367 3701 quam
1404 3630 1594 3697 laicis,
1646 3633 1740 3683 ut-

144 3724 239 3783 Ροῐθ
263 3722 314 3774 in
354 3739 601 3793 quorum
631 3722 879 3776 arbitrio
922 3736 1019 3775 res
1053 3719 1397 3791 hujusmodi
1428 3718 1737 3788 pendebat,

146 3806 346 3878 relapsis
372 3827 444 3865 ex
474 3815 611 3865 voto
636 3812 751 3864 sub
770 3810 977 3863 alienis
995 3810 1336 3876 ditionibus,
1358 3807 1597 3863 difﬁcile
1619 3822 1742 3861 mo-

142 3910 213 3945 ras
243 3898 287 3949 in
316 3900 608 3953 redeundo
642 3898 970 3969 patiebatur
991 3897 1227 3969 fugiens
1258 3896 1388 3950 fure
1418 3910 1739 3965 properan-

142 3981 244 4035 tius.
275 3985 405 4039 Nam
434 4004 642 4043 rumor
671 3988 897 4041 exierat
918 3989 1191 4056 tanquam
1221 4002 1295 4039 ex
1327 3983 1551 4040 nostris
1573 3983 1745 4054 parti-

141 4068 222 4124 bus
257 4076 478 4129 multum
526 4077 855 4131 exercitum
911 4074 1317 4144 supervenire,
1366 4089 1480 4145 quo
1512 4075 1741 4127 terrore

142 4162 342 4239 perculsi
369 4181 471 4233 per
500 4164 707 4237 fugam
785 4205 798 4218 .
880 4205 893 4219 .
975 4206 986 4217 .
1069 4203 1082 4219 .
1160 4179 1225 4217 se
1266 4161 1560 4216 invincem
1592 4162 1739 4215 adeo

140 4245 458 4307 debilitavere
502 4256 565 4307 ut
596 4252 769 4324 equis
799 4252 1207 4307 deficientibus
1238 4250 1310 4305 ad
1349 4266 1457 4306 sua
1486 4250 1738 4321 quisque

142 4334 211 4388 vix
230 4345 407 4406 posset
447 4341 778 4412 proripere.

681 4470 934 4526 CAPUT
972 4472 1133 4525 XXI.

140 4572 298 4631 Abbas
320 4594 350 4631 a
372 4579 546 4634 Roma
568 4595 641 4634 re
651 4579 927 4647 vertitur,
948 4594 1154 4648 parum
1174 4576 1445 4648 epistolis
1463 4576 1737 4648 apostoli-

1854 3396 1943 3446 ret
1971 3393 2239 3462 ulterius,
2279 3392 2525 3446 Romam
2556 3396 2724 3462 parat
2750 3391 3201 3461 profectionem,
3233 3392 3406 3461 quasi
3438 3394 3512 3447 ab

1853 3481 2177 3550 apostolico
2225 3484 2573 3550 recepturus
2625 3495 2807 3550 super
2848 3480 2959 3534 hoc
3013 3480 3169 3534 bono
3213 3480 3513 3552 privilegii

1853 3571 2275 3624 auctoritatem.

1924 3659 2210 3713 Dominus
2241 3658 2446 3727 abbas,
2482 3659 2628 3712 satis
2650 3658 2870 3713 utiliter
2889 3659 3348 3728 necessarioque
3371 3673 3509 3713 con-

1853 3748 2049 3803 sultus
2077 3764 2110 3801 a
2142 3749 2272 3802 suis
2303 3747 2599 3815 ﬁdelibus,
2626 3747 2888 3801 decernit
2909 3748 3006 3801 illo
3028 3747 3247 3817 pariter
3267 3747 3505 3818 adesse,

1848 3839 2196 3893 auctoritate
2235 3836 2509 3890 videlicet
2554 3835 2843 3906 majorum
2874 3836 3395 3890 contradictionem
3425 3836 3508 3890 illi

1849 3926 2067 3982 facere.
2101 3928 2176 3979 At
2214 3926 2312 3979 ille
2343 3924 2508 3995 regia
2537 3924 2833 3994 legatione
2863 3924 3122 3993 functus,
3148 3925 3268 3979 ibat
3295 3927 3508 3994 potens

1847 4033 1956 4086 per
1976 4016 2199 4069 Italiam
2226 4015 2398 4086 quasi
2430 4014 2804 4084 perfecturus
2838 4014 3004 4085 regis
3034 4014 3354 4084 negotium,
3398 4014 3509 4069 sed

1850 4107 2025 4175 longe
2056 4103 2225 4158 aliter
2254 4119 2321 4157 ac
2354 4102 2499 4157 ratio
2529 4106 2674 4170 erat,
2714 4117 2782 4156 ea
2812 4117 2913 4156 res
2938 4102 3121 4156 cessit
3150 4101 3208 4154 in
3243 4102 3506 4159 dubium.

1852 4193 2104 4247 Ventum
2134 4193 2226 4245 est
2247 4206 2391 4262 ergo
2420 4191 2493 4243 ad
2525 4189 2676 4244 beati
2720 4189 2875 4244 Petri
2907 4188 3365 4259 confessionem,
3398 4190 3509 4245 sed

1850 4281 2038 4335 abbas
2069 4278 2463 4349 prmveniens,
2488 4278 2734 4347 eisdem,
2754 4292 2906 4348 quos
2930 4278 3063 4331 ante
3083 4276 3325 4345 adierat,
3351 4292 3505 4332 eam-

1851 4370 1982 4424 dem
2004 4368 2213 4439 repetit
2229 4366 2766 4437 proclamationem,
2792 4366 2864 4420 de
2885 4381 3000 4436 qua
3014 4380 3079 4420 re
3099 4380 3243 4419 sane
3261 4365 3507 4421 consul-

1850 4461 1946 4513 tus
1997 4474 2030 4511 a
2067 4455 2302 4511 domino
2350 4454 2697 4524 apostolico,
2749 4454 3083 4509 advenienti
3130 4453 3412 4525 episcOpo
3447 4456 3509 4509 in

1850 4545 2314 4601 satisfactionem
2347 4558 2414 4598 se
2445 4542 2757 4612 exhibens,
2791 4542 3057 4597 humiliat
3087 4558 3286 4599 coram
3314 4542 3507 4613 ipsius

190 4649 259 4725 eis
281 4630 668 4720 aajbi'uﬁﬁ'nia
678 4630 797 4731 per
811 4630 1527 4731 flredelonemtquemdam
1542 4664 1738 4731 aerem

1864 4635 2075 4690 scilicet
2103 4633 2271 4688 altari
2301 4631 2475 4704 cujus
2497 4631 2828 4687 devotionis
2847 4632 3035 4703 gratia
3054 4632 3346 4687 veniebat.
3367 4630 3504 4701 Sed,

198 4719 351 4791 [iram
383 4719 724 4791 persecutio
751 4720 902 4791 ipsis
918 4726 978 4774 et
1010 4719 1183 4774 nobis
1200 4719 1539 4788 innovatur,
1558 4725 1617 4791 et
1626 4735 1741 4790 per

191 4784 498 4861 GerarJum,
515 4793 617 4864 qui
635 4784 968 4863 Deojudice
983 4795 1191 4861 postea
1210 4795 1302 4844 est
1313 4784 1734 4860 pessundatus.

191 4891 379 4950 Interea
408 4899 682 4952 dominus
714 4897 900 4951 abbas
930 4912 1215 4951 reversus
1237 4896 1309 4951 de
1332 4897 1473 4950 sede
1494 4898 1739 4965 aposto-

142 4975 223 5034 lica
240 4984 305 5038 nil
332 4990 482 5041 certe
497 4987 567 5040 ad
604 5001 714 5040 nos
735 4985 929 5039 retulit
950 4989 1166 5055 praeter
1186 4984 1539 5039 auctorizata
1560 4984 1739 5053 privi-

144 5063 275 5137 legia;
301 5088 423 5128 nam
438 5078 495 5128 et
515 5074 826 5144 epistolam
843 5072 1020 5140 illam,
1047 5073 1223 5144 cujus
1241 5073 1541 5143 exemplar
1552 5088 1737 5142 penes

144 5167 191 5208 se
211 5155 377 5231 habet,
407 5178 580 5233 quam
612 5163 966 5218 dicebantab
990 5162 1298 5233 apostilico
1323 5162 1569 5216 missam
1599 5177 1737 5216 esse

143 5246 510 5321 archipraesuli,
570 5252 652 5306 nil
710 5250 1010 5322 profuisse
1064 5251 1475 5321 persensimus
1536 5264 1736 5305 rerum

145 5336 416 5393 nostrarum
443 5339 697 5395 utilitati.

196 5419 308 5477 Post
343 5426 464 5482 haec
504 5427 996 5498 archiepiscopus
1044 5427 1417 5483 Cuonradum
1465 5427 1736 5482 comitem

149 5519 353 5581 suosque
379 5514 697 5571 familiares
728 5516 801 5571 de
830 5516 926 5571 sui
955 5515 1233 5570 fidelitate
1264 5516 1555 5583 admonet,
1588 5519 1652 5569 ut
1682 5516 1742 5568 in

113 5657 125 5670 .
150 5595 360 5655 abbatem
372 5603 619 5675 ejusque
631 5605 835 5660 ﬁdeles
850 5621 995 5659 suas
1009 5604 1217 5659 ulcisci
1229 5603 1490 5675 injurias
1504 5619 1742 5673 operam

151 5681 266 5739 dent.
307 5689 409 5745 Sed
449 5695 739 5765 cognitam
786 5694 848 5748 in
890 5693 1161 5748 abbatem
1207 5697 1264 5749 et
1299 5694 1575 5749 comitem
1607 5709 1740 5763 gra-

148 5772 255 5827 viter
288 5777 492 5837 ferebat
533 5783 805 5838 amicitiae
851 5783 1321 5852 conventionem,
1374 5781 1742 5838 inﬁdelitatis

1846 4724 1994 4792 proh
2028 4720 2229 4777 nefas!
2283 4737 2472 4792 neque
2519 4721 2752 4791 timore,
2794 4737 2904 4775 nec
2945 4736 3143 4776 amore
3174 4719 3508 4774 dulcissimi

1848 4812 2008 4865 Petri
2076 4811 2370 4865 dolentem
2445 4810 2774 4878 consolari,
2853 4809 3336 4878 humiliatumque
3389 4823 3519 4865 non.

1850 4900 2195 4970 respexisse
2225 4900 2531 4971 dignatum
2559 4899 2790 4967 dicitur,
2808 4899 2922 4951 imo
2941 4913 3075 4951 cum
3097 4913 3165 4951 ea
3183 4896 3508 4966 pertinacia

1849 4990 1921 5043 ad
1936 4989 2391 5043 celebrationem
2404 4988 2735 5041 divinorum
2753 4988 3258 5040 sacramentorum
3269 5000 3510 5057 progre-

1850 5079 2024 5133 ditur.
2058 5079 2293 5132 Rursus
2324 5078 2476 5131 inter
2504 5076 2635 5145 ipsa
2665 5076 3032 5128 sacramenta
3062 5089 3195 5145 qua:
3227 5074 3506 5145 celebrat,

1851 5166 2035 5221 abbas
2064 5165 2399 5236 efflagitans
2412 5179 2480 5218 se
2493 5163 2767 5218 miserari
2780 5162 3066 5225 humiliat,
3082 5162 3191 5216 sed
3211 5178 3402 5234 neque
3418 5164 3510 5219 sic

1851 5270 1884 5309 a
1915 5270 2024 5309 sua
2038 5253 2327 5309 sententia
2356 5254 2622 5322 pertinax
2653 5251 2884 5305 animus
2908 5252 3226 5323 discrepat.
3261 5252 3417 5323 Ipse,
3446 5256 3512 5307 ut

1846 5344 2062 5415 jussus
2086 5347 2229 5409 erat,
2255 5342 2310 5396 si
2338 5357 2454 5395 non
2483 5342 2841 5411 impetraret,
2875 5341 2948 5394 ad
2986 5341 3193 5396 sedem
3220 5341 3510 5411 apostoli-

1854 5448 1980 5486 cam
2008 5431 2342 5486 revertitur.
2374 5430 2531 5499 Papa
2558 5444 2691 5483 cum
2731 5429 2862 5483 suis
2890 5445 3008 5485 non
3037 5430 3508 5502 magnipendens

1854 5521 2012 5574 illius
2042 5519 2412 5588 religionem,
2446 5518 2595 5571 hanc
2630 5518 2984 5589 impietatem
3017 5524 3388 5575 exsecratur.

1928 5609 2185 5678 Uterque
2213 5606 2366 5677 apud
2392 5607 2712 5662 Lateranas
2743 5622 2817 5661 ex
2840 5606 2973 5680 ejus
2994 5611 3289 5678 praecepto
3312 5609 3385 5663 ad
3406 5625 3513 5679 pu-

1850 5699 2063 5755 blicam
2081 5696 2437 5752 audientiam
2460 5695 2761 5751 invitatur:
2789 5696 3045 5753 habebat
3064 5700 3350 5769 prmterea
3372 5712 3513 5767 apo-

1851 5789 2100 5844 stolicus
2129 5787 2190 5843 in
2206 5785 2719 5857 archiepiscopum
2744 5786 2970 5857 justam
3010 5801 3250 5843 causam
3272 5784 3508 5855 judicii,
