3978 6178
359 346 476 453 3}).
1292 343 1780 407 GODEFREDI
1823 346 2402 411 STABULENSIS
2444 344 2841 413 MONACHI
3687 346 3797 407 312

362 547 518 617 quod
550 562 659 601 suo
680 546 919 619 injussu
944 546 1459 601 communicaverit
1477 548 1689 601 aemulo
1712 562 1844 615 suo,
1870 549 2017 601 Par-
2048 530 2105 590 Α
2136 563 2440 602 manorum
2453 546 2833 618 perdedecus
2849 546 3068 601 inferre
3090 546 3207 600 vim
3219 546 3397 600 ullam
3418 562 3534 600 non
3547 545 3782 616 debere,

362 637 553 691 mensi
575 634 849 690 videlicet
878 636 1178 705 episcopo,
1204 651 1379 705 quem
1403 635 1787 689 anathematis
1818 636 2020 705 perhi-
2135 640 2422 707 praeterea
2454 638 2517 690 ut
2538 650 2826 690 concessa
2843 634 2961 689 sibi
2983 635 3135 688 dono
3158 636 3325 705 regio
3346 634 3642 705 perderet,
3673 649 3783 691 non

362 722 1156 794 pebantsubjacerejudicio.
1182 724 1367 795 Igitur
1385 740 1458 777 ex
1480 726 1722 778 senatus
1746 726 2022 779 consultu
2136 726 2266 780 ideo
2299 742 2366 779 se
2396 725 2535 779 illuc
2566 724 2908 778 advenisse.

353 814 601 883 jubetur
632 813 705 865 ob
738 812 850 865 hoc
897 812 1085 865 arceri
1114 829 1146 865 a
1180 816 1499 882 conspectu
1528 829 1694 882 papae
1726 814 2023 884 totiusque
2204 814 2351 868 Cum
2372 829 2515 884 ergo
2545 814 2859 884 rogaretur
2886 828 2919 865 a
2949 827 3119 881 papa,
3151 816 3211 866 ut
3239 827 3437 866 amore
3454 810 3612 866 beati
3633 811 3787 865 Petri

364 902 610 955 Romani
636 902 890 969 concilii,
924 902 1038 954 nisi
1062 902 1293 971 publica
1313 902 1717 955 satisfactione
1742 905 2026 973 purgaret
2138 904 2350 972 suique
2380 902 2439 956 in
2469 902 2568 955 illo
2594 900 2819 971 justam
2842 900 3262 955 humanitatem
3283 900 3521 969 faceret,
3543 899 3794 970 spondet

365 987 648 1042 offensam
675 1005 848 1059 quam
874 990 1251 1044 commiserat
1273 994 1471 1043 contra
1487 991 1592 1060 jus
1619 991 2022 1061 honoremque
2137 1007 2203 1045 se
2226 992 2461 1045 omnino
2486 989 2792 1059 facturum,
2821 990 2960 1043 dum
2973 989 3033 1043 in
3054 990 3241 1058 patria
3258 1005 3455 1044 coram
3470 1004 3614 1058 rege
3628 990 3787 1042 uter-

362 1077 571 1130 vicarii
603 1077 762 1130 Petri
796 1078 1065 1146 apostoli.
1090 1079 1203 1132 Pro
1226 1095 1340 1149 qua
1363 1079 1537 1133 reille
1564 1076 1892 1149 consultus,
1920 1095 2025 1149 pro
2139 1096 2251 1150 que
2282 1080 2527 1134 veniret.
2562 1078 2750 1149 Igitur
2778 1080 2915 1148 post
2944 1077 3072 1132 haec
3104 1080 3161 1131 et
3198 1077 3310 1131 alia
3340 1077 3789 1148 quamplurima,

364 1165 576 1220 delicto
610 1166 900 1220 eonductu
918 1167 1232 1221 marchisae
1266 1168 1550 1220 Beatricis
1574 1168 1749 1221 nudis
1776 1168 2027 1237 pedibus
2139 1169 2478 1223 discessum
2528 1172 2618 1221 est
2649 1168 2722 1221 ab
2772 1167 3043 1236 utrisque
3080 1166 3152 1221 de
3182 1166 3363 1220 Italia.
3410 1167 3683 1220 Attamen
3718 1167 3791 1221 nil

365 1255 630 1324 procedit
659 1255 717 1308 in
751 1254 1071 1323 publicum,
1096 1259 1346 1325 postque
1379 1256 1863 1324 satisfactionem,
1898 1256 2030 1310 data
2141 1258 2351 1312 horum
2402 1257 2651 1312 obtinuit
2693 1257 3011 1325 episcopus
3042 1271 3290 1325 quarum
3321 1255 3572 1308 maxime
3603 1270 3797 1309 rerum

364 1344 750 1413 indulgentia,
788 1344 1113 1412 suscipitur
1142 1345 1201 1397 in
1241 1346 1626 1398 consortium.
2141 1347 2287 1401 ierat
2337 1346 2545 1416 gratia.
2584 1346 2892 1399 Reversus
2936 1343 2997 1397 in
3034 1344 3240 1413 patria,
3288 1358 3406 1398 non
3440 1342 3635 1397 solum
3670 1359 3800 1413 quae

368 1431 491 1484 Illic
533 1431 816 1485 Dominus
846 1433 1051 1497 abbas,
1079 1449 1280 1485 coram
1316 1434 1596 1487 Romanas
1628 1433 2031 1504 Ecclesiaeju-
2141 1435 2496 1505 promiserat
2526 1434 2663 1487 fecit
2692 1432 2877 1501 irrita,
2915 1448 3118 1486 verum
3152 1435 3209 1485 et
3237 1432 3431 1500 ipsum
3463 1447 3669 1502 regem
3699 1432 3800 1486 de-

366 1519 600 1573 dieibus
615 1536 680 1571 ac
701 1521 2026 1592 reipublicwconsulibusexponitomnia,qui-
2142 1528 2411 1593 spectum
2440 1522 2633 1576 aiebat
2663 1522 2723 1575 in
2753 1537 2862 1575 sua
2890 1521 3129 1591 injuria,
3163 1524 3223 1574 ut
3252 1521 3310 1573 in
3341 1520 3613 1573 abbatem
3641 1521 3801 1574 illius

366 1610 481 1661 bus
516 1607 609 1661 ille
640 1610 951 1662 tenebatur
981 1610 1294 1678 obnoxius,
1329 1625 1561 1664 omnem
1584 1612 1855 1665 videlicet
1879 1627 2026 1680 sup-
2142 1613 2398 1665 animum
2431 1612 2599 1682 gravi
2630 1612 2988 1679 permutaret
3016 1608 3340 1662 inimicitia.
3372 1607 3489 1662 Sed
3519 1608 3592 1663 de
3618 1608 3805 1662 diver-

364 1696 742 1766 plantationis
791 1700 1302 1767 consequentium;
1349 1703 1635 1769 pulcrae
1685 1703 1886 1754 contra
1937 1701 2028 1754 fas
2144 1701 2230 1754 sis
2261 1701 2510 1769 partium
2533 1700 2769 1768 studiis,
2803 1699 3060 1768 itemque
3084 1697 3155 1751 de
3178 1696 3409 1750 abbatis
3431 1697 3621 1750 nostri
3641 1697 3801 1750 labo-

368 1786 709 1853 usurpando
740 1786 958 1839 bonum
981 1785 1039 1839 S.
1069 1787 1350 1855 Remacli,
1375 1786 1585 1841 factam
1603 1788 1674 1841 ab
1692 1803 1760 1841 eo
1784 1788 2024 1858 injusti-
2060 1845 2106 1858 ﬁ
2142 1790 2310 1843 ribus
2333 1788 2625 1853 maximis,
2655 1791 2955 1856 postremo
2986 1786 3058 1840 de
3085 1785 3359 1856 qualitate
3389 1785 3569 1838 totius
3597 1785 3805 1838 adver-

367 1845 540 1940 tiam;
561 1876 861 1944 postremo
890 1877 1006 1927 tam
1036 1845 1353 1943 prtesentis
1372 1892 1540 1946 papae
1560 1892 1735 1947 quam
1754 1845 2030 1931 anteces-
2060 1845 2110 1905 Β
2144 1878 2357 1943 sitatis,
2374 1878 2426 1930 si
2440 1845 2783 1947 singillatim
2798 1845 3364 1929 dissererevelimus
3383 1875 3617 1944 tempus
3631 1888 3808 1943 quam

371 1976 575 2016 eorum
623 1962 1027 2016 auctoritatem
1058 1962 1430 2018 decretorum
1465 1964 1759 2019 violatam.
1803 1966 2030 2030 Quibus
2142 1982 2243 2020 res
2288 1981 2403 2020 non
2442 1965 2675 2019 deficiet
2717 1965 3027 2019 maturius.
3070 1962 3462 2028 Quamobrem
3493 1962 3590 2015 his
3630 1962 3810 2016 ﬁnem

370 2049 469 2104 ille
503 2067 575 2103 ex
592 2050 956 2104 conscientia
973 2053 1249 2121 tanquam
1271 2068 1410 2107 reus
1432 2052 1567 2106 facti
1601 2052 1891 2108 confusus
1924 2070 2030 2108 cx-
2144 2055 2359 2122 facere,
2377 2071 2509 2125 quae
2527 2053 2805 2108 mceroris
2818 2053 2990 2123 plena
3002 2052 3296 2119 videntur,
3315 2054 3592 2121 tanquam
3604 2065 3808 2103 earum

370 2138 566 2209 pallet,
600 2154 666 2191 ac
691 2139 942 2192 maxime
964 2140 1239 2195 omnibus
1270 2140 1330 2193 in
1354 2148 1648 2196 conventu
1668 2141 1765 2196 illo
1790 2142 1847 2195 id
1870 2141 2031 2213 inju-
2144 2158 2340 2197 rerum
2387 2142 2562 2196 taedio
2606 2142 2790 2195 fessis
2823 2140 3015 2194 animo
3052 2139 3231 2193 libeat
3258 2154 3273 2207 ;
3305 2138 3378 2191 ad
3409 2154 3476 2191 ea
3504 2153 3649 2192 vero
3681 2153 3816 2208 que

372 2231 530 2282 stum
558 2226 1082 2297 proclamantibus.
1121 2228 1311 2284 Pauca
1343 2245 1416 2284 ex
1448 2230 1741 2284 industria
1772 2231 2029 2300 locutus,
2143 2232 2344 2303 gaudii
2384 2233 2523 2285 sunt
2561 2234 2618 2285 et
2649 2230 2867 2284 laetitiae
2901 2227 3262 2299 propensius
3303 2226 3536 2299 accingi
3565 2242 3687 2281 non
3718 2227 3810 2297 pi-

374 2315 519 2371 satis
550 2331 656 2385 pro
678 2332 745 2371 se
776 2317 849 2371 ad
868 2332 1139 2387 praesens
1162 2320 1481 2389 respondet
1502 2319 1695 2392 legato
1719 2320 1882 2391 regis
1908 2320 2029 2374 Ro-
2146 2322 2299 2391 geat.

1792 2535 1970 2589 Finis
2009 2534 2157 2589 libri
2180 2534 2386 2606 primi.

1463 2831 1881 2945 LIBER
1957 2826 2721 2945 SECUNDUS.

1003 3088 1424 3145 PROLOGUS.
2156 3090 2274 3144 illic
2304 3090 2615 3160 indixerat,
2650 3095 2711 3145 ut
2743 3091 2794 3145 si
2825 3090 2943 3146 ullo
2975 3089 3148 3145 modo
3190 3090 3428 3145 flectere
3457 3093 3667 3159 posset
3692 3091 3823 3144 An-

454 3214 517 3266 In
548 3216 707 3269 textu
736 3213 955 3286 prioris
988 3213 1184 3283 operis
1217 3215 1288 3268 de
1328 3214 1599 3270 adversis
1637 3216 1901 3284 casibus.
1943 3216 2046 3286 qui
2156 3194 2381 3286 ¹ἓ9¹ῗῗ¹¹ξ
2410 3177 3823 3286 δτῖίῗἮίῗῖῗξῗῗορνηῗξ.ίῖῗῗηδῗὶῗξῗῗῗῖῗῗίῖῗῗξῖΤῐ

383 3265 561 3355 nobis
606 3265 955 3373 citatam;
996 3265 1616 3359 ';.......".'a;.gi1;,;.
1643 3265 2046 3375 ’ἐξιῌιὲξγέηἶιῖεἶ
2157 3265 3828 3375 (399ῌάἓξῗξτξῗθᾚυῖξ⁵ξ⁸ξτξῆ¹ξ¹ξ¹ξξηξ¹ἶῗῗῗΡΕῗυέξίξξῗ

435 3354 487 3355 η
618 3354 889 3373 κησηη
928 3354 955 3369 ν,
1308 3354 1616 3359 πρηνη---
1677 3354 1747 3359 ---
1792 3354 2041 3359 --.--___-
2238 3357 2248 3366 .
2794 3357 2804 3367 .
2974 3355 2985 3365 .
3817 3356 3828 3366 .

386 3390 711 3458 historiam,
747 3390 1093 3443 exercitium
1124 3407 1264 3445 vero
1298 3393 1603 3463 sequentis
1628 3354 1826 3463 Opeifis
1858 3409 1931 3447 ex
1953 3410 2045 3446 se-
2159 3360 2737 3463 T3113“
2790 3371 2919 3426 Ipse
2958 3356 3199 3426 Jubemt
3226 3358 3281 3409 et
3316 3354 3615 3409 laboraret
3652 3354 3830 3409 reddi

698 3444 710 3458 ι
1174 3444 1185 3445 ί
1246 3444 1251 3445 γ
1312 3444 1599 3463 κ-γιτεη--κ-
1636 3444 1821 3463 ντ---ε
1864 3444 2012 3447 -__-_

386 3477 597 3530 cundis
616 3478 817 3545 rebus,
835 3494 966 3547 quae
981 3479 1051 3531 ad
1066 3479 2048 3549 glorificationemsuieonfessoris
2159 3444 2315 3514 quod
2345 3445 2687 3499 absmlerat’

386 3582 419 3618 a
442 3566 563 3618 Deo
585 3570 1029 3635 successerunt,
1057 3548 1182 3637 jam
1200 3584 1354 3622 nunc
1371 3573 1676 3639 percurrat
1696 3586 1897 3640 parem
1918 3586 2052 3640 apo-
2231 3548 2558 3604 ΡΡθεάίθίυδ
2606 3567 2840 3622 quoque
2883 3550 3291 3640 Pategnostcr
3325 3564 3431 3640 PFO
3463 3565 3532 3603 eo
3563 3550 3732 3640 (Ιβοά
3772 3551 3834 3604 in

388 3652 674 3707 stolorum
697 3668 770 3706 ex
791 3656 1228 3709 resurrectione
1252 3638 1528 3711 laetitiam.
1549 3638 2048 3722 Quemadmodum
2159 3655 2373 3692 νθηιιῑη
2408 3640 2655 3708 Plurima
2685 3640 2926 3694 dederat
2954 3639 3025 3693 de
3043 3638 3333 3693 ΕοοῙθείεθ
3351 3639 3595 3693 “1953"”
3600 3639 3674 3706 ίεν
3698 3642 3834 3692 ίθη·

389 3742 543 3795 enim
569 3741 685 3795 illis
706 3741 978 3796 tristibus
998 3742 1266 3813 Magistri
1289 3747 1385 3799 sui
1409 3749 1609 3816 morte,
1632 3746 1890 3817 gaudere
1909 3762 2047 3801 con-
2160 3725 2566 3817 demfﬂieﬂus
2598 3728 2792 3796 ίθεάίοο
2826 3732 2881 3782 et
2925 3727 3205 3781 difﬁdens
3236 3727 3512 3781 omnibus
3544 3726 3834 3817 humani?

388 3829 605 3899 tigcrat
635 3830 695 3882 in
723 3830 914 3899 ipsius
942 3834 1378 3888 resurrectione
1420 3836 1629 3903 (Matii.
1663 3853 1871 3903 xxvm;
1907 3837 1951 3890 L

2261 3815 2414 3883 :iliis,
2450 3816 2585 3869 licet
2628 3832 2786 3885 sero,
2820 3816 3121 3871 seniorum
3151 3819 3495 3872 nostrorum
3524 3815 3832 3886 acquievit

390 3933 551 3982 XXIV;
584 3917 750 3971 Joan.
783 3920 907 3988 xx),
941 3920 1085 3974 nihil
1117 3922 1290 3975 nobis
1323 3924 1519 3977 minus
1550 3938 1718 3994 mque
1751 3925 1961 3979 tristibi

2263 3904 2457 3972 isiliis;
2490 3903 2707 3974 quibus
2731 3904 2947 3975 placuit
2977 3905 3047 3959 ad
3072 3904 3337 3959 eamdem
3358 3904 3580 3958 curiam
3602 3919 3834 3975 corpus

391 4010 448 4060 et
470 4004 596 4075 jam
627 4007 1027 4077 quinquennio
1059 4013 1114 4064 et
1154 4026 1222 4064 co
1253 4012 1506 4080 amplius
1538 3991 1795 4082 afﬂictis,
1830 3991 2046 4083 prove;
2159 3991 2677 4083 deferrigejusdem
2709 3993 2770 4046 S.
2808 3992 3070 4083 Remacli
3117 3993 3308 4083 nostri
3350 3992 3739 4083 protectoris,
3774 3994 3835 4083 in

392 4094 557 4149 uisse
579 4096 1007 4165 quodammodo
1030 4100 1375 4168 gaudemus,
1401 4102 1533 4171 ipso
1560 4081 1885 4173 eodemqu'e
1905 4105 2049 4156 tem,
2159 4095 2271 4173 qua
2303 4081 2435 4173 villa
2462 4082 2756 4173 quondam
2782 4083 2911 4151 ipse
2941 4081 3835 4173 prefuitmagisterpontificalis

392 4198 553 4253 pore,
606 4184 666 4237 in
697 4184 1066 4240 confessoris
1102 4188 1195 4241 sui
1242 4192 1359 4242 tam
1388 4190 1726 4245 admiranda
1758 4190 1963 4261 gloriﬁi

2270 4169 2425 4223 lOl‘IS.
2472 4168 2597 4233 Quo
2649 4182 2952 4225 concensu
2984 4171 3099 4225 voti
3145 4174 3448 4241 compotes
3497 4169 3635 4223 facti
3668 4171 3841 4241 quod

392 4272 569 4326 tione.
598 4272 685 4327 Tu
702 4288 863 4343 vero,
883 4278 1086 4330 noster
1108 4276 1361 4347 domine,
1388 4257 2051 4334 Theodoriceabbatum
2163 4257 2500 4347 incePemm
2541 4257 2614 4311 ad
2662 4258 2953 4328 9390mm:
3000 4258 3371 4328 Ρνονίίίθηίίτί
3430 4258 3534 4347 Dei
3578 4257 3841 4330 suam“:

394 4362 913 4432 reverendissime,
939 4364 1268 4420 laetioribus
1287 4345 1601 4421 videndum
1620 4369 1831 4422 animis
1852 4369 2054 4438 accipe
2163 4346 2488 4438 Produc?”
2549 4347 2939 4438 mat_“mba‘1t-
2987 4347 3107 4438 Sed
3154 4345 3576 4438 aliquam???“
3625 4351 3845 4401 “03‘”

394 4452 452 4503 et
483 4450 596 4503 hoc
642 4452 1015 4520 cpusculum,
1064 4454 1282 4509 inculto
1312 4456 1546 4526 quidem
1583 4458 1734 4527 stylo
1774 4472 1848 4511 ex
1877 4473 1965 4511 ara

2303 4435 2524 4489 ectione
2554 4435 2841 4504 tardante,
2868 4435 3153 4490 Dominus
3171 4435 3358 4490 abbas
3380 4436 3569 4505 pridie
3587 4451 3844 4505 proces-
3860 4451 3874 4460 '

396 4538 585 4592 nostri
614 4538 897 4610 ingenioli
925 4542 1249 4611 praelatum,
1284 4523 1390 4598 sed
1421 4547 1517 4599 tuo
1541 4523 1841 4599 maturiori
1873 4561 2057 4600 sensu
2167 4526 2325 4576 sora"
2353 4538 2603 4593 nosque:
2655 4523 2833 4594 digne
2868 4526 3111 4579 ίνθοίθίο
3143 4539 3317 4578 sacro
3349 4539 3619 4593 corpore»
3652 4525 3842 4594 δθίίυί

397 4626 806 4698 examinanda,
842 4631 1280 4700 corrigendum.
1323 4633 1586 4687 Petimus
1617 4649 1761 4705 ergo
1792 4637 1890 4687 tua
1922 4649 2056 4688 cor-
2165 4612 2565 4705 munfiavemt'
2596 4611 2964 4705 Q9aPP°P‘°“
2992 4613 3057 4705 in_
3097 4613 3257 4705 ex“?
3285 4615 3492 4705 “9’?!”
3523 4627 3656 4705 09m
3688 4628 3847 4682 pro-

396 4715 665 4770 roborari
705 4699 1072 4788 auctoritate,
1115 4720 1460 4790 priusquam
1492 4722 1550 4776 in
1578 4699 1850 4791 publicas
1880 4736 2057 4776 aures
2167 4701 2558 4791 evaderem"
2585 4700 2841 4754 celerius
2871 4701 3201 4791 amem-0"?”
3231 4699 3416 4791 baiuli
3437 4699 3592 4791 sacri
3618 4714 3848 4791 90'1’9'

399 4802 758 4859 diffundatur
788 4787 1131 4861 incon-ecta
1150 4787 1511 4879 summitate.
1580 4787 1599 4791 ’
2167 4790 2273 4858 ris,
2308 4804 2481 4879 quam
2505 4791 2827 4859 sequentes
2848 4792 3098 4879 possent
3126 4788 3296 4879 ferre;
3315 4787 3555 4879 labores
3576 4787 3845 4879 itineris,

2169 4878 2689 4948 conquerebantur
2706 4878 3074 4947 posteriores
3102 4892 3169 4931 se
3189 4876 3343 4931 trahi
3373 4890 3405 4929 a
3432 4876 3845 4946 prmeedenti-

920 4948 1171 5005 CAPUT
1206 4951 1535 5007 PRIMUM.
2168 4968 2304 5036 bus,
2328 4968 2585 5037 itemque
2597 4967 3005 5036 praecedentes
3017 4980 3084 5020 se
3099 4965 3319 5037 impelli
3333 4982 3365 5019 a
3377 4961 3848 5035 posterioribus.

406 5067 567 5131 Quod
592 5068 1011 5148 inpfogressu
1048 5089 1260 5129 versus
1288 5076 1528 5148 Legiam
1559 5075 1747 5148 bajuli
1789 5076 2062 5147 corporis
2392 5054 3371 5148 namWOAdiYino_imPUlsuﬁml‘l?
3390 5052 3684 5148 ιζξδιίᾟξίίῗν
3704 5066 3856 5123 Pm‘

473 5139 963 5219 sancti—Remuli
981 5139 1500 5219 conquerebantur
1519 5162 1589 5202 se
1612 5139 1773 5202 trahi
1792 5164 1824 5202 a
1842 5139 2062 5219 praece-
2170 5142 2340 5196 hibiti
2367 5147 2505 5197 sunt
2531 5145 2833 5213 portantes
2864 5142 3165 5198 immorari
3196 5141 3497 5213 vestigiis.
3524 5139 3695 5195 Unde
3720 5156 3849 5195 non

474 5208 775 5281 dentibus,
795 5208 1208 5284 praecedentes
1224 5233 1291 5273 se
1310 5218 1537 5291 impelli
1558 5208 2045 5290 aposterioribus.

2280 5208 2552 5287 litabatur
2573 5232 2633 5287 S.
2671 5232 2987 5287 Remaclus
3023 5231 3084 5285 S.
3110 5208 3488 5284 lambertum
3516 5228 3671 5282 velle
3697 5228 3851 5281 visi-

480 5316 726 5387 Regalis
753 5320 915 5374 curia
944 5324 1211 5378 condicta
1246 5327 1370 5379 erat
1392 5326 1593 5396 Legite
1618 5325 1924 5394 celebrari,
1951 5325 2064 5379 Do-
2171 5322 2315 5389 tare,
2348 5321 2441 5374 cui
2473 5320 2700 5390 pridem
2727 5321 2789 5374 in
2821 5335 2997 5374 carne
3027 5319 3219 5373 factus
3250 5320 3344 5373 est
3373 5316 3502 5387 ipse
3532 5317 3849 5388 refugium

404 5404 638 5460 minirm
660 5407 933 5463 videlicet
946 5413 1406 5469 resurrectionis
1435 5414 1782 5469 adveniente
1801 5420 2065 5482 tempore
2175 5409 2496 5481 singulare;
2513 5409 2879 5480 utquomodo
2892 5407 3059 5462 alteri
3072 5421 3426 5476 compassus
3438 5407 3531 5460 est
3552 5404 3614 5458 in
3632 5419 3856 5474 perse-

406 5494 677 5551 solemni.
711 5496 835 5551 Illic
869 5514 1075 5554 omnes
1124 5502 1224 5571 qui
1263 5503 1558 5558 habebant
1587 5517 1827 5557 causam
1855 5501 2061 5572 judicii
2093 5505 2148 5567 D
2179 5498 2430 5566 cutione,
2451 5498 2529 5551 ita
2550 5496 3031 5552 nunealteralteri
3048 5495 3393 5550 subveniret
3414 5492 3473 5546 in
3489 5491 3850 5547 redimenda

400 5585 562 5657 jussi
595 5588 734 5641 cunt
764 5588 1079 5642 convenire
1112 5590 1183 5643 de
1215 5590 1474 5661 singulis
1515 5592 1782 5660 partibus
1818 5590 2066 5644 Romani
2177 5588 2582 5655 possessione.
2615 5584 2839 5655 Quippe
2868 5585 3015 5640 satis
3031 5584 3335 5639 evidenter
3350 5580 3609 5637 ostendit
3625 5595 3847 5635 eorum

407 5675 658 5744 imperii,
692 5677 844 5730 inter
870 5691 1023 5746 quos
1051 5678 1222 5732 etiam
1257 5680 1605 5734 coenobialis
1635 5678 1810 5733 Pater
1830 5679 2065 5733 'l‘liode-
2177 5677 2495 5730 subsecuta
2525 5674 2862 5745 coniunctio
2892 5689 3067 5744 quam
3098 5673 3191 5743 pia
3222 5670 3643 5743 conjunctione
3674 5669 3847 5723 illam

406 5766 568 5822 ricus
597 5767 817 5839 aderat,
856 5766 949 5823 cui
980 5782 1086 5822 rex
1117 5766 1188 5821 de
1229 5767 1439 5823 damno
1471 5769 1745 5824 ecclesiae
1788 5768 2062 5841 placitum
2175 5763 2816 5835 praecederetintentio.
2839 5760 3140 5817 Exeorum
3154 5757 3845 5834 deniquesaoratissima
