4058 6182
189 390 282 454 313
1041 375 1557 440 TRIUMPHUS
1603 375 1681 435 S..
1708 373 2114 442 munem.
2143 372 2399 434 -—LIB.
2448 373 2528 433 Il.

3459 372 3576 435 314

189 587 422 642 societate
467 596 798 651 corporum,
844 578 1020 633 nobis
1067 579 1305 649 quidem
1337 574 1792 646 incomparabile
1817 560 1870 622 Α
1909 575 2122 628 nuente
2149 589 2303 651 nona
2331 573 2442 651 die
2463 572 2656 651 Martii
2693 570 3055 651 stabuletum
3089 588 3222 651 cum
3254 573 3495 651 hymnis
3520 578 3580 626 et

191 675 436 747 gaudium,
469 670 713 724 infirmis
746 672 939 722 autem
972 673 1026 720 et
1056 666 1354 720 debilibus
1385 665 1654 734 pervenit
1692 680 1793 718 sa-

187 764 318 818 lubre
345 758 697 830 sulfragium.
735 758 954 811 Verum
988 757 1114 810 haec
1144 755 1313 808 alias.

784 880 1035 934 CAPUT
1067 879 1137 933 ll.

184 992 250 1047 De
275 988 525 1060 reliquiis
570 986 633 1041 S.
672 986 984 1060 Sj'mctrii,
1031 991 1088 1040 et
1127 984 1294 1060 quod_
1318 987 1690 1060 pernoctem
1733 981 1794 1034 in

234 1077 350 1114 aere
384 1053 466 1112 via
499 1053 736 1112 ostensa
759 1059 839 1110 sit
858 1057 932 1110 ab
965 1053 1225 1111 oratorio
1249 1053 1598 1109 Stabulensi
1613 1067 1793 1124 usque

234 1132 296 1186 ad
319 1131 532 1185 domum
556 1130 620 1182 S.
649 1128 978 1183 Lamberti.

234 1256 354 1309 Cum
394 1257 585 1309 autem
627 1253 1008 1307 venissemus
1063 1253 1118 1305 in
1170 1251 1367 1303 villam
1418 1248 1605 1304 nostri
1633 1248 1794 1319 juris

181 1342 446 1397 Lovincias
474 1343 732 1411 nomine,
766 1341 824 1394 S.
858 1341 1139 1410 martyris
1180 1338 1460 1409 Symetrii
1486 1354 1518 1390 a
1570 1336 1794 1389 Lacter-

181 1447 292 1484 naco
329 1431 489 1483 nobis
540 1431 776 1483 obviam
815 1429 1038 1483 delatas
1091 1427 1372 1497 reliquias
1421 1425 1796 1494 suscepimus

183 1519 472 1586 honoriﬁce,
507 1535 642 1588 quae
675 1534 790 1571 non
822 1518 1048 1570 frustra
1071 1517 1127 1569 in
1146 1521 1415 1570 nostrum
1440 1513 1797 1584 adjutorium

179 1607 314 1659 simul
344 1606 543 1659 delatae
568 1612 706 1659 sunt
745 1606 1030 1659 Leodium
1053 1620 1185 1658 cum
1219 1619 1390 1657 sacro
1409 1601 1639 1671 patroni
1661 1617 1798 1654 cor—

179 1710 307 1766 pore,
322 1696 441 1748 sine
460 1695 642 1749 dubio
665 1695 908 1748 adaucta
929 1694 1186 1747 omnium
1202 1707 1307 1761 spe
1331 1707 1403 1745 ex
1419 1694 1799 1760 utrorumque

177 1785 315 1855 digna
338 1783 653 1853 praesentia
677 1783 1002 1851 profuturae
1027 1782 1200 1835 nobis
1218 1781 1321 1834 Dei
1345 1779 1797 1833 misericordiae.

230 1890 392 1943 Nobis
423 1891 608 1961 igitur
637 1890 734 1942 illa
767 1892 937 1942 nocte
969 1890 1027 1942 in
1049 1888 1187 1941 villa
1207 1888 1410 1942 eadem
1443 1902 1575 1940 cum
1606 1886 1799 1940 sacris

174 1978 395 2048 reliquiis
445 1978 922 2048 quiescentibus,
971 1977 1115 2031 hora
1159 1976 1574 2029 matutinorum
1607 1978 1803 2029 osten-

177 2083 281 2120 sum
318 2070 402 2120 est
450 2067 660 2121 Leodii
712 2067 1068 2136 quibusdam
1118 2065 1357 2136 signum
1407 2064 1706 2133 mirabile,
1739 2063 1800 2117 S.

177 2156 472 2209 Romaclum
503 2171 580 2209 eo
603 2155 988 2209 deferendum
1013 2154 1443 2208 nescientibus.
1477 2152 1804 2206 Videbatur

176 2243 229 2295 ab
256 2245 490 2298 oratorio
534 2243 878 2297 Stabulensi
935 2259 1123 2312 usque
1155 2243 1227 2295 ad
1274 2243 1511 2296 domum
1542 2241 1600 2295 S.
1635 2241 1803 2294 Lam-

174 2331 297 2385 bcrti
323 2333 484 2402 quasi
535 2333 813 2403 quaedam
860 2332 954 2385 via
992 2331 1185 2384 lucida
1224 2329 1584 2400 splendit‘ero
1618 2333 1805 2386 tractu

174 2421 218 2472 in
242 2436 358 2474 aere
387 2421 683 2491 protendi.
718 2419 907 2491 Cujus
941 2420 1027 2473 rei
1063 2420 1297 2489 species
1324 2419 1464 2490 quid
1493 2420 1803 2488 pertende-

174 2513 240 2562 ret
265 2508 388 2563 dum
435 2510 714 2564 videntes
756 2509 1140 2578 mirarentur,
1174 2507 1330 2561 illico
1372 2509 1514 2562 tanti
1549 2508 1802 2578 hospitis

173 2597 384 2652 adventu
415 2599 830 2669 solvebantur,
865 2599 957 2652 cui
1010 2614 1132 2652 rem
1165 2598 1354 2651 visam
1385 2597 1592 2668 procul
1624 2598 1802 2652 dubio

173 2688 364 2742 servire
400 2688 760 2742 fatebantur.

226 2792 332 2847 Nos
352 2810 592 2865 quoque
625 2794 816 2864 primo
849 2793 1148 2866 gallorum
1179 2797 1349 2849 cantu
1383 2799 1704 2866 surgentes
1734 2796 1805 2850 de

171 2879 274 2935 loco
313 2882 367 2936 in
396 2899 512 2953 quo
568 2883 943 2954 quievimus,
979 2882 1379 2937 difﬁcultatem
1423 2883 1534 2938 viae
1567 2884 1695 2938 sine
1726 2884 1808 2938 la-

168 2967 284 3023 bore
311 2977 361 3024 et
389 2971 823 3042 impedimento
855 2971 1062 3025 faciles
1095 2972 1542 3042 gaudentesque
1573 2972 1808 3044 peregi-

173 3071 296 3112 mus.
327 3059 442 3114 Nec
474 3061 728 3115 deerant
755 3061 910 3114 inter
932 3061 1188 3115 eundum
1219 3061 1424 3114 laudes
1458 3061 1808 3131 Dominiper

171 3161 317 3212 posse
343 3152 398 3202 et
428 3165 616 3204 nosse
651 3149 988 3203 comitantis
1021 3149 1246 3218 populi.

225 3251 338 3307 Non
365 3255 540 3326 longe
589 3258 789 3309 tamen
817 3255 889 3348 ab
920 3255 1069 3309 urbe
1116 3255 1614 3324 praestolabamur
1647 3272 1802 3310 nun-
1843 3285 1894 3348 ο

171 3340 285 3394 tium
310 3346 692 3412 praemissum
720 3344 793 3397 ad
823 3343 1122 3398 dominum
1157 3344 1445 3413 abbatem,
1473 3345 1572 3415 qui
1603 3361 1805 3400 rever-

173 3443 254 3484 sus
281 3435 491 3486 nuntiat
523 3437 746 3503 praater
776 3448 942 3502 spem
973 3433 1266 3502 ﬁdemque
1300 3434 1655 3501 procedendi
1675 3435 1806 3488 fieri

175 3523 688 3591 contradictionem,
722 3538 830 3576 nec
876 3522 1093 3576 audere
1141 3522 1436 3574 dominum
1487 3523 1806 3576 antistitem

174 3614 404 3664 nostrum
433 3612 851 3666 Theoduinum
897 3611 1237 3664 venerabile
1280 3627 1496 3680 corpus
1529 3613 1717 3664 sancti
1750 3614 1809 3664 ut

172 3700 378 3771 dignum
408 3705 554 3770 erat,
593 3701 925 3770 suscipere,
958 3700 1091 3769 quia
1127 3700 1362 3752 timebat
1395 3701 1449 3752 id
1485 3701 1811 3771 indignanti

173 3791 586 3858 metropolitano
618 3789 960 3859 displicere.
1014 3787 1162 3854 Nos,
1199 3789 1428 3841 tametsi
1478 3804 1577 3843 res
1609 3790 1666 3843 in
1697 3790 1809 3843 du-

172 3876 248 3931 bio
284 3881 537 3948 pendere
585 3877 916 3946 videbatur,
969 3881 1159 3930 tamen
1208 3876 1546 3931 diffidentes
1590 3895 1809 3948 prope-

169 3970 333 4021 ranter
359 3969 454 4023 illo
484 3967 931 4040 progredimur.

746 4108 1207 4148 ADNOTATIONES.

170 4214 218 4291 .S_‘.
241 4217 534 4291 Martyris
578 4217 876 4291 Symetrii
922 4233 962 4291 a_
986 4217 1331 4291 Ladernaco
1369 4217 1545 4273 nobis
1574 4217 1812 4291 obviam

173 4286 368 4343 delatas
397 4286 696 4360 reliquias
725 4289 1110 4360 suscepimus.
1145 4289 1234 4360 De
1267 4289 1378 4360 hoc
1409 4292 1666 4359 martyre
1701 4288 1814 4359 Sy-

174 4359 346 4430 pietrio
361 4361 450 4414 sic
475 4359 754 4415 Molanus
778 4359 1037 4430 loquitur
1057 4360 1115 4413 in
1141 4359 1448 4414 Natalibus
1471 4364 1812 4414 sanctorum

174 4427 346 4502 Belgii,
380 4431 451 4484 ad
485 4431 558 4485 26
589 4430 762 4502 Maii:
798 4452 820 4476 ι‹
857 4427 1086 4502 Romae,
1113 4434 1450 4484 sanctorum
1495 4435 1814 4502 martyrum

173 4500 408 4572 ngetrii
441 4506 497 4555 et
518 4501 774 4560 aliorum
806 4502 1015 4572 viginti
1057 4501 1326 4555 duorum.
1361 4502 1504 4555 Cum
1550 4500 1702 4556 enim
1741 4503 1812 4555 ti-

173 4569 270 4622 tulo
290 4587 454 4641 quem
490 4573 632 4642 pius
668 4588 814 4641 papa
847 4569 1264 4626 construxerat
1303 4573 1455 4641 apud
1485 4574 1814 4627 Praxedem

175 4637 386 4696 latitaret
429 4637 1058 4712 et'divinamysteria
1109 4637 1458 4698 celebraret.
1522 4645 1812 4698 Antonius
1842 4637 1897 4701 D

177 4713 450 4789 Augustus
473 4731 588 4789 eos
620 4715 846 4789 absque
871 4713 1473 4789 ulla_interrogatione
1494 4715 1814 4789 gladiqpu-

175 4784 261 4834 uiri
285 4786 554 4854 praecepit
577 4786 635 4837 in
650 4785 853 4838 eodem
879 4785 1063 4838 titulo.
1097 4784 1357 4848 Quorum
1389 4784 1639 4854 corpora
1669 4786 1813 4838 Pra-

170 4854 310 4926 aedis
340 4856 582 4926 collegit
613 4861 670 4926 et
700 4855 971 4923 sepelivit
1002 4855 1252 4923 septimo
1293 4855 1588 4909 Kalendas
1631 4856 1811 4910 Junii.

175 4920 612 5000 lfadernacerisis
630 4920 916 4979 Ecclesiae
933 4920 1189 4979 Historia
1207 4927 1366 5000 addit
1383 4942 1516 4980 eum
1530 4927 1591 4980 in
1617 4927 1814 4980 infan-

178 4995 238 5046 tia
262 5012 290 5067 a
317 4995 482 5051 beato
519 4996 786 5050 Materno
817 5012 954 5050 esse
1003 4997 1424 5050 resuscitatum
1444 5039 1458 5065 ,
1503 5013 1688 5067 eaque
1720 5013 1816 5050 oc-

177 5066 381 5120 casione
410 5068 704 5122 Albanam
733 5067 867 5137 ejus
917 5073 1164 5121 matrem
1195 5083 1329 5121 eum
1359 5069 1523 5138 prole
1556 5066 1690 5122 ﬁdei
1722 5084 1814 5122 sa-

178 5142 439 5214 rmenta
468 5139 826 5214 suscepisse
846 5180 860 5206 ,
893 5139 1309 5214 eiquenomen
1337 5139 1578 5214 dedisse
1607 5139 1816 5209 Syme-

178 5208 322 5260 trium
351 5214 588 5264 sextum
621 5210 892 5263 comitem
940 5210 1011 5264 de
1055 5210 1270 5263 Salmis
1314 5210 1467 5278 apud
1511 5208 1812 5280 Tungros,

181 5289 324 5350 quem
369 5281 543 5348 paulo
587 5284 719 5334 ante
766 5283 1011 5334 sanctus
1052 5279 1352 5334 Maternus
1394 5279 1812 5350 baptizaverat.

181 5347 431 5404 Caeterum
455 5354 706 5405 sanctus
728 5351 1063 5405 Babolenus
1077 5351 1179 5421 qui
1203 5347 1811 5420 Remacldsuccessit,

183 5429 366 5487 corpus
397 5437 427 5474 e
462 5423 652 5476 Roma
695 5422 1058 5476 Stabuletum
1105 5422 1310 5489 attulit,
1347 5427 1402 5476 et
1448 5423 1508 5476 in
1538 5423 1814 5491 primaria

183 5492 486 5544 monasterii
520 5492 864 5546 haereditate
878 5493 1026 5546 Villa
1059 5491 1130 5546 de
1165 5493 1584 5562 Lierneu,sive
1599 5493 1816 5547 Lader-

183 5571 300 5635 naco
330 5578 591 5635 congruo
615 5563 836 5635 honore
853 5563 1178 5635 collocavit.
1215 5563 1461 5633 Fuitque
1493 5564 1813 5635 decretum,

186 5633 230 5678 ut
255 5634 515 5696 praedicta
547 5635 684 5687 villa
717 5651 783 5688 se
817 5634 994 5687 tiliam
1027 5634 1312 5688 Ecclesiae
1330 5635 1705 5689 Stabulensis
1731 5633 1818 5690 reL

186 5708 562 5776 cognosceret,
600 5706 711 5760 sub
745 5721 929 5759 censu
955 5706 1130 5760 unius
1160 5706 1428 5761 esterlini
1458 5721 1529 5760 ex
1557 5707 1815 5776 qualibet

187 5767 329 5827 domo
357 5767 751 5843 persolvendi,
787 5781 845 5830 et
875 5780 933 5830 ut
967 5777 1402 5850 sarcophagum
1417 5767 1693 5849 martvris
1715 5795 1812 5832 an-

1909 645 2294 716 procesrsione
2327 645 2383 697 in
2431 643 2706 716 indicium
2741 643 2935 716 tilialis
2966 642 3357 716 subjectionis
3392 643 3578 698 defer~

1909 714 2058 769 rent.
2094 715 2182 768 Fit
2203 718 2394 768 autem
2418 715 2632 767 mentio
2655 714 2768 766 loci
2788 717 2841 767 et
2871 715 3142 784 martyris
3168 716 3223 766 in
3253 715 3402 768 libro
3427 716 3577 768 vice-

1910 787 2058 840 simo
2102 785 2516 838 miraculorum
2555 785 2835 851 ltemacli,
2871 800 2971 854 qui
3023 785 3266 854 Notgeri
3299 789 3391 838 est
3421 786 3574 838 Leo-

1911 857 2138 911 diensis
2169 857 2434 926 episcopi
2467 873 2478 909 :
2504 855 2718 909 Fiscus
2740 856 2971 926 (inquit)
2996 855 3340 909 Ledernans
3373 860 3575 909 nostro

1911 928 2268 982 monasterio
2300 927 2569 980 addictus
2601 930 2710 980 est.
2753 927 2815 978 In
2847 942 2915 980 eo
2955 926 3208 979 ecclesia
3259 928 3350 980 est
3379 927 3580 980 Sancti

1911 999 2184 1071 Symetrii
2216 1003 2270 1052 et
2301 998 2577 1065 aliorum,
2611 998 2926 1051 virtutibus
2958 997 3228 1051 illustris.

2552 1104 2803 1158 CAPUT
2835 1104 2930 1157 III.

1912 1212 2265 1268 Leodiensis
2277 1212 2582 1282 episcopus
2595 1212 2831 1280 corpori
2846 1217 3049 1282 sancto
3062 1210 3134 1264 ob
3149 1211 3204 1282 vi
3209 1226 3274 1264 us
3281 1211 3530 1281 procedi
3536 1216 3574 1273 t,

1985 1291 2042 1337 et
2075 1299 2199 1337 cum
2234 1281 2393 1336 clero
2432 1281 2698 1352 omnique
2725 1281 2933 1351 papula
2954 1281 3277 1335 honoriﬁce
3299 1282 3572 1351 suscipit.

1983 1373 2211 1425 Interea
2235 1372 2576 1440 episcopum
2602 1370 2832 1438 adeunt,
2870 1369 3145 1440 injuriam
3177 1371 3367 1424 sancti
3397 1385 3580 1440 grave

1913 1461 2174 1515 ferentes
2225 1459 2654 1526 archidiaconi,
2687 1474 2756 1511 ac
2805 1458 2876 1511 de
2920 1459 3091 1512 domo
3122 1459 3340 1528 quique
3371 1473 3581 1512 sanum

1913 1552 2211 1618 sapientes
2245 1547 2488 1617 clerici,
2521 1551 2917 1616 protestantes
2956 1551 3174 1616 praeter
3205 1563 3438 1616 aequum
3469 1547 3578 1601 bo-

1912 1653 2169 1709 numque
2203 1638 2258 1690 id
2293 1637 2450 1704 ﬁeri,
2486 1637 2795 1690 consulere
2827 1636 3042 1689 debere
3088 1651 3202 1689 non
3237 1635 3430 1688 minus
3463 1636 3582 1689 sibi

1911 1743 2087 1797 quam
2133 1728 2307 1780 etiam
2345 1726 2525 1779 totius
2567 1725 2734 1778 urbis
2773 1724 2977 1792 saluti,
3028 1728 3089 1777 ut
3138 1728 3332 1777 tan-tus
3380 1727 3584 1793 pastor

1911 1815 2208 1886 quondam
2245 1830 2450 1869 eorum
2482 1813 2788 1881 mirificus,
2825 1813 2973 1866 inter
3003 1813 3338 1882 praecipuos
3378 1812 3582 1866 Galliae

1911 1909 2152 1959 sanctos
2177 1904 2441 1957 famosos
2474 1902 2816 1970 honorifice,
2850 1905 2911 1955 ut
2940 1901 3204 1971 decebat,
3240 1902 3583 1970 suscipere-

1912 1997 2007 2047 tur
2040 2009 2173 2046 cum
2204 1993 2308 2046 Dci
2339 1992 2636 2046 laudibus.

1985 2082 2147 2150 Item,
2182 2081 2297 2151 ipsi
2328 2081 2613 2135 adeuntes
2648 2079 3164 2148 archiepiscopum
3215 2079 3286 2132 ad
3339 2095 3586 2133 consen-

1836 2231 1839 2233 ἓ
1913 2186 2046 2224 sum
2065 2171 2300 2224 ﬂectere
2324 2170 2660 2224 nitebantur
2677 2168 2814 2239 ejus
2849 2168 3126 2222 animum.
3152 2168 3261 2231 Qui
3278 2167 3414 2221 licet
3438 2169 3586 2222 alias

1912 2260 2082 2313 aliter
2110 2260 2373 2326 sentiret,
2415 2259 2469 2310 in
2505 2258 2615 2312 hoc
2645 2261 2840 2311 tamen
2872 2272 2946 2310 ne
2976 2260 3089 2310 tam
3116 2255 3298 2326 justas
3340 2261 3586 2310 cuncto-

1912 2364 2043 2402 rum
2074 2347 2355 2401 voluntati
2395 2346 2685 2400 contraire
2737 2345 3054 2412 videretur,
3088 2344 3344 2413 praebuit
3372 2359 3585 2398 assen-

1915 2453 2068 2490 sum.
2103 2437 2267 2490 Illico
2315 2438 2482 2506 parat
2531 2449 2597 2488 se
2645 2434 2717 2487 ad
2764 2433 3200 2503 procedendum
3246 2449 3378 2487 cum
3428 2433 3589 2487 omni

1915 2525 2074 2579 clero
2106 2541 2216 2580 suo
2248 2525 2522 2579 dominus
2537 2525 2742 2578 noster
2770 2522 3110 2592 episcopus,
3137 2522 3587 2591 metropolitano

1916 2618 2252 2669 remanente
2284 2615 2343 2668 in
2374 2613 2588 2684 palatio
2617 2628 2751 2666 cum
2771 2612 2887 2664 sibi
2910 2609 3583 2664 consentientibus.Fie-

1915 2705 2013 2757 bat
2042 2704 2214 2757 nobis
2244 2704 2469 2757 interea
2509 2701 2762 2756 maxima
2810 2700 3126 2769 impressio
3159 2698 3421 2768 undique
3453 2715 3587 2752 cum

1917 2777 2086 2846 laude
2108 2793 2211 2847 Dei
2235 2791 2468 2860 populis
2488 2788 2960 2854 accurrentibus,
2997 2788 3053 2840 in
3076 2804 3191 2858 qua
3222 2803 3330 2841 nec
3359 2787 3588 2842 modice

1915 2882 2152 2952 quidem
2183 2881 2508 2935 laedebatur
2534 2879 2787 2950 quisque
2820 2893 2893 2931 ex
2923 2876 3587 2945 convenientibus,cum

1915 2971 2079 3023 multi
2102 2970 2160 3022 vi
2191 2970 2719 3024 substernerentur
2747 2965 3170 3035 impellentium
3201 2965 3476 3034 pedibus.

1988 3059 2051 3112 In
2082 3075 2198 3129 quo
2233 3060 2547 3125 conventu,
2581 3057 2716 3126 quis
2767 3055 3065 3108 abstinere
3098 3054 3284 3122 potuit
3328 3070 3358 3106 a
3389 3053 3586 3123 lacry-

1917 3149 2051 3212 mis,
2087 3163 2219 3200 cum
2254 3161 2406 3200 unus
2439 3162 2510 3198 ex
2542 3144 2744 3198 militia
2777 3143 3040 3196 caelestis
3070 3140 3586 3211 imperatorisjam

1917 3236 2016 3290 diu
2046 3235 2297 3304 palmam
2331 3235 2604 3287 obtinens
2645 3230 2923 3301 perennis
2956 3229 3163 3300 gloriae
3197 3232 3253 3282 et
3292 3229 3588 3282 immorta-

1919 3324 2130 3392 litatis,
2185 3323 2527 3392 expetendm
2564 3321 2812 3391 justitiae
2862 3334 3040 3372 causa
3083 3317 3382 3371 videretur
3426 3318 3588 3372 adire
3656 3325 3658 3329 '

1919 3413 2139 3466 curiam
2172 3412 2428 3466 hominis
2477 3411 2686 3481 regis?
2727 3407 2976 3461 Maxime
3027 3406 3376 3460 clericorum
3409 3421 3591 3475 super

1919 3503 2031 3556 hoc
2057 3502 2223 3572 justa
2256 3503 2380 3554 erat
2428 3497 2847 3564 consideratio,
2882 3510 3134 3565 quorum
3183 3494 3360 3548 corda
3389 3495 3462 3547 ad
3500 3495 3588 3548 la-

1919 3606 2150 3661 crymas
2183 3593 2607 3658 compunxerat
2636 3587 2706 3640 de
2739 3589 2894 3638 tanta
2926 3583 3217 3653 injustitia
3248 3583 3343 3652 pia
3364 3598 3593 3653 compa-

1921 3679 2032 3745 sio,
2066 3680 2324 3748 itemque
2346 3678 2416 3731 de
2451 3675 2849 3730 humiliatione
2881 3673 3023 3726 tanti
3054 3670 3448 3738 confessoris,
3473 3687 3588 3726 non

1923 3769 2052 3821 sine
2075 3782 2290 3836 pavore
2323 3766 2500 3836 digna
2535 3763 2860 3817 admiratio.

1992 3859 2282 3912 (laetorum
2313 3855 2586 3908 dominus
2618 3856 2823 3906 noster
2845 3850 3186 3920 episcopus,
3221 3850 3354 3904 licet
3387 3850 3457 3903 ab
3489 3849 3594 3903 ini—

1923 3947 2002 3998 tio
2034 3945 2215 4016 hujus
2249 3943 2413 4012 mali,
2464 3942 2611 3995 satis
2658 3957 2763 4010 pro
2812 3943 3104 4008 tempore,
3154 3954 3219 3992 re
3257 3944 3312 3993 et
3342 3937 3589 3993 consilio

1923 4049 2060 4088 sese
2096 4032 2464 4103 impenderit,
2503 4045 2660 4084 nunc
2691 4033 2883 4081 tamen
2917 4043 3048 4080 cum
3090 4027 3326 4096 Optimis
3356 4027 3591 4082 clericis

1923 4125 2073 4191 suis,
2108 4138 2242 4176 cum
2273 4121 2524 4175 ducibus
2573 4122 2628 4172 et
2658 4117 3063 4188 praesentibus
3115 4118 3330 4186 coeptis
3363 4117 3418 4170 id
3455 4117 3589 4170 adni

1920 4211 2095 4266 tendo
2129 4213 2311 4264 totum
2341 4209 2582 4262 biduum
2631 4204 2960 4275 impensius
3009 4205 3266 4275 peragit,
3299 4207 3590 4274 quatenus

1923 4316 2130 4371 regem
2162 4302 2219 4352 et
2250 4295 2733 4366 archipraesulem
2767 4297 3054 4363 utrosque
3074 4291 3256 4361 hujus
3288 4291 3424 4345 facti
3455 4308 3592 4346 reos

1925 4389 1996 4444 ab
2029 4386 2269 4457 incoepti
2299 4385 2590 4440 sententia
2620 4383 2957 4437 deduceret.

2526 4507 2962 4547 ADNOTATIONES
2971 4533 2982 4544 .

2000 4601 2290 4655 Caeterum
2324 4600 2593 4654 dominus
2609 4605 2817 4654 noster
2839 4599 3148 4669 episcopus
3164 4597 3305 4652 licet
3324 4596 3396 4650 ab
3421 4594 3593 4669 initio

1924 4671 2096 4743 hujus
2125 4671 2294 4743 mali.
2317 4671 2728 4743 Theoduinum
2777 4665 3080 4743 intelligit,
3113 4665 3594 4743 quem_su_peri_or

1926 4737 2113 4812 capite
2144 4742 2455 4796 timidior-is
2481 4742 2670 4796 fuisse
2707 4741 2885 4795 animi
2907 4737 3146 4807 indicat,
3166 4740 3351 4812 modo
3383 4737 3592 4812 instin-

1927 4807 2022 4868 ctu
2070 4813 2616 4868 archidiaconorum
2663 4816 2719 4867 et
2747 4813 2994 4866 aliorum
3039 4810 3413 4880 praelatorum
3458 4807 3590 4880 ani-

1925 4900 2084 4938 mum
2113 4884 2538 4954 resumpsisse,
2579 4889 2634 4938 et
2661 4887 2780 4938 toto
2829 4883 3006 4938 biduo
3043 4878 3152 4950 pro
3185 4878 3593 4950 recuperando

1928 4955 2446 5009 MalmundarienSi
2466 4955 2738 5011 coenobio
2761 4955 3055 5023 insignem
3075 4966 3311 5020 operam
3336 4965 3590 5005 navasse

1928 5026 2243 5098 signiﬁcat.

2566 5149 2815 5204 CAPUT
2849 5148 2945 5202 ιν.

1927 5261 2148 5332 Regem
2167 5259 2252 5332 de
2270 5257 2565 5332 iniustitia
2590 5256 2842 5327 poenitet
2863 5275 2890 5332 ;_
2919 5256 3224 5332 episcopus
3257 5255 3594 5332 V_c_rce11en-

1998 5325 2087 5386 svis
2125 5325 2608 5401 archip'rwsuleni
2647 5343 2828 5397 super
2865 5325 2973 5381 hoc
3004 5325 3216 5394 mouet,
3275 5325 3380 5381 ille
3418 5332 3595 5399 negat

2001 5409 2363 5458 constanter.

2002 5508 2327 5564 Admodum
2358 5521 2593 5577 quoque
2639 5505 2960 5575 paenitebat
3009 5521 3212 5576 regem
3247 5504 3306 5558 in
3342 5519 3445 5557 eas
3478 5520 3597 5556 ma-

1928 5617 2042 5654 nus
2073 5599 2184 5652 hoc
2234 5597 2451 5650 bonum
2483 5595 2830 5662 tradidisse,
2882 5610 2914 5647 a
2963 5595 3182 5664 quibus
3233 5608 3368 5646 cum
3398 5591 3596 5659 vellet,

1927 5705 2044 5742 non
2073 5690 2289 5757 praeter
2304 5685 2584 5755 injuriam
2614 5686 2837 5754 poterat
2857 5684 3159 5737 retrahere
3179 5697 3194 5749 ;
3216 5696 3390 5750 quem
3424 5681 3600 5733 etiam

1931 5776 2319 5832 susurrabant
2348 5789 2549 5846 parem
2580 5789 2717 5829 esse
2749 5773 2808 5826 in
2839 5773 3087 5829 crimine
3119 5771 3360 5840 propter
3394 5768 3600 5836 lapsus
