4058 6182
366 350 483 413 315

1285 347 1776 413 GODEFREDI
1807 344 2388 413 STABULENSIS
2417 348 2834 410 MONACHI.

3713 353 3832 417 316

370 550 687 621 imperialis
718 553 1012 621 potentiae.
1034 552 1184 605 Nam
1214 552 1342 622 ipse
1356 552 1846 621 archiepiscopus
1868 565 1938 604 eo
1959 551 2042 602 in-
2081 534 2114 592 Χ
2154 566 2351 605 coram
2392 565 2537 622 rege
2567 552 2640 604 ad
2682 553 2957 621 placitum
3013 554 3310 621 praesente
3340 553 3580 607 domino
3610 552 3814 607 abbate

368 640 687 694 ﬂexibilem
735 641 1151 695 obfirmaverat
1193 642 1449 695 animum
1482 644 1569 709 ut,
1605 641 1655 693 si
1688 640 1920 709 quando
1964 639 2035 691 de

369 728 479 784 hac
527 746 591 784 re
643 729 1088 798 consuleretur,
1135 730 1473 800 displiceret
1521 731 1573 784 ei
1623 746 1755 782 cum
1794 731 2030 782 auctore

369 832 540 873 omne
573 820 905 874 consilium.
940 820 1272 890 Episcopus
1304 821 1724 881 Vercellensis,
1760 818 1931 889 quasi
1955 818 2035 870 fa-

368 907 678 976 miliarior,
732 912 1048 979 rogaturus
1099 910 1168 962 de
1202 910 1310 962 hac
1353 924 1415 962 re
1460 908 1620 961 illum
1664 908 1822 974 adiit,
1865 922 1963 959 ac-
1983 907 2037 960 ei

368 997 727 1065 persuadere
769 999 1035 1066 cupiens,
1079 997 1206 1051 haec
1258 998 1501 1051 auribus
1549 995 1682 1066 ejus
1715 995 2036 1050 humillime

368 1086 643 1155 suggerit
677 1102 687 1138 :
723 1085 781 1138 Si
809 1084 1011 1155 justis,
1049 1086 1251 1156 inquit,
1277 1086 1819 1153 consiliis,summe
1851 1084 2041 1137 archi-

369 1172 610 1243 preesul,
664 1173 1102 1242 acquiesceres,
1139 1178 1370 1243 tuaeque
1410 1172 1582 1226 saluti
1617 1173 1723 1226 rite
1758 1173 2036 1227 consule-

366 1276 488 1327 res,
532 1260 936 1330 justissimum
981 1262 1283 1315 videretur
1331 1265 1602 1329 oportere
1652 1265 1707 1315 te
1749 1261 2036 1315 honorem

365 1347 487 1401 Deo
546 1347 741 1402 facere
766 1390 779 1417 ,
823 1352 1145 1419 sanctoque
1177 1348 1312 1402 huic
1353 1348 1645 1418 justitiam
1698 1350 2035 1418 impendere

364 1451 538 1506 quam
564 1435 728 1506 juste
760 1436 991 1490 videtur
1020 1440 1316 1505 expetere.
1352 1437 1721 1508 Agnovimus
1760 1438 1813 1489 id
1848 1438 2034 1508 injus-

364 1527 485 1577 tum
502 1538 642 1578 esse
672 1525 826 1595 quod
871 1526 1025 1597 agis,
1058 1527 1412 1595 agnovimus
1449 1530 1504 1579 et
1534 1527 1608 1579 ob
1650 1525 1760 1579 hoc
1788 1526 1894 1580 tibi
1924 1527 2036 1579 im-

360 1612 594 1667 minens
624 1614 974 1683 periculum,
1009 1615 1068 1667 ni
1099 1614 1449 1669 sententiam
1481 1616 1824 1683 mutaveris,
1846 1631 2035 1685 eoque

360 1716 670 1755 monemus
730 1706 792 1755 ut
853 1706 1080 1756 rectum
1146 1718 1320 1757 suum
1375 1708 1771 1775 recognoscat
1830 1709 2035 1758 sancto

359 1788 464 1858 illi,
498 1791 593 1843 cui
624 1790 736 1844 hoc
766 1791 1065 1861 adjudicat
1097 1806 1433 1845 consensus
1465 1792 1795 1861 principum
1828 1794 2034 1846 totius-

2154 645 2357 695 nostro
2387 656 2519 694 cum
2552 641 3004 711 archipraesule,
3030 641 3206 710 coepit
3225 641 3295 694 de
3308 645 3512 695 nostra
3536 657 3599 695 rc
3612 643 3819 713 agitari

2153 730 2485 783 consilium.

2225 818 2449 873 Interea
2470 834 2600 872 cum
2632 834 2754 887 prae
2778 818 3007 873 foribus
3029 818 3513 888 prmstolaremur
3532 819 3616 872 rei
3639 834 3820 872 even-

2156 909 2294 973 tum,
2330 907 2531 960 incidit
2586 907 2758 961 nobis
2817 908 3092 960 omnibus
3128 907 3221 959 his
3254 906 3466 959 melius
3507 906 3823 960 consilium

2154 1011 2261 1063 pro
2296 995 2531 1049 instanti
2561 997 2918 1050 necessitate
2948 995 3283 1049 auxiliatori
3336 995 3454 1049 Deo
3488 997 3597 1049 soli
3632 996 3823 1066 magis

2155 1098 2292 1136 esse
2324 1084 2791 1161 supplicandum.
2816 1085 3011 1154 Itaque
3028 1084 3382 1137 assistentes
3416 1084 3475 1137 in
3494 1085 3703 1152 spiritu
3719 1083 3824 1137 bu-

2156 1172 2413 1226 militatis
2433 1172 2663 1226 Sanctae
2695 1173 2999 1226 Trinitatis
3044 1173 3228 1240 altari,
3265 1188 3449 1241 super
3478 1174 3634 1243 quod
3660 1173 3822 1243 jace-

2154 1260 2249 1313 bat
2281 1261 2621 1315 venerabile
2648 1277 2867 1330 corpus
2890 1261 3144 1331 piissimi
3168 1263 3352 1315 nostri
3376 1263 3631 1330 patroni:
3680 1261 3826 1315 Veni

2153 1355 2390 1403 creator
2420 1348 2704 1419 Spiritus,
2743 1365 2932 1420 usque
2972 1350 3043 1402 ad
3085 1349 3259 1403 finem
3290 1350 3824 1419 liymnif‘icavimus,

2151 1453 2265 1507 quo
2298 1454 2430 1491 cum
2452 1438 2799 1491 dulcissima
2816 1438 3244 1507 supplicatione
3262 1438 3555 1508 perfinito,
3594 1443 3827 1506 septem

2148 1525 2411 1594 psalmos
2443 1542 2575 1579 cum
2608 1526 2805 1580 litania
2852 1527 3260 1595 percurrimus
3307 1528 3500 1580 animo
3549 1529 3826 1580 contrito.

2151 1615 2372 1668 Deinde
2405 1616 2854 1684 proccssioncm
2900 1614 3149 1668 fecimus
3198 1615 3561 1669 decantando
3602 1616 3828 1685 Magna

2157 1719 2268 1757 vox
2296 1702 2495 1771 laude,
2529 1707 2662 1771 etc.,
2698 1703 2768 1756 ad
2784 1702 3062 1756 Sanctum
3094 1703 3472 1757 Lambertum
3503 1705 3562 1757 in
3593 1708 3824 1774 crypta.

2150 1791 2290 1845 Inde
2323 1793 2392 1845 ad
2424 1790 2695 1845 Sanctam
2728 1792 2968 1845 Mariam
2984 1808 3117 1845 cum
3146 1792 3531 1862 responsorio
3566 1791 3825 1859 Christi,

361 1891 476 1946 que
506 1879 703 1948 populi
738 1894 752 1946 ;
794 1879 907 1932 hoc
934 1880 1055 1932 vult
1086 1879 1215 1948 ipse
1246 1895 1352 1934 rex
1384 1896 1760 1951 magnopere,
1796 1882 1897 1951 qui
1918 1898 2035 1934 non
2068 1903 2111 1960 Β
2164 1879 2342 1950 Virgo
2389 1880 2815 1948 dilectissime;
2877 1880 3029 1935 unde
3087 1884 3141 1933 et
3190 1881 3420 1934 reversi
3480 1896 3689 1935 sumus
3755 1881 3831 1935 ad

361 1966 587 2021 frustra
618 1967 779 2020 timet
808 1967 1028 2020 involvi
1072 1969 1280 2021 eodem
1312 1968 1675 2022 discrimine.
1710 1969 1858 2033 Quid
1891 1986 2034 2023 sane

362 2054 599 2110 consilii
647 2054 901 2108 referam
950 2056 1187 2124 edicito,
1241 2072 1373 2109 nam
1419 2057 1487 2109 ad
1521 2059 1576 2110 te
1608 2056 2035 2110 consulendum

362 2142 500 2198 veni
532 2142 929 2197 transmissus
968 2144 1039 2197 ab
1073 2144 1192 2198 illo.
1238 2144 1339 2197 Ille
1386 2145 1565 2199 refert
1596 2148 1789 2199 motus
1822 2146 1910 2198 sic
1945 2146 2036 2198 in-

363 2231 661 2303 dignando
693 2232 926 2286 locutus
952 2249 963 2286 :
995 2232 1210 2287 Desine
1233 2248 1326 2287 me
1360 2233 1473 2301 his,
1510 2233 1691 2287 frater
1721 2237 1776 2287 et
1806 2234 2036 2303 coepis-

363 2335 528 2390 cope,
563 2320 771 2375 desine
805 2336 896 2375 me
945 2321 1039 2375 his
1081 2322 1409 2390 importune
1441 2322 1784 2392 obtundere,
1818 2323 2037 2393 quibus

361 2410 554 2464 animo
584 2410 665 2463 nil
696 2411 944 2481 gravius
976 2426 1231 2481 unquam
1266 2411 1375 2464 fuit
1403 2411 1730 2474 intendere,
1766 2427 1897 2465 nam
1930 2412 2037 2464 de-

360 2497 524 2551 finivi
570 2499 722 2568 apud
761 2514 854 2552 me
914 2500 1026 2553 sub
1068 2498 1459 2569 jurejurando
1504 2501 1655 2554 velle
1714 2516 1804 2554 me
1847 2501 2038 2553 satius

362 2586 546 2639 emori
576 2602 751 2656 quam
767 2602 839 2640 ex
860 2603 953 2641 me
977 2587 1260 2640 infirmari
1279 2588 1628 2641 sententiam
1666 2587 2013 2658 hujusmodi

361 2672 512 2737 Quid
538 2674 644 2728 tibi
675 2675 767 2728 vis
798 2675 987 2728 dicam
1009 2677 1036 2729 ε)
1083 2692 1201 2729 non
1231 2676 1327 2729 his
1371 2677 1728 2730 mutabimur
1753 2657 2036 2748 unquam:

364 2760 553 2815 Etiam
583 2762 715 2831 ipse
747 2779 921 2833 quem
952 2763 1150 2817 dicunt
1181 2764 1562 2834 sanctum,si,
1589 2766 1879 2834 corporali
1899 2784 2037 2837 spe-

362 2849 450 2904 cie
482 2854 802 2921 resumpta,
827 2868 935 2921 per
952 2868 1018 2907 se
1040 2857 1359 2922 rogaturus
1390 2853 1639 2922 veniret,
1662 2869 2036 2925 nequaquam

362 2954 492 2993 meo
520 2941 815 3008 permissu
851 2956 977 2995 suae
1026 2940 1323 3010 petitionis
1360 2956 1603 3010 compos
1627 2942 1813 2996 fieret.
1852 2943 2032 3009 Bona,

360 3027 551 3098 inquit
579 3028 875 3099 ille,hona,
899 3044 1126 3100 quaeso,
1147 3030 1349 3097 verba,
1375 3044 1448 3084 ne
1472 3029 1543 3083 ad
1567 3031 1921 3099 pontificalis
1942 3047 2037 3086 or-

362 3116 518 3172 dinis
550 3118 849 3173 infamiam
879 3119 937 3171 in
967 3119 1238 3188 publicas
1270 3134 1446 3172 aures
1480 3117 1882 3174 diffundantur
1905 3121 2036 3175 haec

360 3207 556 3260 minus
588 3206 857 3276 honesta,
880 3207 969 3261 vel
995 3207 1169 3263 etiam
1192 3207 1505 3261 occasione
1522 3206 1702 3278 hujus
1722 3209 2035 3262 sententias

358 3296 670 3350 abutantur
692 3301 960 3366 potentes
980 3297 1175 3350 caeteri
1196 3296 1365 3366 quasi
1389 3296 1639 3366 quadam
1658 3298 2029 3351 auctoritate.

288 3378 299 3387 ’
360 3383 519 3456 Ergo
550 3385 663 3439 etsi
693 3401 809 3438 non
840 3386 1120 3453 precibus
1151 3399 1342 3454 neque
1373 3385 1642 3438 consiliis
1686 3385 2031 3452 amicorum,

359 3474 552 3526 tamen
582 3472 879 3525 credimus
911 3477 964 3525 te
1013 3472 1070 3525 id
1103 3472 1195 3525 vel
1236 3472 1450 3525 virtute
1483 3472 1584 3525 Dei
1622 3471 1936 3526 facturum.
1972 3473 2033 3525 Si

359 3560 492 3627 hoc,
524 3560 621 3613 ille
652 3560 858 3630 inquit,
893 3560 1031 3613 dum
1060 3561 1177 3611 vita
1208 3575 1409 3613 comes
1442 3560 1618 3613 fuerit
1646 3561 1718 3613 de
1750 3561 2028 3614 manibus

358 3647 493 3702 istis
542 3647 769 3701 videris
810 3651 1111 3716 ereptum,
1165 3647 1436 3715 spiritum
1478 3648 1652 3701 simul
1702 3648 1850 3716 eripi
1895 3649 2031 3702 sita

360 3736 607 3792 Domino
637 3741 1017 3807 preeceptuin.
1064 3736 1109 3789 Ο
1142 3736 1287 3789 mira
1331 3737 1435 3789 Dei
1485 3737 1815 3806 clementia,
1861 3724 2032 3791 sane;

357 3828 519 3895 tique
567 3823 939 3879 confessoris
990 3823 1083 3877 sui
1130 3820 1447 3891 patientia!
1499 3839 1616 3877 non
1661 3825 1856 3877 statim
1898 3840 2030 3878 cum

360 3916 560 3982 erepta
592 3911 982 3981 possessione
1015 3911 1341 3965 subsecuta
1372 3916 1464 3965 est
1486 3912 1763 3979 vindicta,
1790 3912 1927 3967 licet
1945 3929 2033 3967 se-

360 4000 615 4056 cundum
645 4014 814 4053 suam
837 3998 1131 4068 cptionem
1161 3997 1518 4067 achiprtesul
1552 4002 1849 4067 pateretur
1872 3998 2031 4069 judi-

359 4090 449 4144 cia
476 4091 669 4156 recta,
722 4088 830 4142 sed
861 4103 979 4141 non
1010 4090 1102 4141 est
1132 4087 1293 4140 Deus
1336 4090 1399 4140 ut
1430 4087 1633 4154 homo,
1668 4087 1854 4158 gratis
1885 4103 2027 4156 pro-

360 4178 577 4250 pitians
606 4175 967 4231 conformari
995 4176 1155 4230 limo.

997 4300 1248 4354 CAPUT
1282 4301 1348 4355 V.

357 4409 611 4465 Fratres
634 4407 889 4478 pedibus
909 4407 1037 4460 suis
1062 4410 1398 4478 prostratos
1417 4405 1506 4478 ad
1531 4404 1810 4478 Sanctum
1843 4404 2022 4459 Joan-

430 4496 560 4534 nem
608 4475 669 4533 in
701 4477 893 4531 insula
929 4475 1323 4546 archipraesul
1361 4476 1610 4529 dimittit
1642 4475 1751 4530 sub
1783 4490 2027 4546 respon-

429 4551 597 4605 sione
636 4551 888 4603 incerta.
976 4586 983 4591 .

429 4657 495 4711 In
512 4654 899 4724 crastino,qui
921 4653 1049 4706 dies
1073 4654 1196 4705 erat
1214 4652 1533 4705 Dominicaa
1547 4653 2023 4721 resurrectionis,

359 4748 547 4801 nostri
579 4746 850 4800 seniores
900 4742 971 4796 ad
1016 4741 1295 4810 templum
1337 4740 1536 4794 Sancti
1565 4740 1814 4794 Joannis
1849 4741 1908 4793 in
1937 4741 2029 4793 in-

361 4837 490 4891 sula
521 4835 620 4890 ubi
641 4832 1026 4889 dedicationis
1079 4829 1350 4901 ejusdem
1392 4829 1590 4899 templi
1620 4830 1834 4901 agebat
1863 4846 2028 4900 mys-

360 4925 524 4993 teria,
549 4921 831 4993 prostrati
851 4919 1102 4989 pedibus
1132 4917 1287 4988 ejus,
1313 4916 1738 4971 Misericordia
1769 4917 2025 4987 Domini,

360 5013 664 5085 inquiunt,
701 5010 875 5081 plena
927 5014 1018 5062 est
1067 5013 1230 5061 terra
1281 5005 1468 5075 (Psal.
1518 5007 1724 5073 χχχιι).
1766 5006 1855 5061 Ne
1885 5022 2030 5077 ergo

361 5103 617 5156 alienum
649 5098 721 5151 ab
750 5098 847 5151 illa
882 5099 937 5151 te
977 5096 1277 5168 contingat
1319 5094 1482 5162 fieri,
1519 5094 1611 5147 fac
1641 5110 1769 5149 eam
1794 5136 1807 5163 ,
1855 5110 2029 5163 quam

362 5187 689 5260 quaarimus
730 5184 1229 5254 misericordiam,
1292 5184 1383 5238 vel
1422 5183 1496 5237 ob
1528 5199 1740 5237 nomen
1774 5184 2025 5238 Domini.

359 5278 461 5331 llle
490 5290 608 5329 non
639 5278 851 5343 praeter
881 5273 1119 5327 solitum
1151 5288 1341 5343 usque
1385 5276 1554 5327 cauta
1584 5271 1879 5326 locutione
1915 5272 2026 5325 du-

362 5365 493 5420 bios
524 5361 746 5417 dimisit
773 5360 885 5415 sub
919 5361 1140 5415 incerta
1167 5362 1579 5432 responsione.

1011 5485 1263 5539 CAPUT
1293 5486 1389 5540 VI.

434 5595 533 5652 Ad
574 5594 756 5649 Deum
793 5592 1020 5646 intenta
1079 5591 1428 5662 supplicatio
1472 5597 1531 5647 et
1572 5591 1924 5648 clericorum
1966 5608 2035 5647 ac

610 5665 892 5720 laicorum
916 5662 1270 5717 intuentium
1307 5664 1403 5733 pia
1434 5663 1781 5735 compassio.

433 5754 765 5832 Igiturjipsa
782 5752 874 5809 die
898 5750 1238 5808 convocatis
1259 5751 1628 5822 principibus
1648 5757 1705 5809 et
1726 5751 2032 5823 episcOpis

2068 3256 2118 3318 C

2151 1969 2428 2023 Sanctam
2469 1969 2822 2023 Trinitatem
2862 1985 2993 2022 cum
3036 1969 3352 2039 antipliona
3392 1967 3469 2023 Te
3493 1968 3673 2022 Deum
3710 1969 3828 2023 Pa-

2154 2064 2305 2112 trem
2348 2059 2705 2129 ingenitum,
2739 2058 3251 2126 subsequentibus
3282 2059 3414 2111 aliis
3454 2058 3830 2111 orationibus

2151 2146 2221 2200 ad
2254 2147 2683 2216 impetrandum
2717 2146 2989 2216 ejusdem
3019 2146 3079 2199 S.
3108 2146 3409 2199 Trinitatis
3440 2147 3752 2199 auxilium.

2224 2237 2296 2287 At
2324 2250 2465 2289 vero
2490 2235 2706 2305 quique
2739 2235 3089 2289 clericorum
3121 2249 3188 2288 ac
3212 2235 3492 2288 laicorum
3526 2235 3829 2289 intuentes

2152 2324 2376 2378 vultum
2409 2327 2746 2378 nostrorum
2769 2323 3251 2393 immutatumque
3271 2323 3530 2377 colorem
3564 2324 3833 2377 indican-

2152 2415 2266 2466 tem
2298 2412 2587 2465 internum
2620 2412 2797 2466 animi
2829 2413 3094 2466 dolorem
3118 2415 3308 2465 mente
3340 2410 3829 2481 vulnerabantur,

2154 2502 2638 2571 confluentesque
2671 2501 2906 2570 publica
2938 2500 3364 2570 supplicatione
3387 2500 3573 2553 nostri
3592 2500 3831 2554 similes

2154 2590 2579 2644 efficiebantur.
2626 2590 3051 2644 Protendentcs
3092 2604 3234 2660 ergo
3268 2604 3477 2641 manus
3506 2588 3565 2641 in
3607 2589 3831 2642 coelum

2153 2678 2419 2732 universi
2452 2679 2921 2747 deprecabantur
2942 2678 3126 2731 Deum
3142 2677 3315 2731 nobis
3338 2678 3651 2746 propitium
3671 2677 3831 2731 fieri.

2155 2767 2286 2820 Non
2318 2767 2545 2821 modica
2577 2782 2720 2821 vero
2765 2770 2889 2821 erat
2938 2771 3275 2821 nostrorum
3318 2765 3670 2835 obsecratio,
3704 2766 3831 2821 imo

2153 2860 2209 2909 et
2238 2856 2580 2925 trepidatio,
2628 2871 2734 2925 pro
2776 2872 2845 2909 eo
2876 2856 3032 2925 quod
3080 2854 3139 2907 in
3188 2858 3583 2923 contemptum
3615 2855 3830 2908 venire

2153 2944 2295 2997 tanti
2325 2944 2699 2998 confessoris
2715 2944 2983 2997 videntes
3013 2943 3426 3011 reverentiam,
3450 2942 3831 2996 locidesola-

2154 3032 2370 3087 tionem
2418 3032 2700 3086 timebant
2746 3031 3073 3100 affuturam,
3118 3029 3370 3100 amplius
3416 3030 3831 3084 insultantium

2150 3121 2498 3191 perpessuri
2519 3120 2965 3189 blasphemiam.

2221 3210 2335 3263 Sed
2386 3210 2485 3280 qui
2530 3225 2646 3263 non
2695 3208 3066 3263 obliviscitur
3114 3208 3390 3262 misereri
3438 3208 3596 3261 Deus
3629 3206 3829 3275 (Psal.

2147 3300 2366 3366 Lxxw),
2399 3298 2605 3352 extulit
2655 3298 2765 3351 hac
2811 3297 3128 3371 occasione
3162 3300 3433 3351 sanctum
3464 3311 3642 3349 suum
3683 3297 3830 3350 sub-

2148 3386 2367 3441 limius.

2784 3476 3034 3530 CAPUT
3069 3476 3189 3530 Vll.

2148 3562 2450 3618 Scrinium
2491 3566 2689 3619 sancti
2733 3582 2860 3619 cum
2895 3566 3092 3621 sonitu
3140 3564 3214 3618 ab
3255 3565 3434 3619 altari
3471 3563 3835 3618 sublevatur

2217 3642 2274 3690 et
2306 3636 2450 3689 inde
2481 3635 2807 3691 consolatio
2832 3636 3087 3707 plurima
3119 3636 3511 3690 cernentibus
3541 3635 3747 3689 datur.

2217 3725 2361 3778 Post
2391 3724 2681 3793 expletam
2710 3741 2962 3795 namque
2985 3724 3497 3794 supplicationem,
3518 3738 3652 3793 quae
3674 3738 3833 3791 prae-

2144 3812 2299 3866 dicta
2330 3815 2448 3881 est,
2485 3813 2809 3868 ambientes
2841 3814 3007 3884 regis
3056 3813 3457 3883 praesentiam,
3510 3814 3572 3865 ut
3617 3826 3830 3865 coram

2148 3900 2311 3955 fandi
2340 3901 2551 3955 saltem
2586 3917 3091 3972 consequeremur
3136 3901 3451 3968 licentiam,
3503 3900 3824 3954 manifeste

2149 3990 2334 4069 liggis
2358 3989 2775 4059 omnipotentis
2789 3991 3015 4059 experti
3034 4006 3243 4043 sumus
3259 3988 3830 4059 providentiam,per

2145 4078 2425 4132 virtutum
2459 4094 2701 4132 suarum
2732 4078 3027 4150 insignem
3078 4082 3132 4132 et
3184 4077 3587 4131 admirabilem
3614 4079 3832 4145 poten-

2144 4166 2301 4219 tiam.
2324 4165 2552 4220 Etenim
2575 4167 2862 4220 scrinium
2896 4167 3104 4231 sancti,
3135 4166 3292 4236 quod
3327 4165 3665 4235 impositum
3696 4166 3832 4218 erat

2143 4254 2375 4309 Sancta:
2404 4254 2707 4309 Trinitatis
2754 4255 2944 4322 altari,
2981 4270 3114 4309 cum
3159 4254 3466 4323 repentino
3499 4252 3698 4307 sonitu
3728 4252 3832 4305 vi-

2143 4358 2276 4397 sum
2307 4346 2400 4397 est
2430 4344 2488 4397 in
2518 4358 2653 4398 aera
2685 4343 3010 4398 sublevari.
3045 4343 3211 4409 Quod
3243 4342 3522 4395 nimirum
3552 4341 3612 4394 in
3632 4340 3825 4393 admi-

2143 4431 2430 4487 rationem
2480 4436 2856 4501 promoverat
2902 4448 3007 4488 eos
3052 4431 3152 4503 qui
3209 4432 3538 4497 astiterant,
3598 4428 3828 4498 quique

2145 4537 2258 4575 una
2290 4538 2423 4576 cum
2454 4522 2701 4577 custode
2731 4524 3069 4576 sanctarum
3100 4520 3483 4590 reliquiarum
3530 4516 3825 4571 excubias

2060 4609 2107 4670 D
2142 4609 2541 4677 celebrabant,
2586 4612 2643 4664 et
2690 4610 2846 4680 quod
2888 4610 3088 4663 visum
3137 4612 3231 4664 est
3275 4608 3454 4678 digna
3497 4606 3608 4660 tide
3643 4604 3825 4661 nobis

2142 4697 2546 4752 dubitantibus
2570 4699 2961 4768 exponebant.
2984 4698 3151 4752 Unde
3180 4698 3499 4767 plurimum
3530 4692 3829 4747 consolati

2139 4788 2260 4839 toto
2292 4787 2427 4840 nisu
2460 4787 2580 4841 Deo
2612 4787 3156 4842 commendanimus
3189 4787 3365 4840 ﬁnem
3397 4784 3556 4837 facti.

2274 4876 2289 4893 '
2743 4890 3206 4931 ADNOTATIONES.

2211 4962 2453 5019 Etenim
2509 4965 2795 5018 scrinium
2848 4966 3043 5018 sancti
3091 4963 3242 5031 quod
3301 4962 3629 5031 impositum
3681 4965 3823 5031 erat

2211 4981 2453 5019 etenim
2509 4981 2795 5018 scrinium
2848 4981 3040 5018 sancti
3132 4981 3237 5018 uoa
3301 4981 3629 5031 nnposuum
3681 4981 3819 5012 erat

2140 5032 2377 5091 Sanctae
2410 5036 2727 5090 Trinitatis
2748 5035 2950 5090 altari.
2977 5035 3065 5089 Ex
3091 4981 3216 5088 (lico
3249 5035 3438 5101 capite
3479 5030 3819 5097 desumpsit

2139 5103 2425 5180 [Egidius
2462 5110 2681 5180 Aureae
2721 5107 2916 5180 vallis_
2936 5106 3262 5180 secundum
3295 5109 3470 5180 caput
3498 5103 3823 5180 Gestorum

2142 5170 2331 5237 salicti
2361 5178 2707 5246 Theoduini,
2766 5177 2923 5247 quod
2968 5176 3168 5247 incipit
3201 5190 3212 5231 :
3251 5198 3272 5222 ει
3310 5170 3479 5229 Anno
3520 5170 3681 5241 1071,
3732 5186 3819 5224 vn

2144 5254 2282 5308 ldus
2313 5250 2684 5305 Stabulensis
2717 5248 3144 5315 coenobiorum,
3183 5267 3205 5295 ι
3243 5250 3352 5301 etc.

2766 5335 3019 5391 CAPUT
3058 5335 3208 5389 VIII.

2215 5430 2436 5500 Regem
2467 5441 2670 5500 super_
2683 5424 2997 5500 prandium
3039 5422 3269 5500 fratres
3298 5422 3806 5500 circumveniunt,

2214 5493 2704 5572 Barebcrg'ensis
2717 5495 3059 5567 episcOpusj
3062 5496 3181 5550 usti
3186 5496 3325 5548 tiam
3333 5493 3595 5565 protelet
3612 5494 3675 5546 in
3688 5509 3819 5547 cra-

2213 5574 2451 5626 stinum.
3580 5592 3583 5593 ν

2140 5661 2284 5715 (tum
2330 5676 2475 5731 ergo
2521 5674 2719 5714 moras
2766 5658 2941 5713 nobis
2991 5655 3265 5727 protendi
3307 5654 3382 5708 ab
3428 5669 3570 5725 rege
3618 5657 3675 5707 et
3714 5669 3816 5706 ar-

2142 5751 2500 5821 chepiscopo
2532 5747 2997 5819 intelligeremus
3027 5748 3185 5815 (nam
3226 5746 3284 5800 et
3314 5743 3590 5801 dominus
3622 5740 3813 5797 abbas
