3978 6178
176 379 273 442 347
1139 377 1649 442 TRIUMPHUS
1681 376 1743 439 S.
1775 376 2178 440 REMACLI.
2211 414 2281 425 -—
2303 379 2461 442 LIB.
2498 382 2575 442 II.

167 582 272 652 jam
289 581 500 635 dixerat
516 581 597 635 nil
628 583 851 635 certum
877 580 995 635 sibi
1038 579 1282 634 tractari
1331 579 1404 633 ab
1453 577 1792 649 aliquibus)
1828 561 1875 622 Α

173 670 448 725 consilium
477 670 676 724 hocin
720 685 1030 725 commune
1090 669 1326 736 inimus,
1386 672 1449 723 ut
1504 668 1791 722 adeuntes

170 774 342 830 regem
368 774 470 827 pro
514 759 688 813 nobis
718 758 853 827 ipsi,
888 762 948 812 ut
976 773 1075 812 res
1094 758 1400 828 poscebat,
1436 771 1633 810 coram
1664 756 1790 810 elo-

171 832 470 918 queremur.
503 847 793 901 latrantes
818 847 1012 917 itaque
1042 847 1393 917 pomarium,
1446 845 1547 899 ubi
1605 844 1792 915 regali

169 935 561 1006 magniﬁcentia
592 935 1001 990 discumbebat
1029 951 1137 989 rex
1185 950 1318 988 cum
1368 934 1497 988 suis
1547 933 1791 1003 Optima-

169 1026 298 1078 tibus
325 1024 393 1078 ad
420 1024 749 1095 prandium,
780 1024 1256 1093 assistentesque
1271 1038 1403 1076 cum
1432 1022 1527 1092 pia
1559 1021 1787 1093 suppli-

166 1114 377 1181 catione,
402 1113 502 1167 uni
532 1113 939 1167 commisimus
972 1112 1392 1182 prmioquium:

276 1220 658 1291 Bexﬂnquit,
680 1218 931 1289 domine,
957 1218 1113 1291 felix
1120 1235 1236 1290 per
1264 1218 1477 1291 saecula
1506 1219 1658 1291 vive,

273 1290 345 1343 Et
378 1289 573 1344 victor
592 1305 833 1361 regnes,
867 1290 1023 1343 velut
1046 1289 1311 1361 Optamus
1332 1289 1750 1345 Stabulenses.

215 1396 591 1468 Suggerimus
623 1396 924 1450 humiliter
950 1400 1067 1451 tuae
1095 1396 1393 1467 majestati
1410 1400 1474 1451 ut
1507 1397 1663 1467 quod
1700 1397 1790 1451 fa-

160 1489 233 1539 cto
253 1500 390 1555 opus
411 1486 509 1553 sit,
530 1484 737 1539 videas
758 1488 817 1539 et
847 1485 987 1556 quid
1028 1486 1402 1540 commiseris
1437 1486 1498 1539 in
1520 1488 1790 1540 sanctum

160 1574 261 1641 Dei,
294 1574 381 1628 cui
413 1574 736 1640 servimus,
758 1589 1183 1644 recognoscas,
1212 1575 1481 1643 factaque
1513 1575 1787 1645 recogni-

156 1663 303 1731 tione,
323 1678 454 1717 cum
472 1663 749 1733 patribus
768 1664 886 1717 tuis
908 1665 967 1717 in
990 1665 1275 1718 aeternum
1291 1663 1484 1717 vivas.
1505 1662 1790 1717 Obsecra-

152 1767 261 1806 mus
275 1767 502 1822 quoque
521 1756 578 1807 te
594 1767 701 1821 pro
732 1754 887 1806 statu
912 1752 1083 1824 regni
1109 1751 1268 1823 quod
1298 1751 1647 1821 possedisti,
1682 1768 1788 1820 pro

153 1839 281 1893 bono
309 1840 519 1909 sancti,
554 1840 711 1911 quod
734 1841 1050 1911 cupiditate
1079 1840 1471 1911 quorumdam
1500 1841 1786 1910 deprava-

3459 384 3578 449 318

2518 596 2957 638 ANNOTATIONEB

1972 667 2088 721 Ubi
2101 667 2294 739 regali
2305 668 2745 739 magnificentia
2760 671 3170 727 discumbebat
3185 690 3312 729 cum
3324 677 3579 732 suis.Al-

1904 737 2052 792 latas
2082 737 2272 793 fuisse
2294 739 2366 815 ad
2400 737 2600 815 regem
2614 742 2803 795 sancti
2828 743 3092 796 Remacli
3127 746 3414 815 reliquias
3439 764 3572 803 cum

1902 825 2234 878 pransurus
2284 810 2717 879 discumberet,
2769 816 3020 867 testatur
3071 810 3312 870 disertis
3362 819 3572 874 verbis

1913 880 2261 954 Lambertus
2282 881 2895 954 Schafnaburgensis;
2921 884 3008 938 sic
3041 886 3343 941 enimille:
3376 888 3572 943 «Inito

1913 952 2160 1005 consilio
2191 954 2277 1020 (ut
2306 952 2729 1020 fertur)divina
2746 955 2816 1008 ad
2838 952 2950 1009 hcc
2972 956 3328 1011 revelatione
3359 958 3571 1013 incita-

1906 1023 1967 1099 ti,
2003 1038 2144 1076 ossa
2170 1023 2335 1099 beati
2380 1025 2639 1099 Bemacli
2686 1025 2903 1099 levant,
2936 1026 3220 1081 Leodium
3270 1028 3562 1099 deferunt,

1903 1096 1960 1147 et
2006 1108 2147 1164 rege
2194 1094 2423 1171 celebri
2463 1095 2715 1165 quodam
2761 1096 2893 1150 loco
2944 1099 3283 1152 convivium
3327 1094 3560 1171 agente,

1903 1179 2084 1232 super
2113 1179 2377 1219 mensam
2409 1166 2600 1234 ipsam
2631 1171 2949 1236 apponunt.
2989 1192 3010 1217 ι»

2538 1254 2787 1310 CAPUT
2828 1256 2926 1310 IX.

1902 1340 2898 1420 Corpusgsanrti_impraesentiarum
2917 1345 3175 1401 afferunt
3207 1365 3389 1420 super
3404 1367 3565 1406 men-

1935 1427 2059 1465 sam
2083 1418 2141 1466 et
2163 1413 2235 1467 de
2252 1414 2513 1468 induviis
2541 1423 2988 1486 conquerentes,
3008 1413 3529 1490 petuntjustitiam

1970 1500 2078 1554 His
2111 1503 2377 1571 episcopi
2408 1505 2609 1557 verbis
2641 1505 2947 1576 increduli,
2983 1508 3098 1561 imo
3132 1508 3292 1563 dubii
3325 1510 3463 1564 facti
3491 1510 3563 1568 de

1899 1590 2178 1660 crastino,
2204 1591 2339 1661 quia
2354 1591 2497 1645 nihil
2513 1593 2659 1646 satis
2679 1593 3330 1666 festinareturcupienti
3346 1598 3559 1669 animo,

1898 1694 2116 1748 corpus
2131 1681 2356 1749 patroni
2370 1682 2556 1735 nostri
2577 1682 3111 1752 imprmsentiarum
3132 1683 3347 1740 afferre
3361 1702 3568 1742 neces-

1898 1769 2120 1821 sarium
2151 1768 2428 1822 duximus
2460 1771 2754 1825 communi
2787 1772 3037 1827 consilio
3063 1791 3074 1838 ;
3111 1790 3225 1844 quo
3256 1790 3329 1828 ex
3352 1775 3564 1845 impro-

1896 1856 2026 1910 viso
2050 1858 2317 1926 exposito
2352 1874 2534 1928 super
2564 1874 2829 1913 mensam
2861 1861 3109 1931 regiam,
3138 1862 3247 1933 En,
3281 1862 3558 1931 diximus,

151 1932 227 1983 tus
253 1929 577 2000 inﬁrmasti,
612 1930 888 2001 quodque
919 1929 1034 1984 sibi
1077 1929 1450 1984 contulerunt
1481 1932 1538 1984 et
1574 1930 1777 1984 contir-

1959 1961 2092 1999 sum
2121 1945 2377 2016 cui,rex,
2398 1946 2546 2002 facis
2569 1929 3310 2021 injustitiam,vrecognoce
3342 1968 3489 2024 ergo
3508 1954 3563 2007 ei

151 2022 422 2072 moverunt
467 2018 870 2088 potentissimi
913 2019 1397 2089 praedecessores
1450 2018 1569 2088 tui,
1628 2019 1789 2090 quod

149 2106 292 2160 etiam
322 2108 670 2163 inviolatum
686 2110 743 2162 et
777 2107 1192 2162 inconvulsum
1221 2107 1563 2177 permansit,
1594 2123 1786 2178 usque

148 2195 206 2248 ad
231 2195 349 2249 haec
375 2202 645 2267 tempora
674 2196 757 2251 tui
785 2195 1047 2264 dominii,
1072 2199 1133 2250 ut
1166 2196 1254 2249 sic
1296 2196 1611 2266 praecipias
1641 2196 1785 2252 illud

149 2284 369 2354 restitui,
410 2286 713 2356 quomodo
752 2284 1067 2356 privilegia
1091 2287 1382 2339 testantur
1409 2285 1783 2355 monasterii;

146 2372 277 2425 velsi
305 2388 480 2428 secus
510 2374 608 2428 vis
640 2373 790 2443 ﬁeri,
823 2374 933 2428 erit
961 2373 1260 2428 tibicausa
1288 2372 1557 2443 periculi.
1584 2374 1781 2428 Locus

147 2459 277 2514 enim
295 2464 520 2530 noster,
544 2462 843 2532 quondam
862 2462 1231 2517 honorabilis
1259 2465 1315 2516 et
1336 2463 1678 2531 opulentus,
1702 2463 1784 2515 vi-

144 2549 285 2604 detur
310 2552 551 2621 penitus
584 2550 844 2605 desolari
876 2551 994 2605 tuis
1018 2551 1407 2620 temporibus,
1441 2567 1617 2622 quem
1648 2553 1779 2605 ante

144 2641 188 2691 te
211 2639 507 2693 coluerunt
538 2639 926 2708 imperatores
959 2639 1209 2693 summis
1239 2639 1589 2693 honoribus.
1622 2640 1780 2694 Con-

142 2728 294 2781 traria
321 2742 581 2799 namque
613 2728 769 2781 illata
791 2728 1144 2796 conditione,
1162 2727 1419 2798 undique
1442 2728 1780 2782 distrahun-

142 2818 218 2868 tur
241 2816 390 2871 illius
423 2818 649 2887 optima
679 2832 969 2887 qumque.
1014 2816 1172 2888 Ergo
1205 2832 1277 2872 ne
1323 2816 1622 2871 consistas
1660 2817 1779 2871 illis

141 2904 376 2974 inferior,
409 2906 505 2959 vel
540 2906 600 2959 in
630 2904 826 2975 aliquo
850 2905 1021 2977 regni
1053 2908 1269 2959 statuto
1299 2905 1575 2974 deterior,
1609 2906 1778 2975 plan-

142 2994 352 3048 teturin
401 2994 588 3049 corde
618 2996 717 3048 tuo
738 2994 1001 3065 justitia,
1052 2998 1108 3048 et
1155 2994 1483 3049 ﬁrmabitur
1525 2994 1778 3049 thronus

141 3086 254 3135 tuus
280 3082 338 3136 in
366 3083 597 3138 saecula
627 3082 834 3151 (Prov.
869 3084 1034 3152 xxv).

199 3170 313 3225 Rex
355 3174 553 3227 autem
605 3187 739 3226 cum
780 3172 838 3225 in
877 3171 1389 3242 archiepiscopum
1428 3172 1776 3242 intenderet,

1895 2034 2053 2106 quod
2082 2038 2240 2089 totus
2272 2035 2436 2090 orbis
2466 2036 2581 2107 ipsi
2611 2037 2908 2107 adjudicat
2937 2039 3432 2109 pr0prium.Ecce
3453 2058 3560 2111 pro

1893 2123 2023 2193 ipsa
2044 2122 2334 2194 injustitia
2354 2129 2518 2179 tuum
2541 2141 2722 2196 super
2739 2129 2956 2180 terram
2979 2127 3557 2199 requiritjudicium:

1893 2211 2027 2266 vide
2058 2202 2132 2267 ne
2162 2212 2533 2285 negligas,ut
2556 2215 2743 2270 nonin
2767 2215 2934 2270 cmlis
2963 2216 3283 2270 adversum
3312 2220 3369 2271 te
3400 2234 3560 2288 quaa-

1893 2303 1981 2353 rat
2004 2299 2267 2371 judicem
2297 2302 2503 2356 Deum.
2538 2302 2788 2372 Propter
2808 2306 2863 2357 te
2877 2303 3087 2374 (inquit
3118 2319 3225 2358 rex
3257 2305 3327 2358 ad
3361 2305 3560 2359 archi-

1894 2389 2233 2459 praesulem)
2282 2390 2347 2443 fit
2392 2391 2565 2445 nobis
2613 2391 2703 2445 hae
2734 2392 3068 2462 importuna
3116 2391 3389 2447 invectio.
3442 2392 3557 2448 Sed

1892 2478 2152 2547 quandiu
2182 2482 2397 2547 praeter
2428 2495 2647 2533 morem
2678 2480 2969 2551 majorum
3002 2495 3268 2536 meorum
3289 2481 3419 2536 haec
3438 2482 3555 2551 pati

1891 2566 2130 2621 habeo?
2170 2568 2584 2622 Animadverte
2625 2569 2780 2639 quod
2829 2569 2945 2622 nisi
2994 2572 3213 2624 mutata
3264 2571 3557 2624 sententia

1888 2655 2044 2709 aliud
2075 2656 2538 2727 decreverimus,
2570 2658 2640 2711 de
2673 2658 2861 2712 salute
2892 2661 3093 2712 nostra
3128 2658 3448 2728 periclitari
3479 2660 3554 2715 ob

1887 2744 2002 2798 hoc
2031 2746 2088 2798 in
2118 2746 2384 2814 proximo
2417 2747 2765 2817 poterimus.
2792 2746 2908 2802 Sed
2931 2747 3029 2802 illo
3059 2747 3142 2803 nil
3170 2749 3343 2803 nobis
3373 2749 3557 2819 proﬁ-

1889 2849 2063 2887 cuum
2095 2834 2165 2888 ad
2211 2850 2279 2889 ea
2314 2835 2709 2906 respondente
2761 2836 2867 2889 sed
2918 2837 3112 2908 magis
3141 2836 3561 2913 pronuntiante

1888 2937 1998 2977 nos
2030 2923 2226 2977 nimiae
2257 2923 2740 2994 praesumptionis
2774 2927 2827 2978 et
2874 2925 3157 2995 audaciae,
3193 2941 3299 2980 rex
3346 2924 3556 2980 iterum

1889 3012 2275 3082 sponsionem
2319 3012 2457 3066 fecit
2504 3028 2610 3082 per
2656 3012 2925 3067 inducias
2981 3014 3040 3067 in
3091 3013 3436 3083 crastinum,
3488 3030 3555 3070 se

1887 3101 2060 3155 nobis
2084 3101 2344 3172 omnemj
2356 3101 2612 3154 ustitiam
2627 3116 2732 3169 pro
2749 3105 2881 3155 voto
2894 3105 3099 3155 nostro
3119 3102 3555 3171 facturum,non

1888 3205 2047 3260 esse,
2082 3188 2375 3260 inquiens,
2410 3193 2801 3259 opportunum
2832 3190 3083 3260 tempori
3116 3205 3243 3244 rem
3292 3189 3551 3246 diffinire

138 3260 279 3328 quasi
306 3260 616 3315 docendus
646 3261 721 3315 ab
750 3261 883 3331 ipso
915 3261 1056 3332 quid
1078 3261 1262 3329 ﬁeret,
1284 3262 1529 3332 ipseque
1552 3262 1777 3330 cupidi-

1955 3278 2017 3331 lis
2050 3278 2291 3349 negotii.
2327 3277 2646 3331 Identidem
2680 3279 2871 3332 omnis
2907 3293 3238 3333 consessus
3270 3278 3552 3348 episcpo-

138 3349 231 3400 tate
258 3349 389 3403 boni
419 3353 626 3404 tentus
657 3349 1103 3419 conticesceret,
1137 3350 1411 3419 apposuit
1442 3349 1633 3404 adhuc
1664 3366 1773 3405 no-

138 3440 241 3489 ster
268 3441 479 3508 orator,
516 3442 581 3492 ut
611 3437 859 3492 diceret:
892 3438 1061 3506 Quid,
1098 3439 1330 3492 domine
1378 3454 1501 3507 rex,
1533 3442 1776 3510 propter

137 3521 268 3579 hunc
295 3528 487 3580 solum
519 3526 823 3580 hominem
851 3526 1217 3595 obmutuisti,
1235 3528 1326 3581 cui
1353 3530 1558 3582 contra
1587 3528 1775 3582 decus

138 3614 278 3684 regni
303 3615 603 3670 indecenti
633 3615 990 3685 discipulatu
1020 3620 1077 3669 te
1110 3615 1466 3670 subdidisti?
1511 3616 1776 3671 Conver-

136 3716 330 3772 susque
359 3705 433 3757 ad
464 3705 698 3758 circum
730 3705 1038 3758 sedentes:
1063 3702 1213 3768 Quid
1237 3720 1365 3774 vos,
1388 3706 1594 3775 inquit,
1630 3706 1780 3776 epis-

136 3790 243 3859 copi
269 3792 558 3864 regnique
590 3793 944 3862 optimates?
973 3809 1078 3846 cur
1110 3808 1307 3847 coram
1349 3793 1773 3863 conticescitis,

134 3893 221 3946 pro
240 3879 466 3950 justitia
497 3882 666 3951 loqui
695 3882 973 3936 timentes
990 3883 1018 3935 ?

190 3969 269 4022 Ad
295 3969 421 4024 haec
452 3970 626 4025 vultu
657 3973 876 4025 mutato
917 3969 1405 4041 archiepiscopus
1431 3987 1443 4026 :
1478 3971 1629 4036 Quid
1660 3972 1775 4041 (in-

134 4057 254 4125 quit)
279 4058 449 4113 vobis
480 4057 810 4114 auferendo
828 4059 1038 4115 admisi
1055 4061 1296 4115 reatus?
1316 4063 1414 4115 aut
1433 4076 1551 4131 quo
1570 4064 1775 4116 sancto

132 4144 237 4199 viro
264 4162 393 4201 sum
423 4147 728 4202 obnoxius
743 4148 772 4201 ?
792 4147 888 4202 Nil
910 4164 1108 4203 causa:
1127 4148 1201 4202 ad
1222 4149 1652 4219 impetrandum
1672 4150 1774 4204 ba-

131 4229 311 4289 bentes
339 4235 570 4290 frustra
617 4235 887 4305 nitimini,
920 4238 1058 4307 quia
1106 4237 1251 4292 nihil
1298 4253 1556 4309 unquam
1587 4238 1773 4293 vestri

125 4319 257 4388 juris
270 4325 451 4396 attigi.
477 4325 587 4378 Ille
610 4327 868 4393 econtra,
892 4341 1009 4380 non
1027 4326 1144 4380 nisi
1167 4326 1569 4398 rectumjusta
1591 4343 1773 4381 causa

131 4411 425 4483 querimus,
458 4413 851 4484 praebendam
882 4415 1112 4468 scilicet
1138 4418 1426 4484 nostram,
1463 4431 1638 4487 quam
1678 4415 1767 4469 in-

133 4500 388 4566 consulte,
423 4505 723 4556 annuente
755 4502 991 4556 domino
1023 4518 1185 4575 rege,
1218 4504 1493 4558 invasisti
1523 4506 1771 4559 temera-

131 4584 251 4641 rius.
266 4586 545 4652 Quiedim
558 4590 631 4643 ab
654 4590 817 4644 initio
844 4593 1185 4645 constructa
1208 4591 1337 4646 haac
1356 4591 1470 4646 duo
1501 4593 1770 4647 cmnobia

131 4677 320 4739 ιιι-εειιί
349 4681 407 4732 et
434 4677 629 4732 abbas
658 4682 912 4747 rexerat,
947 4680 1101 4733 sicut
1131 4679 1190 4733 in
1219 4681 1510 4735 ambobus
1540 4681 1766 4736 consti-

132 4761 248 4818 tutis
276 4780 376 4820 cor
396 4782 541 4821 esse
573 4783 754 4820 unum
789 4770 845 4820 et
873 4768 1127 4821 animam
1155 4784 1330 4822 unam
1360 4770 1644 4839 voluerat,
1681 4771 1769 4825 sic

132 4854 179 4901 ut
204 4869 305 4906 una
335 4859 501 4909 esset
522 4855 842 4924 praebenda
865 4856 1141 4910 omnibus
1173 4859 1408 4911 natatum
1431 4859 1767 4913 successio-

134 4938 279 4994 nibus
305 4943 627 4997 tenendum
665 4942 1004 5013 reliquerat.
1040 4944 1137 4998 Sic
1185 4960 1328 5017 ergo
1373 4948 1430 5000 et
1474 4962 1585 5000 nos
1616 4947 1768 5001 velle

132 5027 299 5083 tenere
319 5046 435 5085 non
467 5035 567 5085 est
594 5031 1101 5102 injustitia,sedle
1132 5032 1455 5089 abstulisse
1486 5038 1769 5105 quantum

132 5116 273 5170 nefas
294 5119 444 5188 vide,
469 5121 807 5190 quantaque
839 5120 917 5174 sit
944 5120 1181 5191 injuria.
1205 5122 1280 5176 At
1299 5123 1619 5193 episcopus
1652 5124 1767 5177 Ba-

133 5204 513 5277 vebergensis,
552 5207 651 5278 qui
690 5208 967 5278 provisor
998 5209 1180 5281 regiae
1209 5211 1421 5266 domus
1471 5216 1598 5266 erat
1627 5216 1767 5268 tunc

1790 4642 1842 4704 D

1886 3382 2013 3420 rum
2034 3367 2398 3434 hortabatur,
2414 3367 2776 3438 rogabatque
2802 3370 2863 3422 ut
2891 3366 3126 3421 interim
3144 3368 3474 3422 referretur
3491 3368 3550 3422 in

1889 3455 2171 3525 templum
2204 3471 2420 3526 corpus
2440 3456 2800 3511 venerabile.
2816 3456 3110 3510 Incertum
3130 3459 3240 3524 est,
3266 3456 3551 3526 diximus,

1892 3544 2031 3614 quid
2061 3545 2324 3614 paritura
2355 3544 2432 3598 sit
2472 3544 2601 3598 dies
2650 3545 2925 3615 crastina,
2971 3545 3110 3599 dum
3157 3546 3330 3600 modo
3380 3561 3555 3617 aeque

1890 3634 2041 3687 bene
2072 3633 2268 3688 facere
2298 3648 2415 3687 non
2446 3633 2642 3687 minus
2672 3634 2752 3687 sit
2772 3634 2995 3687 licitum
3025 3633 3315 3704 imperiali
3349 3637 3553 3702 poten-

1885 3722 2001 3776 tiae.
2027 3722 2140 3776 Pro
2171 3722 2359 3777 salute
2388 3738 2498 3776 sua
2540 3723 2796 3793 itemque
2826 3738 2932 3793 pro
2965 3722 3280 3777 stabilitate
3312 3723 3405 3777 sui
3436 3722 3552 3776 im-

1885 3811 2033 3881 perii
2060 3826 2265 3882 regem
2295 3811 2550 3881 petimus
2584 3828 2655 3865 ne
2689 3811 2909 3865 diutius
2941 3827 3053 3866 nos
3087 3810 3414 3880 suspendat
3455 3810 3550 3865 his

1882 3899 2253 3954 induciarum
2301 3899 2702 3954 dilationibus.
2738 3900 2812 3952 At
2858 3900 3031 3955 bonae
3077 3900 3294 3972 indolis
3346 3899 3553 3971 regina

1884 3988 2338 4058 conjuxipsius,
2373 4004 2507 4042 cum
2552 3988 2841 4057 prodesse
2873 3987 3111 4057 quidem
3153 4003 3270 4042 non
3316 3992 3549 4058 posset,

1881 4075 2175 4147 lacrymas
2206 4077 2488 4131 fundebat
2519 4093 2625 4146 pro
2656 4077 2961 4147 precibus.

2503 4180 2940 4219 ADNO‘I‘ATIONES

1954 4253 2331 4324 Recognosce
2345 4268 2489 4324 ergo
2502 4254 2560 4307 ei
2573 4253 2723 4324 quod
2736 4258 2890 4324 totus
2902 4251 3210 4324 orbisjpsi
3221 4251 3544 4324 adiudicat.

1885 4324 2082 4396 Hujus
2115 4321 2555 4396 obsecrationis
2581 4321 3017 4396 religiosorum
3064 4321 3508 4396 Stabulensium
3533 4365 3546 4390 ,

1880 4393 2145 4449 meminit
2173 4410 2407 4465 quoque
2439 4393 2794 4448 Lambertus
2835 4393 3420 4465 Schafnaburgensis
3452 4393 3548 4447 his

1880 4467 2103 4521 verbis.
2124 4488 2147 4517 ι
2172 4463 2856 4537 Obsécrantes(scilicet
2877 4463 3422 4537 religiosigpraet‘ati)
3443 4479 3551 4537 per

1879 4538 2086 4607 Deum,
2118 4542 2181 4592 ut
2221 4538 2274 4591 si
2323 4537 2519 4590 minus
2566 4536 2840 4607 ﬁliorum,
2894 4534 3105 4590 saltem
3161 4535 3359 4607 Patris
3397 4534 3549 4607 tanti

1880 4604 2403 4679 misereretur-jam
2435 4623 2569 4661 eum
2598 4604 2835 4662 Christo
2857 4607 3186 4677 regnantis,
3213 4608 3269 4659 et
3290 4605 3360 4660 de
3392 4604 3547 4728 inju-

1880 4680 1986 4728 riis
2009 4680 2138 4728 suis
2169 4679 2426 4728 cmotidie
2457 4679 2528 4728 ad
2559 4679 2814 4728 tribunal
2837 4677 3287 4728 mterniJudicis
3309 4692 3450 4728 nroc
3477 4691 3546 4728 a-

1879 4680 1986 4733 riis
2009 4680 2138 4734 suis
2169 4677 2426 4750 quotidie
2457 4679 2528 4733 ad
2559 4679 2815 4733 tribunal
2837 4677 3287 4734 aeterniJudicis
3309 4677 3546 4746 procla-

1879 4751 2195 4806 mationem
2224 4750 2519 4804 facientis.
2562 4771 2584 4799 ι

2525 4838 2778 4893 CAPUT
2818 4838 2893 4891 X.

1880 4927 2102 4998 Regem
2136 4933 2192 4981 et
2225 4928 2555 4998 episeOpum
2588 4943 2619 4980 a
2650 4925 3241 4998 mensa_-exsilient_es
3285 4925 3546 4979 insecuti

1956 4982 2202 5063 fratres,
2222 4982 2490 5068 a‘palat'io
2504 5003 2638 5051 sunt
2653 4996 2973 5068 prohibiti,
2990 5002 3048 5050 et
3061 4995 3270 5068 relato
3299 5011 3547 5068 corpore

1957 5084 2138 5140 super
2165 5066 2425 5123 mensam
2454 5066 2688 5122 fabrica
2720 5069 2851 5137 ipsa
2881 5066 3004 5122 solo
3034 5066 3279 5121 decidit.

1948 5155 2095 5212 Cum
2108 5159 2569 5228 persisteremus
2584 5156 2642 5209 in
2655 5156 2751 5209 his
2772 5155 3159 5229 petitionibus
3174 5158 3229 5210 et
3243 5155 3354 5211 hac
3368 5157 3542 5223 lucta,

1877 5247 2367 5318 archiepiscopus
2380 5260 2734 5317 exsurgens,
2752 5244 3125 5314 apprehensa
3142 5245 3304 5317 regis
3318 5245 3542 5300 dextra:

130 5292 375 5362 temporis
400 5313 413 5350 :
447 5295 513 5350 Si
537 5294 707 5366 justa
735 5299 828 5351 est
857 5297 1088 5369 (inquit)
1118 5302 1319 5353 vestra
1356 5301 1578 5371 petitio,
1624 5316 1762 5355 cras

134 5378 378 5439 Dominus
408 5399 584 5439 meus
601 5385 803 5440 statuit
823 5387 1150 5441 examinari
1165 5388 1222 5442 id
1236 5389 1757 5461 generalijudicio,

131 5482 227 5522 non
251 5473 396 5526 enim
424 5473 684 5543 patimur
712 5473 1031 5545 quidquam
1074 5476 1361 5548 injustum
1393 5493 1670 5534 crescere
1700 5480 1761 5533 in

132 5554 241 5625 ejus
268 5559 533 5631 imperio,
555 5560 741 5615 donec
761 5564 1080 5619 auctoritas
1103 5564 1284 5635 hujus
1307 5566 1532 5622 ordinis
1565 5568 1759 5638 reipu-

134 5643 275 5701 blica:
302 5649 485 5706 aderit
513 5649 784 5705 consilio.

1873 5336 2020 5402 Quid
2043 5336 2295 5406 (inquit),
2317 5350 2440 5404 rex,
2456 5332 2853 5405 ignominioso
2876 5331 2972 5387 hic
2992 5333 3171 5389 sedes
3185 5334 3212 5387 ?
3232 5334 3543 5389 Assultum

1870 5424 1975 5480 tibi
2008 5426 2275 5481 fecerunt
2306 5439 2439 5477 cum
2470 5437 2580 5477 sua
2608 5422 2914 5477 rusticana
2946 5438 3121 5476 manu
3154 5421 3213 5475 hi
3252 5438 3540 5492 procaces

1870 5513 2299 5583 monachi,vim
2330 5511 2655 5566 inferentes
2678 5514 2882 5565 contra
2906 5511 2998 5565 fas
3029 5510 3217 5582 regiae
3234 5510 3534 5580 potestati,

1868 5602 2040 5673 quasi
2072 5601 2143 5655 ad
2165 5600 2499 5673 cogendum
2519 5616 2628 5655 nos
2649 5600 3042 5669 obtenperare
3066 5616 3193 5653 suae
3223 5598 3530 5652 voluntati.

1871 5692 2005 5746 Non
2019 5690 2099 5745 tui
2113 5693 2205 5744 est
2222 5690 2463 5745 honoris
2478 5688 2862 5745 temeritatem
2879 5688 3114 5744 illorum
3126 5687 3227 5742 diu
3239 5691 3533 5754 spectare,
