3978 6178
343 332 473 399 319

1269 334 1723 396 GODEFRED
1765 328 2342 394 STABULENSIS
2392 328 2821 393 MONACHII

3650 328 3755 395 320

347 550 499 606 quos
532 535 704 589 etiam
734 536 923 605 pudor
953 538 1045 589 est
1073 534 1263 604 palam
1293 534 1521 587 audire.
1555 532 1653 587 Sic
1682 546 1789 585 rex
1811 534 2008 599 spreta
2044 511 2665 597 Ahocspectaculum.
2684 528 2770 582 Ad
2787 526 3604 599 comprobandamigiturrem
3622 528 3752 582 divi-

347 638 554 678 mensa
583 624 906 692 prosiliens
939 639 1073 677 cum
1122 623 1250 677 suis
1301 624 1607 684 omnibus,
1642 620 2011 676 inconsultos

347 727 481 781 nos,
517 712 623 766 sed
656 726 772 765 non
804 712 1083 765 defessos
1116 713 1349 782 reliquit
1381 715 1437 766 et
1468 713 1595 781 ipse
1616 710 2008 776 inconsultus,

349 800 639 854 habentes
672 800 983 854 nobiscum
1014 801 1170 855 illam
1202 801 1496 869 fiduciam,
1533 816 1646 870 qua
1677 799 1757 853 nil
1787 802 2014 869 poterat

350 904 489 942 esse
515 889 811 956 securius,
834 890 971 959 quid
1004 893 1144 944 tunc
1166 891 1329 943 fieret
1361 889 1421 942 in
1450 892 1718 958 promptu
1739 904 1853 942 non
1885 890 2012 940 erat

350 976 665 1030 consilium
697 977 813 1031 nisi
842 994 1064 1049 regem,
1097 995 1203 1046 pro
1234 992 1348 1048 quo
1378 992 1752 1043 veneramus,
1779 977 1830 1030 si
1864 976 2011 1029 forte

346 1065 682 1135 prodesset,
711 1066 1020 1121 abeuntem
1064 1068 1234 1137 sequi
1285 1067 1343 1120 in
1394 1065 1691 1134 palatium,
1726 1081 1841 1134 quo
1873 1065 2010 1118 dum

347 1153 563 1207 fuisset
609 1158 973 1223 perventum,
1009 1155 1415 1224 praecedentes
1464 1154 1812 1207 cubicularii
1853 1153 2009 1206 indi-

347 1256 522 1313 gnam
555 1244 760 1297 sancto
794 1243 1060 1297 fecerunt
1091 1244 1389 1311 repulsam
1420 1244 1491 1297 ad
1525 1243 1845 1296 introitum.

418 1329 565 1394 Quis
596 1346 740 1385 vero
761 1331 1031 1400 planctus
1062 1334 1302 1400 repente
1327 1335 1656 1402 quantusve
1678 1346 1896 1384 mceror
1913 1346 2011 1384 ex-

266 1458 271 1461 .
349 1420 607 1473 creverit
630 1424 970 1474 nostrorum
987 1419 1266 1489 omnium,
1285 1424 1538 1490 quantus
1555 1420 1877 1489 deniquein
1902 1434 2013 1471 ece-

347 1508 466 1560 lum
490 1509 714 1562 clamor
738 1508 1130 1578 popularium,
1148 1507 1473 1578 qualesque
1489 1523 1668 1561 voces
1686 1509 1835 1561 hanc
1861 1506 2011 1577 inju-

346 1595 565 1650 stitiam
585 1596 704 1650 Deo
728 1596 1231 1665 proclamantium,
1258 1597 1393 1668 quis
1418 1598 1631 1649 ﬂuetus
1663 1597 2011 1667 eloquentia:

348 1700 480 1754 quae
503 1685 706 1755 lingua
734 1687 928 1753 potest
947 1684 1422 1738 evolvere?Cum
1441 1686 1724 1755 quoiutcr
1754 1685 1881 1739 haec
1895 1701 2012 1739 non

345 1776 572 1842 pateret
603 1772 795 1826 aditus
816 1788 1111 1842 quoquam
1135 1772 1380 1826 honeste
1405 1774 1724 1843 progredi?
1747 1774 1893 1826 Nam
1910 1790 2014 1827 un-

350 1860 526 1930 dique
557 1861 822 1913 clausum
856 1864 980 1914 erat
1018 1860 1344 1929 pomarium
1397 1862 1747 1916 continentia
1794 1864 2013 1916 tumul-

346 1948 567 2002 tuantis
582 1948 808 2017 populi:
834 1949 1207 2003 monentibus
1225 1949 1374 2017 ipsis
1389 1949 1737 2015 curialibus,
1755 1952 1853 2021 qui
1870 1966 2014 2021 erga

351 2040 622 2090 sanctum
640 2040 694 2090 et
718 2053 827 2090 nos
848 2037 1106 2108 benigne
1133 2054 1198 2091 se
1217 2037 1510 2091 habebant
1524 2039 1617 2107 pia
1635 2040 2015 2096 miseratione

352 2126 647 2195 commoti,
682 2126 929 2180 relatum
962 2130 1051 2180 est
1083 2142 1299 2196 corpus
1318 2129 1504 2181 sancti
1529 2127 1602 2180 ad
1633 2128 1899 2182 eumdem
1924 2128 2012 2182 lo-

352 2228 485 2268 cum
517 2230 698 2284 super
730 2231 993 2269 mensam
1026 2216 1248 2285 regiam
1296 2215 1409 2269 sub
1458 2219 1702 2286 aspectu
1756 2218 2015 2270 omnium

351 2302 697 2358 miserabili.
731 2303 899 2369 Quod
928 2289 1340 2358 aestimandum
1371 2304 1605 2359 videtur
1644 2322 1761 2360 non
1799 2307 2016 2375 praeter

349 2391 708 2445 voluntatem
739 2392 931 2461 ipsius
964 2393 1337 2447 confessoris
1362 2394 1612 2447 Domini.
1639 2394 1788 2451 Nam
1821 2394 2016 2448 statim

351 2482 415 2534 ut
444 2481 722 2534 materies
754 2480 852 2533 illa
886 2481 1256 2536 insensibilis
1298 2482 1554 2553 quodam
1604 2483 1776 2536 modo
1830 2484 2020 2537 sensit

354 2568 540 2622 sancti
573 2568 869 2638 lipsanum
903 2570 1074 2638 quasi
1098 2586 1213 2624 non
1248 2570 1402 2624 ferre
1426 2571 1759 2640 praevalens
1783 2571 2017 2641 pondus

351 2656 496 2710 illud
527 2655 808 2724 divinum,
844 2654 1118 2711 facillime
1160 2653 1354 2711 instar
1384 2674 1693 2713 cereorum
1727 2659 2016 2713 dissoluta

354 2746 448 2798 est
489 2743 547 2797 in
621 2743 834 2812 frusta,
870 2744 1149 2799 videlicet
1190 2746 1602 2801 ﬁrmissimum
1650 2748 1834 2802 robur
1876 2748 2016 2801 illud

355 2832 737 2903 tripodarum,
764 2834 1210 2904 demissumque
1243 2834 1313 2887 ad
1336 2839 1553 2889 terram
1575 2835 1902 2890 humillime
1924 2835 2019 2905 ja-

357 2920 476 2975 cuit
505 2922 697 2991 ipsum
730 2924 950 2996 pignus
969 2923 1459 2978 sacratissimum.
1486 2924 1842 2994 Implebatur
1862 2924 2018 2979 illico

353 3009 426 3064 de
457 3009 673 3064 vicinia
703 3014 759 3065 et
791 3014 906 3066 tota
937 3014 1084 3067 urbe
1114 3015 1363 3083 utroque
1395 3027 1547 3067 sexu
1576 3013 1896 3081 amplitudo
1926 3016 2018 3066 to-

356 3098 476 3152 tius
505 3098 668 3153 illius
686 3101 952 3170 pomarii,
971 3100 1467 3170 multiplicabatur
1488 3100 1546 3153 in
1563 3100 1772 3155 ctelum
1799 3101 2022 3154 clamor

360 3186 617 3261 dolentis
647 3188 846 3261 pepuli
877 3205 888 3243 :
931 3188 1071 3261 Cur,
1098 3189 1259 3261 juste
1292 3189 1559 3260 Domine,
1589 3189 1872 3260 injustam
1907 3188 2020 3245 hoc

357 3258 509 3313 sinis
541 3258 601 3311 in
630 3261 789 3313 terra
820 3258 946 3314 fieri
965 3262 992 3313 ί)

972 3364 1410 3404 ΛΠΝΟΤΑΤῙΟΝΕΒ

427 3434 535 3505 Sic
563 3452 677 3488 rex
697 3442 898 3505 spreta
916 3452 1118 3489 mensa
1134 3437 1480 3505 prosiliens.
1501 3438 1581 3491 De
1604 3439 1716 3491 hoc
1741 3440 2021 3493 Lamber-

355 3504 1068 3578 tus_Schafnaburgensis
1104 3504 1191 3560 sic
1221 3509 1515 3576 loquitur:
1556 3532 1578 3557 α
1619 3510 1743 3563 Hoc
1790 3510 2017 3578 suppli-

361 3575 612 3629 cationis
646 3575 1050 3646 genere‘quod
1079 3578 1152 3630 ad
1184 3575 1526 3647 captandam
1550 3575 2019 3634 benevolentiam

358 3650 757 3714 comparatum
792 3647 1001 3712 fuerat,
1039 3664 1144 3700 rex
1175 3664 1353 3701 versa
1386 3649 1514 3702 vice
1547 3651 1788 3704 nimium
1821 3651 2019 3705 ell‘era-

356 3719 475 3791 tus,
510 3717 778 3791 concitus
812 3733 899 3784 se,
937 3718 1161 3791 relictis
1193 3719 1405 3791 epulis,
1439 3719 1497 3772 in
1532 3721 1806 3789 palatium
1840 3723 2023 3791 prori-

357 3786 499 3867 puit,
534 3790 591 3867 et
620 3802 735 3856 quo
769 3788 1039 3867 exemplo
1074 3789 1133 3867 in
1161 3786 1431 3867 abbatem
1462 3786 1858 3867 tamaudacis'
1882 3794 2019 3846 facti

357 3859 721 3982 incenmtgrpm
749 3859 1218 3914 animadvertere
1250 3861 1512 3924 deberet,
1548 3862 1760 3931 plenus
1800 3864 2020 3917 irarum

358 3942 495 3982 com
597 3944 632 3982 a
662 3970 673 3982 .

358 3942 673 3999 cogitabat.

993 4017 1243 4073 CAPUT
1284 4020 1382 4074 XI.

400 4103 566 4158 Tibia
592 4104 904 4160 Gonteruli
946 4122 1228 4177 oppressa
1247 4115 1305 4162 et
1337 4112 1594 4163 contrita
1627 4111 1992 4165 resolidatur

571 4181 630 4230 et
690 4192 868 4248 usque
900 4178 976 4232 ad
1013 4177 1181 4233 fores
1208 4181 1415 4251 regias
1432 4182 1803 4251 producitur.

430 4263 495 4319 In
522 4264 661 4335 ejus
688 4264 903 4337 itaque,
939 4282 1113 4336 quam
1145 4268 1425 4332 diximus,
1447 4270 2024 4343 tiumiliatione,qui-

359 4354 490 4406 dam
525 4368 599 4407 ex
636 4354 861 4408 nostris
910 4357 1314 4411 servientibus
1361 4358 1554 4427 ipsius
1606 4358 1841 4413 familiae
1884 4359 2021 4412 dum

359 4456 580 4495 mensa)
613 4441 846 4496 invisus
878 4443 1087 4511 pedem
1118 4446 1433 4514 supposuit
1464 4446 1715 4513 incaute,
1753 4462 1825 4500 ex
1856 4447 2024 4500 ruina

357 4529 824 4584 molisirruentis
848 4529 1097 4584 fractum
1127 4548 1269 4586 crus
1313 4534 1384 4587 ad
1405 4550 1471 4588 se
1494 4551 1610 4587 non
1630 4535 1819 4604 potuit
1832 4538 2021 4589 retra-

357 4617 521 4688 here,
534 4617 883 4688 juvantihus
899 4635 1043 4674 vero
1058 4620 1241 4674 sociis
1255 4637 1531 4676 seorsum
1543 4625 1871 4692 extractus,
1888 4624 2025 4678 sub-

359 4706 550 4761 tritam
580 4706 915 4776 pelliculam
938 4722 1044 4777 per
1061 4724 1236 4778 quam
1258 4725 1365 4780 pes
1384 4710 1679 4779 pendebat
1694 4712 2022 4780 praecidere

359 4794 594 4850 volebat
625 4795 827 4850 dolore
859 4796 1221 4851 constrictus
1275 4796 1775 4853 Gonteruluserat
1804 4816 2022 4855 nomen

361 4884 606 4953 servuli,
640 4885 743 4954 qui
762 4889 1065 4954 premente
1085 4886 1360 4957 angustia
1385 4890 1604 4942 temere
1625 4888 1835 4956 aiebat,
1853 4890 2023 4961 quasi

362 4970 700 5042 derogando
735 4979 940 5029 sancto
972 4975 1345 5030 confessori:
1382 4975 1660 5031 Haeccine
1690 4980 1782 5031 est
1829 4978 2023 5031 virtus

360 5061 479 5129 tua,
519 5059 593 5112 mi
625 5060 880 5133 domine,
915 5066 976 5116 ut
1007 5063 1165 5134 quod
1196 5063 1453 5139 inimicis
1486 5065 1601 5119 tuis
1633 5066 2022 5135 promerenti-

360 5146 476 5201 bus
506 5147 656 5201 forte
683 5147 1001 5205 differebas
1029 5150 1246 5221 facere,
1282 5153 1425 5207 mihi
1457 5158 1557 5208 tuo
1589 5153 1742 5207 fideli
1776 5155 1881 5209 tibi
1913 5155 2024 5209 ob-

365 5236 638 5306 sequenti
668 5237 925 5291 maluisti
957 5242 1345 5313 contingere?
1366 5242 1636 5296 Necdum
1655 5243 1837 5296 verba
1861 5242 2024 5297 finie-

361 5327 470 5393 rat,
505 5340 640 5378 cum
670 5325 865 5378 subita
898 5327 1049 5381 facta
1078 5331 1308 5384 ossium
1340 5331 1670 5399 collisione,
1705 5346 1777 5384 ex
1808 5330 2025 5386 divinae

362 5412 597 5467 virtutis
629 5415 1058 5484 cooperatione,
1094 5419 1453 5473 resolidatur
1484 5419 1668 5473 fracta
1720 5418 1862 5473 tibia
1896 5436 2027 5473 sur-

364 5516 631 5573 gensque
645 5517 828 5556 sanus
844 5503 1003 5557 stetit
1024 5506 1290 5576 utrisque
1314 5506 1589 5576 pedibus,
1611 5507 1770 5562 velut
1794 5508 2023 5561 insom—

362 5592 478 5661 nis,
493 5594 696 5646 exacta
713 5592 1008 5662 angustia.
1023 5592 1422 5650 Cucurrerunt
1435 5596 1692 5668 undique
1705 5595 1942 5666 plurimi
1954 5598 2025 5651 ad

363 5681 473 5736 hoc
490 5681 1028 5750 miraculum,multi
1040 5683 1214 5737 etiam
1225 5699 1297 5739 ex
1308 5685 1520 5755 palatio
1536 5688 1939 5741 convenerunt
1952 5686 2021 5741 ad

2052 3231 2111 3293 C.

2048 4581 2102 4645 D

2118 633 2210 670 nm
2241 618 2598 686 operationis
2630 617 2979 672 discalceari
3008 617 3289 688 juvenem
3312 617 3594 685 fecerunt,
3627 622 3678 671 et
3705 619 3755 671 in

2118 706 2249 760 loco
2280 707 2545 760 Iasionis
2575 723 2682 776 pro
2707 707 2982 763 cicatrice
3006 706 3302 776 quoddam
3322 707 3559 778 signum
3590 707 3759 759 instar

2119 795 2284 849 rubri
2315 795 2395 848 fili
2425 795 2584 849 tibiae
2626 796 3010 849 circumducti
3054 812 3168 849 non
3215 796 3345 848 sine
3392 795 3760 848 admiratione

2123 888 2581 952 conspexerunt.
2602 884 2707 938 Rei
2722 899 2868 955 ergo
2888 884 3192 938 veritatem
3207 885 3279 937 ad
3293 883 3591 938 dominum
3604 898 3759 936 suum

2123 988 2329 1043 regem
2355 973 2630 1026 continuo
2660 972 3016 1040 retulerunt,
3042 974 3355 1042 ipsumque
3378 986 3567 1041 usque
3588 972 3656 1024 ad
3678 987 3761 1025 re-

2124 1063 2255 1133 gias
2271 1062 2430 1115 fores
2444 1076 2548 1129 pro
2562 1064 2711 1115 teste
2733 1061 3121 1116 deduxerunt.
3152 1062 3269 1115 Sed
3282 1060 3761 1129 propterimpres-

2123 1150 2351 1204 sionem
2369 1151 2863 1216 concurrentium,
2881 1166 2995 1205 non
3010 1150 3414 1205 estadmissus
3430 1148 3758 1202 inmedium.

2744 1240 2993 1293 CAPUT
3036 1240 3164 1292 XII.

2417 1326 2587 1381 cha
2619 1327 2834 1382 mulier
2865 1327 3086 1381 ibidem
3111 1327 3496 1381 illuminatur.

2199 1414 2422 1468 Interea
2445 1416 2910 1469 clarescentibus
2924 1415 3151 1469 meritis
3168 1416 3315 1485 glori
3325 1414 3535 1468 licendi
3552 1413 3766 1468 confes-

2127 1504 2304 1567 soris,
2339 1504 2555 1556 factum
2588 1507 2680 1558 est
2708 1505 3002 1574 quoddam
3032 1503 3189 1557 aliud
3223 1503 3489 1557 mirabile
3539 1504 3597 1556 in
3624 1518 3768 1571 pra:-

2126 1592 2315 1645 sentia
2365 1592 2637 1646 videlicet
2666 1593 2920 1646 omnium
2956 1592 3054 1662 qui
3086 1593 3327 1645 aderant
3373 1593 3431 1645 in
3479 1592 3609 1661 ipso
3652 1591 3769 1644 loco

2126 1697 2240 1750 quo
2256 1680 2721 1750 corpusjacebat
2733 1681 3268 1735 venerabilcllmca
3283 1682 3497 1734 mulier
3508 1680 3582 1734 de
3594 1680 3772 1749 proxi-

2125 1784 2220 1823 mo
2253 1768 2455 1822 Leodii
2473 1771 2770 1824 territorio
2791 1770 3038 1824 deducta
3051 1770 3244 1823 stabat
3257 1769 3329 1822 ad
3345 1769 3768 1822 venerationem

2055 1880 2099 1936 Β
2127 1874 2259 1911 cum
2281 1858 2373 1927 pia
2397 1859 2841 1927 supplicatione,
2871 1875 3000 1929 quae
3033 1862 3264 1911 noctem
3296 1859 3632 1912 continuam
3661 1872 3769 1909 cte-

2128 1947 2319 1999 citatis
2354 1962 2421 2000 se
2450 1946 2778 2000 incurrisse
2809 1947 3124 2015 deplorans
3153 1947 3274 2017 jam
3306 1948 3483 2016 longo
3525 1949 3773 2013 tempore

2262 2034 2498 2088 Dicitur
2527 2035 2790 2090 exclusis
2819 2034 3005 2090 lucem
3036 2037 3330 2089 meruisse
3361 2034 3653 2088 tenebris.

2203 2123 2345 2177 Haec
2374 2124 2673 2193 accipiens
2705 2140 2939 2178 crucem
2966 2140 3097 2193 quae
3132 2123 3213 2177 ibi
3236 2128 3376 2186 erat,
3406 2122 3641 2176 nomine
3671 2121 3777 2174 sibi

2129 2211 2335 2279 dante,
2401 2214 2573 2281 saepit
2639 2212 3057 2269 venerabiliter
3131 2211 3516 2277 deosculari,
3576 2225 3643 2263 ac
3698 2209 3777 2262 sic

2129 2302 2404 2355 omnibus
2428 2302 2752 2371 prmdieare
2777 2302 2984 2355 factam
3011 2302 3067 2354 in
3091 2316 3156 2355 se
3181 2300 3459 2354 virtutem
3477 2300 3778 2353 confesso-

2129 2391 2215 2445 ris
2244 2390 2496 2445 Domini.

2732 2495 3192 2534 ADNOTATIONES.

2200 2568 2438 2624 Interea
2469 2568 2941 2622 clarescentibus
2961 2568 3309 2622 meritis.De
3332 2568 3657 2620 subsecuta
3680 2564 3782 2618 hac

2134 2639 2549 2693 miraculorum
2580 2641 2948 2694 multitudine
2974 2641 3146 2693 ﬁdem
3177 2639 3313 2692 facit
3344 2643 3399 2692 et
3431 2638 3780 2691 Lambertus

2132 2708 2747 2780 Seliafnaliurgensis;
2780 2711 2868 2764 sic
2901 2712 3055 2764 enim
3089 2710 3205 2764 ille.
3231 2708 3353 2762 «Ita
3377 2708 3662 2777 deinceps
3685 2722 3784 2775 per

2130 2782 2307 2833 totam
2357 2785 2587 2834 noctem
2633 2784 3097 2851 sequentemque
3156 2780 3309 2833 diem
3355 2782 3515 2833 tanta
3561 2780 3781 2851 circum

2134 2855 2398 2904 sanctum
2415 2867 2631 2920 corpus
2645 2848 3437 2906 coruscabat—miraculorum
3454 2848 3781 2913 multitudo,

2133 2926 2193 2975 ut
2225 2923 2517 2992 corporali
2556 2923 2985 2992 quodammodo
3014 2922 3472 2992 proclamatione
3495 2920 3786 2973 videretur

2132 2994 2198 3046 B.
2236 2993 2551 3047 llemaclus
2578 2993 2682 3064 jus
2715 3010 2888 3047 suum
2920 2992 3319 3062 expostulare.
3360 3016 3380 3040 ι»

2745 3081 2996 3149 CAPUT
3037 3081 3188 3134 xm.

2132 3170 2354 3240 Regem
2393 3172 2803 3242 perturbatum
2852 3170 3156 3241 cpiscopus
3204 3168 3517 3242 objurgat;
3568 3165 3794 3242 referri

2206 3237 2923 3310 corpusodsanctuariuin
2948 3237 3293 3309 imﬁerat,et
3325 3237 3563 3292 tandem
3597 3237 3793 3290 missis

2204 3309 2590 3366 cubiculariis
2620 3313 2682 3366 id
2712 3313 2822 3365 fuit
2840 3312 3091 3380 frustra,
3112 3312 3378 3382 quoniam
3401 3309 3562 3363 velut
3591 3324 3792 3362 saxum

2203 3382 2503 3437 immobile
2526 3384 2839 3454 perdurat.

2203 3472 2348 3525 Cum
2383 3472 2493 3525 hoc
2525 3475 2836 3542 utrumque
2869 3471 3085 3526 factum
3127 3471 3361 3525 celebre
3390 3470 3794 3539 divulgaretur

2134 3560 2190 3614 in
2223 3560 2457 3628 palatio,
2489 3564 2546 3614 et
2576 3575 2698 3628 rex,
2734 3562 2792 3614 in
2823 3575 2887 3614 re
2917 3560 3136 3630 aliquid
3167 3559 3346 3612 divini
3370 3559 3571 3627 operis
3596 3559 3789 3610 inesse

2134 3648 2494 3719 intelligens,
2529 3664 2646 3701 non
2679 3648 2901 3702 frustra
2934 3649 3161 3702 timeret
3191 3663 3265 3700 ne
3295 3648 3406 3699 sibi
3438 3652 3684 3715 repente
3705 3645 3789 3697 di-

2136 3737 2269 3790 vina
2299 3737 2708 3806 superveniret
2741 3736 2902 3790 ultio.
2937 3737 3068 3790 Non
3098 3738 3249 3790 bene
3281 3734 3789 3805 (inquitadarrhi-

2135 3824 2500 3894 episcopum)
2523 3826 2695 3879 nobis
2728 3826 3095 3879 consulimus
3125 3825 3184 3878 in
3215 3826 3327 3878 hoc
3360 3825 3550 3878 nostri
3581 3839 3653 3877 ac
3685 3824 3790 3876 rei-

2134 3914 2386 3982 publicae
2422 3915 2681 3985 negotio.
2714 3915 2993 3969 Potestne
3011 3914 3190 3968 nobis
3211 3914 3343 3967 haec
3361 3914 3463 3966 lux
3485 3916 3679 3985 grata,
3704 3918 3797 3966 aut

2136 4003 2271 4056 caeli
2286 4002 2588 4072 jucundus
2606 4018 2744 4058 esse
2767 4004 3033 4072 spiritus,
3050 4004 3307 4073 quamdiu
3330 4006 3545 4056 tantam
3565 4001 3799 4072 procla-

2134 4093 2470 4159 motionem,
2501 4095 2719 4145 tantam
2750 4107 2932 4160 super
2960 4092 3196 4145 nomine
3241 4097 3445 4145 nostro
3494 4092 3795 4145 infamiam

2135 4184 2370 4250 tamque
2399 4180 2788 4248 importunam
2822 4180 3253 4235 inseeutionem
3284 4180 3755 4235 sustinuerimus
3774 4179 3801 4231 ?

2138 4269 2291 4322 Num
2321 4269 2490 4322 vides
2523 4283 2625 4322 ora
2655 4268 2915 4322 omnium
2939 4269 2993 4322 in
3015 4285 3124 4322 nos
3145 4284 3430 4323 conversa
3457 4284 3570 4322 non
3607 4270 3799 4322 solum

2135 4354 2536 4427 popularium,
2571 4372 2778 4411 verum
2808 4358 2981 4411 etiam
3012 4357 3191 4411 totius
3231 4358 3399 4428 regni
3432 4358 3548 4411 mei
3573 4356 3799 4426 princi-

2134 4460 2296 4514 pum,
2321 4444 2478 4514 jure,
2510 4448 2571 4498 ut
2604 4460 2756 4512 reor,
2792 4461 2915 4505 non
2936 4445 3161 4516 injuste
3191 4461 3354 4500 reum
3380 4446 3579 4515 operis
3614 4445 3798 4514 hujus

2136 4533 2583 4587 incusantium?
2612 4533 2763 4587 Vere
2794 4534 2982 4588 fateor
3019 4535 3223 4604 egisse
3273 4549 3366 4587 me
3415 4549 3677 4604 unquam
3721 4533 3798 4586 nil

2136 4622 2513 4691 insipientius
2532 4638 2707 4692 quam
2725 4623 2882 4693 quod
2899 4638 2932 4676 a
2953 4626 3009 4677 te
3031 4622 3179 4676 male
3199 4624 3508 4678 consultus
3523 4623 3801 4693 injuriam

2137 4713 2340 4765 sancto
2372 4712 2510 4765 huic
2540 4711 2767 4765 faciens
2797 4711 2953 4782 quod
2986 4727 3159 4765 suum
3179 4712 3438 4765 erattuis
3471 4710 3799 4765 contradidi

2136 4799 2429 4853 manibus.
2462 4799 2526 4853 In
2558 4815 2649 4854 me
2681 4800 2776 4867 sit,
2811 4801 2890 4853 ait
2919 4800 3045 4869 ille,
3080 4800 3192 4853 hoc
3223 4803 3550 4867 peccatum,
3578 4804 3639 4855 et
3672 4800 3799 4854 haec

2136 4888 2498 4957 imprecatio,
2530 4888 2674 4941 mihi
2702 4891 2885 4942 totum
2915 4889 3135 4958 imputa
3158 4888 3442 4958 quidquid
3463 4889 3538 4943 ob
3562 4889 3678 4942 hoc
3712 4888 3799 4941 fa-

2136 4976 2358 5031 cinoris
2389 4975 2495 5031 tibi
2526 4976 2809 5047 objicitur
2838 4993 2911 5030 ex
2932 4976 3312 5032 adverso.Ne
3338 4977 3507 5031 facile
3537 4977 3637 5031 his
3669 4992 3799 5030 cre-

2136 5065 2378 5134 das,rex
2391 5064 3199 5136 invictissime,quosjustius
3211 5067 3425 5133 punire
3435 5066 3803 5120 censendum

2136 5157 2229 5208 est
2259 5170 2362 5223 pro
2396 5153 2657 5207 inaudito
2687 5169 2840 5208 ausu
2870 5169 3073 5208 eorum
3113 5154 3430 5224 superbia.
3464 5153 3614 5218 Quid
3634 5154 3804 5219 enim

2137 5242 2329 5296 simile
2361 5242 2641 5297 mstimari
2671 5244 2866 5312 potest
2895 5242 3034 5296 huic
3062 5258 3265 5297 eorum
3294 5241 3629 5309 temeritati,
3658 5258 3795 5312 qua,

2136 5331 2293 5402 quod
2321 5331 2437 5385 dici
2468 5330 2665 5400 pudet,
2695 5335 2751 5385 te
2781 5334 2997 5402 tuoque
3032 5332 3104 5385 de
3128 5346 3327 5385 mensa
3351 5332 3509 5401 regia
3536 5344 3793 5402 surgere

2139 5419 2566 5487 compulerunt,
2599 5423 2676 5487 te,
2700 5419 2960 5489 inquam,
2996 5419 3296 5473 dominum
3329 5420 3513 5473 totius
3544 5418 3801 5473 Romani

2138 5507 2361 5577 imperii
2384 5510 2411 5561 '2
2434 5509 2714 5574 Putasne,
2731 5507 2784 5559 si
2808 5507 2993 5576 sapis,
3011 5507 3123 5561 hoc
3140 5506 3713 5577 parvipendendum,
3731 5521 3800 5559 ac

2136 5612 2255 5650 non
2286 5596 2568 5666 imperiali
2594 5611 2847 5650 censura
2876 5600 3151 5666 tanquam
3185 5596 3243 5649 in
3272 5611 3411 5650 reos
3464 5594 3800 5665 majestatis

2135 5684 2716 5740 animadvertendum
2728 5687 2756 5738 ε)
2776 5685 2905 5739 Non
2923 5699 3067 5755 ergo
3080 5684 3451 5754 perturberis
3467 5700 3535 5737 ex
3550 5683 3649 5736 his
3661 5699 3797 5753 quae
