3978 6178
199 314 291 382 321
1101 311 1616 375 TRIUMPHUS
1660 313 1724 372 Β.
1773 309 2181 373 REMACLI.
2233 349 2305 360 -—
2353 312 2511 374 LIB.
2557 313 2635 375 1-1.

3468 316 3589 381 322

200 514 339 570 modo
367 513 626 567 dicuntur
666 511 763 564 hic
805 512 933 564 fieri
979 512 1246 580 mirifice,
1279 512 1416 581 quia
1448 527 1563 565 non
1590 511 1705 565 nisi
1739 510 1811 563 ad
1854 492 1891 546 Α
1927 513 2018 564 est
2049 510 2374 565 commistm
2406 512 2794 600 multitudinis
2838 514 3059 567 clamor
3094 515 3310 586 ingens
3342 520 3399 570 ct
3429 520 3585 571 stre-

194 599 633 656 commovendum
683 615 794 654 nos
842 600 937 653 hic
986 602 1232 654 sanctus
1284 600 1530 654 virtutes
1580 600 1810 669 operari

194 690 396 761 tingitur
421 704 618 743 eorum
650 688 968 744 molimine.

245 796 374 849 Audi
405 798 591 848 tamen
622 810 696 847 ex
728 794 978 849 consilio
1027 794 1185 865 quod
1229 793 1460 847 interim
1510 793 1676 847 salvo
1706 797 1805 847 tuo

192 886 374 939 honore
408 883 738 937 faciendum
776 897 1023 951 censeo,
1057 881 1287 951 Corpus
1328 886 1615 952 sanctum,
1650 881 1805 951 quod

189 973 328 1044 quasi
360 987 461 1041 pro
499 971 884 1025 aceeleranda
926 986 1109 1041 super
1146 985 1257 1025 nos
1295 972 1513 1026 ultione
1536 970 1804 1041 jactave-

189 1065 298 1115 rant
323 1062 373 1114 in
400 1062 635 1125 terram,
664 1060 812 1130 jube
845 1060 1053 1113 referri
1102 1059 1171 1113 ad
1216 1061 1636 1126 sanctuarium,
1671 1060 1805 1130 quia

186 1151 508 1219 importunae
556 1148 667 1201 has
714 1148 1209 1218 proclamationes
1256 1152 1310 1202 te
1350 1154 1601 1218 tuosque
1651 1149 1805 1202 ferre

184 1238 537 1309 incongruum
558 1240 668 1291 est.
684 1236 1125 1291 Concurrerunt
1158 1237 1314 1290 illico
1338 1237 1680 1291 cubicularii
1707 1237 1804 1290 de-

184 1325 406 1380 terentes
436 1326 610 1379 nobis
643 1326 773 1394 hoc,
807 1328 869 1379 ut
897 1326 1062 1379 ﬁeret
1095 1326 1422 1379 secundum
1452 1325 1690 1396 jussum
1712 1326 1807 1378 sui

181 1414 385 1469 domini.
412 1414 744 1468 Abnuimus
774 1414 1009 1468 omnino
1041 1414 1189 1468 velle
1223 1430 1331 1468 nos
1366 1413 1416 1466 id
1455 1416 1670 1481 facere,
1707 1429 1803 1468 re-

182 1503 333 1556 missa
372 1518 474 1572 per
512 1502 650 1557 illos
692 1503 765 1556 ad
810 1518 1011 1573 regem
1054 1503 1200 1557 satis
1239 1518 1499 1573 congrua
1547 1518 1803 1557 excusa-

176 1592 323 1659 tione,
354 1591 629 1645 nimirum
660 1592 878 1645 debere
901 1591 1061 1645 credi
1091 1591 1239 1645 hanc
1275 1592 1329 1644 in
1331 1591 1548 1661 juriam
1581 1595 1637 1645 et
1669 1592 1803 1645 des-

178 1680 466 1749 pectionem
518 1679 903 1749 displicuisse
962 1679 1082 1733 Deo
1139 1680 1548 1750 omnipotenti,
1594 1683 1694 1750 qui
1745 1679 1802 1732 in

176 1769 347 1822 electis
376 1769 504 1823 suis
538 1768 711 1822 etiam
745 1784 899 1821 nunc
932 1768 1148 1837 patitur
1176 1768 1456 1839 quidquid
1490 1769 1607 1822 illis
1640 1770 1801 1839 inge-

176 1858 296 1910 ritur
319 1857 594 1921 adversi;
637 1857 848 1910 decere
889 1855 1096 1910 saltem
1137 1860 1197 1909 ut
1241 1862 1375 1926 post
1405 1860 1800 1925 contemptum

175 1946 281 2014 ipso
308 1961 432 1999 cum
462 1945 805 2014 paenitentia
833 1946 1137 2013 redeunte,
1164 1946 1252 1999 sic
1282 1945 1431 1999 facta
1465 1946 1546 1998 illi
1571 1946 1802 2015 justitia

177 2033 462 2088 referretur
490 2033 839 2103 honorifice,
883 2034 1040 2104 quod
1089 2034 1141 2087 si
1188 2034 1356 2088 aliter
1398 2050 1502 2088 rex
1554 2035 1710 2101 velit,
1747 2034 1800 2087 id

174 2137 319 2176 casso
346 2122 547 2176 labore
576 2123 835 2191 experiri
858 2122 1088 2191 poterit.
1116 2122 1296 2176 Valde
1330 2124 1483 2177 enim
1517 2123 1801 2177 indecens

175 2214 222 2266 ut
239 2214 414 2264 tantus
437 2211 675 2265 Domini
694 2211 1030 2278 confessor,
1051 2212 1123 2265 ab
1151 2212 1250 2265 illo
1282 2211 1624 2281 repudiatus
1642 2214 1802 2264 eate-

172 2314 281 2367 nus,
305 2299 458 2354 illum
488 2315 562 2354 se
592 2304 952 2353 avertentem
986 2305 1258 2369 rogatum
1287 2303 1378 2353 eat
1406 2299 1677 2354 ul.erius.

232 2405 465 2467 Reversi
506 2406 696 2477 igitur
741 2405 840 2476 qui
869 2406 942 2459 ab
975 2420 1116 2477 rege
1147 2409 1431 2460 venerant
1472 2406 1802 2460 osbtinatos

168 2497 475 2548 metrorum
506 2494 742 2548 animos
766 2494 1120 2547 renuntiant.
1148 2494 1452 2547 Mandatur
1484 2495 1678 2549 statim
1701 2495 1802 2547 doc

167 2581 298 2635 mino
326 2583 544 2650 abbati,
578 2598 652 2636 ex
699 2582 864 2652 regis
916 2583 1171 2650 nomine,
1208 2598 1340 2636 cum
1384 2588 1497 2636 tam
1528 2586 1803 2653 proterve

169 2670 456 2724 monachos
488 2686 642 2724 suos
680 2670 741 2724 in
783 2671 1082 2725 dominum
1123 2687 1296 2725 suum
1338 2673 1559 2726 sineret
1590 2687 1800 2742 agere,

166 2761 420 2825 praeterea
449 2774 574 2813 non
604 2758 841 2828 impune
870 2763 1100 2828 putaret
1130 2759 1242 2813 sibi
1278 2760 1624 2829 cedendum,
1647 2762 1805 2813 velut

167 2846 214 2897 in
238 2862 341 2916 quo
371 2847 621 2901 conscio
654 2848 786 2901 facti
820 2851 983 2901 esset
1014 2848 1596 2902 animadvertendum
1630 2849 1803 2919 quid-

166 2935 279 3003 quid
295 2951 326 2987 a
344 2935 660 3005 discipulis
683 2938 903 2989 temere
923 2937 1234 2990 videbatur
1251 2938 1597 2991 admissum.
1614 2939 1800 2991 Porro

166 3022 207 3073 si
232 3038 327 3091 pro
357 3039 425 3077 eo
455 3023 782 3094 quidquam
813 3024 1058 3079 haberet
1079 3024 1297 3094 facere,
1322 3026 1527 3080 revehi
1558 3030 1802 3096 quanto-

166 3111 273 3165 cius
302 3112 517 3167 faceret
539 3127 762 3182 corpus
779 3113 1138 3168 venerabile.
1172 3114 1454 3169 Asseruit
1481 3115 1667 3168 abbas
1689 3114 1802 3169 sub

1922 600 2102 668 pitus.
2137 600 2283 655 Nam
2314 601 2621 656 universis
2659 605 2883 656 nostris
2929 605 3115 672 partis
3153 605 3585 661 obsistentibus

1923 688 2041 741 illis
2071 688 2455 757 adversariis,
2477 690 2625 743 satis
2655 706 2761 759 pro
2792 704 2856 743 re
2886 696 3077 745 actum
3112 697 3223 761 est,
3246 710 3362 747 non
3391 698 3585 750 tamen

1923 766 2052 830 sine
2083 776 2302 831 divinis
2333 777 2593 831 auxiliis.

1996 883 2120 937 Hoc
2152 883 2231 936 illi
2263 883 2415 950 viso,
2442 886 2583 938 nutu
2616 883 2814 940 divino
2847 885 2983 940 facti
3015 886 3176 941 velut
3203 888 3450 958 attoniti,
3477 904 3584 944 nec

1923 971 2240 1042 quidquam
2263 972 2474 1027 virium
2499 972 2975 1044 liabentesjussa
2998 974 3289 1046 majorum
3310 978 3582 1049 exsequi,

1922 1061 2150 1114 reversi
2185 1060 2255 1113 ad
2288 1076 2422 1127 eos,
2455 1060 2574 1114 illis
2621 1061 2915 1132 inquiunt,
2958 1064 3077 1118 lies
3110 1067 3203 1118 est
3235 1081 3340 1134 pro
3371 1066 3583 1138 anima,

1923 1148 2086 1213 nihil,
2122 1149 2356 1202 domine
2392 1165 2518 1215 rex,
2562 1150 2635 1203 ad
2683 1150 2794 1204 hoc
2836 1152 2989 1206 valet
3023 1156 3255 1207 tuorum
3289 1154 3380 1207 vis
3410 1156 3584 1226 atque

1920 1235 2258 1305 praesentia.
2321 1236 2559 1306 Experti
2621 1238 2774 1292 enim
2836 1254 3044 1294 sumus
3110 1241 3227 1295 illic
3293 1242 3586 1314 quoddam

1925 1324 2123 1378 inesse
2173 1324 2469 1389 divinum,
2519 1326 2634 1380 nisi
2694 1327 3103 1382 benevolentia
3160 1333 3217 1383 et
3271 1346 3470 1385 amore
3529 1331 3587 1385 id

1922 1411 2161 1481 feceris,
2194 1413 2347 1467 aliud
2383 1413 2772 1485 quodcunque
2805 1416 2954 1469 velis
2987 1417 3243 1472 manebit
3278 1418 3531 1474 irritum.

1992 1519 2198 1588 Crede,
2235 1520 2445 1589 quavis
2476 1523 2761 1590 potestate
2793 1538 2910 1576 non
2942 1526 3080 1578 sunt
3109 1524 3362 1594 cogendi
3394 1527 3585 1582 sancti

1921 1607 2082 1663 illius
2106 1608 2312 1663 fideles
2335 1609 2634 1673 monachi;
2660 1613 2855 1664 utrum
2878 1613 3105 1666 moveri
3124 1612 3336 1669 debeat
3363 1630 3438 1669 an
3466 1631 3585 1671 non

1919 1700 2163 1751 sanctus
2196 1698 2397 1750 annuit
2437 1713 2641 1751 eorum
2681 1698 2985 1753 voluntati.
3019 1699 3237 1756 Omnes
3274 1717 3419 1773 ergo
3450 1719 3583 1773 pro-

1919 1786 2087 1838 strati
2119 1787 2369 1855 pedibus
2401 1784 2534 1855 ejus
2567 1801 2701 1840 cum
2730 1786 3031 1857 lacrymis,
3066 1789 3312 1846 Domine
3344 1808 3468 1862 rex,
3498 1792 3585 1848 in-

1852 1856 1897 1917 Β
1919 1873 2143 1943 quiunt,
2180 1874 2231 1927 si
2263 1874 2512 1943 bene,ut
2535 1856 2876 1943 suademus,
2916 1876 2974 1930 in
3014 1876 3124 1931 hoc
3158 1879 3261 1932 tibi
3294 1856 3582 1950 consulis,

1919 1962 2028 2028 eis,
2062 1976 2244 2031 penes
2275 1978 2426 2032 quos
2470 1978 2569 2016 res
2618 1963 2832 2034 agitur,
2876 1965 3022 2019 nihil
3069 1966 3306 2021 adversi
3338 1967 3579 2039 feceris,

1920 2049 2011 2104 fac
2043 2051 2189 2103 satis
2220 2051 2502 2104 voluntati
2533 2066 2761 2118 eorum,
2785 2053 2919 2121 quia
2944 2052 3189 2124 justam,
3216 2060 3276 2110 ut
3307 2058 3582 2126 concepi-

1918 2154 2072 2203 mus,
2108 2155 2348 2192 causam
2393 2139 2607 2194 habent
2640 2141 2711 2194 ad
2743 2141 3213 2212 impetrandum;
3247 2145 3393 2200 nihil
3424 2146 3580 2200 enim

1918 2230 2151 2281 tuorum
2180 2227 2395 2281 terrori
2425 2231 2519 2282 est
2550 2228 2688 2295 illis,
2714 2228 3092 2285 defensorem
3123 2232 3352 2289 habens
3382 2233 3580 2290 fortis-

1917 2316 2155 2384 simum,
2179 2319 2538 2385 quapropter
2566 2316 2667 2370 tibi
2700 2317 2976 2373 timemus
3005 2320 3323 2375 imminens
3346 2323 3580 2391 pericu-

1915 2403 2054 2457 lum.
2094 2403 2381 2458 Volumus
2420 2403 2478 2456 id
2520 2404 2717 2473 potius
2750 2406 3015 2474 quolibet
3042 2409 3229 2477 pretio
3267 2409 3341 2463 ab
3379 2411 3582 2466 archi-

1917 2492 2198 2561 episcopo
2227 2491 2360 2563 ipso
2391 2492 2754 2561 dredimere,
2803 2495 2946 2564 quin
2992 2511 3108 2550 non
3155 2497 3431 2567 impetret
3481 2499 3579 2556 hie

1918 2584 2163 2636 sanctus
2195 2581 2349 2651 quod
2388 2581 2634 2651 requirit
2665 2597 3045 2653 magnopere.

2521 2721 2774 2776 CAPUT
2823 2721 2958 2776 XV.

1918 2836 2051 2891 Rex
2074 2837 2412 2908 episcopum
2437 2837 2824 2893 Leodiensem
2858 2845 2917 2892 ct
2966 2854 3131 2893 suum
3161 2839 3580 2897 carice/larium

2185 2908 2260 2962 ad
2278 2908 2507 2962 l'ratrcs
2539 2908 2703 2962 misit
2723 2915 2780 2962 et
2800 2924 3010 2982 parum
3030 2910 3314 2980 profecit.

1987 3023 2061 3074 At
2093 3020 2189 3074 ille
2220 3021 2609 3076 considerans
2640 3021 2829 3077 satius
2860 3038 3000 3078 esse
3029 3023 3186 3078 bono
3216 3023 3369 3078 vinci
3403 3040 3581 3094 quam

1916 3109 2069 3163 malo
2090 3109 2350 3178 vincere,
2371 3110 2673 3164 dominum
2696 3113 2967 3165 nostrum
2990 3111 3336 3182 episcopum
3363 3114 3436 3167 ad
3466 3129 3579 3170 nos

166 3198 357 3254 Christi
387 3201 732 3256 testimonio
762 3202 999 3270 penitus
1044 3202 1100 3255 id
1136 3203 1353 3256 factum
1390 3218 1528 3257 esse
1558 3218 1625 3257 se
1661 3219 1803 3257 nes-
1845 3202 2140 3268 coratum
2174 3198 2333 3252 misit
2364 3213 2497 3252 cum
2538 3198 2669 3252 suis
2706 3198 2842 3252 aliis
2890 3200 3299 3270 optimatibus,
3327 3203 3392 3255 ut
3418 3202 3581 3271 quod

161 3289 251 3350 cio,
282 3289 491 3343 nedum
524 3289 764 3343 consilii
783 3290 1047 3344 conscio.
1070 3290 1217 3344 Cum
1248 3291 1525 3362 lacrymis
1556 3292 1804 3361 insuper

164 3376 326 3430 aiebat
352 3393 659 3448 nunquam
692 3393 759 3431 se
791 3377 982 3433 fuisse
1010 3379 1354 3449 tristiorem,
1389 3381 1523 3451 quia
1552 3396 1803 3450 prorsus

164 3462 408 3520 difﬁdens
450 3467 700 3520 timebat
738 3467 1052 3521 consilium
1092 3471 1363 3521 nostrum
1397 3469 1541 3522 verti
1576 3470 1632 3522 in
1664 3485 1804 3539 per-

164 3553 366 3608 nieiem.
404 3555 583 3609 Venit
627 3570 774 3625 ergo
820 3556 891 3608 ad
941 3571 1052 3609 nos
1100 3572 1233 3609 cum
1278 3556 1567 3611 ministris
1601 3558 1718 3612 illis
1749 3562 1806 3612 et

163 3642 474 3712 curialibus,
512 3644 822 3697 mstimans
846 3643 901 3695 vi
931 3643 1086 3714 cogi,
1112 3648 1206 3698 aut
1236 3645 1431 3698 dirimi
1463 3662 1642 3715 posse
1666 3647 1803 3701 illos

164 3733 450 3799 populares
477 3731 792 3796 tumultus,
820 3732 925 3786 sed
948 3732 1382 3787 obsistentibus
1415 3735 1615 3788 multis
1645 3735 1805 3790 velut

162 3818 220 3871 ad
255 3820 744 3893 propugnandum
795 3820 1084 3886 millibus,
1132 3837 1249 3875 non
1291 3823 1485 3892 magis
1518 3822 1635 3876 illic
1669 3822 1805 3894 ejus

160 3908 312 3962 valuit
334 3912 626 3979 potestas,
646 3914 745 3963 aut
765 3909 1005 3962 humilis
1027 3914 1289 3979 precatio
1309 3926 1484 3980 quam
1503 3915 1672 3966 antea
1695 3928 1802 3981 per

160 3995 526 4053 internuntios
558 3997 752 4066 ipsius
784 3998 948 4068 regis
968 3997 1190 4067 jussio.

216 4104 345 4158 Post
391 4105 523 4158 haec
584 4103 823 4174 quidam
854 4103 926 4157 de
956 4104 1315 4160 cubicuariis
1362 4105 1704 4176 irruperunt
1745 4107 1805 4161 in

160 4192 356 4259 turbas,
392 4192 676 4247 accensis
716 4192 959 4259 animis,
996 4196 1051 4246 et
1093 4194 1162 4247 ad
1203 4209 1435 4247 sacrum
1469 4210 1687 4264 corpus
1719 4195 1806 4248 ir-

159 4286 377 4335 ruerunt
407 4282 583 4352 quasi
621 4281 852 4335 fortiter
882 4296 989 4349 pro
1021 4284 1152 4335 voto
1186 4283 1418 4335 facturi.
1449 4282 1595 4337 Cum
1626 4284 1806 4354 igitur

160 4369 463 4437 arriperent
513 4370 776 4439 undique
826 4370 895 4422 ad
947 4370 1379 4424 sublevandum
1424 4372 1566 4425 illud
1617 4374 1806 4426 sancti

158 4458 437 4529 scrinium,
470 4462 636 4512 tanto
666 4458 927 4527 pondere
960 4459 1328 4512 sentiebatur
1357 4459 1639 4515 divinitus
1671 4462 1803 4514 affi-

162 4560 277 4598 xam
304 4552 363 4600 ut
392 4564 470 4602 ex
499 4548 714 4601 eodem
742 4546 872 4601 loco
904 4547 1087 4600 levari
1115 4563 1232 4601 non
1263 4553 1470 4617 posset
1500 4550 1660 4604 velut
1693 4550 1805 4604 im-

156 4635 345 4689 mobile
374 4653 612 4691 saxum.
644 4635 811 4700 Quod
842 4636 945 4704 illi,
980 4635 1344 4690 admirantes
1374 4640 1650 4709 tanquam
1682 4640 1802 4693 dei-

158 4721 328 4792 ficum,
361 4729 501 4780 voto
535 4724 803 4779 frustrati
835 4724 1158 4794 redierunt,
1191 4741 1257 4796 ac
1290 4726 1544 4780 dominis
1579 4727 1804 4796 princi-

158 4810 310 4878 pibus
340 4829 457 4868 non
490 4814 628 4868 sine
658 4812 1042 4867 admiratione
1071 4795 1416 4869 retinerunt.

742 4972 994 5028 CAPUT
1044 4974 1196 5028 XIV.

160 5104 464 5179 EpiscOpns
492 5107 620 5162 haec
641 5107 830 5164 omnia
858 5105 1235 5179 phantasticc
1257 5106 1572 5179 accipiens,
1590 5123 1802 5177 corpus

215 5176 394 5232 sancti
423 5182 501 5231 de
533 5179 728 5233 medio
759 5176 996 5233 auferri
1012 5177 1209 5249 jubet,
1242 5176 1352 5231 scd
1380 5176 1553 5249 missi
1585 5176 1801 5231 παύω·-

219 5256 408 5305 tantur
438 5254 677 5319 inanes,
695 5246 1140 5321 pecuniam'pro
1166 5248 1273 5302 hoc
1304 5250 1430 5319 ipso
1451 5246 1796 5304 offerentes.

219 5362 349 5419 Cum
379 5365 474 5421 his
505 5366 704 5420 adhuc
743 5366 918 5420 fidem
962 5364 1450 5435 archiepiscOpus
1482 5378 1599 5417 non
1631 5363 1800 5416 adhi-

162 5450 321 5522 beret,
344 5455 459 5509 imo
493 5456 691 5509 omnia
720 5455 1088 5526 phantastice
1110 5454 1255 5525 ﬁngi
1285 5451 1803 5522 assereret,jussit

163 5553 224 5595 ex
264 5545 491 5599 nomine
541 5545 709 5616 regis
758 5544 845 5598 ire
893 5543 1273 5615 quamplures
1322 5557 1397 5597 ex
1450 5541 1697 5612 palatio,
1742 5544 1803 5597 ut

164 5631 312 5686 nobis
341 5634 701 5706 gravissime
739 5633 1028 5703 multatis,
1073 5647 1292 5705 corpus
1333 5646 1573 5687 sacrum
1602 5631 1660 5686 vi
1691 5648 1798 5687 au-

166 5714 358 5780 ferrent
387 5738 419 5782 e
448 5722 665 5782 medio.
700 5722 825 5781 Illis
866 5737 1009 5799 ergo
1042 5720 1144 5780 illo
1176 5721 1572 5796 irruentibus,
1606 5720 1796 5782 factus

1915 3287 2043 3355 ipse
2085 3286 2257 3339 vellet
2306 3302 2419 3341 nos
2464 3287 2875 3341 incunctanter
2902 3287 3268 3358 faceremus,
3319 3289 3374 3343 si
3416 3290 3581 3360 quod

1914 3375 2218 3443 petebatur
2238 3374 2310 3429 ab
2332 3390 2401 3429 eo
2426 3376 2743 3446 impetrare
2773 3375 3094 3446 vellemus;
3122 3377 3411 3432 mandans
3431 3394 3582 3449 prae-

1912 3466 2074 3517 terea
2122 3463 2235 3518 hoc
2267 3479 2407 3519 esse
2451 3464 2678 3535 regiam
2721 3464 3065 3535 dignitatem
3104 3465 3407 3536 deturpari
3434 3472 3576 3523 nota

1913 3551 2187 3616 infamiae,
2225 3553 2299 3620 si,
2330 3552 2491 3607 velut
2520 3569 2642 3623 prae
2672 3556 2985 3624 potestate,
3012 3555 3147 3626 cogi
3177 3554 3477 3610 videretur
3501 3555 3579 3611 ad

1914 3641 2303 3695 obediendum
2336 3641 2744 3712 subjectorum
2775 3642 3069 3712 potentias.
3096 3643 3199 3697 llle
3231 3658 3523 3715 egressus
3543 3660 3579 3699 a

1912 3745 2075 3800 rege,
2111 3731 2185 3783 ab
2225 3730 2341 3785 alto
2387 3731 2895 3800 circumspectans
2944 3731 3204 3801 undique
3250 3734 3577 3801 pomarium

1914 3817 2194 3872 refertum
2222 3820 2479 3889 populis,
2504 3819 2783 3874 diffidens
2811 3820 3122 3889 pervenire
3150 3820 3222 3874 ad
3253 3821 3448 3876 locum
3475 3823 3580 3877 de-

1912 3906 2144 3960 ficiente
2175 3907 2539 3974 valetudine,
2574 3911 2772 3978 utpote
2812 3908 2904 3962 vir
2949 3908 3162 3963 debilis
3202 3925 3336 3964 cum
3365 3910 3578 3967 abbate

1913 3995 2107 4049 Sancti
2142 3994 2470 4064 Laurentii,
2506 3996 2792 4065 praemisit
2840 3997 3005 4068 regis
3044 3998 3478 4070 cancellarium,
3512 4003 3577 4055 ut

1912 4099 2017 4154 pro
2041 4100 2107 4138 se
2127 4085 2479 4155 legationem
2498 4086 2726 4155 regiam
2751 4085 3046 4154 perferret
3068 4086 3139 4139 ad
3162 4086 3573 4144 Stabulensem

1912 4175 2146 4226 coetum.
2178 4171 2405 4235 Quibus
2434 4172 2650 4226 auditis
2682 4176 2743 4226 ut
2772 4189 2877 4227 rex
2910 4174 3312 4243 mandaverat,
3333 4192 3577 4246 respon-

1909 4262 2120 4315 derunt
2143 4276 2349 4330 pauca,
2382 4264 2557 4331 prout
2587 4262 2779 4314 animo
2811 4277 2909 4315 res
2943 4262 3151 4315 inerat.
3176 4261 3238 4316 Si
3268 4262 3463 4335 habet,
3489 4265 3575 4318 in-

1908 4350 2135 4420 quiunt,
2159 4366 2263 4404 rex
2286 4365 2393 4419 pro
2428 4364 2493 4402 se
2525 4349 2762 4418 timere,
2799 4352 3073 4419 tanquam
3120 4350 3375 4406 instante
3416 4354 3572 4423 peri-

1909 4439 2061 4507 culo,
2084 4439 2239 4509 quod
2259 4438 2533 4491 facillime
2555 4440 2769 4507 potest,
2784 4438 3098 4492 dummodo
3117 4443 3285 4494 vacat
3306 4438 3571 4512 effugere

1834 4527 2193 4619 Djustitiam
2226 4527 2576 4595 exercendo,
2603 4544 2711 4581 cur
2739 4527 2857 4581 sibi
2888 4528 3139 4582 salutem
3170 4528 3321 4583 hanc
3353 4529 3567 4600 differt,

1906 4617 2153 4688 ignarus
2185 4616 2324 4687 quid
2358 4617 2617 4670 futurum
2652 4616 2729 4670 sit
2766 4617 2823 4670 in
2870 4618 3177 4672 crastino?
3204 4618 3349 4672 satis
3380 4633 3572 4690 agno-

1908 4706 2102 4758 vimus
2136 4705 2269 4776 ejus
2299 4706 2667 4759 induciarum
2700 4705 2917 4775 officia,
2950 4706 3168 4777 quibus
3198 4706 3371 4761 toties
3402 4723 3569 4778 quaa-

1908 4795 2080 4847 sitam
2126 4799 2181 4849 et
2226 4795 2584 4865 promissam
2626 4793 2822 4849 differt
2864 4795 2979 4848 huc
3024 4811 3212 4866 usque
3255 4796 3568 4866 justitiam.

1906 4883 2055 4947 Quid
2086 4884 2338 4953 amplius
2379 4899 2529 4953 opus
2579 4887 2671 4938 est
2717 4899 2827 4938 nos
2876 4883 3187 4955 utrobique
3216 4884 3420 4939 verbis
3451 4885 3569 4940 dif-

1909 4975 2092 5027 ﬂuere
2114 4974 2142 5026 ?
2181 4972 2312 5025 Nisi
2346 4988 2454 5025 rex
2484 4972 2611 5041 ipse
2642 4973 2889 5027 veniens
2921 4987 3025 5042 per
3055 4988 3121 5025 se
3151 4972 3209 5026 id
3241 4972 3479 5044 fecerit,
3514 4975 3570 5030 si

1907 5065 2099 5115 tamen
2119 5061 2207 5115 sic
2225 5066 2284 5116 S.
2303 5060 2637 5115 confessori
2654 5061 2940 5131 placuerit
2958 5102 2974 5129 ,
3008 5062 3069 5114 ut
3090 5061 3440 5118 confidimus
3458 5063 3571 5119 hac

1909 5151 2003 5204 die
2035 5150 2171 5204 hinc
2204 5149 2429 5203 moveri
2461 5165 2578 5203 non
2608 5150 2842 5218 poterit.
3239 5144 3266 5169 ⁸

1978 5256 2157 5326 Pars,
2182 5256 2280 5310 111's
2298 5261 2452 5310 mota
2482 5256 2564 5309 mi
2569 5257 2663 5333 nis
2684 5256 2941 5312 reddunt
2971 5258 3272 5313 contraria
3291 5259 3491 5316 dictis.

1978 5361 2094 5418 Sed
2137 5366 2193 5417 et
2239 5362 2297 5416 hi
2344 5363 2616 5417 similiter
2662 5363 3001 5434 redeuntes,
3036 5364 3195 5420 Nihil
3227 5367 3562 5439 (inquiunt),

1906 5453 2140 5508 domine
2165 5469 2288 5519 rex,
2308 5453 2451 5506 nihil
2484 5453 2545 5506 in
2574 5452 2687 5508 hoc
2717 5468 3065 5524 promoves;
3096 5455 3394 5525 quoslibet
3411 5457 3565 5512 velis

1906 5543 2081 5598 modo
2113 5542 2379 5611 labores,
2412 5541 2567 5597 ﬁxos
2605 5558 2717 5597 sua
2761 5544 3052 5598 sententia
3092 5544 3227 5600 illos
3269 5544 3561 5601 invenies.

1905 5633 2052 5699 Quia
2081 5648 2309 5703 parum,
2333 5632 2433 5703 ait,
2456 5636 2517 5688 ut
2536 5631 2721 5704 volui,
2741 5632 3011 5705 proficio,
3028 5633 3334 5705 proﬁcient
3361 5635 3421 5689 et
3447 5633 3563 5708 ipsi

1904 5723 2101 5782 minus
2130 5736 2207 5779 ex.
2233 5735 2326 5778 me
2346 5736 2525 5798 quam
2551 5722 2735 5781 velint
2763 5721 2876 5781 hoc
2905 5722 3184 5787 oonsilio.
