3978 6178
355 285 476 350 323

960 482 1212 537 CAPUT
1267 483 1419 537 XVI.

356 590 569 647 Abbas
594 590 724 661 ipse
757 588 1246 661 satisfaciendum
1268 562 1405 661 r.egi
1432 604 1558 643 cum
1597 589 2026 661 Ultrajectensi

428 660 698 733 episcopo
745 661 906 714 venit
935 660 1011 714 ad
1046 675 1369 733 vesperae;
1394 676 1525 733 ⁸ιμιο
1572 660 1920 733 discedente
1957 660 2020 714 in

435 729 671 787 vacuum
703 737 1024 786 nocturnas
1057 729 1341 784 excubias
1373 729 1606 786 fratres
1632 730 1856 787 ibidem
1881 746 2023 802 per-

429 807 628 875 agunt.

429 898 620 969 Igitur
642 896 702 950 in
721 898 879 950 tanta
907 897 1141 966 tamque
1164 896 1439 951 continua
1459 895 1873 967 impressione,
1890 913 2023 968 quae

354 985 775 1041 inevitabiliter
794 985 971 1039 ﬁebat
986 984 1241 1055 piissimi
1271 984 1642 1039 confessoris
1669 985 1773 1038 Dei
1796 1000 2018 1056 amore,

327 1075 415 1147 ,in
447 1089 562 1146 qua
592 1074 691 1126 alii
721 1073 871 1128 alios
890 1073 1294 1145 supergressi,
1315 1073 1388 1127 ab
1413 1073 1544 1127 aliis
1576 1073 2024 1144 impellebantur

354 1163 619 1231 assidue,
639 1177 809 1217 nemo
841 1162 1048 1231 laesus,
1072 1177 1243 1216 nemo
1274 1162 1654 1230 perturbatus
1686 1161 1900 1217 dicitur
1920 1163 2023 1216 do-

354 1252 563 1319 luisse,
603 1251 719 1305 nisi
764 1250 1018 1321 pauxilla
1062 1249 1209 1304 satis
1252 1250 1571 1320 anxietate,
1615 1266 1748 1321 quae
1795 1254 2018 1319 tamen,

354 1340 519 1394 nimii
550 1343 735 1394 aestus
758 1339 1122 1393 incremento
1146 1338 1411 1409 collecta,
1435 1338 1632 1393 statim
1665 1354 1805 1393 aura
1835 1339 2025 1393 solve—

354 1429 527 1483 batur
556 1427 854 1498 aspirante
884 1426 1246 1499 gratissima.
1277 1426 1564 1481 Dominus
1596 1427 1782 1481 abbas
1813 1427 2022 1481 volens

354 1516 666 1571 manifeste
697 1516 948 1588 purgari
976 1516 1049 1570 ab
1082 1531 1150 1570 ea
1181 1531 1296 1586 qua
1326 1516 1717 1585 impetebatur
1743 1514 1893 1569 falsa
1924 1530 2022 1571 su-

356 1605 624 1676 spicione
645 1604 719 1658 ab
744 1604 1196 1674 apparatoribus
1228 1603 1414 1675 regis,
1430 1607 1706 1674 tanquam
1728 1604 2023 1658 obnoxius

354 1695 443 1748 eis
474 1695 603 1764 ipse
625 1695 829 1748 auctor
851 1694 1017 1747 esset
1044 1692 1228 1763 hujus
1258 1691 1762 1761 contradictionis,
1783 1693 2025 1746 tentavit

355 1784 566 1837 iterum
593 1785 711 1835 tam
739 1797 846 1852 per
881 1796 948 1835 se
984 1796 1159 1852 quam
1189 1796 1296 1850 per
1326 1780 1550 1834 amicos
1591 1782 1862 1849 potentes
1910 1796 2023 1834 re-

354 1886 594 1926 movere
626 1869 972 1940 hujusmodi
1003 1869 1314 1923 consilium
1345 1884 1378 1921 a
1409 1869 1559 1923 suis.

426 1959 601 2012 Venit
630 1974 775 2029 ergo
800 1957 925 2029 jam
955 1957 1491 2027 advesperascente
1533 1972 1667 2010 cum
1699 1956 2022 2012 Wilhelmo

326 2036 637 2117 'episcopo
667 2045 1057 2116 Trajectensi,
1082 2045 1189 2099 sed
1220 2060 1328 2099 nec
1358 2045 1533 2099 modo
1567 2045 1757 2116 magis
1787 2061 1894 2116 pro
1926 2060 2023 2100 re-

354 2135 621 2190 verentia
653 2137 825 2188 tantae
847 2133 1150 2205 dignitatis
1172 2133 1475 2187 admissus
1503 2136 1595 2187 est
1623 2134 1696 2187 ab
1726 2133 1826 2186 illa
1844 2148 2025 2203 pepu-

354 2224 463 2277 lari
501 2222 892 2293 multitudine,
936 2238 1090 2293 quae,
1123 2225 1184 2275 ut
1227 2222 1447 2276 dictum
1485 2225 1604 2291 est,
1644 2237 1845 2277 amore
1881 2221 2023 2276 tanti

353 2311 749 2379 confessoris,
776 2311 835 2364 in
864 2327 1045 2365 unum
1072 2312 1437 2365 conﬂuxerat
1466 2325 1575 2381 pro
1606 2311 1799 2379 ipsius
1821 2310 2020 2364 defen-

352 2402 541 2456 sione.
567 2400 677 2465 Qui
709 2416 843 2455 cum
873 2400 1305 2455 obsistentibus
1336 2400 1455 2453 illis
1483 2398 1866 2471 nihilomagis
1888 2413 2021 2469 pro-

351 2490 531 2544 ﬁcere
562 2492 829 2559 possent,
854 2490 910 2543 id
943 2490 1218 2559 responsi
1251 2505 1283 2541 a
1313 2489 1487 2543 nobis
1518 2491 1876 2557 acceperunt
1905 2503 2021 2541 non

351 2578 498 2632 adeo
537 2577 872 2631 inconsulte
905 2592 1014 2630 nec
1046 2582 1249 2631 contra
1278 2592 1345 2630 se
1377 2578 1650 2645 putarent
1678 2576 1735 2630 id
1774 2592 1807 2629 a
1847 2574 2021 2629 nobis

352 2665 481 2720 ﬁeri
512 2668 756 2733 temere,
791 2665 927 2735 quia
956 2680 1075 2719 non
1105 2668 1233 2719 erat
1260 2665 1451 2733 locus,
1481 2667 1543 2718 ut
1571 2665 1686 2734 ipsi
1719 2663 2018 2731 videbant,

352 2753 672 2824 quidquam
711 2752 1009 2823 ejusmodi
1057 2769 1167 2807 nos
1216 2769 1321 2822 pro
1369 2756 1504 2806 voto
1543 2756 1749 2807 nostro
1794 2752 2021 2821 facere;

351 2838 639 2912 pr'mterea
670 2841 840 2895 valde
882 2841 1277 2913 incongruum
1307 2840 1495 2894 videri
1526 2845 1616 2910 ut,
1646 2840 1745 2911 qui
1778 2842 2022 2895 eatenus

352 2930 551 2984 divina
580 2931 795 2984 virtute
828 2928 1236 2984 afﬁrmabatur
1269 2944 1387 2983 non
1417 2945 1601 3000 posse
1631 2930 1877 2997 moveri,
1910 2944 2022 2983 nos

351 3023 569 3090 praeter
598 3019 691 3074 sui
723 3018 1083 3073 voluntatem
1115 3017 1173 3072 id
1203 3019 1617 3089 praesumendo
1651 3018 1894 3073 efﬁcere
1924 3032 2022 3072 co-

351 3123 628 3163 naremur
650 3107 886 3179 ingrati.
905 3107 1109 3177 Video,
1130 3106 1317 3178 inquit
1347 3107 1687 3178 episcopus,
1705 3122 1880 3162 casso
1904 3106 2022 3159 vim

352 3197 529 3252 ullam
560 3197 656 3251 his
686 3211 869 3267 posse
899 3195 1128 3266 inferri,
1149 3196 1338 3250 satius
1365 3200 1457 3250 est
1486 3197 1576 3251 sic
1606 3196 1814 3250 dimitti
1845 3210 2022 3267 quam
2048 3197 2097 3259 C

350 3286 690 3357 quidquam,
708 3284 865 3355 quod
888 3300 1022 3338 cum
1052 3285 1317 3354 periculo
1342 3285 1458 3351 ﬁet,
1482 3285 1692 3339 moliri.
1721 3285 1862 3339 Post
1891 3285 2021 3339 haec

352 3375 658 3430 claudente
689 3374 844 3427 diem
872 3388 1155 3443 vespera,
1192 3378 1515 3428 nocturnas
1544 3374 1828 3429 excubias
1859 3388 2024 3443 pereo

352 3464 553 3536 gimus
586 3478 705 3517 non
735 3463 865 3517 sine
898 3462 1224 3516 divinitatis
1254 3477 1363 3531 ope
1395 3462 1662 3518 miriﬁca.

952 3586 1203 3641 CAPUT
1243 3586 1420 3641 XVII.

352 3694 440 3751 De
472 3693 698 3750 duobus
727 3694 907 3750 caecis
936 3693 1365 3766 assidentibus,
1403 3709 1549 3748 unus
1580 3699 1672 3748 est
1703 3693 1793 3748 ibi
1823 3695 2018 3766 inspe-

910 3771 1042 3820 rato
1072 3764 1264 3818 illumi
1270 3771 1460 3819 natus.

422 3863 558 3933 Ipsa
586 3863 733 3917 hora
761 3863 1200 3931 procubuerant
1231 3862 1345 3916 duo
1376 3862 1520 3916 caeci
1555 3862 1801 3917 remedii
1830 3862 2020 3933 gratia

354 3966 553 4005 coram
578 3951 769 4005 sancti
792 3967 1059 4021 corpore,
1077 3951 1247 4023 juxta
1277 3966 1429 4022 quos
1458 3952 1817 4021 assedimus,
1835 3951 2022 4006 acturi

353 4055 619 4111 congrua
649 4056 757 4109 pro
790 4055 856 4093 re
887 4045 942 4094 et
972 4043 1253 4111 tempore.
1287 4040 1544 4111 Contigit
1575 4056 1718 4111 ergo
1748 4056 1821 4095 ex
1853 4040 2020 4095 obla-

351 4129 507 4183 tione
540 4129 660 4182 illic
694 4127 1062 4183 offerentium
1102 4129 1173 4183 de
1211 4130 1436 4183 scrinio
1477 4129 1688 4183 cadere
1720 4144 2020 4183 nummum

336 4212 484 4273 “ante
516 4218 717 4273 vultus
748 4233 953 4273 eorum
1003 4219 1103 4288 qui
1141 4218 1490 4273 videbantur
1531 4220 1805 4288 expertes
1844 4217 2019 4271 lumi-

350 4323 511 4378 num,
532 4308 689 4362 hunc
722 4323 879 4362 unus
902 4323 978 4361 ex
998 4307 1119 4360 illis
1139 4307 1440 4377 accipiens
1462 4307 1635 4361 nobis
1657 4306 2015 4376 videntibus,

350 4397 523 4468 quasi
553 4398 731 4468 cujus
760 4400 1012 4451 monetae
1046 4399 1210 4451 esset
1239 4396 1416 4466 cmpit
1444 4397 1738 4465 inspicere
1770 4395 2020 4467 diligen-

348 4486 491 4556 tius,
508 4486 610 4557 qui
627 4491 819 4540 tamen
838 4486 1106 4540 eumdem
1124 4486 1318 4539 statim
1332 4486 1596 4554 porrexit
1616 4485 1715 4539 uni
1736 4501 1811 4539 ex
1832 4488 2021 4539 astan-

353 4554 547 4629 tibus:
550 4575 954 4645 Interrogatus
978 4574 1031 4627 si
1052 4573 1371 4644 quidquam
1394 4578 1563 4629 antea
1585 4574 1785 4628 videre
1807 4573 2021 4628 fuisset
2041 4554 2089 4616 D

352 4664 436 4717 illi
469 4662 779 4734 possibile,
796 4662 1103 4732 respondit
1120 4677 1187 4716 se
1206 4663 1528 4717 caecitatem
1560 4662 1880 4732 pertulisse
1896 4661 2019 4733 jam

355 4759 536 4825 longo
576 4756 861 4823 tempore,
889 4752 997 4806 sed
1034 4756 1172 4806 tunc
1212 4752 1465 4823 primum
1495 4751 1714 4822 aliquid
1771 4766 2018 4805 cernere

352 4842 633 4897 divinitus
665 4844 868 4898 refuso
900 4842 1141 4896 lumine.

934 4962 1187 5017 CAPUT
1230 4963 1438 5019 XVIII.

354 5065 443 5121 De
474 5066 734 5123 columba
766 5070 840 5124 de
868 5070 1097 5126 scrinio
1121 5071 1412 5143 progredi
1427 5088 1458 5125 a
1483 5071 1828 5144 quibusdam
1864 5072 2010 5126 visa.

428 5173 648 5230 Eadem
676 5181 866 5249 nocte,
889 5194 1023 5249 qum
1046 5179 1220 5233 nobis
1253 5182 1376 5233 erat
1404 5179 1464 5232 in
1494 5179 1719 5251 vigiliis
1751 5179 2018 5233 celeber-

356 5265 526 5334 rima,
550 5270 790 5320 ostensa
821 5268 931 5320 fuit
960 5268 1078 5322 illic
1110 5268 1463 5338 quibusdam
1487 5268 1855 5339 glorificandi
1876 5284 2018 5321 con-

357 5355 618 5409 fessoris
654 5357 1110 5428 magniﬁcentia.
1133 5358 1455 5414 Videbatur
1483 5359 1718 5430 prodire
1750 5359 2021 5413 columba

359 5445 607 5500 candida
639 5444 711 5499 de
747 5446 1000 5515 scrinio,
1036 5463 1168 5517 quae
1209 5448 1405 5503 locum
1435 5449 1600 5503 illum
1637 5447 2023 5503 excubiarum

359 5533 798 5590 circumvolans
846 5534 1291 5607 perlustrando,
1330 5538 1520 5593 instar
1567 5536 1727 5592 illius
1775 5552 1908 5608 qua
1951 5537 2023 5592 de

350 5639 483 5681 arca
520 5624 648 5680 Noe
693 5623 752 5678 in
798 5623 1022 5680 diluvio
1051 5624 1378 5698 prodierat,
1411 5627 1625 5684 mentis
1655 5625 2024 5682 mmrentium

355 5715 636 5793 quiddam
657 5715 921 5774 divinum
941 5713 1346 5790 portendendo
1375 5715 1613 5792 lenibat,
1640 5719 1697 5774 et
1716 5718 1780 5775 ut
1799 5716 1893 5774 illa
1913 5731 2022 5793 per

1302 282 1784 347 GODEFREDI
1829 281 2406 348 STABULENSIS
2450 284 2845 350 MONACHI

3684 292 3797 354 324

2048 468 2091 526 λ
2136 484 2350 539 olivam
2375 501 2583 556 pacem
2610 487 2790 542 terris
2821 488 3128 558 redditam,
3159 490 3250 543 sic
3278 490 3391 544 ista
3422 491 3796 563 signiﬁcabat

2132 572 2280 626 iram
2313 575 2417 628 Dei
2449 591 2798 631 conversam
2840 577 2897 630 in
2937 578 3446 650 misericordiam;
3492 596 3626 652 quae
3667 598 3794 635 cum

2139 666 2419 733 gyrasset
2446 680 2553 734 per
2578 667 2762 719 totum
2792 665 2932 720 illud
2954 667 3230 737 spatium,
3250 670 3380 722 visa
3409 673 3501 724 est
3530 670 3797 725 revelare

2133 750 2205 803 ad
2234 752 2505 806 eumdem
2545 753 2700 807 unde
2739 755 3036 823 prodierat
3081 755 3359 811 loculum.
3395 758 3516 828 Ipsi
3554 760 3659 829 qui
3694 759 3798 813 hoc

2134 846 2472 895 meruerant
2502 842 2744 911 intueri,
2782 859 2900 897 non
2943 844 3075 898 sine
3114 844 3330 899 divinae
3368 846 3707 918 majestatis
3732 848 3798 903 ﬁ-

2135 928 2345 999 deique
2377 931 2705 989 communis
2739 931 3159 1003 obtestatione,
3199 933 3353 988 facta
3382 935 3505 1004 die,
3543 936 3800 1006 quibus-

2135 1017 2269 1071 dam
2298 1033 2370 1072 ex
2399 1020 2623 1074 nostris
2654 1020 2989 1076 indicavere
3020 1037 3145 1076 rem
3175 1023 3318 1077 tanti
3347 1024 3628 1096 prodigii.

2734 1160 2987 1216 CAPUT
3033 1162 3192 1218 XIX.

2133 1283 2535 1360 DeJoculario
2554 1286 2720 1360 inter
2739 1287 3027 1360 excubias
3054 1287 3130 1342 de
3158 1288 3400 1343 casibus
3427 1290 3582 1360 ipsis
3614 1293 3799 1346 canti-

2204 1354 2375 1430 lenas
2400 1357 2837 1430 protrabente,_
2858 1364 2916 1430 et
2957 1358 3032 1412 de
3074 1375 3222 1430 rege
3250 1354 3621 1416 miscui-tante
3654 1369 3716 1416 et
3743 1364 3802 1416 in

2206 1426 2488 1481 laneis’et
2519 1428 2697 1482 nudis
2720 1427 2976 1499 pedibus
2999 1426 3409 1499 pernoctante.

2205 1541 2422 1597 Cantor
2452 1544 2688 1615 quidam
2723 1543 3012 1614 jocularis
3056 1546 3188 1616 ipsa
3225 1548 3398 1602 nocte
3433 1562 3568 1601 cum
3611 1547 3805 1602 sodali

2135 1647 2246 1687 suo
2304 1631 2457 1702 apud
2510 1633 2830 1702 hospitium
2874 1634 3189 1688 dormitum
3234 1635 3410 1705 ierat,
3452 1636 3551 1706 qui
3605 1636 3804 1690 statim

2134 1736 2341 1775 somno
2372 1721 2604 1775 excitus
2629 1736 2641 1776 :

2051 1839 2099 1900 Β
2133 1827 2344 1897 Sedes,
2377 1828 2478 1892 ait,
2515 1844 2716 1901 surge,
2753 1845 2860 1884 nos
2888 1829 2994 1884 illo
3015 1835 3273 1902 praestat
3304 1831 3496 1900 abire,

2132 1916 2266 1971 Non
2297 1923 2388 1971 est
2410 1917 2518 1971 boc
2546 1933 2771 1982 vanum,
2798 1933 2912 1972 non
2943 1924 3034 1972 est
3065 1919 3180 1984 hic,
3205 1920 3406 1989 crede,
3431 1920 3803 1990 morandum,

2131 2005 2441 2060 Excubias
2469 2005 2608 2060 illas
2637 2005 2956 2061 celebrare
2971 2007 3150 2078 juvat
3185 2009 3581 2064 venerandus.

2205 2112 2466 2183 Cumque
2496 2113 2592 2167 ille
2634 2128 2892 2168 renuens
2938 2129 3074 2169 eum
3112 2130 3377 2170 erroneae
3417 2115 3677 2170 visionis
3707 2132 3807 2170 ar-

2134 2205 2362 2273 gueret,
2395 2201 2529 2255 Non
2559 2201 2750 2271 fallor,
2783 2203 2880 2271 ait,
2916 2218 3124 2258 somno
3154 2204 3511 2273 ludiﬁcante,
3537 2205 3647 2259 sed
3677 2208 3808 2260 tes-

2132 2293 2223 2343 tor
2246 2289 2448 2358 Deum,
2475 2292 2785 2359 quemdam
2815 2292 3136 2345 venerandi
3172 2291 3407 2346 habitus
3430 2293 3605 2362 quasi
3627 2309 3809 2349 manu

2134 2378 2503 2448 apprehensa
2534 2394 2627 2432 me
2656 2379 2796 2433 illuc
2828 2380 3154 2434 trahentem
3180 2380 3429 2436 vidisse.
3453 2379 3689 2446 Quibus
3725 2383 3811 2435 di-

2134 2466 2246 2521 ctis
2267 2467 2509 2537 praepeti
2528 2483 2710 2521 cursu
2740 2483 2806 2522 se
2840 2468 3084 2523 contulit
3112 2468 3265 2524 inter
3284 2470 3520 2541 vigiles,
3541 2487 3613 2525 ac
3636 2472 3812 2543 igna-

2132 2570 2237 2609 rus
2268 2555 2408 2625 quid
2440 2558 2696 2625 caneret,
2730 2555 2974 2611 fortuitu

2137 2643 2329 2714 Coepit
2359 2644 2434 2698 de
2463 2650 2669 2699 sancto
2691 2660 3062 2716 percurrere
3085 2645 3259 2717 plura
3292 2647 3576 2702 cauendo.

2133 2731 2218 2783 Ac
2247 2733 2490 2785 nostros
2531 2730 2810 2802 digestim
2856 2731 3167 2787 referendo
3198 2749 3408 2803 casus,
3446 2735 3656 2790 tristes
3696 2752 3811 2791 sua

2132 2819 2564 2889 quodammodo
2595 2820 2899 2875 solabatur
2930 2821 3241 2889 cantilena,
3282 2822 3522 2877 choreis
3554 2825 3812 2880 concin-

2132 2907 2429 2963 nentibus.
2466 2909 2592 2962 Rex
2623 2911 2816 2963 autem
2850 2909 3108 2979 desuper
3129 2911 3471 2965 auscultans
3500 2927 3614 2982 per
3642 2913 3815 2968 fene-

2133 2998 2316 3050 stram
2372 2996 2444 3050 de
2495 3011 2561 3051 se
2612 2998 2922 3052 metuenda
2981 3001 3404 3054 memorantem
3460 3000 3815 3056 intendebat

2135 3084 2447 3156 sollicitus,
2472 3086 2573 3157 qui
2602 3103 2708 3157 pro
2730 3101 2800 3141 eo
2821 3087 2979 3158 quod
3001 3088 3316 3159 acciderat,
3341 3088 3581 3143 indutus
3610 3090 3812 3145 laneis

2133 3177 2190 3228 et
2218 3174 2412 3229 factus
2454 3175 2630 3229 nudis
2676 3176 2929 3245 pedibus
2970 3174 3198 3248 jugiter
3245 3177 3629 3247 pernoctabat
3668 3194 3811 3233 cum

2132 3263 2343 3319 timore
2374 3266 2430 3317 et
2460 3265 2995 3319 obsecrationibus.

2750 3406 3001 3461 CAPUT
3041 3407 3170 3461 XX.

2129 3531 2309 3585 Mane
2351 3529 2508 3586 facta
2562 3547 2797 3586 sacrum
2843 3547 3055 3602 corpus
3100 3531 3389 3587 communi
3433 3532 3688 3587 consilio
3735 3533 3818 3588 ad

2574 3604 2976 3663 sanctuarium
3007 3619 3077 3658 re
3089 3603 3343 3658 vehitur.

2204 3714 2381 3768 Facto
2412 3713 2593 3786 igitur
2620 3730 2789 3769 mane
2821 3731 2998 3769 unum
3035 3718 3173 3772 item
3205 3718 3465 3772 omnium
3494 3723 3621 3773 erat
3652 3735 3812 3774 con-

2131 3803 2328 3859 silium
2362 3801 2566 3858 revehi
2599 3807 2869 3872 cportere
2899 3820 3134 3859 sacrum
3167 3822 3383 3876 corpus
3413 3808 3485 3861 ad
3517 3813 3815 3863 sanctua-

2129 3892 2303 3961 rium,
2341 3891 2490 3945 satis
2528 3891 2672 3945 illud
2703 3894 2959 3946 ostentui
2990 3908 3131 3948 esse
3160 3897 3483 3964 potentium
3515 3912 3819 3968 arrogan-

2129 3981 2248 4050 tiae,
2282 3979 2426 4033 nihil
2467 3984 2659 4033 actum
2692 3995 2849 4048 esse,
2883 3982 3039 4051 quod
3072 3998 3140 4036 eo
3174 3983 3523 4054 injuriarum
3554 3988 3816 4054 exposi-

2128 4072 2249 4123 tum
2291 4068 2597 4123 dicebatur
2634 4070 2826 4140 magis
2872 4071 3260 4127 conviluisse.
3308 4072 3422 4125 Alii
3472 4073 3580 4141 sic,
3623 4074 3815 4129 aliter

2129 4157 2227 4212 alii
2258 4158 2601 4211 nuntiabant
2622 4159 2794 4212 nobis
2828 4174 2904 4213 ex
2934 4160 3115 4227 curia,
3140 4161 3515 4215 consiliarios
3543 4163 3718 4233 regis
3743 4164 3811 4217 in

2130 4261 2242 4301 nos
2271 4248 2523 4300 tractare
2553 4247 2729 4300 nimis
2760 4248 3070 4316 contraria,
3107 4248 3360 4302 humana
3391 4250 3671 4304 videlicet
3699 4250 3816 4322 ju-

2131 4335 2282 4389 dicia
2314 4334 2642 4389 secundum
2665 4335 2833 4407 leges
2864 4336 3080 4390 debere
3110 4338 3355 4406 perpeti,
3381 4338 3535 4408 quod
3567 4338 3815 4393 inaudi-

2129 4426 2247 4477 tam
2287 4424 2809 4477 contradictionem
2854 4424 3212 4479 fecissemus
3263 4425 3816 4494 impraesentiarum

2131 4511 2314 4582 regiae
2344 4512 2637 4582 potestati.
2662 4513 2734 4564 At
2755 4528 2907 4565 unus
2930 4528 3002 4567 ex
3025 4514 3390 4583 principibus
3414 4515 3710 4584 quosdam
3734 4532 3816 4569 ex

2129 4601 2353 4655 nostris
2378 4601 2678 4654 advocans
2700 4601 2909 4670 eisque
2930 4602 3254 4656 condolens
3284 4618 3360 4658 ex
3387 4603 3602 4670 animo,
3621 4603 3816 4658 ﬁxam

2129 4688 2189 4742 in
2238 4704 2349 4742 nos
2390 4689 2618 4758 aperuit
2665 4689 3049 4758 sententiam,
3101 4690 3258 4760 quod
3308 4691 3425 4744 nisi
3472 4691 3820 4746 referretur

2130 4780 2394 4846 sanctus,
2430 4778 2508 4830 nil
2538 4777 2711 4832 nobis
2728 4771 3107 4847 'profuturam
3139 4794 3278 4833 esse
3310 4794 3543 4833 omnem
3573 4780 3758 4834 huma
3780 4810 3815 4821 -

2129 4881 2264 4919 nam
2296 4866 2667 4935 industriam,
2707 4866 3005 4919 dominum
3036 4882 3209 4920 suum
3240 4866 3320 4920 nil
3350 4868 3523 4938 pensi
3552 4868 3810 4938 habere,

2128 4954 2221 5008 vel
2265 4954 2812 5024 quidquamposse
2866 4953 3206 5024 disponere,
3240 4956 3378 5010 dum
3422 4972 3455 5009 a
3503 4956 3680 5010 nobis
3714 4958 3814 5012 sic

2131 5043 2375 5097 detineri
2426 5043 2796 5113 contingeret
2848 5057 3067 5113 corpus
3122 5044 3483 5114 venerabile,
3544 5040 3813 5114 prorsus

2132 5147 2335 5187 omnes
2358 5132 2549 5187 bonos
2569 5132 2978 5187 aestimandum
2994 5132 3196 5188 videre
3218 5132 3297 5187 nil
3320 5133 3596 5188 nosvelle
3618 5134 3822 5199 aliud,’

2129 5222 2285 5292 quod
2322 5221 2491 5275 nefas
2532 5225 2692 5288 crat,
2742 5221 2830 5274 sic
2878 5221 3086 5276 ulcisci
3135 5220 3207 5275 de
3254 5228 3461 5276 nostro
3494 5224 3807 5277 communi

2129 5310 2417 5380 principe.

2203 5399 2310 5452 His
2340 5398 2578 5468 auditis,
2621 5399 2891 5453 consulto
2936 5397 3173 5454 domino
3204 5399 3415 5454 abbate
3454 5398 3710 5471 aliisque
3743 5401 3816 5456 in

2130 5503 2440 5543 commune
2472 5488 2781 5556 fratribus,
2815 5486 3013 5541 statim
3057 5487 3382 5543 honoriﬁce
3412 5489 3603 5544 nostri
3633 5504 3816 5560 spem

2131 5576 2367 5633 unicam
2399 5575 2461 5631 in
2491 5576 2707 5650 templo
2740 5575 3009 5651 Virginis
3042 5576 3245 5634 Matris
3274 5578 3605 5638 retulimus.
