3978 6178
148 302 251 365 325

718 496 971 551 CAPUT
1004 498 1164 552 XXI.

147 608 185 660 A
201 620 332 676 rege
349 602 643 657 fratribus
659 605 959 658 cruciatus
979 610 1037 659 et
1052 620 1243 676 paena)
1255 610 1564 675 parantur,
1584 610 1642 659 et
1681 604 1785 659 Ba-

239 675 585 745 vebcrgensi
598 676 869 745 episcopo
885 675 1098 747 corpus
1109 677 1306 730 sancti
1317 676 1674 730 destinatur.

203 784 338 836 Post
366 781 512 848 hec,
545 780 796 849 expletis
825 781 1148 834 missarum
1179 782 1483 850 solemnis,
1509 782 1783 835 dominus

146 875 338 936 noster,
373 872 718 923 testamenta
747 870 1010 939 priorum
1042 870 1338 937 deferens,
1370 860 1646 939 palétium
1676 885 1783 939 pe-

147 960 217 1013 tiit
241 974 363 1012 cum
393 958 546 1024 suis,
572 956 842 1011 facturus
874 957 1104 1012 solitam
1136 959 1652 1029 proclamationem
1687 974 1784 1012 co-

146 1063 245 1101 ram
272 1046 540 1113 dominis,
587 1045 687 1099 ubi
721 1061 853 1100 cum
903 1046 1297 1101 intellexisset
1327 1048 1633 1117 proposito
1674 1063 1783 1101 no-

145 1140 250 1189 stro
275 1134 524 1204 aliisque
546 1133 871 1202 universis,
904 1133 1179 1188 videlicet
1200 1134 1301 1204 qui
1330 1134 1515 1205 regali
1540 1135 1783 1204 imperio

147 1223 623 1290 contradixerant,
674 1221 1001 1276 novissime
1051 1222 1350 1276 cruciatus
1390 1222 1783 1293 exsiliumque

143 1310 324 1381 parari,
356 1310 650 1364 remissos
682 1326 716 1363 a
738 1325 806 1364 se
829 1309 1016 1380 jussit
1046 1325 1278 1378 cavere,
1311 1324 1384 1364 ne
1408 1310 1559 1365 forte
1577 1327 1784 1380 poenas

144 1399 317 1453 darent
344 1398 587 1452 inventi.
612 1398 760 1451 Nam
780 1398 1049 1468 jusserat
1077 1414 1183 1452 rex
1213 1398 1398 1452 iratus
1429 1415 1575 1453 suos
1600 1400 1656 1452 in
1687 1414 1788 1453 no-

145 1490 280 1541 stros
310 1490 570 1540 armatos
601 1502 668 1540 se
699 1486 1102 1555 circumferre,
1135 1502 1245 1541 nec
1274 1487 1547 1558 cuiquam
1579 1503 1783 1543 mona-

142 1575 232 1629 cho
267 1574 354 1629 vel
384 1574 541 1629 laico
575 1574 716 1645 quin
757 1577 1106 1644 raperentur
1154 1575 1225 1628 ad
1254 1591 1486 1644 poenam
1518 1592 1782 1646 parcere.

140 1662 333 1717 Etenim
364 1663 479 1717 hoc
512 1667 639 1717 erat
670 1663 983 1717 consilium
1031 1663 1480 1733 archipraasulis
1520 1680 1643 1719 rem
1674 1681 1783 1719 no-

138 1755 290 1805 stram
318 1755 436 1805 toto
468 1752 781 1806 conamine
813 1751 1259 1820 perturbantis;
1297 1752 1431 1822 ejus
1477 1754 1650 1806 etiam
1690 1754 1784 1807 in-

139 1840 322 1893 stinctu
349 1844 405 1893 et
434 1840 639 1894 studio
666 1839 978 1894 dicebatur
1024 1856 1133 1894 rex
1178 1840 1235 1894 id
1273 1840 1491 1895 habere
1528 1842 1782 1911 consilii,
1813 1858 1856 1916 Β

136 1935 183 1981 ut
207 1944 556 1982 concessum
590 1927 725 1999 ejus
756 1929 912 1982 dono
946 1944 1165 1998 corpus
1197 1930 1424 1998 patroni
1448 1931 1637 1985 nostri
1669 1930 1783 1985 sibi

135 2016 359 2070 auferret
387 2017 718 2086 episcopus
750 2017 1258 2089 Bavebergensis.

189 2104 290 2159 Sed
317 2106 457 2176 quid
484 2105 614 2175 jam
664 2106 1027 2160 morabimur
1078 2106 1469 2176 eloqui‘quod
1512 2108 1784 2163 omnibus

133 2194 303 2247 auditu
332 2210 506 2264 a'que
543 2193 891 2248 delectabile
924 2195 1225 2249 credimus
1256 2210 1373 2249 non
1405 2196 1535 2250 sine
1570 2197 1784 2267 gaudio

133 2282 464 2353 jacrymabili
485 2285 518 2336 ἱ)
552 2283 685 2337 Non
718 2283 878 2337 ferre
902 2283 1122 2337 diutius
1156 2284 1342 2353 potuit
1370 2284 1631 2338 ﬁdelium
1654 2301 1786 2340 suo-

133 2387 238 2424 rum
266 2371 554 2425 diutinam
583 2371 964 2425 afﬂictionem
1003 2372 1098 2440 pia
1128 2374 1357 2440 patroni
1395 2373 1781 2442 providentia,

131 2460 225 2513 imo
253 2459 566 2514 deﬁciente
598 2460 755 2513 omni
797 2460 1053 2515 humano
1095 2461 1417 2531 juvamine,
1452 2464 1645 2516 statim
1679 2480 1782 2532 ap-

128 2549 293 2615 posuit
319 2565 385 2602 se
419 2550 479 2602 in
512 2548 879 2619 adjutorium
909 2553 1200 2616 nostrum,
1236 2554 1592 2618 cooperante
1625 2552 1780 2605 divi-

130 2637 298 2691 nitatis
327 2638 615 2707 potentia.
650 2637 759 2691 Diu
792 2638 1077 2691 sustinuit
1106 2638 1321 2707 probra
1356 2642 1412 2692 et
1449 2640 1781 2693 infamiam-

132 2727 255 2780 satis
283 2728 579 2796 spectavit
610 2742 857 2780 suorum
886 2728 1389 2796 perseverantiam
1414 2743 1427 2795 ;
1461 2729 1780 2798 despectus

129 2814 533 2882 quodammodo
564 2816 626 2867 in
655 2815 833 2868 terris
857 2814 930 2868 ab
962 2815 1291 2884 principum
1330 2817 1656 2885 tyrannide,
1688 2821 1780 2871 to-

127 2907 225 2956 tum
251 2920 394 2973 pene
427 2904 640 2958 orbem
672 2903 732 2956 in
763 2906 1057 2957 momento
1089 2903 1230 2957 fecit
1277 2919 1609 2975 agnoscere
1640 2907 1779 2975 quid

130 2998 302 3059 posset
332 2994 392 3046 in
424 2992 785 3047 cmlestibus
834 2992 987 3061 apud
1036 2992 1506 3062 Omnipotentem
1530 3035 1544 3062 ,
1578 2998 1640 3047 ut
1668 3010 1777 3048 seu

129 3081 330 3150 vellent,
363 3082 499 3136 sive
533 3081 779 3149 nollent,
813 3080 1141 3135 adversarii
1172 3081 1367 3134 divina
1398 3081 1529 3136 ﬂexi
1564 3083 1779 3137 virtute

128 3169 399 3225 obedirent
432 3169 574 3240 ejus
609 3169 916 3224 voluntati.

706 3273 1142 3313 ADNOTATIONES
1151 3300 1163 3312 .

181 3363 439 3419 Jusserat
488 3381 616 3420 rex
658 3365 853 3419 iratus
884 3380 1023 3419 suos
1051 3366 1113 3419 in
1146 3371 1384 3420 nostros
1412 3372 1672 3421 armatos
1708 3383 1774 3422 se

127 3434 510 3509 circumierre.
545 3436 846 3509 Consonat
874 3436 1233 3509 Lambertus
1256 3436 1773 3509 Schafnaburgen-

128 3505 227 3577 sis:
263 3528 284 3556 ι
314 3508 440 3571 Quo
473 3508 750 3576 exemplo
781 3508 1013 3577 (inquit)
1054 3507 1113 3560 in
1144 3507 1414 3562 abbatem
1444 3513 1560 3562 tam
1590 3505 1773 3563 auda-

127 3576 196 3650 cis
222 3577 347 3630 facti
380 3578 756 3650 incentorem
783 3576 1255 3633 animadvertere
1285 3578 1528 3634 deberet
1558 3580 1773 3650 plenus

126 3647 311 3702 irarum
338 3649 668 3720 cogitabat.
709 3670 731 3698 ι

706 3736 956 3792 CAPUT
986 3737 1167 3792 XXII.

126 3839 492 3915 Concussione
526 3860 644 3898 non
673 3845 900 3898 modica
932 3845 993 3897 in
1030 3844 1243 3915 templo
1274 3844 1449 3911 facta,
1485 3846 1771 3900 scrinium

180 3914 234 3967 S.
265 3915 460 3970 cubito
488 3916 739 3969 levatur
765 3916 826 3967 in
857 3931 1018 3987 acra,
1057 3922 1114 3987 et
1148 3914 1460 3987 episcopus
1492 3918 1774 3971 Camera-

182 3988 365 4039 censis
386 4002 575 4041 orans
608 3987 670 4039 in
696 3993 904 4057 crypta
935 3986 998 4039 di
1008 3986 1140 4040 vina
1163 3986 1498 4041 sanctorum
1534 3988 1771 4059 perlus-

180 4062 360 4109 tratnr
373 4058 735 4127 praesentia.

182 4162 367 4217 Annus
401 4168 534 4217 erat
566 4164 642 4217 ab
674 4163 1077 4217 Incarnatione
1110 4163 1339 4217 Domini
1376 4163 1529 4235 1071,
1564 4169 1770 4220 sextus

127 4253 285 4304 autem
335 4252 728 4306 discissionis
778 4251 1066 4306 Ecclesia}
1112 4252 1672 4307 Malmundariensis
1719 4258 1774 4308 et

127 4334 487 4408 Stabulensis,
541 4357 698 4409 cum,
751 4341 1001 4410 septimo
1054 4341 1191 4395 Idus
1243 4341 1410 4408 Maii,
1467 4343 1638 4413 gatize
1681 4343 1770 4397 di-

128 4426 251 4481 vina:
278 4430 497 4498 placuit
532 4445 665 4483 eam
695 4430 948 4495 restitui,
972 4433 1027 4483 et
1054 4431 1197 4484 hora
1227 4446 1342 4499 qua
1363 4433 1556 4501 vergit
1587 4432 1675 4485 sol
1702 4432 1773 4484 ad

132 4516 415 4587 meridiem,
450 4519 593 4572 caeli
628 4519 801 4573 nobis
841 4518 1310 4572 misericordiam
1344 4519 1773 4573 distillaverunt

129 4599 571 4661 desiderabilem.
623 4606 990 4661 Morantibus
1039 4606 1213 4661 nobis
1256 4606 1459 4661 Leodii
1505 4607 1563 4660 in
1597 4608 1769 4662 domo

130 4690 489 4762 S.Lamberti,
518 4696 717 4749 factus
752 4698 844 4749 est
868 4694 1061 4749 denuo
1076 4711 1263 4749 sonus
1289 4697 1563 4766 tanquam
1593 4696 1770 4750 adve-

133 4778 309 4835 nientis
340 4784 718 4838 vehementis
751 4783 1027 4853 spiritus,
1080 4784 1179 4853 qui
1212 4784 1501 4838 humanos
1535 4784 1769 4854 replens

134 4866 326 4923 auditus
356 4872 645 4942 templum
675 4872 898 4941 pariter
924 4871 1171 4941 replevit
1201 4887 1317 4942 quo
1349 4872 1514 4925 multi
1545 4888 1768 4927 conve-

134 4961 300 5013 nerant
332 4975 404 5014 ex
435 4961 703 5014 diversis
752 4959 1039 5030 partibus.
1094 4958 1267 5014 Facta
1307 4960 1488 5032 igitur
1517 4976 1767 5015 concus-

134 5042 266 5099 sione
318 5065 433 5102 non
493 5048 728 5103 modica
786 5048 889 5102 ubi
945 5049 1131 5103 sancti
1178 5063 1319 5103 ossa
1380 5050 1769 5121 quiescebant

135 5134 533 5206 sacratissima,
588 5137 787 5191 visum
837 5140 929 5191 est
974 5138 1163 5207 palam
1202 5136 1425 5190 moveri
1459 5137 1764 5208 scrinium,

134 5233 183 5271 ac
209 5224 488 5279 sublevari
524 5227 699 5296 quasi
734 5241 848 5279 uno
895 5225 1093 5280 cubito
1124 5227 1183 5279 in
1223 5240 1379 5279 aera.
1413 5225 1545 5279 Non
1577 5227 1770 5282 minor

136 5322 272 5374 quam
316 5315 600 5384 superius
633 5313 825 5368 factus
856 5318 951 5369 est
990 5313 1204 5368 subtus
1238 5314 1295 5367 in
1328 5316 1529 5384 crypta
1559 5316 1766 5370 eodem

137 5406 384 5456 momento
413 5403 676 5473 sonitus,
712 5403 813 5457 ubi
859 5403 1100 5473 pretiosi
1147 5402 1420 5473 martyris
1466 5403 1764 5458 Lamberti

138 5486 346 5551 quiescit
391 5491 875 5546 sacratissimum
919 5507 1158 5563 corpus.
1212 5491 1336 5545 Illic
1380 5506 1449 5545 ea
1494 5491 1640 5547 hora
1668 5493 1761 5548 in-

136 5572 293 5631 tentus
320 5584 441 5634 erat
482 5580 834 5651 psalmodiae
881 5596 1013 5635 cum
1045 5581 1175 5635 suis
1224 5579 1461 5635 clericis
1493 5578 1765 5638 Lietber-

139 5662 213 5716 tus
235 5666 540 5743 episcopus
572 5668 1043 5743 Cameracensis,
1089 5669 1190 5745 qui
1236 5684 1312 5726 ex
1360 5683 1430 5727 eo
1474 5671 1632 5746 quod
1663 5687 1764 5730 ae-

1013 296 1525 362 TRIUMPHUS
1556 298 1622 359 S.
1656 297 2064 361 REMACLI.
2088 333 2164 345 —
2197 300 2354 363 LIB.
2390 299 2447 361 II

3447 305 3564 368 326

1810 486 1856 547 Α
1893 498 2118 553 ciderat
2147 498 2573 569 aliquantulum
2620 514 2836 567 pavore
2866 502 3242 573 perterritus,
3277 503 3559 575 fugienti-

1892 587 2005 641 bus
2037 587 2190 655 aliis,
2228 590 2287 641 ut
2318 588 2409 641 vir
2442 588 2560 641 Deo
2580 587 2792 657 plenus
2815 590 3114 645 etaltioris
3144 592 3364 663 ingenii
3396 592 3559 647 intel-

1894 676 2087 746 ligens
2110 677 2386 747 quiddam
2420 676 2704 746 divinum,
2734 677 2967 746 restitit,
3002 695 3184 734 nosse
3212 681 3560 736 desiderans

1898 765 2033 834 quis
2058 769 2219 819 esset
2245 766 2329 819 rei
2352 766 2546 819 exitus
2570 782 2701 835 qua:
2724 769 2838 819 tam
2860 766 3264 839 prodigialiter
3280 770 3558 824 insonuit.

1893 854 2061 921 Nam,
2094 858 2156 909 ut
2188 855 2317 924 ipse
2346 857 2597 909 testatus
2640 859 2760 922 est,
2813 855 2996 909 densa
3031 856 3241 910 nebula
3292 858 3560 926 primitus

1890 942 2085 996 locum
2118 942 2282 996 illum
2305 942 2653 997 oil‘uscatum
2684 943 2958 1011 reddidit,
2986 959 3100 1014 qua
3132 945 3328 998 statim
3359 946 3561 1015 dispa-

1890 1035 2074 1098 rente,
2101 1031 2539 1100 subsecutajux
2561 1032 2688 1085 sole
2713 1031 2931 1085 clarior
2948 1033 3332 1101 resplenduit.
3357 1034 3422 1088 In
3447 1049 3563 1089 me-

1888 1119 1983 1172 dio
2016 1120 2153 1173 ilius
2185 1120 2521 1187 Splendoris
2554 1120 2713 1173 velut
2744 1121 2801 1173 in
2833 1135 3091 1174 excessu
3141 1124 3353 1177 mentis
3385 1122 3561 1179 effec-

1884 1210 1981 1261 tus
2010 1208 2256 1262 antistes
2292 1208 2670 1277 conspicatur
2699 1209 2849 1262 duos
2880 1210 3231 1278 apparuisse
3262 1213 3411 1265 mira
3443 1213 3557 1267 cla-

1887 1296 2052 1351 ritate
2104 1296 2425 1368 fulgentes,
2478 1296 2819 1351 Remaclum
2874 1297 3150 1353 videlicet
3183 1302 3238 1353 et
3280 1300 3560 1355 Lamber-

1888 1389 2030 1454 tum,
2094 1386 2509 1440 sanctissimos
2555 1402 2722 1456 aeque
2771 1385 3101 1455 pontifices,
3154 1402 3306 1457 quos
3337 1389 3558 1443 audivit

1886 1489 2102 1528 arcano
2134 1475 2387 1545 quodam
2435 1489 2735 1530 murmure
2784 1474 2856 1527 de
2905 1473 3007 1551 his
3041 1491 3175 1545 quae
3224 1476 3558 1533 acciderant

1888 1564 2040 1617 inter
2071 1578 2137 1617 se
2169 1563 2596 1633 colloquentes.

2504 1667 2956 1706 ADNOTATIONES.

1957 1741 2169 1796 Annus
2191 1748 2322 1796 erat
2346 1740 2420 1795 ab
2437 1740 2855 1794 Incarnatione
2876 1742 3131 1795 Domini.
3166 1741 3254 1795 Ex
3284 1742 3395 1798 hoc
3427 1744 3555 1798 loco

1890 1812 2170 1894 {Egidius
2200 1812 2412 1897 {aureae
2432 1811 2617 1897 .v‘allis
2649 1811 2845 1897 hausit
2872 1813 3113 1897 alteram
3145 1817 3367 1897 partem
3399 1815 3554 1897 capi:

1890 1883 2243 2007 tligﬁecundi
2288 1883 2382 1937 sui
2431 1883 2584 1952 libri,
2636 1884 2791 1953 quod
2824 1883 3025 1953 incipit
3069 1905 3089 1929 α
3137 1899 3289 1938 anno
3324 1883 3555 1939 Domini

2455 2042 2707 2096 CAPUT
2728 2041 2940 2095 XXIII.

1959 2134 2055 2187 Ad
2068 2131 2392 2202 exemplum
2408 2136 2937 2186 commemorantur
2959 2130 3117 2185 dicta
3131 2137 3490 2187 sanctorum.

1958 2222 2092 2276 Non
2124 2237 2268 2290 ergo
2299 2221 2378 2274 sit
2407 2235 2728 2274 onerosum
2758 2219 2979 2273 intento
3002 2219 3207 2274 lectori
3229 2221 3384 2291 quod
3406 2237 3551 2290 pau-

1886 2312 2069 2365 lulum
2100 2310 2367 2363 videmur
2412 2308 2505 2360 hic
2538 2308 2609 2361 ab
2643 2307 2889 2361 historia
2937 2308 3188 2378 digredi,
3221 2312 3284 2362 ut
3312 2309 3384 2362 ad
3414 2325 3552 2363 con-

1887 2399 2229 2455 ﬁrmandam
2254 2398 2425 2451 Iidem
2442 2395 2624 2467 hujus
2648 2395 2913 2449 miraculi
2931 2396 3118 2466 gratia
3139 2396 3410 2466 quaedam
3431 2397 3551 2452 col-

1885 2491 2140 2561 ligamus
2172 2488 2243 2541 de
2293 2486 2492 2539 simili.
2526 2485 2591 2539 Β.
2634 2500 2780 2553 papa
2825 2483 3152 2555 Gregorius
3201 2484 3308 2552 ibi,
3343 2486 3550 2557 inquit,

1884 2586 2124 2635 sanctos
2153 2590 2400 2631 necesse
2422 2579 2513 2629 est
2534 2574 2757 2644 majora
2780 2574 2953 2643 signa
2975 2573 3314 2643 ostendere,
3341 2574 3441 2629 ubi
3474 2575 3549 2629 de

1886 2685 2087 2724 eorum
2095 2664 2420 2738 praesentia
2438 2668 2633 2734 potest
2651 2677 2818 2716 mens
2834 2661 3068 2715 infirma
3086 2662 3388 2729 dubitare;
3404 2663 3555 2735 quod

1889 2759 2085 2829 utique
2105 2756 2258 2809 hunc
2279 2759 2544 2808 sanctum
2565 2750 2944 2805 manifestum
2974 2756 3066 2805 est
3098 2751 3350 2821 idipsum
3382 2752 3456 2807 de
3485 2769 3553 2808 se

1887 2845 2302 2903 dubitantibus
2321 2841 2679 2904 ostendisse.
2704 2839 2820 2894 Ubi
2855 2854 3013 2909 vero,
3029 2839 3345 2910 ait,jacent
3358 2842 3554 2896 sancti

1886 2939 1947 2991 in
1978 2937 2106 2990 suis
2134 2931 2502 3004 corporibus,
2536 2946 2604 2983 ac
2633 2930 2888 2983 maxime
2921 2928 3020 2983 ubi
3044 2927 3390 3000 plerumque
3410 2946 3550 2984 con-

1889 3028 2070 3097 tingit
2088 3038 2220 3078 ossa
2236 3037 2339 3076 sua
2357 3036 2425 3074 re
2438 3020 2634 3073 visere
2657 3017 2864 3072 beatos
2883 3017 3153 3088 spiritus,
3177 3031 3289 3071 non
3312 3017 3549 3072 dubium

1886 3121 1976 3170 cst
2010 3113 2146 3186 quin
2186 3109 2438 3177 valeant,
2472 3108 2626 3161 sicut
2657 3111 2715 3160 et
2736 3105 2981 3173 faciunt,
3008 3121 3158 3176 pura
3182 3110 3377 3160 mente
3398 3122 3547 3178 quae-

1808 3214 1857 3275 C
1884 3202 2160 3260 rentibus
2206 3200 2515 3253 innumera
2556 3200 2894 3249 monstrare
2928 3193 3232 3262 miracula,
3276 3195 3430 3249 sicut
3477 3195 3553 3251 de

1886 3290 2184 3349 nonnullis
2212 3288 2454 3358 legitur,
2488 3290 2546 3339 et
2577 3283 2651 3338 de
2670 3282 2894 3338 Elisaeo
2913 3282 3136 3353 Regum
3160 3288 3416 3338 testatur
3433 3283 3554 3339 bis-

1884 3384 2057 3439 toria.

1954 3471 2089 3543 Egit
2119 3484 2264 3542 ergo
2295 3466 2431 3536 pius
2461 3465 2642 3520 Jesus
2673 3463 2885 3532 pietate
2917 3461 3012 3516 sui
3029 3462 3201 3517 solita
3219 3477 3547 3533 cooperans

1882 3563 2086 3617 sancto
2119 3574 2230 3613 suo
2260 3552 2583 3611 divinitatis
2612 3567 2738 3606 suae
2767 3550 3036 3623 gratiam,
3067 3553 3131 3605 ut
3158 3555 3377 3621 puncto
3397 3555 3546 3606 tem-

1881 3650 2044 3721 poris
2076 3650 2196 3703 toto
2227 3660 2376 3717 pene
2408 3643 2771 3714 agnoscente
2802 3639 3019 3694 mundo
3042 3640 3420 3695 innotescere
3450 3640 3551 3694 da-

1881 3742 2041 3793 retur
2071 3737 2245 3791 etiam
2277 3732 2492 3788 futuris
2521 3730 2745 3785 sanctis
2776 3728 2977 3800 quanti
3000 3732 3163 3783 esset
3183 3729 3374 3783 meriti
3394 3728 3550 3799 apud

1882 3844 1948 3882 se
1999 3828 2241 3880 sanctus
2289 3823 2422 3889 iste,
2455 3820 2556 3890 qui
2583 3820 2656 3871 ab
2702 3816 2945 3888 iujustis
2987 3820 3144 3872 tanto
3185 3817 3548 3887 contemptui

1881 3916 2207 3971 ducebatur
2227 3913 2285 3965 in
2306 3909 2503 3964 terris.
2529 3908 2700 3961 Nunc
2718 3907 2789 3960 ad
2811 3921 2935 3960 rem
2956 3906 3291 3978 redeamus,
3322 3908 3385 3962 ut
3413 3922 3547 3977 quae

1882 4014 2212 4082 sequuntur
2243 4007 2490 4062 fideliter
2519 4005 2909 4058 disseramus.

2464 4092 2715 4147 CAPUT
2746 4090 2961 4144 XXIV.

1878 4189 2101 4245 Mulier
2132 4186 2371 4240 nimium
2400 4186 2722 4248 contracta,
2783 4180 2860 4234 ad
2894 4184 3164 4251 sanctum
3229 4180 3544 4251 deportata

1952 4260 2153 4314 statim
2174 4263 2265 4312 est
2283 4260 2511 4321 sanata,
2539 4258 2597 4306 et
2621 4252 2696 4305 ad
2718 4251 2825 4305 hoc
2849 4250 3181 4304 conﬂuente
3197 4250 3413 4321 populo
3442 4254 3553 4307 ini-

1942 4332 2146 4402 plctur
2176 4327 2450 4382 ecclesia.

1953 4421 2176 4473 Interea
2208 4431 2407 4470 coram
2454 4411 2783 4484 gloriﬁcato
2816 4409 3045 4478 patroni
3076 4411 3263 4464 nostri
3296 4425 3544 4480 corpore

1878 4510 2245 4579 deportatum
2279 4507 2370 4558 est
2398 4500 2673 4573 quiddam
2703 4498 2951 4552 monstri
3000 4498 3212 4568 simile,
3258 4502 3543 4553 creatura

1804 4571 1852 4632 Β
1877 4571 2133 4670 quidem,
2169 4594 2273 4648 sed
2304 4571 2707 4646 non'hominis
2730 4588 2958 4643 habens
2992 4588 3252 4659 effigiem
3284 4588 3343 4641 in
3374 4587 3547 4642 mise-

1876 4688 2059 4741 rando
2085 4698 2352 4754 corpore.
2386 4680 2527 4733 Erat
2559 4679 2715 4734 enim
2748 4678 2974 4747 mulier,
3017 4694 3091 4733 ex
3119 4676 3398 4747 parochia
3427 4676 3543 4729 Pa-

1881 4774 2122 4831 risiensi
2154 4773 2224 4826 ad
2255 4772 2596 4825 sanctorum
2616 4768 2821 4823 merita
2842 4784 2957 4820 non
2991 4766 3119 4819 sine
3153 4769 3293 4820 nutu
3325 4764 3429 4818 Dei
3452 4763 3547 4818 de-

1882 4867 1994 4920 lata
2025 4865 2082 4917 in
2126 4863 2275 4915 hanc
2324 4861 2588 4915 nostram
2639 4856 3026 4926 provinciam,
3081 4870 3255 4925 quam
3298 4853 3541 4908 morbus

1881 4952 2174 5025 paralysis
2198 4950 2255 5002 in
2290 4947 2522 5002 modum
2547 4945 2707 5017 globi
2738 4942 3191 5010 constrinxerat,
3217 4958 3351 4997 cum
3373 4957 3544 4996 vexa-

1882 5045 2035 5098 tione
2094 5038 2361 5109 corporis
2411 5034 2709 5089 horrifica.
2759 5031 2895 5085 Erat
2943 5029 3285 5102 hujusmodi
3340 5030 3544 5085 videre

1880 5132 2038 5205 quod
2086 5129 2156 5183 ad
2204 5122 2640 5198 praedicandam
2687 5119 3161 5188 omnipotentiam
3214 5118 3544 5175 Salvatoris

1877 5219 2125 5276 monstri
2174 5216 2365 5270 simile
2415 5213 2699 5273 diximus,
2753 5211 3036 5279 utrosque
3078 5208 3352 5263 videlicet
3391 5208 3543 5264 talos

1878 5315 2205 5365 retrorsum
2254 5304 2626 5358 adhaerentes
2673 5298 2940 5367 renibus,
2982 5300 3365 5368 utrarumque
3420 5312 3543 5351 ma-

1879 5415 2057 5454 nuum
2110 5397 2168 5449 in
2204 5393 2393 5448 volam
2439 5388 2680 5444 reﬂexis
2724 5386 3049 5458 unguibus,
3104 5385 3544 5456 contractisque

1879 5486 2101 5553 nervis,
2136 5485 2266 5537 cute
2296 5480 2516 5534 tantum
2568 5473 2952 5545 supraducta,
2988 5473 3169 5528 siccis
3201 5472 3542 5545 obriguisse

1950 5575 2139 5630 sibus.
2932 5604 2935 5607 λ

1875 5593 2139 5633 essmus.
2932 5604 2935 5607 ι

1935 5663 2094 5720 Talis
2115 5662 2179 5718 ut
2199 5671 2397 5716 coram
2410 5654 2749 5729 sanctuario
2772 5655 2863 5711 est
2881 5649 3540 5730 deposita,reviviscere
