3978 6178
376 302 501 364 327

1327 296 1815 361 GODEFREDI
1848 296 2429 363 STABULENSIS
2458 300 2877 365 MONACHI.

3712 304 3827 371 328

388 503 587 557 divina
618 503 831 557 virtute
863 501 1127 556 membra
1156 501 1462 569 coeperunt
1503 499 1683 567 arida,
1738 499 2052 569 paulatim-
2076 481 2122 542 Ᾱ
2162 499 2237 554 ab
2266 515 2337 554 eo
2365 500 2675 570 postulans
2714 501 3006 571 accipere,
3039 502 3179 556 totis
3211 504 3528 557 contractis
3556 504 3820 560 artubus.

385 607 504 664 qua
535 591 888 646 videbantur
914 589 1229 644 reformari
1260 587 1462 644 vultus
1510 591 1566 642 et
1596 588 1875 643 habitudo
1915 603 2051 641 cor-

385 681 554 751 poris
585 681 645 735 in
674 681 952 734 virtutem
986 678 1318 749 pristinam.
1371 678 1456 731 Ac
1504 677 1756 747 primum
1784 677 2050 731 extensis

384 769 665 825 manibus
700 766 1007 823 trementia
1047 767 1313 821 membra
1357 765 1759 821 contrectabat
1794 765 2051 837 diligen-

380 859 537 927 tius;
567 873 638 911 ac
668 857 898 911 sensim
927 856 1224 910 nitebatur
1239 870 1306 910 se
1322 854 1661 924 extendere,
1685 869 1799 909 una
1829 856 2049 908 tantum

388 947 530 1003 tibia
580 948 924 1001 remanente
964 943 1165 1014 debili,
1199 947 1551 998 caeterorum
1599 942 1911 997 dissolutis
1961 958 2052 996 ar-

383 1038 551 1089 tuum
610 1032 1139 1088 contractionibus.
1191 1031 1406 1086 Fluunt
1450 1031 1590 1086 totis
1633 1046 1707 1086 ex
1752 1031 2044 1101 partibus,

386 1124 648 1178 adsunt:

384 1213 579 1268 Notus
605 1218 665 1266 et
697 1212 950 1283 ignotus,
966 1210 1121 1265 civis
1149 1208 1333 1263 simul
1345 1214 1406 1264 et
1430 1208 1815 1282 peregrinus.

385 1303 503 1357 Ast
523 1300 671 1355 illud
701 1299 974 1372 templum
1008 1299 1320 1353 venientes
1348 1313 1459 1353 non
1483 1299 1639 1370 capit
1670 1297 1937 1369 amplum.

459 1388 779 1460 Implentur
804 1390 1072 1460 patentes
1103 1388 1373 1458 porticus
1402 1389 1460 1441 et
1489 1387 1886 1441 claustrorum
1909 1386 2047 1440 aedi—

386 1478 518 1533 ficia
548 1494 663 1532 una
693 1493 842 1533 voce
870 1476 1359 1547 proclamantium
1377 1475 1437 1529 in
1466 1477 1653 1530 caelos
1685 1475 1906 1531 Christi
1928 1490 2049 1528 ma-

384 1567 600 1639 gnalia.
636 1567 712 1621 Ut
742 1581 881 1621 sese
914 1566 1090 1620 habet
1107 1565 1255 1620 ﬁdes
1285 1568 1427 1619 tunc
1456 1564 1577 1619 illic
1606 1564 2045 1630 assistentium,

385 1657 525 1727 quid
554 1655 628 1710 ad
657 1655 888 1709 laudem
910 1654 1208 1709 Creatoris
1234 1654 1417 1723 potuit
1433 1652 1612 1723 adjici
1632 1651 2049 1722 potissimum?

384 1745 590 1799 Omnis
621 1748 893 1798 creatura
923 1744 1053 1797 visa
1084 1746 1177 1797 est
1205 1742 1265 1795 in
1296 1741 1644 1796 confessore
1676 1756 1787 1795 suo
1819 1740 2046 1795 collau-

2162 588 2379 643 Audita
2400 605 2542 645 vero
2574 589 2921 661 hujusmodi
2952 589 3295 646 forinsecus
3328 592 3693 661 operatione,
3722 610 3824 665 po-

2161 677 2420 731 stulabat
2449 693 2517 732 se
2532 677 2731 749 juvari
2752 694 2825 733 ne
2845 678 3231 748 impediretur
3250 679 3371 735 illic
3390 682 3662 735 seturbis
3682 698 3826 737 com-

2160 766 2558 835 primentibus
2589 767 2920 837 pervenire.
2957 768 3029 822 At
3053 767 3406 838 episcOpus:
3432 769 3589 838 Noli,
3620 770 3824 841 inquit,

2161 870 2235 909 ne
2265 870 2384 910 non
2410 850 2744 925 'pervenias
2783 855 3055 911 diffidere
3080 898 3094 925 ,
3145 861 3359 928 potens
3398 861 3493 913 est
3542 859 3822 914 Dominus

2163 943 2428 998 eamdem
2456 943 2563 998 tibi
2585 944 3056 999 misericordiam
3078 961 3186 1015 per
3203 947 3407 1001 eadem
3429 948 3641 1002 merita
3663 964 3825 1003 sanc-

2163 1034 2355 1087 torum
2389 1032 2484 1086 hic
2511 1033 2870 1103 impendere.
2895 1032 3037 1112 Quae
3067 1035 3247 1089 verba
3276 1035 3473 1089 statim
3501 1040 3713 1091 secuta
3745 1045 3828 1091 est

2163 1121 2400 1176 virtutis
2451 1121 2752 1191 efficacia,
2801 1138 2935 1177 nam
2971 1123 3283 1178 restitutus
3332 1124 3429 1178 ille
3472 1126 3827 1196 peregrinus

2163 1210 2480 1279 gressibus
2506 1210 2746 1281 antiqua
2777 1210 3029 1264 ﬁrmavit
3058 1212 3335 1283 vestigia.
3370 1212 3826 1269 Festinaverunt

2162 1297 2298 1352 inde
2329 1297 2565 1368 quidam
2595 1314 2671 1352 ex
2698 1298 3081 1363 cubiculariis
3110 1300 3183 1353 ad
3211 1302 3380 1372 regis
3408 1302 3718 1371 palatium,
3752 1305 3829 1357 ir-

2161 1390 2407 1441 ruerunt
2455 1387 2604 1441 alter
2647 1387 2902 1459 quisque
2950 1393 3086 1458 post
3122 1388 3389 1443 alterum.
3435 1389 3648 1455 Quivis
3688 1407 3829 1464 ergo

2161 1474 2458 1544 posterior
2488 1477 2658 1547 quasi
2684 1492 2900 1531 novum
2922 1477 2981 1531 id
3001 1477 3305 1532 nuntiabat
3319 1479 3474 1548 quod
3491 1480 3653 1534 alius
3671 1481 3833 1551 prior

2158 1562 2475 1618 identidem
2508 1564 2791 1619 edixerat.
2834 1566 3081 1620 Domine
3110 1582 3236 1633 rex,
3271 1567 3569 1637 inquiunt,
3605 1569 3750 1623 audi
3778 1575 3832 1624 et

2159 1650 2421 1723 intellige
2451 1653 2593 1723 quid
2614 1654 2808 1723 possit
2837 1657 3084 1708 sanctus
3114 1654 3232 1723 ille,
3267 1656 3406 1725 quid
3436 1673 3599 1710 nunc
3631 1673 3837 1728 opera-

2159 1742 2255 1794 tur
2295 1742 2649 1812 magniﬁce;
2701 1758 2842 1797 vere
2888 1745 3176 1797 testamur
3218 1744 3392 1798 hodie
3436 1744 3671 1800 vidisse
3724 1761 3834 1801 nos

385 1834 528 1888 dare
556 1832 858 1887 Christum
888 1832 1222 1901 Dominum,
1257 1832 1410 1886 sicut
1441 1829 1821 1885 animadverti
1851 1831 2049 1900 potest
2076 1848 2125 1909 B
2161 1829 2469 1899 mirabilia,
2505 1846 2637 1900 qum
2669 1832 2799 1900 ipse
2832 1831 2992 1886 Deus
3015 1836 3296 1901 operatus
3315 1834 3407 1887 est
3425 1849 3533 1903 per
3562 1835 3661 1888 sui
3695 1850 3833 1888 con-

384 1938 459 1975 ex
486 1920 818 1992 adjectione
848 1921 1243 1991 sequentium.

978 2025 1231 2081 CAPUT
1262 2025 1450 2080 XXV.

389 2155 679 2227 Campana
720 2153 989 2227 maxima
1039 2151 1138 2227 dat
1178 2151 1432 2227 sonitum
1462 2149 1636 2227 nullo
1682 2148 2042 2227 impeliente,

455 2221 768 2280 multitudo
796 2223 1198 2295 languentium
1230 2222 1388 2277 dicto
1416 2223 1594 2276 citius
1616 2221 1865 2275 sanitati
1879 2222 2045 2291 pris-

457 2300 599 2352 tinae
630 2296 1054 2352 restituuntur.

455 2404 634 2458 Facta
662 2402 843 2474 igitur
861 2401 999 2455 tanti
1030 2399 1402 2455 confessoris
1426 2397 2048 2471 gloriﬁcatione,cam-

386 2508 538 2564 pana
568 2492 819 2545 maxima
840 2489 1209 2560 repentinum
1230 2487 1489 2543 sonitum
1522 2487 1699 2556 coepit
1729 2487 1871 2541 dare
1886 2486 2047 2540 nullo

385 2581 744 2649 impellente.
769 2579 914 2632 Post
946 2577 1074 2631 haec
1105 2593 1238 2630 cum
1268 2577 1398 2631 aliae
1420 2576 1596 2630 simul
1628 2575 1703 2629 ob
1726 2575 1838 2630 hoc
1867 2576 2047 2629 mira-

388 2669 588 2723 culum
614 2667 866 2736 pulsatae
897 2666 1255 2733 laxarentur,
1290 2664 1406 2734 illa,
1440 2668 1503 2719 ut
1530 2668 1806 2733 cmperat,
1840 2678 2047 2733 perse-

386 2770 603 2811 verans
635 2755 711 2809 ob
743 2753 1007 2808 solemne
1038 2753 1143 2806 Dei
1168 2752 1583 2806 miraculorum
1606 2767 1842 2822 semper
1857 2752 2049 2806 audie-

381 2844 576 2913 batur,
610 2842 748 2914 quia
792 2846 854 2895 ut
881 2843 1119 2911 putatur
1154 2856 1230 2895 ex
1275 2840 1379 2895 Dei
1418 2840 1786 2910 providentia
1815 2841 2047 2895 innote-

387 2947 562 2987 scere
592 2932 803 2986 volens
852 2930 1158 2985 universis
1188 2929 1495 2999 cooperari
1540 2929 1722 2983 Deum
1752 2929 1811 2982 in
1842 2932 2047 2984 sancto

384 3037 497 3077 suo
529 3021 812 3075 virtutum
842 3017 1245 3085 incrementis,
1263 3016 1481 3088 quibus
1503 3017 1736 3072 valebat
1765 3022 2049 3088 protesta-

383 3111 558 3165 batur
589 3108 847 3163 indiciis.
898 3105 1354 3176 Suspicantibus
1397 3121 1540 3161 vero
1585 3106 1938 3177 quibusdam
1969 3123 2044 3162 ne

2160 1916 2418 1973 fessoris
2447 1920 2675 1974 merita.

2231 2024 2493 2096 Cumque
2523 2026 2776 2081 necdum
2804 2026 2980 2082 ﬁdem
3003 2027 3177 2083 dictis
3205 2029 3514 2084 adhiberet
3532 2028 3835 2100 archiepi-

2161 2126 2403 2183 scopus,
2437 2113 2576 2169 fecit
2605 2116 2858 2184 experiri
2891 2116 3063 2171 factis
3094 2117 3206 2172 hoc
3236 2117 3410 2173 modo
3439 2131 3563 2172 rem
3586 2134 3833 2174 omnem

2161 2202 2524 2274 diligentius.
2546 2202 2951 2258 Cucurrerunt
2973 2206 3169 2259 statim
3184 2206 3301 2261 duo
3323 2223 3397 2261 ex
3416 2206 3835 2275 cubiculariis,

2161 2294 2218 2344 et
2249 2291 2623 2361 arripuerunt
2655 2308 2828 2363 quem
2875 2294 3226 2349 invenerunt
3248 2294 3543 2365 jacentem
3592 2295 3657 2349 in
3692 2312 3838 2366 por-

2160 2380 2279 2434 ticu
2303 2380 2646 2436 debiliorem
2670 2383 2926 2453 caeteris,
2951 2399 3068 2438 non
3090 2383 3443 2437 dissimilem
3461 2382 3840 2454 illius,quem

2161 2469 2594 2539 descripsimus
2626 2470 2686 2524 in
2715 2471 2995 2525 virtutum
3024 2472 3310 2527 exordiis.
3346 2472 3514 2527 Hunc
3546 2472 3841 2543 deporta-

2158 2560 2280 2612 tum
2312 2574 2508 2612 coram
2554 2559 2742 2613 sancti
2785 2560 3103 2630 praesentia
3149 2561 3209 2614 in
3256 2561 3659 2630 pavimentum
3695 2577 3842 2631 pro-

2153 2647 2450 2718 jecerunt,
2485 2647 2647 2702 velut
2694 2649 3018 2717 sarcinam,
3070 2664 3188 2703 non
3221 2664 3288 2703 se
3320 2650 3554 2718 penitus
3583 2665 3841 2705 movere

2158 2736 2451 2791 valentem
2482 2735 2540 2789 in
2570 2740 2738 2806 parte
2768 2738 2969 2791 altera.
3005 2737 3255 2792 Videres
3277 2737 3432 2791 illico
3465 2736 3674 2792 divina
3711 2740 3842 2793 vir-

2158 2827 2280 2879 tute
2325 2824 2599 2893 dissipati
2654 2826 2917 2880 membra
2967 2826 3286 2897 compingi,
3329 2839 3549 2880 nervos
3583 2828 3837 2898 stringi,

2154 2912 2335 2984 jungi
2374 2928 2536 2982 ossa,
2584 2914 2867 2983 compleri
2896 2915 3179 2983 'viscera,
3221 2914 3558 2970 valetudine
3604 2915 3847 2970 firmari

2159 3002 2395 3073 singula
2426 3001 2709 3056 membra.
2756 3000 2865 3066 Qui
2896 3004 3172 3072 paulatim
3217 3018 3286 3057 se
3334 3003 3708 3074 suberigens
3741 3021 3844 3075 ap-

2158 3090 2457 3160 prehenso
2490 3106 2674 3144 cornu
2717 3091 2921 3144 altaris
2964 3090 3025 3144 in
3058 3091 3241 3162 pedes
3287 3092 3570 3159 constitit,
3614 3094 3844 3165 sicque

382 3199 555 3267 forte,
589 3202 650 3253 ut
671 3200 765 3252 est
795 3212 925 3251 mos
956 3196 1194 3251 humani
1224 3195 1468 3267 ingenii,
1501 3195 1616 3251 hoc
1632 3211 1812 3266 opere
1833 3195 2043 3268 cujus-
2075 3202 2126 3269 ο
2158 3178 2461 3269 formosus
2502 3179 2658 3269 faeie
2704 3182 2761 3233 et
2799 3179 3141 3269 habitudine
3191 3181 3339 3235 alter
3386 3180 3844 3252 qu°d°mm°d°

382 3304 560 3360 quam
593 3288 842 3341 latenter
859 3286 1046 3355 ﬁeret,
1067 3300 1322 3339 ascensa
1338 3286 1487 3338 turri
1503 3285 1696 3339 editus
1717 3284 1796 3339 nil
1827 3285 2046 3355 reperit

380 3377 537 3447 quod
586 3375 934 3446 hujusmodi
977 3374 1244 3430 ﬁctitium
1274 3373 1757 3445 reprehenderet.
1794 3374 2044 3444 Vulgata

380 3480 531 3536 ergo
559 3463 712 3519 fama
755 3464 933 3518 unius
963 3463 1212 3517 salutem
1263 3462 1689 3532 recuperantis,
1723 3477 2038 3532 caicorum,

383 3553 749 3622 claudorum,
782 3552 1084 3607 aridorum
1115 3551 1398 3607 confluxit
1428 3566 1565 3605 mox
1594 3551 1899 3605 multitudo
1929 3551 2043 3604 mi-

378 3642 677 3713 serabilis,
711 3656 787 3696 ex
816 3641 1038 3713 quibus
1083 3640 1301 3696 multos
1351 3640 1544 3711 palam
1574 3639 1683 3694 fuit
1713 3639 1936 3709 videre,
1970 3655 2045 3694 ex

375 3731 637 3786 diversis
681 3730 887 3803 regnis
927 3730 1326 3799 praesentibus
1375 3728 1530 3784 dicto
1577 3728 1752 3784 citius
1806 3729 2044 3783 restitui

376 3821 646 3890 pristinae
667 3818 1356 3891 sanitati,gloriosissimi
1366 3818 1596 3889 patroni
1608 3818 1835 3872 meritis
1854 3819 2040 3872 inter-

376 3909 777 3964 venientibus.
811 3908 956 3973 Quis
988 3908 1291 3962 hominum
1307 3906 1611 3979 sigillatim
1628 3908 1814 3977 potuit
1842 3907 2042 3978 digno-

379 4012 551 4052 scere
584 4012 805 4069 genera
851 3997 1165 4051 sanitatum
1195 3997 1255 4051 in
1292 3996 1551 4050 diversis
1587 3997 2037 4068 aegrotantibus,

379 4102 511 4157 qua;
542 4085 663 4139 illic
695 4087 929 4140 caelitus
969 4086 1228 4141 exhibita
1261 4089 1399 4140 sunt
1447 4085 1665 4140 divinis
1696 4085 2040 4139 medicami-

374 4175 551 4230 nibus
571 4177 600 4229 ?
630 4175 799 4246 Nam,
820 4177 977 4230 sicut
1004 4175 1211 4229 valens
1243 4175 1510 4229 medicus
1532 4191 1758 4246 gnarus
1791 4174 2037 4246 cujusli-

372 4264 473 4319 bet
504 4265 896 4336 aegritudinis,
948 4268 1011 4320 ut
1041 4264 1255 4336 cuique
1299 4265 1462 4319 novit
1499 4265 1813 4335 prodesse,
1845 4263 2039 4333 potio-

373 4369 507 4408 nem
549 4358 648 4409 aut
677 4355 999 4409 antidotum
1051 4354 1301 4425 porrigit
1348 4353 1656 4423 invalidis,
1708 4354 1796 4408 sic
1842 4352 2040 4406 divina

374 4445 563 4516 gratia
583 4444 800 4514 quibus
818 4444 1035 4513 placuit
1054 4444 1299 4497 caeleste
1319 4444 1808 4497 medicamentum
1828 4441 2039 4496 infudit

2158 3283 2333 3339 quam
2363 3267 2674 3321 videbatur
2702 3268 2990 3337 apparuit.

2230 3357 2373 3411 Haec
2395 3372 2510 3411 non
2544 3357 2660 3410 nisi
2691 3357 2822 3410 visa
2854 3357 3214 3426 scribimus;
3244 3374 3378 3429 quae
3409 3360 3635 3429 pariter
3665 3360 3847 3416 vide-

2156 3448 2291 3499 runt
2321 3444 2499 3498 millia
2530 3443 2729 3515 p0puli
2762 3460 2834 3499 ex
2863 3444 3125 3500 diversis
3161 3446 3520 3501 nationibus.

2731 3587 2983 3643 CAPUT
3013 3587 3254 3643 XXVII.

2154 3695 2301 3749 Dum
2326 3710 2438 3766 pro
2467 3695 2566 3749 [iis
2588 3694 2812 3766 pendet
2848 3695 2911 3748 in
2947 3694 3125 3749 dubio
3154 3694 3387 3750 animus
3415 3696 3587 3766 regis
3619 3705 3690 3752 et
3740 3717 3845 3754 ar-

2225 3765 2605 3837 chiepiscopi,
2640 3765 2871 3837 quidam
2894 3765 2955 3818 in
2979 3767 3306 3837 praesentia
3324 3765 3585 3837 ipsorum
3617 3769 3848 3825 defert

2223 3835 2492 3962 faculam
2516 3835 2848 3908 paralytici
2876 3835 3071 3891 curati
3097 3835 3209 3890 sub
3241 3835 3627 3893 attestatione
3662 3844 3849 3913 capi-

2253 3923 2309 3962 IS
2335 3924 2449 3961 ειη.

2225 4032 2502 4087 Nuntiata
2534 4035 2672 4086 sunt
2700 4031 2829 4085 haec
2861 4032 2939 4086 ita
2956 4046 3022 4086 se
3051 4031 3412 4103 habereregi
3442 4038 3499 4087 et
3529 4034 3853 4107 archiepi-

2153 4137 2357 4192 scopo,
2407 4123 2647 4191 propter
2689 4136 2822 4191 quae
2873 4120 3163 4189 pendebat
3210 4137 3415 4175 eorum
3458 4122 3707 4179 animus
3782 4128 3849 4181 in

2153 4210 2353 4285 dubio.
2388 4210 2588 4264 Astitit
2620 4209 2842 4263 interea
2874 4210 2933 4262 in
2979 4209 3170 4263 medio
3203 4210 3460 4280 quidam,
3506 4211 3695 4281 cujus
3733 4231 3853 4271 no-

2154 4314 2288 4352 men
2321 4298 2557 4366 excidit,
2593 4298 2664 4352 de
2695 4298 3039 4368 curialibus,
3060 4298 3502 4369 ostendensque
3534 4316 3645 4369 pro
3675 4305 3852 4359 teste

2152 4387 2428 4441 baculum
2465 4404 2475 4441 :
2512 4385 2619 4456 En,
2654 4386 2860 4458 inquit,
2894 4386 3005 4440 hoc
3036 4386 3317 4440 indicium
3347 4388 3583 4442 virtutis
3615 4395 3855 4463 accepi

2151 4476 2223 4530 ab
2246 4491 2364 4530 uno
2394 4475 2494 4547 qui
2523 4479 2646 4530 erat
2675 4475 3049 4545 paralyticus,
3093 4490 3267 4546 quem
3298 4492 3496 4529 coram
3527 4476 3850 4537 divinitus

377 4532 832 4587 advenientibus
864 4531 1143 4603 singulis.
1169 4531 1276 4596 Qui
1309 4532 1520 4586 alienis
1552 4532 1777 4585 advecti
1805 4531 2036 4585 fuerant
2060 4562 2114 4625 Β
2151 4565 2351 4619 sanari
2379 4531 2435 4620 ei
2467 4531 2706 4619 “sint;
2738 4531 2860 4618 vid;
2890 4531 3157 4634 utris'qu‘o
3188 4564 3461 4634 pedibus.

373 4621 650 4676 manibus
709 4621 780 4675 ad
838 4636 946 4674 sua
988 4620 1247 4690 propriis
1312 4625 1649 4674 remeabant
1691 4619 2029 4691 gressibus.

375 4708 522 4773 Quis
554 4709 673 4764 illic
706 4713 907 4764 tenere
927 4724 994 4763 se
1024 4708 1708 4778 potuitaDeilaudibus?
1740 4708 2033 4779 Ecclesia,

370 4802 437 4853 ut
465 4799 748 4869 diximus,
794 4814 1224 4869 usquequaque
1271 4798 1445 4870 plena
1488 4800 1612 4852 erat
1651 4799 1771 4854 Deo
1812 4799 2039 4870 gratias

372 4887 745 4943 clamantium
793 4887 1444 4960 congratulantiumquc
1475 4888 1746 4943 vocibus.

959 4994 1212 5049 CAPUT
1242 4993 1453 5049 XXVI.

373 5117 727 5174 Contractus
749 5119 983 5192 quidam
1005 5121 1066 5173 in
1090 5124 1299 5192 crypta
1322 5120 1597 5192 episcopo
1613 5119 2036 5175 Cameracensi

432 5196 735 5261 praesente
756 5190 1032 5261 erigitur,
1057 5199 1116 5246 et
1138 5190 1294 5245 alter
1320 5190 1583 5246 debilibr
1603 5193 1846 5247 caeteris
1873 5208 1904 5246 a
1937 5210 2031 5246 cu-

434 5260 750 5335 biculariis
779 5261 1005 5335 duobus
1022 5262 1254 5317 delatus
1284 5278 1478 5318 coram
1497 5263 1654 5318 omni
1663 5262 1873 5335 populo
1900 5278 2033 5318 sos-

426 5331 613 5402 pitati
634 5331 934 5386 redditur.

435 5437 602 5492 Sicut
632 5452 777 5508 ergo
808 5437 967 5493 hunc
997 5440 1103 5494 Dei
1136 5440 1548 5496 confessorem
1579 5439 1891 5513 magnifice
1921 5456 2028 5495 su-

359 5528 589 5599 perius,
624 5527 713 5581 sic
738 5529 795 5581 et
819 5531 1132 5599 martyrem
1148 5531 1369 5587 Christi
1389 5530 1623 5602 operari
1650 5529 2027 5584 manifestum

358 5617 473 5673 fuit
502 5617 955 5673 inferius.Nam
980 5619 1185 5675 eadem
1215 5621 1361 5677 hora
1390 5636 1507 5693 qua
1533 5620 1653 5675 illic
1683 5620 2027 5675 aderatme-

2221 4653 2365 4718 Quis
2408 4669 2549 4707 vero
2595 4655 2788 4723 potest
2835 4666 2973 4706 esse
3005 4655 3119 4705 tam
3152 4668 3402 4707 aversus
3434 4669 3464 4706 ει
3496 4669 3674 4724 vero,
3718 4662 3859 4714 tam

2149 4746 2342 4797 mente
2375 4744 2603 4812 captus,
2641 4740 2742 4812 qui
2782 4744 2961 4810 neget
2992 4738 3121 4794 haec
3145 4741 3338 4795 omnia
3369 4757 3501 4811 quae
3525 4742 3847 4813 vidimus,

2148 4831 2264 4886 imo
2297 4832 2426 4887 sine
2458 4831 2564 4884 Dei
2594 4833 2736 4884 nutu
2766 4845 2835 4883 ac
2866 4830 3155 4901 potestate
3186 4829 3590 4884 administrari
3622 4835 3847 4890 credi-

2148 4936 2302 4975 mus.
2336 4919 2470 4974 Non
2502 4921 2595 4974 est
2621 4934 2836 4988 meum,
2872 4935 2905 4972 ο
2939 4933 3061 4989 rex,
3115 4922 3168 4972 te
3215 4916 3449 4989 fallere;
3497 4919 3548 4972 si
3582 4922 3744 4991 quid
3778 4926 3851 4979 in

2149 5008 2261 5063 hoc
2294 5008 2563 5078 mentior,
2598 5012 2769 5078 caput
2799 5022 2874 5061 ex
2905 5022 2998 5061 me
3028 5007 3253 5075 accipe.

2713 5131 2965 5187 CAPUT
3005 5128 3273 5185 XXVIII.

2148 5275 2601 5350 Cameracensis
2633 5274 3272 5350 cpiscopusutriusque
3315 5277 3440 5350 visa
3473 5275 3848 5350 denuntiat,

2216 5353 2274 5400 et
2304 5347 2442 5418 regi
2473 5345 2772 5418 exterrito
2789 5345 3273 5418 archiepiscopus
3303 5348 3516 5404 bonum
3539 5345 3854 5406 restituit

2206 5432 2322 5488 per
2350 5416 2619 5472 baculum
2644 5433 2810 5488 quem
2842 5431 3015 5471 manu
3046 5417 3309 5474 tenebat.

2212 5542 2364 5597 Dum
2393 5542 2505 5596 ista
2536 5542 2832 5609 dicuntur,
2868 5544 2924 5596 et
2967 5542 3063 5597 illa
3107 5542 3464 5612 referuntur,
3500 5559 3638 5598 cum
3669 5561 3853 5603 nec-

2139 5631 2275 5686 dum
2288 5630 2777 5703 archiepiscopus
2801 5631 3191 5703 quodinjuste
3212 5633 3447 5689 tenebat
3466 5632 3540 5687 ad
3562 5633 3853 5694 redden-

360 5712 628 5772 moratus
650 5707 992 5786 episcopus,
1023 5708 1227 5768 aderat
1255 5712 1313 5769 et
1340 5710 1577 5786 quidam
1607 5709 2026 5769 eleemosinam
2142 5720 2281 5779 dum
2296 5719 2416 5778 ullo
2434 5719 2607 5778 modo
2624 5719 3328 5795 flecteretur,Lietbertus
3348 5720 3777 5784 Cameracens
3795 5727 3863 5789 is
