3978 6178
181 301 282 364 329
1122 302 1632 365 ἹἮΠΙΜΡΗἩΒ
1677 302 1755 364 ﬁ.
1793 304 1801 363 l

1961 300 2196 365 [ΛΕΜ.
2230 338 2306 353 --
2335 304 2491 371 LIB.
2531 303 2588 367 ll

3452 318 3573 385 330

178 499 463 569 episcOpus
509 499 833 554 adveniens
883 500 1185 555 admissus
1233 504 1344 569 cst,
1399 517 1532 572 qum
1577 484 1887 555 videratl
1915 500 2501 577 Schafnaburgensis
2520 507 2614 561 his
2636 509 2837 565 verbis
2872 527 2883 566 :
2921 534 2942 559 υ
2977 514 3253 571 Attonitis
3296 520 3571 577 omnibus

181 589 354 643 verbis
383 588 753 642 evidentibus
767 604 970 643 coram
986 591 1256 644 elocutus
1280 593 1390 644 est.
1412 590 1544 644 Non
1565 594 1655 644 est
1679 590 1802 657 tibi,

178 679 259 743 ait,
287 676 417 729 utile
474 676 820 745 sedendum,
881 678 1115 733 domine
1147 678 1226 732 mi
1281 694 1409 747 rex,
1451 679 1588 748 quia
1645 678 1801 748 quod

179 765 384 819 tandem
413 780 479 818 es
510 765 794 832 facturus,
818 767 999 821 credo
1022 768 1218 821 serius
1239 783 1412 838 quam
1432 767 1579 820 velis
1594 765 1796 835 facies,

177 854 403 908 Noveris
447 852 600 907 duos
649 853 785 907 illos
842 854 1105 908 caelestis
1164 854 1540 925 imperatoris
1589 854 1804 909 milites

178 956 365 1012 graves
414 956 599 1010 super
628 944 683 995 te
744 957 960 996 causas
1003 942 1154 997 inter
1184 957 1251 997 se
1281 946 1550 1014 agentes,
1584 944 1642 995 et
1669 940 1805 1012 quia

175 1030 324 1083 timeo
352 1028 455 1082 tibi
516 1029 831 1084 imminens
861 1030 1211 1100 periculum,
1246 1031 1622 1085 nuntiaturus
1670 1029 1805 1083 inde

173 1118 319 1171 venio
338 1115 439 1170 tibi
471 1133 684 1170 sanum
716 1119 1049 1173 consilium.
1085 1118 1224 1173 Sine
1254 1134 1439 1188 mora,
1475 1119 1526 1172 si
1558 1133 1674 1171 non
1708 1118 1800 1170 vis

173 1206 356 1274 perire,
390 1221 528 1275 quae
561 1205 781 1276 injuste
812 1208 995 1261 tul-isti
1027 1210 1232 1261 sancto
1262 1223 1369 1262 sua
1402 1207 1667 1261 restitue.
1690 1205 1807 1259 Ad-

170 1292 401 1364 jungunt
428 1309 497 1347 se
530 1293 666 1347 huic
695 1299 813 1348 tam
845 1296 1111 1364 episcopi
1139 1310 1314 1365 quam
1343 1295 1529 1349 duces
1554 1310 1687 1348 cum
1712 1310 1808 1349 cu-

173 1381 465 1449 biculariis,
502 1382 657 1435 idem
700 1383 1089 1452 deprecantes
1130 1384 1256 1436 ﬁeri
1288 1399 1404 1437 non
1436 1384 1589 1437 [lctis
1611 1383 1797 1453 lacry-

173 1470 286 1523 mis.

222 1557 370 1611 Tunc
398 1572 513 1611 rex
544 1557 639 1612 his
674 1559 832 1612 velut
863 1560 1181 1614 exterritus
1201 1575 1502 1631 exurgens
1533 1560 1605 1613 de
1630 1560 1802 1628 solio,

169 1660 593 1717 conversusque
623 1646 694 1700 ad
724 1648 1088 1717 episcopum,
1123 1648 1256 1701 Non
1284 1648 1559 1717 amplius,
1596 1648 1803 1717 inquit,

168 1733 375 1789 diﬁ‘erre
404 1750 659 1804 possum
690 1735 767 1803 id,
802 1738 864 1789 ut
893 1736 1085 1804 video,
1119 1751 1228 1790 nec
1255 1737 1411 1789 enim
1450 1736 1509 1789 in
1560 1736 1672 1789 hoc
1698 1736 1804 1789 tibi

1915 577 2089 627 tautae
2121 575 2204 627 rei
2264 576 2542 647 novitate,
2594 593 2702 632 rex
2756 582 2962 636 timore
3012 575 3572 647 vehementisssimo

1917 648 2371 724 correctusune,
2399 645 2547 700 forte
2574 648 2627 724 si
2646 656 3041 717 cunctaretur,
3078 658 3340 713 coelestis
3366 661 3423 715 in
3438 645 3573 715 eum

1915 715 2184 787 protinus
2218 715 2358 769 ultio
2402 719 2771 787 procederet,
2806 738 2920 776 non
2953 715 3143 779 solum
3176 729 3361 783 ablata
3394 732 3573 785 resti-

1914 785 2042 864 tuit,
2076 786 2181 839 sed
2233 785 2573 864 recentibus
2604 785 2776 864 etiam
2807 794 2977 848 donis
3034 812 3139 864 pro
3176 800 3573 856 muniﬁcentia

1914 856 2081 925 regia
2096 856 2405 927 magniﬁce
2437 861 2774 916 cumulavit.
2813 885 2834 910 »-

2506 963 2763 1023 CAPUT
2794 969 2984 1025 XXX.

1914 1066 2160 1149 Relatio.
2176 1085 2362 1153 φιλίη-θ
2389 1071 3082 1153 riguisqraniquondam
3115 1081 3461 1153 deportatus
3490 1084 3579 1140 nil

2020 1139 2218 1193 simile
2234 1139 2476 1211 fecerit;
2509 1139 2622 1197 sed
2636 1145 2734 1199 hic
2753 1139 2816 1201 in
2839 1163 2944 1202 sua
2961 1151 3107 1205 sede
3111 1139 3462 1222 pontiﬁcali.

1987 1226 2113 1280 Hoc
2143 1227 2314 1280 etiam
2348 1229 2745 1299 adjiciendum
2774 1250 2971 1305 Operae
3013 1240 3265 1308 pretium
3314 1245 3405 1297 cst
3437 1244 3573 1298 huic

1915 1315 2099 1382 operi,
2123 1316 2294 1385 ,quod
2341 1333 2475 1371 cum
2515 1319 2755 1375 efficere
2804 1339 2923 1378 non
2960 1326 3342 1384 dissimiliter
3388 1347 3574 1401 posse

1915 1401 2026 1456 hoc
2054 1402 2212 1469 alibi,
2247 1405 2339 1458 vel
2398 1406 2458 1461 in
2498 1423 2607 1462 suo
2635 1426 2752 1479 quo
2774 1414 3094 1483 requiescit
3124 1416 3275 1486 loco,
3308 1422 3410 1473 aut
3452 1435 3573 1490 quo

1912 1490 2186 1545 similiter
2212 1492 2496 1548 devectus
2553 1501 2645 1550 est
2700 1499 3063 1569 Aquisgrani
3100 1505 3336 1575 palatio,
3371 1508 3575 1562 maluit

1913 1578 2023 1632 hoc
2053 1579 2323 1634 effectum
2360 1583 2435 1637 iri
2463 1585 2524 1637 in
2564 1602 2672 1639 sua
2724 1589 3018 1657 quondam
3059 1593 3200 1648 sede
3230 1595 3569 1662 pontiﬁcali.

1912 1666 2049 1737 Egit
2080 1669 2233 1722 enim
2266 1670 2462 1724 divina
2493 1675 2680 1743 gratia
2710 1676 2887 1747 digna
2911 1684 3477 1752 rccompeusatione,
3510 1686 3575 1738 ut

1911 1755 2011 1809 ubi
2040 1772 2147 1825 pro
2207 1762 2544 1828 contemptu
2599 1764 2806 1818 saeculi
2861 1766 3275 1824 olimbonores
3306 1771 3564 1842 dignita-

167 1820 282 1921 Plu§
309 1824 642 1928 ﬁ°n§enfim
678 1823 844 1928 Quid
874 1840 907 1877 ὃ
941 1840 1033 1877 me
1064 1839 1178 1923 non
1210 1825 1361 1924 bene
1402 1824 1677 1928 consulto
1703 1839 1805 1923 θίξ-
1832 1851 1891 1913 Β
1911 1820 2122 1914 tesque
2154 1820 2491 1917 reliquerat,
2525 1849 2757 1921 eligens
2817 1853 2937 1909 Deo
2985 1820 3563 1928 arctiusvinb—agrere,

164 1911 365 1980 cepisti,
400 1910 455 1965 si
486 1912 606 1980 vis,
650 1912 918 1981 restitue,
978 1913 1254 1983 quoniam
1293 1913 1347 1967 ei
1379 1913 1478 1983 qui
1526 1916 1645 1966 tam
1677 1912 1805 1967 evi-

166 1998 345 2052 denter
371 2016 403 2052 a
432 2015 532 2054 me
566 2014 742 2054 suum
791 1999 1060 2071 requirit,
1092 2001 1243 2055 velis
1265 2000 1440 2070 nolis,
1474 2001 1809 2055 meum‘erit

170 2087 412 2141 reddere.
449 2088 529 2141 At
564 2086 684 2157 ille,
735 2087 980 2152 Quando
1019 2088 1275 2158 quidem,
1321 2088 1527 2159 inquit,
1564 2089 1653 2143 sic
1684 2089 1804 2144 Deo

163 2174 346 2243 placet,
405 2191 521 2231 nec
575 2177 747 2230 aliter
790 2178 986 2247 potest
1038 2176 1167 2235 ﬁeri
1225 2177 1502 2247 (porrigit
1529 2176 1805 2232 baculum

158 2277 308 2332 quem
339 2264 634 2333 tenebat);
666 2280 761 2334 en,
815 2266 1024 2336 inquit,
1066 2265 1323 2336 domine,
1356 2267 1573 2320 bonum
1606 2266 1804 2335 recipe

158 2351 290 2420 quod
319 2352 564 2408 dedisti.

718 2458 972 2514 CAPUT
999 2458 1221 2513 XXIX.

164 2585 277 2662 Rex
330 2590 389 2662 vi
429 2605 684 2662 suorum
718 2591 1082 2662 irrumpens,
1106 2591 1170 2644 in
1209 2589 1520 2662 ecclesiam
1564 2596 1805 2662 accepto

220 2658 413 2715 baculo
439 2662 644 2714 sancti
662 2660 875 2715 bonum
905 2658 1553 2727 reddit,satisl'actione
1579 2658 1805 2715 humili-

213 2736 305 2852 ἴεν
350 2730 537 2801 facta,
571 2738 635 2785 et
662 2737 1003 2785 contractus
1038 2732 1271 2804 quidam
1311 2732 1569 2803 erigitur
1599 2732 1802 2787 eadem

230 2814 369 2852 iora.

230 2814 369 2854 'IOI’a.

210 2887 548 2943 Procedens
568 2889 765 2961 itaque
795 2904 906 2944 rex
926 2889 999 2944 de
1028 2889 1242 2959 palatio
1266 2891 1425 2943 stetit
1452 2905 1639 2960 super
1668 2905 1800 2962 gra-

161 2974 256 3029 dus
285 2978 379 3047 qui
408 2978 881 3047 prmeminebant
903 2978 962 3032 in
983 2978 1229 3049 templo;
1260 2978 1626 3047 persultabat
1657 2994 1800 3050 ergo

156 3065 389 3120 ecclesia
407 3067 667 3121 vocibus
691 3066 1070 3138 gaudentium
1096 3067 1398 3136 Deumque
1418 3065 1797 3121 laudantium.

158 3150 270 3220 Ipse
297 3158 490 3209 autem
548 3154 872 3223 admirans,
934 3154 1143 3224 Tarde,
1177 3155 1277 3224 ait,
1326 3158 1387 3208 ut
1443 3168 1602 3225 reor,
1661 3155 1800 3210 illuc

153 3242 493 3314 perveniam,
527 3247 615 3312 ut,
651 3244 803 3297 sicut
836 3247 1040 3297 sancto
1069 3245 1279 3313 placet,
1325 3243 1378 3297 ei
1411 3243 1797 3298 satisfaciam.

156 3327 247 3382 Vix
272 3330 473 3403 igitur,
509 3331 978 3400 irrumpentibus
999 3331 1288 3386 ministris
1319 3331 1448 3399 iter,
1483 3346 1587 3401 per
1615 3348 1798 3402 popu-

156 3416 186 3469 li
214 3419 460 3474 medium
508 3420 784 3490 pervenit
823 3420 881 3473 in
913 3420 1249 3491 praesentia,
1293 3420 1388 3474 ubi
1422 3420 1599 3474 ﬁebat
1649 3436 1798 3490 opus

152 3504 448 3562 divinitatis
481 3508 965 3563 celeberrimum.

212 3597 457 3666 Accepto
490 3599 695 3668 itaque
719 3598 914 3651 statim
943 3613 977 3650 a
995 3596 1242 3651 custode
1272 3597 1555 3666 pastorali
1584 3596 1797 3651 baculo

155 3685 340 3755 sancti,

156 3768 333 3840 Stans,
367 3772 453 3826 ait
472 3793 491 3827 .-
520 3773 625 3827 En
638 3773 838 3844 recipe
856 3772 1007 3845 quod
1022 3773 1210 3828 reddo
1229 3778 1383 3827 tuum
1404 3773 1536 3844 tibi,
1568 3779 1797 3845 sancte,

156 3858 498 3929 Ignoscendo
528 3862 685 3915 mihi
710 3863 937 3915 veniam
960 3862 1214 3916 concede
1244 3863 1500 3934 roganti.

212 3948 297 4001 Sic
319 3965 444 4021 rex,
470 3950 742 4021 reposito
764 3949 974 4006 baculo
997 3966 1180 4020 SUper
1197 3967 1416 4022 corpus
1438 3950 1796 4019 venerabile,

154 4038 417 4095 conﬁtens
458 4042 772 4111 peccatum
805 4040 1106 4095 humiliato
1136 4040 1343 4110 capite,
1369 4052 1691 4112 regressus
1710 4043 1801 4094 est

158 4126 467 4197 celerrime,
503 4128 736 4198 eadem,
761 4132 822 4182 ut
853 4128 1270 4199 comperimus,
1305 4129 1470 4200 hora,
1502 4146 1615 4200 qua
1647 4129 1800 4183 facta

156 4217 233 4269 est
248 4220 450 4271 sancto
481 4218 559 4271 ab
593 4232 738 4289 rege
760 4216 1023 4288 justitia;
1243 4211 1247 4215 ’

159 4299 380 4365 Quidam
398 4311 751 4362 contractus
778 4321 997 4379 gressu
1024 4311 1145 4360 stat
1176 4306 1400 4378 sospite
1429 4322 1629 4360 sanus.

212 4392 482 4450 Protinus
503 4410 654 4467 ergo
694 4395 907 4449 dantur
936 4395 1058 4449 Deo
1079 4395 1368 4450 altissimo
1395 4396 1467 4449 ab
1501 4393 1801 4450 universis

158 4477 340 4536 laudes
368 4487 425 4537 et
458 4483 695 4557 gratiae,
731 4483 1107 4554 concinitque
1134 4483 1356 4553 pariter
1383 4484 1581 4537 clerus
1605 4483 1802 4538 civita-

156 4566 221 4621 tis
255 4569 328 4627 Te
344 4571 519 4626 deum
542 4570 850 4625 laudamus
880 4570 1322 4626 ofﬁciosissime

214 4656 345 4719 Quae
372 4659 468 4713 vel
501 4662 725 4731 quanta
753 4659 1035 4714 miracula
1054 4663 1190 4729 post
1219 4659 1348 4714 haec
1379 4659 1531 4714 facta
1562 4659 1802 4713 sintim-

160 4746 421 4811 possibile
450 4752 549 4802 est
579 4748 852 4819 cuiquam
901 4747 1217 4802 scribendo
1247 4748 1673 4818 perstringere,
1726 4762 1803 4802 ex

164 4834 359 4899 quibus
399 4835 645 4891 nonulla
691 4839 928 4906 propter
975 4850 1333 4890 concursum
1364 4836 1791 4906 strepitumque

160 4921 553 4979 tumultuantis
582 4922 806 4995 populi,
831 4924 903 4979 ad
933 4924 1126 4978 nostri
1156 4924 1419 4978 notitiam
1448 4940 1565 4979 non
1595 4927 1802 4993 potue-

161 5014 276 5063 runt
301 5014 647 5082 pervenire;
672 5027 741 5069 ea
762 5015 957 5068 tamen
988 5028 1121 5083 quin
1152 5013 1428 5081 vidimus,
1460 5013 1554 5067 vel
1585 5012 1656 5066 ab
1670 5010 1802 5066 aliis

163 5098 271 5151 visa
301 5100 455 5156 ﬁdeli
487 5102 785 5159 relatione
841 5101 1181 5171 didicimus,
1211 5101 1447 5155 silentio
1498 5099 1803 5169 praeterire

165 5186 309 5245 nefas
336 5193 701 5261 putavimus.

742 5329 1208 5372 ADNOTATIONEB.

224 5409 563 5468 Procedens
592 5415 789 5485 itaque
801 5428 920 5468 rex
936 5413 1011 5467 de
1029 5410 1253 5485 palatio
1263 5410 1637 5485 stetit‘sziper
1648 5424 1797 5485 gra-

166 5478 261 5553 dus
294 5486 388 5553 qui
404 5478 887 5553 pneemiziebant
915 5484 979 5537 in
1012 5478 1242 5553 templo.
1302 5478 1619 5553 Confirmat
1648 5478 1797 5535 hanc

172 5502 261 5533 I108
330 5502 384 5538 ιιι
452 5502 887 5540 ιἐθθωωθοεηι
915 5502 979 5537 ιη
1012 5502 1242 5553 templo.
1302 5502 1619 5534 uomitum;
1648 5502 1797 5535 nunc

172 5502 617 5611 satisIactfonem
646 5550 702 5610 et
727 5553 1194 5611 humiliationem
1222 5553 1389 5625 regis
1449 5549 1803 5607 Lambertus

495 5698 755 5756 PATROL.
787 5695 1048 5755 CXLIX.

1916 1932 2034 1986 illic
2078 1934 2554 2005 magniﬁcentius
2611 1939 2950 1996 exiberetur
2979 1944 3039 1997 ei
3065 1944 3255 1999 honor
3284 1949 3344 2000 ct
3377 1948 3570 2018 gloria

1914 2020 2019 2073 Dei
2037 2021 2560 2080 administratione.

1987 2109 2192 2180 Neque
2240 2127 2381 2167 vero
2412 2113 2779 2170 reticendum
2824 2121 2917 2172 est
2962 2120 3074 2174 hoc
3105 2118 3240 2191 ejus
3268 2123 3568 2192 patientiae

1915 2198 2265 2269 pietatisque
2296 2202 2631 2273 exemplum
2659 2205 2816 2274 quod
2846 2222 2972 2274 eos,
3007 2209 3108 2278 qui
3138 2209 3443 2265 adversari
3458 2211 3576 2266 sibi

1917 2286 2286 2355 videbantur,
2319 2288 2381 2342 in
2410 2288 2522 2343 hoc
2538 2289 2660 2360 jam
2691 2293 3005 2361 plurimum
3040 2297 3231 2367 magis
3261 2297 3573 2354 beneﬁciis

1917 2375 2221 2428 attraxerit
2248 2391 2425 2446 quam
2456 2378 2714 2447 qualibet
2743 2381 2916 2453 plaga
2949 2384 3040 2438 vel
3072 2384 3293 2440 ultione
3324 2386 3567 2442 meritos

1918 2464 2249 2517 caarcuerit.

2490 2553 2745 2610 CAPUT
2775 2558 2990 2613 XXXI.

1916 2662 2005 2716 De
2024 2667 2294 2715 matrona
2317 2661 2775 2742 quadamipsius
2797 2664 2967 2718 urbis
3010 2666 3237 2737 orbata,
3274 2673 3332 2722 et
3365 2668 3577 2723 lumini

1998 2770 2003 2776 .
2423 2738 2688 2802 pristino
2708 2742 3067 2790 restaurata.

1985 2819 2249 2873 Matrona
2287 2818 2566 2888 quaedam
2604 2819 2676 2876 de
2734 2822 2866 2891 ipsa
2896 2823 3129 2880 civitate
3176 2841 3283 2895 per
3325 2827 3573 2885 multum

1914 2910 2148 2977 tempus
2190 2908 2418 2977 privata
2471 2907 2664 2963 fuerat
2695 2910 3003 2965 oculorum
3032 2913 3272 2982 lumine,
3330 2930 3464 2985 quae
3511 2919 3575 2970 ut

1916 3012 1989 3049 ex
2006 3000 2155 3052 -voto
2172 3011 2279 3065 pro
2298 3011 2365 3049 se
2379 2998 2651 3068 rogatura
2665 3000 2931 3065 pervenit
2942 3001 3016 3054 ad
3029 3017 3246 3072 corpus
3259 3003 3569 3057 venerabi-

1915 3084 1968 3139 le
1984 3084 2178 3139 stalim
2197 3097 2272 3136 ex
2285 3082 2501 3139 divina
2525 3085 2965 3142 clariﬁcationis
2979 3091 3317 3159 praesentia,
3334 3090 3571 3146 detersa

1914 3173 2290 3228 tenebrarum
2304 3170 2597 3241 caligine,l
2608 3189 2682 3226 ux
2696 3174 2947 3229 orbibus
2964 3177 3197 3231 refulsit
3208 3179 3568 3250 gratissima,

1913 3261 2043 3331 ipsa
2066 3276 2174 3331 pro
2193 3260 2534 3330 hujusmodi
2570 3277 2810 3316 munere
2832 3263 3114 3319 divinitus
3137 3265 3344 3336 adepto
3367 3267 3518 3324 duos
3539 3284 3571 3322 e

1914 3349 2130 3403 familia
2163 3364 2272 3403 sua
2306 3348 2543 3404 tradidit
2570 3354 2791 3404 sancto.

2477 3471 2728 3527 CAPUT
2760 3474 3003 3530 XXXII.

2199 3580 2286 3634 De
2318 3594 2468 3634 caeca
2502 3585 2636 3633 nata
2663 3585 2721 3634 et
2758 3582 2909 3634 visui
2937 3582 3281 3638 condonata.

1986 3670 2263 3735 Quaedam
2286 3668 2423 3721 item
2455 3667 2663 3721 mulier
2678 3668 2752 3723 ad
2783 3669 2896 3723 hoc
2928 3670 3191 3727 solemne
3222 3671 3572 3728 miraculum

1916 3760 2162 3814 deducta
2184 3758 2390 3825 fuerat,
2410 3756 2502 3809 cui
2518 3756 2711 3810 lumen
2738 3758 3041 3812 oculorum
3065 3774 3138 3812 ex
3156 3762 3359 3815 matris
3375 3766 3564 3829 utero,

1915 3851 1978 3903 ut
2008 3847 2135 3917 ipsa
2158 3845 2467 3911 fatebatur,
2495 3847 2698 3898 natura
2731 3851 3077 3916 negaverat;
3098 3848 3226 3901 haec
3260 3851 3482 3905 orando
3510 3851 3566 3904 fi-

1915 3936 2125 3989 deliter
2155 3950 2286 3987 cum
2324 3933 2582 4000 caeteris,
2621 3948 2738 3987 non
2769 3950 2946 3999 casso
2978 3937 3439 4005 promebattalia
3497 3939 3569 3993 ab

1917 4024 2137 4079 intimis
2179 4022 2414 4076 cordis:
2448 4020 2659 4075 Sancte
2689 4022 2813 4091 Dei,
2846 4023 2939 4091 pie
2970 4027 3027 4077 et
3057 4027 3431 4096 exaudibilis,
3466 4029 3567 4099 qui

1916 4116 2070 4166 tanta
2105 4115 2336 4179 tamque
2357 4110 2501 4161 mira
2518 4109 2727 4163 deiﬁce
2746 4109 2841 4163 hic
2872 4114 3172 4182 operai-is;

1920 4201 2032 4267 Qui
2048 4205 2307 4270 praestas
2327 4197 2465 4250 aliis
2493 4199 2549 4251 ci
2554 4196 2600 4249 li
2606 4213 2671 4250 us
2686 4214 3036 4269 quas-cunque
3057 4217 3327 4272 rogaris;

1919 4289 2098 4355 Quem
2124 4302 2234 4340 non
2254 4283 2597 4339 noscodiem
2627 4284 2700 4338 da
2722 4300 2994 4353 cernere,
3016 4287 3290 4359 pel/eque
3316 4296 3564 4355 noctem,

1920 4377 2057 4442 Quae
2096 4391 2187 4428 me
2221 4380 2376 4427 tetra
2400 4372 2501 4425 diu
2519 4373 2800 4427 miseram
2816 4374 3088 4444 possedit
3111 4375 3184 4430 ab
3207 4383 3358 4433 ortu.

1985 4464 2190 4519 Statim
2223 4466 2282 4516 ut
2310 4463 2483 4531 caput
2524 4460 2709 4514 erexit.
2731 4477 2863 4516 cum
2896 4463 3177 4535 oratione,
3204 4467 3391 4536 aperti
3433 4470 3573 4522 sunt

1839 4546 1894 4608 D
1915 4555 2137 4624 pariter
2167 4551 2337 4606 ocelli
2368 4566 2502 4604 cum
2532 4550 2847 4620 sanguinis
2877 4551 3254 4620 profusione;

1914 4643 2067 4700 Nam
2091 4643 2283 4696 virtus
2313 4641 2495 4694 tetris
2510 4637 2833 4709 splendens
2864 4640 3052 4711 jubar
3099 4642 3303 4697 intulit
3345 4642 3576 4698 umbris

1914 4732 2061 4787 Mox
2090 4735 2149 4785 et
2162 4731 2347 4784 amica
2377 4727 2511 4781 dies
2549 4743 2757 4782 vacuos
2784 4727 3077 4783 illuminat
3107 4731 3306 4786 orbes.

1986 4820 2086 4874 Illa
2119 4834 2262 4872 vero
2292 4816 2503 4871 videns
2528 4816 2723 4871 lumen
2755 4817 3074 4886 insolitum,
3100 4818 3334 4890 utjure,
3366 4820 3572 4874 lauda-

1914 4909 1999 4964 vit
2020 4907 2332 4962 lmtissima
2361 4905 2676 4974 medicum,
2707 4920 2775 4958 ac
2793 4921 2896 4974 pro
2921 4910 3068 4960 teste
3090 4907 3272 4977 hujus
3304 4908 3574 4963 miraculi

1916 4996 2236 5052 stillantem
2257 4994 2331 5049 ob
2364 4992 2556 5048 oculis
2606 5008 2876 5048 cruorem
2906 4994 3148 5059 protulit
3177 4995 3236 5049 in
3264 5000 3572 5066 aspectum

1918 5085 2138 5157 popun.

2461 5167 2712 5224 CAPUT
2750 5168 3024 5224 XXXIII.

1918 5282 2006 5337 De
2038 5280 2258 5335 misero
2286 5282 2568 5333 strumam
2606 5274 2864 5329 habente
2914 5277 2976 5330 in
3016 5277 3214 5347 capite
3244 5283 3305 5335 et
3343 5284 3570 5335 sanato.

1986 5369 2227 5424 Cuidam
2258 5366 2478 5420 misere
2525 5368 2750 5418 struma
2796 5367 3065 5418 creverat
3106 5367 3167 5418 in
3196 5367 3406 5438 capite,
3438 5382 3572 5439 quae

1916 5462 2322 5515 intumescens
2372 5468 2574 5506 aurem
2613 5457 3005 5522 occupaverat
3048 5468 3182 5508 cum
3219 5453 3391 5527 facie,
3442 5470 3608 5527 quae.

1914 5548 2108 5622 pestis
2164 5560 2281 5601 non
2320 5543 2517 5599 minus
2547 5541 2766 5597 misero
2813 5540 3125 5598 videbatur
3172 5543 3572 5619 incommoda,

3085 5683 3148 5741 11
