3978 6178
406 312 525 377 331
610 306 1096 373 GODEFREDI
1119 302 1696 368 STABULENSIS
1719 299 2115 364 MONAGHI
2132 299 2656 367 .TRIUMPHUS
2683 303 2751 366 Β,
2774 303 3191 366 ΒΕΜΑΟΙᾸ.
3225 337 3302 352 -
3328 304 3487 367 LIB.
3518 305 3598 366 II.

3734 307 3847 371 332

405 527 585 586 quam
615 515 743 567 erat
773 511 1048 566 omnibus
1078 508 1215 561 visu
1244 505 1610 576 turpissima.
1645 504 1757 557 Hic
1784 501 1887 557 ubi
1937 516 2071 556 cum
2098 486 2146 546 ΞἉ
2183 502 2544 556 admirantes
2594 502 2936 575 Christique
2951 503 3322 559 confessoris
3354 504 3414 558 in
3434 504 3566 575 ipso
3579 504 3839 559 meritum

405 601 647 658 caeteris
678 599 862 655 astitit
892 612 1090 653 coram
1123 594 1479 664 sanctuario,
1514 594 1753 663 repente
1784 590 2071 672 disparuit

405 683 604 746 omnis
634 689 852 743 vitiosa
898 686 997 740 illa
1026 685 1263 738 inflatio.
1299 683 1447 736 Nam
1479 681 1572 736 his
1602 680 1702 751 qui
1733 695 1866 733 eum
1895 679 2065 733 antea

402 779 672 833 viderant
700 774 1084 843 intuentibus,
1118 788 1235 826 non
1267 771 1394 825 sine
1426 770 1806 825 admiratione
1826 767 1955 823 visa
1972 770 2063 820 est

405 866 661 922 remissa
709 864 861 917 cutis
912 877 1020 916 suo
1049 862 1182 914 loco
1239 859 1545 929 aequaliter
1598 858 1922 923 resedisse,
1958 871 2067 909 nec

403 955 723 1027 quidquam
755 968 828 1006 ex
858 968 926 1007 eo
948 951 1154 1005 morbo
1181 947 1565 1017 remansisse,
1591 951 1805 1017 preter
1832 944 2066 999 cicatri-

407 1058 538 1099 cem
566 1042 629 1098 in
658 1042 866 1113 capite.

958 1169 1209 1226 CAPUT
1240 1169 1512 1225 XXXIV.

581 1314 675 1369 De
699 1312 891 1385 puella
911 1311 1189 1383 septenni
1211 1310 1546 1383 paralytica
1570 1314 1630 1365 et
1649 1316 1877 1365 sanata.

477 1402 694 1463 Mulier
723 1402 902 1455 ﬁliam
942 1415 1112 1454 suam
1142 1403 1509 1469 septennem,
1540 1399 1733 1453 silicet
1786 1400 2065 1471 paralyti-

406 1507 557 1561 cam,
589 1491 712 1545 illic
742 1490 1034 1561 deposuit,
1067 1489 1242 1560 cujus
1260 1487 1407 1542 fides
1429 1488 1569 1542 ﬁlim
1594 1487 1843 1542 salutem
1873 1487 2069 1541 statim

406 1578 759 1650 impetravit.
784 1578 860 1632 Hi
882 1593 1028 1649 ergo
1039 1577 1140 1648 qui
1158 1577 1264 1630 Dei
1285 1576 1499 1630 virtute
1523 1578 1787 1630 sanatam
1815 1576 2070 1644 puellam

405 1668 688 1725 videbant
716 1670 993 1734 erectam,
1029 1680 1215 1735 super
1243 1664 1521 1734 populum
1552 1663 1826 1718 manibus
1856 1662 2069 1718 offere-

406 1755 570 1826 bant,
604 1770 674 1810 ac
702 1754 978 1810 meritum
1037 1752 1406 1808 confessoris
1448 1751 1669 1807 Christi
1696 1755 1850 1807 teste
1885 1750 2070 1806 mira-

410 1843 544 1901 culo
573 1842 1049 1915 magniﬁcabant.
2012 1880 2039 1904 .

480 1931 630 1988 Cum
658 1935 851 1986 autem
863 1932 1280 2003 ignoraremus
1304 1944 1436 2000 quae
1457 1934 1623 1984 esset
1642 1929 1877 1984 virtutis
1890 1928 2072 2001 hujus

413 2019 702 2090 efﬁcacia,
717 2021 905 2073 mater
918 2032 1100 2088 prope
1111 2018 1407 2072 assistens
1425 2034 1558 2073 cum
1587 2018 1864 2089 lacrymis
1881 2010 2074 2072 excla-

411 2108 597 2164 mavit
624 2107 952 2162 latissima.
987 2106 1131 2160 Haec
1160 2105 1259 2176 ait,
1275 2121 1451 2177 quam
1478 2107 1669 2174 video,
1690 2106 1987 2176 processit
2002 2121 2077 2160 ex

413 2211 549 2252 meo
580 2197 769 2265 utero,
832 2194 904 2249 de
935 2193 1113 2265 cujus
1143 2194 1316 2264 paulo
1346 2199 1481 2250 ante
1537 2195 1667 2250 solo
1697 2194 1904 2252 funere
1935 2195 2077 2251 mihi

414 2286 541 2341 erat
578 2282 967 2355 exspectatio,
1026 2284 1163 2352 quia
1191 2296 1265 2337 ex
1304 2283 1461 2337 omni
1503 2286 1669 2352 parte
1698 2286 2074 2354 praemortua,

417 2373 634 2444 spiritu
664 2375 887 2427 tantum
906 2370 1222 2441 palpitabat
1234 2372 1775 2427 tenuissimo.Tunc
1805 2388 1945 2428 vero
1963 2374 2080 2427 tan-

413 2466 513 2518 tus
531 2461 606 2517 ab
636 2464 888 2531 utroque
910 2475 1061 2514 sexu
1090 2460 1281 2514 factus
1295 2464 1386 2515 est
1408 2462 1630 2515 clamor
1648 2460 2074 2531 admirationis,

415 2553 481 2606 ut
508 2566 629 2605 non
669 2550 970 2604 videretur
997 2564 1179 2618 posse
1211 2548 1368 2603 finiri
1409 2566 1527 2603 vox
1583 2550 1915 2604 continuata
1946 2566 2079 2604 cum

416 2637 721 2709 lacrymis.
786 2637 1173 2691 Exsultabant
1211 2639 1366 2691 enim
1406 2654 1612 2693 omnes
1666 2639 1725 2691 in
1763 2638 1934 2693 laude
1976 2639 2083 2692 Dei

417 2739 568 2782 voce
598 2727 729 2781 sine
777 2727 1000 2794 verbis,
1034 2729 1194 2779 tanto
1224 2725 1424 2779 sonitu
1466 2730 1747 2796 quantum
1778 2727 1877 2780 vix
1926 2726 2081 2780 ferre

416 2818 627 2889 posset
657 2814 891 2868 auditus
923 2813 1169 2884 quilibet
1197 2814 1499 2883 capabilis.

495 2902 818 2959 Videbatur
844 2905 1136 2972 praeterua
1156 2902 1368 2972 cuique
1383 2900 1529 2957 foris
1551 2903 1883 2961 advenienti
1900 2907 2084 2977 reple-

419 2996 537 3049 tam
550 2991 743 3048 fuisse
756 2994 931 3048 totam
952 2991 1110 3044 illam
1132 2990 1445 3045 ecclesiam
1458 2992 1649 3064 gloria
1682 3000 1739 3049 et
1774 2996 2081 3067 majestate

419 3082 675 3151 Domini,
703 3081 824 3151 ubi,
851 3080 1293 3134 delectabantur
1307 3079 1702 3137 inhabitantes
1714 3087 1991 3156 tanquam
2007 3103 2079 3141 ex

420 3169 527 3225 Dei
558 3169 877 3240 praesentia
907 3170 1195 3224 suavitate
1233 3169 1631 3242 inenarrabili,

420 3263 631 3331 posset
660 3260 798 3328 diei,
819 3260 976 3313 sicut
990 3262 1045 3312 et
1065 3259 1371 3312 dicebatur
1385 3275 1500 3314 non
1534 3259 1859 3317 immerito:
1892 3264 2083 3318 Domi-

422 3367 536 3407 nus
566 3356 658 3405 est
677 3349 878 3419 inloco
898 3349 1015 3401 isto
1035 3347 1207 3418 (Gen.
1232 3349 1458 3418 xxvm).
1491 3350 1625 3418 Ipso
1643 3366 1788 3422 ergo
1821 3353 1915 3407 die
1929 3354 2080 3409 cele-

431 3440 705 3496 britatem
737 3437 889 3490 hanc
917 3436 1247 3490 divinorum
1261 3452 1503 3506 operum
1523 3439 1730 3508 gavisa
1746 3444 1839 3494 est
1855 3445 1911 3495 et
1928 3447 2082 3498 terra

423 3526 677 3599 quodam
702 3524 876 3578 modo
918 3540 983 3578 se
1015 3525 1234 3578 sentire
1259 3540 1379 3578 non
1417 3526 1612 3580 minus
1643 3542 1814 3598 quam
1845 3532 2078 3587 cmlum.

421 3613 566 3681 Quae
598 3610 754 3668 enim
797 3612 989 3666 tribus
1021 3613 1245 3667 exactis
1276 3614 1583 3668 mensibus
1626 3631 1741 3669 non
1783 3620 2084 3675 maduerat

425 3705 620 3778 aquis,
640 3702 848 3759 herbis
879 3718 1011 3756 eum
1041 3702 1307 3775 germine
1338 3718 1487 3771 pene
1517 3707 1946 3781 arescentibus,
1980 3726 2081 3765 ea-

420 3794 555 3849 dem
576 3791 959 3849 nihilominus
974 3792 1067 3846 die
1095 3792 1293 3845 divina
1310 3794 1645 3861 operatione
1674 3811 1903 3853 omnem
1929 3801 2083 3856 viro-
2144 3819 2150 3825 ’

421 3896 549 3938 rem
579 3882 803 3953 recepit
832 3882 1077 3954 largiter
1104 3881 1322 3935 infusis
1342 3881 1651 3939 imbribus.

984 4039 1236 4095 CAPUT
1263 4038 1507 4096 XXXV.

496 4183 587 4241 De
603 4185 826 4242 clerico
854 4186 1134 4242 distortis
1157 4188 1418 4260 pedibus
1447 4191 1522 4244 ab
1544 4199 1679 4247 ortu
1699 4199 1758 4248 et
1788 4202 1997 4251 sanato

426 4318 431 4321 ς
487 4273 633 4329 Cum
649 4274 776 4346 jam
808 4277 897 4329 sol
918 4278 1299 4347 vespertinus
1321 4279 1393 4332 ad
1430 4295 1709 4336 occasum
1732 4282 2074 4355 declinaret,

417 4365 477 4419 et
507 4364 697 4418 adhuc
721 4364 975 4434 populus
996 4366 1277 4435 frequens
1299 4367 1357 4420 in
1378 4369 1582 4424 laudes
1599 4370 1822 4425 Christi
1853 4373 2081 4428 confes-

415 4453 575 4506 soris
608 4452 978 4519 acclamaret,
1002 4454 1215 4507 factum
1246 4460 1337 4509 est
1359 4457 1515 4511 aliud
1547 4461 1837 4529 quoddam
1860 4463 2077 4520 divinae

2185 588 2501 645 efferentes
2532 591 3008 662 magniﬁcabant.

2730 678 2874 733 CAP
2885 679 2986 734 UT
3026 680 3297 735 XXXVI.

2184 766 2397 822 Altero
2425 783 2598 822 mane
2610 767 3098 841 factoconsilium
3119 770 3339 841 agitur,
3372 775 3432 823 ut
3459 769 3846 841 gloriﬁcatur

2470 855 2684 909 corpus
2717 839 2791 894 ad
2822 840 3008 897 locum
3037 839 3202 894 suum
3237 839 3565 895 referatur.

2190 925 2503 981 Clauditur
2522 927 2625 980 iIIa
2649 924 2782 982 dies
2801 930 3078 985 retinens
3097 943 3214 1000 per
3242 928 3453 984 saecula
3475 929 3705 997 laudes,

2182 1014 2336 1070 Acta
2370 1015 2538 1087 quies
2568 1023 2758 1084 nocte,
2791 1016 3046 1071 redeunt
3076 1017 3413 1087 spectacula
3441 1033 3636 1074 mane.

2259 1104 2597 1173 Requisivit
2646 1120 2791 1175 ergo
2844 1104 3121 1160 dominus
3168 1105 3357 1160 abbas
3407 1106 3751 1161 revehendo
3777 1106 3843 1159 ad

2184 1193 2381 1253 locum
2412 1209 2586 1248 suum
2616 1193 2946 1265 gloriﬁcato
2981 1196 3170 1249 sancti
3203 1210 3450 1265 corpore
3481 1195 3847 1249 consiliuma

2186 1282 2338 1351 suis,
2373 1284 2429 1336 et
2441 1281 2638 1336 datum
2656 1285 2749 1336 est
2764 1298 2975 1338 sanum
2998 1283 3311 1338 consilium
3334 1284 3572 1339 minime
3600 1283 3847 1338 reditum

2185 1368 2429 1438 differri,
2462 1385 2537 1424 ne
2565 1373 2775 1440 postea
2802 1371 2859 1425 id
2892 1372 3049 1443 quod
3082 1388 3160 1427 ex
3186 1376 3324 1427 voto
3355 1374 3641 1442 cesserat,
3675 1370 3845 1444 quid-

2182 1473 2357 1527 quam
2385 1459 2559 1512 nobis
2591 1459 2758 1513 ﬁeret
2790 1460 3208 1531 impedimenti,

2257 1546 2446 1616 Igitur
2472 1562 2603 1601 cum
2626 1546 3053 1604 honestissima
3076 1548 3429 1603 clericorum
3459 1548 3523 1603 S.
3553 1547 3855 1612 Lamberti

2183 1636 2612 1705 cooperatoris,
2639 1639 2703 1690 ut
2731 1652 2870 1695 vere
2891 1636 3163 1705 fatemur,
3186 1651 3389 1692 earum
3411 1637 3695 1692 virtutum
3738 1639 3849 1690 tam

2184 1726 2576 1794 processione
2599 1741 2772 1796 quam
2793 1726 2921 1797 pari
2938 1725 3251 1782 devotione
3263 1726 3639 1782 decessimus
3657 1725 3853 1780 exsul-

2184 1815 2378 1869 tantes
2409 1813 2482 1869 ab
2506 1813 2605 1867 illa
2628 1814 2862 1869 civitate
2895 1831 2907 1868 :
2943 1818 3073 1869 erat
3091 1818 3284 1868 autem
3304 1830 3426 1869 vox
3452 1829 3568 1886 una
3588 1814 3851 1875 omnium

2181 1903 2243 1957 in
2272 1901 2481 1957 laudes
2509 1901 2731 1957 Christi
2744 1902 3114 1959 confessoris
3142 1902 3587 1958 acclamantium
3621 1919 3634 1956 :

2181 1989 2399 2060 Aveto,
2427 1990 2664 2062 praesul
2687 1992 2843 2063 agie,
2868 1997 3121 2063 patrone
3143 1995 3349 2047 noster
3367 1991 3616 2064 inclyte,

2184 2078 2341 2149 Spes
2368 2093 2400 2132 ο
2422 2079 2543 2133 tuis
2563 2078 2875 2149 ﬁdissima,
2907 2095 3016 2134 nos
3048 2085 3142 2133 tua
3156 2078 3307 2151 juva
3338 2085 3567 2151 gratia;

2196 2166 2276 2221 Tu
2296 2165 2402 2222 lux
2428 2166 2723 2239 decusque
2743 2166 2971 2238 Galliae,
2992 2183 3118 2223 cum
3131 2166 3313 2240 plebe
3329 2166 3552 2223 clerum
3578 2174 3854 2239 protege,

2192 2254 2301 2311 Cui
2322 2270 2501 2325 posse
2532 2256 2754 2311 scimus
2766 2254 3254 2327 plurimum,cura
3296 2254 3619 2327 languores
3650 2255 3856 2311 crimi-

2261 2360 2414 2398 num.

2187 2431 2334 2509 Huc.
2350 2438 2409 2486 te
2438 2431 2693 2487 delatum
2710 2431 2989 2502 plurimis
3010 2430 3313 2487 emilsisse
3337 2432 3669 2499 miraculis,

2188 2519 2343 2575 Hinc
2360 2520 2568 2576 redire
2589 2537 2715 2575 cum
2744 2521 2936 2593 gloria
2969 2527 3087 2575 tota
3111 2521 3435 2593 congaudet
3459 2522 3661 2593 patria
3701 2541 3719 2574 :

2190 2610 2287 2664 Ad
2307 2610 2483 2681 hujus
2510 2616 2660 2664 cantu
2688 2610 2869 2663 curiae
2908 2608 3244 2664 redduntur
3274 2609 3389 2664 tibi
3413 2611 3646 2681 gratiae,

2196 2697 2332 2763 Qum
2358 2703 2475 2753 tota
2504 2702 2597 2752 tuo
2627 2714 2705 2753 ex
2722 2697 2953 2752 nomine
2975 2697 3320 2754 celebratur
3347 2696 3681 2770 magniﬁce.

2723 2803 2975 2858 CAPUT
3016 2804 3314 2857 XXXVII.

2187 2893 2277 2947 De
2298 2894 2555 2948 statione
2585 2894 2677 2947 eis
2692 2893 2917 2947 Mosam
2952 2892 3108 2948 facta
3151 2899 3209 2947 et
3231 2893 3306 2947 de
3330 2907 3648 2964 puerorum
3678 2892 3857 2949 sebo-

2258 2964 2471 3020 larium
2521 2964 2692 3019 laude
2735 2964 3222 3031 nominatissima,
3272 2963 3336 3019 et
3379 2963 3452 3035 de
3524 2965 3723 3035 ipsius
3751 2964 3868 3020 loci

2265 3036 2587 3091 traditione
2611 3052 2642 3089 a
2655 3035 3111 3107 possessoribus
3138 3041 3344 3089 sancto
3373 3034 3624 3089 ﬁrmata.

2264 3125 2389 3179 Nec
2420 3125 2614 3178 minus
2646 3124 2740 3177 his
2765 3123 3009 3195 dignum
3048 3123 3282 3177 videtur
3320 3123 3462 3177 illud
3494 3138 3857 3178 commemo-

1666 3175 2171 3284 ῗξῗῗΪῗνξῘΨῩισ
2192 3214 2438 3269 randum
2474 3215 2649 3284 quod,
2692 3213 2762 3267 ad
2797 3211 3028 3267 illorum
3060 3211 3501 3266 similitudinem
3532 3228 3863 3281 puerorum

2190 3303 2568 3364 Dominicum
2597 3302 2906 3356 Hossanna
2950 3301 3326 3371 Redemptori
3365 3300 3863 3371 proclamantium

2193 3398 2431 3469 (Matth.
2452 3394 2598 3462 xxi),
2619 3393 2676 3446 in
2708 3390 2939 3445 laudem
2968 3404 3201 3461 quoque
3232 3388 3413 3461 hujus
3426 3389 3616 3443 sancti
3636 3387 3866 3444 factum

2193 3502 2333 3543 esse
2366 3484 2643 3552 creditur,
2677 3497 2791 3535 non
2821 3482 3016 3533 tamen
3033 3481 3251 3548 praeter
3281 3478 3497 3532 divinae
3510 3476 3867 3550 gratiaepla-

2193 3578 2392 3634 citum.

2263 3666 2326 3719 In
2376 3660 2673 3717 redeundo
2702 3659 2917 3730 itaque,
2961 3657 3315 3712 transmisso
3355 3671 3546 3725 amne,
3580 3671 3723 3711 cum
3774 3658 3865 3711 cis

2196 3755 2422 3809 Mosam
2453 3752 2802 3823 perventum
2821 3748 3058 3802 essetin
3078 3745 3229 3801 locis
3261 3745 3723 3816 campestribus,
3741 3749 3862 3800 sta-

2200 3844 2414 3898 tionem
2448 3840 2564 3893 illic
2596 3836 2723 3891 ﬁeri
2753 3836 2825 3890 ad
2857 3834 3208 3891 audiendam
3238 3835 3482 3888 missam
3519 3833 3865 3906 impetravit

2194 3951 2226 3988 a
2256 3932 2491 3987 domino
2524 3926 2732 3983 abbate
2751 3924 3052 3981 omnisille
3083 3923 3303 3978 civium
3325 3925 3865 3996 extraneorumque

2194 4020 2467 4093 populus.

2266 4110 2497 4164 Interea
2531 4108 2682 4161 facta
2712 4119 2893 4173 mora,
2918 4103 3055 4158 dum
3087 4102 3403 4173 parabatur
3433 4099 3736 4155 celebrari
3769 4100 3863 4154 di-

2193 4199 2394 4252 vinum
2426 4196 2707 4263 officium,
2742 4193 2813 4246 de
2843 4197 2963 4246 tota
2993 4192 3225 4246 civitate
3253 4205 3575 4261 puerorum
3626 4188 3864 4244 scholae

2192 4287 2595 4340 convenerunt
2609 4288 2883 4353 tanquam
2902 4280 2975 4335 ad
2993 4286 3125 4351 ejus
3145 4276 3672 4333 venerandiPalris
3689 4278 3869 4333 obseo

2189 4376 2414 4447 quium,
2448 4373 2545 4443 qui
2578 4371 2935 4425 scandentes
2981 4369 3231 4438 proximi
3263 4368 3480 4422 montis
3522 4369 3861 4438 cacumina,

2190 4463 2527 4518 extulerunt
2556 4474 2759 4529 voces,
2792 4457 2953 4511 velut
2973 4456 3420 4527 angelicas,per
3448 4455 3671 4511 nubila.
3708 4456 3869 4511 Nam

416 4538 778 4608 operationis
838 4540 1167 4609 miriﬁcum,
1228 4543 1299 4595 ad
1340 4546 1777 4623 praedicandum
1808 4550 2078 4621 ejusdem
2108 4554 2166 4620 D
2190 4546 3022 4623 dispertitiase,quasitribus
3039 4561 3146 4615 per
3167 4545 3384 4600 choros
3399 4543 3867 4614 ordinibus,lau-

414 4625 500 4695 pii
528 4625 883 4694 protectoris
914 4628 1205 4682 meritum.
1239 4631 1499 4687 Adillam
1529 4638 1965 4695 venerationem
1989 4658 2078 4696 sa-

415 4712 713 4767 lutiferam
744 4713 981 4784 quidam
1013 4715 1266 4772 clericus
1288 4734 1321 4772 a
1342 4726 1504 4788 patre
1534 4729 1625 4777 est
1653 4726 1956 4797 devectus,
1977 4732 2076 4801 qui

413 4803 782 4857 transversis
801 4802 1075 4874 vestigiis
1098 4805 1386 4861 distortos
1406 4810 1589 4877 pedes
1602 4813 1674 4866 ab
1688 4817 1854 4869 utero
1871 4820 2075 4875 matris

417 4889 612 4947 fuerat
642 4906 884 4961 passus.
917 4892 1043 4946 Nec
1098 4908 1282 4963 mora,
1320 4896 1593 4952 visitatus
1626 4906 1717 4956 est
1747 4904 1819 4958 ab
1868 4908 2073 4962 eodem

416 4981 648 5035 medico
661 4982 719 5034 in
737 4982 928 5036 medio
943 4981 1469 5055 circumstantium,
1484 4989 1583 5057 qui
1598 4990 1874 5063 singulis,
1900 5001 2073 5065 prout

414 5073 661 5123 noverat
712 5075 1064 5140 competere,
1097 5073 1439 5144 porrigebat
1494 5074 1789 5145 ejusmodi
1818 5084 2069 5138 medica-

416 5160 698 5210 mentum.
718 5157 820 5212 Ille
853 5160 1050 5212 statim
1072 5161 1319 5215 salutem
1354 5179 1420 5217 se
1451 5161 1723 5221 sensisse
1754 5169 2068 5243 indicabat;

419 5244 528 5298 sed
558 5244 853 5315 ejusmodi
890 5264 991 5302 res
1032 5249 1394 5307 intuentibus
1420 5268 1537 5307 uon
1566 5255 1637 5309 ad
1683 5256 1967 5327 liquidum
1998 5262 2070 5315 ii-

419 5329 557 5387 dem
581 5336 923 5406 praastabat,
948 5337 1084 5405 quia
1112 5354 1246 5392 cum
1265 5342 1450 5410 priori
1481 5343 1862 5402 similitudine
1878 5349 2070 5406 adhuc

413 5421 600 5476 calcei
630 5422 887 5491 pedibus
920 5424 1241 5485 haerebant.

482 5511 571 5567 De
599 5512 768 5567 curia
798 5528 939 5567 vero
970 5514 1320 5573 cubicularii
1346 5535 1416 5576 ac
1436 5521 1706 5594 plerique
1726 5524 1958 5583 nobiles
1977 5529 2071 5583 ad-

413 5604 602 5672 erant,
626 5601 761 5673 ipsi,
781 5601 1156 5661 discalceatis
1185 5608 1351 5678 pueri
1380 5611 1655 5684 pedibus,
1680 5614 1951 5672 virtutem
1970 5612 2075 5675 Dei

2189 4642 2321 4694 dem
2348 4640 2470 4693 Deo
2500 4637 2839 4690 cecinerunt
2868 4649 2974 4703 pro
3006 4632 3379 4688 confessoris
3422 4633 3512 4687 sui
3556 4632 3867 4704 triumpho

2192 4734 2250 4784 et
2280 4727 2500 4782 Christi
2532 4723 2920 4779 mirabilibus.

2189 4818 2501 4872 Intratttim
2525 4818 2732 4868 cantus
2750 4827 2958 4882 magna
2997 4827 3109 4866 vox
3134 4810 3307 4866 laude
3331 4816 3617 4879 tenemus,

2192 4906 2336 4960 Inde
2369 4902 2727 4959 Cruci/iitum
2750 4897 2982 4954 laudate
3003 4900 3065 4954 in
3087 4915 3267 4955 carne
3288 4898 3564 4971 secundo,

2193 4993 2396 5062 Salve,
2430 4991 2586 5045 festa
2611 4991 2763 5057 dies,
2799 4994 3082 5043 resonant
3110 4989 3217 5043 hoc
3248 4989 3458 5044 ordine
3490 4987 3719 5055 laudes.

2265 5082 2399 5136 Non
2429 5081 2537 5134 abs
2570 5095 2635 5134 re
2656 5092 2800 5148 ergo
2822 5077 3084 5132 creditur
3126 5074 3537 5132 aestimandum
3568 5077 3626 5132 id
3657 5082 3867 5133 actum

2195 5185 2333 5224 esse
2366 5168 2521 5239 quod
2542 5167 2761 5221 nullius
2782 5166 3108 5237 magisterii
3132 5165 3449 5235 professio,
3484 5167 3578 5219 vel
3602 5163 3871 5221 humana

2194 5258 2452 5313 suaserit
2466 5255 2814 5327 suggestio;
2845 5255 2951 5308 sed
2984 5254 3132 5321 hinc,
3168 5255 3321 5322 sicut
3354 5259 3408 5308 et
3439 5254 3571 5320 alia,
3606 5255 3734 5309 fieri
3766 5255 3874 5309 de-

2193 5346 2499 5402 stinaverit
2529 5344 2780 5397 fideliter
2808 5344 3078 5397 invocata
3101 5346 3322 5397 sanctae
3354 5342 3656 5396 Trinitatis
3675 5343 3873 5412 opitu-

2188 5436 2346 5491 latio.
2382 5435 2530 5488 Nam
2563 5431 2715 5486 sicut
2728 5431 2886 5501 quod
2900 5436 3033 5484 ante
3047 5430 3672 5485 cecineratPsalmista
3692 5430 3872 5486 futu-

2189 5540 2341 5590 rum,
2394 5522 2471 5576 ita
2510 5521 2683 5575 etiam
2727 5519 3024 5574 credimus
3056 5519 3116 5572 in
3142 5517 3377 5573 Christo
3410 5518 3731 5591 impletum,
3767 5522 3872 5575 sic

2193 5628 2337 5669 sane
2365 5614 2422 5668 et
2459 5612 2519 5666 in
2548 5609 2663 5665 hoc
2692 5610 2897 5665 sancto
2949 5609 3193 5680 propter
3238 5606 3510 5663 inimicos
3539 5607 3573 5663 ὲ
3605 5605 3870 5666 Domino
