3978 6178
148 319 245 381 333

1016 316 1367 379 SAMUEL
1396 315 2056 399 MAROCHIANUS,
2086 349 2175 397 —,
2194 316 2560 378 NO’I‘ITIA.

3417 319 3536 403 334

147 514 476 568 manifestata
505 514 888 585 perfectaque
911 517 1006 569 est
1033 513 1165 568 laus
1212 529 1287 569 ex
1331 527 1432 568 ore
1462 512 1771 568 infantium
1804 494 1856 556 Ο
1883 530 1918 567 a
1944 528 2086 585 rege
2116 514 2415 585 Sigibcrto
2448 513 2865 569 decentissime
2911 514 3171 589 regendo
3202 514 3406 585 tenuit,
3426 529 3537 597 re-

147 601 307 665 (Psal.
341 619 473 671 vm;
504 603 720 657 Matth.
756 606 900 671 xxx).

204 691 393 747 Finitis
422 692 616 762 itaque
646 692 951 761 predictis
973 690 1493 762 modulationibus,
1525 690 1775 745 descen-

150 780 333 834 derunt
384 780 570 834 acturi
620 780 933 834 nobiscum
970 780 1305 835 divinorum
1363 778 1777 850 mysteriorum

149 867 514 923 celebritatem
535 910 549 936 ,
595 884 728 939 quae
769 868 965 922 omnia
1006 868 1291 939 completa
1312 870 1605 923 suntcum
1628 864 1774 921 ﬁde-

149 958 266 1011 lium
293 956 503 1010 votivis
534 955 955 1011 oblationibus.

206 1044 407 1098 Eodem
432 1059 576 1099 vero
593 1044 708 1113 die,
729 1047 934 1099 sancto
956 1044 1321 1099 tradiderunt
1347 1045 1537 1099 locum
1548 1046 1637 1108 .in
1658 1058 1775 1114 quo

149 1132 278 1187 facta
307 1132 552 1187 statione
569 1133 893 1203 quieverat,
918 1132 977 1187 bi
999 1133 1099 1204 qui
1118 1134 1284 1188 erant
1304 1133 1576 1189 baeredes
1606 1131 1775 1203 ejus-

148 1221 257 1275 dem
283 1221 543 1291 cespitis,
577 1220 829 1292 ejusque
878 1221 937 1275 in
980 1221 1202 1276 honore
1233 1223 1328 1291 pie
1354 1223 1821 1300 perseverante'

151 1308 370 1363 solemni
398 1308 713 1363 devotione
737 1309 1334 1379 plebis,fundamenta
1356 1310 1632 1365 ecclesia
1653 1311 1779 1363 sta-

148 1397 230 1450 tim
239 1397 446 1467 jactata
465 1401 607 1451 sunt
622 1398 696 1451 ab
708 1397 951 1468 accolis,
984 1414 1118 1469 quae
1136 1399 1510 1468 postmodum
1540 1397 1613 1451 ad
1643 1412 1782 1468 per-

151 1484 338 1539 fectum
357 1485 610 1557 deducta
639 1486 826 1543 crevit
862 1486 922 1540 in
954 1503 1104 1558 opus
1133 1486 1351 1545 divina
1379 1485 1707 1543 servitutis.

706 1589 1167 1631 LDNO‘I'ATIONES.

209 1661 601 1718 Fundamenta
622 1662 895 1717 ecclesia:
915 1663 1346 1735 statimjactata
1360 1671 1497 1720 sunt
1525 1663 1599 1718 ab
1612 1676 1782 1717 acco-

152 1748 230 1805 lis.
252 1750 450 1806 Exstat
479 1751 673 1806 adhuc
707 1751 881 1807 hodie
916 1752 1173 1806 ecclesia
1202 1752 1557 1823 parochialis
1601 1764 1784 1822 prope

152 1843 347 1907 portam
376 1845 433 1894 et
485 1843 723 1911 pontem
765 1840 1190 1910 Amaricordis,
1224 1857 1357 1912 quae
1399 1857 1472 1895 ex
1502 1839 1784 1895 miraculo

152 1926 234 1982 illo
260 1928 513 1983 ecclesia
543 1927 742 1983 Sancti
774 1929 1421 2000 Remacli'nominatur,
1456 1945 1574 1985 non
1602 1929 1781 1998 longe

151 2030 179 2068 a
200 2016 481 2073 montibus
514 2032 546 2071 e
577 2017 795 2089 quibus
826 2017 1137 2073 scholares
1167 2017 1375 2074 laudes
1405 2016 1467 2073 S.
1520 2015 1786 2073 Retnacli

154 2101 233 2159 hic
258 2105 550 2161 cecinisse
581 2106 944 2161 scribuntur.

394 2192 654 2249 CAPUT
686 2194 987 2249 XXXVIII
1021 2194 1118 2250 ET
1151 2194 1529 2273 UL'I‘IMIJM.

212 2281 297 2355 Ad
318 2284 568 2355 propria
598 2282 733 2338 laeta
769 2284 1097 2355 regressio,
1130 2266 1561 2355 Malmunilarii
1578 2297 1650 2337 re
1662 2281 1791 2355 vin-

212 2352 441 2426 dicatio,
468 2360 531 2409 et
546 2352 1037 2426 postremo'mane
1058 2355 1380 2410 Stabulaus
1410 2352 1795 2426 tendentibus

212 2425 441 2479 aviculae
471 2426 696 2495 ignotae
722 2441 904 2496 super
932 2426 1219 2480 scrinium
1258 2426 1452 2480 sancti
1469 2425 1692 2493 sessio,
1735 2429 1794 2478 et

213 2497 414 2550 ossium
444 2501 788 2550 sanctorum
817 2512 922 2550 suo
950 2496 1075 2550 loco
1104 2497 1408 2567 rcpositio.

214 2583 337 2638 Inde
365 2584 634 2656 digressi
662 2584 736 2638 ad
766 2583 1007 2653 prepria
1035 2574 1464 2638 festinabamus
1482 2570 1597 2638 laeti
1625 2596 1637 2647 ;
1662 2572 1793 2653 ipSo

160 2688 382 2743 vespere
405 2673 901 2727 Malmundarium
919 2676 1311 2742 protectorem
1333 2676 1601 2727 nostrum
1624 2675 1797 2742 atque

159 2762 618 2831 triumphatorem
648 2761 986 2815 detulimus.
1006 2761 1191 2825 Quem
1226 2762 1420 2816 locum
1441 2777 1574 2815 cum
1596 2760 1800 2814 trium-

160 2848 256 2918 pho
299 2850 481 2904 nobili
530 2849 950 2920 reacquisitum
990 2851 1119 2920 ipse
1169 2865 1275 2920 per
1317 2864 1385 2905 se
1415 2846 1803 2904 revindicavit

163 2935 310 2991 Pater
334 2937 665 3009 legitimus.

222 3025 398 3094 Hunc,
430 3028 700 3098 inquam,
732 3027 927 3082 locum
957 3043 1110 3081 nunc
1142 3025 1498 3081 aeternaliter
1539 3024 1802 3079 revindi-

165 3115 315 3183 cavit,
341 3132 525 3187 quem
558 3118 618 3171 in
659 3117 825 3173 initio
846 3159 860 3185 ,
896 3116 1181 3188 vepribus
1212 3112 1804 3185 omniquespurcitia

106 3248 113 3253 .
165 3203 695 3276 eliminata,primus
728 3206 990 3275 incoluit,
1026 3205 1393 3275 electumque
1432 3202 1547 3257 sibi
1580 3202 1805 3259 habita-

1882 602 2259 673 gendumque
2310 617 2418 657 sua
2468 603 2596 657 vice
2625 602 2755 657 suis
2791 602 3251 661 successoribus
3293 607 3537 661 eatenus

1883 689 2140 761 reliquit.

1957 779 2272 832 Revocatis
2305 795 2450 850 ergo
2471 780 2733 852 legitime
2762 783 2881 834 tam
2910 779 3217 834 monachis
3247 779 3539 852 quamlai‘

1885 867 1974 920 cis
2006 866 2119 920 sub
2151 866 2367 921 ditione
2398 867 2650 937 abbatis,
2675 883 2751 923 ex
2772 868 2907 939 ejus
2938 868 3193 937 nomine,
3225 866 3547 922 Stabulaus'

1886 956 2114 1010 reversi
2145 971 2374 1025 sumus,
2407 956 2571 1026 potiti
2600 959 2792 1028 optata
2822 957 3157 1011 securitate.

1959 1045 2178 1099 Taliter
2206 1060 2354 1116 ergo
2397 1048 2530 1113 post
2570 1044 3015 1100 innumerabilia
3060 1044 3275 1098 divina;
3312 1041 3548 1103 virtutis

1889 1133 2187 1197 miracula,
2236 1132 2500 1198 victricia
2542 1133 2725 1187 divini
2774 1134 3006 1204 patroni
3035 1132 3227 1188 nostri
3256 1146 3399 1186 ossa
3436 1146 3548 1186 suo

1885 1222 2017 1277 loco
2050 1224 2185 1276 sunt
2207 1208 2484 1292 reposita.

1961 1311 2130 1366 Unde
2160 1310 2543 1382 gaudeamus,
2563 1310 2703 1364 tanti
2736 1309 3108 1365 confessoris
3140 1307 3337 1378 adepti
3363 1309 3554 1378 patro-

1891 1400 2131 1469 ciuium,
2166 1399 2267 1469 qui
2298 1397 2493 1469 nobis,
2528 1404 2661 1452 cum
2682 1399 2923 1454 deesset
2951 1398 3293 1466 humanum,
3323 1397 3553 1451 meritis

1810 1510 1864 1574 Β
1892 1488 2023 1544 suis
2053 1488 2315 1543 divinum
2347 1487 2598 1541 obtinuit
2622 1486 2937 1558 {auxilium

1964 1577 2225 1631 Gaudeat
2254 1576 2426 1630 etiam
2459 1574 2805 1630 coenobialis
2839 1574 3011 1629 Pater
3051 1580 3277 1645 noster,
3310 1576 3554 1630 eatenus

1895 1664 2204 1720 confectus
2236 1679 2490 1719 maerore
2522 1664 2754 1732 diurno,
2790 1663 2881 1717 cui
2902 1664 2973 1717 ad
2996 1663 3108 1718 hoc
3138 1663 3305 1718 labor
3334 1663 3555 1732 impen-

1897 1768 2013 1811 sus:
2036 1755 2114 1808 nil
2146 1754 2364 1822 profuit
2395 1756 2601 1807 exacto
2632 1752 2884 1822 amplius
2916 1751 3339 1822 quinquennio.

1967 1843 2247 1911 Gaudeat,
2296 1843 2555 1913 inquam,
2589 1843 2809 1911 praeter
2837 1855 3004 1910 spem
3036 1838 3150 1894 sibi
3200 1838 3557 1908 provenisse

1898 1933 2116 1985 tantum
2145 1931 2392 2003 gratiam
2425 1945 2597 2001 quam
2631 1944 2749 1983 non
2796 1928 2983 1999 potuit
3030 1928 3279 1997 adipisci
3310 1942 3417 1998 per
3443 1926 3558 1980 hu-

1900 2035 2132 2074 manam
2154 2021 2421 2091 gratiam.

1973 2110 2103 2166 Non
2136 2111 2437 2180 potentum
2467 2124 2535 2162 ac
2566 2107 2896 2177 principum
2919 2104 3077 2176 juvit
3097 2104 3325 2176 privata
3355 2103 3546 2175 gratia

1898 2201 1984 2258 nil
2014 2201 2087 2255 ad
2118 2199 2233 2255 hoc
2263 2198 2575 2269 valuerunt
2620 2196 2874 2250 humana
2906 2194 3182 2260 consilia,
3232 2192 3311 2247 nil
3338 2191 3563 2263 profuit

1904 2291 1976 2345 ad
2007 2290 2233 2343 curiam
2281 2288 2565 2357 frequens
2610 2285 2728 2338 itus
2776 2287 2833 2339 et
2864 2283 3120 2351 reditus,
3154 2281 3234 2335 nil
3277 2282 3565 2351 praeterea

1904 2378 2197 2451 promovit
2229 2374 2366 2429 huic
2404 2373 2734 2429 exhaustus
2765 2371 3033 2443 aerarius,
3069 2369 3148 2422 nil
3176 2367 3308 2423 auri
3334 2366 3429 2421 vel
3468 2382 3567 2421 ar-

1907 2467 2089 2541 genti,
2124 2481 2258 2536 quae
2309 2463 2495 2534 prima
2525 2460 2805 2515 mortales
2843 2458 3097 2527 ducunt,
3147 2456 3380 2527 largitio
3412 2454 3565 2508 facta

1821 2529 1879 2590 Α
1900 2529 2085 2628 ,ἷιιείό
2100 2529 2428 2623 profusius.

1976 2644 2169 2699 Gratia
2193 2644 2387 2695 autem
2417 2638 2523 2693 Dei
2554 2636 2741 2691 solius
2772 2652 2875 2707 per
2894 2636 3170 2689 meritum
3199 2633 3295 2688 sui
3325 2630 3566 2687 confes-
3636 2643 3651 2659 '

1906 2734 2085 2800 seris,
2112 2746 2244 2785 cum
2280 2726 2483 2797 voluit,
2509 2726 2604 2780 his
2627 2726 2802 2779 finem
2832 2723 3110 2793 imposuit
3139 2722 3422 2776 miseriis.

1976 2822 2051 2878 Et
2078 2835 2186 2876 nos
2217 2820 2274 2872 in
2304 2817 2399 2872 his
2431 2816 2607 2875 ﬁnem
2628 2815 2823 2869 facere
2872 2813 3198 2883 cupientes,
3232 2811 3406 2880 paulo
3425 2824 3556 2864 ces-

1904 2911 2153 2969 sandum
2172 2910 2244 2962 ab
2267 2908 2378 2961 hoc
2401 2921 2576 2974 opere
2600 2903 2995 2971 decernimus,
3024 2904 3083 2955 ut
3104 2902 3157 2955 si
3180 2899 3252 2953 ad
3275 2898 3388 2953 alia
3412 2898 3570 2952 scri-

1903 2999 2094 3056 benda
2124 3012 2258 3068 quae
2290 2998 2423 3064 post
2459 2994 2588 3047 haec
2620 2992 2771 3062 apud
2813 3006 2923 3045 nos
2951 3006 3059 3059 per
3085 3004 3219 3043 eum
3249 2985 3564 3057 magniﬁce

1907 3088 2247 3144 claruerunt
2278 3082 2654 3153 intendimus,
2681 3080 2914 3135 interim
2944 3078 3105 3131 vires
3139 3072 3569 3157 scribendiper

1909 3177 2090 3231 otium
2124 3174 2489 3246 reparemus.‘
2720 3160 2721 3163 “
3436 3164 3459 3184 ⁸

166 3292 333 3347 culum
362 3293 591 3353 divinis
604 3294 863 3349 cultibus
886 3293 1259 3365 mancipavit,
1281 3291 1674 3361 traditumque
1688 3290 1804 3345 sibi

1740 3421 1940 3485 FINIS.

371 3554 692 3643 Diploma
722 3576 843 3641 quo
875 3558 1147 3640 antiqua
1177 3552 1624 3618 controversia
1655 3542 2366 3613 Malmundariensium
2388 3545 2617 3605 contra
2646 3537 3067 3602 Stabulenses
3093 3530 3367 3617 capitur.

226 3690 335 3744 Leo
364 3690 715 3760 episcopus,
748 3701 962 3742 servus
983 3700 1293 3741 servorum
1323 3682 1451 3755 Dei,
1483 3680 1767 3753 religioso
1798 3676 1995 3733 abbati
2018 3672 2375 3730 venerabilis
2393 3667 2735 3725 monasterii
2753 3668 2813 3721 S.
2835 3667 3014 3736 Petri,
3035 3663 3566 3735 sanctiqueRemao

173 3786 233 3839 cli
255 3787 535 3843 Stabulao
563 3786 765 3859 positi,
797 3785 1035 3856 tuisque
1066 3780 1531 3837 successoribus
1560 3779 1902 3849 perpetuam
1930 3773 1991 3829 in
2024 3770 2272 3827 Domino
2302 3770 2572 3824 salutem.

226 3886 358 3940 Cum
379 3850 638 3963 summa;
657 3850 999 3953 apostolicae
1021 3878 1391 3952 dignitatis...
1416 3875 1666 3948 Reliqua
1696 3874 1829 3929 vide
1858 3874 2021 3927 inter
2033 3868 2313 3941 epistolas
2326 3866 2389 3921 S.
2413 3865 2629 3921 Leonis
2646 3862 2747 3933 IX,
2766 3861 3127 3935 Patrologiae
3146 3850 3555 3916 tom.CXLIII.

1470 4242 1647 4287 ANNO
1678 4238 1906 4285 DOMINI
1948 4232 2240 4279 MLXXXV.
2668 4261 2673 4266 .

797 4407 1528 4571 SAMUEL
1610 4388 2941 4591 MA-BOCHIANUS

1359 4644 1473 4704 EX
1502 4636 1795 4703 ΗΠ)Εο
1828 4633 2423 4697 CHRISTIANUS.

609 4879 1000 4951 NOTITIA
1066 4871 1578 4945 HISTORICA
1637 4870 1736 4939 IN
1801 4858 2336 4936 SAMUELEM
2404 4846 3131 4935 MAROCHIANUM

1233 5043 1649 5116 (Possumus,
1678 5037 2019 5111 Apparatus
2047 5047 2243 5097 sacer,
2275 5027 2358 5100 II,
2394 5024 2541 5093 190.)

206 5180 3608 5361 sese;assesseszatfftzmsse“:§“;avi%‘it‘iiasiﬁisa‘é‘éfy‘é‘féiiéﬁi-‘esiiiieiéiiiiniiitiiié

208 5322 426 5351 οιιιιιιδιιι
447 5322 804 5361 υυιινῠηςυυ,
830 5322 1072 5360 δυιιμθιιν
1108 5322 1370 5342 ιιυυιιιιιη
1393 5322 1590 5366 “fu-4"“
1611 5322 1681 5335 “V
1704 5322 1777 5362 κίκι
1794 5322 1805 5330 '
1822 5322 1958 5332 ‘”'""
1992 5322 2224 5328 ""'""'
2260 5322 2288 5341 1
2391 5341 2401 5350 ,
2564 5334 2599 5390 d
2840 5332 2967 5385 cato
3140 5341 3213 5380 uo
3244 5322 3382 5381 sunt
3422 5324 3479 5378 in
3498 5322 3612 5378 hac

208 5369 371 5447 ιιιιειρ
402 5367 732 5447 cruribus
761 5348 2698 5447 Pmb“.‘.‘“d?’_°§9599393311335.SE?3‘IES..‘K°A§EZ‘032$?
2720 5346 2952 5447 ἓέτῗηοτι
2975 5343 3283 5447 tangam
3306 5364 3450 5447 mild
3481 5409 3611 5447 ma-

211 5395 1759 5506 ἐῖῗιὶἭῖἐὲἓῖεῗὲἔὲἶ⁶¹ιῑίόἓῗῖιῗὲἒᾶἕέἒι)εςτναιιιίεέ
1778 5395 2776 5506 ιὲβίεξ,ξξξνξιῇειὲξξξιξὶξὲῖὲίίὲξείιῗέ
2798 5398 3283 5506 αὶιὲἐρὲἰξξὲἑυέξξ
3302 5395 3577 5506 ξ’,ξῖξὲἓξ

214 5464 1361 5579 ξίῗιῖιῖιιΐίίι
1372 5464 2331 5562 riéiiaiéijﬁé“idiiiéiiiavérith
2353 5478 2565 5549 ipsius,
2586 5464 2776 5545 deque
2817 5464 3189 5525 'Ascehsione
3220 5467 3280 5521 in
3302 5464 3517 5519 cmlum
3543 5477 3615 5518 ac

270 5633 338 5702 (l)
364 5633 425 5689 In
447 5632 634 5760 tituli;
656 5628 934 5687 editionis
974 5621 1431 5701 Argentinensis
1461 5617 1599 5675 anni
1646 5606 1784 5671 1523
1816 5608 2031 5669 dicitur
2060 5606 2351 5681 magister
2379 5613 2698 5674 synagogas
2729 5612 2855 5673 quae
2887 5599 2981 5664 est
3011 5592 3074 5650 in
3107 5587 3520 5664 Subjulmenta
3552 5583 3614 5639 in

270 5717 378 5760 uno
393 5705 597 5760 Maron
637 5703 794 5760 iano.

218 5715 378 5777 regno
393 5703 794 5762 Marcelliano.
