3978 6178
329 378 450 443 335

1537 356 1962 422 SAMUELIS
2003 342 2575 417 MAROCHIANI.

3646 339 3757 401 336

331 573 747 648 reprobatione
761 561 1384 628 Judmorum.Deinde,
1417 558 1489 612 de
1519 556 1805 611 electione
1835 552 2121 632 gentium,
2153 548 2554 620 apostolorum
2585 550 2777 627 autem
2810 544 2941 598 loco
2972 541 3412 632 prophetarum,
3446 541 3503 592 et
3525 538 3594 591 de
3623 537 3758 591 elecv

685 642 735 648 _-
785 641 818 648 ..
854 637 910 648 η..
975 637 986 648 .
1034 636 1069 648 ..
1160 635 1169 645 .
1321 630 1361 648 ο,
1388 631 1483 648 -i-A
1545 627 1813 648 -..-..;ι.--..
1873 623 2124 648 ι.-.ι..;,....
2201 636 2267 648 ...Α
2318 618 2548 648 ιιικλητνι
2613 620 2729 648 ,ιη-ι
2763 616 2832 648 An
2865 619 3032 648 nonin
3073 616 3089 648 ι
3113 611 3542 648 .hnctmnnnnm
3599 624 3757 648 annm

331 611 1491 704 "Jééii‘a'éii‘cidisﬁiihifﬁebat
1538 627 1815 704 omnibus
1837 611 2145 704 fJu‘daici‘s',
2190 611 2553 704 .aqltandem
2611 611 3758 704 agitdeﬁt}thEbriﬂifgfjfuﬂijfﬁlp

331 681 1223 782 Samniti?ES'éia"}$iﬁE"bEé.
1245 681 1591 782 Isostremo,
1639 714 1711 782 ex
1741 695 1903 782 ipsis‘
1931 681 2207 782 hostibus
2240 681 2703 782 'Mahometanis,
2738 681 3450 782 etAArl‘c‘h'or-anonﬁllqdzfps
3494 681 3761 782 acati-ita:

332 752 1123 844 ﬁliifiéievﬁﬁic?
1137 752 1278 829 sive
1309 752 1560 844 epistola
1578 752 1663 844 ad
1694 752 2006 844 quemdam
2036 761 2208 844 rabbi
2239 760 2642 844 Isaac-missa,
2676 752 3091 844 ann‘onpomini
3133 752 3467 820 millesimo,
3501 766 3674 821 quam
3701 765 3768 803 ex

331 825 1435 915 Xi-Zioi'c‘ﬁwﬁit‘fﬁiixii'ré'éii‘iiﬁhangus
1467 825 1877 895 Bonihofninis
1910 831 2276 889 Dominicani
2299 829 2544 894 ordinis,
2580 844 2714 882 ann.
2748 825 2906 882 1339.

339 1012 2473 1055 _________________.______———-———~

1447 1155 1876 1265 RABBI
1969 1074 2702 1258 SAMUELIS

1769 1318 2321 1386 MAROCHIANI

694 1521 896 1649 DE
995 1507 1721 1644 ADVENTU
1803 1496 2406 1630 MESSUE
2504 1488 3430 1623 ramamro

1899 1742 2188 1824 LIBER

1110 1899 1542 1982 (Bibliotheca
1569 1896 1853 1958 veterum
1881 1890 2186 1960 Patrum,
2208 1892 2361 1947 tom.
2397 1883 2636 1960 XVIII,
2670 1901 2819 1962 pag.
2851 1880 3022 1958 518.)
3085 1857 3094 1868 ’

344 2068 3311 2118 ____________________________________—~

1158 2224 1165 2231 ’
1251 2213 1950 2331 ALPHONSI
1979 2295 1981 2298 ‹
2014 2206 2921 2323 BONIHOMINIS

1946 2434 2207 2481 HISPANI

1279 2561 1367 2623 IN
1398 2549 2083 2627 SUBSEQUENTEM
2115 2548 2543 2610 SAMUELIS
2575 2548 2911 2613 LIBRUM

1502 2691 1704 2764 Quem
1737 2705 1820 2749 ex
1847 2681 2126 2746 Arabico
2155 2680 2456 2743 Latinum
2488 2680 2635 2744 fecit

680 2839 800 2906 AD
840 2826 1380 2902 MAGISTRUM
1408 2816 1854 2890 HUGONEM
1886 2813 2246 2882 ORDINIS
2275 2811 3005 2880 PREDICATORUM
3044 2812 3499 2912 EPISTQLA.

447 3146 976 3210 Reverendissimo
1007 3143 1066 3195 in
1093 3136 1333 3194 Christo
1353 3133 1422 3188 P.
1446 3131 1512 3187 F.
1543 3130 1799 3197 Huaom,
1824 3125 2040 3198 magis—
2064 3106 2125 3168 Α
2145 3122 2315 3195 juxta
2346 3122 2697 3177 sententiam
2728 3121 3077 3178 Salvatoris.
3112 3122 3240 3194 Ego
3285 3137 3428 3177 vero
3459 3123 3515 3176 in
3545 3122 3819 3177 transfe-

374 3249 468 3301 tro
516 3238 743 3297 ordinis
786 3232 1252 3290 Praedicatorum
1297 3221 1682 3295 dignissimo,
1724 3234 1792 3272 ac
1833 3230 2040 3270 sacro-

380 3334 604 3389 sanctm
643 3326 880 3399 paginis
928 3315 1296 3391 professori,
1348 3312 1482 3383 ejus
1533 3308 1807 3399 subditus
1865 3305 2044 3399 frater

382 3392 1159 3491 Alpbons-us'Bomnomms,
1184 3404 1506 3472 Hispanus,
1532 3396 1892 3468 promissam
1914 3392 2046 3446 obe-

384 3486 662 3564 dientiam
693 3501 1018 3572 promptam
1042 3496 1100 3548 in
1131 3491 1404 3546 omnibus
1419 3503 1486 3541 ac
1506 3486 1795 3540 devotam.

460 3593 607 3649 Cum
639 3568 751 3662 θέο
783 3587 1028 3657 propter
1045 3579 1391 3652 parvitatem
1408 3590 1596 3629 meam
1620 3575 1677 3626 et
1694 3568 2050 3662 insufﬁcien:

386 3684 529 3740 tiam
558 3656 822 3735 nonvsim
850 3673 984 3728 talis
1016 3669 1117 3740 qui
1144 3667 1316 3721 vobis
1339 3669 1396 3719 et
1421 3679 1525 3733 pro
1548 3661 1719 3715 vobis
1745 3659 1931 3714 sciam
1951 3656 2045 3710 vel

390 3770 622 3845 possim
654 3762 875 3836 aliquid
919 3758 1117 3830 magni
1150 3756 1366 3822 facere,
1398 3752 1493 3819 vel
1524 3752 1734 3807 saltem
1762 3747 2051 3845 assistere

389 3837 615 3918 tantum
633 3856 693 3909 in
723 3850 1029 3907 laboribus
1049 3851 1107 3901 et
1129 3844 1291 3899 curis
1308 3841 1549 3911 vestris,
1563 3854 1712 3910 quas
1730 3852 1837 3906 pro
1850 3837 2051 3890 nostra

399 3947 662 4005 omnium
685 3941 880 4013 quiete
910 3940 968 3993 et
986 3936 1167 3990 totius
1198 3930 1426 3987 ordinis
1454 3943 1600 4000 pace
1628 3928 1689 3980 in
1720 3926 1880 3980 curia
1911 3940 2052 3978 sus-

394 4037 597 4095 tinetis
623 4049 639 4103 ;
690 4031 763 4087 ad
795 4026 1068 4085 solatium
1096 4024 1362 4077 vestrum
1392 4022 1450 4072 et
1491 4017 1745 4087 aliquale
1776 4013 2055 4103 sublevaf

396 4142 535 4184 men
564 4100 808 4188 laboris,
860 4116 1089 4173 habens
1136 4109 1399 4165 libellum
1428 4105 1925 4176 antiquissimum,
1956 4100 2057 4174 qui

399 4230 591 4287 nuper
639 4227 783 4266 casu
813 4204 1053 4262 fortuito
1083 4199 1319 4256 devenit
1368 4198 1428 4251 in
1464 4210 1672 4249 manus
1712 4193 2059 4287 nostrastet

400 4279 512 4362 fuit
541 4304 712 4357 antea
742 4301 825 4352 tot
856 4291 1223 4364 temporibus
1252 4285 1601 4352 occultatus,
1635 4298 1787 4337 nova
1816 4279 2061 4335 transla-

2155 3212 2337 3266 rendo
2366 3212 2563 3280 ipsum
2593 3212 2973 3266 auctoritates
2999 3211 3207 3266 Biblim
3237 3211 3311 3266 ab
3342 3212 3457 3265 isto
3486 3209 3706 3266 Judaao
3739 3211 3823 3264 in-

2154 3301 2363 3355 ductas
2396 3300 2616 3369 scripsi
2649 3299 2709 3354 in
2738 3300 2886 3354 locis
2910 3300 3040 3355 suis
3061 3301 3121 3355 in
3142 3300 3398 3355 Arabico
3429 3299 3655 3371 pariter
3686 3302 3747 3354 et
3766 3300 3827 3355 in

2157 3389 2522 3459 Latino,non
2553 3391 2726 3459 prout
2752 3389 2813 3442 in
2856 3395 3059 3443 nostra
3102 3388 3394 3443 habentur
3430 3387 3825 3444 translatione

2157 3477 2485 3532 secundum
2525 3477 2761 3531 beatum
2819 3477 3270 3547 Hieronymum,
3320 3476 3425 3531 sed
3474 3480 3654 3547 prout
3714 3479 3830 3532 iste

2158 3566 2405 3620 Judaeus
2436 3565 2678 3634 scripsit
2709 3565 2940 3636 quando
2974 3564 3306 3636 composuit
3350 3563 3508 3620 istud
3539 3579 3725 3636 Opus.
3760 3564 3834 3619 Et

2158 3654 2271 3708 hoc
2303 3653 2422 3707 feci
2452 3669 2526 3708 ne
2556 3653 2773 3724 aliquis
2791 3657 2997 3724 posset
3026 3655 3171 3708 mihi
3189 3655 3511 3724 imponere,
3526 3654 3695 3724 quod
3716 3668 3833 3726 ego

2158 3743 2217 3796 in
2279 3745 2435 3796 textu
2469 3742 2956 3810 praesumpserim
2997 3742 3219 3813 aliquid
3249 3742 3495 3812 addere,
3526 3742 3629 3797 vel
3659 3742 3836 3797 dimi-

2160 3845 2364 3899 nuere,
2398 3831 2491 3884 vel
2525 3832 2870 3901 immutare;
2908 3834 2964 3885 et
3010 3845 3193 3901 super
3234 3831 3347 3886 hoc
3396 3833 3565 3885 erunt
3616 3846 3835 3885 omnes

2161 3918 2263 3989 qui
2293 3918 2488 3971 sciunt
2518 3918 2835 3972 Arabicum
2864 3921 3049 3973 testes
3072 3919 3234 3973 mihi.
3270 3918 3342 3973 Et
3371 3919 3482 3974 hoc
3513 3919 3653 3974 dico
3693 3920 3839 3991 quia

2163 4007 2413 4063 Judaeus
2445 4007 2558 4062 iste
2587 4012 2852 4063 nostram
2896 4008 3337 4063 translationem
3385 4024 3503 4063 non
3531 4012 3837 4078 sequitur,

2168 4100 2231 4151 ut
2252 4095 2505 4149 audietis
2540 4095 2597 4148 in
2628 4111 2939 4164 processu.
2974 4096 3066 4151 Me
3097 4100 3310 4167 autem,
3340 4096 3618 4165 utcredo,
3654 4112 3845 4167 opor-

2167 4185 2276 4239 tuit
2303 4184 2499 4253 ipsum
2531 4199 2824 4252 exponere
2864 4185 2925 4238 in
2956 4185 3160 4239 Latino
3208 4189 3381 4255 prout
3410 4185 3539 4255 ipse
3565 4186 3847 4256 loquitur

2172 4274 2231 4327 in
2254 4272 2532 4341 Arabico,
2567 4271 2704 4343 ejus
2725 4273 2964 4328 modum
2984 4273 3262 4344 loquendi
3277 4277 3555 4344 quantum
3574 4277 3673 4327 est
3702 4289 3851 4343 pos-

395 4360 556 4449 tione
586 4391 659 4444 de
689 4385 943 4440 Arabico
975 4360 1035 4436 in
1066 4379 1334 4434 Latinum
1364 4391 1468 4446 per
1490 4388 1582 4428 me
1618 4372 2060 4440 interpretatum
2086 4444 2132 4449 _
2171 4361 2345 4416 Sibile
2378 4362 2434 4415 et
2466 4360 2733 4415 ordinem
2761 4360 3174 4449 observando;
3225 4361 3339 4415 alia
3372 4377 3489 4417 non
3533 4361 3848 4431 interpres

396 4444 576 4534 vobis
606 4473 958 4529 transmitto.
1009 4467 1325 4522 Sciendum
1354 4444 1547 4519 autem
1578 4462 1737 4533 quod
1776 4460 1928 4514 inter
1956 4459 2057 4513 Ju-
2086 4444 2142 4507 Β
2173 4450 2329 4520 ejllS,
2364 4449 2471 4503 sed
2503 4453 2814 4518 corruptor
2842 4448 2978 4504 libri
3006 4451 3121 4518 sui,
3154 4451 3360 4504 merito
3400 4464 3644 4519 possem
3687 4449 3849 4514 dici;

411 4568 578 4622 dmos
606 4561 850 4616 multum
881 4557 1211 4630 gloriantur
1257 4553 1340 4609 illi
1374 4552 1473 4622 qui
1502 4550 1884 4605 Arabicarum
1914 4548 2062 4602 obti-

410 4656 552 4711 nent
570 4649 839 4723 peritiam
859 4647 1203 4710 litterarum,
1230 4646 1350 4694 tum
1373 4640 1528 4710 quod
1552 4639 1667 4693 illm
1696 4637 1903 4692 litterae
1927 4638 2066 4691 sunt

401 4744 464 4800 in
492 4742 864 4812 antiquorum
893 4730 1377 4805 philos0pborum
1401 4726 1659 4781 archivis
1684 4725 1952 4781 scientiis
1970 4740 2064 4780 co-

407 4834 621 4904 piosae,
655 4832 778 4883 tum
809 4823 968 4896 quod
1013 4822 1073 4874 in
1117 4820 1226 4889 eis,
1261 4819 1457 4887 utpote
1484 4815 1691 4884 paucis
1738 4814 1965 4904 Judaeis
2012 4815 2068 4904 et

407 4896 791 4992 paucioribus
821 4907 1175 4968 Christianis
1204 4905 1381 4974 notis,
1424 4904 1694 4958 scribunt
1729 4896 2070 4956 confidenti-

409 4989 528 5064 bus
554 5009 785 5063 secreta
818 5019 927 5057 sua
975 5013 1109 5072 qum
1147 4996 1352 5050 volunt
1400 4992 1534 5046 aliis
1581 4990 1895 5045 occultare.
1926 4989 2069 5054 Quae

413 5096 588 5151 etiam
619 5096 692 5150 de
732 5105 934 5158 causa,
956 5091 1019 5143 ut
1065 5085 1362 5151 existimo,
1396 5073 1642 5136 Judaeus
1691 5080 1803 5133 iste
1848 5078 2075 5132 scilicet

416 5183 883 5247 catechumenus
912 5179 1120 5234 auctor
1139 5173 1324 5246 hujus
1346 5170 1503 5238 libri,
1535 5184 1652 5223 non
1672 5168 1868 5237 ipsum
1889 5167 1949 5219 in
1967 5166 2076 5220 He-

415 5273 585 5328 δι’ωο
616 5283 914 5332 sermone,
938 5266 1045 5321 sed
1075 5266 1134 5320 in
1146 5262 1401 5321 Arabico
1422 5257 1742 5314 adnotavit.
1766 5255 1881 5309 Sed
1904 5270 2074 5324 opor-

410 5362 497 5418 tet
524 5357 684 5432 quod
710 5355 805 5409 vel
835 5355 1001 5410 tarde
1017 5353 1111 5409 vel
1134 5353 1248 5406 cito
1267 5349 1495 5406 occulta
1525 5344 1719 5402 omnia
1740 5343 2077 5399 revelentur

2172 4554 2283 4594 nec
2330 4536 2552 4607 Judaai,
2588 4537 2642 4592 si
2690 4538 2955 4592 viderent
2998 4540 3191 4609 ipsum
3223 4539 3436 4594 librum
3476 4539 3535 4591 in
3584 4542 3852 4609 utraque

2173 4628 2375 4698 lingua
2398 4626 2778 4695 descriptum,
2798 4630 3020 4681 tantum
3039 4628 3528 4682 convincerentur
3543 4641 3656 4696 per
3677 4641 3852 4695 eum,

2178 4715 2232 4769 si
2262 4715 2499 4768 videant
2528 4714 2684 4785 quod
2713 4716 3092 4770 auctoritates
3132 4717 3192 4769 in
3222 4716 3428 4770 Latino
3459 4715 3531 4768 ab
3553 4714 3669 4768 hoc
3704 4715 3857 4769 des-

2179 4804 2383 4872 criptae
2411 4803 2667 4871 Arabico
2689 4803 3121 4869 discordarent.
3153 4804 3270 4858 Sed
3301 4820 3431 4858 cum
3465 4804 3680 4858 solatio
3703 4819 3857 4858 ves-

2177 4897 2291 4960 tro,
2322 4888 2500 4945 Pater
2527 4894 2583 4944 et
2599 4892 2832 4946 domine
2860 4892 2938 4945 mi
2969 4894 3274 4964 magister,
3300 4892 3393 4945 hic
3415 4895 3509 4946 est
3529 4891 3669 4945 finis
3685 4892 3859 4946 alius

2180 4995 2354 5052 quem
2377 4979 2636 5033 intendo.
2670 4978 2999 5035 Couservet
3025 4996 3135 5035 vos
3166 4980 3357 5035 ordini
3403 4982 3608 5034 nostro
3644 4978 3861 5033 Domi-

2180 5084 2294 5123 nus
2324 5069 2506 5121 Jesus
2537 5066 2815 5122 Christus
2844 5085 2951 5138 per
2966 5068 3145 5123 multa
3158 5072 3419 5138 tempora
3442 5069 3499 5121 in
3524 5083 3635 5122 sua
3651 5068 3864 5138 gratia

2181 5160 2238 5210 et
2286 5170 2502 5209 amore.
2554 5155 2848 5225 Scriptum
2889 5157 3138 5211 Parisiis
3186 5172 3292 5227 per
3351 5172 3586 5210 manum
3626 5156 3865 5211 modici

2183 5245 2341 5299 servi
2372 5243 2559 5297 vestri
2589 5244 2877 5315 Alphonsi
2911 5246 2970 5299 in
3000 5245 3235 5302 nemine
3268 5244 3499 5300 Domini
3527 5243 3726 5299 nostri
3743 5245 3868 5299 mi-

2182 5332 2674 5405 sericordissimi,
2698 5336 2759 5389 in
2789 5352 2905 5406 quo
2934 5351 3271 5405 speramus.
