3978 6178
232 352 338 413 337
1029 343 1277 404 LIBER
1318 342 1428 404 DE
1473 339 1808 428 MESSDE
1844 337 2258 414 ADVENTU
2304 335 2818 399 PRJETERITO

1290 604 1553 667 RABBI
1599 601 2030 665 SAMUELIS
2075 601 2550 662 PREFATIO.

1893 813 1952 874 Α
1978 831 2433 899 Prophetarum,
2470 845 2602 884 cum
2645 831 2762 885 tuis
2810 830 3280 899 expositionibus
3325 829 3635 900 gloriosis.

1983 921 2149 973 Unde
2180 935 2290 989 ego
2323 920 2616 989 particeps
2646 924 2765 973 tuae
2797 919 3078 974 doctrinm
3100 918 3227 972 fieri
3257 918 3632 988 desiderans,

1979 1008 2085 1061 tibi
2114 1022 2345 1075 expono
2378 1008 2574 1061 exitus
2611 1006 2840 1079 [aestus]
2885 1008 3084 1061 cordis
3129 1007 3242 1061 mei
3291 1021 3473 1074 super
3518 1007 3635 1061 illis

1978 1111 2110 1165 quae
2139 1095 2323 1166 Legis
2357 1099 2495 1149 sunt
2524 1100 2580 1150 et
2609 1096 3055 1165 Prophetarum,
3077 1111 3260 1164 super
3289 1094 3506 1165 quibus
3528 1110 3635 1149 an-

1978 1184 2108 1237 xior
2138 1199 2270 1236 cum
2301 1184 2531 1238 timore.
2564 1185 2933 1254 Quapropter
2963 1200 3210 1238 recurro
3241 1184 3313 1238 ad
3343 1183 3639 1239 abundan-

288 842 511 895 Suum.
529 838 902 894 Christianus
933 838 1031 908 (2),
1062 837 1236 892 Isaac
1267 835 1553 890 Israelitaa
1587 833 1648 888 S.

287 929 667 983 Conservette
689 929 866 995 Deus,
885 944 917 981 o
949 927 1149 991 frater,
1167 929 1224 979 et
1254 938 1596 994 permanere
1619 925 1674 975 te
1693 921 1868 974 faciat

230 1033 520 1089 usquequo
551 1017 896 1070 terminatur
926 1017 1035 1069 ista
1068 1019 1271 1068 nostra
1301 1012 1628 1080 captivitas,
1653 1014 1709 1064 et
1732 1025 1866 1063 con-

230 1110 495 1179 gregetur
525 1107 640 1158 ista
654 1109 854 1158 nostra
876 1104 1192 1172 dispersio,
1211 1107 1266 1156 et
1283 1099 1713 1170 appropinquat
1727 1112 1869 1166 spes

228 1200 432 1261 nostra,
467 1199 524 1247 et
552 1193 750 1264 signet
780 1193 938 1246 Deus
986 1189 1422 1260 beneplacitum
1473 1203 1645 1240 suum
1691 1200 1872 1254 super

228 1285 386 1336 vitam
417 1286 700 1336 nostram.
738 1283 942 1334 Amen.
969 1280 1123 1333 Novi
1151 1284 1207 1332 et
1237 1281 1519 1346 expertus
1551 1290 1684 1328 sum
1714 1273 1871 1343 quod

228 1371 505 1441 plenitudo
540 1369 805 1423 scientia)
836 1370 1026 1423 nostri
1058 1367 1346 1437 temporis
1373 1368 1467 1418 est
1515 1363 1575 1416 in
1603 1366 1680 1429 te,
1714 1365 1771 1415 et
1808 1363 1869 1413 tu

228 1475 285 1513 es
311 1474 444 1528 spes
477 1463 704 1514 nostra
737 1456 1180 1513 certiﬁcationis
1228 1455 1288 1511 in
1337 1453 1535 1507 dubiis
1587 1449 1770 1520 Legis
1816 1452 1872 1503 et

1979 1277 2092 1325 tem
2126 1272 2433 1326 scientiam
2469 1278 2623 1326 tuam
2654 1275 2710 1326 et
2740 1274 3110 1342 sapientiam,
3145 1277 3200 1327 et
3231 1273 3395 1328 mitto
3426 1272 3534 1328 tibi
3562 1273 3638 1327 li-

1977 1361 2195 1414 bellum
2228 1360 2428 1428 istum,
2464 1377 2715 1430 sperans
2748 1377 2852 1429 per
2884 1365 2960 1426 te,
2983 1362 3104 1416 Deo
3131 1361 3381 1431 volente,
3397 1361 3460 1416 in
3483 1361 3638 1416 veri-

1977 1451 2094 1501 tate
2127 1448 2463 1503 conﬁrmari
2491 1465 2560 1502 ac
2591 1451 2652 1504 in
2681 1449 2877 1504 dubiis
2907 1449 3216 1504 declarari.

1308 1683 1734 1791 RABBI
1837 1678 2564 1786 SAMUELIS

1667 1829 2214 1892 MAROCHIANI
3410 1868 3413 1869 ν

437 1975 571 2064 DE
627 1971 1105 2065 ADVENTU
1169 1969 1557 2065 MESSIIE
1610 1968 1884 2066 QUEM
1950 1966 2266 2057 JUDIEI
2321 1963 2723 2054 TEMERE
2775 1963 3433 2056 EXSPEGTANT

224 2284 484 2356 Scriptus
503 2287 643 2354 post
662 2298 845 2338 annos
872 2279 1006 2337 1000
1023 2280 1096 2335 ab
1122 2279 1321 2334 ultima
1347 2276 1664 2334 eversione
1685 2271 2115 2397 HieiBsoiymie
2135 2270 2244 2326 sub
2271 2271 2398 2325 Tito
2418 2271 2579 2342 imp.,
2614 2271 2678 2326 id
2701 2275 2793 2325 est
2811 2276 2948 2342 post
2969 2285 3180 2325 annum
3202 2269 3339 2324 1072
3369 2285 3400 2324 a
3438 2268 3650 2327 Natali

1869 2359 2070 2398 omini.

738 2591 988 2647 CAPUT
1029 2587 1355 2644 PRIMUM.
1912 2564 1964 2625 B
1992 2586 2128 2637 tunc
2150 2580 2344 2663 dicent
2360 2581 2534 2636 nobis
2556 2579 2880 2634 Christiani
2903 2578 3060 2650 quod
3074 2578 3235 2634 Deus
3247 2578 3532 2634 misertus
3555 2580 3650 2634 est

576 2683 771 2748 Quare
801 2679 997 2735 Judaai
1027 2679 1148 2732 sint
1179 2679 1240 2731 iu
1274 2677 1366 2730 ira
1398 2675 1529 2730 Dei.
1991 2688 2195 2727 eorum
2217 2672 2318 2742 qui
2339 2671 2735 2724 adoraverunt
2755 2667 3003 2736 idola,et
3024 2667 3126 2738 qui
3147 2666 3491 2721 occiderunt
3509 2680 3648 2737 pro-

285 2774 595 2839 Desidero,
628 2770 860 2824 domine
891 2769 992 2834 mi,
1026 2765 1340 2820 certiﬁcari
1369 2779 1474 2833 per
1502 2765 1579 2830 te,
1614 2765 1670 2816 et
1716 2761 1882 2816 testi~
1988 2761 2217 2829 phetas,
2252 2774 2395 2830 ergo
2427 2761 2482 2812 et
2511 2757 2705 2821 nobis,
2742 2757 2878 2828 quia
2915 2771 3026 2810 nos
3077 2770 3194 2810 non
3240 2754 3644 2825 peccavimus.

225 2863 423 2917 moniis
457 2860 647 2931 Legis
679 2865 735 2912 et
767 2856 1210 2926 Prophetarum,
1245 2857 1301 2907 et
1332 2853 1576 2906 aliarum
1609 2849 1882 2919 Scriptu-
1988 2851 2131 2904 Item
2163 2849 2221 2900 in
2251 2847 2516 2916 patribus
2547 2845 2962 2916 peccatoribus
2993 2844 3102 2898 fuit
3122 2859 3296 2913 pmna
3316 2841 3532 2898 divinis
3552 2843 3647 2898 ul-

232 2963 768 3020 rarum,quarenos
792 2945 984 2999 Judaei
1006 2939 1882 3016 generaliterpercussisumus
1985 2937 2163 2993 tionis
2197 2938 2256 2990 in
2287 2939 2446 2989 certo
2479 2933 2747 3002 termino,
2800 2948 2985 3003 quare
3033 2947 3177 3003 ergo
3224 2934 3428 2986 nostra
3475 2945 3650 3001 pinna

227 3056 254 3093 a
287 3039 402 3094 Deo
433 3041 495 3092 in
533 3035 866 3106 captivitate
898 3031 1106 3100 ista,in
1138 3046 1251 3102 qua
1285 3043 1664 3099 sumus,qua3
1688 3029 1886 3094 potest
1986 3029 2148 3081 esset
2179 3026 2308 3079 sine
2339 3023 2610 3090 termino,
2663 3022 2762 3092 qui
2802 3037 2920 3076 non
2969 3020 3400 3091 peccavimus?
3446 3018 3650 3090 Itaque

150 3145 156 3152 ·
225 3128 416 3182 vocari
447 3124 700 3196 proprie
720 3124 804 3176 ira
827 3122 932 3175 Dei
963 3117 1559 3190 perpetua,quoniam
1578 3131 1692 3168 non
1710 3115 1885 3168 habet
1985 3115 2160 3186 longa
2192 3116 2284 3168 est
2315 3116 2370 3167 et
2393 3114 2520 3166 sine
2543 3111 2789 3165 termino
2810 3125 2983 3178 poena
3011 3109 3070 3162 in
3092 3123 3207 3178 qua
3225 3122 3456 3172 sumus,
3473 3106 3647 3161 modo

226 3217 409 3270 ﬁnem.
445 3193 606 3269 Nam
634 3211 807 3265 modo
828 3211 965 3264 sunt
987 3209 1144 3262 mille
1168 3207 1304 3260 anni
1327 3204 1619 3274 completi,
1638 3203 1880 3270 etultra,
1978 3205 2103 3275 jam
2135 3206 2272 3258 sunt
2301 3200 2459 3255 mille
2489 3200 2647 3268 anni,
2681 3215 2790 3253 nec
2820 3198 2880 3251 in
2910 3199 3045 3268 lege
3075 3211 3184 3251 nec
3235 3195 3297 3250 in
3329 3193 3648 3264 Prophetis

222 3305 364 3375 quod
393 3319 507 3375 per
539 3301 733 3355 Titum
767 3299 986 3352 fuimus
1019 3295 1313 3366 captivati.
1337 3294 1462 3348 Nos
1483 3292 1710 3346 scimus
1726 3290 1884 3360 quod
1984 3292 2168 3363 hujus
2200 3306 2389 3361 poenae
2420 3288 2730 3343 terminum
2761 3300 3085 3356 possumus
3115 3283 3403 3338 invenire.
3427 3280 3644 3350 Quare,

225 3397 408 3463 patres
442 3390 640 3446 nostri
671 3389 1065 3442 adoraverunt
1087 3383 1261 3451 idola,
1298 3384 1354 3435 et
1383 3381 1724 3436 occiderunt
1747 3392 1885 3448 pro-
1986 3382 2219 3436 domino
2235 3379 2484 3446 mi,cum
2498 3377 2657 3430 Deus
2672 3374 3140 3446 punieritpatres
3155 3371 3651 3442 nostrospropter

225 3459 421 3552 phetas
454 3483 520 3534 et
549 3479 745 3550 legem
778 3475 881 3529 Dei
914 3473 1290 3544 abjecerunt;
1317 3475 1373 3524 et
1400 3470 1641 3540 propter
1674 3481 1880 3521 omnes
1985 3468 2374 3525 idololatriam
2391 3469 2448 3520 et
2467 3461 3188 3536 propterinterfectionem
3203 3459 3648 3529 prophetarum,

226 3565 924 3638 istastransgressiones,
947 3563 1107 3616 Deus
1129 3576 1244 3614 non
1260 3558 1560 3629 percussit
1580 3572 1685 3610 eos
1709 3555 1884 3623 capti-
1988 3563 2043 3614 et,
2074 3573 2246 3630 poena
2277 3560 2331 3610 et
2361 3555 2528 3624 culpa
2562 3553 2680 3607 sint
2711 3555 2863 3606 notae
2894 3551 2953 3604 in
2975 3549 3303 3620 Scriptura,
3335 3561 3470 3600 cum
3487 3546 3650 3600 Deus

227 3660 410 3728 vitate,
444 3633 581 3710 nisi
599 3671 706 3724 par
733 3650 1106 3722 septuaginta
1134 3663 1322 3702 annos
1355 3647 1415 3700 in
1449 3643 1792 3714 Babylonia,
1827 3645 1884 3694 et
1989 3666 2103 3704 non
2135 3648 2298 3718 punit
2325 3645 2421 3698 bis
2454 3643 2860 3711 idipsum,pro
2890 3637 3153 3709 peccatis
3186 3635 3304 3690 illis
3327 3633 3648 3705 praeteritis

227 3750 348 3816 Ροεῑ
375 3725 619 3815 tempus
647 3740 958 3812 Ρτεθῖθίυῐη
989 3739 1254 3808 Placatus
1287 3738 1377 3789 θεῖ
1409 3735 1519 3800 δίεν
1554 3737 1610 3786 et
1649 3730 1887 3784 redux“
1923 3807 1962 3816 Α
1988 3739 2097 3793 fuit
2127 3753 2317 3808 poena,
2351 3733 2580 3788 scilicet
2611 3727 2920 3799 captivitas
2938 3725 3312 3797 septuaginta
3337 3737 3646 3780 annorum.

225 3851 320 3890 805
353 3836 408 3889 in
439 3839 633 3888 teram
667 3845 855 3884 suam-
890 3828 979 3896 Et,
1015 3825 1342 3880 secundum
1372 3823 1762 3892 scripturam,
1801 3819 1886 3871 ira
1915 3807 1964 3868 Ο
1992 3829 2061 3882 Et
2092 3807 2224 3882 cum
2254 3826 2414 3879 Deus
2443 3835 2559 3874 non
2590 3818 2756 3889 punit
2793 3815 3214 3871 universaliter
3241 3813 3358 3867 nisi
3406 3813 3652 3882 propter

229 3924 321 3978 Dei
335 3924 440 3977 fuit
456 3927 603 3976 tunc
627 3917 906 3987 temporis
927 3913 1294 3968 validissima
1308 3927 1488 3980 super
1506 3924 1712 3964 omnes
1738 3907 1880 3974 iras,

227 4028 362 4082 quas
393 4014 535 4065 ante
567 4013 831 4077 tempora
859 4006 960 4058 illa
1001 4004 1418 4058 commemorat
1467 3997 1794 4066 Scriptura,
1833 3996 1889 4047 et

228 4105 431 4168 tamen,
468 4101 538 4152 ut
568 4097 789 4151 dictum
821 4097 930 4160 est,
964 4107 1134 4162 pmna
1179 4093 1475 4143 tantorum
1507 4089 1887 4156 peccatorum

229 4205 334 4244 non
362 4189 473 4243 fuit
497 4185 617 4240 nisi
639 4182 1012 4254 septuaginta
1034 4181 1226 4233 annis.
1249 4177 1316 4230 Et
1333 4191 1510 4243 nunc,
1526 4172 1762 4228 domine
1785 4171 1884 4237 mi,

228 4278 305 4330 ira
334 4278 437 4332 Dei
470 4291 611 4346 quae
641 4273 702 4326 in
734 4270 1014 4341 praesenti
1032 4269 1196 4338 punit
1214 4282 1322 4320 nos
1347 4280 1461 4319 non
1482 4263 1657 4316 habet
1687 4259 1886 4314 termi-

230 4381 376 4432 num,
412 4379 526 4418 nec
560 4363 735 4415 ﬁnem
766 4360 823 4411 in
854 4354 1268 4425 Prophetis.Si
1289 4351 1652 4406 voluerimus
1685 4349 1885 4401 dicere

230 4454 374 4522 quod
406 4453 527 4506 ista
557 4463 829 4520 praesens
859 4448 943 4500 ira
977 4446 1035 4498 in
1066 4459 1180 4514 qua
1213 4456 1420 4496 sumus
1453 4439 1531 4493 sit
1567 4437 1759 4492 adhuc
1791 4436 1887 4488 illa

234 4541 313 4594 ira
353 4543 600 4611 pr0pter
638 4552 814 4608 quam
861 4534 972 4588 fuit
1013 4533 1111 4586 illa
1161 4529 1469 4601 captivitas
1517 4525 1889 4596 septuaginta

237 4645 536 4698 annorum,
571 4626 708 4697 quia
739 4627 876 4678 tunc
925 4622 1213 4690 complete
1259 4617 1632 4673 satisfactum
1679 4617 1771 4667 est
1820 4612 1890 4666 de

234 4719 484 4785 peccatis
503 4714 806 4786 praedictis
818 4727 924 4781 per
943 4709 1076 4764 illos
1096 4711 1294 4778 patres
1316 4710 1580 4772 nostros,
1611 4718 1722 4757 nos
1741 4701 1891 4754 faci-

239 4822 358 4860 mus
391 4807 582 4860 Deum
611 4801 974 4868 mendacem,
1009 4797 1165 4868 quod
1211 4794 1386 4862 absit,
1433 4792 1712 4863 quoniam
1761 4790 1890 4859 ipse

238 4894 386 4948 lleus
425 4907 614 4948 verus
659 4896 715 4945 et
762 4889 1060 4959 gloriosus
1110 4885 1192 4937 illi
1242 4881 1560 4952 captivitati
1608 4878 1890 4948 imposuit

239 4983 538 5052 praefatum
570 4979 885 5034 terminum
904 4991 1009 5045 per
1028 4973 1368 5046 prophetas,
1386 4969 1616 5024 scilicet
1645 4969 1890 5036 septua-

1992 3913 2328 3972 universale
2357 3912 2681 3981 peccatum,
2700 3905 2998 3975 Oporteret
3027 3902 3184 3973 quod
3214 3903 3352 3970 post
3379 3899 3542 3953 illam
3562 3913 3654 3974 ea-

1991 4007 2313 4076 ptivitatem
2358 4016 2468 4054 nos
2519 3995 2966 4066 pcecaverimus
3012 4005 3218 4046 omnes
3275 4003 3475 4044 coram
3528 3986 3652 4041 Deo

1991 4097 2230 4166 peccato
2264 4089 2474 4159 majori
2506 4101 2681 4157 quam
2726 4082 2901 4137 fuerit
2951 4078 3282 4134 idololatria
3324 4077 3654 4148 primorum

1996 4185 2319 4254 parentum,
2346 4181 2402 4231 et
2432 4191 2607 4246 quam
2636 4172 2813 4226 fuerit
2845 4168 3176 4222 interfectio
3208 4165 3652 4237 prophetarum,

2000 4288 2071 4327 ex
2101 4285 2214 4340 quo
2245 4269 2405 4322 Deus
2434 4279 2541 4334 pro
2573 4262 2688 4314 illis
2722 4258 2980 4330 peccatis
3010 4255 3238 4325 punivit
3267 4256 3467 4324 patres
3505 4266 3654 4307 nos-

1999 4337 2137 4414 tros
2154 4353 2526 4427 septuaginta
2557 4349 2691 4403 anni
2723 4351 2780 4402 et
2807 4361 2927 4400 non
2956 4343 3230 4413 amplius,
3264 4345 3321 4397 et
3350 4356 3461 4396 nos
3489 4337 3654 4413 puni-

1994 4449 2094 4515 vit,
2106 4447 2231 4519 jam
2247 4447 2384 4498 sunt
2407 4441 2562 4495 mille
2584 4438 2761 4493 annis
2784 4437 2840 4490 et
2857 4434 3031 4503 ultra,
3065 4435 3122 4487 et
3154 4431 3344 4503 punit:
3370 4427 3657 4499 dispersit

1994 4514 2125 4593 nosv
2146 4552 2251 4604 per
2297 4533 2547 4604 quatuor
2595 4530 2793 4599 partes
2842 4522 3063 4578 mundi.
3097 4521 3318 4576 Tamen
3367 4514 3657 4604 quidquid

1995 4603 2320 4694 contingat,
2349 4621 2451 4674 Dei
2483 4632 2691 4673 sumus
2722 4617 2782 4670 in
2813 4614 2969 4669 omni
3018 4613 3253 4678 eventu,
3303 4607 3440 4678 quia
3494 4603 3656 4660 nulla

1997 4717 2087 4770 est
2117 4710 2424 4768 excusatio
2455 4723 2638 4778 super
2667 4705 2840 4760 dicta.
2877 4700 3226 4772 Responde.
3482 4711 3483 4714 ‘

2643 4810 2894 4867 CAPUT
2936 4808 3005 4861 ΙΙ.

2001 4910 2228 4965 Probat
2259 4907 2426 4980 quod,
2438 4920 2549 4980 pro
2569 4902 2810 4980 quodam
2822 4895 3002 4980 gravi
3024 4891 3480 4980 peccato‘in‘quo
3499 4893 3658 4980 sunt,

2073 4982 2194 5036 sint
2227 4966 2287 5032 ιὴ
2310 4966 2424 5031 liae
2438 4966 2843 5044 dispersione,
2857 4974 2915 5024 et
2937 4966 3211 5036 arguitur
3232 4966 3437 5016 contra
3460 4971 3661 5017 earum

241 5071 387 5141 ginta
402 5067 796 5124 annos.Unde
811 5065 943 5119 talis
958 5045 1886 5128 nonestresponsio,sedevasio,
1923 5059 1977 5120 D
2078 5049 2522 5107 observantiam
2552 5045 2752 5115 Legis.

243 5173 338 5211 seu
369 5157 696 5224 excusatio,
716 5171 826 5209 nec
848 5155 1012 5208 esset
1043 5165 1246 5204 coram
1267 5145 1890 5217 intelligentibuspro-

243 5248 529 5317 ponenda;
550 5252 606 5302 et
635 5246 687 5301 si
712 5244 1036 5299 dixerimus
1060 5239 1216 5311 quod
1241 5239 1398 5292 Deus
1418 5238 1475 5288 in
1493 5235 1590 5288 illa
1620 5232 1898 5288 transmi-

246 5337 500 5406 gratione
521 5336 803 5390 misertus
823 5334 915 5384 est
933 5331 1108 5383 unius
1127 5328 1309 5399 partis
1327 5324 1568 5398 generis
1603 5321 1808 5386 nostri,
1837 5323 1895 5375 et

243 5441 348 5478 non
367 5426 633 5494 alterius,
649 5426 705 5478 et
727 5423 861 5476 illos
887 5434 1135 5490 quorum
1156 5417 1438 5470 misertus
1458 5415 1550 5467 est
1571 5411 1890 5465 reduxitad

251 5514 712 5569 reiediticantlum
727 5509 1027 5580 templum,
1043 5509 1105 5561 ut
1119 5506 1257 5560 dicit
1271 5503 1557 5574 propheta
1577 5499 1888 5569 Jcremias,

247 5604 457 5673 etquod
469 5619 578 5659 nos
596 5616 806 5658 sumus
829 5599 900 5654 de
918 5597 1035 5652 illis
1056 5609 1310 5669 quorum
1329 5607 1446 5647 non
1463 5593 1555 5645 est
1585 5590 1889 5658 misertus,

311 5738 385 5803 (2)
414 5741 654 5798 νιιιᾶωιιε
685 5744 878 5798 tamen
907 5737 1099 5794 adhuc
1129 5734 1344 5791 librum
1377 5743 1552 5788 suum
1581 5726 1849 5798 scripsit.

2075 5139 2390 5210 Supposito
2419 5135 2620 5208 igitur,
2653 5128 2886 5185 domine
2907 5124 3006 5193 mi,
3023 5123 3182 5195 quod
3199 5137 3410 5210 sumus
3439 5121 3500 5174 in
3514 5135 3661 5192 pee-

2004 5234 2132 5284 cato
2163 5209 2358 5298 aliquo
2389 5222 2664 5287 maxime,
2689 5232 2836 5288 rogo
2855 5229 3010 5269 nunc
3040 5211 3198 5284 quod
3222 5209 3520 5266 certitlces
3539 5223 3659 5279 me,

2004 5319 2053 5373 si
2085 5320 2395 5388 postquam
2416 5313 2575 5365 Deus
2599 5304 2884 5376 dispersit
2901 5318 3011 5358 nos
3033 5303 3106 5357 de
3127 5299 3460 5356 Jerusalem
3476 5301 3535 5354 et
3553 5298 3666 5354 mi-

2004 5408 2081 5461 sit
2114 5408 2172 5459 in
2201 5403 2594 5474 captivitatem
2628 5397 2801 5451 istam
2843 5390 3259 5463 longissimam
3305 5405 3416 5444 seu
3448 5403 3665 5460 perpe-

2003 5496 2436 5563 tuam,propter
2465 5487 2608 5542 illud
2637 5485 2961 5557 peccatum,
2997 5480 3345 5535 auctoritate
3376 5480 3581 5534 nostra
3609 5480 3669 5532 et

2001 5585 2242 5657 propria
2263 5580 2562 5635 voluntate
2579 5577 2711 5632 sine
2731 5570 2975 5646 speciali
2994 5569 3267 5626 mandato
3287 5567 3418 5639 Dei,
3432 5583 3538 5623 cur
3553 5581 3668 5622 nos
