3978 6178
304 368 424 434 339

1538 359 1966 424 SAMUELIS
2011 359 2562 423 MAROCHIANI

3623 363 3740 425 340

305 571 365 624 in
397 567 727 638 captivitate
741 567 850 620 ista
866 564 1345 634 nonincoepimus
1369 563 1690 616 observare
1706 562 1964 614 circum-
1992 542 2039 600 Α
2080 559 2137 612 in
2169 575 2284 629 qua
2316 574 2468 614 nunc
2498 575 2726 627 sumus,
2760 562 2851 613 est
2881 559 3058 632 longa
3085 559 3206 630 jam
3256 561 3411 614 mille
3452 577 3740 614 annorum

308 658 613 723 cisionem,
647 661 703 710 et
733 655 1072 719 Sabbatum,
1108 657 1163 706 et
1192 653 1337 706 alias
1383 650 1768 705 cmrcmonias
1814 665 1963 718 quas

305 751 575 800 tenemus
607 744 932 797 secundum
962 742 1154 812 legem
1183 741 1353 794 Mosi.
1390 740 1536 792 Nam
1571 755 1680 792 nos
1713 754 1963 808 cognos-

283 835 494 888 -cimus
525 833 679 902 quod
705 849 735 884 a
754 836 1013 899 tempore
1032 845 1146 899 quo
1167 829 1332 882 Titus
1356 829 1649 882 destruxit
1670 827 1962 880 civitatem

307 926 588 984 sanctam,
627 923 682 973 et
711 919 988 988 templum
1022 917 1348 972 combussit
1381 923 1436 970 et
1468 915 1882 981 bibliothecas,
1909 918 1965 967 et

306 1025 418 1064 nos
448 1010 507 1061 in
538 1009 929 1077 captivitatem
963 1007 1132 1060 istam
1155 1005 1454 1074 dispersit,
1476 1008 1531 1057 et
1563 1018 1634 1057 ex
1667 1007 1804 1056 tunc
1829 1004 1963 1056 ’ces-

309 1097 463 1151 savit
491 1097 643 1149 inter
662 1109 772 1149 nos
793 1095 997 1165 vigere
1021 1093 1397 1156 sacrificium,
1427 1093 1756 1146 oblationes
1774 1095 1829 1145 et
1862 1091 1966 1144 ho-

307 1185 592 1251 locausta,
628 1186 684 1237 et
713 1184 871 1236 Deus
902 1198 1018 1235 non
1065 1181 1333 1251 promisit
1380 1181 1554 1234 nobis
1602 1184 1828 1249 postea,
1861 1195 1966 1248 per

308 1273 691 1342 prophetiam,
718 1288 823 1326 nec
853 1285 960 1338 per
990 1270 1406 1324 revelationem
1437 1269 1690 1338 aliquam
1723 1271 1962 1336 certam,

310 1362 466 1432 quod
494 1376 605 1414 nos
623 1360 976 1413 deberemus
999 1359 1191 1411 redire
1214 1358 1526 1427 aliquando
1553 1357 1610 1409 in
1636 1356 1965 1410 Jerusalem

309 1450 367 1503 in
398 1452 552 1503 statu
583 1449 852 1517 pristino,
887 1462 996 1500 nec
1029 1447 1324 1499 mandavit
1356 1448 1527 1499 nobis
1573 1450 1776 1514 postea
1810 1446 1966 1516 quod

309 1537 768 1592 observaremus
781 1535 1191 1589 observantias
1209 1535 1547 1604 praedictas.
1568 1534 1810 1587 Videtur
1823 1550 1966 1604 ergo

310 1627 482 1696 sequi
511 1625 666 1695 quod
700 1639 809 1678 nos
840 1639 955 1677 non
991 1640 1021 1676 a
1053 1624 1194 1690 Deo,
1217 1623 1322 1676 sed
1354 1623 1424 1676 ab
1448 1624 1579 1676 aliis
1605 1623 1702 1692 qui
1726 1627 1890 1674 erant
1908 1622 1966 1676 in

309 1715 398 1767 ira
428 1713 534 1766 Dei
552 1713 960 1766 observantias
994 1712 1306 1781 praedictas
1343 1711 1679 1779 accepimus
1709 1714 1766 1764 et
1800 1711 1966 1764 tene-

308 1817 464 1855 mus.
501 1801 570 1854 Et
598 1801 831 1854 videtur
860 1799 1016 1869 quod
1044 1799 1205 1870 juste
1225 1799 1418 1853 dicent
1442 1800 1612 1853 nobis
1637 1799 1969 1853 abversarii

2081 651 2135 701 et
2166 648 2333 715 ultra,
2370 654 2424 701 et
2457 664 2570 700 non
2601 649 2897 702 invenitur
2925 648 2977 702 ei
3010 651 3298 703 terminus
3322 651 3379 702 in
3400 649 3735 719 Prophetis,

2081 739 2136 790 et
2167 737 2361 804 timeo,
2417 737 2659 790 Domine
2708 737 2804 804 mi,
2837 737 3014 806 quod,
3067 737 3220 791 sicut
3272 739 3426 791 Deus
3473 738 3637 790 misit
3685 739 3743 790 in

2082 825 2471 894 captivitatem
2503 825 2660 878 illam
2691 825 2930 879 brevem
2965 829 3161 894 patres
3187 829 3422 879 nostros
3447 826 3577 879 sine
3609 827 3744 897 lege

2081 916 2137 966 et
2182 913 2311 966 sine
2361 913 2762 966 observantiis
2807 929 2914 968 nec
2963 915 3288 984 acceptavit
3332 913 3583 984 jejunia,
3634 930 3746 968 nec

2083 1001 2496 1054 observantias
2516 1001 2670 1072 legis
2689 1017 2913 1071 eorum,
2929 1017 3240 1072 quousque
3265 1003 3371 1056 fuit
3386 1002 3745 1072 completum

2080 1093 2312 1160 tempus
2346 1105 2535 1158 poenae
2564 1090 2851 1159 ipsorum,
2885 1091 3111 1145 scilicet
3141 1092 3515 1162 septuaginta
3557 1107 3747 1146 anno-

2080 1195 2239 1245 rum,
2291 1179 2379 1232 sic
2423 1179 2481 1231 in
2532 1179 2647 1232 ista
2691 1180 3021 1249 captivitate
3079 1180 3281 1234 ultima
3338 1195 3457 1234 non
3516 1184 3747 1249 accptet

2083 1282 2260 1336 opera
2291 1281 2424 1336 quae
2456 1267 2704 1320 fecimus
2745 1269 3070 1322 secundum
3119 1269 3532 1322 observantias
3563 1268 3742 1339 legis.

2081 1353 2271 1418 Quare
2304 1353 2701 1426 constat}quod
2720 1357 2904 1410 nostri
2936 1373 3144 1410 sumus
3167 1357 3224 1410 in
3253 1356 3460 1426 majori
3495 1363 3744 1426 peccato

2083 1459 2236 1497 nunc
2261 1459 2434 1513 quam
2452 1448 2648 1512 patres
2672 1461 2780 1498 nos
2800 1445 2870 1497 tri
2891 1444 3106 1498 fuerint
3124 1447 3181 1498 in
3202 1445 3536 1515 Babylonia.
3573 1446 3746 1500 Unde

2083 1547 2193 1585 nos
2225 1547 2433 1588 sumus
2465 1533 2524 1584 in
2555 1533 2762 1604 majori
2783 1534 2867 1586 ira
2890 1533 2991 1587 Dei
3015 1549 3187 1604 quam
3207 1534 3287 1586 illi
3312 1538 3536 1602 essent,
3558 1540 3615 1587 et
3637 1549 3744 1603 per

2084 1635 2460 1691 consequens
2492 1637 2667 1691 opera
2702 1627 2838 1676 sunt
2869 1622 2920 1676 ei
2953 1622 3149 1676 minus
3172 1623 3402 1691 placita,
3426 1626 3483 1676 et
3508 1639 3620 1676 nos
3646 1638 3749 1675 su-

2084 1724 2215 1762 mus
2263 1709 2314 1762 ei
2362 1709 2554 1779 magis
2600 1709 2810 1763 odiosi.
2850 1709 2918 1765 Et
2963 1714 3116 1780 patet
3160 1711 3319 1781 quod
3368 1711 3452 1764 illi
3501 1714 3751 1780 propter

2084 1800 2330 1850 mortem
2362 1798 2781 1866 prophetarum
2811 1801 2868 1852 et
2897 1800 3034 1868 quia
3069 1799 3222 1854 idola
3253 1801 3579 1868 coluerunt,
3614 1799 3749 1854 fue-

312 1889 541 1956 nostri;
589 1888 750 1942 Sicut
803 1905 910 1941 vos
960 1889 1292 1941 observatis
1345 1887 1862 1940 circumcisionem
1915 1891 1970 1940 et
2007 1903 2055 1963 Β
2085 1889 2221 1938 runt
2251 1890 2470 1938 tantum
2501 1887 2873 1958 septuaginta
2904 1889 3074 1940 annis
3099 1888 3157 1941 in
3175 1888 3749 1956 captivitatd'ﬁetnos

311 1976 630 2030 Sabbatum
659 1979 715 2029 et
747 1975 944 2046 legitis
975 1976 1035 2030 in
1051 1977 1377 2047 synagogis
1398 1975 1585 2029 libros
1601 1975 1750 2029 Mosi
1771 1978 1970 2043 etpro-

309 2064 617 2133 phetarum
651 2065 780 2118 sine
809 2065 1078 2118 mandato
1113 2065 1236 2131 Dei,
1271 2079 1452 2134 quare
1499 2080 1613 2117 non
1663 2063 1970 2116 assumitis

311 2152 484 2206 vobis
516 2153 786 2206 similiter
815 2157 870 2206 et
901 2153 1256 2207 sacriﬁcium
1289 2157 1345 2206 et
1390 2168 1506 2206 non
1561 2152 1753 2205 facitis
1798 2151 1969 2204 vobis

312 2241 700 2309 sacerdotem,
735 2246 791 2294 et
819 2257 1044 2311 regem,
1079 2245 1134 2295 et
1178 2242 1522 2311 principem,
1559 2244 1615 2295 et
1659 2239 1968 2294 unctiones

314 2332 552 2383 sanctas
581 2332 638 2383 et
667 2331 994 2398 incensum,
1029 2333 1086 2384 et
1113 2346 1294 2399 quare
1325 2345 1438 2383 non
1471 2330 1777 2382 aediﬁcetis
1799 2329 1968 2383 vobis

311 2417 533 2485 altaria,
569 2420 624 2471 et
654 2418 907 2471 servatis
940 2417 1327 2472 caeremonias
1359 2421 1414 2471 et
1453 2419 1646 2471 omnia
1695 2418 1805 2471 alia
1837 2435 1970 2488 quae

314 2508 451 2559 sunt
480 2507 539 2559 in
569 2507 728 2577 Lege
751 2509 1040 2572 contenta,
1059 2506 1110 2560 si
1131 2506 1471 2574 Sabbatum,
1491 2509 1546 2560 et
1565 2507 1969 2560 circumcisio-

313 2607 467 2657 nem,
489 2596 544 2646 et
575 2595 740 2662 plura
772 2593 879 2646 alia
915 2611 1046 2665 quae
1080 2593 1416 2648 observatis
1439 2595 1767 2648 secundum
1798 2595 1973 2648 tradi-

289 2683 506 2736 tiones
537 2686 770 2734 vestras
802 2682 929 2735 sine
960 2683 1228 2736 mandato
1262 2682 1617 2750 DeiprOpria
1651 2683 1968 2751 voluntate,

315 2784 389 2822 ex
416 2771 661 2838 utraque
691 2773 851 2838 parte
883 2771 1118 2823 curritis
1158 2771 1218 2822 in
1268 2769 1552 2824 offensam
1598 2771 1750 2823 Dei?
1799 2769 1869 2823 Et
1919 2772 1970 2824 si

316 2857 444 2911 haac
476 2858 756 2925 praedicta
787 2857 978 2911 facitis
1012 2863 1213 2913 contra
1245 2859 1602 2911 voluntatem
1635 2859 1758 2924 Dei,
1793 2860 1884 2912 vel
1917 2859 1971 2912 si

314 2945 510 3000 dicitis
542 2946 676 3015 quia
707 2946 976 2999 voluntas
1010 2947 1112 3000 Dei
1145 2951 1237 3001 est
1259 2948 1414 3017 quod
1446 2947 1574 3000 haec
1605 2948 1884 3016 servetis,
1918 2951 1974 3002 et

313 3034 463 3088 bene
496 3033 789 3102 placitum,
825 3035 977 3104 quod
1004 3041 1193 3089 tamen
1214 3035 1525 3090 ostendere
1551 3052 1664 3089 non
1696 3037 1969 3105 potestis,

315 3137 493 3192 quare
508 3139 624 3176 non
639 3122 975 3176 observatis
1000 3139 1183 3192 supra
1197 3125 1349 3177 dicta
1362 3125 1492 3191 alia,
1511 3141 1760 3196 quorum
1793 3125 1971 3178 multa

2081 1979 2321 2044 propter
2351 1991 2625 2046 magnum
2658 1979 2961 2044 peccatum
2993 1980 3049 2029 et
3082 1977 3398 2030 maximum
3418 1992 3628 2030 sumus
3648 1992 3748 2029 ca-

2082 2063 2244 2131 ptivi.
2277 2063 2406 2116 Jam
2438 2067 2577 2117 sunt
2608 2063 2762 2117 mille
2792 2065 2948 2132 anni,
2983 2069 3037 2118 et
3067 2065 3235 2118 ultra.
3259 2064 3327 2118 Et
3351 2066 3479 2119 haec
3497 2066 3750 2134 captivi-

2086 2153 2197 2216 tas,
2229 2150 2462 2205 domine
2495 2152 2591 2220 mi,
2619 2153 2746 2207 sine
2779 2153 2955 2208 dubio
2986 2157 3080 2207 est
3109 2154 3206 2206 illa
3235 2170 3408 2224 quam
3442 2155 3602 2208 Deus
3636 2170 3746 2222 per

2090 2253 2159 2292 os
2193 2238 2450 2293 Danielis
2464 2242 2765 2310 prophetae
2785 2241 3412 2310 vocatdesolationem,
3430 2257 3564 2296 cum
3577 2242 3747 2297 dicit:

2087 2345 2113 2376 α
2148 2327 2352 2397 Usque
2383 2329 2455 2381 ad
2487 2331 3052 2384 consummationem
3071 2333 3128 2383 et
3146 2331 3320 2384 finem
3338 2331 3751 2408 perseverabit

2084 2416 2390 2484 desolatio,
2425 2421 2534 2470 etc.
2559 2417 2731 2487 (Dan.
2757 2419 2858 2488 Ix).
2884 2442 2906 2466 ιι
2935 2419 3128 2472 Prima
3160 2419 3468 2488 captivitas
3499 2422 3754 2473 vocatur

2084 2506 2548 2575 transmigratio,
2581 2507 2726 2571 Quia
2757 2511 2890 2576 post
2922 2507 3215 2562 modicum
3239 2512 3469 2576 tempus
3504 2507 3752 2562 fuerunt

2084 2593 2310 2646 reducti
2342 2611 2474 2647 cum
2506 2594 2728 2649 honore
2761 2596 2818 2648 in
2843 2596 3193 2651 Jerusalem.
3217 2596 3332 2652 Sed
3356 2597 3483 2650 haec
3501 2600 3755 2651 vocatur

2084 2682 2368 2736 desolatio
2390 2688 2688 2753 perpetua,
2706 2683 2764 2737 in
2787 2700 2900 2754 qua
2918 2701 3023 2754 pro
3043 2689 3202 2739 certo
3225 2701 3339 2739 non
3364 2685 3755 2740 miserebitur

2083 2771 2292 2838 nostri,
2327 2772 2480 2825 sicut
2509 2788 2626 2826 non
2655 2773 3046 2828 miserebatur
3075 2779 3302 2843 patrum
3327 2776 3669 2828 nostrorum
3693 2776 3751 2827 in

2085 2858 2426 2929 Babylonia,
2461 2866 2703 2931 excepto
2726 2863 2880 2932 quod
2902 2864 3322 2918 consolabatur
3341 2878 3448 2917 eos
3479 2879 3587 2932 per
3606 2879 3752 2933 pro-

2083 2948 2311 3016 phetas,
2347 2949 2444 3018 qui
2469 2951 2882 3019 promittebant
2902 2952 3018 3005 illis
3048 2952 3476 3015 liberationem,
3497 2954 3552 3005 et
3576 2957 3752 3006 erant

2085 3052 2290 3091 omnes
2325 3037 2529 3107 simul;
2564 3038 2738 3092 nobis
2770 3042 2960 3094 autem
2994 3041 3136 3094 nihil
3171 3041 3543 3110 promittitur,
3579 3043 3751 3096 etin-

2083 3141 2266 3194 super
2295 3126 2576 3195 dispersit
2605 3143 2714 3181 nos
2746 3144 2854 3197 per
2883 3129 3163 3185 universa
3183 3147 3367 3202 regna
3399 3131 3620 3184 mundi.
3643 3133 3750 3184 At-

315 3209 508 3266 facere
541 3211 918 3281 potestis?Et
948 3212 999 3266 si
1031 3230 1145 3268 non
1169 3214 1506 3282 permittunt
1529 3229 1638 3268 vos
1659 3215 1852 3269 facere
1883 3230 1973 3269 re-
2008 3218 2278 3315 etamen
2325 3215 2608 3286 quidquid
2659 3217 2988 3288 contingat,
3049 3219 3151 3272 Dei
3207 3235 3418 3272 sumus
3465 3219 3524 3272 in
3588 3221 3753 3274 omni

315 3315 423 3370 ges
450 3301 648 3370 populi
677 3303 788 3355 sub
807 3302 1275 3374 quibusjacetis,
1292 3304 1629 3373 permittant
1645 3307 1837 3358 tamen
1862 3319 1970 3358 vos

313 3389 492 3444 multa
523 3389 635 3442 alia
665 3389 881 3458 facere,
927 3392 1079 3445 sicut
1121 3393 1461 3461 permittunt
1511 3393 1972 3446 circumsionem

315 3477 371 3530 et
398 3475 585 3530 libros
617 3479 671 3530 et
702 3493 1064 3550 synagogas,
1099 3484 1154 3533 et
1185 3481 1298 3532 alia
1327 3496 1460 3549 quas
1491 3481 1766 3534 servatis.
1801 3480 1869 3534 Et
1901 3481 1972 3533 ad

315 3565 466 3630 haec,
498 3564 730 3618 domine
762 3567 859 3633 mi,
896 3581 1011 3620 non
1029 3569 1120 3619 est
1138 3567 1310 3620 nobis
1341 3567 1399 3620 in
1416 3571 1689 3637 promptu
1720 3584 1971 3637 respon-

317 3651 408 3705 sio
441 3650 770 3722 sufficiens,
804 3656 865 3706 ut
897 3651 1146 3706 videtur.
1162 3653 1380 3708 Sumus
1399 3659 1590 3709 tamen
1609 3656 1713 3710 Dei
1738 3658 1795 3711 in
1816 3657 1974 3711 omni

317 3740 549 3793 eventu.

953 3847 1204 3903 CAPUT
1240 3849 1334 3903 lll.

320 3951 610 4017 Quomodo
622 3955 1010 4027 omnisobser
1020 3957 1212 4009 vantia
1231 3956 1386 4027 legis
1403 3957 1734 4014 Judaaorum
1754 3975 1865 4015 non
1880 3965 1972 4014 est

387 4023 773 4094 acceptabilis
799 4025 923 4080 Deo
939 4033 1185 4097 prapter
1196 4023 1500 4099 peccatum
1519 4031 1578 4083 in
1603 4047 1710 4102 quo
1740 4037 1896 4084 sunt.

383 4129 744 4200 Invenimus,
777 4131 1011 4187 domine
1041 4134 1139 4204 mi,
1184 4135 1368 4190 Deum
1398 4135 1731 4208 loquentem
1762 4152 1870 4206 per
1901 4151 1970 4190 os

316 4220 632 4290 Zachariae,
666 4223 722 4275 et
750 4222 1060 4292 dicentem,
1095 4224 1195 4278 ubi
1225 4223 1484 4295 loquitur
1523 4225 1593 4278 de
1638 4224 1735 4278 illa
1783 4225 1973 4295 prima

316 4310 646 4380 captivitate
676 4311 884 4377 brevi;
923 4336 945 4360 α
981 4312 1126 4368 Haec
1157 4313 1296 4368 dicit
1326 4313 1610 4368 Dominus
1662 4314 1820 4367 Deus
1872 4329 1972 4368 sa-

315 4398 656 4454 cerdotibus
687 4404 743 4454 et
771 4403 984 4472 populo
1018 4405 1192 4458 terrae
1219 4420 1230 4457 :
1278 4401 1520 4467 Quando
1566 4402 1888 4473 jejunastis
1919 4404 1976 4456 et

312 4487 592 4558 plorastis
621 4489 680 4544 in
711 4492 882 4544 sexto
913 4494 969 4543 et
999 4491 1247 4560 septimo
1279 4496 1398 4545 toto
1429 4495 1690 4561 tempore
1732 4495 1972 4560 septua-

2085 3307 2316 3359 eventu.

2719 3393 2970 3450 CAPUT
3008 3395 3103 3449 IV.

2397 3484 2672 3540 Ostendit
2703 3485 2852 3557 quod
2883 3485 3076 3540 Judaei
3104 3491 3241 3538 sunt
3270 3487 3434 3540 caeci.

2156 3592 2399 3646 Domino
2429 3592 2536 3658 mi,
2585 3592 2755 3646 valde
2801 3591 3069 3646 mirabile
3116 3595 3208 3646 est
3256 3591 3398 3644 mihi
3429 3592 3499 3646 de
3545 3591 3750 3648 nobis.

2083 3681 2404 3750 Speremus
2429 3681 2580 3734 enim
2605 3679 2866 3751 quotidie
2889 3681 3292 3734 liberationem
3315 3681 3385 3734 de
3409 3680 3753 3750 captivitate

2083 3771 2215 3839 ista,
2251 3774 2307 3824 et
2338 3785 2576 3839 semper
2605 3769 2676 3822 de
2708 3769 2820 3822 hoc
2854 3769 3170 3840 loquimur,
3205 3773 3261 3824 et
3291 3785 3527 3838 semper
3555 3769 3750 3840 loqui-

2083 3875 2217 3913 mur
2247 3860 2317 3912 de
2349 3858 2689 3912 reductiona
2721 3861 2926 3912 nostra
2957 3859 3010 3913 ia
3041 3859 3468 3926 Jerusalem,et
3494 3859 3625 3914 ideo
3645 3876 3747 3913 su-

2083 3963 2216 4002 mus
2248 3948 2390 4001 caeci
2423 3948 2514 4000 vel
2549 3947 2900 4016 deceptores
2932 3947 3308 4016 simplicium.
3336 3947 3482 4000 Nam
3513 3951 3748 4002 constat

2083 4036 2237 4106 quod
2269 4038 2402 4106 post
2433 4035 2863 4105 dispersionem
2895 4041 3157 4091 nostram
3181 4052 3312 4106 quae
3345 4035 3495 4089 facta
3528 4040 3619 4091 est
3642 4053 3747 4106 per

2083 4123 2295 4194 Titum,
2331 4140 2446 4180 non
2494 4124 2758 4194 apparuit
2804 4125 2863 4178 in
2909 4125 3083 4179 nobis
3115 4126 3398 4196 propheta
3428 4126 3526 4196 qui
3568 4125 3748 4180 nobis

2083 4213 2448 4283 promitteret
2479 4214 2904 4282 reductionem,
2935 4229 3043 4267 nec
3077 4214 3248 4268 etiam
3279 4218 3412 4283 post
3442 4214 3750 4284 captivita-

2082 4306 2196 4357 tem
2227 4302 2600 4373 septuaginta
2632 4317 2920 4356 annorum
2953 4301 3058 4356 fuit
3089 4303 3371 4372 propheta
3403 4303 3499 4372 qui
3537 4304 3750 4373 loque-

2081 4395 2244 4445 retur
2265 4391 2336 4445 de
2373 4392 2484 4445 ista
2519 4390 2849 4459 captivitate
2885 4407 3017 4461 quae
3058 4406 3176 4445 non
3210 4391 3386 4445 habet
3416 4391 3589 4445 tinem
3622 4393 3746 4446 nisi

2082 4481 2142 4536 in
2186 4481 2300 4535 fine
2347 4479 2567 4534 mundi.
2611 4479 2734 4534 Nec
2783 4479 3195 4534 liberationem
3245 4479 3420 4533 habet
3468 4479 3586 4532 nisi
3636 4495 3750 4548 per

315 4578 474 4648 ginta
489 4577 1189 4646 annorum,intellexistis
1212 4580 1367 4650 quod
1393 4578 1748 4650 jejunnretis
1771 4580 1841 4633 ad
1858 4595 1970 4648 me,
1998 4604 2052 4666 ο
2081 4569 2645 4625 consummationem
2675 4568 3054 4638 saeculi,quia
3077 4567 3279 4622 Daniel
3299 4569 3468 4620 vocat
3497 4567 3747 4622 desola-

311 4669 412 4720 aut
453 4666 785 4736 ploraretis,
839 4681 950 4736 ego
1002 4668 1116 4740 tale.
1159 4666 1453 4738 jejunium
1502 4668 1660 4722 nolui
1710 4685 1740 4720 a
1801 4667 1973 4721 vobis

313 4755 516 4823 (Zaoli.
540 4757 666 4826 vn).
683 4756 909 4812 Nostra
931 4761 1121 4810 autem
1147 4755 1461 4810 translatio
1483 4756 1664 4810 aliter
1680 4772 1746 4810 se
1767 4755 1968 4823 habet,

313 4845 421 4900 sed
468 4861 577 4918 ego
616 4845 893 4900 scribere
920 4859 1205 4916 prapono,
1257 4844 1409 4897 sicut
1449 4844 1658 4914 jaceat
1692 4845 1752 4897 in
1810 4846 1972 4898 Ara-

311 4933 446 4989 bico
493 4936 885 4990 auctoritates
928 4949 1070 5005 quas
1119 4931 1362 4988 Samuel
1385 4933 1502 4988 iste
1551 4931 1810 5001 adducit,
1860 4949 1972 4986 non

312 5021 465 5076 sicut
495 5029 632 5076 sunt
663 5023 722 5076 in
757 5029 958 5078 nostra
990 5021 1236 5090 Biblia.)
1285 5021 1475 5075 lnnuit
1522 5021 1827 5089 Dominus,
1863 5021 1970 5075 do-

313 5111 469 5165 mine
499 5109 598 5177 mi,
631 5111 690 5165 in
718 5112 1019 5181 prmdictis
1053 5110 1255 5166 verbis
1287 5111 1442 5181 quod
1474 5109 1612 5163 dum
1643 5125 1753 5165 nos
1777 5109 1967 5164 Judaei

311 5198 533 5253 fuirnus
562 5214 669 5269 per
697 5201 1069 5273 septuaginta
1097 5215 1286 5255 annos
1319 5200 1377 5253 in
1427 5199 1578 5254 dicta
1611 5199 1966 5268 captivitate,

313 5287 536 5344 fuimus
567 5290 698 5343 sine
731 5288 1032 5362 lege,quia
1057 5289 1351 5360 jejunium
1383 5305 1501 5344 non
1524 5287 1970 5355 habuimus,ne-

313 5393 427 5450 que
457 5377 744 5433 habemus
774 5395 805 5432 a
839 5379 971 5450 lege
1002 5379 1156 5432 sicut
1182 5379 1329 5433 alias
1361 5378 1866 5445 observantias,et
1899 5375 1971 5429 si-

313 5466 528 5521 militer
555 5467 776 5521 fuimus
808 5467 938 5520 sine
967 5467 1418 5522 circumcisione
1441 5472 1496 5522 et
1531 5467 1660 5520 sine
1690 5465 1968 5532 Sabbato,

313 5559 372 5611 et
400 5556 530 5612 sine
560 5556 737 5612 dubio
769 5557 960 5611 omnia
993 5557 1122 5610 haec
1153 5573 1268 5611 non
1299 5557 1510 5625 valent,
1563 5557 1700 5610 dum
1742 5556 1828 5608 ira
1865 5554 1967 5608 Dei

316 5651 508 5703 manet
539 5664 720 5717 super
748 5646 1026 5716 p0pulum
1058 5646 1365 5700 suum.llla
1391 5661 1533 5700 vero
1555 5645 1739 5714 prima
1764 5645 1845 5698 ira
1869 5643 1968 5696 Dei

314 5737 423 5792 fuit
451 5737 673 5808 brevis,
699 5736 833 5809 quia
867 5735 1239 5806 septuaginta
1262 5750 1544 5788 annorum
1573 5753 1584 5795 ;
1607 5736 1715 5787 ista
1736 5732 1970 5804 quidem

2081 4659 2294 4714 tionem
2325 4660 2454 4712 sine
2487 4659 2600 4712 fine
2631 4657 2803 4728 (Dan.
2830 4655 2932 4724 ix).
2961 4656 3128 4711 Unde
3158 4656 3355 4725 timeo,
3381 4656 3614 4710 domine
3639 4657 3743 4724 mi,

2081 4748 2257 4819 quod,
2281 4763 2412 4802 cum
2445 4751 2599 4800 tanta
2623 4746 2930 4816 captivitas
2950 4761 3064 4799 non
3087 4745 3278 4814 possit
3301 4759 3540 4798 manere
3560 4760 3748 4814 super

2081 4839 2258 4891 totam
2289 4839 2524 4908 gentem
2553 4839 2813 4890 nostram
2843 4850 2874 4886 a
2905 4832 3048 4901 Deo,
3097 4833 3211 4886 nisi
3260 4835 3504 4902 propter
3551 4833 3747 4886 maxi-

2081 4941 2238 4980 mum
2266 4928 2572 4994 peccatum
2604 4923 2662 4976 in
2703 4922 2926 4985 Deum;
2979 4922 3137 4991 quod
3186 4919 3380 4989 majus
3427 4924 3521 4974 est
3566 4935 3746 4990 quam

2080 5011 2453 5070 interfecisse
2486 5010 2807 5082 prephetas
2860 5013 2916 5064 et
2955 5010 3240 5064 adorasse
3283 5008 3458 5076 idola,
3501 5012 3747 5078 propter

2079 5120 2212 5175 quae
2251 5103 2490 5172 peccata
2533 5103 2732 5169 patres
2783 5099 2973 5154 nostri
3022 5097 3256 5154 fuerunt
3301 5096 3525 5166 puniti;
3558 5096 3741 5166 quod,

2080 5193 2234 5248 sicut
2266 5191 2423 5244 Deus
2453 5205 2571 5244 non
2601 5188 2918 5242 miseretur
2949 5185 3135 5242 nostri
3159 5186 3214 5239 in
3241 5185 3529 5254 vita,cum
3559 5185 3622 5238 in
3643 5200 3743 5239 eo-

2079 5283 2208 5337 dem
2240 5281 2478 5350 peccato
2511 5292 2987 5348 perseveremus,
3022 5275 3110 5330 sic
3142 5275 3312 5328 etiam
3344 5290 3460 5328 non
3491 5275 3740 5328 misere-

2077 5372 2234 5426 bitur
2282 5368 2529 5423 mortuis
2579 5383 2655 5421 ex
2701 5365 2895 5421 nobis.
2949 5364 3217 5418 Attamen
3269 5377 3477 5416 sumus
3529 5361 3634 5414 Dei
3685 5361 3740 5415 in

2079 5459 2236 5515 omni
2265 5459 2481 5516 eventu
2510 5456 2612 5528 qui
2639 5454 2926 5512 evenerit.

2725 5541 2977 5598 CAPUT
3017 5542 3086 5594 Υ.

2291 5635 2453 5700 Quod
2482 5635 2672 5687 Judaei
2703 5632 3001 5702 decipiunt
3024 5629 3174 5684 alios
3203 5633 3261 5683 et
3283 5628 3534 5700 seipsos.

2149 5725 2391 5778 Domine
2425 5723 2520 5786 mi,
2554 5723 2786 5776 videtur
2803 5719 2956 5789 quod
2980 5717 3346 5788 decipiamus
3364 5716 3516 5772 alios
3549 5718 3607 5771 et
3626 5729 3737 5770 nos
