3978 6178
180 386 271 451 341

946 369 1207 435 LIBER
1246 369 1359 431 DE
1401 365 1745 431 MESSIIE
1778 362 2189 427 ADVENTU
2229 359 2771 425 PRETERITO.

3448 356 3568 421 342

173 567 330 637 ipSOS,
362 561 491 633 quia
532 560 591 616 in
633 557 804 612 libris
831 556 1032 628 Ῑθειιω
1064 556 1121 607 et
1147 552 1568 622 Prophetarum
1601 547 1787 601 hahe"
1820 543 1879 605 Α
1905 564 2122 617 terram
2141 564 2403 616 nostram
2425 559 2810 630 perdidimus.
2835 559 2925 629 Et,
2949 560 3182 614 domine
3203 557 3570 629 mi,multum

176 669 282 708 mus
300 653 471 705 Deum
490 647 922 718 promittentem
950 644 1173 698 nostrae
1205 642 1362 712 genti
1388 637 1795 693 liberationem

173 746 217 797 et
232 738 731 812 congregationem
754 734 825 787 de
846 731 1223 801 dispersione
1242 726 1658 797 multipliciter.
1680 722 1799 777 Sed

172 832 293 886 bene
320 824 641 881 advertenti
681 837 888 877 omnes
939 817 1372 889 promissiones
1403 830 1553 885 quas
1584 812 1797 868 habui-

174 934 298 983 mus,
330 916 417 970 vel
446 915 684 968 fuerunt
732 910 1037 979 completas
1067 910 1199 960 ante
1233 904 1625 973 captivitatem
1657 916 1798 970 sep-

173 1006 397 1077 tuaginta
424 1016 714 1056 annorum
735 1003 790 1052 et
810 999 868 1051 in
900 996 1050 1066 ipsis
1082 993 1456 1065 septuaginta
1487 990 1678 1057 annis,
1707 988 1801 1044 vel

171 1092 566 1165 promissiones
595 1089 835 1163 fuerunt
863 1087 1101 1155 prOpter
1132 1085 1372 1152 peccata
1402 1079 1634 1134 illorum
1666 1077 1801 1147 qui-

169 1185 265 1238 bus
298 1179 727 1251 promissiones
778 1175 947 1229 facta;
999 1174 1139 1227 sunt
1182 1169 1437 1225 totaliter
1473 1166 1800 1237 impeditae,

170 1272 295 1324 sicut
320 1282 581 1338 propono
614 1279 813 1319 coram
845 1267 919 1332 te,
936 1261 1170 1315 domine
1192 1260 1292 1328 mi,
1314 1256 1567 1326 exempli
1590 1255 1800 1326 gratia,

170 1362 261 1413 ista
303 1372 483 1428 pauca
534 1355 809 1409 dicuntur
856 1353 917 1405 in
958 1348 1266 1403 Ezechiele
1310 1362 1323 1401 :
1384 1366 1406 1395 α
1440 1344 1503 1398 Si
1543 1342 1803 1397 feceritis

167 1447 395 1518 justitias
412 1460 602 1513 meas,
619 1445 677 1498 et
694 1441 963 1496 mandata
984 1454 1111 1492 mea
1134 1433 1543 1500 servaveritis,
1561 1446 1805 1501 congre-

168 1536 295 1606 gabo
314 1549 421 1589 vos
452 1533 529 1586 de
559 1536 811 1603 quatuor
830 1528 1100 1599 partibus
1124 1524 1345 1587 mundi,
1362 1526 1416 1576 et
1439 1520 1649 1575 levabo
1670 1534 1801 1587 vos,

168 1623 494 1677 etadducam
509 1636 621 1675 vos
651 1616 760 1689 per
784 1632 964 1686 mare,
989 1618 1047 1670 et
1076 1614 1355 1669 reducam
1369 1627 1479 1664 vos
1496 1611 1555 1662 in
1568 1608 1806 1662 domum

167 1715 400 1767 sanctam
429 1713 699 1763 vestram
728 1704 974 1776 (Ezech.
1004 1706 1106 1772 v1).
1137 1726 1159 1750 ι»
1187 1701 1342 1755 Ecce
1372 1698 1530 1770 quod
1560 1697 1617 1750 id
1647 1693 1806 1766 quod

167 1801 423 1854 Dominus
451 1797 635 1853 nobis
666 1794 949 1865 promittit
968 1808 1073 1861 per
1096 1789 1465 1844 Ezechielem
1497 1787 1557 1840 in
1585 1783 1805 1854 praidi-

1908 651 2176 705 mirabile
2194 654 2306 719 est,
2323 665 2455 704 cum
2480 664 2685 703 omnes
2715 648 3143 703 concordemus
3161 647 3317 718 quod
3339 648 3569 718 oportet

1908 740 2063 811 quod
2096 744 2229 809 post
2261 738 2653 808 captivitatem
2673 736 3047 806 septuaginta
3068 751 3356 790 annorum
3375 736 3436 790 in
3456 737 3565 791 Ba-

1907 828 2141 898 bylonia
2172 826 2549 897 peccavimus
2573 829 2776 880 contra
2807 824 2991 879 Deum
3021 825 3276 878 maxime
3301 826 3566 896 peccato,

1911 919 1967 971 et
1993 920 2188 970 tamen
2220 915 2420 969 nullus
2446 919 2537 969 est
2558 915 2659 985 qui
2680 914 2837 967 dicat
2864 913 3021 983 quod
3053 912 3112 967 id
3142 914 3234 966 est
3261 915 3569 981 peccatum

1910 1008 2153 1075 propter
2182 1004 2340 1074 quod
2370 1003 2729 1057 incurrimus
2766 1004 2924 1056 tanta
2961 1001 3132 1055 mala.
3172 999 3244 1054 Et
3272 1000 3325 1053 si
3356 1000 3573 1071 aliquis

1912 1096 2183 1147 nostrum
2214 1093 2540 1163 cognoscat
2567 1093 2832 1144 nostram
2862 1104 3125 1158 causam,
3157 1093 3214 1144 et
3241 1090 3572 1160 peccatum,

1912 1184 2152 1253 propter
2181 1181 2338 1251 quod
2368 1180 2726 1233 incurrimus
2753 1180 2910 1231 tanta
2940 1178 3110 1246 mala,
3149 1176 3349 1231 nullus
3379 1178 3575 1233 tamen

1914 1271 1973 1324 id
2002 1269 2187 1338 aperit
2209 1269 2477 1338 proximo
2499 1283 2631 1336 suo,
2647 1283 2755 1322 nec
2777 1266 3026 1336 ipsemet
3047 1265 3149 1336 qui
3180 1264 3493 1336 cognoscit
3512 1264 3575 1319 in

1916 1374 2085 1413 suam
2116 1357 2409 1411 convertit
2436 1356 2760 1424 utilitatem,
2786 1355 2893 1409 sed
2914 1370 3120 1408 omnes
3147 1352 3419 1424 jacemus
3437 1368 3574 1423 pro-

1917 1446 2106 1501 strati.
2124 1445 2193 1499 Et
2212 1445 2483 1499 videmus
2505 1444 2815 1499 manifeste
2832 1443 2988 1514 quod
3010 1443 3070 1497 in
3091 1442 3373 1512 praedicta
3393 1442 3577 1511 capti-

1916 1537 2093 1589 vitate
2123 1534 2495 1605 septuaginta
2518 1548 2807 1587 annorum
2827 1535 2951 1585 erat
2972 1531 3131 1586 Deus
3152 1546 3286 1585 cum
3305 1529 3576 1600 patribus

1915 1624 2139 1678 nostris
2163 1622 2215 1675 in
2240 1623 2565 1692 prophetis,
2588 1622 2646 1674 id
2678 1624 2788 1689 est,
2812 1619 3067 1675 Jeremia
3089 1621 3145 1674 et
3164 1618 3296 1673 aliis
3315 1616 3577 1688 prophe-

1916 1712 2015 1775 tis,
2041 1714 2096 1766 et
2118 1711 2277 1765 dedit
2297 1711 2385 1764 eis
2417 1709 2694 1764 Salathiel
2717 1709 2947 1777 ducem,
2969 1712 3024 1762 et
3044 1708 3366 1777 principes,
3388 1709 3445 1761 et
3474 1721 3577 1760 sa-

1920 1801 2354 1868 cerdotes,cum
2367 1800 2584 1869 quibus
2602 1798 2911 1852 exiverunt
2927 1797 2997 1851 de
3018 1796 3580 1866 Babylone,peracta

167 1890 259 1944 etis
275 1888 468 1943 verbis
489 1890 552 1941 et
573 1886 705 1939 aliis
728 1883 878 1938 locis
899 1881 1037 1935 libri
1054 1879 1327 1951 ejusdem
1347 1871 1806 1947 prophetae,jam

1996 1889 2598 1957 anitentia,et,placato
2616 1878 3207 1953 Deo,aediticaverunt
3222 1882 3577 1951 Jerusalem,

166 1978 490 2046 completum
526 1977 621 2029 est
649 1974 781 2028 ante
812 1972 969 2026 illam
1009 1968 1404 2039 captivitatem
1435 1961 1808 2033 septuaginta

166 2080 443 2120 annorum.
466 2063 549 2118 Ut
580 2077 787 2117 omnes
808 2058 1243 2130 promissiones
1263 2053 1493 2108 Domini
1515 2049 1666 2105 tales
1689 2064 1806 2103 ma-

163 2155 305 2225 jores
333 2160 389 2209 et
416 2153 720 2219 minores,
762 2165 898 2221 quae
925 2148 986 2202 in
1016 2144 1278 2201 diversis
1315 2143 1462 2196 locis
1504 2153 1810 2195 sacrorum

165 2243 424 2297 librorum
454 2240 858 2305 continentur,
894 2235 1201 2305 completas
1231 2232 1470 2286 fuerunt
1500 2231 1811 2298 antequam

165 2333 486 2387 caderemus
526 2330 586 2383 in
616 2328 791 2382 istam
820 2325 1084 2379 ultimam
1107 2320 1500 2392 captivitatem
1531 2331 1664 2388 qum
1693 2330 1812 2368 non

165 2419 312 2474 habet
343 2420 545 2487 tinem,
568 2415 882 2486 modojam
904 2426 1113 2467 sumus
1137 2412 1197 2464 in
1222 2407 1539 2463 millesimo
1564 2420 1735 2470 anno,
1758 2404 1815 2457 et

165 2509 308 2575 ultra,
341 2524 450 2563 nec
482 2508 549 2560 in
579 2505 775 2576 aliquo
811 2503 961 2556 libro
995 2499 1413 2571 prophetarum
1445 2495 1578 2565 ejus
1610 2493 1814 2547 termi-

166 2614 281 2651 num
310 2597 799 2663 invenimus,nec
821 2591 940 2645 ulla
970 2589 1075 2643 Dei
1105 2586 1448 2658 promissio,
1468 2582 1571 2638 ubi
1591 2581 1713 2653 agit
1743 2581 1814 2635 de

166 2686 483 2740 liberatione
544 2686 601 2737 et
649 2680 1141 2753 congregatione,
1191 2674 1541 2745 intelligitur
1582 2671 1654 2724 de
1701 2669 1817 2723 ista

166 2774 471 2845 captivitate
506 2773 815 2842 perpetua,
851 2769 957 2822 sed
990 2767 1061 2820 de
1095 2764 1213 2819 illis
1244 2760 1728 2817 tribulationibus
1761 2760 1818 2811 et

166 2862 652 2933 dispersionibus,
674 2863 805 2912 ante
837 2857 1026 2910 dictos
1058 2852 1433 2924 septuaginta
1466 2863 1674 2917 annos,
1710 2860 1818 2901 nec

166 2956 346 3021 postea
369 2947 767 3023 congregatio
789 2947 860 3000 de
885 2944 1261 3013 dispersione
1285 2938 1583 3010 promissa
1603 2939 1695 2989 est
1716 2950 1817 2988 no-

168 3036 264 3095 bis.
284 3039 447 3095 Unde
480 3042 716 3109 oportet
735 3036 890 3107 quod
916 3036 1051 3104 post
1069 3032 1208 3085 illos
1232 3027 1601 3099 septuaginta
1631 3040 1819 3078 annos

170 3128 628 3183 cemmiserimus
668 3124 811 3178 illud
868 3123 1174 3193 peccatum
1229 3131 1538 3189 magnum,
1581 3115 1821 3183 propter

170 3218 301 3290 quod
332 3217 493 3273 Deus
526 3216 662 3271 sine
689 3213 939 3269 termino
971 3210 1131 3281 punit
1164 3222 1307 3275 nos;
1338 3207 1400 3259 in
1431 3218 1547 3275 quo
1577 3202 1819 3273 peccato
1851 3197 1903 3260 C

170 3323 353 3361 sumus
367 3310 423 3361 et
438 3299 1164 3368 mancmusomnes,alitcr
1182 3296 1340 3349 Deus
1355 3289 1821 3347 misericordiam

170 3412 316 3450 suam
345 3412 461 3450 non
484 3393 885 3449 continuisset
916 3391 973 3442 in
1003 3387 1177 3441 nobis
1203 3385 1290 3437 ira
1312 3388 1428 3436 tam
1448 3380 1647 3452 longa.
1671 3378 1822 3432 Nam

170 3486 415 3539 videmus
459 3500 574 3554 per
615 3480 953 3550 Scripturas
990 3475 1149 3548 quod
1190 3473 1384 3527 omnia
1416 3471 1658 3541 peccata
1689 3480 1821 3536 qua)

172 3573 579 3628 commiserunt
621 3573 818 3641 patres
846 3564 1037 3621 nostri
1083 3564 1214 3618 ante
1238 3557 1609 3630 septuaginta
1635 3569 1823 3608 annos

169 3663 444 3733 praedictae
477 3657 838 3731 captivitatis
878 3654 1079 3726 punita
1131 3652 1387 3717 fuerunt,
1417 3651 1474 3702 et
1511 3646 1582 3700 de
1621 3642 1823 3697 multis

172 3744 415 3822 exempla
463 3751 602 3804 hac
659 3738 846 3817 pauca
890 3740 1125 3797 induco.
1175 3736 1581 3793 Peccaverunt
1623 3733 1823 3802 patres

171 3839 360 3909 nostri,
393 3841 533 3893 ante
567 3836 706 3891 illos
737 3831 1110 3903 septuaginta
1141 3842 1350 3894 annos,
1375 3824 1477 3897 qui
1515 3819 1827 3876 exiverunt

172 3928 232 3982 de
260 3928 523 4000 Egypto
543 3945 559 3993 ;
596 3928 654 3980 et
683 3921 1033 3994 promissio,
1073 3918 1161 3971 eis
1192 3915 1374 3983 facta,
1418 3913 1477 3966 in
1514 3910 1602 3965 eis
1630 3909 1826 3962 locum

172 4032 268 4072 non
301 3994 534 4086 habuit,
563 4014 671 4068 sed
705 4014 763 4065 in
795 4008 1055 4081 peccatis
1088 4005 1216 4061 suis
1249 4006 1309 4057 in
1344 4002 1581 4056 deserto
1612 3994 1828 4051 mortui

173 4110 293 4161 sunt
323 4106 467 4175 (Jos.
503 4108 589 4173 v).
628 4098 906 4156 Peccavit
936 4097 1090 4155 enim
1133 4095 1334 4148 Moses
1363 4091 1435 4145 ad
1467 4102 1651 4158 aquas
1684 4098 1828 4138 con-

173 4194 559 4263 tradictionis,
614 4195 669 4245 et
715 4191 936 4243 terram
994 4181 1411 4256 promissionis
1457 4193 1576 4233 non
1619 4172 1832 4228 meruit

173 4283 347 4351 (Deut.
382 4284 598 4351 χχχιι).
632 4277 906 4334 Peccavit
941 4277 1066 4344 ipse
1091 4274 1308 4339 Aaron,
1343 4274 1398 4323 et
1426 4265 1679 4337 portavit
1706 4278 1829 4333 pee-

176 4388 291 4426 nam
320 4372 523 4443 (Nam.
555 4369 684 4437 xx).
717 4367 851 4421 Heli
887 4363 1172 4419 sacerdos
1203 4357 1499 4431 peccavit,
1543 4357 1600 4409 et
1640 4352 1830 4421 ruptis

176 4439 497 4516 cervicibus
529 4456 858 4528 exspiravit
877 4453 945 4522 (Ι.
970 4450 1237 4525 Reg.1v),
1264 4452 1318 4503 et
1348 4444 1665 4517 posteritas
1696 4439 1829 4511 ejus

179 4550 496 4604 sacerdotio
528 4546 761 4619 privata
792 4546 914 4611 est,
958 4545 1012 4595 et
1055 4543 1249 4593 tamen
1290 4537 1447 4590 Deus
1479 4529 1832 4603 promiserat

179 4618 564 4693 sacerdotium
597 4636 655 4690 in
688 4636 993 4687 aeternum.
1019 4629 1133 4683 Sed
1161 4623 1506 4697 hujusmodi
1538 4618 1834 4690 promissa

182 4726 578 4798 intelliguntur
607 4738 864 4793 semper,
881 4720 998 4774 nisi
1020 4720 1259 4788 propter
1288 4716 1529 4785 peccata
1560 4726 1675 4763 non
1706 4721 1834 4760 me-

182 4794 404 4870 rcantur
432 4815 742 4883 accipere,
784 4813 847 4864 ut
883 4810 1041 4879 patet
1082 4807 1140 4859 in
1192 4819 1377 4874 regno
1420 4798 1635 4867 David,
1678 4794 1836 4866 quod

185 4905 420 4958 carnalis
436 4902 765 4974 posteritas
779 4897 913 4969 ejus
926 4896 1015 4969 pri
1025 4897 1151 4948 vate
1167 4896 1256 4947 est
1272 4886 1651 4962 regno.Sicut
1664 4885 1836 4939 etiam

188 4993 327 5047 Deus
348 5009 539 5048 verus
564 4994 621 5045 et
641 4988 948 5062 gloriosus
977 4983 1247 5056 promisit
1266 4978 1524 5035 Abrahae
1548 4977 1604 5030 et
1626 4970 1836 5028 semini

189 5096 283 5136 suo
313 5085 539 5136 terram
570 5060 729 5134 illam
763 5077 823 5130 in
855 5079 1137 5130 aeternum
1166 5066 1608 5141 possidendam,
1638 5064 1694 5116 et
1724 5060 1838 5115 fre-

1920 1982 1976 2031 et
2004 1977 2302 2047 templum,
2323 1979 2381 2030 et
2400 1976 2546 2029 alias
2579 1975 2874 2044 civitates,
2893 1976 2951 2027 et
2975 1971 3179 2027 etfudit
3208 1971 3368 2027 Deus
3398 1983 3583 2038 super

1917 2066 2055 2120 illos
2086 2065 2531 2118 misericordias
2563 2079 2709 2117 suas
2740 2063 3003 2131 cepiose.
3048 2060 3119 2114 Et
3152 2062 3348 2113 tamen
3378 2059 3439 2113 in
3466 2057 3584 2111 ista

1918 2154 2250 2224 captivitate
2272 2151 2470 2206 nullus
2491 2152 2778 2222 propheta
2805 2149 3118 2204 nobiscum
3140 2150 3250 2217 est,
3266 2161 3376 2201 nec
3397 2145 3580 2216 Dens,

1918 2243 1980 2294 ut
1999 2242 2259 2309 apparet.
2292 2238 2497 2310 Igitur,
2518 2237 2772 2304 domine,
2790 2235 3081 2306 inquiram
3104 2238 3159 2288 et
3181 2249 3299 2286 non
3327 2231 3582 2287 cessabo

1918 2342 2189 2399 quaerere
2212 2324 2369 2396 quod
2390 2326 2696 2394 peccatum
2717 2322 2776 2375 id
2798 2325 2889 2375 est
2904 2323 3146 2389 tantum,
3161 2319 3404 2390 propter
3422 2317 3584 2388 quod

1920 2431 2128 2471 sumus
2160 2414 2218 2466 in
2249 2414 2358 2466 hac
2400 2411 2732 2481 captivitate
2762 2410 2919 2464 mille
2951 2409 3139 2471 annis,
3180 2410 3237 2461 et
3265 2406 3435 2475 ultra,
3467 2420 3582 2460 nec

1918 2504 2207 2559 habemus
2236 2501 2582 2571 prophetam
2602 2540 2616 2569 ,
2649 2514 2759 2552 nec
2804 2513 3039 2569 regem,
3070 2511 3180 2550 nec
3211 2494 3583 2549 sacerdotem

1921 2608 2030 2647 nec
2060 2592 2275 2659 altare,
2319 2604 2428 2643 nec
2477 2586 2870 2655 sacriﬁcium,
2912 2600 3021 2640 nec
3070 2584 3440 2652 unctionem,
3470 2595 3583 2636 nec

1925 2681 2250 2745 incensum,
2277 2691 2387 2731 nec
2415 2674 2900 2746 puriﬁcationem,
2921 2672 3037 2727 imo
3069 2671 3205 2726 facti
3237 2676 3448 2725 Sumus
3478 2668 3582 2724 ab-

1922 2767 2268 2824 ominabiles
2291 2765 2397 2819 toti
2417 2763 2655 2837 mundo,
2673 2764 2830 2817 sicut
2851 2762 2995 2831 Deo,
3010 2763 3066 2816 et
3087 2756 3580 2828 contemptibiles;

1922 2856 1981 2910 in
2012 2857 2141 2911 solo
2178 2854 2355 2909 corde
2387 2854 2607 2907 tantum
2638 2854 2842 2905 nostro
2873 2852 3083 2921 regnat
3111 2846 3410 2918 superbia,
3445 2844 3584 2917 quia

1923 2961 2034 3000 nos
2067 2946 2195 3015 ipsa
2226 2942 2599 3013 praeferimus
2621 2941 2721 2994 toti
2746 2937 3070 2994 mundo.Et
3090 2937 3248 3008 quod
3269 2949 3452 3005 super
3467 2932 3583 2988 hoc

1926 3034 2114 3088 sentio
2144 3031 2392 3102 pandam
2422 3030 2557 3097 tibi,
2591 3028 2845 3083 domine.
2882 3028 3006 3081 Nec
3038 3025 3261 3094 minus,
3297 3020 3583 3093 quidquid

1927 3122 2139 3191 evenit,
2173 3134 2283 3173 nos
2316 3117 2420 3171 Dei
2451 3132 2680 3171 sumus.

2563 3210 2814 3268 CAPUT
2854 3208 2952 3262 VI.

1932 3307 2095 3373 Quod
2122 3306 2203 3361 sit
2232 3303 2381 3360 illud
2416 3306 2720 3374 peccatum
2755 3302 3005 3374 propter
3043 3292 3193 3367 quod
3227 3289 3421 3348 Judaei
3444 3293 3586 3345 sunt

2458 3374 2520 3427 in
2551 3372 2660 3426 hac
2681 3368 3048 3441 captivitate.

1996 3465 2168 3520 Nunc
2211 3478 2387 3535 ergo,
2439 3460 2703 3527 domine,
2737 3471 2922 3528 paveo
2971 3452 3130 3525 quod
3176 3451 3236 3505 id
3278 3449 3588 3520 peccatum

1925 3560 2165 3625 prepter
2194 3552 2350 3624 quod
2383 3566 2591 3605 sumus
2631 3548 2691 3601 in
2737 3547 2848 3600 hac
2879 3541 3265 3607 desolatione,
3301 3541 3358 3593 et
3386 3536 3446 3592 in
3474 3536 3588 3591 hac

1926 3643 2259 3713 captivitate
2291 3641 2424 3708 ista,
2450 3638 2527 3693 sit
2548 3636 2690 3691 illud
2718 3636 3024 3706 peccatum
3048 3644 3228 3699 super
3244 3625 3404 3699 quod
3432 3625 3591 3681 locu-

1924 3735 2022 3786 tus
2055 3734 2145 3785 est
2186 3730 2347 3784 Deus
2386 3743 2492 3798 per
2529 3724 2876 3796 prophetam
2906 3721 3090 3774 Amos
3121 3732 3257 3772 cum
3286 3713 3427 3770 dicit
3455 3713 3584 3768 sic:

1931 3842 1955 3872 ι
1976 3820 2166 3890 Super
2192 3819 2389 3873 tribus
2421 3813 2760 3870 sceleribus
2778 3810 2928 3866 Juda
2949 3807 3289 3866 convertam
3306 3802 3415 3858 vel
3431 3804 3591 3858 tran-

1929 3909 2148 3965 sferam
2178 3905 2391 3973 Israel,
2435 3908 2491 3958 et
2525 3917 2711 3973 super
2748 3902 2955 3972 quarto
2987 3912 3106 3952 non
3135 3893 3492 3950 transferam
3510 3890 3590 3962 (3)

1931 4015 2073 4066 eos,
2134 3995 2414 4068 quoniam
2461 3989 2855 4046 vendiderunt
2894 3987 3126 4058 justum
3179 3998 3286 4054 pro
3342 3981 3592 4052 argento

1932 4067 2158 4155 (Amos,
2189 4084 2272 4153 ιι).
2302 4102 2324 4131 »
2359 4081 2431 4136 Et
2458 4094 2591 4149 nos,
2622 4078 2856 4133 domine
2886 4075 2988 4143 mi,
3021 4069 3349 4128 secundum
3376 4067 3595 4124 doctri-

1932 4190 2067 4228 nam
2096 4174 2360 4226 nostram
2391 4168 2645 4222 dicimus
2669 4165 2826 4236 quod
2856 4164 2969 4216 iste
2989 4161 3198 4231 justus
3230 4158 3338 4212 fuit
3366 4156 3594 4227 Joseph

1935 4261 2092 4316 filius
2124 4258 2338 4323 Jacob,
2382 4257 2481 4326 qui
2520 4254 2625 4309 fuit
2667 4252 2943 4307 venditus
2974 4264 3006 4303 a
3037 4247 3319 4301 fratribus
3360 4244 3491 4299 suis
3536 4244 3598 4298 in

1937 4350 2220 4422 AEgypto,
2237 4349 2295 4401 et
2309 4345 2420 4399 hoc
2434 4348 2695 4398 tenerem
2707 4355 2842 4412 ego,
2857 4338 2972 4392 nisi
2992 4336 3126 4408 quia
3148 4349 3342 4388 sermo
3357 4330 3596 4386 divinus

1939 4439 2101 4510 ponit
2116 4435 2275 4490 istud
2292 4435 2595 4505 peccatum
2610 4427 2964 4484 venditionis
2982 4427 3258 4496 quartum
3274 4422 3332 4475 in
3349 4432 3599 4476 numero

1940 4507 2317 4598 peccatorum
2334 4538 2443 4577 seu
2465 4520 2759 4575 scelerum
2778 4514 2983 4571 Israel.
3001 4513 3121 4585 Ipsi
3138 4512 3311 4567 etiam
3322 4507 3604 4564 Christia-

1943 4617 1999 4670 ni
2023 4614 2238 4685 quibus
2263 4612 2604 4666 sanctorum
2622 4607 2910 4661 librorum
2931 4602 3190 4659 studium
3209 4599 3446 4653 videtur
3461 4610 3602 4651 esse

1940 4684 2213 4758 traditum
2236 4717 2266 4755 a
2290 4701 2412 4754 Deo
2434 4696 2798 4768 respondent
2826 4691 3112 4748 doctrinae
3146 4690 3366 4743 nostrae
3387 4684 3602 4756 pradi-

1943 4796 2081 4861 ctae,
2117 4794 2173 4845 et
2204 4790 2405 4843 dicunt
2435 4785 2590 4858 quod
2624 4786 2875 4855 primum
2904 4784 2962 4834 in
2992 4782 3242 4852 quatuor
3270 4772 3604 4830 sceleribus

1942 4881 2127 4935 Israel
2148 4884 2238 4934 est
2252 4876 2508 4933 venditio
2527 4870 2751 4944 Joseph
2773 4889 2807 4926 a
2828 4870 3111 4925 fratribus
3133 4866 3283 4922 suis.
3300 4864 3371 4919 Et
3392 4877 3607 4919 secun-

1944 4970 2081 5024 dum
2110 4970 2417 5040 peccatum
2451 4966 2581 5019 sive
2613 4963 2834 5030 scelus,
2867 4957 3178 5029 assignant
3207 4953 3608 5009 adorationem

1944 5057 2108 5113 vituli
2139 5056 2195 5110 in
2231 5055 2453 5109 Hereb.
2486 5051 2558 5106 Et
2586 5050 2821 5106 tertium
2852 5047 3052 5102 scelus
3080 5043 3442 5100 occisionem
3469 5055 3612 5112 pro-

188 5129 424 5239 (illam;
441 5129 837 5242 perdi—derunt
884 5129 1013 5217 eam
1053 5129 1294 5230 propter
1337 5155 1577 5226 peccata
1596 5129 1602 5132 ⁷
1622 5165 1750 5218 sua,
1785 5150 1840 5202 et
1947 5147 2275 5218 phetarum,
2296 5146 2538 5213 propter
2558 5139 2716 5210 quod
2738 5138 2957 5191 fuimus
2983 5132 3256 5204 captivati
3285 5131 3345 5186 in
3366 5129 3613 5200 Babylo-

190 5222 518 5332 frcquenter
547 5242 803 5313 restituit
826 5253 943 5309 illis
966 5222 1253 5305 Dominus
1274 5222 1464 5316 usque
1486 5240 1557 5296 ad
1580 5239 1841 5294 ultimam
1948 5234 2044 5289 nia
2074 5231 2448 5303 septuaginta
2465 5227 2657 5282 annis.
2674 5226 2745 5279 Et
2767 5224 2967 5279 dicunt
2996 5222 3153 5293 quod
3183 5224 3456 5292 quartum
3478 5231 3609 5273 sce-

1701 5328 1710 5332 -
1828 5328 1836 5332 .
1949 5325 1964 5332 -
2065 5324 2087 5332 -
2232 5321 2245 5332 .
2279 5320 2300 5332 .
2342 5320 2374 5332 ..
2688 5313 2699 5325 .
2871 5312 3094 5332 “mu,
3125 5310 3256 5332 ,____
3305 5306 3583 5332 ,ηεμιει

192 5306 532 5421 viceni—qua
547 5306 985 5417 vperdiderunt.
1038 5337 1167 5392 Jam
1215 5337 1353 5391 sunt
1368 5306 1549 5387 -mille
1577 5328 1714 5383 anni
1738 5345 1753 5393 ;
1788 5328 1844 5381 et
1949 5325 2044 5378 lus
2065 5321 2250 5378 Israel
2276 5320 2381 5373 fuit
2400 5315 2658 5371 venditio
2676 5313 2846 5385 justi,
2867 5312 3095 5368 scilicet
3115 5310 3281 5380 Jesu,
3301 5307 3402 5381 qui
3425 5306 3498 5363 ad
3518 5306 3614 5362 lit-

1793 5415 1803 5421 .
1956 5415 1963 5421 .
2153 5409 2177 5421 -
2218 5409 2249 5421 ..
2588 5394 3609 5421 7_-..,____i:m-.g-______..i-_.

195 5435 356 5502 ultra,
389 5394 452 5491 et;
480 5394 609 5509 jac:
640 5449 758 5488 non
787 5432 879 5485 est
909 5444 1049 5503 spes
1079 5422 1470 5496 recuperandi
1517 5434 1671 5481 eam,
1707 5415 1844 5495 quia
1951 5415 2134 5466 teram
2149 5394 3614 5474 fuitvcnditus,posttransmigrationemprmfatam

1823 5502 1837 5509 -
2066 5503 2074 5509 .
2211 5498 2220 5509 .
2273 5499 2282 5509 .
2600 5508 2603 5509 ,
2702 5490 2769 5509 nn
2808 5490 2851 5509 ξε
2888 5506 2916 5509 _.
2937 5506 2987 5509 _-
3060 5489 3280 5509 j‘.._:_.-
3337 5486 3612 5509 --λιφε-ιι..-

196 5486 724 5581 manemus'omnes
774 5519 833 5575 in
879 5486 1083 5574 eodem
1111 5486 1382 5587 peccato,
1418 5511 1655 5581 propter
1686 5486 1843 5576 quod
1953 5498 2325 5571 septuaginta
2355 5508 2660 5549 annorum.
2702 5490 2773 5545 Et
2804 5490 2855 5544 si
2887 5506 3017 5559 nos,
3050 5489 3303 5557 domine,
3337 5486 3613 5541 volumus

256 5734 330 5803 (3)
356 5734 444 5789 Ibi
472 5734 536 5788 in
566 5729 753 5786 Biblia
784 5728 985 5783 nostra
1015 5725 1109 5779 est
1138 5722 1501 5783 convertam,
1533 5714 1630 5769 hic
1660 5711 1839 5768 habet
1869 5704 2252 5773 transferam,
2287 5705 2343 5759 et
2374 5703 2468 5758 est
2496 5701 2568 5756 ad
2598 5700 2969 5771 propositum
2998 5697 3133 5770 ejus
3167 5695 3382 5766 magis.
