4086 6180
404 365 521 431 843

1582 370 2020 432 'SAMUELIS
2082 367 2637 431 MAROCH-IANI

3712 368 3841 432 344

404 568 606 620 tenere
634 565 941 636 praefatam
966 567 1291 621 doctrinam
1322 571 1678 637 nostram,et
1700 569 2058 638 respondere
2087 549 2145 609 Α
2175 581 2308 621 mus
2333 581 2345 621 :
2378 566 2441 620 In
2472 565 2677 620 umbra
2708 570 2803 619 tua
2834 565 3104 620 vivemus
3144 566 3295 620 inter
3338 569 3549 637 gentes
3578 563 3833 634 (Thr-cn.

404 652 776 724 Christianis,
797 658 1026 725 oportet
1046 655 1202 726 quod
1236 672 1346 709 nos
1376 657 1757 727 assignemus
1788 658 1845 710 in
1876 657 2058 711 Israel

404 747 536 797 ante
556 743 948 797 venditionem
972 744 1196 813 Joseph
1216 744 1375 797 varia
1395 746 1619 798 scelera
1639 744 2057 814 praecessisse,

404 833 468 885 ut
487 831 617 899 ipsa
632 831 890 884 venditio
911 832 1137 901 Joseph
1168 832 1244 885 sit
1265 836 1535 903 quartum
1557 834 1779 887 scelus.
1799 832 1916 887 Sed
1935 834 2062 888 hac

405 934 521 972 non
564 920 891 987 poterimus
936 920 1261 986 sustinere,
1307 921 1441 991 quia
1487 922 1888 975 testimonium
1928 921 2062 975 libri

406 1005 656 1060 Genesis
670 1010 761 1061 est
774 1012 975 1062 contra
995 1009 1233 1078 nos,qui
1250 1009 1645 1062 venditionem
1660 1010 1882 1078 Joseph
1902 1010 2063 1079 ponit

401 1093 655 1163 primum
686 1095 886 1149 scelus
918 1096 1172 1149 ﬁliorum
1220 1097 1425 1150 Israel.
1462 1097 1529 1151 Et
1562 1098 1844 1166 propheta
1878 1100 2061 1152 Amos

402 1181 566 1251 ponit
593 1197 881 1252 expresse
913 1186 1183 1253 quartum
1226 1184 1427 1238 scelus
1456 1186 1852 1240 venditionem
1879 1185 2057 1257 justi,

401 1272 640 1339 propter
661 1270 817 1340 quod
852 1270 1067 1324 fuimus
1102 1272 1159 1324 in
1191 1273 1543 1340 captivitate,
1567 1273 1637 1327 de
1660 1289 1772 1343 qua
1804 1274 2063 1345 loquitur

402 1356 583 1425 Deus,
617 1358 981 1411 comminans
1014 1360 1169 1428 quod
1219 1376 1334 1413 non
1375 1361 1618 1415 reducet
1666 1379 1775 1416 nos
1824 1364 1973 1417 ultra
2005 1364 2061 1416 in

400 1448 615 1499 terram
644 1446 1082 1516 promissionis,
1105 1463 1236 1501 cum
1267 1448 1438 1503 dicit:
1480 1472 1501 1495 α
1537 1450 1605 1503 Et
1638 1466 1821 1520 super
1854 1456 2059 1521 quarto

398 1548 515 1587 non
547 1533 901 1588 transferam
932 1551 1055 1605 eos,
1100 1538 1376 1607 quoniam
1413 1539 1808 1593 vendiderunt
1830 1539 2059 1610 justum

398 1635 505 1691 pro
524 1625 771 1693 argento
802 1623 1007 1685 (Amos
1035 1624 1117 1694 ιι).
1146 1646 1167 1672 υ
1202 1624 1268 1678 Et
1302 1626 1611 1680 manifeste
1643 1632 1885 1695 apparet
1919 1629 2056 1682 mihi

399 1709 555 1779 quod
572 1725 702 1780 nos,
721 1726 901 1779 super
916 1712 1012 1765 illo
1032 1718 1271 1782 peccato
1287 1730 1418 1783 qua.
1438 1721 1491 1768 tu
1521 1715 1867 1769 venditionis
1884 1716 2053 1787 justi,

2172 656 2273 723 ιν).
2311 674 2334 704 ι
2374 654 2576 709 Timeo
2623 653 2826 721 etiam,
2873 653 3105 708 domine
3142 654 3249 720 mi,
3286 653 3441 724 quod
3486 653 3599 707 iste
3629 654 3706 708 sit
3733 652 3835 707 ille

2162 740 2368 812 justus
2391 742 2464 797 de
2481 757 2597 812 quo
2619 741 2767 796 dixit
2786 742 2947 797 Deus
2969 757 3075 812 per
3095 758 3164 797 os
3186 742 3485 796 Zachariae
3507 740 3829 811 prophetae:

2174 851 2195 878 α
2234 830 2473 884 Dicetur
2500 831 2654 883 enim
2687 831 2744 883 in
2775 830 2871 883 illa
2897 830 3024 885 die:
3050 829 3192 895 Quae
3223 832 3362 884 sunt
3389 831 3519 884 istae
3549 830 3739 901 plagae
3771 830 3834 883 in

2168 917 2378 987 palmis
2411 918 2549 972 tuis.
2574 917 2645 971 Et
2675 917 3095 988 respondebit:
3122 918 3403 989 Plagatus
3434 918 3516 971 fui
3546 918 3607 971 in
3638 917 3832 971 medio

2169 1004 2379 1059 domus
2410 1021 2557 1059 meae
2587 1005 2746 1059 inter
2764 1006 2899 1060 illos
2923 1006 3024 1077 qui
3043 1006 3378 1060 dilexerunt
3409 1021 3518 1075 me,
3538 1010 3595 1060 et
3617 1005 3837 1060 levavit

2169 1108 2373 1147 ensem
2405 1097 2612 1163 pastor
2640 1109 2809 1148 meus
2839 1109 3022 1162 supra
3051 1109 3144 1148 me
3175 1093 3379 1162 (Zacb.
3413 1094 3561 1162 xm).
3588 1116 3610 1140 η
3641 1093 3830 1147 Idem:

2173 1202 2196 1228 α
2231 1182 2537 1251 Aspicient
2567 1182 2639 1235 ad
2664 1197 2758 1236 me
2785 1182 2879 1236 die
2910 1181 3029 1251 illa,
3049 1184 3105 1237 et
3128 1182 3290 1235 illum
3316 1197 3489 1252 quem
3522 1182 3835 1236 transﬁxo-

2170 1274 2321 1337 runt,
2355 1275 2411 1324 et
2440 1269 2722 1342 plangent
2753 1286 2937 1340 super
2967 1270 3132 1324 illum
3163 1271 3333 1341 quasi
3367 1271 3666 1340 planctum
3696 1271 3837 1324 uni-

2170 1357 2348 1428 geniti
2381 1358 2586 1429 (Zacli.
2620 1362 2744 1427 xu).
2775 1382 2797 1405 ιι
2829 1359 3030 1412 Timeo
3060 1359 3254 1424 etiam,
3288 1359 3522 1414 domine
3550 1359 3649 1427 mi,
3672 1357 3834 1429 quod

2169 1446 2281 1499 iste
2315 1445 2421 1499 fuit
2444 1446 2649 1516 justus
2683 1446 2780 1500 ille
2805 1446 2877 1500 de
2899 1462 3015 1516 quo
3045 1445 3187 1500 dicit
3218 1446 3525 1512 Habacuc;
3550 1469 3572 1495 κ
3598 1445 3835 1501 Cornua

2170 1534 2228 1586 in
2249 1533 2520 1588 manibus
2535 1533 2589 1605 ej
2599 1534 2778 1601 us,ibi
2798 1534 3142 1589 abscondita
3155 1537 3248 1589 est
3263 1534 3539 1590 fortitudo
3553 1534 3831 1606 ejus,etc.

2170 1620 2414 1692 (Hebae.
2449 1623 2553 1691 ut).
2600 1645 2623 1669 »
2674 1622 2743 1676 Et
2773 1623 3091 1678 concordat
3120 1622 3508 1695 Evangelium
3535 1622 3835 1677 Christia-

2171 1726 2402 1779 norum,
2438 1711 2538 1765 ubi
2569 1715 2841 1765 narratur
2870 1726 3032 1766 mors
3061 1711 3230 1780 Jesu,
3255 1714 3312 1766 et
3340 1712 3590 1766 dicitur:
3627 1734 3649 1758 ιι
3683 1710 3832 1766 Cum

393 1796 557 1868 justo
579 1813 789 1853 sumus
819 1801 1034 1869 puniti;
1056 1800 1183 1871 jam
1208 1805 1344 1856 sunt
1367 1802 1522 1856 mille
1554 1805 1783 1873 anni,et
1805 1806 1977 1874 ultra,
1998 1808 2054 1860 in
2091 1812 2139 1873 Β
2170 1802 2365 1853 autem
2397 1799 2705 1853 venissent
2735 1800 2807 1853 ad
2836 1800 3077 1869 Jesum,
3120 1800 3470 1854 invenerunt
3502 1814 3635 1854 eum
3668 1814 3833 1854 mor-

398 1900 515 1956 quo
546 1889 806 1955 tempore
836 1888 916 1940 nil
946 1888 1288 1956 proficimus
1335 1890 1488 1945 inter
1533 1895 1772 1963 gentes,
1825 1908 1934 1948 nec
1965 1898 2057 1949 est

398 1987 540 2044 spes
571 1974 913 2044 proficiendi
945 1977 1214 2046 amplius.

1022 2091 1274 2149 CAPUT
1313 2095 1438 2149 VII.

437 2182 599 2248 Quod
615 2184 821 2257 justus
848 2185 1042 2256 Jesus,
1082 2188 1559 2315 Cbrésgianorum
1590 2192 1769 2263 Deus,
1799 2194 2022 2267 injuste

1085 2275 1194 2313 ven
1239 2278 1259 2313 ι
1293 2276 1380 2315 us.

1085 2275 1380 2315 venditus.

466 2357 835 2432 Expavesco,
861 2363 1095 2420 domine
1127 2366 1227 2436 mi,
1251 2370 1307 2421 et
1335 2367 1509 2423 timeo
1541 2370 1696 2439 quod
1730 2370 1842 2425 iste
1874 2372 2055 2427 Jesus
2082 2379 2091 2387 °

395 2462 570 2520 quem
600 2448 798 2504 colunt
822 2449 1143 2506 Christiani
1174 2455 1250 2508 sit
1282 2455 1379 2510 ille
1402 2456 1607 2526 justus
1643 2459 1920 2514 venditus
1951 2478 2057 2531 pro

395 2539 639 2607 argento
663 2539 989 2593 secundum
1014 2545 1194 2596 Amos
1217 2542 1581 2612 prophetam.
1604 2545 1672 2600 Et
1700 2547 1878 2603 timeo
1900 2548 2059 2619 quod

395 2623 466 2677 de
497 2623 631 2692 ipso
662 2628 801 2678 sunt
844 2626 973 2681 haec
1004 2644 1135 2698 quae
1168 2630 1310 2684 mihi
1360 2637 1679 2688 occurrunt
1723 2636 2058 2692 testimonia

394 2711 838 2782 prophetarum,
875 2717 931 2768 et
977 2715 1075 2770 illa
1125 2718 1328 2772 eadem
1363 2720 1423 2774 in
1454 2721 1718 2776 doctrina
1748 2738 1856 2777 sua
1888 2726 2056 2780 valde

394 2803 593 2868 aperte
623 2801 913 2871 applicant
942 2803 1278 2860 Christiani.
1338 2807 1521 2862 Isaias
1565 2811 1849 2881 propheta
1879 2812 2052 2867 dicit:

400 2908 422 2933 α
450 2887 553 2941 Vae
575 2889 738 2958 genti
769 2892 1105 2962 peccatrici,
1128 2893 1264 2946 filiis
1287 2895 1621 2966 sceleratis,
1642 2900 1915 2967 quoniam
1941 2901 2055 2971 ipsi

395 2974 825 3048 clongaverunt
840 2993 908 3031 se
930 2994 962 3031 a
985 2979 1124 3047 Deo,
1138 2981 1767 3052 etblasphemaverunt
1787 2992 2057 3043 sanctum

395 3063 530 3135 ejus
579 3068 636 3119 et
686 3066 944 3122 inclinati
975 3075 1111 3124 sunt
1143 3076 1466 3127 retrorsum
1514 3075 1678 3143 (Isai.
1723 3080 1782 3145 ι).
1838 3100 1860 3125 ι»
1914 3079 2053 3132 Item

394 3152 547 3206 idem
578 3154 860 3224 propheta
891 3157 1032 3212 dicit
1064 3176 1075 3212 :
1128 3179 1150 3210 ι
1203 3158 1384 3224 Quasi
1428 3162 1559 3216 ovis
1590 3164 1663 3218 ad
1695 3166 2052 3221 occisionem

394 3240 605 3296 ductus
635 3246 760 3312 est;
792 3245 895 3315 qui
923 3261 1041 3301 non
1072 3248 1299 3317 aperuit
1331 3266 1400 3304 os
1433 3267 1609 3305 suum
1638 3252 1805 3321 (Isai.
1840 3255 1980 3325 mu).
2028 3279 2049 3303 ιι

392 3327 535 3382 Item
566 3329 734 3385 dicit:
766 3354 789 3379 α
820 3332 923 3386 Vir
950 3334 1178 3391 habens
1208 3337 1470 3393 dolorem
1501 3342 1557 3394 et
1588 3340 1790 3395 sciens
1814 3343 2054 3396 inﬁrmi-

392 3417 568 3470 tatem
596 3418 797 3489 (ibid.)
830 3441 853 3470 ι
888 3421 1029 3476 Item
1068 3438 1080 3476 :
1126 3446 1148 3475 ι(
1183 3424 1317 3479 Fuit
1352 3427 1671 3497 despectus
1710 3433 1766 3485 et
1813 3436 2057 3500 prOpter

393 3502 507 3559 hoc
538 3520 655 3560 non
683 3511 1088 3577 reputavimus
1118 3528 1287 3581 eum;
1333 3514 1462 3582 ipse
1493 3516 1647 3569 enim
1679 3518 1911 3572 oblatus
1940 3522 2052 3589 est,

394 3593 531 3663 quia
551 3592 681 3663 ipse
702 3596 887 3651 voluit
908 3597 1129 3667 (ibid.).
1150 3623 1170 3646 »
1197 3600 1366 3655 Item:
1399 3624 1420 3649 α
1449 3602 1533 3656 De
1556 3606 1827 3675 angustia
1846 3605 2056 3677 judicii

393 3679 700 3750 depositus
749 3686 869 3752 est,
923 3688 1363 3756 generationem
1421 3689 1556 3760 ejus
1613 3693 1749 3763 quis
1792 3709 2054 3749 enarra-

393 3768 478 3822 bit
507 3768 746 3840 (ἰὺίᾱ.)⁶2
779 3794 802 3819 ιι
838 3771 980 3828 Item
1019 3789 1031 3828 :
1088 3798 1109 3823 α
1154 3777 1402 3853 Propter
1433 3780 1663 3849 culpam
1702 3782 1901 3851 populi
1940 3783 2055 3837 mei

390 3856 661 3912 transﬁxi
688 3874 850 3928 eum,
884 3865 941 3916 et
988 3862 1148 3918 dabit
1194 3865 1579 3936 injuriatores
1610 3885 1716 3938 pro
1749 3870 2053 3940 sepultura

396 3948 453 4000 et
475 3945 690 4002 divites
720 3965 827 4016 pro
858 3954 1043 4006 morte
1074 3969 1184 4008 sua
1205 3953 1425 4023 (ibid.).
1454 3978 1475 4003 ιι
1502 3955 1572 4010 Et
1602 3957 1796 4025 timeo,
1820 3959 2053 4016 domine

391 4033 491 4104 mi,
514 4036 672 4107 quod
698 4036 1084 4108 injuriatores
1116 4042 1352 4097 fuerunt
1384 4046 1579 4112 patres
1601 4047 1789 4100 nostri
1823 4051 1879 4102 et
1908 4047 2053 4102 divi-

393 4121 506 4191 tes,
533 4123 785 4195 Pilatus,
810 4129 865 4180 et
896 4128 1186 4199 Herodes,
1211 4134 1268 4185 et
1288 4133 1455 4186 Anna
1478 4132 1750 4203 Caiphae,
1779 4135 1933 4191 sicut
1962 4137 2054 4192 di-

396 4210 474 4264 cit
500 4212 788 4283 propheta
818 4216 1031 4271 David:
1062 4239 1082 4263 u
1111 4218 1625 4276 Consurrexerunt
1644 4237 1849 4277 omnes
1880 4240 2054 4296 reges

393 4301 570 4354 terrae
605 4303 663 4354 et
704 4302 986 4374 majores,
1022 4310 1079 4359 et
1109 4310 1314 4361 contra
1344 4307 1529 4362 Deum
1558 4312 1615 4364 et
1645 4314 1846 4365 contra
1877 4313 2053 4367 Chri-

395 4390 552 4451 stum
582 4388 716 4461 ejus
738 4391 925 4460 (Psal.
951 4395 1033 4462 ιι).
1063 4415 1086 4444 ι
1117 4396 1318 4467 Reges
1347 4397 1575 4452 scilicet
1603 4400 1899 4470 praedicti;
1933 4416 2049 4455 ma-

2170 1889 2419 1954 tuum,et
2435 1886 2593 1941 misit
2611 1902 2767 1942 unus
2786 1903 2858 1941 ex
2877 1888 2967 1942 eis
2987 1889 3250 1942 lanceam
3274 1887 3836 1958 suam,ettransﬁxit

2167 1973 2407 2042 (Matth.
2422 1977 2627 2037 xxvu).
2639 1976 3127 2045 nPaveo,domine
3140 1977 3404 2047 mi,quod
3416 1977 3528 2031 iste
3541 1975 3832 2047 sitjustus

2168 2062 2239 2117 de
2269 2079 2385 2135 quo
2417 2064 2558 2118 dicit
2580 2063 2890 2119 Habacuc:
2922 2088 2944 2111 ιο
2972 2064 3275 2137 Egressus
3304 2081 3391 2134 es,
3419 2065 3685 2134 Domine,
3702 2064 3831 2119 sal-

2167 2166 2307 2205 vare
2336 2152 2617 2222 populum
2645 2155 2811 2208 tuum
2839 2169 2975 2208 cum
3001 2140 3234 2209 COristo
3264 2156 3363 2208 tuo
3393 2153 3636 2224 (Hebae.
3670 2154 3774 2223 ιη).
3802 2176 3825 2201 ι·

2769 2265 3022 2321 CAPUT
3075 2265 3229 2323 VIII.

2170 2371 2461 2437 Quomodo
2476 2378 2609 2445 post
2631 2373 2984 2445 occisionem
3000 2372 3157 2445 facta
3177 2380 3270 2445 est
3289 2373 3588 2445 dispersio
3605 2372 3833 2428 Judaeo-

2584 2459 2715 2497 rum
2745 2443 3063 2498 secundum
3092 2443 3422 2500 Danieleni.

2236 2548 2607 2620 Expavesco,
2633 2549 2865 2605 domine
2896 2549 2996 2621 mi,
3023 2564 3202 2620 super
3235 2550 3332 2604 his
3358 2567 3370 2604 :
3403 2549 3548 2614 Quis
3579 2548 3689 2603 fuit
3715 2548 3833 2603 iste

2159 2636 2365 2707 justus
2395 2638 2524 2692 sine
2555 2641 2826 2707 peccato,
2878 2639 2951 2693 de
2997 2654 3115 2709 quo
3164 2638 3425 2709 loquitur
3456 2638 3644 2693 Isaias
3671 2653 3832 2707 pro-

2163 2724 2366 2795 pheta;
2402 2727 2457 2781 et
2486 2726 2621 2797 quis
2653 2726 2730 2779 sit
2760 2726 2856 2780 ille
2884 2725 3089 2796 justus
3118 2727 3391 2782 venditus
3421 2742 3528 2796 pro
3559 2730 3828 2798 argento,

2162 2817 2404 2882 propter
2433 2813 2590 2883 quod
2623 2813 2763 2867 dicit
2793 2814 3069 2869 dominus
3107 2829 3213 2885 per
3242 2815 3425 2869 Amos
3457 2813 3829 2884 prophetam,

2165 2900 2263 2954 ubi
2295 2917 2497 2971 supra,
2529 2902 2685 2974 quod
2716 2902 2774 2956 in
2807 2902 3205 2957 testimonium
3246 2904 3394 2972 parti
3427 2902 3676 2957 sceleris
3706 2918 3830 2955 non

2162 2990 2479 3045 transferet
2516 3005 2620 3044 eos
2651 2991 2709 3045 in
2740 2995 2957 3045 terram
2985 2991 3404 3061 promissionis
3441 2991 3824 3061 amplius.Vi-

2163 3077 2335 3133 detur
2362 3079 2556 3149 etiam,
2583 3078 2816 3134 domine
2849 3080 2945 3149 mi,
2970 3080 3129 3151 quod
3160 3080 3512 3150 completum
3536 3083 3646 3150 est,
3668 3080 3830 3149 quod

2164 3166 2374 3221 scribit
2401 3167 2630 3235 Daniel,
2650 3184 2711 3221 ix
2734 3168 2941 3238 capite,
2967 3168 3069 3222 ubi
3090 3168 3257 3223 dicit:
3290 3189 3311 3218 α
3346 3168 3665 3240 Postquam
3688 3183 3832 3222 con-

2164 3256 2471 3309 summates
2497 3254 2733 3309 fuerunt
2755 3255 3065 3327 sexaginta
3087 3257 3219 3312 dum
3250 3256 3655 3326 hebdomadas,
3670 3256 3831 3311 occi-

2145 3342 2331 3401 .detur
2350 3342 2649 3411 Christus,
2668 3345 2725 3398 et
2744 3347 2884 3397 tunc
2902 3345 3101 3399 veniet
3129 3344 3386 3416 populus
3408 3360 3540 3399 cum
3563 3345 3833 3415 principe

2161 3434 2433 3498 venturo,
2477 3434 2533 3485 et
2578 3431 2843 3486 destruet
2871 3433 3186 3501 civitatem,
3229 3438 3284 3488 et
3313 3433 3549 3488 domum
3579 3433 3832 3487 commi-

2158 3523 2316 3587 nuet,
2335 3522 2391 3595 et
2409 3519 2882 3575 condemnabunt
2896 3535 3044 3592 eam,
3061 3526 3115 3577 et
3128 3521 3428 3576 auferetur
3444 3521 3829 3589 sacriﬁcium,

2159 3610 2216 3661 et
2245 3608 2755 3671 consummabitur
2782 3609 3104 3669 destructio
3134 3614 3417 3680 perpetua
3447 3609 3616 3679 (Dan.
3650 3609 3756 3678 ιι).
3802 3634 3824 3658 η

2160 3694 2231 3747 Et
2258 3710 2376 3749 non
2405 3699 2497 3750 est
2525 3696 2787 3764 dubium,
2813 3697 3048 3752 domine
3071 3700 3171 3766 mi,
3196 3698 3339 3769 quin
3368 3696 3693 3753 destructio
3722 3697 3830 3751 de-

2159 3781 2466 3838 solationis
2488 3789 2787 3855 perpetuae
2812 3786 2888 3839 sit
2910 3786 3218 3856 captivitas
3239 3786 3352 3841 ista
3372 3786 3432 3840 in
3452 3802 3565 3857 qua
3587 3801 3826 3856 sumus,

2152 3869 2277 3943 jam
2308 3875 2447 3927 sunt
2474 3871 2632 3926 mille
2664 3872 2821 3926 anni.
2856 3872 2926 3926 Et
2946 3876 3143 3943 aperte
3172 3875 3332 3929 dicut
3360 3874 3520 3929 Deus
3550 3890 3658 3944 per
3685 3890 3829 3944 pro-

2157 3959 2394 4029 phetam
2425 3960 2582 4031 quod
2612 3961 2725 4014 erit
2754 3960 3040 4016 desolatio
3086 3967 3369 4032 perpetua
3396 3965 3533 4033 post
3562 3961 3827 4018 occisio-

2158 4064 2292 4102 nem
2335 4048 2555 4103 Christi
2601 4049 2755 4103 sicut
2803 4052 2898 4103 est
2943 4049 3229 4104 desolatio
3270 4052 3472 4104 nostra
3511 4054 3831 4122 postquam

2158 4136 2339 4191 Jesus
2370 4136 2479 4190 fuit
2509 4136 2771 4205 occisus,
2791 4152 2902 4192 nec
2925 4138 3313 4197 comminatus
3333 4140 3429 4192 est
3457 4138 3616 4192 Deus
3646 4137 3826 4193 nobis

2159 4227 2500 4295 perpetuam
2522 4225 2967 4295 desolationem,
2993 4226 3110 4280 nisi
3138 4241 3248 4295 per
3279 4225 3639 4280 occisionem
3659 4225 3831 4281 Chri-

2160 4314 2254 4368 sti.
2273 4312 2343 4366 Et
2364 4313 2417 4366 si
2435 4313 2798 4367 voluerimus
2822 4313 3055 4368 discere
3072 4313 3229 4385 quod
3253 4317 3384 4369 ante
3407 4317 3654 4369 mortem
3673 4314 3824 4370 Jesu

2160 4400 2380 4455 fuimus
2398 4401 2457 4454 in
2471 4401 2852 4468 desolatione,
2871 4401 2944 4456 ad
2961 4401 3072 4456 hoc
3090 4402 3452 4472 respondent
3470 4401 3644 4457 nobis
3655 4400 3836 4456 Chri-

388 4449 582 4548 jores,
608 4449 837 4535 scilicet
866 4449 1066 4552 patres
1089 4449 1295 4538 nostri.
1320 4484 1388 4538 Et
1407 4449 2050 4559 timeo.‘domine,‘quod
2075 4449 2133 4531 Ι)
2162 4488 2332 4542 stiani
2363 4488 2519 4559 quod
2548 4492 2682 4543 ante
2713 4449 2962 4544 mortem
2995 4489 3153 4543 illam
3195 4449 3315 4545 non
3363 4489 3471 4544 fuit
3508 4488 3824 4560 desolatio,

389 4564 506 4620 iste
534 4567 718 4622 Jesus
747 4569 824 4623 sit
853 4568 950 4623 ille
982 4576 1372 4626 commutatus
1414 4577 1471 4626 et
1515 4574 1790 4629 venditus
1819 4592 1924 4645 pro
1954 4594 2053 4630 ar-

392 4656 592 4725 gento,
612 4655 684 4710 de
709 4671 825 4727 quo
847 4657 1105 4729 loquitur
1125 4659 1445 4714 Zacharias
1465 4661 1773 4732 propheta,
1794 4666 1851 4717 et
1870 4665 2054 4720 Amos

394 4744 453 4796 et
479 4742 575 4796 alii
605 4744 929 4814 prophetat.
956 4746 1040 4800 De
1070 4763 1187 4817 quo
1219 4748 1390 4802 etiam
1422 4748 1681 4818 loquitur
1711 4750 1897 4805 Isaias
1929 4769 2058 4822 pro-

394 4829 606 4898 pheta:
644 4856 665 4879 ιι
708 4833 971 4903 Deponet
1012 4850 1218 4890 omnes
1258 4836 1577 4907 inquitates
1626 4841 1682 4891 et
1728 4839 1917 4894 orabit
1946 4857 2054 4910 pro

395 4916 734 4977 inﬁdelibus
772 4922 936 4992 (Isai.
986 4926 1130 4993 xm).
1180 4943 1203 4973 »
1252 4924 1452 4980 Timeo
1497 4940 1640 4995 ego,
1682 4927 1916 4985 domine
1945 4930 2052 5000 mi,

397 5007 550 5075 quod
582 5007 693 5063 iste
726 5011 908 5066 Jesus
938 5012 1016 5066 sit
1043 5012 1138 5067 ille
1164 5011 1370 5084 justus
1401 5013 1472 5068 de
1504 5030 1619 5084 quo
1651 5014 1791 5069 dicit
1819 5016 2004 5071 David
2039 5032 2051 5072 :

403 5115 425 5140 «
460 5093 738 5151 Delectati
769 5104 907 5156 sunt
931 5102 992 5156 in
1022 5101 1272 5155 animam
1294 5101 1445 5172 justi
1475 5106 1532 5156 et
1560 5103 1914 5173 sanguinem
1943 5106 2001 5159 in
2026 5136 2054 5146 -

396 5185 705 5237 nocentem
737 5189 1236 5259 condemnabunt,
1276 5193 1334 5245 et
1377 5193 1619 5260 propter
1650 5190 1760 5246 hoc
1792 5192 2056 5250 destruet

397 5285 501 5325 eos
534 5271 725 5341 Deus,
760 5278 815 5328 et
842 5275 1144 5348 disperdet
1172 5279 1307 5333 illos
1339 5278 1625 5333 Dominus
1657 5279 1819 5334 Deus
1851 5285 2056 5337 noster

396 5358 643 5429 (Psalm.
683 5363 866 5432 xcui).
910 5388 931 5413 ι»
968 5364 1038 5418 Et
1079 5367 1272 5438 timeo,
1308 5367 1540 5421 domine
1580 5367 1693 5436 mi,
1736 5368 1892 5438 quod
1939 5371 2052 5425 iste

396 5448 474 5503 sit
500 5448 598 5504 ille
620 5448 825 5520 justus
847 5452 918 5505 de
942 5468 1056 5522 quo
1089 5455 1347 5525 loquitur
1376 5455 1687 5525 Jercmias,
1713 5471 1846 5511 cum
1877 5457 2046 5514 dicit:

401 5559 422 5583 α
458 5537 645 5593 Homo
677 5543 798 5609 est,
840 5543 895 5593 et
924 5542 1059 5610 quis
1091 5545 1181 5595 est
1210 5544 1308 5613 qui
1342 5544 1611 5614 intelligit
1641 5546 1819 5598 eum?
1854 5566 1874 5592 ν
1910 5546 2052 5600 Item

395 5627 686 5682 Jeremias
720 5629 775 5680 in
806 5628 1053 5683 Threnis
1081 5645 1091 5681 :
1124 5652 1145 5676 α
1172 5630 1415 5699 Species
1435 5633 1633 5686 vultus
1656 5633 1863 5699 nostri,
1885 5632 2053 5687 Chri-

395 5721 524 5773 stus
556 5719 715 5773 Deus
739 5722 945 5787 captus
966 5721 1055 5772 est
1077 5735 1184 5787 pro
1215 5720 1473 5788 peccatis
1504 5721 1747 5775 nostris.
1772 5720 1877 5775 Cui
1900 5721 2048 5776 dixi-

2159 4576 2275 4630 nisi
2308 4578 2681 4649 septuaginta
2726 4578 2928 4647 annis,
2983 4581 3039 4632 et
3083 4581 3221 4649 post
3264 4578 3376 4632 hoc
3417 4577 3636 4634 fuimus
3664 4579 3825 4649 apud

2161 4664 2345 4720 Deum
2376 4666 2435 4717 in
2463 4665 2655 4738 gratia
2692 4670 2749 4721 et
2788 4665 3031 4720 honore.
3083 4666 3255 4721 Certe
3303 4666 3535 4721 domine
3566 4667 3667 4737 mi,
3701 4682 3823 4740 ego

2156 4767 2276 4808 non
2324 4752 2495 4807 video
2551 4755 2892 4808 evasionem
2940 4758 3142 4808 contra
3189 4754 3554 4826 prophetiam
3612 4755 3821 4826 istam,

2157 4843 2293 4912 quia
2326 4842 2396 4896 de
2430 4842 2582 4894 facto
2612 4841 2727 4895 isto
2772 4842 3054 4911 probatur
3098 4842 3273 4897 nobis
3319 4842 3473 4913 quod
3501 4845 3819 4915 postquam

2157 4945 2189 4982 a
2219 4929 2674 4983 remdiﬁcatione
2691 4928 2928 4984 fuerunt
2958 4931 3263 5001 completas
3286 4932 3659 5005 septuaginta
3680 4931 3818 4988 duas

2156 5017 2541 5073 hebdomadas
2555 5033 2735 5087 supra
2752 5019 3070 5090 annos,qui
3082 5023 3221 5073 sunt
3232 5018 3371 5073 anni
3383 5034 3527 5074 cccc
3540 5023 3819 5088 etxxxm,

2154 5109 2293 5160 tunc
2316 5105 2424 5159 fuit
2447 5106 2477 5160 .I
2483 5121 2626 5160 esus
2651 5106 2893 5160 occisus
2911 5122 2943 5160 a
2960 5107 3226 5176 patribus
3260 5108 3509 5179 nostris,
3527 5110 3584 5162 et
3606 5110 3818 5178 postea

2154 5195 2311 5249 venit
2334 5194 2709 5263 dux,scilicet
2730 5194 2895 5249 Titus
2912 5199 2967 5249 et
2984 5195 3239 5264 populus
3263 5196 3650 5266 Romanus,et
3664 5195 3822 5251 fece-

2152 5286 2289 5336 runt
2321 5282 2495 5336 nobis
2518 5281 2845 5337 secundum
2876 5283 3243 5353 prephetiam
3263 5282 3457 5354 istam,
3480 5282 3655 5337 hodie
3677 5288 3824 5338 sunt

2154 5370 2310 5424 mille
2324 5370 2458 5423 anni
2477 5373 2533 5424 et
2549 5370 2782 5440 ultra,et
2794 5370 3178 5426 nihilominus
3198 5371 3250 5426 si
3269 5371 3328 5425 in
3344 5372 3435 5424 ira
3455 5370 3563 5425 Dei
3578 5386 3818 5440 sumus,

2152 5460 2209 5512 et
2229 5460 2422 5512 tamen
2444 5458 2503 5512 in
2524 5458 2653 5528 ipso
2672 5475 3006 5530 speramus.
3022 5458 3092 5515 Et
3111 5461 3165 5515 si
3186 5460 3455 5517 dicamus
3473 5459 3630 5532 quod
3644 5458 3819 5516 Chri-

2153 5549 2283 5600 stus
2305 5551 2590 5600 venturus
2621 5551 2713 5600 est
2740 5551 2794 5601 et
2820 5548 3078 5602 nondum
3107 5550 3286 5619 venit,
3314 5550 3370 5603 et
3390 5547 3818 5603 rehabebimus

2150 5636 2362 5689 terram
2388 5635 2831 5704 promissionis,
2849 5639 2906 5689 et
2928 5636 3426 5693 reaediﬁcabimus
3448 5637 3744 5692 civitatem
3760 5640 3824 5693 et

2154 5722 2501 5777 habebimus
2534 5724 2781 5794 gratiam
2814 5724 2915 5777 Dei
2937 5728 2993 5779 et
3015 5725 3298 5781 honorem
3316 5724 3379 5780 in
3399 5726 3556 5781 terra
3583 5727 3814 5795 nostra,
