  <div class='ocr_page' id='page_1' title='image "/cluster/home/n/w/nwhite01/storage/ocr_20150623/149/hvd.32044054760079/178.png"; bbox 0 0 4086 6180; ppageno 0'>
   <div class='ocr_carea' id='block_1_1' title="bbox 191 390 3567 475">
    <p class='ocr_par' dir='ltr' id='par_1_1' title="bbox 191 390 3567 475">
     <span class='ocr_line' id='line_1_1' title="bbox 191 390 3567 475; baseline -0.001 -17"><span class='ocrx_word' id='word_1_1' title='bbox 191 400 284 467; x_wconf 72' lang='grc'><strong>345</strong></span> <span class='ocrx_word' id='word_1_2' title='bbox 950 396 1206 458; x_wconf 87' lang='lat' dir='ltr'><strong>LIBER</strong></span> <span class='ocrx_word' id='word_1_3' title='bbox 1246 396 1354 457; x_wconf 91' lang='lat' dir='ltr'><strong>DE</strong></span> <span class='ocrx_word' id='word_1_4' title='bbox 1396 395 1733 459; x_wconf 63' lang='lat' dir='ltr'><strong>MESSIJE</strong></span> <span class='ocrx_word' id='word_1_5' title='bbox 1762 393 2172 471; x_wconf 71' lang='lat' dir='ltr'><strong>ADVENTU</strong></span> <span class='ocrx_word' id='word_1_6' title='bbox 2202 391 2737 456; x_wconf 65' lang='lat' dir='ltr'><strong>PRZETERITO.</strong></span> 
     </span>
    </p>
   </div>
   <div class='ocr_carea' id='block_1_2' title="bbox 187 575 3560 666">
    <p class='ocr_par' dir='ltr' id='par_1_2' title="bbox 187 575 3560 666">
     <span class='ocr_line' id='line_1_2' title="bbox 187 575 3560 666; baseline 0.001 -20"><span class='ocrx_word' id='word_1_7' title='bbox 187 597 230 646; x_wconf 85' lang='lat' dir='ltr'><strong>et</strong></span> <span class='ocrx_word' id='word_1_8' title='bbox 253 593 347 645; x_wconf 86' lang='lat' dir='ltr'><strong>ista</strong></span> <span class='ocrx_word' id='word_1_9' title='bbox 367 590 659 646; x_wconf 76' lang='lat' dir='ltr'><strong>dissolutio</strong></span> <span class='ocrx_word' id='word_1_10' title='bbox 674 607 790 646; x_wconf 88' lang='lat' dir='ltr'><strong>non</strong></span> <span class='ocrx_word' id='word_1_11' title='bbox 805 594 1105 662; x_wconf 88' lang='lat' dir='ltr'><strong>perpetua.</strong></span> <span class='ocrx_word' id='word_1_12' title='bbox 1134 591 1603 661; x_wconf 83' lang='lat' dir='ltr'><strong>Respondebunt</strong></span> <span class='ocrx_word' id='word_1_13' title='bbox 1622 575 1865 645; x_wconf 57' lang='lat' dir='ltr'><strong>Chri-A</strong></span> <span class='ocrx_word' id='word_1_14' title='bbox 1897 591 2153 647; x_wconf 84' lang='lat' dir='ltr'><strong>hominis</strong></span> <span class='ocrx_word' id='word_1_15' title='bbox 2193 593 2483 663; x_wconf 82' lang='lat' dir='ltr'><strong>veniebat,</strong></span> <span class='ocrx_word' id='word_1_16' title='bbox 2517 596 2573 649; x_wconf 90' lang='lat' dir='ltr'><strong>et</strong></span> <span class='ocrx_word' id='word_1_17' title='bbox 2607 610 2798 666; x_wconf 89' lang='lat' dir='ltr'><strong>usque</strong></span> <span class='ocrx_word' id='word_1_18' title='bbox 2844 595 2917 649; x_wconf 88' lang='lat' dir='ltr'><strong>ad</strong></span> <span class='ocrx_word' id='word_1_19' title='bbox 2965 595 3284 666; x_wconf 82' lang='lat' dir='ltr'><strong>Antiquum</strong></span> <span class='ocrx_word' id='word_1_20' title='bbox 3333 594 3560 650; x_wconf 88' lang='lat' dir='ltr'><strong>dierum</strong></span> 
     </span>
    </p>
   </div>
   <div class='ocr_carea' id='block_1_3' title="bbox 185 678 3565 754">
    <p class='ocr_par' dir='ltr' id='par_1_3' title="bbox 185 678 3565 754">
     <span class='ocr_line' id='line_1_3' title="bbox 185 678 3565 754; baseline 0.002 -20"><span class='ocrx_word' id='word_1_21' title='bbox 185 680 325 734; x_wconf 86' lang='lat' dir='ltr'><strong>stiani</strong></span> <span class='ocrx_word' id='word_1_22' title='bbox 353 678 491 750; x_wconf 88' lang='lat' dir='ltr'><strong>quod</strong></span> <span class='ocrx_word' id='word_1_23' title='bbox 508 679 692 734; x_wconf 89' lang='lat' dir='ltr'><strong>adhuc</strong></span> <span class='ocrx_word' id='word_1_24' title='bbox 714 695 863 751; x_wconf 86' lang='lat' dir='ltr'><strong>ergo</strong></span> <span class='ocrx_word' id='word_1_25' title='bbox 888 682 1081 735; x_wconf 89' lang='lat' dir='ltr'><strong>manet</strong></span> <span class='ocrx_word' id='word_1_26' title='bbox 1097 681 1271 735; x_wconf 90' lang='lat' dir='ltr'><strong>nobis</strong></span> <span class='ocrx_word' id='word_1_27' title='bbox 1285 680 1510 735; x_wconf 87' lang='lat' dir='ltr'><strong>occisio</strong></span> <span class='ocrx_word' id='word_1_28' title='bbox 1541 678 1783 746; x_wconf 89' lang='lat' dir='ltr'><strong>Christi,</strong></span> <span class='ocrx_word' id='word_1_29' title='bbox 1898 682 2185 751; x_wconf 83' lang='lat' dir='ltr'><strong>pervenit,</strong></span> <span class='ocrx_word' id='word_1_30' title='bbox 2223 686 2278 736; x_wconf 90' lang='lat' dir='ltr'><strong>et</strong></span> <span class='ocrx_word' id='word_1_31' title='bbox 2314 684 2375 738; x_wconf 91' lang='lat' dir='ltr'><strong>in</strong></span> <span class='ocrx_word' id='word_1_32' title='bbox 2416 688 2742 754; x_wconf 89' lang='lat' dir='ltr'><strong>conspectu</strong></span> <span class='ocrx_word' id='word_1_33' title='bbox 2776 682 2911 754; x_wconf 82' lang='lat' dir='ltr'><strong>ejus</strong></span> <span class='ocrx_word' id='word_1_34' title='bbox 2950 682 3287 737; x_wconf 89' lang='lat' dir='ltr'><strong>obtulerunt</strong></span> <span class='ocrx_word' id='word_1_35' title='bbox 3315 699 3469 751; x_wconf 89' lang='lat' dir='ltr'><strong>eum,</strong></span> <span class='ocrx_word' id='word_1_36' title='bbox 3507 687 3565 741; x_wconf 80' lang='lat' dir='ltr'><strong>et</strong></span> 
     </span>
    </p>
   </div>
   <div class='ocr_carea' id='block_1_4' title="bbox 181 767 3557 844">
    <p class='ocr_par' dir='ltr' id='par_1_4' title="bbox 181 767 3557 844">
     <span class='ocr_line' id='line_1_4' title="bbox 181 767 3557 844; baseline 0.001 -22"><span class='ocrx_word' id='word_1_37' title='bbox 181 774 223 822; x_wconf 89' lang='lat' dir='ltr'><strong>et</strong></span> <span class='ocrx_word' id='word_1_38' title='bbox 242 769 499 822; x_wconf 78' lang='lat' dir='ltr'><strong>adventus</strong></span> <span class='ocrx_word' id='word_1_39' title='bbox 526 767 654 836; x_wconf 92' lang='lat' dir='ltr'><strong>Titi,</strong></span> <span class='ocrx_word' id='word_1_40' title='bbox 688 771 743 822; x_wconf 91' lang='lat' dir='ltr'><strong>et</strong></span> <span class='ocrx_word' id='word_1_41' title='bbox 774 769 972 838; x_wconf 86' lang='lat' dir='ltr'><strong>populi</strong></span> <span class='ocrx_word' id='word_1_42' title='bbox 993 769 1263 837; x_wconf 82' lang='lat' dir='ltr'><strong>Romani,</strong></span> <span class='ocrx_word' id='word_1_43' title='bbox 1287 772 1343 822; x_wconf 91' lang='lat' dir='ltr'><strong>et</strong></span> <span class='ocrx_word' id='word_1_44' title='bbox 1363 769 1652 824; x_wconf 90' lang='lat' dir='ltr'><strong>desolatio</strong></span> <span class='ocrx_word' id='word_1_45' title='bbox 1686 785 1786 840; x_wconf 90' lang='lat' dir='ltr'><strong>pe-</strong></span> <span class='ocrx_word' id='word_1_46' title='bbox 1897 768 2056 824; x_wconf 83' lang='lat' dir='ltr'><strong>dedit</strong></span> <span class='ocrx_word' id='word_1_47' title='bbox 2085 770 2173 825; x_wconf 89' lang='lat' dir='ltr'><strong>eis</strong></span> <span class='ocrx_word' id='word_1_48' title='bbox 2196 773 2543 842; x_wconf 87' lang='lat' dir='ltr'><strong>potestatem</strong></span> <span class='ocrx_word' id='word_1_49' title='bbox 2565 776 2621 826; x_wconf 91' lang='lat' dir='ltr'><strong>et</strong></span> <span class='ocrx_word' id='word_1_50' title='bbox 2650 771 2934 827; x_wconf 82' lang='lat' dir='ltr'><strong>honorem</strong></span> <span class='ocrx_word' id='word_1_51' title='bbox 2956 776 3012 827; x_wconf 89' lang='lat' dir='ltr'><strong>et</strong></span> <span class='ocrx_word' id='word_1_52' title='bbox 3043 787 3312 844; x_wconf 86' lang='lat' dir='ltr'><strong>regnum,</strong></span> <span class='ocrx_word' id='word_1_53' title='bbox 3348 787 3557 826; x_wconf 89' lang='lat' dir='ltr'><strong>omnes</strong></span> 
     </span>
    </p>
   </div>
   <div class='ocr_carea' id='block_1_5' title="bbox 180 855 3564 932">
    <p class='ocr_par' dir='ltr' id='par_1_5' title="bbox 180 855 3564 932">
     <span class='ocr_line' id='line_1_5' title="bbox 180 855 3564 932; baseline 0.001 -23"><span class='ocrx_word' id='word_1_54' title='bbox 180 855 255 926; x_wconf 85' lang='lat' dir='ltr'><strong>jor</strong></span> <span class='ocrx_word' id='word_1_55' title='bbox 290 856 385 911; x_wconf 85' lang='lat' dir='ltr'><strong>ista</strong></span> <span class='ocrx_word' id='word_1_56' title='bbox 413 855 464 908; x_wconf 89' lang='lat' dir='ltr'><strong>in</strong></span> <span class='ocrx_word' id='word_1_57' title='bbox 497 871 605 925; x_wconf 89' lang='lat' dir='ltr'><strong>qua</strong></span> <span class='ocrx_word' id='word_1_58' title='bbox 632 855 756 926; x_wconf 82' lang='lat' dir='ltr'><strong>jam</strong></span> <span class='ocrx_word' id='word_1_59' title='bbox 789 857 1006 910; x_wconf 81' lang='lat' dir='ltr'><strong>fuimus</strong></span> <span class='ocrx_word' id='word_1_60' title='bbox 1044 873 1150 927; x_wconf 90' lang='lat' dir='ltr'><strong>per</strong></span> <span class='ocrx_word' id='word_1_61' title='bbox 1177 858 1332 912; x_wconf 91' lang='lat' dir='ltr'><strong>mille</strong></span> <span class='ocrx_word' id='word_1_62' title='bbox 1362 874 1571 912; x_wconf 87' lang='lat' dir='ltr'><strong>annos.</strong></span> <span class='ocrx_word' id='word_1_63' title='bbox 1629 857 1781 928; x_wconf 90' lang='lat' dir='ltr'><strong>Heu,</strong></span> <span class='ocrx_word' id='word_1_64' title='bbox 1897 858 2117 927; x_wconf 88' lang='lat' dir='ltr'><strong>populi,</strong></span> <span class='ocrx_word' id='word_1_65' title='bbox 2136 860 2330 915; x_wconf 90' lang='lat' dir='ltr'><strong>tribus</strong></span> <span class='ocrx_word' id='word_1_66' title='bbox 2350 876 2418 914; x_wconf 91' lang='lat' dir='ltr'><strong>ac</strong></span> <span class='ocrx_word' id='word_1_67' title='bbox 2448 861 2666 932; x_wconf 83' lang='lat' dir='ltr'><strong>linguae</strong></span> <span class='ocrx_word' id='word_1_68' title='bbox 2697 861 3025 916; x_wconf 87' lang='lat' dir='ltr'><strong>adorabunt</strong></span> <span class='ocrx_word' id='word_1_69' title='bbox 3053 876 3187 915; x_wconf 89' lang='lat' dir='ltr'><strong>eum</strong></span> <span class='ocrx_word' id='word_1_70' title='bbox 3217 863 3273 914; x_wconf 89' lang='lat' dir='ltr'><strong>et</strong></span> <span class='ocrx_word' id='word_1_71' title='bbox 3303 860 3564 914; x_wconf 90' lang='lat' dir='ltr'><strong>servient</strong></span> 
     </span>
    </p>
   </div>
   <div class='ocr_carea' id='block_1_6' title="bbox 181 944 3563 1019">
    <p class='ocr_par' dir='ltr' id='par_1_6' title="bbox 181 944 3563 1019">
     <span class='ocr_line' id='line_1_6' title="bbox 181 944 3563 1019; baseline 0.001 -22"><span class='ocrx_word' id='word_1_72' title='bbox 181 944 390 1014; x_wconf 86' lang='lat' dir='ltr'><strong>domine,</strong></span> <span class='ocrx_word' id='word_1_73' title='bbox 419 960 529 998; x_wconf 89' lang='lat' dir='ltr'><strong>non</strong></span> <span class='ocrx_word' id='word_1_74' title='bbox 548 945 855 999; x_wconf 80' lang='lat' dir='ltr'><strong>excusatio</strong></span> <span class='ocrx_word' id='word_1_75' title='bbox 890 962 996 999; x_wconf 88' lang='lat' dir='ltr'><strong>nec</strong></span> <span class='ocrx_word' id='word_1_76' title='bbox 1028 947 1235 1000; x_wconf 90' lang='lat' dir='ltr'><strong>evasio</strong></span> <span class='ocrx_word' id='word_1_77' title='bbox 1299 945 1595 1002; x_wconf 84' lang='lat' dir='ltr'><strong>consona!</strong></span> <span class='ocrx_word' id='word_1_78' title='bbox 1898 945 1950 999; x_wconf 90' lang='lat' dir='ltr'><strong>ei</strong></span> <span class='ocrx_word' id='word_1_79' title='bbox 1973 946 2123 1015; x_wconf 86' lang='lat' dir='ltr'><strong>(Dan</strong></span> <span class='ocrx_word' id='word_1_80' title='bbox 2155 948 2278 1017; x_wconf 83' lang='lat' dir='ltr'><strong>vn).</strong></span> <span class='ocrx_word' id='word_1_81' title='bbox 2316 973 2336 997; x_wconf 75' lang='grc' dir='ltr'><strong><em>ιι</em></strong></span> <span class='ocrx_word' id='word_1_82' title='bbox 2376 948 2668 1004; x_wconf 87' lang='lat' dir='ltr'><strong>Hebraeus</strong></span> <span class='ocrx_word' id='word_1_83' title='bbox 2701 950 2911 1004; x_wconf 83' lang='lat' dir='ltr'><strong>habet;</strong></span> <span class='ocrx_word' id='word_1_84' title='bbox 2952 971 2974 996; x_wconf 84' lang='lat'><em>«</em></span> <span class='ocrx_word' id='word_1_85' title='bbox 2996 949 3214 1003; x_wconf 80' lang='lat' dir='ltr'><strong>Tribus</strong></span> <span class='ocrx_word' id='word_1_86' title='bbox 3244 962 3312 1002; x_wconf 91' lang='lat' dir='ltr'><strong>ac</strong></span> <span class='ocrx_word' id='word_1_87' title='bbox 3342 946 3563 1019; x_wconf 73' lang='lat' dir='ltr'><strong>linguaa</strong></span> 
     </span>
    </p>
   </div>
   <div class='ocr_carea' id='block_1_7' title="bbox 760 1034 3565 1123">
    <p class='ocr_par' dir='ltr' id='par_1_7' title="bbox 760 1034 3565 1123">
     <span class='ocr_line' id='line_1_7' title="bbox 760 1034 3565 1123; baseline -0.005 -20"><span class='ocrx_word' id='word_1_88' title='bbox 760 1068 1012 1123; x_wconf 63' lang='lat' dir='ltr'><strong>CAPUT</strong></span> <span class='ocrx_word' id='word_1_89' title='bbox 1045 1069 1143 1123; x_wconf 44' lang='lat' dir='ltr'><strong>Ix.</strong></span> <span class='ocrx_word' id='word_1_90' title='bbox 1896 1034 2270 1091; x_wconf 87' lang='lat' dir='ltr'><strong>honorabunt</strong></span> <span class='ocrx_word' id='word_1_91' title='bbox 2290 1053 2444 1107; x_wconf 88' lang='lat' dir='ltr'><strong>eum,</strong></span> <span class='ocrx_word' id='word_1_92' title='bbox 2480 1041 2535 1091; x_wconf 90' lang='lat' dir='ltr'><strong>et</strong></span> <span class='ocrx_word' id='word_1_93' title='bbox 2564 1053 2679 1093; x_wconf 89' lang='lat' dir='ltr'><strong>non</strong></span> <span class='ocrx_word' id='word_1_94' title='bbox 2705 1038 2937 1093; x_wconf 80' lang='lat' dir='ltr'><strong>deficiet</strong></span> <span class='ocrx_word' id='word_1_95' title='bbox 2957 1040 3224 1108; x_wconf 82' lang='lat' dir='ltr'><strong>potestas</strong></span> <span class='ocrx_word' id='word_1_96' title='bbox 3257 1035 3565 1108; x_wconf 87' lang='lat' dir='ltr'><strong>ejus,quia</strong></span> 
     </span>
    </p>
   </div>
   <div class='ocr_carea' id='block_1_8' title="bbox 1895 1124 3565 1198">
    <p class='ocr_par' dir='ltr' id='par_1_8' title="bbox 1895 1124 3565 1198">
     <span class='ocr_line' id='line_1_8' title="bbox 1895 1124 3565 1198; baseline 0 -20"><span class='ocrx_word' id='word_1_97' title='bbox 1895 1139 2015 1178; x_wconf 94' lang='lat' dir='ltr'><strong>non</strong></span> <span class='ocrx_word' id='word_1_98' title='bbox 2063 1124 2382 1189; x_wconf 75' lang='lat' dir='ltr'><strong>auferetur,</strong></span> <span class='ocrx_word' id='word_1_99' title='bbox 2429 1130 2486 1180; x_wconf 89' lang='lat' dir='ltr'><strong>et</strong></span> <span class='ocrx_word' id='word_1_100' title='bbox 2529 1143 2780 1198; x_wconf 80' lang='lat' dir='ltr'><strong>regnum</strong></span> <span class='ocrx_word' id='word_1_101' title='bbox 2817 1127 2949 1196; x_wconf 89' lang='lat' dir='ltr'><strong>ejus</strong></span> <span class='ocrx_word' id='word_1_102' title='bbox 2994 1126 3252 1181; x_wconf 88' lang='lat' dir='ltr'><strong>manebit</strong></span> <span class='ocrx_word' id='word_1_103' title='bbox 3288 1126 3349 1179; x_wconf 91' lang='lat' dir='ltr'><strong>in</strong></span> <span class='ocrx_word' id='word_1_104' title='bbox 3389 1128 3565 1179; x_wconf 80' lang='lat' dir='ltr'><strong>aeter-</strong></span> 
     </span>
    </p>
   </div>
   <div class='ocr_carea' id='block_1_9' title="bbox 1896 1214 3563 1270">
    <p class='ocr_par' dir='ltr' id='par_1_9' title="bbox 1896 1214 3563 1270">
     <span class='ocr_line' id='line_1_9' title="bbox 1896 1214 3563 1270; baseline 0 -4"><span class='ocrx_word' id='word_1_105' title='bbox 1896 1228 2054 1267; x_wconf 90' lang='lat' dir='ltr'><strong>num.</strong></span> <span class='ocrx_word' id='word_1_106' title='bbox 2095 1236 2115 1260; x_wconf 78' lang='grc' dir='ltr'><strong>ι»</strong></span> <span class='ocrx_word' id='word_1_107' title='bbox 2149 1214 2367 1269; x_wconf 90' lang='lat' dir='ltr'><strong>Nostra</strong></span> <span class='ocrx_word' id='word_1_108' title='bbox 2399 1220 2589 1269; x_wconf 89' lang='lat' dir='ltr'><strong>autem</strong></span> <span class='ocrx_word' id='word_1_109' title='bbox 2619 1216 2921 1270; x_wconf 77' lang='lat' dir='ltr'><strong>translatio</strong></span> <span class='ocrx_word' id='word_1_110' title='bbox 2954 1216 3149 1270; x_wconf 88' lang='lat' dir='ltr'><strong>habet.</strong></span> <span class='ocrx_word' id='word_1_111' title='bbox 3189 1235 3210 1265; x_wconf 65' lang='grc' dir='ltr'><strong>α</strong></span> <span class='ocrx_word' id='word_1_112' title='bbox 3247 1214 3462 1268; x_wconf 80' lang='lat' dir='ltr'><strong>Tribus</strong></span> <span class='ocrx_word' id='word_1_113' title='bbox 3494 1228 3563 1267; x_wconf 89' lang='lat' dir='ltr'><strong>ac</strong></span> 
     </span>
    </p>
   </div>
   <div class='ocr_carea' id='block_1_10' title="bbox 1896 1288 3559 1375">
    <p class='ocr_par' dir='ltr' id='par_1_10' title="bbox 1896 1288 3559 1375">
     <span class='ocr_line' id='line_1_10' title="bbox 1896 1288 3559 1375; baseline 0 -20"><span class='ocrx_word' id='word_1_114' title='bbox 1896 1302 2116 1375; x_wconf 67' lang='lat' dir='ltr'><strong>linguae</strong></span> <span class='ocrx_word' id='word_1_115' title='bbox 2148 1288 2418 1357; x_wconf 86' lang='lat' dir='ltr'><strong>servient</strong></span> <span class='ocrx_word' id='word_1_116' title='bbox 2447 1303 2518 1372; x_wconf 92' lang='lat' dir='ltr'><strong>ei,</strong></span> <span class='ocrx_word' id='word_1_117' title='bbox 2554 1308 2817 1373; x_wconf 81' lang='lat' dir='ltr'><strong>potestas</strong></span> <span class='ocrx_word' id='word_1_118' title='bbox 2851 1303 2986 1375; x_wconf 90' lang='lat' dir='ltr'><strong>ejus</strong></span> <span class='ocrx_word' id='word_1_119' title='bbox 3019 1305 3282 1374; x_wconf 86' lang='lat' dir='ltr'><strong>potestas</strong></span> <span class='ocrx_word' id='word_1_120' title='bbox 3319 1306 3559 1371; x_wconf 84' lang='lat' dir='ltr'><strong>aeterna,</strong></span> 
     </span>
    </p>
   </div>
   <div class='ocr_carea' id='block_1_11' title="bbox 1897 1391 3584 1465">
    <p class='ocr_par' dir='ltr' id='par_1_11' title="bbox 1897 1391 3584 1465">
     <span class='ocr_line' id='line_1_11' title="bbox 1897 1391 3584 1465; baseline 0.001 -21"><span class='ocrx_word' id='word_1_121' title='bbox 1897 1407 2029 1462; x_wconf 64' lang='lat' dir='ltr'><strong>quae</strong></span> <span class='ocrx_word' id='word_1_122' title='bbox 2061 1407 2178 1446; x_wconf 89' lang='lat' dir='ltr'><strong>non</strong></span> <span class='ocrx_word' id='word_1_123' title='bbox 2210 1392 2531 1461; x_wconf 79' lang='lat' dir='ltr'><strong>auferetur,</strong></span> <span class='ocrx_word' id='word_1_124' title='bbox 2567 1395 2623 1446; x_wconf 88' lang='lat' dir='ltr'><strong>et</strong></span> <span class='ocrx_word' id='word_1_125' title='bbox 2652 1409 2903 1465; x_wconf 84' lang='lat' dir='ltr'><strong>regnum</strong></span> <span class='ocrx_word' id='word_1_126' title='bbox 2934 1391 3067 1462; x_wconf 88' lang='lat' dir='ltr'><strong>ejus</strong></span> <span class='ocrx_word' id='word_1_127' title='bbox 3097 1392 3254 1463; x_wconf 90' lang='lat' dir='ltr'><strong>quod</strong></span> <span class='ocrx_word' id='word_1_128' title='bbox 3286 1407 3403 1445; x_wconf 89' lang='lat' dir='ltr'><strong>non</strong></span> <span class='ocrx_word' id='word_1_129' title='bbox 3437 1406 3584 1445; x_wconf 87' lang='lat' dir='ltr'><strong>cor-.</strong></span> 
     </span>
    </p>
   </div>
   <div class='ocr_carea' id='block_1_12' title="bbox 410 1154 1496 1220">
    <p class='ocr_par' dir='ltr' id='par_1_12' title="bbox 410 1154 1496 1220">
     <span class='ocr_line' id='line_1_12' title="bbox 410 1154 1496 1220; baseline 0.004 -12"><span class='ocrx_word' id='word_1_130' title='bbox 410 1154 567 1220; x_wconf 82' lang='lat' dir='ltr'><strong>Quod</strong></span> <span class='ocrx_word' id='word_1_131' title='bbox 598 1157 712 1212; x_wconf 86' lang='lat' dir='ltr'><strong>duo</strong></span> <span class='ocrx_word' id='word_1_132' title='bbox 749 1165 886 1211; x_wconf 76' lang='lat' dir='ltr'><strong>sunt</strong></span> <span class='ocrx_word' id='word_1_133' title='bbox 917 1158 1212 1212; x_wconf 79' lang='lat' dir='ltr'><strong>adventus</strong></span> <span class='ocrx_word' id='word_1_134' title='bbox 1246 1157 1496 1212; x_wconf 78' lang='lat' dir='ltr'><strong>Christi.</strong></span> 
     </span>
    </p>
   </div>
   <div class='ocr_carea' id='block_1_13' title="bbox 228 1243 1785 1318">
    <p class='ocr_par' dir='ltr' id='par_1_13' title="bbox 228 1243 1785 1318">
     <span class='ocr_line' id='line_1_13' title="bbox 228 1243 1785 1318; baseline 0.004 -23"><span class='ocrx_word' id='word_1_135' title='bbox 228 1243 415 1311; x_wconf 86' lang='lat' dir='ltr'><strong>Timeo,</strong></span> <span class='ocrx_word' id='word_1_136' title='bbox 445 1245 678 1300; x_wconf 88' lang='lat' dir='ltr'><strong>domine</strong></span> <span class='ocrx_word' id='word_1_137' title='bbox 709 1247 807 1315; x_wconf 90' lang='lat' dir='ltr'><strong>mi,</strong></span> <span class='ocrx_word' id='word_1_138' title='bbox 850 1246 1005 1317; x_wconf 89' lang='lat' dir='ltr'><strong>quod</strong></span> <span class='ocrx_word' id='word_1_139' title='bbox 1060 1246 1337 1301; x_wconf 84' lang='lat' dir='ltr'><strong>Christus</strong></span> <span class='ocrx_word' id='word_1_140' title='bbox 1360 1246 1487 1318; x_wconf 88' lang='lat' dir='ltr'><strong>jam</strong></span> <span class='ocrx_word' id='word_1_141' title='bbox 1517 1247 1696 1317; x_wconf 85' lang='lat' dir='ltr'><strong>venit,</strong></span> <span class='ocrx_word' id='word_1_142' title='bbox 1728 1250 1785 1302; x_wconf 89' lang='lat' dir='ltr'><strong>et</strong></span> 
     </span>
    </p>
   </div>
   <div class='ocr_carea' id='block_1_14' title="bbox 172 1330 1784 1407">
    <p class='ocr_par' dir='ltr' id='par_1_14' title="bbox 172 1330 1784 1407">
     <span class='ocr_line' id='line_1_14' title="bbox 172 1330 1784 1407; baseline 0.005 -25"><span class='ocrx_word' id='word_1_143' title='bbox 172 1330 263 1399; x_wconf 85' lang='lat' dir='ltr'><strong>jam</strong></span> <span class='ocrx_word' id='word_1_144' title='bbox 304 1332 628 1403; x_wconf 83' lang='lat' dir='ltr'><strong>adimplevit</strong></span> <span class='ocrx_word' id='word_1_145' title='bbox 675 1335 932 1404; x_wconf 90' lang='lat' dir='ltr'><strong>primum</strong></span> <span class='ocrx_word' id='word_1_146' title='bbox 976 1335 1292 1389; x_wconf 86' lang='lat' dir='ltr'><strong>adventum</strong></span> <span class='ocrx_word' id='word_1_147' title='bbox 1332 1352 1527 1405; x_wconf 89' lang='lat' dir='ltr'><strong>suum,</strong></span> <span class='ocrx_word' id='word_1_148' title='bbox 1560 1337 1697 1407; x_wconf 85' lang='lat' dir='ltr'><strong>quia</strong></span> <span class='ocrx_word' id='word_1_149' title='bbox 1726 1336 1784 1390; x_wconf 90' lang='lat' dir='ltr'><strong>in</strong></span> 
     </span>
    </p>
   </div>
   <div class='ocr_carea' id='block_1_15' title="bbox 174 1419 1783 1495">
    <p class='ocr_par' dir='ltr' id='par_1_15' title="bbox 174 1419 1783 1495">
     <span class='ocr_line' id='line_1_15' title="bbox 174 1419 1783 1495; baseline 0.005 -24"><span class='ocrx_word' id='word_1_150' title='bbox 174 1419 441 1488; x_wconf 81' lang='lat' dir='ltr'><strong>Scripturis</strong></span> <span class='ocrx_word' id='word_1_151' title='bbox 463 1422 689 1476; x_wconf 87' lang='lat' dir='ltr'><strong>nostris</strong></span> <span class='ocrx_word' id='word_1_152' title='bbox 720 1423 1055 1478; x_wconf 87' lang='lat' dir='ltr'><strong>invenimus</strong></span> <span class='ocrx_word' id='word_1_153' title='bbox 1078 1424 1371 1494; x_wconf 88' lang='lat' dir='ltr'><strong>duplicem</strong></span> <span class='ocrx_word' id='word_1_154' title='bbox 1402 1424 1536 1495; x_wconf 87' lang='lat' dir='ltr'><strong>ejus</strong></span> <span class='ocrx_word' id='word_1_155' title='bbox 1561 1427 1783 1479; x_wconf 89' lang='lat' dir='ltr'><strong>adven-</strong></span> 
     </span>
    </p>
   </div>
   <div class='ocr_carea' id='block_1_16' title="bbox 174 1478 3561 1569">
    <p class='ocr_par' dir='ltr' id='par_1_16' title="bbox 174 1478 3561 1569">
     <span class='ocr_line' id='line_1_16' title="bbox 174 1478 3561 1569; baseline 0.003 -10"><span class='ocrx_word' id='word_1_156' title='bbox 174 1478 287 1561; x_wconf 47' lang='lat' dir='ltr'><strong>tum.-</strong></span> <span class='ocrx_word' id='word_1_157' title='bbox 310 1508 526 1564; x_wconf 87' lang='lat' dir='ltr'><strong>Primus</strong></span> <span class='ocrx_word' id='word_1_158' title='bbox 568 1511 860 1566; x_wconf 85' lang='lat' dir='ltr'><strong>adventus</strong></span> <span class='ocrx_word' id='word_1_159' title='bbox 900 1512 1121 1567; x_wconf 71' lang='lat' dir='ltr'><strong>Christi</strong></span> <span class='ocrx_word' id='word_1_160' title='bbox 1151 1478 1602 1567; x_wconf 48' lang='lat' dir='ltr'><strong>describituurin</strong></span> <span class='ocrx_word' id='word_1_161' title='bbox 1638 1478 1784 1569; x_wconf 87' lang='lat' dir='ltr'><strong>Pro-</strong></span> <span class='ocrx_word' id='word_1_162' title='bbox 1896 1483 2219 1550; x_wconf 49' lang='lat' dir='ltr'><strong>rumpatur;</strong></span> <span class='ocrx_word' id='word_1_163' title='bbox 2252 1480 2419 1549; x_wconf 62' lang='lat' dir='ltr'><strong>alias’</strong></span> <span class='ocrx_word' id='word_1_164' title='bbox 2445 1484 2500 1535; x_wconf 62' lang='lat' dir='ltr'>et</span> <span class='ocrx_word' id='word_1_165' title='bbox 2529 1496 2644 1533; x_wconf 69' lang='lat' dir='ltr'><strong>non</strong></span> <span class='ocrx_word' id='word_1_166' title='bbox 2681 1480 2913 1534; x_wconf 58' lang='lat' dir='ltr'><strong>deﬁciet</strong></span> <span class='ocrx_word' id='word_1_167' title='bbox 2942 1483 3204 1552; x_wconf 57' lang='lat' dir='ltr'><strong>pomsms</strong></span> <span class='ocrx_word' id='word_1_168' title='bbox 3227 1479 3382 1569; x_wconf 43' lang='lat' dir='ltr'><strong>ejils;</strong></span> <span class='ocrx_word' id='word_1_169' title='bbox 3415 1478 3561 1534; x_wconf 64' lang='lat' dir='ltr'><strong>alias</strong></span> 
     </span>
    </p>
   </div>
   <div class='ocr_carea' id='block_1_17' title="bbox 1893 1566 3561 1640">
    <p class='ocr_par' dir='ltr' id='par_1_17' title="bbox 1893 1566 3561 1640">
     <span class='ocr_line' id='line_1_17' title="bbox 1893 1566 3561 1640; baseline -0.001 -17"><span class='ocrx_word' id='word_1_170' title='bbox 1893 1571 2157 1639; x_wconf 89' lang='lat' dir='ltr'><strong>potestas</strong></span> <span class='ocrx_word' id='word_1_171' title='bbox 2207 1569 2341 1640; x_wconf 90' lang='lat' dir='ltr'><strong>ejus</strong></span> <span class='ocrx_word' id='word_1_172' title='bbox 2398 1569 2457 1623; x_wconf 92' lang='lat' dir='ltr'><strong>in</strong></span> <span class='ocrx_word' id='word_1_173' title='bbox 2498 1572 2803 1638; x_wconf 87' lang='lat' dir='ltr'><strong>aeternum,</strong></span> <span class='ocrx_word' id='word_1_174' title='bbox 2859 1574 2914 1623; x_wconf 90' lang='lat' dir='ltr'><strong>et</strong></span> <span class='ocrx_word' id='word_1_175' title='bbox 2957 1585 3205 1640; x_wconf 80' lang='lat' dir='ltr'><strong>regnum</strong></span> <span class='ocrx_word' id='word_1_176' title='bbox 3254 1566 3388 1638; x_wconf 88' lang='lat' dir='ltr'><strong>ejus</strong></span> <span class='ocrx_word' id='word_1_177' title='bbox 3436 1584 3561 1622; x_wconf 86' lang='lat' dir='ltr'><strong>ma-</strong></span> 
     </span>
    </p>
   </div>
   <div class='ocr_carea' id='block_1_18' title="bbox 1894 1654 3562 1727">
    <p class='ocr_par' dir='ltr' id='par_1_18' title="bbox 1894 1654 3562 1727">
     <span class='ocr_line' id='line_1_18' title="bbox 1894 1654 3562 1727; baseline 0.001 -18"><span class='ocrx_word' id='word_1_178' title='bbox 1894 1657 2056 1711; x_wconf 89' lang='lat' dir='ltr'><strong>nebit</strong></span> <span class='ocrx_word' id='word_1_179' title='bbox 2103 1658 2160 1710; x_wconf 89' lang='lat' dir='ltr'><strong>in</strong></span> <span class='ocrx_word' id='word_1_180' title='bbox 2203 1660 2507 1727; x_wconf 68' lang='lat' dir='ltr'><strong>aeternum,</strong></span> <span class='ocrx_word' id='word_1_181' title='bbox 2557 1656 2725 1727; x_wconf 88' lang='lat' dir='ltr'><strong>alias,</strong></span> <span class='ocrx_word' id='word_1_182' title='bbox 2782 1674 2899 1712; x_wconf 90' lang='lat' dir='ltr'><strong>non</strong></span> <span class='ocrx_word' id='word_1_183' title='bbox 2943 1660 3368 1726; x_wconf 89' lang='lat' dir='ltr'><strong>corrumpetur.</strong></span> <span class='ocrx_word' id='word_1_184' title='bbox 3408 1679 3430 1706; x_wconf 79' lang='lat' dir='ltr'><strong>n</strong></span> <span class='ocrx_word' id='word_1_185' title='bbox 3490 1654 3562 1710; x_wconf 87' lang='lat' dir='ltr'><strong>Et</strong></span> 
     </span>
    </p>
   </div>
   <div class='ocr_carea' id='block_1_19' title="bbox 1893 1744 3560 1818">
    <p class='ocr_par' dir='ltr' id='par_1_19' title="bbox 1893 1744 3560 1818">
     <span class='ocr_line' id='line_1_19' title="bbox 1893 1744 3560 1818; baseline 0.001 -18"><span class='ocrx_word' id='word_1_186' title='bbox 1893 1744 2269 1800; x_wconf 85' lang='lat' dir='ltr'><strong>manifestum</strong></span> <span class='ocrx_word' id='word_1_187' title='bbox 2323 1749 2442 1813; x_wconf 88' lang='lat' dir='ltr'><strong>est,</strong></span> <span class='ocrx_word' id='word_1_188' title='bbox 2490 1746 2724 1800; x_wconf 90' lang='lat' dir='ltr'><strong>domine</strong></span> <span class='ocrx_word' id='word_1_189' title='bbox 2783 1747 2888 1814; x_wconf 92' lang='lat' dir='ltr'><strong>mi,</strong></span> <span class='ocrx_word' id='word_1_190' title='bbox 2957 1746 3115 1818; x_wconf 86' lang='lat' dir='ltr'><strong>quod</strong></span> <span class='ocrx_word' id='word_1_191' title='bbox 3173 1747 3232 1799; x_wconf 91' lang='lat' dir='ltr'><strong>in</strong></span> <span class='ocrx_word' id='word_1_192' title='bbox 3295 1744 3560 1801; x_wconf 90' lang='lat' dir='ltr'><strong>secundo</strong></span> 
     </span>
    </p>
   </div>
   <div class='ocr_carea' id='block_1_20' title="bbox 1892 1833 3562 1905">
    <p class='ocr_par' dir='ltr' id='par_1_20' title="bbox 1892 1833 3562 1905">
     <span class='ocr_line' id='line_1_20' title="bbox 1892 1833 3562 1905; baseline 0.002 -17"><span class='ocrx_word' id='word_1_193' title='bbox 1892 1834 2148 1889; x_wconf 90' lang='lat' dir='ltr'><strong>adventu</strong></span> <span class='ocrx_word' id='word_1_194' title='bbox 2214 1834 2444 1890; x_wconf 89' lang='lat' dir='ltr'><strong>sedebit</strong></span> <span class='ocrx_word' id='word_1_195' title='bbox 2514 1834 2792 1889; x_wconf 88' lang='lat' dir='ltr'><strong>Christus</strong></span> <span class='ocrx_word' id='word_1_196' title='bbox 2868 1837 3001 1889; x_wconf 88' lang='lat' dir='ltr'><strong>ante</strong></span> <span class='ocrx_word' id='word_1_197' title='bbox 3057 1834 3377 1905; x_wconf 87' lang='lat' dir='ltr'><strong>Antiquum</strong></span> <span class='ocrx_word' id='word_1_198' title='bbox 3433 1833 3562 1891; x_wconf 84' lang='lat' dir='ltr'><strong>die-</strong></span> 
     </span>
    </p>
   </div>
   <div class='ocr_carea' id='block_1_21' title="bbox 174 1596 1783 1669">
    <p class='ocr_par' dir='ltr' id='par_1_21' title="bbox 174 1596 1783 1669">
     <span class='ocr_line' id='line_1_21' title="bbox 174 1596 1783 1669; baseline 0.005 -21"><span class='ocrx_word' id='word_1_199' title='bbox 174 1596 321 1664; x_wconf 85' lang='lat' dir='ltr'><strong>phetis</strong></span> <span class='ocrx_word' id='word_1_200' title='bbox 371 1598 426 1652; x_wconf 90' lang='lat' dir='ltr'><strong>in</strong></span> <span class='ocrx_word' id='word_1_201' title='bbox 471 1603 817 1669; x_wconf 87' lang='lat' dir='ltr'><strong>paupertate</strong></span> <span class='ocrx_word' id='word_1_202' title='bbox 865 1603 922 1654; x_wconf 89' lang='lat' dir='ltr'><strong>et</strong></span> <span class='ocrx_word' id='word_1_203' title='bbox 968 1600 1325 1668; x_wconf 85' lang='lat' dir='ltr'><strong>humilitate;</strong></span> <span class='ocrx_word' id='word_1_204' title='bbox 1375 1603 1679 1657; x_wconf 89' lang='lat' dir='ltr'><strong>secundus</strong></span> <span class='ocrx_word' id='word_1_205' title='bbox 1726 1603 1783 1656; x_wconf 93' lang='lat' dir='ltr'><strong>in</strong></span> 
     </span>
    </p>
   </div>
   <div class='ocr_carea' id='block_1_22' title="bbox 174 1685 1783 1762">
    <p class='ocr_par' dir='ltr' id='par_1_22' title="bbox 174 1685 1783 1762">
     <span class='ocr_line' id='line_1_22' title="bbox 174 1685 1783 1762; baseline 0.005 -25"><span class='ocrx_word' id='word_1_206' title='bbox 174 1685 317 1754; x_wconf 78' lang='lat' dir='ltr'><strong>gloria</strong></span> <span class='ocrx_word' id='word_1_207' title='bbox 344 1688 395 1740; x_wconf 92' lang='lat' dir='ltr'><strong>et</strong></span> <span class='ocrx_word' id='word_1_208' title='bbox 424 1686 757 1757; x_wconf 86' lang='lat' dir='ltr'><strong>majestate.</strong></span> <span class='ocrx_word' id='word_1_209' title='bbox 792 1688 862 1742; x_wconf 84' lang='lat' dir='ltr'><strong>Et</strong></span> <span class='ocrx_word' id='word_1_210' title='bbox 894 1689 965 1743; x_wconf 91' lang='lat' dir='ltr'><strong>de</strong></span> <span class='ocrx_word' id='word_1_211' title='bbox 996 1692 1248 1761; x_wconf 88' lang='lat' dir='ltr'><strong>utroque</strong></span> <span class='ocrx_word' id='word_1_212' title='bbox 1284 1690 1534 1744; x_wconf 90' lang='lat' dir='ltr'><strong>adventu</strong></span> <span class='ocrx_word' id='word_1_213' title='bbox 1572 1707 1783 1762; x_wconf 86' lang='lat' dir='ltr'><strong>propo-</strong></span> 
     </span>
    </p>
   </div>
   <div class='ocr_carea' id='block_1_23' title="bbox 169 1773 1785 1848">
    <p class='ocr_par' dir='ltr' id='par_1_23' title="bbox 169 1773 1785 1848">
     <span class='ocr_line' id='line_1_23' title="bbox 169 1773 1785 1848; baseline 0.006 -23"><span class='ocrx_word' id='word_1_214' title='bbox 169 1788 265 1825; x_wconf 85' lang='lat' dir='ltr'><strong>nam</strong></span> <span class='ocrx_word' id='word_1_215' title='bbox 291 1773 377 1827; x_wconf 87' lang='lat' dir='ltr'><strong>illa</strong></span> <span class='ocrx_word' id='word_1_216' title='bbox 403 1790 534 1845; x_wconf 56' lang='lat' dir='ltr'><strong>quae</strong></span> <span class='ocrx_word' id='word_1_217' title='bbox 573 1775 720 1829; x_wconf 86' lang='lat' dir='ltr'><strong>mihi</strong></span> <span class='ocrx_word' id='word_1_218' title='bbox 767 1780 1104 1831; x_wconf 87' lang='lat' dir='ltr'><strong>occurrunt.</strong></span> <span class='ocrx_word' id='word_1_219' title='bbox 1158 1778 1240 1832; x_wconf 91' lang='lat' dir='ltr'><strong>De</strong></span> <span class='ocrx_word' id='word_1_220' title='bbox 1290 1779 1479 1848; x_wconf 87' lang='lat' dir='ltr'><strong>primo</strong></span> <span class='ocrx_word' id='word_1_221' title='bbox 1530 1780 1785 1834; x_wconf 88' lang='lat' dir='ltr'><strong>adventu</strong></span> 
     </span>
    </p>
   </div>
   <div class='ocr_carea' id='block_1_24' title="bbox 169 1859 1780 1938">
    <p class='ocr_par' dir='ltr' id='par_1_24' title="bbox 169 1859 1780 1938">
     <span class='ocr_line' id='line_1_24' title="bbox 169 1859 1780 1938; baseline 0.006 -24"><span class='ocrx_word' id='word_1_222' title='bbox 169 1859 273 1915; x_wconf 89' lang='lat' dir='ltr'><strong>dicit</strong></span> <span class='ocrx_word' id='word_1_223' title='bbox 300 1862 443 1917; x_wconf 87' lang='lat' dir='ltr'><strong>Deus</strong></span> <span class='ocrx_word' id='word_1_224' title='bbox 473 1879 583 1933; x_wconf 87' lang='lat' dir='ltr'><strong>per</strong></span> <span class='ocrx_word' id='word_1_225' title='bbox 617 1880 687 1918; x_wconf 90' lang='lat' dir='ltr'><strong>os</strong></span> <span class='ocrx_word' id='word_1_226' title='bbox 735 1864 1034 1919; x_wconf 80' lang='lat' dir='ltr'><strong>Zachariae</strong></span> <span class='ocrx_word' id='word_1_227' title='bbox 1069 1881 1081 1920; x_wconf 91' lang='lat'><strong>:</strong></span> <span class='ocrx_word' id='word_1_228' title='bbox 1128 1887 1150 1912; x_wconf 80' lang='grc' dir='ltr'><strong>ιι</strong></span> <span class='ocrx_word' id='word_1_229' title='bbox 1178 1865 1428 1935; x_wconf 77' lang='lat' dir='ltr'><strong>Laetare,</strong></span> <span class='ocrx_word' id='word_1_230' title='bbox 1464 1868 1582 1921; x_wconf 81' lang='lat' dir='ltr'><strong>ﬁlia</strong></span> <span class='ocrx_word' id='word_1_231' title='bbox 1612 1868 1780 1938; x_wconf 90' lang='lat' dir='ltr'><strong>Sion,</strong></span> 
     </span>
    </p>
   </div>
   <div class='ocr_carea' id='block_1_25' title="bbox 167 1921 3564 2025">
    <p class='ocr_par' dir='ltr' id='par_1_25' title="bbox 167 1921 3564 2025">
     <span class='ocr_line' id='line_1_25' title="bbox 167 1921 3564 2025; baseline 0.007 -24"><span class='ocrx_word' id='word_1_232' title='bbox 167 1962 272 2001; x_wconf 83' lang='lat' dir='ltr'><strong>ecce</strong></span> <span class='ocrx_word' id='word_1_233' title='bbox 293 1953 613 2021; x_wconf 72' lang='lat' dir='ltr'><strong>praeceptor</strong></span> <span class='ocrx_word' id='word_1_234' title='bbox 651 1955 788 2006; x_wconf 89' lang='lat' dir='ltr'><strong>tuus</strong></span> <span class='ocrx_word' id='word_1_235' title='bbox 805 1953 1226 2024; x_wconf 88' lang='lat' dir='ltr'><strong>venitpauper,</strong></span> <span class='ocrx_word' id='word_1_236' title='bbox 1253 1921 1523 2025; x_wconf 74' lang='lat' dir='ltr'><strong>equitans</strong></span> <span class='ocrx_word' id='word_1_237' title='bbox 1551 1921 1786 2012; x_wconf 75' lang='lat' dir='ltr'><strong>asinum</strong></span> <span class='ocrx_word' id='word_1_238' title='bbox 1815 1948 1868 2011; x_wconf 85' lang='grc' dir='ltr'><strong><em>Β</em></strong></span> <span class='ocrx_word' id='word_1_239' title='bbox 1892 1939 2044 2022; x_wconf 50' lang='lat' dir='ltr'><strong>mfn’</strong></span> <span class='ocrx_word' id='word_1_240' title='bbox 2104 1923 2203 2025; x_wconf 57' lang='grc' dir='ltr'><strong>(Ῑίξί</strong></span> <span class='ocrx_word' id='word_1_241' title='bbox 2258 1927 2349 2025; x_wconf 47' lang='grc' dir='ltr'><strong>θῗι</strong></span> <span class='ocrx_word' id='word_1_242' title='bbox 2402 1923 2563 2025; x_wconf 45' lang='lat' dir='ltr'><strong>De?“</strong></span> <span class='ocrx_word' id='word_1_243' title='bbox 2614 1923 2686 2025; x_wconf 59' lang='lat' dir='ltr'><strong>‘Td</strong></span> <span class='ocrx_word' id='word_1_244' title='bbox 2725 1923 3038 2025; x_wconf 63' lang='lat' dir='ltr'><strong>JUdic.ium’</strong></span> <span class='ocrx_word' id='word_1_245' title='bbox 3063 1923 3249 2025; x_wconf 53' lang='lat' dir='ltr'><strong>,Sifmt</strong></span> <span class='ocrx_word' id='word_1_246' title='bbox 3303 1922 3457 2025; x_wconf 40' lang='lat' dir='ltr'><strong>scim</strong></span> 
     </span>
    </p>
   </div>
   <div class='ocr_carea' id='block_1_26' title="bbox 168 2010 3566 2107">
    <p class='ocr_par' dir='ltr' id='par_1_26' title="bbox 168 2010 3566 2107">
     <span class='ocr_line' id='line_1_26' title="bbox 168 2010 3566 2107; baseline -0.011 -6"><span class='ocrx_word' id='word_1_247' title='bbox 168 2010 325 2101; x_wconf 67' lang='lat' dir='ltr'><strong>(lacti.</strong></span> <span class='ocrx_word' id='word_1_248' title='bbox 355 2040 450 2107; x_wconf 80' lang='lat' dir='ltr'><strong>ix).</strong></span> <span class='ocrx_word' id='word_1_249' title='bbox 472 2010 510 2086; x_wconf 74' lang='grc' dir='ltr'><strong>⁸ιι</strong></span> <span class='ocrx_word' id='word_1_250' title='bbox 545 2039 697 2094; x_wconf 84' lang='lat' dir='ltr'><strong>Etin</strong></span> <span class='ocrx_word' id='word_1_251' title='bbox 727 2041 843 2096; x_wconf 92' lang='lat' dir='ltr'><strong>isto</strong></span> <span class='ocrx_word' id='word_1_252' title='bbox 866 2010 1120 2096; x_wconf 63' lang='lat' dir='ltr'><strong>adventi;</strong></span> <span class='ocrx_word' id='word_1_253' title='bbox 1134 2010 1423 2098; x_wconf 72' lang='lat' dir='ltr'><strong>describit</strong></span> <span class='ocrx_word' id='word_1_254' title='bbox 1445 2060 1580 2099; x_wconf 89' lang='lat' dir='ltr'><strong>eum</strong></span> <span class='ocrx_word' id='word_1_255' title='bbox 1597 2010 1785 2100; x_wconf 79' lang='lat' dir='ltr'><strong>Isaias</strong></span> <span class='ocrx_word' id='word_1_256' title='bbox 1822 2010 1849 2011; x_wconf 26' lang='lat'><em>7</em></span> <span class='ocrx_word' id='word_1_257' title='bbox 1891 2012 2079 2107; x_wconf 48' lang='lat' dir='ltr'><strong>prim?</strong></span> <span class='ocrx_word' id='word_1_258' title='bbox 2111 2012 2365 2107; x_wconf 53' lang='grc' dir='ltr'><strong>θάῖξηιξι</strong></span> <span class='ocrx_word' id='word_1_259' title='bbox 2388 2014 2752 2107; x_wconf 48' lang='grc' dir='ltr'><strong>βηῐθ-ρειῑιτθε</strong></span> <span class='ocrx_word' id='word_1_260' title='bbox 2773 2015 3032 2107; x_wconf 62' lang='lat' dir='ltr'><strong>nostros,</strong></span> <span class='ocrx_word' id='word_1_261' title='bbox 3052 2012 3316 2107; x_wconf 63' lang='lat' dir='ltr'><strong>dudmos,</strong></span> <span class='ocrx_word' id='word_1_262' title='bbox 3335 2010 3566 2107; x_wconf 70' lang='lat' dir='ltr'><strong>utjudi-</strong></span> 
     </span>
    </p>
   </div>
   <div class='ocr_carea' id='block_1_27' title="bbox 166 2099 3565 2204">
    <p class='ocr_par' dir='ltr' id='par_1_27' title="bbox 166 2099 3565 2204">
     <span class='ocr_line' id='line_1_27' title="bbox 166 2099 3565 2204; baseline 0.006 -26"><span class='ocrx_word' id='word_1_263' title='bbox 166 2099 455 2195; x_wconf 83' lang='lat' dir='ltr'><strong>despectum</strong></span> <span class='ocrx_word' id='word_1_264' title='bbox 477 2127 647 2196; x_wconf 71' lang='lat' dir='ltr'><strong>(Issi.</strong></span> <span class='ocrx_word' id='word_1_265' title='bbox 670 2130 812 2199; x_wconf 76' lang='lat' dir='ltr'><strong>LIII),</strong></span> <span class='ocrx_word' id='word_1_266' title='bbox 840 2130 1043 2185; x_wconf 91' lang='lat' dir='ltr'><strong>Daniel</strong></span> <span class='ocrx_word' id='word_1_267' title='bbox 1066 2133 1331 2186; x_wconf 89' lang='lat' dir='ltr'><strong>occisum</strong></span> <span class='ocrx_word' id='word_1_268' title='bbox 1355 2131 1525 2199; x_wconf 87' lang='lat' dir='ltr'><strong>(Dan.</strong></span> <span class='ocrx_word' id='word_1_269' title='bbox 1558 2134 1660 2204; x_wconf 83' lang='lat' dir='ltr'><strong>ix),</strong></span> <span class='ocrx_word' id='word_1_270' title='bbox 1682 2099 1785 2188; x_wconf 41' lang='lat' dir='ltr'><strong>Za;</strong></span> <span class='ocrx_word' id='word_1_271' title='bbox 1893 2103 2125 2204; x_wconf 39' lang='lat'><strong>$31.9“?</strong></span> <span class='ocrx_word' id='word_1_272' title='bbox 2132 2099 2271 2199; x_wconf 62' lang='lat' dir='ltr'><strong>‘,Et</strong></span> <span class='ocrx_word' id='word_1_273' title='bbox 2313 2101 2475 2204; x_wconf 45' lang='lat' dir='ltr'><strong>istos</strong></span> <span class='ocrx_word' id='word_1_274' title='bbox 2525 2101 3014 2204; x_wconf 48' lang='lat' dir='ltr'><strong>9u?s“adY(fn.tus</strong></span> <span class='ocrx_word' id='word_1_275' title='bbox 3063 2100 3323 2204; x_wconf 49' lang='grc' dir='ltr'><strong>θῖθδδίθθν</strong></span> <span class='ocrx_word' id='word_1_276' title='bbox 3369 2099 3565 2204; x_wconf 42' lang='lat' dir='ltr'><strong>agt</strong></span> 
     </span>
    </p>
   </div>
   <div class='ocr_carea' id='block_1_28' title="bbox 167 2187 3553 2294">
    <p class='ocr_par' dir='ltr' id='par_1_28' title="bbox 167 2187 3553 2294">
     <span class='ocr_line' id='line_1_28' title="bbox 167 2187 3553 2294; baseline 0.008 -30"><span class='ocrx_word' id='word_1_277' title='bbox 167 2187 354 2270; x_wconf 73' lang='lat' dir='ltr'><strong>charias</strong></span> <span class='ocrx_word' id='word_1_278' title='bbox 382 2222 436 2270; x_wconf 90' lang='lat' dir='ltr'><strong>et</strong></span> <span class='ocrx_word' id='word_1_279' title='bbox 465 2187 656 2272; x_wconf 52' lang='lat' dir='ltr'><strong>Amos</strong></span> <span class='ocrx_word' id='word_1_280' title='bbox 688 2187 990 2273; x_wconf 70' lang='lat' dir='ltr'><strong>venditum</strong></span> <span class='ocrx_word' id='word_1_281' title='bbox 1020 2219 1181 2287; x_wconf 89' lang='lat' dir='ltr'><strong>(Zac.</strong></span> <span class='ocrx_word' id='word_1_282' title='bbox 1218 2223 1319 2290; x_wconf 83' lang='lat' dir='ltr'><strong>ix),</strong></span> <span class='ocrx_word' id='word_1_283' title='bbox 1354 2187 1410 2275; x_wconf 79' lang='lat' dir='ltr'><strong>et</strong></span> <span class='ocrx_word' id='word_1_284' title='bbox 1439 2187 1786 2294; x_wconf 55' lang='lat' dir='ltr'><strong>tamennjam</strong></span> <span class='ocrx_word' id='word_1_285' title='bbox 1891 2187 2130 2294; x_wconf 40' lang='lat' dir='ltr'><strong>besfi’</strong></span> <span class='ocrx_word' id='word_1_286' title='bbox 2165 2188 2353 2294; x_wconf 36' lang='lat' dir='ltr'><strong>influit</strong></span> <span class='ocrx_word' id='word_1_287' title='bbox 2383 2189 2670 2289; x_wconf 53' lang='lat' dir='ltr'><strong>mpm?“</strong></span> <span class='ocrx_word' id='word_1_288' title='bbox 2690 2188 2874 2243; x_wconf 65' lang='lat' dir='ltr'><strong>DaVid</strong></span> <span class='ocrx_word' id='word_1_289' title='bbox 2894 2189 2957 2294; x_wconf 46' lang='lat' dir='ltr'><strong>in</strong></span> <span class='ocrx_word' id='word_1_290' title='bbox 2989 2187 3553 2294; x_wconf 41' lang='grc' dir='ltr'><strong>ηδ⁸.¹,¹“ῗ³ίῗ¹¹¹¹ἷῗῗίῖ³ίξῗ</strong></span> 
     </span>
    </p>
   </div>
   <div class='ocr_carea' id='block_1_29' title="bbox 167 2276 3563 2379">
    <p class='ocr_par' dir='ltr' id='par_1_29' title="bbox 167 2276 3563 2379">
     <span class='ocr_line' id='line_1_29' title="bbox 167 2276 3563 2379; baseline -0.008 -24"><span class='ocrx_word' id='word_1_291' title='bbox 167 2300 356 2358; x_wconf 83' lang='lat' dir='ltr'><strong>inerunt</strong></span> <span class='ocrx_word' id='word_1_292' title='bbox 395 2306 689 2375; x_wconf 88' lang='lat' dir='ltr'><strong>completa</strong></span> <span class='ocrx_word' id='word_1_293' title='bbox 718 2306 925 2376; x_wconf 86' lang='lat' dir='ltr'><strong>(Amos</strong></span> <span class='ocrx_word' id='word_1_294' title='bbox 954 2276 1039 2375; x_wconf 65' lang='grc' dir='ltr'><strong>ιιιῇ</strong></span> <span class='ocrx_word' id='word_1_295' title='bbox 1067 2324 1201 2379; x_wconf 84' lang='lat' dir='ltr'><strong>quae</strong></span> <span class='ocrx_word' id='word_1_296' title='bbox 1233 2276 1521 2364; x_wconf 51' lang='lat' dir='ltr'><strong>inulibello</strong></span> <span class='ocrx_word' id='word_1_297' title='bbox 1552 2276 1784 2365; x_wconf 59' lang='lat' dir='ltr'><strong>deseri-</strong></span> <span class='ocrx_word' id='word_1_298' title='bbox 1895 2276 2126 2379; x_wconf 47' lang='lat' dir='ltr'><strong>:‘nQuja</strong></span> <span class='ocrx_word' id='word_1_299' title='bbox 2182 2277 2361 2379; x_wconf 65' lang='grc' dir='ltr'><strong>νθξιίίν</strong></span> <span class='ocrx_word' id='word_1_300' title='bbox 2407 2278 2698 2379; x_wconf 52' lang='grc' dir='ltr'><strong>ἓυοιξίαηι</strong></span> <span class='ocrx_word' id='word_1_301' title='bbox 2762 2278 2933 2377; x_wconf 40' lang='lat' dir='ltr'><strong>.Venit</strong></span> <span class='ocrx_word' id='word_1_302' title='bbox 2996 2276 3272 2379; x_wconf 70' lang='lat' dir='ltr'><strong>judicare</strong></span> <span class='ocrx_word' id='word_1_303' title='bbox 3311 2277 3563 2379; x_wconf 41' lang='lat' dir='ltr'><strong>‘tei-rain</strong></span> 
     </span>
    </p>
   </div>
   <div class='ocr_carea' id='block_1_30' title="bbox 164 2364 1782 2469">
    <p class='ocr_par' dir='ltr' id='par_1_30' title="bbox 164 2390 1781 2469">
     <span class='ocr_line' id='line_1_30' title="bbox 164 2390 1781 2469; baseline 0.007 -27"><span class='ocrx_word' id='word_1_304' title='bbox 164 2390 252 2457; x_wconf 86' lang='lat' dir='ltr'><strong>psit</strong></span> <span class='ocrx_word' id='word_1_305' title='bbox 267 2394 315 2445; x_wconf 86' lang='lat' dir='ltr'><strong>et</strong></span> <span class='ocrx_word' id='word_1_306' title='bbox 331 2392 686 2464; x_wconf 88' lang='lat' dir='ltr'><strong>describam,</strong></span> <span class='ocrx_word' id='word_1_307' title='bbox 709 2395 841 2449; x_wconf 92' lang='lat' dir='ltr'><strong>Non</strong></span> <span class='ocrx_word' id='word_1_308' title='bbox 865 2397 1272 2465; x_wconf 89' lang='lat' dir='ltr'><strong>reputavimus</strong></span> <span class='ocrx_word' id='word_1_309' title='bbox 1286 2413 1440 2465; x_wconf 88' lang='lat' dir='ltr'><strong>eum,</strong></span> <span class='ocrx_word' id='word_1_310' title='bbox 1469 2399 1524 2452; x_wconf 92' lang='lat' dir='ltr'><strong>id</strong></span> <span class='ocrx_word' id='word_1_311' title='bbox 1538 2403 1649 2469; x_wconf 93' lang='lat' dir='ltr'><strong>est,</strong></span> <span class='ocrx_word' id='word_1_312' title='bbox 1666 2415 1781 2454; x_wconf 90' lang='lat' dir='ltr'><strong>non</strong></span> 
     </span>
    </p>
   </div>
   <div class='ocr_carea' id='block_1_31' title="bbox 1892 2364 3563 2469">
    <p class='ocr_par' dir='ltr' id='par_1_31' title="bbox 1892 2364 3563 2437">
     <span class='ocr_line' id='line_1_31' title="bbox 1892 2364 3563 2437; baseline -0.001 -18"><span class='ocrx_word' id='word_1_313' title='bbox 1892 2364 2079 2433; x_wconf 84' lang='lat' dir='ltr'><strong>(Psal.</strong></span> <span class='ocrx_word' id='word_1_314' title='bbox 2104 2366 2306 2435; x_wconf 82' lang='lat' dir='ltr'><strong>xcvn).</strong></span> <span class='ocrx_word' id='word_1_315' title='bbox 2349 2389 2370 2414; x_wconf 79' lang='grc' dir='ltr'><strong>»ι</strong></span> <span class='ocrx_word' id='word_1_316' title='bbox 2407 2365 2656 2434; x_wconf 85' lang='lat' dir='ltr'><strong>Propter</strong></span> <span class='ocrx_word' id='word_1_317' title='bbox 2683 2366 2937 2436; x_wconf 84' lang='lat' dir='ltr'><strong>primum</strong></span> <span class='ocrx_word' id='word_1_318' title='bbox 2966 2364 3101 2437; x_wconf 87' lang='lat' dir='ltr'><strong>ejus</strong></span> <span class='ocrx_word' id='word_1_319' title='bbox 3115 2364 3432 2419; x_wconf 86' lang='lat' dir='ltr'><strong>adventum</strong></span> <span class='ocrx_word' id='word_1_320' title='bbox 3461 2364 3563 2435; x_wconf 88' lang='lat' dir='ltr'><strong>qui</strong></span> 
     </span>
    </p>
   </div>
   <div class='ocr_carea' id='block_1_32' title="bbox 165 2452 3560 2558">
    <p class='ocr_par' dir='ltr' id='par_1_32' title="bbox 165 2452 3560 2558">
     <span class='ocr_line' id='line_1_32' title="bbox 165 2452 3560 2558; baseline 0.006 -26"><span class='ocrx_word' id='word_1_321' title='bbox 165 2452 501 2549; x_wconf 68' lang='lat' dir='ltr'><strong>cognovimus</strong></span> <span class='ocrx_word' id='word_1_322' title='bbox 531 2452 694 2552; x_wconf 72' lang='lat' dir='ltr'><strong>eum,</strong></span> <span class='ocrx_word' id='word_1_323' title='bbox 731 2484 886 2539; x_wconf 90' lang='lat' dir='ltr'><strong>sicut</strong></span> <span class='ocrx_word' id='word_1_324' title='bbox 916 2452 1062 2538; x_wconf 77' lang='lat' dir='ltr'><strong>dixit</strong></span> <span class='ocrx_word' id='word_1_325' title='bbox 1090 2485 1275 2540; x_wconf 86' lang='lat' dir='ltr'><strong>Isaias</strong></span> <span class='ocrx_word' id='word_1_326' title='bbox 1299 2452 1583 2558; x_wconf 76' lang='lat' dir='ltr'><strong>propheta</strong></span> <span class='ocrx_word' id='word_1_327' title='bbox 1621 2452 1779 2555; x_wconf 50' lang='lat' dir='ltr'><strong>(’Isai.</strong></span> <span class='ocrx_word' id='word_1_328' title='bbox 1895 2452 2002 2558; x_wconf 46' lang='lat' dir='ltr'><strong>tu“</strong></span> <span class='ocrx_word' id='word_1_329' title='bbox 2051 2454 2323 2524; x_wconf 64' lang='lat' dir='ltr'><strong>simplex’</strong></span> <span class='ocrx_word' id='word_1_330' title='bbox 2348 2453 2562 2558; x_wconf 41' lang='lat' dir='ltr'><strong>,dicnu:</strong></span> <span class='ocrx_word' id='word_1_331' title='bbox 2614 2454 2746 2525; x_wconf 54' lang='lat' dir='ltr'><strong>qum</strong></span> <span class='ocrx_word' id='word_1_332' title='bbox 2810 2454 3002 2558; x_wconf 38' lang='lat' dir='ltr'><strong>Item};</strong></span> <span class='ocrx_word' id='word_1_333' title='bbox 3057 2455 3294 2558; x_wconf 47' lang='lat' dir='ltr'><strong>ppfer</strong></span> 
     </span>
    </p>
   </div>
   <div class='ocr_carea' id='block_1_33' title="bbox 163 2541 3561 2645">
    <p class='ocr_par' dir='ltr' id='par_1_33' title="bbox 163 2541 3561 2645">
     <span class='ocr_line' id='line_1_33' title="bbox 163 2541 3561 2645; baseline 0.004 -28"><span class='ocrx_word' id='word_1_334' title='bbox 163 2571 270 2635; x_wconf 80' lang='lat' dir='ltr'><strong>Lm),</strong></span> <span class='ocrx_word' id='word_1_335' title='bbox 297 2569 392 2623; x_wconf 89' lang='lat' dir='ltr'><strong>sed</strong></span> <span class='ocrx_word' id='word_1_336' title='bbox 420 2541 811 2641; x_wconf 76' lang='lat' dir='ltr'><strong>despeximus</strong></span> <span class='ocrx_word' id='word_1_337' title='bbox 849 2589 983 2628; x_wconf 89' lang='lat' dir='ltr'><strong>eum</strong></span> <span class='ocrx_word' id='word_1_338' title='bbox 1022 2577 1079 2629; x_wconf 91' lang='lat' dir='ltr'><strong>et</strong></span> <span class='ocrx_word' id='word_1_339' title='bbox 1123 2541 1544 2645; x_wconf 65' lang='lat' dir='ltr'><strong>praevdluiinus</strong></span> <span class='ocrx_word' id='word_1_340' title='bbox 1578 2541 1783 2631; x_wconf 78' lang='lat' dir='ltr'><strong>contra</strong></span> <span class='ocrx_word' id='word_1_341' title='bbox 1892 2541 2218 2645; x_wconf 38' lang='lat' dir='ltr'><strong>dumu‘ferf</strong></span> <span class='ocrx_word' id='word_1_342' title='bbox 2263 2542 2406 2645; x_wconf 41' lang='lat' dir='ltr'><strong>quia.</strong></span> <span class='ocrx_word' id='word_1_343' title='bbox 2436 2542 2546 2597; x_wconf 56' lang='lat' dir='ltr'><strong>erit</strong></span> <span class='ocrx_word' id='word_1_344' title='bbox 2576 2559 2708 2645; x_wconf 45' lang='lat' dir='ltr'><strong>cu?</strong></span> <span class='ocrx_word' id='word_1_345' title='bbox 2749 2543 3027 2645; x_wconf 51' lang='lat' dir='ltr'><strong>potenti?’</strong></span> <span class='ocrx_word' id='word_1_346' title='bbox 3080 2541 3267 2645; x_wconf 54' lang='lat' dir='ltr'><strong>(“&quot;i&quot;,</strong></span> <span class='ocrx_word' id='word_1_347' title='bbox 3295 2555 3561 2645; x_wconf 40' lang='lat' dir='ltr'><strong>qm???&quot;</strong></span> 
     </span>
    </p>
   </div>
   <div class='ocr_carea' id='block_1_34' title="bbox 161 2629 3564 2732">
    <p class='ocr_par' dir='ltr' id='par_1_34' title="bbox 161 2629 3564 2732">
     <span class='ocr_line' id='line_1_34' title="bbox 161 2629 3564 2732; baseline 0.007 -25"><span class='ocrx_word' id='word_1_348' title='bbox 161 2629 279 2708; x_wconf 73' lang='lat' dir='ltr'><strong>enni.</strong></span> <span class='ocrx_word' id='word_1_349' title='bbox 304 2656 410 2712; x_wconf 89' lang='lat' dir='ltr'><strong>Sed</strong></span> <span class='ocrx_word' id='word_1_350' title='bbox 441 2629 642 2730; x_wconf 64' lang='lat' dir='ltr'><strong>gleria</strong></span> <span class='ocrx_word' id='word_1_351' title='bbox 664 2659 800 2732; x_wconf 90' lang='lat' dir='ltr'><strong>ejus</strong></span> <span class='ocrx_word' id='word_1_352' title='bbox 832 2665 891 2716; x_wconf 90' lang='lat' dir='ltr'><strong>et</strong></span> <span class='ocrx_word' id='word_1_353' title='bbox 921 2629 1205 2732; x_wconf 69' lang='lat' dir='ltr'><strong>majestas</strong></span> <span class='ocrx_word' id='word_1_354' title='bbox 1235 2665 1347 2718; x_wconf 88' lang='lat' dir='ltr'><strong>erit</strong></span> <span class='ocrx_word' id='word_1_355' title='bbox 1375 2629 1782 2720; x_wconf 58' lang='lat' dir='ltr'><strong>manifestam</strong></span> <span class='ocrx_word' id='word_1_356' title='bbox 1897 2630 2059 2732; x_wconf 56' lang='grc' dir='ltr'><strong>νθῖἶίί</strong></span> <span class='ocrx_word' id='word_1_357' title='bbox 2075 2630 2632 2732; x_wconf 60' lang='lat' dir='ltr'><strong>j&quot;§’°{&quot;‘”,‘9mm&#39;</strong></span> <span class='ocrx_word' id='word_1_358' title='bbox 2666 2632 2746 2732; x_wconf 58' lang='lat'><strong>9°</strong></span> <span class='ocrx_word' id='word_1_359' title='bbox 2766 2631 3031 2732; x_wconf 48' lang='lat' dir='ltr'><strong>ﬁecunflo</strong></span> <span class='ocrx_word' id='word_1_360' title='bbox 3045 2630 3177 2730; x_wconf 48' lang='lat' dir='ltr'><strong>ei.“</strong></span> <span class='ocrx_word' id='word_1_361' title='bbox 3199 2630 3457 2732; x_wconf 32' lang='lat' dir='ltr'><strong>me“?</strong></span> <span class='ocrx_word' id='word_1_362' title='bbox 3478 2629 3564 2728; x_wconf 34' lang='grc' dir='ltr'><strong>ΙΨ</strong></span> 
     </span>
    </p>
   </div>
   <div class='ocr_carea' id='block_1_35' title="bbox 159 2746 1782 2825">
    <p class='ocr_par' dir='ltr' id='par_1_35' title="bbox 159 2746 1782 2825">
     <span class='ocr_line' id='line_1_35' title="bbox 159 2746 1782 2825; baseline 0.009 -30"><span class='ocrx_word' id='word_1_363' title='bbox 159 2746 371 2800; x_wconf 85' lang='lat' dir='ltr'><strong>secundo</strong></span> <span class='ocrx_word' id='word_1_364' title='bbox 399 2746 533 2817; x_wconf 88' lang='lat' dir='ltr'><strong>ejus</strong></span> <span class='ocrx_word' id='word_1_365' title='bbox 551 2748 842 2819; x_wconf 88' lang='lat' dir='ltr'><strong>adventu,</strong></span> <span class='ocrx_word' id='word_1_366' title='bbox 865 2752 1099 2821; x_wconf 87' lang='lat' dir='ltr'><strong>quando</strong></span> <span class='ocrx_word' id='word_1_367' title='bbox 1119 2752 1277 2824; x_wconf 83' lang='lat' dir='ltr'><strong>ignis</strong></span> <span class='ocrx_word' id='word_1_368' title='bbox 1311 2756 1366 2806; x_wconf 90' lang='lat' dir='ltr'><strong>et</strong></span> <span class='ocrx_word' id='word_1_369' title='bbox 1387 2753 1617 2808; x_wconf 79' lang='lat' dir='ltr'><strong>flamma</strong></span> <span class='ocrx_word' id='word_1_370' title='bbox 1633 2771 1782 2825; x_wconf 77' lang='lat' dir='ltr'><strong>prae-</strong></span> 
     </span>
    </p>
   </div>
   <div class='ocr_carea' id='block_1_36' title="bbox 162 2832 1782 2909">
    <p class='ocr_par' dir='ltr' id='par_1_36' title="bbox 162 2832 1782 2909">
     <span class='ocr_line' id='line_1_36' title="bbox 162 2832 1782 2909; baseline 0.009 -26"><span class='ocrx_word' id='word_1_371' title='bbox 162 2832 289 2885; x_wconf 84' lang='lat' dir='ltr'><strong>cedet</strong></span> <span class='ocrx_word' id='word_1_372' title='bbox 326 2850 471 2903; x_wconf 85' lang='lat' dir='ltr'><strong>eum,</strong></span> <span class='ocrx_word' id='word_1_373' title='bbox 506 2839 565 2891; x_wconf 82' lang='lat' dir='ltr'><strong>et</strong></span> <span class='ocrx_word' id='word_1_374' title='bbox 613 2839 982 2909; x_wconf 83' lang='lat' dir='ltr'><strong>exardescet,</strong></span> <span class='ocrx_word' id='word_1_375' title='bbox 1017 2845 1074 2895; x_wconf 90' lang='lat' dir='ltr'><strong>et</strong></span> <span class='ocrx_word' id='word_1_376' title='bbox 1105 2841 1491 2897; x_wconf 72' lang='lat' dir='ltr'><strong>inflammabit</strong></span> <span class='ocrx_word' id='word_1_377' title='bbox 1530 2843 1782 2898; x_wconf 82' lang='lat' dir='ltr'><strong>circuitu</strong></span> 
     </span>
    </p>
   </div>
   <div class='ocr_carea' id='block_1_37' title="bbox 164 2918 1782 3001">
    <p class='ocr_par' dir='ltr' id='par_1_37' title="bbox 164 2918 1782 3001">
     <span class='ocr_line' id='line_1_37' title="bbox 164 2918 1782 3001; baseline 0.011 -32"><span class='ocrx_word' id='word_1_378' title='bbox 164 2918 382 2977; x_wconf 86' lang='lat' dir='ltr'><strong>inimicos</strong></span> <span class='ocrx_word' id='word_1_379' title='bbox 411 2924 546 2995; x_wconf 88' lang='lat' dir='ltr'><strong>ejus</strong></span> <span class='ocrx_word' id='word_1_380' title='bbox 581 2926 775 2992; x_wconf 84' lang='lat' dir='ltr'><strong>(Psal.</strong></span> <span class='ocrx_word' id='word_1_381' title='bbox 813 2930 997 2998; x_wconf 83' lang='lat' dir='ltr'><strong>xcui),</strong></span> <span class='ocrx_word' id='word_1_382' title='bbox 1036 2929 1191 2983; x_wconf 91' lang='lat' dir='ltr'><strong>sicut</strong></span> <span class='ocrx_word' id='word_1_383' title='bbox 1226 2930 1367 2985; x_wconf 88' lang='lat' dir='ltr'><strong>dicit</strong></span> <span class='ocrx_word' id='word_1_384' title='bbox 1387 2931 1548 2986; x_wconf 90' lang='lat' dir='ltr'><strong>Deus</strong></span> <span class='ocrx_word' id='word_1_385' title='bbox 1578 2948 1686 3001; x_wconf 90' lang='lat' dir='ltr'><strong>per</strong></span> <span class='ocrx_word' id='word_1_386' title='bbox 1713 2948 1782 2986; x_wconf 81' lang='lat' dir='ltr'><strong>os</strong></span> 
     </span>
    </p>
   </div>
   <div class='ocr_carea' id='block_1_38' title="bbox 163 3008 1780 3090">
    <p class='ocr_par' dir='ltr' id='par_1_38' title="bbox 163 3008 1780 3090">
     <span class='ocr_line' id='line_1_38' title="bbox 163 3008 1780 3090; baseline 0.009 -31"><span class='ocrx_word' id='word_1_387' title='bbox 163 3008 523 3078; x_wconf 87' lang='lat' dir='ltr'><strong>prophetarum</strong></span> <span class='ocrx_word' id='word_1_388' title='bbox 558 3015 750 3069; x_wconf 85' lang='lat' dir='ltr'><strong>David</strong></span> <span class='ocrx_word' id='word_1_389' title='bbox 781 3020 837 3070; x_wconf 93' lang='lat' dir='ltr'><strong>et</strong></span> <span class='ocrx_word' id='word_1_390' title='bbox 867 3017 1058 3072; x_wconf 60' lang='lat' dir='ltr'><strong>Isaiae.</strong></span> <span class='ocrx_word' id='word_1_391' title='bbox 1091 3018 1163 3073; x_wconf 87' lang='lat' dir='ltr'><strong>Et</strong></span> <span class='ocrx_word' id='word_1_392' title='bbox 1185 3018 1381 3084; x_wconf 87' lang='lat' dir='ltr'><strong>timeo,</strong></span> <span class='ocrx_word' id='word_1_393' title='bbox 1416 3020 1651 3075; x_wconf 83' lang='lat' dir='ltr'><strong>domine</strong></span> <span class='ocrx_word' id='word_1_394' title='bbox 1680 3021 1780 3090; x_wconf 91' lang='lat' dir='ltr'><strong>mi,</strong></span> 
     </span>
    </p>
   </div>
   <div class='ocr_carea' id='block_1_39' title="bbox 160 3097 1783 3181">
    <p class='ocr_par' dir='ltr' id='par_1_39' title="bbox 160 3097 1783 3181">
     <span class='ocr_line' id='line_1_39' title="bbox 160 3097 1783 3181; baseline 0.009 -33"><span class='ocrx_word' id='word_1_395' title='bbox 160 3097 279 3163; x_wconf 87' lang='lat' dir='ltr'><strong>quod</strong></span> <span class='ocrx_word' id='word_1_396' title='bbox 304 3099 571 3157; x_wconf 86' lang='lat' dir='ltr'><strong>Christus</strong></span> <span class='ocrx_word' id='word_1_397' title='bbox 606 3120 726 3158; x_wconf 91' lang='lat' dir='ltr'><strong>non</strong></span> <span class='ocrx_word' id='word_1_398' title='bbox 752 3104 1043 3176; x_wconf 87' lang='lat' dir='ltr'><strong>judicabit</strong></span> <span class='ocrx_word' id='word_1_399' title='bbox 1075 3107 1246 3161; x_wconf 89' lang='lat' dir='ltr'><strong>aliter</strong></span> <span class='ocrx_word' id='word_1_400' title='bbox 1274 3124 1449 3178; x_wconf 86' lang='lat' dir='ltr'><strong>quam</strong></span> <span class='ocrx_word' id='word_1_401' title='bbox 1479 3124 1614 3162; x_wconf 91' lang='lat' dir='ltr'><strong>cum</strong></span> <span class='ocrx_word' id='word_1_402' title='bbox 1644 3109 1783 3181; x_wconf 85' lang='lat' dir='ltr'><strong>igne</strong></span> 
     </span>
    </p>
   </div>
   <div class='ocr_carea' id='block_1_40' title="bbox 159 3182 1781 3268">
    <p class='ocr_par' dir='ltr' id='par_1_40' title="bbox 159 3182 1781 3268">
     <span class='ocr_line' id='line_1_40' title="bbox 159 3182 1781 3268; baseline 0.01 -33"><span class='ocrx_word' id='word_1_403' title='bbox 159 3182 212 3235; x_wconf 86' lang='lat' dir='ltr'><strong>ad</strong></span> <span class='ocrx_word' id='word_1_404' title='bbox 236 3192 455 3243; x_wconf 87' lang='lat' dir='ltr'><strong>mortem</strong></span> <span class='ocrx_word' id='word_1_405' title='bbox 483 3193 629 3262; x_wconf 88' lang='lat' dir='ltr'><strong>quia</strong></span> <span class='ocrx_word' id='word_1_406' title='bbox 650 3209 762 3247; x_wconf 90' lang='lat' dir='ltr'><strong>nos</strong></span> <span class='ocrx_word' id='word_1_407' title='bbox 795 3194 1203 3251; x_wconf 78' lang='lat' dir='ltr'><strong>interfecimus</strong></span> <span class='ocrx_word' id='word_1_408' title='bbox 1236 3211 1443 3251; x_wconf 90' lang='lat' dir='ltr'><strong>omnes</strong></span> <span class='ocrx_word' id='word_1_409' title='bbox 1461 3197 1781 3268; x_wconf 88' lang='lat' dir='ltr'><strong>prophetas</strong></span> 
     </span>
    </p>
   </div>
   <div class='ocr_carea' id='block_1_41' title="bbox 160 3274 1871 3359">
    <p class='ocr_par' dir='ltr' id='par_1_41' title="bbox 160 3274 1871 3359">
     <span class='ocr_line' id='line_1_41' title="bbox 160 3274 1871 3359; baseline 0.01 -34"><span class='ocrx_word' id='word_1_410' title='bbox 160 3274 235 3340; x_wconf 84' lang='lat' dir='ltr'><strong>qui</strong></span> <span class='ocrx_word' id='word_1_411' title='bbox 256 3280 743 3335; x_wconf 85' lang='lat' dir='ltr'><strong>annuntiaverunt</strong></span> <span class='ocrx_word' id='word_1_412' title='bbox 772 3282 947 3337; x_wconf 90' lang='lat' dir='ltr'><strong>nobis</strong></span> <span class='ocrx_word' id='word_1_413' title='bbox 979 3283 1051 3338; x_wconf 89' lang='lat' dir='ltr'><strong>de</strong></span> <span class='ocrx_word' id='word_1_414' title='bbox 1077 3283 1226 3352; x_wconf 91' lang='lat' dir='ltr'><strong>ipso.</strong></span> <span class='ocrx_word' id='word_1_415' title='bbox 1254 3285 1413 3340; x_wconf 91' lang='lat' dir='ltr'><strong>Deus</strong></span> <span class='ocrx_word' id='word_1_416' title='bbox 1434 3286 1783 3340; x_wconf 82' lang='lat' dir='ltr'><strong>testiﬁcatur</strong></span> <span class='ocrx_word' id='word_1_417' title='bbox 1808 3296 1871 3359; x_wconf 28' lang='lat' dir='ltr'><strong>Ac</strong></span> 
     </span>
    </p>
   </div>
   <div class='ocr_carea' id='block_1_42' title="bbox 161 3366 1777 3444">
    <p class='ocr_par' dir='ltr' id='par_1_42' title="bbox 161 3366 1777 3444">
     <span class='ocr_line' id='line_1_42' title="bbox 161 3366 1777 3444; baseline 0.011 -31"><span class='ocrx_word' id='word_1_418' title='bbox 161 3366 319 3415; x_wconf 84' lang='lat' dir='ltr'><strong>contra</strong></span> <span class='ocrx_word' id='word_1_419' title='bbox 338 3382 443 3420; x_wconf 88' lang='lat' dir='ltr'><strong>nos</strong></span> <span class='ocrx_word' id='word_1_420' title='bbox 472 3384 584 3437; x_wconf 89' lang='lat' dir='ltr'><strong>per</strong></span> <span class='ocrx_word' id='word_1_421' title='bbox 626 3384 697 3423; x_wconf 91' lang='lat' dir='ltr'><strong>os</strong></span> <span class='ocrx_word' id='word_1_422' title='bbox 728 3370 872 3425; x_wconf 69' lang='lat' dir='ltr'><strong>Etise</strong></span> <span class='ocrx_word' id='word_1_423' title='bbox 904 3372 1205 3440; x_wconf 67' lang='lat' dir='ltr'><strong>propheta:</strong></span> <span class='ocrx_word' id='word_1_424' title='bbox 1236 3377 1444 3444; x_wconf 85' lang='lat' dir='ltr'><strong>quarto</strong></span> <span class='ocrx_word' id='word_1_425' title='bbox 1476 3374 1624 3429; x_wconf 91' lang='lat' dir='ltr'><strong>libro</strong></span> <span class='ocrx_word' id='word_1_426' title='bbox 1658 3376 1777 3430; x_wconf 82' lang='lat' dir='ltr'><strong>Re—</strong></span> 
     </span>
    </p>
   </div>
   <div class='ocr_carea' id='block_1_43' title="bbox 158 3454 1783 3533">
    <p class='ocr_par' dir='ltr' id='par_1_43' title="bbox 158 3454 1783 3533">
     <span class='ocr_line' id='line_1_43' title="bbox 158 3454 1783 3533; baseline 0.01 -32"><span class='ocrx_word' id='word_1_427' title='bbox 158 3463 280 3516; x_wconf 79' lang='lat' dir='ltr'><strong>gum.</strong></span> <span class='ocrx_word' id='word_1_428' title='bbox 322 3474 343 3503; x_wconf 77' lang='grc' dir='ltr'>ι</span> <span class='ocrx_word' id='word_1_429' title='bbox 387 3454 453 3508; x_wconf 85' lang='lat' dir='ltr'><strong>Et</strong></span> <span class='ocrx_word' id='word_1_430' title='bbox 482 3457 575 3511; x_wconf 91' lang='lat' dir='ltr'><strong>sic</strong></span> <span class='ocrx_word' id='word_1_431' title='bbox 608 3457 1015 3515; x_wconf 79' lang='lat' dir='ltr'><strong>interfecimus</strong></span> <span class='ocrx_word' id='word_1_432' title='bbox 1054 3460 1211 3515; x_wconf 68' lang='lat' dir='ltr'><strong>illurn</strong></span> <span class='ocrx_word' id='word_1_433' title='bbox 1254 3465 1499 3532; x_wconf 59' lang='lat' dir='ltr'><strong>justum,</strong></span> <span class='ocrx_word' id='word_1_434' title='bbox 1538 3467 1783 3533; x_wconf 89' lang='lat' dir='ltr'><strong>prepter</strong></span> 
     </span>
    </p>
   </div>
   <div class='ocr_carea' id='block_1_44' title="bbox 158 3547 1779 3607">
    <p class='ocr_par' dir='ltr' id='par_1_44' title="bbox 158 3547 1779 3607">
     <span class='ocr_line' id='line_1_44' title="bbox 158 3547 1779 3607; baseline 0.009 -17"><span class='ocrx_word' id='word_1_435' title='bbox 158 3550 292 3605; x_wconf 79' lang='lat' dir='ltr'><strong>quem</strong></span> <span class='ocrx_word' id='word_1_436' title='bbox 319 3557 519 3599; x_wconf 88' lang='lat' dir='ltr'><strong>sumus</strong></span> <span class='ocrx_word' id='word_1_437' title='bbox 572 3547 635 3599; x_wconf 89' lang='lat' dir='ltr'><strong>in</strong></span> <span class='ocrx_word' id='word_1_438' title='bbox 684 3548 768 3601; x_wconf 89' lang='lat' dir='ltr'><strong>ira</strong></span> <span class='ocrx_word' id='word_1_439' title='bbox 800 3548 907 3602; x_wconf 88' lang='lat' dir='ltr'><strong>Dei</strong></span> <span class='ocrx_word' id='word_1_440' title='bbox 955 3548 1085 3603; x_wconf 90' lang='lat' dir='ltr'><strong>sine</strong></span> <span class='ocrx_word' id='word_1_441' title='bbox 1126 3550 1259 3604; x_wconf 83' lang='lat' dir='ltr'><strong>line.</strong></span> <span class='ocrx_word' id='word_1_442' title='bbox 1298 3574 1318 3598; x_wconf 76' lang='grc' dir='ltr'><em>η</em></span> <span class='ocrx_word' id='word_1_443' title='bbox 1365 3554 1635 3607; x_wconf 81' lang='lat' dir='ltr'><strong>Attamen</strong></span> <span class='ocrx_word' id='word_1_444' title='bbox 1676 3552 1779 3606; x_wconf 88' lang='lat' dir='ltr'><strong>Dei</strong></span> 
     </span>
    </p>
   </div>
   <div class='ocr_carea' id='block_1_45' title="bbox 1892 2717 3563 2790">
    <p class='ocr_par' dir='ltr' id='par_1_45' title="bbox 1892 2717 3563 2790">
     <span class='ocr_line' id='line_1_45' title="bbox 1892 2717 3563 2790; baseline -0.001 -19"><span class='ocrx_word' id='word_1_445' title='bbox 1892 2719 2093 2789; x_wconf 87' lang='lat' dir='ltr'><strong>quitur</strong></span> <span class='ocrx_word' id='word_1_446' title='bbox 2140 2719 2458 2774; x_wconf 84' lang='lat' dir='ltr'><strong>Zacharias</strong></span> <span class='ocrx_word' id='word_1_447' title='bbox 2489 2737 2621 2774; x_wconf 88' lang='lat' dir='ltr'><strong>cum</strong></span> <span class='ocrx_word' id='word_1_448' title='bbox 2661 2720 2841 2775; x_wconf 77' lang='lat' dir='ltr'><strong>dixit:</strong></span> <span class='ocrx_word' id='word_1_449' title='bbox 2882 2743 2903 2767; x_wconf 87' lang='lat'><strong>«</strong></span> <span class='ocrx_word' id='word_1_450' title='bbox 2941 2720 3278 2790; x_wconf 88' lang='lat' dir='ltr'><strong>Impriment</strong></span> <span class='ocrx_word' id='word_1_451' title='bbox 3306 2717 3563 2789; x_wconf 88' lang='lat' dir='ltr'><strong>vestigia</strong></span> 
     </span>
    </p>
   </div>
   <div class='ocr_carea' id='block_1_46' title="bbox 1891 2805 3556 2877">
    <p class='ocr_par' dir='ltr' id='par_1_46' title="bbox 1891 2805 3556 2877">
     <span class='ocr_line' id='line_1_46' title="bbox 1891 2805 3556 2877; baseline 0.002 -20"><span class='ocrx_word' id='word_1_452' title='bbox 1891 2805 2074 2876; x_wconf 82' lang='lat' dir='ltr'><strong>pedes</strong></span> <span class='ocrx_word' id='word_1_453' title='bbox 2109 2824 2290 2877; x_wconf 91' lang='lat' dir='ltr'><strong>super</strong></span> <span class='ocrx_word' id='word_1_454' title='bbox 2321 2812 2575 2862; x_wconf 88' lang='lat' dir='ltr'><strong>montem</strong></span> <span class='ocrx_word' id='word_1_455' title='bbox 2623 2807 2932 2876; x_wconf 81' lang='lat' dir='ltr'><strong>olivarum,</strong></span> <span class='ocrx_word' id='word_1_456' title='bbox 2966 2810 3076 2861; x_wconf 89' lang='lat' dir='ltr'><strong>etc.</strong></span> <span class='ocrx_word' id='word_1_457' title='bbox 3116 2806 3319 2876; x_wconf 78' lang='lat' dir='ltr'><strong>(Zacli.</strong></span> <span class='ocrx_word' id='word_1_458' title='bbox 3354 2807 3496 2874; x_wconf 84' lang='lat' dir='ltr'><strong>xw).</strong></span> <span class='ocrx_word' id='word_1_459' title='bbox 3536 2829 3556 2850; x_wconf 72' lang='grc' dir='ltr'><strong>κ</strong></span> 
     </span>
    </p>
   </div>
   <div class='ocr_carea' id='block_1_47' title="bbox 1892 2894 3563 2966">
    <p class='ocr_par' dir='ltr' id='par_1_47' title="bbox 1892 2894 3563 2966">
     <span class='ocr_line' id='line_1_47' title="bbox 1892 2894 3563 2966; baseline -0.001 -17"><span class='ocrx_word' id='word_1_460' title='bbox 1892 2894 1967 2949; x_wconf 87' lang='lat' dir='ltr'><strong>Et</strong></span> <span class='ocrx_word' id='word_1_461' title='bbox 1992 2911 2123 2964; x_wconf 91' lang='lat' dir='ltr'><strong>nos,</strong></span> <span class='ocrx_word' id='word_1_462' title='bbox 2159 2895 2411 2963; x_wconf 89' lang='lat' dir='ltr'><strong>domine,</strong></span> <span class='ocrx_word' id='word_1_463' title='bbox 2445 2911 2563 2949; x_wconf 92' lang='lat' dir='ltr'><strong>non</strong></span> <span class='ocrx_word' id='word_1_464' title='bbox 2585 2895 2836 2949; x_wconf 90' lang='lat' dir='ltr'><strong>dicimus</strong></span> <span class='ocrx_word' id='word_1_465' title='bbox 2857 2894 3014 2966; x_wconf 88' lang='lat' dir='ltr'><strong>quod</strong></span> <span class='ocrx_word' id='word_1_466' title='bbox 3037 2895 3195 2949; x_wconf 87' lang='lat' dir='ltr'><strong>Deus</strong></span> <span class='ocrx_word' id='word_1_467' title='bbox 3218 2896 3275 2948; x_wconf 90' lang='lat' dir='ltr'><strong>in</strong></span> <span class='ocrx_word' id='word_1_468' title='bbox 3299 2895 3563 2949; x_wconf 89' lang='lat' dir='ltr'><strong>essentia</strong></span> 
     </span>
    </p>
   </div>
   <div class='ocr_carea' id='block_1_48' title="bbox 1892 2983 3563 3054">
    <p class='ocr_par' dir='ltr' id='par_1_48' title="bbox 1892 2983 3563 3054">
     <span class='ocr_line' id='line_1_48' title="bbox 1892 2983 3563 3054; baseline -0.001 -16"><span class='ocrx_word' id='word_1_469' title='bbox 1892 3000 2000 3039; x_wconf 91' lang='lat' dir='ltr'><strong>sua</strong></span> <span class='ocrx_word' id='word_1_470' title='bbox 2048 2987 2104 3038; x_wconf 92' lang='lat' dir='ltr'><strong>et</strong></span> <span class='ocrx_word' id='word_1_471' title='bbox 2134 2988 2340 3037; x_wconf 89' lang='lat' dir='ltr'><strong>natura</strong></span> <span class='ocrx_word' id='word_1_472' title='bbox 2388 2984 2563 3039; x_wconf 88' lang='lat' dir='ltr'><strong>habet</strong></span> <span class='ocrx_word' id='word_1_473' title='bbox 2592 2984 2796 3054; x_wconf 89' lang='lat' dir='ltr'><strong>pedes,</strong></span> <span class='ocrx_word' id='word_1_474' title='bbox 2839 3000 2947 3038; x_wconf 89' lang='lat' dir='ltr'><strong>nec</strong></span> <span class='ocrx_word' id='word_1_475' title='bbox 2988 2999 3243 3052; x_wconf 85' lang='lat' dir='ltr'><strong>carnem,</strong></span> <span class='ocrx_word' id='word_1_476' title='bbox 3293 2998 3402 3037; x_wconf 91' lang='lat' dir='ltr'><strong>nec</strong></span> <span class='ocrx_word' id='word_1_477' title='bbox 3446 2983 3563 3037; x_wconf 90' lang='lat' dir='ltr'><strong>ista</strong></span> 
     </span>
    </p>
   </div>
   <div class='ocr_carea' id='block_1_49' title="bbox 1891 3070 3562 3143">
    <p class='ocr_par' dir='ltr' id='par_1_49' title="bbox 1891 3070 3562 3143">
     <span class='ocr_line' id='line_1_49' title="bbox 1891 3070 3562 3143; baseline -0.002 -17"><span class='ocrx_word' id='word_1_478' title='bbox 1891 3088 2023 3143; x_wconf 76' lang='lat' dir='ltr'><strong>quae</strong></span> <span class='ocrx_word' id='word_1_479' title='bbox 2047 3071 2320 3141; x_wconf 88' lang='lat' dir='ltr'><strong>corporis</strong></span> <span class='ocrx_word' id='word_1_480' title='bbox 2344 3076 2500 3140; x_wconf 89' lang='lat' dir='ltr'><strong>sunt,</strong></span> <span class='ocrx_word' id='word_1_481' title='bbox 2527 3073 2633 3127; x_wconf 91' lang='lat' dir='ltr'><strong>sed</strong></span> <span class='ocrx_word' id='word_1_482' title='bbox 2656 3072 2876 3126; x_wconf 89' lang='lat' dir='ltr'><strong>habere</strong></span> <span class='ocrx_word' id='word_1_483' title='bbox 2907 3072 3089 3142; x_wconf 89' lang='lat' dir='ltr'><strong>pedes</strong></span> <span class='ocrx_word' id='word_1_484' title='bbox 3114 3071 3386 3125; x_wconf 90' lang='lat' dir='ltr'><strong>convenit</strong></span> <span class='ocrx_word' id='word_1_485' title='bbox 3405 3070 3562 3125; x_wconf 91' lang='lat' dir='ltr'><strong>omni</strong></span> 
     </span>
    </p>
   </div>
   <div class='ocr_carea' id='block_1_50' title="bbox 1891 3159 3561 3230">
    <p class='ocr_par' dir='ltr' id='par_1_50' title="bbox 1891 3159 3561 3230">
     <span class='ocr_line' id='line_1_50' title="bbox 1891 3159 3561 3230; baseline -0.001 -15"><span class='ocrx_word' id='word_1_486' title='bbox 1891 3164 2177 3215; x_wconf 69' lang='lat' dir='ltr'><strong>creaturae</strong></span> <span class='ocrx_word' id='word_1_487' title='bbox 2197 3176 2526 3230; x_wconf 84' lang='lat' dir='ltr'><strong>corporeae.</strong></span> <span class='ocrx_word' id='word_1_488' title='bbox 2547 3160 2693 3213; x_wconf 89' lang='lat' dir='ltr'><strong>Dicit</strong></span> <span class='ocrx_word' id='word_1_489' title='bbox 2708 3161 2879 3214; x_wconf 85' lang='lat' dir='ltr'><strong>etiam</strong></span> <span class='ocrx_word' id='word_1_490' title='bbox 2901 3160 3084 3213; x_wconf 89' lang='lat' dir='ltr'><strong>David</strong></span> <span class='ocrx_word' id='word_1_491' title='bbox 3098 3159 3379 3229; x_wconf 89' lang='lat' dir='ltr'><strong>propheta</strong></span> <span class='ocrx_word' id='word_1_492' title='bbox 3403 3160 3561 3229; x_wconf 87' lang='lat' dir='ltr'><strong>quod</strong></span> 
     </span>
    </p>
   </div>
   <div class='ocr_carea' id='block_1_51' title="bbox 1890 3246 3564 3321">
    <p class='ocr_par' dir='ltr' id='par_1_51' title="bbox 1890 3246 3564 3321">
     <span class='ocr_line' id='line_1_51' title="bbox 1890 3246 3564 3321; baseline -0.003 -16"><span class='ocrx_word' id='word_1_493' title='bbox 1890 3266 2073 3320; x_wconf 89' lang='lat' dir='ltr'><strong>supra</strong></span> <span class='ocrx_word' id='word_1_494' title='bbox 2106 3250 2418 3321; x_wconf 81' lang='lat' dir='ltr'><strong>allegatum</strong></span> <span class='ocrx_word' id='word_1_495' title='bbox 2449 3252 2560 3318; x_wconf 91' lang='lat' dir='ltr'><strong>est,</strong></span> <span class='ocrx_word' id='word_1_496' title='bbox 2587 3248 2881 3319; x_wconf 88' lang='lat' dir='ltr'><strong>loquendo</strong></span> <span class='ocrx_word' id='word_1_497' title='bbox 2912 3249 2983 3302; x_wconf 91' lang='lat' dir='ltr'><strong>de</strong></span> <span class='ocrx_word' id='word_1_498' title='bbox 3015 3247 3281 3302; x_wconf 89' lang='lat' dir='ltr'><strong>secundo</strong></span> <span class='ocrx_word' id='word_1_499' title='bbox 3312 3246 3445 3318; x_wconf 87' lang='lat' dir='ltr'><strong>ejus</strong></span> <span class='ocrx_word' id='word_1_500' title='bbox 3470 3248 3564 3301; x_wconf 88' lang='lat' dir='ltr'><strong>ad-</strong></span> 
     </span>
    </p>
   </div>
   <div class='ocr_carea' id='block_1_52' title="bbox 1890 3335 3562 3409">
    <p class='ocr_par' dir='ltr' id='par_1_52' title="bbox 1890 3335 3562 3409">
     <span class='ocr_line' id='line_1_52' title="bbox 1890 3335 3562 3409; baseline -0.001 -18"><span class='ocrx_word' id='word_1_501' title='bbox 1890 3343 2102 3393; x_wconf 89' lang='lat' dir='ltr'><strong>ventu:</strong></span> <span class='ocrx_word' id='word_1_502' title='bbox 2143 3361 2164 3383; x_wconf 87' lang='lat'><strong>«</strong></span> <span class='ocrx_word' id='word_1_503' title='bbox 2201 3338 2366 3409; x_wconf 85' lang='lat' dir='ltr'><strong>Ignis</strong></span> <span class='ocrx_word' id='word_1_504' title='bbox 2397 3337 2454 3391; x_wconf 90' lang='lat' dir='ltr'><strong>in</strong></span> <span class='ocrx_word' id='word_1_505' title='bbox 2488 3340 2810 3407; x_wconf 89' lang='lat' dir='ltr'><strong>conspectu</strong></span> <span class='ocrx_word' id='word_1_506' title='bbox 2842 3335 2976 3408; x_wconf 87' lang='lat' dir='ltr'><strong>ejus</strong></span> <span class='ocrx_word' id='word_1_507' title='bbox 3009 3335 3379 3405; x_wconf 78' lang='lat' dir='ltr'><strong>exardescet,</strong></span> <span class='ocrx_word' id='word_1_508' title='bbox 3412 3339 3470 3391; x_wconf 88' lang='lat' dir='ltr'><strong>et</strong></span> <span class='ocrx_word' id='word_1_509' title='bbox 3500 3336 3562 3389; x_wconf 91' lang='lat' dir='ltr'><strong>in</strong></span> 
     </span>
    </p>
   </div>
   <div class='ocr_carea' id='block_1_53' title="bbox 1890 3423 3558 3499">
    <p class='ocr_par' dir='ltr' id='par_1_53' title="bbox 1890 3423 3558 3499">
     <span class='ocr_line' id='line_1_53' title="bbox 1890 3423 3558 3499; baseline -0.001 -18"><span class='ocrx_word' id='word_1_510' title='bbox 1890 3427 2141 3482; x_wconf 89' lang='lat' dir='ltr'><strong>circuitu</strong></span> <span class='ocrx_word' id='word_1_511' title='bbox 2182 3427 2316 3499; x_wconf 87' lang='lat' dir='ltr'><strong>ejus</strong></span> <span class='ocrx_word' id='word_1_512' title='bbox 2351 3426 2729 3480; x_wconf 85' lang='lat' dir='ltr'><strong>inﬂammabit</strong></span> <span class='ocrx_word' id='word_1_513' title='bbox 2768 3425 2955 3495; x_wconf 84' lang='lat' dir='ltr'><strong>(Psal.</strong></span> <span class='ocrx_word' id='word_1_514' title='bbox 3010 3425 3191 3496; x_wconf 79' lang='lat' dir='ltr'><strong>xmx).</strong></span> <span class='ocrx_word' id='word_1_515' title='bbox 3222 3448 3244 3474; x_wconf 80' lang='grc' dir='ltr'><em>η</em></span> <span class='ocrx_word' id='word_1_516' title='bbox 3278 3423 3414 3491; x_wconf 86' lang='lat' dir='ltr'><strong>Sed,</strong></span> <span class='ocrx_word' id='word_1_517' title='bbox 3448 3424 3558 3480; x_wconf 86' lang='lat' dir='ltr'><strong>do-</strong></span> 
     </span>
    </p>
   </div>
   <div class='ocr_carea' id='block_1_54' title="bbox 1890 3514 3554 3584">
    <p class='ocr_par' dir='ltr' id='par_1_54' title="bbox 1890 3514 3554 3584">
     <span class='ocr_line' id='line_1_54' title="bbox 1890 3514 3554 3584; baseline -0.002 -15"><span class='ocrx_word' id='word_1_518' title='bbox 1890 3516 2065 3582; x_wconf 91' lang='lat' dir='ltr'><strong>mine,</strong></span> <span class='ocrx_word' id='word_1_519' title='bbox 2097 3531 2215 3569; x_wconf 93' lang='lat' dir='ltr'><strong>non</strong></span> <span class='ocrx_word' id='word_1_520' title='bbox 2244 3515 2497 3569; x_wconf 91' lang='lat' dir='ltr'><strong>dicimus</strong></span> <span class='ocrx_word' id='word_1_521' title='bbox 2530 3515 2685 3584; x_wconf 86' lang='lat' dir='ltr'><strong>quod</strong></span> <span class='ocrx_word' id='word_1_522' title='bbox 2729 3514 2890 3568; x_wconf 87' lang='lat' dir='ltr'><strong>Dens</strong></span> <span class='ocrx_word' id='word_1_523' title='bbox 2920 3515 2997 3568; x_wconf 91' lang='lat' dir='ltr'><strong>sit</strong></span> <span class='ocrx_word' id='word_1_524' title='bbox 3037 3514 3554 3584; x_wconf 87' lang='lat' dir='ltr'><strong>circumscriptus,</strong></span> 
     </span>
    </p>
   </div>
   <div class='ocr_carea' id='block_1_55' title="bbox 157 3602 3558 3684">
    <p class='ocr_par' dir='ltr' id='par_1_55' title="bbox 157 3602 3558 3684">
     <span class='ocr_line' id='line_1_55' title="bbox 157 3602 3558 3684; baseline -0.001 -25"><span class='ocrx_word' id='word_1_525' title='bbox 157 3602 341 3684; x_wconf 38' lang='lat' dir='ltr'><strong>gamus.</strong></span> <span class='ocrx_word' id='word_1_526' title='bbox 1016 3602 1021 3603; x_wconf 14' lang='lat'><em>7</em></span> <span class='ocrx_word' id='word_1_527' title='bbox 1066 3602 1073 3603; x_wconf 28' lang='grc' dir='ltr'>ί</span> <span class='ocrx_word' id='word_1_528' title='bbox 1130 3602 1157 3603; x_wconf 41' lang='grc'><strong>⁷“</strong></span> <span class='ocrx_word' id='word_1_529' title='bbox 1368 3602 1635 3659; x_wconf 32' lang='lat' dir='ltr'><strong>&quot;TW—&#39;—</strong></span> <span class='ocrx_word' id='word_1_530' title='bbox 1676 3602 1779 3606; x_wconf 60' lang='grc'><strong>””</strong></span> <span class='ocrx_word' id='word_1_531' title='bbox 1888 3603 2273 3676; x_wconf 86' lang='lat' dir='ltr'><strong>quodaliquid</strong></span> <span class='ocrx_word' id='word_1_532' title='bbox 2294 3607 2497 3673; x_wconf 90' lang='lat' dir='ltr'><strong>posset</strong></span> <span class='ocrx_word' id='word_1_533' title='bbox 2520 3603 2996 3657; x_wconf 89' lang='lat' dir='ltr'><strong>esseincircuitu</strong></span> <span class='ocrx_word' id='word_1_534' title='bbox 3020 3602 3175 3673; x_wconf 89' lang='lat' dir='ltr'><strong>ejus,</strong></span> <span class='ocrx_word' id='word_1_535' title='bbox 3198 3602 3257 3656; x_wconf 90' lang='lat' dir='ltr'><strong>in</strong></span> <span class='ocrx_word' id='word_1_536' title='bbox 3274 3603 3558 3675; x_wconf 87' lang='lat' dir='ltr'><strong>quantum</strong></span> 
     </span>
    </p>
   </div>
   <div class='ocr_carea' id='block_1_56' title="bbox 758 3689 3561 3762">
    <p class='ocr_par' dir='ltr' id='par_1_56' title="bbox 758 3689 3561 3762">
     <span class='ocr_line' id='line_1_56' title="bbox 758 3689 3561 3762; baseline -0.004 -10"><span class='ocrx_word' id='word_1_537' title='bbox 758 3706 1009 3762; x_wconf 77' lang='lat' dir='ltr'><strong>CAPUT</strong></span> <span class='ocrx_word' id='word_1_538' title='bbox 1054 3709 1126 3762; x_wconf 74' lang='grc' dir='ltr'><strong>Χ,</strong></span> <span class='ocrx_word' id='word_1_539' title='bbox 1890 3691 2081 3762; x_wconf 88' lang='lat' dir='ltr'><strong>Deus;</strong></span> <span class='ocrx_word' id='word_1_540' title='bbox 2114 3691 2220 3746; x_wconf 90' lang='lat' dir='ltr'><strong>sed</strong></span> <span class='ocrx_word' id='word_1_541' title='bbox 2244 3692 2625 3746; x_wconf 88' lang='lat' dir='ltr'><strong>auctoritates</strong></span> <span class='ocrx_word' id='word_1_542' title='bbox 2656 3691 2884 3746; x_wconf 89' lang='lat' dir='ltr'><strong>similes</strong></span> <span class='ocrx_word' id='word_1_543' title='bbox 2913 3691 3130 3745; x_wconf 89' lang='lat' dir='ltr'><strong>habent</strong></span> <span class='ocrx_word' id='word_1_544' title='bbox 3160 3691 3468 3744; x_wconf 85' lang='lat' dir='ltr'><strong>veritatem</strong></span> <span class='ocrx_word' id='word_1_545' title='bbox 3488 3689 3561 3743; x_wconf 91' lang='lat' dir='ltr'><strong>ad</strong></span> 
     </span>
    </p>
   </div>
   <div class='ocr_carea' id='block_1_57' title="bbox 495 3778 3561 3864">
    <p class='ocr_par' dir='ltr' id='par_1_57' title="bbox 495 3778 3561 3864">
     <span class='ocr_line' id='line_1_57' title="bbox 495 3778 3561 3864; baseline -0.003 -23"><span class='ocrx_word' id='word_1_546' title='bbox 495 3793 588 3847; x_wconf 80' lang='lat' dir='ltr'><strong>De</strong></span> <span class='ocrx_word' id='word_1_547' title='bbox 610 3794 810 3864; x_wconf 72' lang='lat' dir='ltr'><strong>primo</strong></span> <span class='ocrx_word' id='word_1_548' title='bbox 832 3794 1094 3851; x_wconf 71' lang='grc' dir='ltr'><em>αᾱγθηειι</em></span> <span class='ocrx_word' id='word_1_549' title='bbox 1130 3798 1386 3852; x_wconf 48' lang='lat' dir='ltr'><strong>Clu-isti,</strong></span> <span class='ocrx_word' id='word_1_550' title='bbox 1890 3779 2500 3851; x_wconf 88' lang='lat' dir='ltr'><strong>litteraminillojusto</strong></span> <span class='ocrx_word' id='word_1_551' title='bbox 2515 3795 2688 3851; x_wconf 90' lang='lat' dir='ltr'><strong>quem</strong></span> <span class='ocrx_word' id='word_1_552' title='bbox 2703 3778 3561 3851; x_wconf 68' lang='lat' dir='ltr'><strong>prophetaadescribunt,&#39;nunc</strong></span> 
     </span>
    </p>
   </div>
   <div class='ocr_carea' id='block_1_58' title="bbox 204 3866 3557 3958">
    <p class='ocr_par' dir='ltr' id='par_1_58' title="bbox 204 3866 3557 3958">
     <span class='ocr_line' id='line_1_58' title="bbox 204 3866 3557 3958; baseline 0.002 -28"><span class='ocrx_word' id='word_1_553' title='bbox 204 3872 396 3947; x_wconf 83' lang='lat' dir='ltr'><strong>Timeo,</strong></span> <span class='ocrx_word' id='word_1_554' title='bbox 428 3880 672 3936; x_wconf 87' lang='lat' dir='ltr'><strong>domine</strong></span> <span class='ocrx_word' id='word_1_555' title='bbox 704 3883 803 3950; x_wconf 90' lang='lat' dir='ltr'><strong>mi,</strong></span> <span class='ocrx_word' id='word_1_556' title='bbox 833 3883 998 3939; x_wconf 91' lang='lat' dir='ltr'><strong>Deus</strong></span> <span class='ocrx_word' id='word_1_557' title='bbox 1028 3885 1315 3940; x_wconf 88' lang='lat' dir='ltr'><strong>describit</strong></span> <span class='ocrx_word' id='word_1_558' title='bbox 1345 3890 1474 3958; x_wconf 90' lang='lat' dir='ltr'><strong>apte</strong></span> <span class='ocrx_word' id='word_1_559' title='bbox 1494 3887 1648 3943; x_wconf 89' lang='lat' dir='ltr'><strong>duos</strong></span> <span class='ocrx_word' id='word_1_560' title='bbox 1675 3889 1780 3942; x_wconf 85' lang='lat' dir='ltr'><strong>ad-</strong></span> <span class='ocrx_word' id='word_1_561' title='bbox 1890 3869 2284 3958; x_wconf 52' lang='lat' dir='ltr'><strong>loquentesde</strong></span> <span class='ocrx_word' id='word_1_562' title='bbox 2307 3867 2441 3958; x_wconf 60' lang='lat' dir='ltr'><strong>eius</strong></span> <span class='ocrx_word' id='word_1_563' title='bbox 2461 3868 3064 3958; x_wconf 51' lang='lat' dir='ltr'><strong>humi_lit§tcinun°de</strong></span> <span class='ocrx_word' id='word_1_564' title='bbox 3080 3867 3214 3958; x_wconf 48' lang='lat' dir='ltr'><strong>aliis</strong></span> <span class='ocrx_word' id='word_1_565' title='bbox 3229 3866 3557 3958; x_wconf 52' lang='lat' dir='ltr'><strong>&quot;ffjeStftei</strong></span> 
     </span>
    </p>
   </div>
   <div class='ocr_carea' id='block_1_59' title="bbox 152 3955 3559 4045">
    <p class='ocr_par' dir='ltr' id='par_1_59' title="bbox 152 3955 3559 4045">
     <span class='ocr_line' id='line_1_59' title="bbox 152 3955 3559 4045; baseline -0.002 -29"><span class='ocrx_word' id='word_1_566' title='bbox 152 3967 322 4019; x_wconf 77' lang='lat' dir='ltr'><strong>ventus</strong></span> <span class='ocrx_word' id='word_1_567' title='bbox 357 3968 580 4025; x_wconf 76' lang='lat' dir='ltr'><strong>Christi</strong></span> <span class='ocrx_word' id='word_1_568' title='bbox 616 3985 726 4040; x_wconf 65' lang='lat' dir='ltr'><strong>per</strong></span> <span class='ocrx_word' id='word_1_569' title='bbox 764 3986 834 4027; x_wconf 78' lang='grc' dir='ltr'><em>οε</em></span> <span class='ocrx_word' id='word_1_570' title='bbox 866 3973 1037 4027; x_wconf 58' lang='lat' dir='ltr'><strong>Isaia;</strong></span> <span class='ocrx_word' id='word_1_571' title='bbox 1068 3955 1398 4045; x_wconf 58' lang='lat' dir='ltr'><strong>prophetae;</strong></span> <span class='ocrx_word' id='word_1_572' title='bbox 1432 3991 1566 4031; x_wconf 74' lang='lat' dir='ltr'><strong>cum</strong></span> <span class='ocrx_word' id='word_1_573' title='bbox 1598 3977 1776 4032; x_wconf 59' lang='lat' dir='ltr'><strong>dicit:</strong></span> <span class='ocrx_word' id='word_1_574' title='bbox 1892 3960 1949 4013; x_wconf 91' lang='lat' dir='ltr'><strong>et</strong></span> <span class='ocrx_word' id='word_1_575' title='bbox 1976 3957 2047 4011; x_wconf 92' lang='lat' dir='ltr'><strong>de</strong></span> <span class='ocrx_word' id='word_1_576' title='bbox 2086 3957 2198 4011; x_wconf 89' lang='lat' dir='ltr'><strong>hoc</strong></span> <span class='ocrx_word' id='word_1_577' title='bbox 2232 3957 2491 4028; x_wconf 87' lang='lat' dir='ltr'><strong>loquitur</strong></span> <span class='ocrx_word' id='word_1_578' title='bbox 2521 3956 2841 4011; x_wconf 87' lang='lat' dir='ltr'><strong>Malachias</strong></span> <span class='ocrx_word' id='word_1_579' title='bbox 2874 3974 3007 4011; x_wconf 91' lang='lat' dir='ltr'><strong>cum</strong></span> <span class='ocrx_word' id='word_1_580' title='bbox 3036 3957 3177 4011; x_wconf 88' lang='lat' dir='ltr'><strong>dicit</strong></span> <span class='ocrx_word' id='word_1_581' title='bbox 3208 3973 3219 4011; x_wconf 92' lang='lat'><strong>:</strong></span> <span class='ocrx_word' id='word_1_582' title='bbox 3254 3955 3408 4045; x_wconf 86' lang='lat' dir='ltr'><strong>Ecce</strong></span> <span class='ocrx_word' id='word_1_583' title='bbox 3439 3955 3559 4009; x_wconf 85' lang='lat' dir='ltr'><strong>Do-</strong></span> 
     </span>
    </p>
   </div>
   <div class='ocr_carea' id='block_1_60' title="bbox 156 4044 3561 4134">
    <p class='ocr_par' dir='ltr' id='par_1_60' title="bbox 156 4044 3561 4134">
     <span class='ocr_line' id='line_1_60' title="bbox 156 4044 3561 4134; baseline 0.002 -41"><span class='ocrx_word' id='word_1_584' title='bbox 156 4068 171 4093; x_wconf 81' lang='grc' dir='ltr'>ι</span> <span class='ocrx_word' id='word_1_585' title='bbox 196 4048 494 4128; x_wconf 52' lang='lat' dir='ltr'><strong>consurge,</strong></span> <span class='ocrx_word' id='word_1_586' title='bbox 530 4074 855 4132; x_wconf 54' lang='lat' dir='ltr'><strong>consurge,</strong></span> <span class='ocrx_word' id='word_1_587' title='bbox 893 4061 1149 4116; x_wconf 63' lang='lat' dir='ltr'><strong>induere</strong></span> <span class='ocrx_word' id='word_1_588' title='bbox 1185 4044 1606 4134; x_wconf 57' lang='lat' dir='ltr'><strong>fortitudinem,</strong></span> <span class='ocrx_word' id='word_1_589' title='bbox 1639 4066 1780 4121; x_wconf 59' lang='grc' dir='ltr'><strong>δη,</strong></span> <span class='ocrx_word' id='word_1_590' title='bbox 1892 4046 2088 4101; x_wconf 90' lang='lat' dir='ltr'><strong>minus</strong></span> <span class='ocrx_word' id='word_1_591' title='bbox 2126 4047 2305 4114; x_wconf 79' lang='lat' dir='ltr'><strong>venit,</strong></span> <span class='ocrx_word' id='word_1_592' title='bbox 2358 4050 2412 4099; x_wconf 88' lang='lat' dir='ltr'><strong>et</strong></span> <span class='ocrx_word' id='word_1_593' title='bbox 2443 4047 2576 4117; x_wconf 85' lang='lat' dir='ltr'><strong>quis</strong></span> <span class='ocrx_word' id='word_1_594' title='bbox 2617 4046 2827 4115; x_wconf 89' lang='lat' dir='ltr'><strong>poterit</strong></span> <span class='ocrx_word' id='word_1_595' title='bbox 2864 4047 3020 4101; x_wconf 90' lang='lat' dir='ltr'><strong>stare</strong></span> <span class='ocrx_word' id='word_1_596' title='bbox 3067 4050 3199 4099; x_wconf 90' lang='lat' dir='ltr'><strong>ante</strong></span> <span class='ocrx_word' id='word_1_597' title='bbox 3244 4044 3561 4100; x_wconf 89' lang='lat' dir='ltr'><strong>adventum</strong></span> 
     </span>
    </p>
   </div>
   <div class='ocr_carea' id='block_1_61' title="bbox 151 4133 1782 4222">
    <p class='ocr_par' dir='ltr' id='par_1_61' title="bbox 151 4133 1775 4222">
     <span class='ocr_line' id='line_1_61' title="bbox 151 4133 1775 4222; baseline 0.014 -34"><span class='ocrx_word' id='word_1_598' title='bbox 151 4135 310 4222; x_wconf 80' lang='lat' dir='ltr'><strong>Chium</strong></span> <span class='ocrx_word' id='word_1_599' title='bbox 338 4143 568 4222; x_wconf 79' lang='lat' dir='ltr'><strong>Domini</strong></span> <span class='ocrx_word' id='word_1_600' title='bbox 599 4147 764 4222; x_wconf 75' lang='lat' dir='ltr'><strong>(Isai.</strong></span> <span class='ocrx_word' id='word_1_601' title='bbox 797 4152 900 4222; x_wconf 74' lang='lat' dir='ltr'><strong>Li).</strong></span> <span class='ocrx_word' id='word_1_602' title='bbox 930 4174 952 4198; x_wconf 79' lang='grc' dir='ltr'><strong><em>ιο</em></strong></span> <span class='ocrx_word' id='word_1_603' title='bbox 992 4150 1095 4204; x_wconf 88' lang='lat' dir='ltr'><strong>Bis</strong></span> <span class='ocrx_word' id='word_1_604' title='bbox 1127 4150 1333 4222; x_wconf 75' lang='lat' dir='ltr'><strong>dicens</strong></span> <span class='ocrx_word' id='word_1_605' title='bbox 1358 4174 1381 4199; x_wconf 77' lang='grc' dir='ltr'><strong><em>α</em></strong></span> <span class='ocrx_word' id='word_1_606' title='bbox 1401 4133 1733 4222; x_wconf 81' lang='lat' dir='ltr'><strong>Consurgo,</strong></span> <span class='ocrx_word' id='word_1_607' title='bbox 1754 4177 1775 4203; x_wconf 75' lang='grc' dir='ltr'><strong>ιι</strong></span> 
     </span>
    </p>
   </div>
   <div class='ocr_carea' id='block_1_62' title="bbox 1892 4133 3563 4222">
    <p class='ocr_par' dir='ltr' id='par_1_62' title="bbox 1894 4133 3563 4206">
     <span class='ocr_line' id='line_1_62' title="bbox 1894 4133 3563 4206; baseline -0.002 -16"><span class='ocrx_word' id='word_1_608' title='bbox 1894 4135 2026 4206; x_wconf 88' lang='lat' dir='ltr'><strong>ejus</strong></span> <span class='ocrx_word' id='word_1_609' title='bbox 2043 4136 2071 4189; x_wconf 83' lang='lat'><strong>‘?</strong></span> <span class='ocrx_word' id='word_1_610' title='bbox 2086 4136 2216 4205; x_wconf 89' lang='lat' dir='ltr'><strong>ipse</strong></span> <span class='ocrx_word' id='word_1_611' title='bbox 2236 4135 2389 4193; x_wconf 88' lang='lat' dir='ltr'><strong>enim</strong></span> <span class='ocrx_word' id='word_1_612' title='bbox 2408 4135 2577 4204; x_wconf 87' lang='lat' dir='ltr'><strong>quasi</strong></span> <span class='ocrx_word' id='word_1_613' title='bbox 2592 4134 2749 4205; x_wconf 86' lang='lat' dir='ltr'><strong>ignis</strong></span> <span class='ocrx_word' id='word_1_614' title='bbox 2774 4135 3149 4205; x_wconf 85' lang='lat' dir='ltr'><strong>conﬂagrans</strong></span> <span class='ocrx_word' id='word_1_615' title='bbox 3172 4136 3227 4188; x_wconf 88' lang='lat' dir='ltr'><strong>et</strong></span> <span class='ocrx_word' id='word_1_616' title='bbox 3257 4133 3488 4188; x_wconf 89' lang='lat' dir='ltr'><strong>sedebit</strong></span> <span class='ocrx_word' id='word_1_617' title='bbox 3506 4135 3563 4187; x_wconf 89' lang='lat' dir='ltr'><strong>ct</strong></span> 
     </span>
    </p>
   </div>
   <div class='ocr_carea' id='block_1_63' title="bbox 148 4215 3556 4299">
    <p class='ocr_par' dir='ltr' id='par_1_63' title="bbox 148 4215 3556 4299">
     <span class='ocr_line' id='line_1_63' title="bbox 148 4215 3556 4299; baseline 0 -25"><span class='ocrx_word' id='word_1_618' title='bbox 148 4215 341 4299; x_wconf 65' lang='grc' dir='ltr'><strong>Ρφρίθι·</strong></span> <span class='ocrx_word' id='word_1_619' title='bbox 367 4217 501 4286; x_wconf 87' lang='lat' dir='ltr'><strong>ejus</strong></span> <span class='ocrx_word' id='word_1_620' title='bbox 523 4215 1175 4288; x_wconf 82' lang='lat' dir='ltr'><strong>duplicemadventum.</strong></span> <span class='ocrx_word' id='word_1_621' title='bbox 1202 4221 1272 4276; x_wconf 90' lang='lat' dir='ltr'><strong>Et</strong></span> <span class='ocrx_word' id='word_1_622' title='bbox 1296 4215 1779 4294; x_wconf 60' lang='lat' dir='ltr'><strong>sigillatimciare</strong></span> <span class='ocrx_word' id='word_1_623' title='bbox 1892 4223 2225 4299; x_wconf 78' lang='lat' dir='ltr'><strong>liquefaciet</strong></span> <span class='ocrx_word' id='word_1_624' title='bbox 2270 4226 2577 4293; x_wconf 88' lang='lat' dir='ltr'><strong>argentum</strong></span> <span class='ocrx_word' id='word_1_625' title='bbox 2627 4228 2683 4276; x_wconf 92' lang='lat' dir='ltr'><strong>et</strong></span> <span class='ocrx_word' id='word_1_626' title='bbox 2721 4239 2929 4277; x_wconf 87' lang='lat' dir='ltr'><strong>aurum</strong></span> <span class='ocrx_word' id='word_1_627' title='bbox 2976 4221 3141 4291; x_wconf 81' lang='lat' dir='ltr'><strong>(Mal.</strong></span> <span class='ocrx_word' id='word_1_628' title='bbox 3163 4226 3267 4290; x_wconf 81' lang='lat' dir='ltr'><strong>in).</strong></span> <span class='ocrx_word' id='word_1_629' title='bbox 3326 4246 3347 4269; x_wconf 79' lang='grc' dir='ltr'><strong>ιο</strong></span> <span class='ocrx_word' id='word_1_630' title='bbox 3401 4221 3556 4275; x_wconf 89' lang='lat' dir='ltr'><strong>Ecce</strong></span> 
     </span>
    </p>
   </div>
   <div class='ocr_carea' id='block_1_64' title="bbox 151 4297 3563 4383">
    <p class='ocr_par' dir='ltr' id='par_1_64' title="bbox 151 4297 3563 4383">
     <span class='ocr_line' id='line_1_64' title="bbox 151 4297 3563 4383; baseline 0.003 -30"><span class='ocrx_word' id='word_1_631' title='bbox 151 4297 1233 4364; x_wconf 76' lang='lat' dir='ltr'><strong>primumChristidescr-ibitadventum</strong></span> <span class='ocrx_word' id='word_1_632' title='bbox 1255 4314 1621 4381; x_wconf 88' lang='lat' dir='ltr'><strong>quantumad</strong></span> <span class='ocrx_word' id='word_1_633' title='bbox 1638 4329 1780 4383; x_wconf 90' lang='lat' dir='ltr'><strong>pas-</strong></span> <span class='ocrx_word' id='word_1_634' title='bbox 1892 4297 2144 4383; x_wconf 85' lang='lat' dir='ltr'><strong>qualiter</strong></span> <span class='ocrx_word' id='word_1_635' title='bbox 2165 4310 2368 4381; x_wconf 89' lang='lat' dir='ltr'><strong>justus</strong></span> <span class='ocrx_word' id='word_1_636' title='bbox 2400 4310 2496 4363; x_wconf 90' lang='lat' dir='ltr'><strong>ille</strong></span> <span class='ocrx_word' id='word_1_637' title='bbox 2531 4311 2627 4380; x_wconf 84' lang='lat' dir='ltr'><strong>qui</strong></span> <span class='ocrx_word' id='word_1_638' title='bbox 2663 4311 2768 4365; x_wconf 90' lang='lat' dir='ltr'><strong>fuit</strong></span> <span class='ocrx_word' id='word_1_639' title='bbox 2793 4310 3120 4382; x_wconf 88' lang='lat' dir='ltr'><strong>judicatus,</strong></span> <span class='ocrx_word' id='word_1_640' title='bbox 3152 4309 3347 4364; x_wconf 88' lang='lat' dir='ltr'><strong>veniet</strong></span> <span class='ocrx_word' id='word_1_641' title='bbox 3379 4309 3437 4363; x_wconf 89' lang='lat' dir='ltr'><strong>in</strong></span> <span class='ocrx_word' id='word_1_642' title='bbox 3470 4325 3563 4364; x_wconf 90' lang='lat' dir='ltr'><strong>se-</strong></span> 
     </span>
    </p>
   </div>
   <div class='ocr_carea' id='block_1_65' title="bbox 150 4384 3560 4473">
    <p class='ocr_par' dir='ltr' id='par_1_65' title="bbox 150 4384 3560 4473">
     <span class='ocr_line' id='line_1_65' title="bbox 150 4384 3560 4473; baseline 0.004 -37"><span class='ocrx_word' id='word_1_643' title='bbox 150 4384 335 4444; x_wconf 86' lang='lat' dir='ltr'><strong>sionem</strong></span> <span class='ocrx_word' id='word_1_644' title='bbox 356 4397 411 4446; x_wconf 89' lang='lat' dir='ltr'><strong>et</strong></span> <span class='ocrx_word' id='word_1_645' title='bbox 430 4393 848 4465; x_wconf 86' lang='lat' dir='ltr'><strong>dejectionem,</strong></span> <span class='ocrx_word' id='word_1_646' title='bbox 873 4398 1512 4471; x_wconf 86' lang='lat' dir='ltr'><strong>cap.quinquagesimo</strong></span> <span class='ocrx_word' id='word_1_647' title='bbox 1534 4405 1590 4455; x_wconf 89' lang='lat' dir='ltr'><strong>et</strong></span> <span class='ocrx_word' id='word_1_648' title='bbox 1612 4403 1781 4473; x_wconf 89' lang='lat' dir='ltr'><strong>quin-</strong></span> <span class='ocrx_word' id='word_1_649' title='bbox 1893 4398 2084 4453; x_wconf 91' lang='lat' dir='ltr'><strong>eundo</strong></span> <span class='ocrx_word' id='word_1_650' title='bbox 2132 4398 2407 4452; x_wconf 84' lang='lat' dir='ltr'><strong>adventu.</strong></span> <span class='ocrx_word' id='word_1_651' title='bbox 2468 4396 2538 4450; x_wconf 86' lang='lat' dir='ltr'><strong>Et</strong></span> <span class='ocrx_word' id='word_1_652' title='bbox 2595 4399 2847 4467; x_wconf 81' lang='lat' dir='ltr'><strong>attende,</strong></span> <span class='ocrx_word' id='word_1_653' title='bbox 2893 4398 3129 4453; x_wconf 91' lang='lat' dir='ltr'><strong>domine</strong></span> <span class='ocrx_word' id='word_1_654' title='bbox 3175 4398 3274 4467; x_wconf 91' lang='lat' dir='ltr'><strong>mi,</strong></span> <span class='ocrx_word' id='word_1_655' title='bbox 3308 4396 3560 4469; x_wconf 90' lang='lat' dir='ltr'><strong>qualiter</strong></span> 
     </span>
    </p>
   </div>
   <div class='ocr_carea' id='block_1_66' title="bbox 152 4480 3557 4556">
    <p class='ocr_par' dir='ltr' id='par_1_66' title="bbox 152 4480 3557 4556">
     <span class='ocr_line' id='line_1_66' title="bbox 152 4480 3557 4556; baseline 0.001 -22"><span class='ocrx_word' id='word_1_656' title='bbox 152 4480 454 4548; x_wconf 78' lang='lat' dir='ltr'><strong>quagesimo</strong></span> <span class='ocrx_word' id='word_1_657' title='bbox 476 4484 653 4538; x_wconf 88' lang='lat' dir='ltr'><strong>tertio</strong></span> <span class='ocrx_word' id='word_1_658' title='bbox 682 4500 788 4554; x_wconf 88' lang='lat' dir='ltr'><strong>per</strong></span> <span class='ocrx_word' id='word_1_659' title='bbox 819 4488 1024 4540; x_wconf 90' lang='lat' dir='ltr'><strong>totum.</strong></span> <span class='ocrx_word' id='word_1_660' title='bbox 1060 4486 1130 4540; x_wconf 90' lang='lat' dir='ltr'><strong>Et</strong></span> <span class='ocrx_word' id='word_1_661' title='bbox 1160 4487 1498 4556; x_wconf 89' lang='lat' dir='ltr'><strong>specialiter</strong></span> <span class='ocrx_word' id='word_1_662' title='bbox 1530 4505 1668 4543; x_wconf 89' lang='lat' dir='ltr'><strong>cum</strong></span> <span class='ocrx_word' id='word_1_663' title='bbox 1696 4491 1781 4545; x_wconf 88' lang='lat' dir='ltr'><strong>di-</strong></span> <span class='ocrx_word' id='word_1_664' title='bbox 1892 4486 2175 4541; x_wconf 87' lang='lat' dir='ltr'><strong>describit</strong></span> <span class='ocrx_word' id='word_1_665' title='bbox 2197 4502 2329 4541; x_wconf 91' lang='lat' dir='ltr'><strong>eum</strong></span> <span class='ocrx_word' id='word_1_666' title='bbox 2347 4485 2565 4540; x_wconf 91' lang='lat' dir='ltr'><strong>ibidem</strong></span> <span class='ocrx_word' id='word_1_667' title='bbox 2587 4486 2870 4555; x_wconf 89' lang='lat' dir='ltr'><strong>propheta</strong></span> <span class='ocrx_word' id='word_1_668' title='bbox 2894 4486 2952 4540; x_wconf 94' lang='lat' dir='ltr'><strong>in</strong></span> <span class='ocrx_word' id='word_1_669' title='bbox 2975 4487 3179 4541; x_wconf 90' lang='lat' dir='ltr'><strong>eodem</strong></span> <span class='ocrx_word' id='word_1_670' title='bbox 3194 4487 3403 4556; x_wconf 88' lang='lat' dir='ltr'><strong>capite,</strong></span> <span class='ocrx_word' id='word_1_671' title='bbox 3425 4501 3557 4540; x_wconf 91' lang='lat' dir='ltr'><strong>cum</strong></span> 
     </span>
    </p>
   </div>
   <div class='ocr_carea' id='block_1_67' title="bbox 152 4560 3558 4649">
    <p class='ocr_par' dir='ltr' id='par_1_67' title="bbox 152 4560 3558 4649">
     <span class='ocr_line' id='line_1_67' title="bbox 152 4560 3558 4649; baseline 0.005 -38"><span class='ocrx_word' id='word_1_672' title='bbox 152 4560 280 4617; x_wconf 73' lang='lat' dir='ltr'><strong>cit:-</strong></span> <span class='ocrx_word' id='word_1_673' title='bbox 304 4566 568 4626; x_wconf 79' lang='lat' dir='ltr'><strong>Vidimus</strong></span> <span class='ocrx_word' id='word_1_674' title='bbox 601 4588 735 4626; x_wconf 85' lang='lat' dir='ltr'><strong>eum</strong></span> <span class='ocrx_word' id='word_1_675' title='bbox 757 4576 815 4627; x_wconf 91' lang='lat' dir='ltr'><strong>et</strong></span> <span class='ocrx_word' id='word_1_676' title='bbox 834 4590 949 4628; x_wconf 90' lang='lat' dir='ltr'><strong>non</strong></span> <span class='ocrx_word' id='word_1_677' title='bbox 976 4578 1403 4644; x_wconf 85' lang='lat' dir='ltr'><strong>erataspectus</strong></span> <span class='ocrx_word' id='word_1_678' title='bbox 1433 4579 1489 4630; x_wconf 89' lang='lat' dir='ltr'><strong>et</strong></span> <span class='ocrx_word' id='word_1_679' title='bbox 1521 4578 1778 4649; x_wconf 83' lang='lat' dir='ltr'><strong>species,</strong></span> <span class='ocrx_word' id='word_1_680' title='bbox 1820 4646 1854 4649; x_wconf 89' lang='lat'><strong><em>_</em></strong></span> <span class='ocrx_word' id='word_1_681' title='bbox 1890 4575 2066 4630; x_wconf 87' lang='lat' dir='ltr'><strong>dicit:</strong></span> <span class='ocrx_word' id='word_1_682' title='bbox 2108 4598 2129 4622; x_wconf 76' lang='grc' dir='ltr'><strong>«ι</strong></span> <span class='ocrx_word' id='word_1_683' title='bbox 2164 4576 2325 4630; x_wconf 89' lang='lat' dir='ltr'><strong>Tune</strong></span> <span class='ocrx_word' id='word_1_684' title='bbox 2359 4591 2502 4647; x_wconf 89' lang='lat' dir='ltr'><strong>ergo</strong></span> <span class='ocrx_word' id='word_1_685' title='bbox 2535 4574 2765 4629; x_wconf 91' lang='lat' dir='ltr'><strong>veniam</strong></span> <span class='ocrx_word' id='word_1_686' title='bbox 2796 4579 2852 4630; x_wconf 89' lang='lat' dir='ltr'><strong>et</strong></span> <span class='ocrx_word' id='word_1_687' title='bbox 2885 4575 3116 4631; x_wconf 90' lang='lat' dir='ltr'><strong>intrabo</strong></span> <span class='ocrx_word' id='word_1_688' title='bbox 3140 4576 3200 4630; x_wconf 93' lang='lat' dir='ltr'><strong>in</strong></span> <span class='ocrx_word' id='word_1_689' title='bbox 3232 4573 3454 4646; x_wconf 78' lang='lat' dir='ltr'><strong>judicio</strong></span> <span class='ocrx_word' id='word_1_690' title='bbox 3484 4572 3558 4627; x_wconf 92' lang='lat' dir='ltr'><strong>ad</strong></span> 
     </span>
    </p>
   </div>
   <div class='ocr_carea' id='block_1_68' title="bbox 158 4646 3559 4735">
    <p class='ocr_par' dir='ltr' id='par_1_68' title="bbox 158 4646 3559 4735">
     <span class='ocr_line' id='line_1_68' title="bbox 158 4646 3559 4735; baseline 0.003 -31"><span class='ocrx_word' id='word_1_691' title='bbox 158 4664 317 4722; x_wconf 86' lang='lat' dir='ltr'><strong>neque</strong></span> <span class='ocrx_word' id='word_1_692' title='bbox 344 4657 545 4729; x_wconf 89' lang='lat' dir='ltr'><strong>decor,</strong></span> <span class='ocrx_word' id='word_1_693' title='bbox 568 4666 686 4715; x_wconf 87' lang='lat' dir='ltr'><strong>etc.</strong></span> <span class='ocrx_word' id='word_1_694' title='bbox 718 4661 881 4723; x_wconf 73' lang='lat' dir='ltr'><strong>(Issi.</strong></span> <span class='ocrx_word' id='word_1_695' title='bbox 915 4665 1056 4733; x_wconf 83' lang='lat' dir='ltr'><strong>Lm).</strong></span> <span class='ocrx_word' id='word_1_696' title='bbox 1087 4683 1109 4714; x_wconf 78' lang='grc'>›</span> <span class='ocrx_word' id='word_1_697' title='bbox 1135 4664 1397 4719; x_wconf 87' lang='lat' dir='ltr'><strong>Primum</strong></span> <span class='ocrx_word' id='word_1_698' title='bbox 1419 4646 1785 4735; x_wconf 18' lang='lat' dir='ltr'><strong>ejusiadven-</strong></span> <span class='ocrx_word' id='word_1_699' title='bbox 1805 4646 1869 4708; x_wconf 72' lang='grc' dir='ltr'><strong>’θ</strong></span> <span class='ocrx_word' id='word_1_700' title='bbox 1891 4680 2017 4735; x_wconf 90' lang='lat' dir='ltr'><strong>eos,</strong></span> <span class='ocrx_word' id='word_1_701' title='bbox 2039 4667 2095 4720; x_wconf 92' lang='lat' dir='ltr'><strong>et</strong></span> <span class='ocrx_word' id='word_1_702' title='bbox 2112 4680 2213 4719; x_wconf 90' lang='lat' dir='ltr'><strong>ero</strong></span> <span class='ocrx_word' id='word_1_703' title='bbox 2237 4663 2408 4719; x_wconf 89' lang='lat' dir='ltr'><strong>testis</strong></span> <span class='ocrx_word' id='word_1_704' title='bbox 2440 4646 2623 4718; x_wconf 81' lang='lat' dir='ltr'><strong>verax</strong></span> <span class='ocrx_word' id='word_1_705' title='bbox 2661 4680 2843 4735; x_wconf 89' lang='lat' dir='ltr'><strong>super</strong></span> <span class='ocrx_word' id='word_1_706' title='bbox 2872 4664 3179 4733; x_wconf 88' lang='lat' dir='ltr'><strong>adulteris,</strong></span> <span class='ocrx_word' id='word_1_707' title='bbox 3205 4668 3262 4719; x_wconf 89' lang='lat' dir='ltr'><strong>et</strong></span> <span class='ocrx_word' id='word_1_708' title='bbox 3289 4662 3481 4731; x_wconf 90' lang='lat' dir='ltr'><strong>malis,</strong></span> <span class='ocrx_word' id='word_1_709' title='bbox 3504 4664 3559 4716; x_wconf 89' lang='lat' dir='ltr'><strong>et</strong></span> 
     </span>
    </p>
   </div>
   <div class='ocr_carea' id='block_1_69' title="bbox 157 4740 3559 4825">
    <p class='ocr_par' dir='ltr' id='par_1_69' title="bbox 157 4740 3559 4825">
     <span class='ocr_line' id='line_1_69' title="bbox 157 4740 3559 4825; baseline 0.001 -25"><span class='ocrx_word' id='word_1_710' title='bbox 157 4740 249 4825; x_wconf 61' lang='lat' dir='ltr'><strong>ium</strong></span> <span class='ocrx_word' id='word_1_711' title='bbox 266 4747 415 4812; x_wconf 88' lang='lat' dir='ltr'><strong>ponit</strong></span> <span class='ocrx_word' id='word_1_712' title='bbox 430 4747 647 4816; x_wconf 86' lang='lat' dir='ltr'><strong>Isaias,</strong></span> <span class='ocrx_word' id='word_1_713' title='bbox 668 4765 800 4804; x_wconf 93' lang='lat' dir='ltr'><strong>cum</strong></span> <span class='ocrx_word' id='word_1_714' title='bbox 826 4751 1001 4804; x_wconf 86' lang='lat' dir='ltr'><strong>dicit:</strong></span> <span class='ocrx_word' id='word_1_715' title='bbox 1032 4774 1054 4798; x_wconf 80' lang='grc' dir='ltr'>α</span> <span class='ocrx_word' id='word_1_716' title='bbox 1076 4752 1368 4807; x_wconf 85' lang='lat' dir='ltr'><strong>Parvulus</strong></span> <span class='ocrx_word' id='word_1_717' title='bbox 1386 4756 1560 4811; x_wconf 89' lang='lat' dir='ltr'><strong>natus</strong></span> <span class='ocrx_word' id='word_1_718' title='bbox 1579 4758 1784 4810; x_wconf 89' lang='lat' dir='ltr'><strong>estno-</strong></span> <span class='ocrx_word' id='word_1_719' title='bbox 1892 4753 2175 4825; x_wconf 87' lang='lat' dir='ltr'><strong>perjuris,</strong></span> <span class='ocrx_word' id='word_1_720' title='bbox 2212 4756 2268 4807; x_wconf 92' lang='lat' dir='ltr'><strong>et</strong></span> <span class='ocrx_word' id='word_1_721' title='bbox 2300 4768 2483 4823; x_wconf 90' lang='lat' dir='ltr'><strong>super</strong></span> <span class='ocrx_word' id='word_1_722' title='bbox 2511 4753 2646 4808; x_wconf 91' lang='lat' dir='ltr'><strong>illos</strong></span> <span class='ocrx_word' id='word_1_723' title='bbox 2686 4754 2785 4824; x_wconf 88' lang='lat' dir='ltr'><strong>qui</strong></span> <span class='ocrx_word' id='word_1_724' title='bbox 2835 4753 3184 4808; x_wconf 89' lang='lat' dir='ltr'><strong>defraudant</strong></span> <span class='ocrx_word' id='word_1_725' title='bbox 3227 4749 3559 4806; x_wconf 89' lang='lat' dir='ltr'><strong>mercedem</strong></span> 
     </span>
    </p>
   </div>
   <div class='ocr_carea' id='block_1_70' title="bbox 152 4824 3561 4914">
    <p class='ocr_par' dir='ltr' id='par_1_70' title="bbox 152 4824 3561 4914">
     <span class='ocr_line' id='line_1_70' title="bbox 152 4824 3561 4914; baseline 0.003 -30"><span class='ocrx_word' id='word_1_726' title='bbox 152 4824 226 4880; x_wconf 78' lang='lat' dir='ltr'><strong>his</strong></span> <span class='ocrx_word' id='word_1_727' title='bbox 249 4832 398 4894; x_wconf 75' lang='lat' dir='ltr'><strong>(Issi.</strong></span> <span class='ocrx_word' id='word_1_728' title='bbox 432 4838 538 4905; x_wconf 79' lang='lat' dir='ltr'><strong>ix).</strong></span> <span class='ocrx_word' id='word_1_729' title='bbox 579 4863 600 4884; x_wconf 74' lang='grc' dir='ltr'><strong>ι»</strong></span> <span class='ocrx_word' id='word_1_730' title='bbox 630 4837 698 4891; x_wconf 87' lang='lat' dir='ltr'><strong>Et</strong></span> <span class='ocrx_word' id='word_1_731' title='bbox 728 4840 922 4894; x_wconf 89' lang='lat' dir='ltr'><strong>statim</strong></span> <span class='ocrx_word' id='word_1_732' title='bbox 955 4839 1267 4912; x_wconf 84' lang='lat' dir='ltr'><strong>subjungit</strong></span> <span class='ocrx_word' id='word_1_733' title='bbox 1296 4842 1623 4897; x_wconf 87' lang='lat' dir='ltr'><strong>secundum</strong></span> <span class='ocrx_word' id='word_1_734' title='bbox 1645 4842 1779 4914; x_wconf 88' lang='lat' dir='ltr'><strong>ejus</strong></span> <span class='ocrx_word' id='word_1_735' title='bbox 1889 4843 2259 4911; x_wconf 83' lang='lat' dir='ltr'><strong>mercenarii,</strong></span> <span class='ocrx_word' id='word_1_736' title='bbox 2285 4842 2459 4913; x_wconf 90' lang='lat' dir='ltr'><strong>etqui</strong></span> <span class='ocrx_word' id='word_1_737' title='bbox 2490 4842 2744 4913; x_wconf 89' lang='lat' dir='ltr'><strong>spoliant</strong></span> <span class='ocrx_word' id='word_1_738' title='bbox 2773 4842 3029 4912; x_wconf 89' lang='lat' dir='ltr'><strong>pupillos</strong></span> <span class='ocrx_word' id='word_1_739' title='bbox 3052 4846 3107 4896; x_wconf 92' lang='lat' dir='ltr'><strong>et</strong></span> <span class='ocrx_word' id='word_1_740' title='bbox 3130 4841 3360 4909; x_wconf 87' lang='lat' dir='ltr'><strong>viduas,</strong></span> <span class='ocrx_word' id='word_1_741' title='bbox 3387 4842 3443 4894; x_wconf 92' lang='lat' dir='ltr'><strong>et</strong></span> <span class='ocrx_word' id='word_1_742' title='bbox 3463 4854 3561 4908; x_wconf 91' lang='lat' dir='ltr'><strong>op-</strong></span> 
     </span>
    </p>
   </div>
   <div class='ocr_carea' id='block_1_71' title="bbox 155 4915 3556 5003">
    <p class='ocr_par' dir='ltr' id='par_1_71' title="bbox 155 4915 3556 5003">
     <span class='ocr_line' id='line_1_71' title="bbox 155 4915 3556 5003; baseline 0.004 -39"><span class='ocrx_word' id='word_1_743' title='bbox 155 4915 445 4991; x_wconf 80' lang='lat' dir='ltr'><strong>adveutum,</strong></span> <span class='ocrx_word' id='word_1_744' title='bbox 488 4942 626 4980; x_wconf 89' lang='lat' dir='ltr'><strong>cum</strong></span> <span class='ocrx_word' id='word_1_745' title='bbox 670 4926 843 4981; x_wconf 84' lang='lat' dir='ltr'><strong>dicit:</strong></span> <span class='ocrx_word' id='word_1_746' title='bbox 903 4951 925 4974; x_wconf 73' lang='grc' dir='ltr'><em>α</em></span> <span class='ocrx_word' id='word_1_747' title='bbox 974 4928 1045 4982; x_wconf 82' lang='lat' dir='ltr'><strong>Et</strong></span> <span class='ocrx_word' id='word_1_748' title='bbox 1077 4928 1384 4984; x_wconf 86' lang='lat' dir='ltr'><strong>vocabitur</strong></span> <span class='ocrx_word' id='word_1_749' title='bbox 1413 4928 1780 4986; x_wconf 78' lang='lat' dir='ltr'><strong>fortissimus</strong></span> <span class='ocrx_word' id='word_1_750' title='bbox 1890 4932 2147 5003; x_wconf 90' lang='lat' dir='ltr'><strong>primunt</strong></span> <span class='ocrx_word' id='word_1_751' title='bbox 2179 4931 2560 5003; x_wconf 84' lang='lat' dir='ltr'><strong>peregrinum</strong></span> <span class='ocrx_word' id='word_1_752' title='bbox 2592 4933 2647 4984; x_wconf 90' lang='lat' dir='ltr'><strong>et</strong></span> <span class='ocrx_word' id='word_1_753' title='bbox 2678 4946 2995 4999; x_wconf 87' lang='lat' dir='ltr'><strong>pauperem</strong></span> <span class='ocrx_word' id='word_1_754' title='bbox 3016 4928 3212 4997; x_wconf 85' lang='lat' dir='ltr'><strong>(ibid.)</strong></span> <span class='ocrx_word' id='word_1_755' title='bbox 3239 4950 3261 4976; x_wconf 77' lang='grc' dir='ltr'><strong><em>η</em></strong></span> <span class='ocrx_word' id='word_1_756' title='bbox 3288 4927 3360 4983; x_wconf 86' lang='lat' dir='ltr'><strong>Et</strong></span> <span class='ocrx_word' id='word_1_757' title='bbox 3380 4925 3556 4994; x_wconf 88' lang='lat' dir='ltr'><strong>idem,</strong></span> 
     </span>
    </p>
   </div>
   <div class='ocr_carea' id='block_1_72' title="bbox 154 5004 3559 5089">
    <p class='ocr_par' dir='ltr' id='par_1_72' title="bbox 154 5004 3559 5089">
     <span class='ocr_line' id='line_1_72' title="bbox 154 5004 3559 5089; baseline -0.001 -19"><span class='ocrx_word' id='word_1_758' title='bbox 154 5004 312 5076; x_wconf 61' lang='lat' dir='ltr'><strong>gigas,</strong></span> <span class='ocrx_word' id='word_1_759' title='bbox 352 5016 586 5082; x_wconf 85' lang='lat' dir='ltr'><strong>potens,</strong></span> <span class='ocrx_word' id='word_1_760' title='bbox 635 5030 818 5084; x_wconf 87' lang='lat' dir='ltr'><strong>super</strong></span> <span class='ocrx_word' id='word_1_761' title='bbox 867 5016 1142 5071; x_wconf 89' lang='lat' dir='ltr'><strong>thronum</strong></span> <span class='ocrx_word' id='word_1_762' title='bbox 1186 5016 1373 5070; x_wconf 91' lang='lat' dir='ltr'><strong>David</strong></span> <span class='ocrx_word' id='word_1_763' title='bbox 1418 5017 1671 5087; x_wconf 90' lang='lat' dir='ltr'><strong>sedebit,</strong></span> <span class='ocrx_word' id='word_1_764' title='bbox 1721 5023 1781 5073; x_wconf 90' lang='lat' dir='ltr'><strong>ut</strong></span> <span class='ocrx_word' id='word_1_765' title='bbox 1891 5019 2122 5074; x_wconf 89' lang='lat' dir='ltr'><strong>domine</strong></span> <span class='ocrx_word' id='word_1_766' title='bbox 2174 5019 2271 5089; x_wconf 91' lang='lat' dir='ltr'><strong>mi,</strong></span> <span class='ocrx_word' id='word_1_767' title='bbox 2314 5018 2601 5075; x_wconf 84' lang='lat' dir='ltr'><strong>describit</strong></span> <span class='ocrx_word' id='word_1_768' title='bbox 2650 5017 2919 5072; x_wconf 86' lang='lat' dir='ltr'><strong>Ezechiel</strong></span> <span class='ocrx_word' id='word_1_769' title='bbox 2964 5032 3099 5072; x_wconf 90' lang='lat' dir='ltr'><strong>cum</strong></span> <span class='ocrx_word' id='word_1_770' title='bbox 3147 5016 3288 5071; x_wconf 91' lang='lat' dir='ltr'><strong>dicit</strong></span> <span class='ocrx_word' id='word_1_771' title='bbox 3333 5014 3434 5070; x_wconf 90' lang='lat' dir='ltr'><strong>ubi</strong></span> <span class='ocrx_word' id='word_1_772' title='bbox 3468 5015 3559 5069; x_wconf 90' lang='lat' dir='ltr'><strong>lo-</strong></span> 
     </span>
    </p>
   </div>
   <div class='ocr_carea' id='block_1_73' title="bbox 158 5094 3556 5181">
    <p class='ocr_par' dir='ltr' id='par_1_73' title="bbox 158 5094 3556 5181">
     <span class='ocr_line' id='line_1_73' title="bbox 158 5094 3556 5181; baseline 0.003 -34"><span class='ocrx_word' id='word_1_773' title='bbox 158 5094 415 5181; x_wconf 52' lang='lat' dir='ltr'><strong>Sonitu-met</strong></span> <span class='ocrx_word' id='word_1_774' title='bbox 430 5101 599 5156; x_wconf 89' lang='lat' dir='ltr'><strong>illum</strong></span> <span class='ocrx_word' id='word_1_775' title='bbox 627 5102 701 5157; x_wconf 90' lang='lat' dir='ltr'><strong>ab</strong></span> <span class='ocrx_word' id='word_1_776' title='bbox 730 5104 894 5158; x_wconf 89' lang='lat' dir='ltr'><strong>initio</strong></span> <span class='ocrx_word' id='word_1_777' title='bbox 920 5120 1110 5174; x_wconf 88' lang='lat' dir='ltr'><strong>usque</strong></span> <span class='ocrx_word' id='word_1_778' title='bbox 1134 5105 1194 5159; x_wconf 93' lang='lat' dir='ltr'><strong>in</strong></span> <span class='ocrx_word' id='word_1_779' title='bbox 1217 5108 1505 5160; x_wconf 86' lang='lat' dir='ltr'><strong>aeternum</strong></span> <span class='ocrx_word' id='word_1_780' title='bbox 1527 5106 1727 5175; x_wconf 82' lang='lat' dir='ltr'><strong>(ibid.)</strong></span> <span class='ocrx_word' id='word_1_781' title='bbox 1754 5131 1774 5155; x_wconf 84' lang='lat'><strong>»</strong></span> <span class='ocrx_word' id='word_1_782' title='bbox 1890 5108 2090 5181; x_wconf 88' lang='lat' dir='ltr'><strong>quitur</strong></span> <span class='ocrx_word' id='word_1_783' title='bbox 2119 5106 2190 5161; x_wconf 89' lang='lat' dir='ltr'><strong>de</strong></span> <span class='ocrx_word' id='word_1_784' title='bbox 2219 5107 2561 5181; x_wconf 87' lang='lat' dir='ltr'><strong>pastoribus</strong></span> <span class='ocrx_word' id='word_1_785' title='bbox 2593 5109 2650 5160; x_wconf 91' lang='lat' dir='ltr'><strong>et</strong></span> <span class='ocrx_word' id='word_1_786' title='bbox 2694 5105 2927 5172; x_wconf 89' lang='lat' dir='ltr'><strong>ovibus,</strong></span> <span class='ocrx_word' id='word_1_787' title='bbox 2969 5105 3204 5159; x_wconf 89' lang='lat' dir='ltr'><strong>dicens:</strong></span> <span class='ocrx_word' id='word_1_788' title='bbox 3244 5126 3266 5150; x_wconf 78' lang='grc' dir='ltr'><strong>«ι</strong></span> <span class='ocrx_word' id='word_1_789' title='bbox 3292 5103 3420 5176; x_wconf 89' lang='lat' dir='ltr'><strong>Ego</strong></span> <span class='ocrx_word' id='word_1_790' title='bbox 3453 5117 3556 5157; x_wconf 90' lang='lat' dir='ltr'><strong>se-</strong></span> 
     </span>
    </p>
   </div>
   <div class='ocr_carea' id='block_1_74' title="bbox 152 5176 3555 5269">
    <p class='ocr_par' dir='ltr' id='par_1_74' title="bbox 152 5176 3555 5269">
     <span class='ocr_line' id='line_1_74' title="bbox 152 5176 3555 5269; baseline 0.003 -34"><span class='ocrx_word' id='word_1_791' title='bbox 152 5176 423 5241; x_wconf 80' lang='lat' dir='ltr'><strong>Zacharias</strong></span> <span class='ocrx_word' id='word_1_792' title='bbox 471 5193 669 5243; x_wconf 91' lang='lat' dir='ltr'><strong>autem</strong></span> <span class='ocrx_word' id='word_1_793' title='bbox 717 5190 999 5261; x_wconf 86' lang='lat' dir='ltr'><strong>prepheta</strong></span> <span class='ocrx_word' id='word_1_794' title='bbox 1043 5192 1329 5247; x_wconf 88' lang='lat' dir='ltr'><strong>describit</strong></span> <span class='ocrx_word' id='word_1_795' title='bbox 1377 5208 1512 5248; x_wconf 89' lang='lat' dir='ltr'><strong>eum</strong></span> <span class='ocrx_word' id='word_1_796' title='bbox 1560 5209 1778 5263; x_wconf 89' lang='lat' dir='ltr'><strong>paupe-</strong></span> <span class='ocrx_word' id='word_1_797' title='bbox 1887 5176 2109 5269; x_wconf 75' lang='lat' dir='ltr'><strong>parabo</strong></span> <span class='ocrx_word' id='word_1_798' title='bbox 2139 5176 2345 5265; x_wconf 42' lang='lat' dir='ltr'><strong>ab—eis,</strong></span> <span class='ocrx_word' id='word_1_799' title='bbox 2379 5193 3357 5265; x_wconf 86' lang='lat' dir='ltr'><strong>scilicetajustis,trangressores</strong></span> <span class='ocrx_word' id='word_1_800' title='bbox 3389 5194 3447 5248; x_wconf 89' lang='lat' dir='ltr'><strong>et</strong></span> <span class='ocrx_word' id='word_1_801' title='bbox 3466 5191 3555 5246; x_wconf 85' lang='lat' dir='ltr'><strong>in-</strong></span> 
     </span>
    </p>
   </div>
   <div class='ocr_carea' id='block_1_75' title="bbox 162 5275 3554 5355">
    <p class='ocr_par' dir='ltr' id='par_1_75' title="bbox 162 5275 3554 5355">
     <span class='ocr_line' id='line_1_75' title="bbox 162 5275 3554 5355; baseline 0.003 -30"><span class='ocrx_word' id='word_1_802' title='bbox 162 5280 256 5355; x_wconf 57' lang='lat' dir='ltr'><strong>rrm</strong></span> <span class='ocrx_word' id='word_1_803' title='bbox 282 5276 332 5325; x_wconf 90' lang='lat' dir='ltr'><strong>et</strong></span> <span class='ocrx_word' id='word_1_804' title='bbox 360 5275 664 5331; x_wconf 86' lang='lat' dir='ltr'><strong>sedentem</strong></span> <span class='ocrx_word' id='word_1_805' title='bbox 683 5294 867 5348; x_wconf 89' lang='lat' dir='ltr'><strong>super</strong></span> <span class='ocrx_word' id='word_1_806' title='bbox 893 5280 1126 5334; x_wconf 90' lang='lat' dir='ltr'><strong>asinum</strong></span> <span class='ocrx_word' id='word_1_807' title='bbox 1156 5280 1360 5349; x_wconf 80' lang='lat' dir='ltr'><strong>(Zacli.</strong></span> <span class='ocrx_word' id='word_1_808' title='bbox 1395 5282 1497 5349; x_wconf 83' lang='lat' dir='ltr'><strong>ix).</strong></span> <span class='ocrx_word' id='word_1_809' title='bbox 1533 5280 1603 5336; x_wconf 88' lang='lat' dir='ltr'><strong>Et</strong></span> <span class='ocrx_word' id='word_1_810' title='bbox 1636 5283 1779 5353; x_wconf 88' lang='lat' dir='ltr'><strong>quid</strong></span> <span class='ocrx_word' id='word_1_811' title='bbox 1889 5286 2165 5340; x_wconf 88' lang='lat' dir='ltr'><strong>credulos</strong></span> <span class='ocrx_word' id='word_1_812' title='bbox 2193 5284 2399 5355; x_wconf 85' lang='lat' dir='ltr'><strong>(Ezec.</strong></span> <span class='ocrx_word' id='word_1_813' title='bbox 2426 5286 2651 5353; x_wconf 76' lang='lat' dir='ltr'><strong>xxxxv).</strong></span> <span class='ocrx_word' id='word_1_814' title='bbox 2684 5305 2703 5330; x_wconf 77' lang='grc' dir='ltr'>ι</span> <span class='ocrx_word' id='word_1_815' title='bbox 2733 5281 2876 5336; x_wconf 63' lang='lat' dir='ltr'><strong>Haec</strong></span> <span class='ocrx_word' id='word_1_816' title='bbox 2898 5298 3013 5337; x_wconf 90' lang='lat' dir='ltr'><strong>non</strong></span> <span class='ocrx_word' id='word_1_817' title='bbox 3045 5282 3223 5337; x_wconf 87' lang='lat' dir='ltr'><strong>habet</strong></span> <span class='ocrx_word' id='word_1_818' title='bbox 3248 5281 3554 5336; x_wconf 87' lang='lat' dir='ltr'><strong>translatio</strong></span> 
     </span>
    </p>
   </div>
   <div class='ocr_carea' id='block_1_76' title="bbox 156 5354 3556 5443">
    <p class='ocr_par' dir='ltr' id='par_1_76' title="bbox 156 5354 3556 5443">
     <span class='ocr_line' id='line_1_76' title="bbox 156 5354 3556 5443; baseline 0.004 -32"><span class='ocrx_word' id='word_1_819' title='bbox 156 5354 279 5443; x_wconf 78' lang='lat' dir='ltr'><strong>aliud</strong></span> <span class='ocrx_word' id='word_1_820' title='bbox 305 5366 388 5417; x_wconf 88' lang='lat' dir='ltr'><strong>est</strong></span> <span class='ocrx_word' id='word_1_821' title='bbox 408 5363 543 5434; x_wconf 91' lang='lat' dir='ltr'><strong>hoc,</strong></span> <span class='ocrx_word' id='word_1_822' title='bbox 577 5366 691 5421; x_wconf 89' lang='lat' dir='ltr'><strong>nisi</strong></span> <span class='ocrx_word' id='word_1_823' title='bbox 720 5367 876 5438; x_wconf 83' lang='lat' dir='ltr'><strong>quod</strong></span> <span class='ocrx_word' id='word_1_824' title='bbox 909 5369 1192 5439; x_wconf 89' lang='lat' dir='ltr'><strong>propheta</strong></span> <span class='ocrx_word' id='word_1_825' title='bbox 1213 5370 1503 5424; x_wconf 88' lang='lat' dir='ltr'><strong>describit</strong></span> <span class='ocrx_word' id='word_1_826' title='bbox 1522 5371 1777 5440; x_wconf 88' lang='lat' dir='ltr'><strong>primum</strong></span> <span class='ocrx_word' id='word_1_827' title='bbox 1886 5379 2112 5443; x_wconf 84' lang='lat' dir='ltr'><strong>nostra,</strong></span> <span class='ocrx_word' id='word_1_828' title='bbox 2148 5354 2255 5428; x_wconf 87' lang='lat' dir='ltr'><strong>sed</strong></span> <span class='ocrx_word' id='word_1_829' title='bbox 2278 5375 2334 5427; x_wconf 91' lang='lat' dir='ltr'><strong>in</strong></span> <span class='ocrx_word' id='word_1_830' title='bbox 2365 5372 2620 5427; x_wconf 85' lang='lat' dir='ltr'><strong>Arabico</strong></span> <span class='ocrx_word' id='word_1_831' title='bbox 2639 5371 2779 5425; x_wconf 90' lang='lat' dir='ltr'><strong>dicit</strong></span> <span class='ocrx_word' id='word_1_832' title='bbox 2797 5370 2885 5425; x_wconf 91' lang='lat' dir='ltr'><strong>sic</strong></span> <span class='ocrx_word' id='word_1_833' title='bbox 2911 5387 2923 5425; x_wconf 91' lang='lat'><strong>:</strong></span> <span class='ocrx_word' id='word_1_834' title='bbox 2955 5370 3002 5424; x_wconf 93' lang='grc' dir='ltr'>Ο</span> <span class='ocrx_word' id='word_1_835' title='bbox 3032 5369 3265 5425; x_wconf 89' lang='lat' dir='ltr'><strong>domine</strong></span> <span class='ocrx_word' id='word_1_836' title='bbox 3288 5369 3386 5438; x_wconf 93' lang='lat' dir='ltr'><strong>mi,</strong></span> <span class='ocrx_word' id='word_1_837' title='bbox 3414 5384 3556 5424; x_wconf 91' lang='lat' dir='ltr'><strong>ecce</strong></span> 
     </span>
    </p>
   </div>
   <div class='ocr_carea' id='block_1_77' title="bbox 154 5442 3553 5535">
    <p class='ocr_par' dir='ltr' id='par_1_77' title="bbox 154 5442 3553 5535">
     <span class='ocr_line' id='line_1_77' title="bbox 154 5442 3553 5535; baseline 0.003 -34"><span class='ocrx_word' id='word_1_838' title='bbox 154 5442 420 5535; x_wconf 72' lang='lat' dir='ltr'><strong>adventum</strong></span> <span class='ocrx_word' id='word_1_839' title='bbox 448 5455 509 5507; x_wconf 92' lang='lat' dir='ltr'><strong>in</strong></span> <span class='ocrx_word' id='word_1_840' title='bbox 540 5446 882 5524; x_wconf 86' lang='lat' dir='ltr'><strong>humilitate,</strong></span> <span class='ocrx_word' id='word_1_841' title='bbox 916 5459 973 5511; x_wconf 90' lang='lat' dir='ltr'><strong>et</strong></span> <span class='ocrx_word' id='word_1_842' title='bbox 1003 5458 1332 5512; x_wconf 89' lang='lat' dir='ltr'><strong>secundum</strong></span> <span class='ocrx_word' id='word_1_843' title='bbox 1355 5457 1414 5511; x_wconf 92' lang='lat' dir='ltr'><strong>in</strong></span> <span class='ocrx_word' id='word_1_844' title='bbox 1434 5460 1696 5528; x_wconf 90' lang='lat' dir='ltr'><strong>potentia</strong></span> <span class='ocrx_word' id='word_1_845' title='bbox 1719 5464 1777 5514; x_wconf 87' lang='lat' dir='ltr'><strong>et</strong></span> <span class='ocrx_word' id='word_1_846' title='bbox 1885 5463 2042 5535; x_wconf 88' lang='lat' dir='ltr'><strong>quod</strong></span> <span class='ocrx_word' id='word_1_847' title='bbox 2084 5442 2143 5516; x_wconf 88' lang='lat' dir='ltr'><strong>in</strong></span> <span class='ocrx_word' id='word_1_848' title='bbox 2193 5462 2458 5517; x_wconf 90' lang='lat' dir='ltr'><strong>secundo</strong></span> <span class='ocrx_word' id='word_1_849' title='bbox 2502 5460 2758 5515; x_wconf 89' lang='lat' dir='ltr'><strong>adventu</strong></span> <span class='ocrx_word' id='word_1_850' title='bbox 2790 5459 3089 5529; x_wconf 83' lang='lat' dir='ltr'><strong>separabit</strong></span> <span class='ocrx_word' id='word_1_851' title='bbox 3117 5459 3460 5514; x_wconf 89' lang='lat' dir='ltr'><strong>incredulos</strong></span> <span class='ocrx_word' id='word_1_852' title='bbox 3494 5457 3553 5510; x_wconf 93' lang='lat' dir='ltr'><strong>in</strong></span> 
     </span>
    </p>
   </div>
   <div class='ocr_carea' id='block_1_78' title="bbox 154 5533 3561 5619">
    <p class='ocr_par' dir='ltr' id='par_1_78' title="bbox 154 5533 3561 5619">
     <span class='ocr_line' id='line_1_78' title="bbox 154 5533 3561 5619; baseline 0.002 -29"><span class='ocrx_word' id='word_1_853' title='bbox 154 5533 452 5604; x_wconf 80' lang='lat' dir='ltr'><strong>majestate?</strong></span> <span class='ocrx_word' id='word_1_854' title='bbox 472 5541 573 5595; x_wconf 89' lang='lat' dir='ltr'><strong>Sic</strong></span> <span class='ocrx_word' id='word_1_855' title='bbox 590 5544 744 5598; x_wconf 90' lang='lat' dir='ltr'><strong>enim</strong></span> <span class='ocrx_word' id='word_1_856' title='bbox 762 5544 1197 5599; x_wconf 86' lang='lat' dir='ltr'><strong>deseribiteum</strong></span> <span class='ocrx_word' id='word_1_857' title='bbox 1226 5546 1426 5600; x_wconf 87' lang='lat' dir='ltr'><strong>Daniel</strong></span> <span class='ocrx_word' id='word_1_858' title='bbox 1459 5548 1619 5600; x_wconf 86' lang='lat' dir='ltr'><strong>circa</strong></span> <span class='ocrx_word' id='word_1_859' title='bbox 1656 5564 1774 5602; x_wconf 88' lang='lat' dir='ltr'><strong>me-</strong></span> <span class='ocrx_word' id='word_1_860' title='bbox 1886 5533 2077 5604; x_wconf 78' lang='lat' dir='ltr'><strong>medio</strong></span> <span class='ocrx_word' id='word_1_861' title='bbox 2122 5548 2443 5619; x_wconf 84' lang='lat' dir='ltr'><strong>justorum,</strong></span> <span class='ocrx_word' id='word_1_862' title='bbox 2494 5548 2646 5601; x_wconf 89' lang='lat' dir='ltr'><strong>sicut</strong></span> <span class='ocrx_word' id='word_1_863' title='bbox 2690 5549 2859 5603; x_wconf 88' lang='lat' dir='ltr'><strong>etiam</strong></span> <span class='ocrx_word' id='word_1_864' title='bbox 2907 5547 3107 5601; x_wconf 89' lang='lat' dir='ltr'><strong>dicunt</strong></span> <span class='ocrx_word' id='word_1_865' title='bbox 3138 5544 3462 5599; x_wconf 82' lang='lat' dir='ltr'><strong>Malachias</strong></span> <span class='ocrx_word' id='word_1_866' title='bbox 3497 5548 3561 5598; x_wconf 88' lang='lat' dir='ltr'><strong>et</strong></span> 
     </span>
    </p>
   </div>
   <div class='ocr_carea' id='block_1_79' title="bbox 154 5619 3563 5708">
    <p class='ocr_par' dir='ltr' id='par_1_79' title="bbox 154 5619 3563 5708">
     <span class='ocr_line' id='line_1_79' title="bbox 154 5619 3563 5708; baseline 0.005 -37"><span class='ocrx_word' id='word_1_867' title='bbox 154 5619 298 5693; x_wconf 87' lang='lat' dir='ltr'><strong>dium,</strong></span> <span class='ocrx_word' id='word_1_868' title='bbox 327 5629 423 5684; x_wconf 88' lang='lat' dir='ltr'><strong>ubi</strong></span> <span class='ocrx_word' id='word_1_869' title='bbox 451 5631 621 5686; x_wconf 89' lang='lat' dir='ltr'><strong>dicit:</strong></span> <span class='ocrx_word' id='word_1_870' title='bbox 659 5632 1152 5691; x_wconf 80' lang='lat' dir='ltr'><strong>«Considerabam</strong></span> <span class='ocrx_word' id='word_1_871' title='bbox 1184 5635 1277 5693; x_wconf 86' lang='lat' dir='ltr'><strong>vel</strong></span> <span class='ocrx_word' id='word_1_872' title='bbox 1315 5635 1680 5708; x_wconf 79' lang='lat' dir='ltr'><strong>aSpiciebam</strong></span> <span class='ocrx_word' id='word_1_873' title='bbox 1715 5637 1774 5690; x_wconf 92' lang='lat' dir='ltr'><strong>in</strong></span> <span class='ocrx_word' id='word_1_874' title='bbox 1884 5636 2153 5701; x_wconf 83' lang='lat' dir='ltr'><strong>Ezechiel</strong></span> <span class='ocrx_word' id='word_1_875' title='bbox 2184 5636 2362 5690; x_wconf 90' lang='lat' dir='ltr'><strong>clare.</strong></span> <span class='ocrx_word' id='word_1_876' title='bbox 2388 5633 2661 5705; x_wconf 87' lang='lat' dir='ltr'><strong>Etprimo</strong></span> <span class='ocrx_word' id='word_1_877' title='bbox 2683 5636 2938 5690; x_wconf 88' lang='lat' dir='ltr'><strong>adventu</strong></span> <span class='ocrx_word' id='word_1_878' title='bbox 2968 5649 3140 5689; x_wconf 91' lang='lat' dir='ltr'><strong>nemo</strong></span> <span class='ocrx_word' id='word_1_879' title='bbox 3161 5638 3427 5689; x_wconf 89' lang='lat' dir='ltr'><strong>nostrum</strong></span> <span class='ocrx_word' id='word_1_880' title='bbox 3462 5649 3563 5687; x_wconf 66' lang='lat' dir='ltr'><strong>eoo</strong></span> 
     </span>
    </p>
   </div>
   <div class='ocr_carea' id='block_1_80' title="bbox 160 5707 3541 5804">
    <p class='ocr_par' dir='ltr' id='par_1_80' title="bbox 160 5707 3541 5804">
     <span class='ocr_line' id='line_1_80' title="bbox 160 5707 3541 5804; baseline 0.003 -40"><span class='ocrx_word' id='word_1_881' title='bbox 160 5707 346 5769; x_wconf 73' lang='lat' dir='ltr'><strong>Visione</strong></span> <span class='ocrx_word' id='word_1_882' title='bbox 375 5719 586 5785; x_wconf 85' lang='lat' dir='ltr'><strong>noctis,</strong></span> <span class='ocrx_word' id='word_1_883' title='bbox 618 5724 672 5804; x_wconf 73' lang='lat' dir='ltr'><strong>et</strong></span> <span class='ocrx_word' id='word_1_884' title='bbox 703 5738 841 5778; x_wconf 81' lang='lat' dir='ltr'><strong>ecce</strong></span> <span class='ocrx_word' id='word_1_885' title='bbox 873 5722 931 5779; x_wconf 88' lang='lat' dir='ltr'><strong>in</strong></span> <span class='ocrx_word' id='word_1_886' title='bbox 961 5723 1219 5785; x_wconf 76' lang='lat' dir='ltr'><strong>nubibus</strong></span> <span class='ocrx_word' id='word_1_887' title='bbox 1244 5707 1582 5797; x_wconf 86' lang='lat' dir='ltr'><strong>coeliquasi</strong></span> <span class='ocrx_word' id='word_1_888' title='bbox 1614 5724 1772 5777; x_wconf 82' lang='lat' dir='ltr'><strong>filius</strong></span> <span class='ocrx_word' id='word_1_889' title='bbox 1883 5725 2087 5797; x_wconf 78' lang='lat' dir='ltr'><strong>gnovit</strong></span> <span class='ocrx_word' id='word_1_890' title='bbox 2117 5739 2270 5791; x_wconf 89' lang='lat' dir='ltr'><strong>cum,</strong></span> <span class='ocrx_word' id='word_1_891' title='bbox 2301 5722 2438 5793; x_wconf 89' lang='lat' dir='ltr'><strong>quia</strong></span> <span class='ocrx_word' id='word_1_892' title='bbox 2469 5722 2729 5778; x_wconf 82' lang='lat' dir='ltr'><strong>exiverat</strong></span> <span class='ocrx_word' id='word_1_893' title='bbox 2759 5722 2975 5776; x_wconf 86' lang='lat' dir='ltr'><strong>limites</strong></span> <span class='ocrx_word' id='word_1_894' title='bbox 3015 5721 3285 5795; x_wconf 82' lang='lat' dir='ltr'><strong>humanae</strong></span> <span class='ocrx_word' id='word_1_895' title='bbox 3316 5721 3541 5773; x_wconf 64' lang='lat' dir='ltr'><strong>natura;</strong></span> 
     </span>
    </p>
   </div>
  </div>
