3978 6178
422 395 538 459 347

1631 378 2052 458 SAMUELIS
2100 382 2649 459 MAROCHIANI

3732 391 3855 457 348

421 586 584 652 Sicut
613 596 752 650 dicit
773 596 931 650 Deus
955 610 1059 665 per
1089 609 1157 649 os
1179 593 1372 648 Esaiae
1403 593 1736 664 prophetae:
1776 618 1795 640 «ι
1826 592 1897 647 Et
1927 593 2081 647 inter
2105 573 2163 635 Α
2186 593 2390 664 justus
2419 594 2532 648 iste
2563 594 2848 649 Dominus
2880 595 3179 664 virtutum,
3205 609 3321 648 non
3340 594 3545 649 habuit
3565 595 3857 664 praelium,

420 685 657 755 iniquos
687 686 1054 752 computatus
1086 687 1196 753 est,
1230 685 1285 736 et
1312 686 1550 753 propter
1568 683 1681 736 hoc
1704 698 1819 735 non
1849 686 2079 751 reputa-

420 774 614 826 vimus
645 786 778 826 eum
810 768 972 841 (Isai.
1008 774 1149 840 LIII).
1189 795 1209 818 ιι
1253 770 1322 824 Et
1351 772 1639 825 Jeremias
1674 771 1809 824 dicit
1840 787 1853 825 :
1894 795 1914 816 α
1952 771 2082 839 Ipse

421 864 513 914 est
541 861 735 928 homo,
763 862 819 913 et
847 861 981 930 quis
1015 861 1127 914 scit
1158 862 1373 914 eum?»
1411 858 1480 913 Et
1496 858 1693 927 timeo,
1728 861 1959 913 domine
1984 860 2080 926 mi,

421 948 576 1018 quod
596 949 793 1016 patres
817 949 1003 1001 nostri
1025 948 1084 1001 in
1102 948 1288 1017 primo
1311 948 1565 1001 adventu
1587 948 1825 1001 Messiae
1849 947 2084 1001 defece-

421 1038 577 1104 runt,
623 1038 679 1089 et
723 1037 1089 1103 erraverunt,
1124 1039 1180 1089 et
1214 1040 1453 1106 propter
1481 1037 1595 1089 hoc
1643 1051 1850 1090 sumus
1883 1036 1936 1088 in
1971 1035 2082 1089 ista

423 1123 772 1193 captivitate,
806 1140 940 1194 quae
971 1140 1088 1178 non
1138 1124 1313 1178 habet
1343 1125 1537 1179 ﬁnem.
1574 1124 1643 1177 Et
1685 1127 1879 1178 tamen
1908 1124 2082 1195 quid-

422 1211 559 1283 quid
592 1213 909 1285 contingat,
934 1212 1039 1266 Dei
1070 1229 1299 1281 sumus,
1333 1219 1390 1267 et
1420 1215 1476 1267 in
1512 1213 1641 1283 ipso
1667 1228 1996 1284 speramus.

424 1400 509 1460 De
528 1407 785 1461 secundo
797 1401 872 1461 ad
885 1412 1055 1460 ventu
1077 1407 1309 1462 Christi
1322 1425 1446 1462 cum
1458 1407 2077 1479 potentiajudieaturi.

490 1494 732 1549 Domine
762 1495 860 1562 mi,
886 1511 1070 1564 paveo
1093 1512 1165 1549 ne
1194 1498 1305 1550 iste
1330 1496 1535 1566 justus
1557 1496 1745 1565 judex
1763 1496 1837 1549 sit
1862 1495 1958 1548 ille
1981 1493 2080 1565 qui

408 1581 786 1654 judicaturus
810 1589 900 1637 est
924 1599 1056 1637 cum
1078 1585 1334 1655 potentia
1368 1585 1425 1637 in
1446 1585 1699 1638 adventu
1719 1584 2003 1651 secundo,
2027 1586 2082 1638 et

417 1670 515 1742 qui
550 1670 655 1724 fuit
683 1672 954 1726 Salvator
982 1674 1041 1725 in
1064 1673 1317 1727 adventu
1335 1674 1521 1742 primo
1549 1673 1808 1727 omnium
1831 1674 1929 1743 qui
1956 1689 2078 1726 crc-

413 1758 684 1813 diderunt
714 1760 768 1812 in
801 1776 953 1827 eum,
990 1762 1267 1831 quoniam
1299 1762 1581 1830 propheta
1614 1761 1799 1814 David
1833 1761 1975 1814 dicit
2009 1761 2078 1814 de

415 1846 514 1900 illo
545 1864 556 1900 :
594 1871 615 1891 α
658 1847 870 1901 Notum
904 1848 1044 1903 fecit
1091 1849 1375 1903 Dominus
1418 1849 1674 1904 salutare
1707 1866 1900 1915 suum,
1937 1854 1989 1903 et
2022 1850 2078 1901 in

2189 682 2304 736 nisi
2336 682 2394 736 in
2423 684 2614 752 primo
2643 684 2894 737 adventu
2918 699 3048 748 suo,
3084 685 3221 754 quia
3251 684 3485 754 quando
3518 684 3753 737 sedebit
3788 684 3857 736 ad

2181 770 2567 840 judicandum
2598 773 2755 842 ignis
2778 773 2838 826 in
2862 773 3109 827 circuitu
3141 771 3275 843 ejus
3307 772 3659 826 exardescet
3687 776 3747 825 et
3778 773 3854 825 in-

2184 859 2505 913 ﬂammabit
2534 860 2591 912 in
2625 860 2871 915 circuitu
2905 861 3179 915 inimicos
3213 860 3369 931 ejus,
3396 863 3452 914 et
3471 859 3849 930 conflagrabit

2178 947 2380 1017 justos
2412 964 2518 1017 per
2562 949 2758 1019 ignem
2803 950 2975 1020 quasi
3021 951 3330 1020 argentum
3361 948 3550 1018 (Psal.
3582 950 3768 1015 xmx);
3803 954 3853 1003 et

2185 1036 2297 1089 hoc
2329 1036 2529 1090 ultimo
2560 1036 2693 1107 ejus
2725 1038 3002 1092 adventu.
3036 1037 3249 1092 Nullus
3280 1042 3471 1091 autem
3491 1036 3857 1106 praaliabitur

2185 1129 2386 1178 contra
2417 1126 2599 1194 illum,
2633 1141 2740 1180 nec
2772 1127 2940 1180 locus
2972 1123 3081 1180 erit
3110 1142 3346 1197 pugnae.
3376 1125 3587 1180 Adhuc
3612 1125 3685 1179 de
3706 1125 3857 1195 justi

2185 1214 2366 1283 hujus
2396 1214 2746 1268 exaltationc
2777 1215 2916 1267 dicit
2945 1214 3131 1268 Isaias
3168 1230 3180 1268 :
3238 1236 3259 1261 ιι
3296 1214 3441 1278 Quis
3476 1217 3568 1268 est
3604 1213 3721 1268 iste
3754 1213 3855 1283 qui

2185 1303 2342 1356 venit
2354 1302 2426 1356 de
2456 1302 2641 1357 Edom
2663 1303 2735 1358 de
2765 1306 2940 1371 terra,
2971 1302 3601 1371 rubens,vestimentis
3625 1301 3765 1372 ejus
3785 1302 3857 1356 de

2184 1390 2391 1458 Bosra,
2427 1392 2581 1445 sicut
2599 1391 2695 1445 ille
2719 1391 3018 1445 formosus
3041 1391 3099 1444 in
3121 1391 3292 1459 stola;
3332 1394 3389 1443 et
3411 1391 3732 1459 respondet
3750 1390 3848 1443 his

2179 1477 2384 1548 justus
2403 1479 2545 1533 iste:
2572 1479 2698 1550 Ego
2714 1480 2814 1549 qui
2831 1479 3371 1550 loquorjustitiam,
3399 1495 3530 1533 sum
3555 1495 3854 1549 expugna-

2182 1570 2274 1620 tor
2303 1566 2375 1620 ad
2407 1568 2836 1636 salutationem,
2870 1571 2927 1621 et
2954 1568 3154 1621 dicunt
3175 1568 3229 1621 ei
3252 1567 3462 1637 Angeli
3488 1584 3499 1621 :
3524 1567 3571 1620 Ο
3593 1567 3853 1632 domine,

2183 1671 2363 1724 quare
2409 1657 2651 1709 rubrum
2710 1661 2803 1710 est
2850 1657 3265 1710 vestimentum
3314 1658 3477 1710 tuum
3525 1654 3683 1709 sicut
3734 1656 3862 1708 cal-

2186 1745 2373 1797 cantis
2389 1746 2680 1798 torcular?
2700 1746 3059 1815 Respondet,
3077 1745 3284 1798 dicens
3301 1761 3312 1799 :
3330 1745 3616 1799 Torcular
3629 1744 3859 1799 calcavi

2192 1834 2377 1901 solus,
2413 1835 2468 1887 et
2498 1849 2615 1887 non
2645 1838 2771 1888 erat
2802 1834 2892 1886 vir
2924 1849 3153 1887 mecum
3187 1832 3351 1898 (Isai.
3386 1833 3568 1901 LXIII).
3610 1858 3633 1881 »ι
3690 1832 3860 1899 Vide,

418 1943 739 2004 conspectu
772 1937 1032 2006 gentium
1064 1937 1346 1991 revelavit
1374 1940 1663 2010 justitiam
1686 1938 1867 2009 :suam
1892 1937 2076 2006 (Psal.
2110 1922 2164 1985 Β
2192 1920 2425 1976 domine
2457 1923 2555 1989 mi,
2589 1938 2761 1991 quam
2797 1922 3032 1991 ΡΓΟΡΥᾸΘ
3063 1922 3322 1992 loquitur
3352 1922 3560 1985 Isaias,
3592 1924 3650 1974 θί
3679 1922 3859 1975 “meo

418 2024 617 2093 xcvu).
659 2046 678 2072 »ι
718 2023 925 2079 Adhuc
957 2025 1097 2079 dicit
1128 2026 1350 2081 Isaias:
1396 2050 1417 2074 «
1456 2028 1755 2080 Haurietis
1787 2043 1971 2098 aquas
2012 2027 2082 2081 de

419 2110 666 2180 piscinis
696 2112 1175 2183 Salvatoris(Isa.
1199 2117 1327 2184 xu).
1360 2139 1379 2164 ι»
1407 2116 1572 2181 Quod
1598 2117 1836 2185 dictum,
1872 2131 2084 2169 secun-

419 2199 557 2252 dum
598 2200 799 2256 videre
850 2218 1063 2275 meum,
1103 2203 1365 2276 intelligo
1399 2206 1468 2259 de
1501 2204 1812 2274 baptismo.
1847 2205 1993 2257 Nam
2025 2204 2083 2257 in

418 2287 605 2358 primo
636 2289 890 2345 adventu
931 2292 1181 2346 salvavit
1211 2309 1319 2362 per
1357 2308 1587 2364 aquam,
1624 2297 1679 2347 ct
1727 2294 1788 2345 in
1820 2293 2082 2347 secundo

410 2374 701 2445 judicabit
729 2395 835 2448 per
866 2380 1082 2451 ignem.
1119 2380 1189 2434 Et
1228 2382 1299 2435 de
1349 2383 1463 2435 isto
1501 2382 1805 2436 Salvatore
1844 2382 2078 2450 dicitur,

413 2464 646 2521 domine
676 2468 790 2521 mi:
832 2490 851 2514 α
890 2466 1025 2524 Scio
1057 2471 1213 2540 quod
1246 2470 1517 2524 Salvator
1548 2486 1714 2525 meus
1748 2469 1909 2538 vivit,
1938 2472 1993 2524 et
2024 2470 2083 2524 in

415 2555 743 2608 novissimo
767 2556 878 2610 diae
898 2557 969 2611 de
994 2561 1146 2612 terra
1177 2565 1559 2613 surrecturus
1584 2575 1715 2614 sum
1740 2562 1796 2613 et
1826 2560 1880 2612 in
1907 2574 2083 2612 carne

415 2656 545 2694 mea
577 2642 729 2696 oculi
764 2644 874 2696 mei
925 2645 1203 2700 videbunt
1237 2647 1420 2701 Deum
1452 2664 1645 2701 meum
1677 2647 1830 2715 (Joh.
1866 2647 2014 2715 χιχ).
2058 2668 2079 2692 ιι

418 2728 684 2799 Attende,
719 2730 950 2787 domine
983 2735 1079 2803 mi,
1105 2737 1262 2805 quod
1280 2736 1695 2806 vocatjustum
1718 2735 2082 2788 Salvatorem

418 2816 876 2886 Deuin,fconstat
893 2824 1084 2876 autem
1104 2823 1257 2893 quod
1279 2822 1433 2877 oculi
1452 2823 1649 2877 carnis
1664 2840 1780 2877 non
1804 2823 2086 2877 videbunt

418 2905 625 2979 Deum.
660 2906 812 2962 Ecce
863 2909 1150 2964 habemus
1192 2912 1517 2966 secundum
1555 2912 1893 2981 Scripturas
1926 2910 2080 2982 quod

414 2992 683 3050 Salvator
714 2999 803 3051 est
837 2998 929 3053 ille
952 2999 1111 3053 Deus
1136 2999 1361 3071 justus,
1394 3002 1465 3055 de
1504 3017 1620 3072 quo
1651 3003 1740 3055 cst
1771 3015 1989 3069 sermo,
2026 3003 2081 3054 ct

331 3144 343 3151 _
416 3083 584 3137 solus
600 3087 916 3154 potestdici
947 3088 1365 3160 verusjustus,
1392 3090 1667 3161 quoniam
1698 3090 1923 3144 nullum
1948 3106 2081 3157 pec-

417 3175 610 3226 catum
642 3174 799 3247 fecit,
834 3177 1157 3233 secundum
1179 3180 1333 3249 quod
1349 3179 1419 3236 de
1442 3180 1542 3234 illo
1567 3180 1725 3234 Deus
1745 3179 2083 3234 testiﬁcabi-

413 3264 510 3316 tur
530 3278 721 3333 peros
746 3265 917 3320 Isaiae
934 3269 1237 3338 prephetaa
1264 3285 1275 3324 :
1312 3292 1332 3317 α
1357 3269 1465 3334 Qui
1500 3272 1802 3340 peccatum
1844 3287 1959 3324 non
1995 3269 2080 3326 fc-
2111 3277 2164 3339 ο

415 3348 511 3419 cit,
547 3366 656 3404 nec
686 3352 962 3408 inventus
994 3359 1085 3409 est
1114 3356 1288 3413 dolus
1322 3357 1378 3409 in
1412 3373 1512 3411 ore
1545 3356 1678 3426 ejus
1709 3357 1856 3424 (Isai
1885 3360 2025 3429 Lm).
2053 3383 2072 3405 η

414 3434 540 3491 Nec
587 3437 658 3493 de
705 3440 890 3509 Mose,
922 3440 1029 3498 nec
1062 3444 1132 3497 dc
1166 3445 1359 3514 aliquo
1392 3444 1807 3515 prephctarum
1841 3446 2075 3515 dicitur,

413 3526 569 3596 quod
592 3527 667 3579 sit
688 3527 1177 3600 Salvatorjustus
1200 3536 1254 3585 et
1285 3532 1414 3585 sine
1437 3538 1698 3602 peccato,
1721 3534 1856 3603 quia
1880 3534 2081 3588 Moses

411 3613 697 3682 peccavit,
725 3621 780 3668 et
803 3631 1009 3671 omnes
1030 3619 1332 3688 prophetae
1352 3626 1765 3691 peccaverunt,
1794 3622 1952 3676 sicut
1974 3638 2082 3676 vos

414 3701 603 3771 scitis,
638 3703 871 3758 domine
896 3705 990 3758 mi.
1016 3704 1084 3758 Et
1115 3707 1339 3762 idcirco
1371 3709 1568 3764 nullus
1600 3726 1806 3764 eorum
1838 3714 2085 3764 vocatur

404 3788 612 3859 justus
629 3791 689 3845 in
701 3792 1023 3864 Scriptura,
1042 3796 1147 3849 sed
1162 3797 1302 3851 illud
1318 3814 1529 3852 nomen
1544 3799 1639 3853 isti
1655 3800 1767 3853 soli
1782 3802 2078 3854 servatur.

412 3876 486 3931 Et
513 3879 644 3934 sine
682 3881 882 3949 dubio,
917 3899 1033 3938 non
1065 3885 1386 3954 salvantur,
1425 3887 1540 3941 nisi
1588 3888 1647 3940 hi
1689 3888 1789 3959 qui
1835 3887 2082 3942 credunt

411 3966 664 4037 primum
697 3970 1006 4041 adventum
1041 3990 1235 4048 suum;
1275 3978 1331 4029 et
1386 3976 1467 4029 illi
1501 3977 1597 4046 qui
1646 3993 1768 4030 non
1809 3977 2076 4045 credunt,

411 4070 530 4109 non
550 4056 769 4113 habent
799 4076 1036 4116 causam
1074 4062 1328 4134 aliquam
1360 4066 1514 4135 quod
1549 4066 1858 4120 salventur
1888 4066 1947 4118 in
1979 4080 2079 4119 se-

413 4145 603 4200 cundo
625 4147 876 4203 adventu
892 4150 1046 4221 ejus,
1064 4153 1167 4206 sed
1188 4152 1352 4224 digni
1369 4157 1507 4207 sunt
1526 4158 1733 4208 morte.
1755 4154 1900 4219 Quia
1917 4154 2081 4225 digni

412 4239 576 4288 erant
605 4234 789 4292 morte
813 4238 892 4292 illi
926 4241 1026 4311 qui
1048 4257 1164 4297 non
1188 4243 1693 4312 credobantMosi,
1719 4248 1773 4297 et
1797 4257 1911 4298 non
1949 4243 2083 4296 obe-

408 4320 643 4379 diebant
689 4325 742 4379 ei
772 4326 871 4397 qui
922 4328 1026 4383 fuit
1057 4333 1350 4399 peccator,
1401 4336 1617 4401 quanto
1668 4334 1858 4403 magis
1905 4331 2071 4403 digni

411 4412 694 4484 suntigne
715 4414 794 4468 illi
817 4418 913 4487 qui
935 4432 1050 4471 non
1070 4419 1411 4485 credunt,‘ct
1428 4419 1869 4490 blasphemantj
1882 4423 2077 4473 ustum

410 4503 467 4555 et
539 4501 848 4558 Dominum
915 4506 1016 4577 qui
1087 4512 1389 4577 peccatum
1449 4508 1703 4562 nescivit
1770 4509 2077 4578 unquam?

410 4589 548 4659 (Isa.
606 4594 747 4663 LIII).
799 4593 1092 4665 Quidquid
1150 4599 1343 4651 tamen
1403 4599 1636 4651 eveniat
1702 4597 1806 4650 Dei
1864 4612 2158 4690 sumusD

410 4694 543 4733 nos.

1029 4771 1280 4826 CAPUT
1326 4774 1450 4827 XII.

860 4860 947 4915 De
978 4862 1324 4916 ascensione
1356 4862 1608 4917 Christi.

483 4948 726 5004 Domine
770 4950 867 5019 mi,
912 4967 1021 5004 nos
1065 4950 1400 5006 invenimus
1445 4952 1501 5004 in
1534 4951 1860 5021 Scripturis
1910 4954 2071 5025 quod

410 5036 683 5099 Christus
697 5038 1049 5094 exaltabitur
1061 5039 1131 5094 de
1154 5032 1309 5094 terra
1327 5039 1398 5093 ad
1422 5040 1657 5111 coelum,
1684 5044 1741 5095 et
1758 5057 1871 5112 ego
1895 5042 2073 5097 timeo

411 5125 566 5195 quod
600 5125 739 5183 illud
773 5128 851 5181 sit
879 5128 1309 5198 completumin
1336 5129 1449 5183 isto
1472 5130 1573 5200 qui
1596 5129 1702 5183 fuit
1723 5129 2072 5185 interfectus

413 5231 445 5268 a
473 5215 741 5284 patribus
765 5219 1005 5282 nostris,
1026 5223 1083 5273 ct
1103 5219 1174 5273 de
1207 5219 1319 5273 ista
1350 5218 1853 5273 exaltationedirit
1876 5218 2068 5273 David

410 5302 697 5372 propheta
736 5303 793 5357 in
832 5308 1096 5374 psalmo:
1142 5308 1187 5362 Ο
1224 5311 1549 5383 magnates.
1599 5308 1819 5377 aperite
1871 5311 2072 5376 portas

408 5390 773 5463 principatus
797 5394 1000 5463 vestri,
1021 5399 1076 5450 et
1093 5396 1423 5465 elevamini,
1444 5399 1626 5466 portie
1651 5394 1987 5461 aciei-nales,
2016 5398 2073 5450 et

411 5480 673 5534 introibit
703 5482 978 5557 princeps
1002 5484 1413 5555 gloriae(Psa1.
1440 5486 1646 5553 xxxn).
1677 5508 1698 5532 ι»
1728 5483 1797 5538 Et
1817 5483 2067 5552 attende,

412 5568 670 5638 domine,
690 5569 844 5639 quod
868 5572 1224 5639 respondent
1241 5572 1357 5627 illi:
1393 5571 1536 5639 Quis
1553 5577 1646 5627 est
1664 5574 1772 5628 iste
1796 5573 2072 5645 princeps

411 5659 680 5733 gloriae?»
697 5663 753 5714 et
766 5660 893 5733 ipse
907 5662 1415 5730 respondebitillis
1432 5679 1476 5717 ευ
1489 5662 1774 5718 Dominus
1790 5660 2068 5716 virtutum

412 5749 581 5807 fortis
603 5750 663 5806 in
678 5750 1111 5821 pmlio(ihid.).
1140 5775 1161 5797 ι»
1188 5750 1259 5805 Et
1280 5749 1768 5820 constat,domine
1795 5752 1889 5819 mi,
1914 5749 2068 5821 quod

2192 2010 2349 2080 quod
2371 2010 2710 2081 hujusjusti
2728 2011 3041 2080 responsio
3066 2026 3183 2063 non
3204 2013 3400 2081 tangat
3424 2010 3540 2063 nisi
3566 2025 3697 2079 nos,
3724 2024 3861 2064 cum

2191 2098 2365 2152 dicit:
2407 2120 2427 2146 α
2461 2097 2697 2153 Calcavi
2729 2114 2835 2153 eos
2869 2100 2927 2152 in
2949 2102 3035 2152 ira
3059 2115 3205 2164 mea,
3240 2099 3429 2155 donec
3459 2113 3749 2168 aspersus
3773 2101 3867 2153 est

2191 2189 2440 2258 sanguis
2472 2202 2673 2242 eorum
2708 2202 2888 2256 super
2916 2188 3252 2242 indumenta
3285 2203 3433 2255 mea,
3466 2190 3521 2240 et
3554 2187 3863 2257 inquinata

2191 2280 2330 2330 sunt
2372 2276 2567 2330 omnia
2607 2276 2954 2330 vestimenta
3005 2290 3151 2330 mea.
3204 2275 3319 2330 Sed
3359 2275 3487 2330 dies
3518 2275 3761 2329 ultionis
3792 2274 3855 2329 in

2191 2364 2366 2418 corde
2399 2380 2548 2432 meo,
2583 2367 2641 2417 et
2660 2379 2849 2417 annus
2870 2364 3262 2419 tribulationis
3281 2380 3427 2418 meae
3445 2364 3605 2417 venit
3619 2363 3855 2432 (ibid);

2188 2452 2477 2516 Quantum
2515 2468 2661 2523 ergo
2694 2468 2936 2520 sperare
2959 2468 3282 2521 possumus
3306 2451 3543 2521 injuste
3576 2452 3713 2519 isto,
3750 2451 3859 2505 do-

2192 2541 2345 2594 mine
2377 2541 2474 2608 mi,
2509 2540 2607 2594 ubi
2639 2540 2865 2595 scimus
2888 2542 3082 2609 ipsum
3112 2541 3185 2594 de
3218 2540 3391 2594 nobis
3415 2538 3647 2610 angelis
3669 2538 3863 2594 fuisse

2192 2620 2579 2700 conquestum
2602 2629 2661 2683 in
2691 2628 2841 2684 cmlo
2871 2631 2927 2682 et
2958 2628 3281 2682 notiﬁcavit
3300 2629 3390 2682 eis
3413 2627 3568 2698 quod
3592 2629 3725 2697 ipse
3746 2628 3864 2681 cal-

2193 2718 2416 2771 caverit
2443 2717 2702 2773 torcular
2731 2717 2920 2772 solus.
2956 2716 3027 2770 Et
3055 2717 3199 2788 quid
3229 2716 3389 2775 aliud
3419 2716 3665 2770 calcavit
3689 2716 3750 2769 in
3778 2717 3862 2768 ira

2192 2822 2319 2873 sua,
2353 2806 2467 2860 nisi
2501 2822 2611 2861 nos
2641 2806 2759 2876 qui,
2786 2810 2921 2874 post
2942 2806 3159 2860 bellum
3179 2805 3334 2876 quod
3361 2804 3562 2858 habuit
3584 2804 3645 2857 in
3664 2803 3856 2872 primo

2191 2894 2443 2949 adventu
2475 2911 2606 2961 suo,
2650 2895 2927 2963 prostrati
2951 2910 3161 2948 sumus
3192 2895 3265 2947 ab
3292 2909 3383 2962 eo,
3409 2897 3465 2948 et
3496 2891 3860 2961 calcati;jam

2192 2986 2330 3037 sunt
2359 2983 2514 3037 mille
2545 2984 2703 3050 anni,
2737 2986 2793 3037 et
2821 2983 3014 3038 adhuc
3038 2985 3223 3036 restat
3252 2982 3383 3036 dies
3415 2979 3655 3037 ultionis
3687 2980 3748 3036 in
3779 2980 3863 3034 ul-

2191 3073 2330 3128 timo
2362 3071 2495 3141 ejus
2526 3071 2802 3137 adventu,
2843 3077 2898 3126 et
2930 3086 3119 3124 annus
3151 3070 3559 3127 retributionis
3587 3070 3647 3121 in
3680 3068 3861 3122 corde

2191 3160 2829 3229 suo.Utinam,domine
2847 3159 3185 3229 mi,quando
3200 3158 3605 3213 interfecimus
3623 3156 3861 3225 Isaiam,

2191 3249 2625 3305 delevissemus
2656 3249 2829 3303 istam
2861 3248 3264 3302 auctoritatem
3284 3246 3623 3315 praedictam
3640 3245 3715 3300 de
3737 3260 3868 3315 pro.

2191 3337 2387 3407 phctia
2415 3353 2542 3406 sua,
2576 3337 2731 3407 quod
2761 3353 3063 3407 nunquam
3093 3336 3396 3406 legeretur
3427 3335 3497 3389 ab
3527 3335 3752 3404 aliquo.
3792 3331 3867 3386 Et

2191 3441 2330 3480 ecce
2344 3425 2500 3495 quod
2522 3425 2705 3478 David
2730 3427 2897 3478 vocat
2918 3425 3158 3493 bellum,
3176 3439 3310 3478 cum
3333 3423 3473 3478 dicit
3497 3439 3509 3476 ι
3542 3422 3863 3476 ιῡῡωὶηιιε

2192 3514 2469 3575 virtutum
2502 3512 2670 3566 fortis
2703 3513 2757 3564 in
2792 3512 2946 3567 bello
2986 3512 3173 3579 (I’sal.
3214 3513 3419 3579 χχχιι).
3456 3534 3477 3558 ›ι
3516 3510 3642 3564 Hoc
3673 3511 3863 3564 Isaias

2190 3601 2806 3664 vocattorcularlieu,
2822 3600 3052 3654 domine
3073 3601 3170 3666 mi,
3192 3615 3303 3653 nos
3320 3599 3577 3653 bibimus
3599 3602 3863 3653 mustum

2192 3690 2352 3758 illud,
2385 3690 2456 3743 de
2487 3706 2602 3760 quo
2635 3690 2807 3743 etiam
2838 3689 2978 3742 dicit
3006 3688 3188 3743 Jacob
3213 3673 3568 3757 patriarcha,
3614 3691 3671 3739 et
3716 3702 3860 3756 pro-

2191 3778 2385 3848 pheta,
2418 3781 2480 3832 ut
2510 3777 3005 3832 habeturinlibro
3028 3777 3429 3847 generationis
3457 3775 3860 3829 creaturarum

2191 3867 2262 3920 de
2293 3866 2444 3921 Juda
2464 3884 2474 3921 :
2497 3890 2518 3913 α
2542 3867 2787 3920 Lavavit
2807 3866 3017 3919 stolam
3042 3866 3099 3917 in
3126 3864 3419 3936 sanguine
3442 3863 3614 3929 (Gen.
3638 3868 3854 3931 xux).a

2191 3956 2449 4010 Scillicet
2470 3972 2622 4023 uvaa,
2646 3955 2797 4007 sicut
2828 3960 2921 4008 est
2943 3952 3229 4006 factumin
3249 3952 3424 4005 nobis
3446 3952 3504 4004 in
3525 3952 3716 4020 primo
3749 3951 3857 4005 ad—

2192 4048 2370 4098 ventu
2400 4044 2658 4106 Messiae;
2694 4044 2799 4096 sed
2848 4041 2987 4112 quid
3020 4040 3304 4095 faciemus
3338 4042 3397 4094 in
3432 4039 3689 4094 adventu
3716 4037 3857 4109 ejus

2193 4134 2414 4200 ultimo,
2430 4133 2662 4202 quando
2681 4129 3202 4185 stabunthomines
3226 4145 3425 4183 coram
3448 4127 3859 4197 hominejudi-

2193 4227 2379 4290 cante,
2412 4224 2468 4275 et
2500 4221 2557 4274 in
2589 4220 2839 4274 circuitu
2869 4220 2979 4273 erit
3010 4218 3169 4289 ignis
3198 4221 3439 4287 paratus
3469 4216 3545 4270 ad
3573 4215 3863 4270 devoran-

2192 4312 2328 4365 dum
2377 4310 2532 4378 illos,
2575 4312 2777 4364 contra
2822 4322 2974 4378 quos
3016 4307 3215 4360 tulerit
3254 4302 3644 4360 sententiam!
3694 4304 3861 4358 Tunc

2191 4400 2346 4454 enim
2393 4414 2510 4454 non
2552 4399 2662 4454 erit
2707 4400 2942 4467 tempus
2992 4396 3153 4463 belli,
3199 4408 3307 4448 nec
3336 4394 3457 4463 jam
3490 4393 3549 4446 in
3580 4393 3865 4447 torculari

2191 4488 2530 4556 calcabitur,
2566 4487 2700 4558 quia
2719 4486 2842 4557 jam
2873 4490 3010 4539 tunc
3035 4498 3151 4538 non
3174 4484 3287 4537 erit
3308 4483 3475 4536 locus
3495 4496 3605 4535 nec
3628 4486 3864 4550 tempus

2188 4578 2507 4647 paenitendi
2539 4591 2647 4630 nec
2676 4574 2913 4645 refugii,
2938 4571 3310 4643 sedjustitia.
3335 4573 3396 4625 ut
3421 4570 3579 4623 sicut
3607 4570 3739 4639 ipse
3760 4568 3854 4640 ju-

2189 4667 2438 4735 dicatus,
2463 4665 2571 4719 fuit
2600 4665 2728 4717 sine
2748 4666 2991 4733 peccato
3007 4662 3163 4731 quod
3187 4660 3551 4713 inveniretur
3572 4658 3629 4711 in
3651 4673 3744 4726 eo,
3773 4658 3863 4709 sic

2188 4756 2316 4826 ipse
2342 4750 2633 4825 judicabit
2662 4756 3031 4822 peccatores.
3069 4749 3220 4803 Dicit
3249 4748 3404 4801 enim
3441 4747 3601 4799 Deus
3635 4746 3693 4798 in
3723 4761 3861 4814 pro-

2185 4844 2379 4914 phetia
2394 4841 2725 4896 Salomonis
2741 4856 2752 4893 :
2767 4863 2788 4887 «
2805 4838 3263 4907 Quandojustus
3280 4833 3857 4905 recipietjudicium,

2183 4933 2286 4987 ubi
2310 4932 2419 4986 erit
2453 4930 2690 4999 impius,
2727 4933 2783 4982 et
2809 4928 3125 4997 peccator?
3153 4924 3363 4995 (Prov.
3399 4923 3507 4992 χι.)
3541 4944 3562 4969 κ
3601 4922 3772 4976 Unde
3812 4923 3867 4974 si

2175 5020 2381 5091 justus
2432 5019 2531 5072 vix
2567 5017 2915 5084 salvabitur,
2966 5014 3106 5085 quid
3153 5014 3263 5067 erit
3313 5015 3453 5065 tunc
3504 5010 3576 5064 de
3628 5011 3861 5080 impio?

2183 5109 2235 5178 (Ι
2255 5107 2426 5163 Petr.
2452 5107 2559 5176 xv.)

2752 5198 2755 5201 ν
2786 5174 3036 5229 CAPUT
3070 5172 3204 5226 Xlll
3221 5213 3233 5227 .

2180 5251 2390 5306 Adhuc
2442 5248 2658 5304 fortius
2690 5246 2903 5318 prohat
2948 5242 3313 5314 corporalem
3362 5240 3597 5297 Christi
3644 5255 3867 5294 ascen-

2252 5336 2665 5458 ῧὲιιιέἒηίἶιηθο,
2712 5387 2947 5442 domine
2990 5386 3088 5454 mi,
3124 5383 3279 5455 quod
3330 5383 3460 5436 haec
3504 5396 3639 5452 quae
3700 5381 3863 5434 dicta

2182 5486 2319 5537 sunt
2350 5479 2684 5534 testimonia
2705 5476 3125 5548 prophetarum
3146 5473 3219 5527 de
3239 5472 3339 5526 illo
3354 5470 3541 5541 justo,
3561 5469 3722 5539 quod
3746 5469 3871 5523 sci-

2181 5570 2317 5625 licet
2349 5569 2455 5624 i'uit
2487 5566 2764 5622 venditus
2793 5581 2897 5634 pro
2930 5564 3201 5633 argento,
3228 5563 3290 5614 ut
3329 5559 3469 5614 dicit
3501 5559 3689 5613 Amos
3721 5572 3873 5626 pro-

2183 5660 2375 5729 pheta,
2408 5656 2565 5730 quod
2595 5653 2844 5710 calcavit
2872 5649 3154 5718 torcular,
3180 5652 3241 5704 ut
3281 5648 3431 5705 dixit
3460 5646 3668 5711 Isaias,
3696 5645 3869 5716 quod

2182 5746 2602 5820 gessitbellum
2615 5758 2747 5799 cum
2760 5739 3027 5812 patribus
3042 5738 3267 5795 nostris
3280 5734 3613 5805 ,sicutdicit
3636 5733 3865 5801 David,
