3978 6178
108 399 195 462 349
852 392 1109 455 LIBER
1149 392 1261 454 DE
1303 391 1637 454 MESSI/E
1678 390 2091 457 ADVENTU
2132 382 2651 458 'PRIETERITO
3138 366 3143 371 ’
3345 396 3463 463 350

112 598 220 671 quod
246 600 433 667 captus
473 595 645 650 fuerit
676 595 734 649 in
764 594 1022 665 peccatis
1073 594 1317 661 nostris,
1352 593 1507 647 sicut
1548 592 1693 646 dixit
1732 583 1761 641 3
1814 592 2139 648 secundum
2160 595 2479 665 prophetas
2503 595 2803 663 sustinuit,
2830 600 2885 651 et
2907 597 3110 667 plures
3133 598 3478 669 captivatio-

120 687 352 748 leremias,
393 684 532 755 quod
573 684 919 738 vulneratus
962 684 1134 737 fuerit
1177 684 1237 736 in
1283 683 1495 753 palmis
1535 682 1686 736 suis.
1813 697 1922 736 nes
1952 683 2151 737 mundi
2182 701 2356 754 quam
2386 685 2600 756 aliquis
2618 686 2688 740 de
2710 685 3031 755 praedictis.
3066 686 3137 741 Et
3167 691 3474 759 praeterea,

113 775 359 829 sicutdixit
378 773 705 839 Zacharias,
726 773 881 844 quod
899 789 1081 844 super
1096 772 1230 842 ejus
1244 774 1471 826 vestem
1486 770 1687 825 missas
1815 771 2067 841 domino,
2093 773 2223 825 sine
2252 774 2504 843 exempli
2526 775 2815 844 positione
2839 775 2961 829 scis
2992 775 3149 846 quod
3181 776 3479 830 Mathusa-

109 870 203 916 sunt
241 868 435 927 sortes,
486 862 637 915 sicut
685 863 824 915 dicit
872 862 1052 915 David
1102 860 1288 930 (Psal.
1341 862 1478 930 xxi),
1531 859 1687 930 quod
1810 859 1925 915 lem
1944 864 2000 914 et
2032 861 2438 933 Henochjusti
2458 863 2554 933 (5),
2607 868 2661 918 et
2710 862 2870 918 Elias
2920 865 3203 935 propheta
3240 865 3480 919 fuerunt

104 950 374 1005 ascenditin
395 951 624 1018 ccelum,
650 950 1140 1005 sicutdixitidem
1165 949 1467 1020 prOpheta,
1493 952 1548 1003 et
1564 948 1682 1018 alii,
1811 949 2096 1019 assumpti
2128 965 2159 1002 a
2190 950 2311 1005 Deo
2342 951 2413 1005 de
2443 952 2658 1008 mundo
2688 953 2884 1007 istoin
2915 952 3267 1023 corporibus
3328 953 3477 1007 suis.

105 1038 214 1107 quod
238 1054 336 1092 non
363 1039 666 1092 conveniat
700 1040 818 1092 Deo
851 1039 905 1092 in
937 1038 1201 1092 essentia
1232 1038 1358 1092 sive
1390 1038 1447 1091 in
1478 1040 1684 1091 natura
1811 1036 1893 1091 De
1939 1037 2103 1092 Mose
2135 1040 2305 1093 etiam
2338 1056 2454 1095 non
2498 1044 2590 1095 est
2645 1041 3047 1110 dubitandum,
3109 1042 3251 1113 quin
3299 1041 3376 1095 sit
3422 1041 3484 1095 in

103 1127 263 1195 divina,
279 1126 590 1182 secundum
615 1143 788 1197 quam
804 1143 913 1182 nec
934 1128 1215 1199 resurgit,
1242 1142 1349 1181 nec
1371 1126 1681 1194 exaltatur,
1809 1127 1958 1180 cmlo
1990 1127 2047 1180 in
2072 1143 2317 1197 corpore
2335 1132 2390 1182 et
2422 1130 2631 1195 anima,
2675 1133 2735 1183 ut
2770 1131 2982 1185 dicitur
3040 1131 3207 1186 Deut.
3269 1146 3472 1185 xxxxv.

104 1230 175 1268 nec
193 1215 348 1285 sedet,
379 1217 483 1269 nec
515 1215 841 1270 descendit.
866 1214 953 1268 Ex
974 1215 1071 1269 his
1093 1232 1226 1287 quae
1256 1215 1407 1269 dicta
1422 1218 1561 1269 sunt
1584 1230 1686 1269 se-
1809 1214 1965 1269 Dixit
1997 1216 2155 1270 DCuS
2186 1216 2257 1269 ad
2280 1216 2486 1271 Mosen
2513 1233 2524 1271 :
2557 1242 2577 1264 α
2606 1218 2879 1272 Asccnde
2909 1218 2965 1271 in
2986 1224 3244 1273 montem
3276 1222 3471 1275 nocte.

99 1303 882 1376 qaituraecessarioquodjam
898 1305 1126 1359 venerit
1146 1304 1242 1359 ille
1263 1302 1686 1375 justus,cujus
1808 1307 1863 1357 et
1884 1319 2113 1358 morere
2145 1303 2245 1372 ibi,
2290 1308 2345 1358 et
2377 1306 2645 1361 ascendit
2686 1308 2745 1360 in
2798 1311 3053 1361 montem
3101 1312 3158 1362 et
3203 1311 3471 1363 mortuus

98 1396 262 1447 natura:
282 1409 573 1463 corporea;
604 1393 734 1447 haec
754 1394 1055 1464 praedicta,
1079 1398 1134 1448 et
1154 1393 1389 1463 similia,
1412 1396 1687 1462 poterunt
1806 1395 1916 1446 est.
1942 1392 2013 1446 Et
2033 1394 2286 1447 nescivit
2310 1394 2483 1448 homo
2532 1395 2921 1465 sepulchrum
2978 1396 3111 1467 ejus
3173 1413 3365 1468 usque
3413 1399 3471 1451 in

97 1483 360 1537 convenire.
398 1482 457 1537 Si
503 1487 699 1537 autem
736 1485 839 1538 tibi
872 1484 1103 1538 videtur
1134 1485 1282 1538 forte
1313 1484 1523 1538 durum
1554 1500 1679 1538 cre-
1804 1480 2154 1536 hodiernum
2174 1483 2325 1537 diem
2346 1483 2539 1551 (Deut.
2572 1489 2792 1549 xxxiv).
2819 1510 2841 1532 υ
2878 1484 2947 1538 Et
2979 1485 3119 1556 quid
3150 1485 3467 1555 signiﬁcat,

95 1570 206 1635 dere,
225 1571 435 1626 domine
466 1572 566 1641 mi,
602 1575 760 1643 quod
792 1574 964 1627 homo
986 1588 1311 1642 corporeus
1333 1572 1680 1627 ascenditin
1805 1570 1962 1640 quod
1985 1570 2368 1640 sepulchrum
2389 1571 2523 1642 ejus
2554 1576 2645 1626 est
2675 1573 2941 1642 ignotum
2990 1574 3048 1626 in
3094 1577 3272 1643 terra,
3336 1589 3465 1628 cum

96 1659 1301 1732 celam,audiauctoritatesetexemplaquae
1325 1661 1683 1715 mihioccur-
1805 1659 1935 1727 ipse
1995 1659 2103 1713 fuit
2148 1659 2432 1729 propheta
2474 1660 2666 1732 major
2711 1666 2766 1716 et
2810 1663 3076 1717 sanctior
3136 1663 3297 1730 aliis,
3352 1664 3468 1717 nisi

93 1753 185 1801 runt
199 1748 258 1802 de
273 1747 588 1820 Scripturis
605 1751 854 1805 nostris.
880 1750 949 1805 Et
980 1766 1160 1819 super
1190 1750 1302 1805 hoc
1332 1749 1472 1803 dicit
1494 1750 1679 1805 David
1802 1746 1960 1818 quod
1988 1748 2145 1802 Deus
2180 1749 2554 1803 resuscitavit
2585 1766 2739 1817 eum,
2774 1753 2830 1804 et
2856 1752 3182 1821 assumpsit
3212 1767 3345 1806 eum
3405 1753 3465 1806 in

89 1836 309 1905 propheta
334 1837 403 1892 de
432 1838 570 1893 illo:
604 1860 625 1885 α
649 1840 927 1894 Ascendit
949 1840 1108 1894 Deus
1132 1840 1189 1893 in
1211 1840 1388 1894 altum
1410 1843 1467 1893 et
1488 1839 1680 1893 salva-
1803 1851 2050 1906 corpore
2091 1840 2145 1891 et
2175 1837 2368 1891 anima
2398 1838 2554 1891 sicut
2587 1838 2736 1892 alios
2765 1837 2968 1909 justos
3017 1840 3364 1910 assumpsit,
3405 1843 3461 1895 et

89 1924 144 1977 bit
182 1926 546 1997 captivitatem
573 1968 588 1995 ,
641 1928 800 1982 dedit
854 1929 1008 1982 dona
1051 1928 1412 1983 hominibus.
1451 1952 1471 1975 η
1528 1928 1680 2001 Dicit
1711 1954 1755 2013 Β
1801 1923 2051 1978 elevavit
2080 1926 2149 1978 ad
2174 1925 2366 1980 locum
2399 1926 2496 1980 ubi
2528 1930 2666 1980 sunt
2695 1926 2804 1993 (6)?
2832 1926 2956 1981 Nec
3008 1944 3118 1982 nos
3175 1928 3463 1983 debemus

87 2013 209 2067 etiam
234 2015 281 2067 in
308 2016 531 2084 psalmo
544 2033 703 2070 vau
725 2017 796 2070 de
810 2017 1164 2071 ascensione
1188 2016 1351 2087 ejus:
1377 2038 1397 2067 α
1421 2017 1678 2072 Jubilate
1801 2013 2195 2083 mirarisupra
2228 2014 2360 2085 hoc,
2387 2015 2543 2085 quod
2568 2030 2670 2069 aer
2690 2015 2800 2069 iste
2824 2015 2974 2069 levis
2996 2020 3052 2069 et
3072 2017 3465 2087 subtilis.p08-

86 2102 169 2156 Deo
184 2105 229 2156 et
251 2104 564 2175 gloriﬁcate
588 2120 801 2160 nomen
819 2104 975 2175 ejus,
1000 2105 1110 2160 iter
1131 2105 1321 2176 facite,
1347 2106 1447 2176 qui
1469 2122 1677 2161 ascen-
1799 2104 1893 2156 set
1914 2106 2146 2171 portare
2175 2119 2429 2174 corpora
2454 2108 2574 2158 tam
2598 2120 2817 2175 grossa
2843 2108 2899 2159 et
2931 2105 3284 2174 ponderosa,
3327 2106 3463 2177 quia

83 2190 138 2243 dit
159 2191 217 2244 de
237 2194 489 2261 partibus
523 2194 883 2262 occidentis,
933 2195 1220 2249 Dominus
1256 2210 1469 2249 nomen
1507 2195 1610 2249 illi.
1649 2219 1671 2244 ιο
1798 2207 1909 2245 nos
1934 2191 2159 2245 scimus
2190 2193 2346 2262 quod
2380 2207 2550 2263 aqua,
2585 2209 2718 2263 qua:
2749 2198 2841 2247 est
2882 2193 2942 2247 in
2972 2194 3209 2247 raritate
3249 2194 3462 2248 similis

81 2278 249 2349 Adhuc,
289 2280 515 2336 domine
556 2282 668 2349 mi,
701 2282 845 2336 dixit
882 2283 1069 2336 David
1112 2283 1184 2337 de
1224 2283 1321 2337 illo
1356 2284 1413 2337 in
1444 2284 1672 2354 psalmo
1798 2280 1941 2347 aeri,
1967 2281 2199 2350 quando
2230 2280 2445 2352 placuit
2475 2282 2748 2350 potentias
2780 2282 3180 2351 omnipotenti,
3206 2284 3461 2352 portavit

80 2382 204 2436 quem
228 2374 279 2423 tu
306 2370 487 2426 habes
518 2372 581 2425 in
614 2371 828 2426 corde:
866 2372 1160 2427 «Jubilate
1194 2372 1315 2426 Deo
1336 2372 1435 2444 qui
1456 2388 1673 2427 ascen-
1797 2383 2047 2437 corpora
2076 2368 2333 2423 filiorum
2365 2369 2547 2423 Israel
2579 2368 2637 2423 in
2669 2384 2872 2423 eorum
2906 2370 3064 2424 exitu
3086 2369 3156 2423 de
3188 2368 3455 2443 Egypto

80 2452 134 2506 dit
154 2471 306 2527 super
331 2459 541 2514 caelum
576 2460 712 2514 οωὶὶ
733 2460 805 2514 ad
827 2460 1132 2516 orientem.
1163 2460 1271 2515 ~vEt
1293 2461 1363 2515 de
1394 2462 1506 2516 isto
1529 2461 1673 2515 dixit
1797 2456 2011 2524 (Exod.
2047 2461 2187 2529 xiv),
2220 2461 2276 2511 et
2307 2459 2539 2529 quando
2572 2457 2680 2511 fuit
2710 2456 3015 2528 acceptum
3067 2458 3446 2526 sacriﬁcium,

78 2546 234 2600 Amos:
255 2568 273 2595 ι
300 2547 583 2609 Dominus
617 2553 710 2605 est
738 2550 837 2620 qui
871 2549 1182 2604 aediﬁcavit
1213 2550 1272 2603 in
1303 2550 1543 2605 excelso
1576 2564 1673 2604 se-
1797 2544 1955 2616 ignis
1978 2544 2285 2600 descendit
2309 2546 2379 2601 de
2404 2546 2575 2613 caelo,
2602 2549 2656 2601 et
2679 2546 2950 2613 elevavit,
2978 2549 3033 2600 et
3049 2547 3302 2616 portavit
3324 2563 3452 2601 cor-

78 2630 167 2685 dem
191 2649 357 2690 suam.
377 2660 398 2684 ο
424 2636 495 2690 Et
511 2637 588 2692 de
612 2638 742 2708 ipso
762 2639 902 2692 dicit
925 2638 1095 2693 etiam
1118 2639 1304 2692 David
1326 2639 1384 2693 in
1401 2640 1628 2709 psalmo
1654 2656 1666 2694 :
1795 2649 1939 2703 pora
1968 2650 2249 2704 pecorum
2262 2634 2507 2689 etboum
2521 2652 2652 2707 quae
2668 2632 3071 2689 offerebantur
3095 2636 3237 2690 Deo.
3255 2635 3457 2690 Moses

81 2722 329 2777 Ascendit
350 2724 508 2780 Deus
533 2726 593 2779 in
615 2725 805 2795 jubilo
823 2709 879 2781 et
902 2727 1188 2780 Dominus
1210 2725 1268 2780 in
1292 2742 1436 2781 voce
1454 2728 1665 2781 tubae.»
1794 2738 1937 2777 vero
1969 2722 2206 2777 etElias
2229 2723 2730 2794 prophetaverunt
2764 2723 2837 2778 de
2890 2724 3047 2778 illius
3073 2723 3221 2795 justi
3257 2725 3456 2779 eleva-

78 2805 133 2859 De
166 2809 273 2879 ipso
317 2814 487 2867 etiam
538 2814 690 2867 dixit
725 2816 882 2869 Aser
922 2815 1206 2885 propheta
1246 2831 1371 2886 cap.
1426 2815 1460 2869 2
1491 2831 1503 2870 :
1538 2816 1672 2870 Vidi
1792 2810 1948 2866 tione
1979 2809 2151 2879 (Gen.
2187 2813 2267 2881 v),
2302 2827 2369 2865 ac
2397 2812 2492 2866 alii
2512 2811 2836 2882 prophetae.
2863 2810 3032 2867 Unde
3065 2827 3197 2867 cum
3228 2815 3458 2883 oportet

75 2894 296 2954 hominem
325 2901 789 2957 descendentem
805 2903 876 2957 de
895 2904 1073 2957 corde
1105 2904 1285 2957 maris
1316 2907 1371 2958 et
1398 2904 1671 2974 pervenit
1792 2916 1903 2954 nos
1916 2916 2055 2955 esse
2070 2901 2378 2956 credentes
2402 2902 2473 2956 de
2498 2901 2823 2956 elevatione
2855 2916 3138 2971 corporea
3162 2900 3455 2956 dictorum

10 3026 11 3029 η
76 2990 501 3054 usqueadcaalum
522 2991 1025 3064 (4).»thuianon
1040 2992 1509 3047 habemusistain
1533 3009 1667 3062 pro-
1719 3006 1729 3017 °
1792 2989 2791 3056 sanctorum,cursumusincreduli
2815 2990 2886 3045 de
2913 2991 3241 3045 elevations
3274 2991 3450 3045 istius

71 3072 619 3147 phetiam(i‘),obmisi
640 3081 815 3134 multa
831 3080 1667 3153 scriberequaeallegatsuper
1786 3076 1957 3147 justi,
1983 3082 2037 3131 et
2070 3094 2200 3132 eum
2220 3077 2511 3133 elevatum
2532 3090 2671 3133 esse
2703 3079 2761 3132 in
2795 3080 3029 3147 coelum,
3072 3080 3143 3132 de
3194 3094 3310 3149 quo
3368 3081 3451 3133 tot

72 3159 161 3214 hoc.
182 3164 309 3220 Dicit
327 3168 499 3222 etiam
521 3169 731 3223 Moses
763 3169 823 3223 in
854 3169 1110 3224 cantico:
1142 3191 1163 3218 α
1183 3170 1420 3225 Levabo
1442 3171 1515 3225 ad
1539 3186 1661 3225 coe-
1791 3170 1928 3221 sunt
1956 3167 2291 3221 testimonia
2348 3166 2768 3237 prophetarum
2798 3167 2857 3219 in
2905 3166 3251 3236 Scripturis,
3298 3167 3453 3221 sicut

68 3246 151 3303 lum
166 3268 369 3310 manum
392 3272 611 3311 meam.
632 3281 654 3304 η
687 3257 838 3311 Dicit
860 3257 1032 3311 etiam
1068 3258 1293 3313 Isaias:
1328 3258 1659 3332 consurge,
1698 3313 1742 3332 Α
1790 3256 2007 3309 dictum
2040 3260 2131 3309 est
2161 3258 2217 3309 et
2247 3258 2452 3325 posset
2499 3254 2715 3320 induci,
2754 3257 2814 3309 ut
2844 3255 2980 3326 quia
3028 3256 3175 3309 satis
3204 3259 3447 3326 apparet

68 3350 315 3413 consurge,
344 3344 660 3401 brachium
691 3345 943 3401 Domini.
984 3371 1005 3393 ι»
1043 3346 1117 3400 Et
1141 3347 1212 3402 de
1242 3348 1356 3403 isto
1388 3313 1664 3406 etiam‘ait
1695 3313 1742 3375 C
1792 3344 1947 3417 quod
1980 3345 2139 3399 Deus
2170 3313 2502 3414 assumpsit
2528 3313 2845 3415 prazdictos
2861 3313 3213 3412 sanctos,de
3232 3313 3450 3416 quibus

66 3425 184 3481 Anna
208 3435 375 3487 mater
398 3432 738 3489 Samuelis:
769 3457 792 3481 α
836 3434 1005 3487 Dabit
1039 3435 1322 3490 Dominus
1350 3436 1658 3507 imperium
1789 3434 1990 3488 nullus
2023 3434 2267 3503 dubitet,
2318 3438 2379 3487 ut
2411 3434 2480 3486 ad
2538 3433 2713 3487 tinem
2772 3433 3228 3504 disponerentur
3272 3433 3451 3487 corda

66 3515 153 3601 {egi
180 3533 273 3573 suo
305 3524 359 3575 et
390 3522 741 3577 sublimabit
770 3523 1246 3579 christumsuum
1280 3525 1492 3601 (IReg.
1518 3526 1601 3597 ιι).
1630 3548 1654 3578 ι
1789 3522 2113 3591 hominum,
2149 3522 2372 3577 etutde
2404 3523 2757 3576 ascensione
2790 3523 2882 3576 sui
2933 3522 3084 3575 Justi
3127 3522 3299 3576 etiam
3331 3539 3449 3577 non

67 3597 193 3657 David
212 3608 561 3666 etiamdixit:
585 3633 610 3658 ιι
634 3612 1214 3667 AscenditDominus
1236 3597 1659 3685 superpennas
1789 3610 2143 3667 dubitarent.
2182 3612 2288 3665 Est
2343 3615 2535 3666 autem
2566 3614 2621 3665 et
2656 3611 2767 3665 alia
2816 3626 2997 3665 causa
3034 3628 3216 3682 quare
3250 3617 3305 3666 et
3335 3611 3451 3682 ipsi

64 3698 300 3750 ventorum
313 3697 501 3767 (Psal.
521 3702 728 3769 ινιι).»
751 3700 926 3755 Ειὶιεθ
943 3702 1321 3756 auctoritates
1340 3710 1659 3760 occurrunt
1785 3702 1975 3755 nostri
2008 3701 2294 3767 dubitant,
2326 3701 2460 3772 quia
2484 3701 2773 3755 adventus
2794 3700 2928 3769 ejus
2959 3700 3188 3770 primus
3220 3699 3329 3753 fuit
3358 3714 3451 3754 oc-

64 3777 158 3832 mihi
174 3783 233 3837 ad
251 3786 613 3853 probandum
632 3788 1043 3843 exaltationem
1056 3790 1272 3844 Christi
1291 3792 1655 3861 corporalem
1786 3790 2001 3857 cultus,
2023 3794 2079 3843 et
2100 3790 2311 3844 modus
2336 3790 2631 3858 insolitus,
2648 3790 2801 3850 sicut
2823 3789 3190 3844 dicitlsaias:
3212 3811 3234 3837 »ι
3254 3787 3446 3843 Homo

64 3874 269 3936 laquead
288 3875 519 3931 caelum.
537 3876 764 3930 Etsnnt
785 3877 989 3947 plures
1009 3879 1138 3932 aliae
1152 3883 1379 3951 quaetu,
1396 3881 1651 3951 domine,
1784 3882 1875 3934 est
1904 3883 1960 3935 et
1982 3879 2116 3949 quis
2139 3882 2461 3952 cognoscet
2482 3893 2615 3932 eum
2632 3880 2659 3931 ἱ)
2677 3902 2697 3925 ι»
2720 3878 2890 3949 (Reg.
2918 3895 2985 3943 n;
3013 3878 3183 3933 Deut.
3208 3881 3447 3949 χχχιχ.)

62 3952 165 4011 bene
188 3962 506 4019 scis.Nunc
529 3965 707 4021 etiam
745 3966 1013 4035 exempla
1043 3967 1237 4039 aliqua
1266 3969 1551 4024 adducam
1582 3972 1654 4025 de
1783 3966 1940 4022 Idem
1985 3967 2268 4039 propheta
2317 3967 2488 4021 etiam
2535 3967 2674 4021 dicit
2713 3983 2725 4021 :
2764 3989 2785 4014 α
2832 3966 3017 4038 Virgo
3057 3966 3348 4036 concipiet
3391 3969 3449 4021 et

63 4041 150 4115 lege
172 4054 370 4121 nostra,
402 4055 544 4124 quia
568 4054 803 4110 videtur
830 4054 1002 4109 etiam
1026 4056 1198 4111 nobis
1230 4058 1474 4112 multum
1507 4074 1653 4113 con-
1780 4057 1966 4125 pariet
1990 4057 2170 4112 filium
2190 4056 2352 4126 (1δυί.
2378 4058 2518 4124 ιλιι).
2550 4080 2570 4103 ι»
2598 4055 2711 4111 Ubi
2731 4055 3151 4109 advertendum
3167 4059 3259 4109 est
3287 4056 3445 4127 quod

64 4134 242 4191 Veniens
257 4142 671 4215 crederequod
694 4143 754 4197 in
774 4159 1026 4214 corpore
1048 4146 1391 4201 ascenditin
1414 4147 1648 4215 caelum,
1780 4149 1934 4201 tacet
1969 4146 2041 4199 de
2085 4149 2248 4217 patre
2298 4144 2625 4199 secundum
2672 4159 2928 4212 carnem,
2977 4145 3033 4197 et
3062 4146 3303 4214 propter
3330 4143 3445 4198 hoc

61 4216 135 4307 hoc
156 4230 230 4281 est
264 4237 500 4301 propter
551 4232 1117 4303 considerationem;
1151 4250 1286 4289 nam
1322 4235 1381 4288 in
1424 4235 1552 4307 lege
1596 4240 1652 4291 et
1779 4236 1935 4306 quod
1954 4216 2284 4288 alibidic‘it:
2317 4256 2338 4280 α
2363 4231 2495 4287 Non
2519 4232 2919 4302 reputavimus
2939 4247 3074 4287 eum
3093 4231 3257 4299 (Isai.
3282 4235 3438 4301 vn)»

61 4305 1259 4393 iIlPi-ophetisinvenimusquodDeusverus
1277 4305 1650 4395 etgloriosus
1779 4305 1850 4377 Et
1898 4323 2188 4377 Jeremias
2237 4322 2403 4375 dicit:
2442 4345 2463 4366 «
2514 4320 2760 4392 Signum
2781 4335 2996 4373 novum
3029 4321 3253 4374 creavit
3282 4319 3441 4375 Deus

58 4407 397 4473 issnmpsitde
430 4412 614 4477 terra,
647 4412 704 4465 et
732 4410 985 4465 elevavit
1005 4411 1650 4480 pluressanctosviros
1778 4428 1961 4482 super
2029 4414 2265 4465 terram.
2334 4409 2545 4464 Mulier
2600 4409 2991 4464 circumdabit
3063 4409 3275 4477 virum,
3328 4413 3438 4464 etc.

59 4490 197 4547 Patres
213 4502 459 4552 nostros.
492 4498 625 4553 Etsi
647 4498 717 4553 de
738 4499 871 4552 istis
895 4515 1011 4553 non
1043 4500 1379 4556 dubitamus
1411 4507 1651 4571 propter
1774 4501 1939 4572 (Isai.
1989 4501 2134 4570 LIII.)
2170 4524 2190 4547 »
2231 4499 2380 4553 Dicit
2427 4499 2599 4553 etiam
2648 4496 2915 4551 Micheas
2950 4513 2963 4552 :
3003 4521 3022 4546 α
3048 4496 3300 4568 Propter
3329 4498 3440 4553 hoc

58 4586 203 4632 eorum
241 4585 606 4641 sanctitatem
665 4591 721 4641 et
763 4592 1004 4657 propter
1043 4589 1442 4643 testimonium
1484 4590 1647 4645 Scri-
1777 4591 1937 4645 dabit
1966 4590 2054 4644 eis
2088 4589 2247 4644 Deus
2280 4603 2471 4660 usque
2503 4586 2572 4641 ad
2604 4588 2837 4656 tempus
2867 4587 2926 4640 in
2957 4602 3073 4658 quo
3104 4588 3440 4659 parturiens

58 4666 201 4734 Flam,
228 4686 395 4740 quare
415 4675 759 4730 dubitamus
781 4676 853 4730 de
875 4678 1229 4732 ascensione
1252 4678 1407 4733 Justi
1436 4678 1494 4733 in
1517 4696 1647 4734 cor-
1672 4673 1717 4730 Ο
1775 4680 1960 4750 pariet
2016 4678 2224 4747 (.‘tlich.
2271 4677 2350 4746 v),
2388 4700 2410 4724 ιι
2456 4674 2523 4730 Et
2575 4677 2893 4730 notandum
2940 4676 3096 4748 quod
3138 4691 3255 4730 non
3303 4676 3442 4730 facit

58 4762 154 4840 itare
174 4760 220 4810 et
247 4762 451 4832 anima,
485 4764 586 4819 cui
615 4766 807 4836 magis
836 4764 1140 4834 Scriptura
1172 4766 1440 4836 perhibet
1469 4784 1645 4840 quam
1771 4767 2057 4839 propheta
2087 4766 2440 4821 mentionem
2470 4765 2541 4819 de
2573 4766 2779 4819 marito
2825 4766 3001 4819 istius
3028 4765 3431 4835 parturientis,

61 4836 138 4892 illis
159 4847 525 4906 testimonium
551 4853 925 4908 sanctitatis?
946 4852 1016 4908 Et
1037 4855 1174 4927 quia
1204 4854 1412 4911 durius
1426 4836 1644 4912 bellum
1771 4836 1923 4924 cum,
1946 4857 2150 4928 inquit,
2177 4854 2535 4910 nativitatem
2558 4853 2734 4908 istius
2760 4852 2908 4925 justi
2927 4852 3027 4925 qui
3049 4854 3240 4908 solum
3263 4857 3437 4908 natus

105 5088 350 5175 (Maecia
365 5101 576 5175 neutro
599 5099 806 5175 Aggcei
828 5102 1016 5175 capite
1031 5101 1340 5172 habentur,
1357 5118 1464 5157 nec
1478 5103 1640 5175 quid-
1767 5103 1897 5159 Vita
1947 5104 2154 5169 Mosis,
2188 5102 2294 5157 sed
2325 5103 2416 5156 est
2449 5101 2645 5171 Opinio
2685 5102 2876 5175 aliena
2905 5117 3216 5175 prorsus‘a
3237 5108 3432 5159 mente

60 5166 175 5245 ﬁgit!!!
192 5168 323 5235 quod
331 5170 405 5245 ad
424 5170 525 5225 illa
548 5166 809 5245 accadat,
842 5166 1163 5245 attingatve
1181 5166 1401 5229 Christi
1425 5166 1637 5230 ascen-
1766 5179 2107 5230 sanctorum
2136 5166 2397 5239 Patrum,
2419 5166 2551 5245 cuin
2582 5176 2714 5245 ante
2744 5166 3105 5228 descensum
3125 5173 3434 5231 Christiad

60 5238 351 5318 ἷξίξξιθφθρςι
372 5241 526 5297 bene
553 5242 790 5312 quidem
813 5258 864 5296 c.
885 5242 919 5297 2
944 5238 1021 5298 de
1042 5243 1178 5315 ejus
1203 5246 1461 5301 adventu
1485 5261 1496 5300 :
1520 5247 1638 5302 Ve-
1762 5247 1989 5302 inferos
2035 5238 2423 5318 ejusdemque
2461 5243 2532 5318 ad
2580 5244 2795 5298 coelum
2824 5260 3164 5318 ascensum,
3206 5247 3433 5303 nullum

61 5304 157 5386 πῖέξε
413 5382 426 5386 Δ
573 5304 589 5312 ’
973 5384 988 5386 _
1043 5385 1047 5386 ν
1075 5304 1097 5315 ⁷
1762 5319 1953 5373 fuisse
1966 5304 2396 5386 bea'tum,aut'in
2410 5315 2623 5386 caelum
2638 5318 2956 5386 receptum,
2973 5316 3123 5370 fides
3141 5304 3434 5373 catholica

103 5369 301 5461 {illine
340 5381 646 5461 habemus
677 5399 834 5455 eam,
886 5384 992 5461 sed
1036 5385 1163 5461 ipse
1210 5390 1348 5461 tunc
1374 5387 1639 5461 nescivit
1763 5369 2811 5461 decedit—DotuitquidemMosescum
2828 5369 3066 5461 Qhr'isto
3086 5369 3428 5461 reg'aigeib',

62 5441 166 5540 Ψξξξ
177 5445 415 5540 (isquiis
437 5454 498 5506 in
524 5441 1075 5540 Latino‘volqaretui:
1087 5455 1247 5540 Aser
1274 5458 1334 5540 in
1356 5457 1633 5540 Arabico.
1760 5475 1894 5540 cum
1916 5441 2246 5540 eodemque
2260 5459 2320 5540 in
2342 5455 2556 5540 coelum
2575 5457 3014 5540 conscendere,
3029 5461 3097 5540 ut.
3112 5441 3431 5540 multarum

78 5508 514 5600 flgititelege,
540 5540 673 5600 nam
710 5525 781 5579 de
816 5508 1061 5600 Hench
1085 5508 1536 5600 asinaria;
1551 5508 1639 5582 ἐἰ
1758 5508 2201 5600 ἑξῖριῖὸιῖᾇιᾷἷιῖἑ
2213 5508 3425 5600 ὸρἷιιίἇξᾆῖᾳὶὶόὶϊΜᾶέὲἑέιεῖιῖιῖἱῖιῖπῖὸὲὧ

63 5582 302 5670 Ξξίρῒῠγίε
315 5582 523 5670 docent
540 5593 767 5664 Patres,
792 5597 961 5650 vives
986 5598 1050 5670 in
1070 5598 1422 5670 corporibus
1441 5614 1517 5653 ex
1539 5600 1636 5655 ho—
1758 5582 2290 5656 suarre'surrex'erit
2310 5641 2323 5665 ,
2372 5582 2442 5652 et.
2480 5599 2538 5651 in
2572 5582 2784 5653 caelum
2816 5582 3089 5655 sublatus
3120 5582 3215 5663 sit,
3244 5582 3428 5670 idque

64 5656 219 5742 3'???
238 5656 936 5742 penset-tiouassumptos;
977 5656 1472 5742 de_Mathusalem
1492 5687 1633 5725 vero
1757 5672 2039 5742 colligere
2061 5687 2135 5726 ex
2156 5656 2356 5726 verbis
2382 5670 2548 5742 Deut.
2586 5687 2701 5736 xw,
2737 5670 3087 5742 manifestus
3105 5656 3214 5742 est
3233 5656 3426 5726 error.

62 5724 411 5815 “ejifsgriptura
438 5724 819 5815 indicat,_ne'c
849 5724 1006 5793 ull'us
1038 5739 1279 5815 Patrum
1309 5740 1522 5815 prodit.
1577 5724 1619 5815 ς
1762 5724 2031 5815 κζίᾶβυιῖἱιί
2053 5724 2114 5796 ix
2129 5724 2456 5815 Metuendae
2480 5724 2741 5815 theologi
2769 5724 3131 5796 Dominicani
3164 5740 3234 5793 de
3269 5724 3429 5795 Anti;

106 5790 158 5851 ιθ)
180 5790 511 5872 lta'quidem
558 5790 1527 5881 de'MHs‘eiiééﬁsii'rhiiiifliﬁfiii
1560 5812 1630 5866 de
1757 5790 2256 5883 adsistas}:
