4086 6180
530 311 644 375 351

530 515 623 568 est
642 516 861 584 preter
880 511 1117 567 solitum
1140 512 1371 569 modum
1394 528 1753 583 cursumque
1772 515 2202 586 carnalem,qui
2224 504 2277 566 Α

518 606 622 673 est
652 618 727 657 ex
780 600 905 655 viro
938 604 994 654 et
1038 600 1273 669 femina,
1315 601 1471 656 sicut
1500 602 1571 656 de
1610 602 1708 656 illo
1738 602 2085 671 praedictum
2109 611 2200 659 est

529 706 635 760 per
665 706 734 745 os
764 689 956 759 Isaiae,
1004 704 1137 743 cum
1176 689 1351 744 dicit:
1382 690 1661 760 «Audite,
1715 692 1945 757 domus.
1976 691 2195 747 Jacob:

530 778 691 833 Deus
713 778 869 832 dabit
900 776 1070 844 vobis
1095 777 1334 850 signum
1361 794 1372 833 :
1397 779 1578 851 Virgo
1611 781 1902 851 concipiet
1926 785 1984 835 et
2012 782 2199 851 pariet

530 866 737 933 ﬁlium,
762 870 873 921 etc.
909 866 1071 935 (Isai.
1115 868 1217 933 vu)
1244 890 1265 914 η
1300 866 1517 923 Omnes
1540 872 1734 923 autem
1751 869 1847 923 alii
1880 870 2070 925 sancti
2100 871 2199 940 qui

532 953 671 1008 dicti
706 957 863 1022 sunt,
897 955 1013 1008 nati
1048 958 1187 1008 sunt
1225 955 1294 1011 de
1335 956 1549 1009 femina
1580 962 1637 1010 et
1700 958 1847 1025 viro,
1892 959 2203 1012 carnaliter

536 1042 804 1111 concepti
829 1043 887 1096 in
917 1048 1179 1112 peccato,
1203 1048 1258 1097 et
1278 1059 1482 1097 omnes
1505 1043 1738 1099 fuerunt
1755 1051 2121 1116 peccatores,
2144 1051 2199 1101 et

529 1131 659 1200 ipse
681 1130 882 1185 Moses
923 1131 1185 1183 sanctior
1202 1134 1545 1200 parentibus
1578 1134 1878 1203 prophetis
1910 1136 2196 1204 peccavit,

527 1225 585 1274 et
634 1219 946 1275 conﬁtetur
994 1235 1101 1288 per
1135 1235 1204 1274 os
1249 1235 1424 1273 suum
1456 1236 1522 1274 se
1568 1238 1888 1291 peccasse:
1932 1224 2003 1278 de
2027 1224 2197 1278 Justo

524 1310 719 1363 autem
749 1308 863 1362 isto
895 1306 1108 1381 dicitur
1138 1300 1511 1379 per'Isaiam:
1559 1332 1579 1356 «
1606 1309 1715 1376 Qui
1750 1327 2199 1383 nunquampec-

526 1397 699 1463 cavit,
745 1412 855 1449 nec
896 1396 1194 1450 inventum
1226 1400 1318 1451 est
1373 1398 1742 1454 mendacium
1788 1401 1848 1454 in
1899 1416 2001 1454 ore
2062 1400 2198 1470 ejus

526 1484 690 1554 (Isai.
716 1482 857 1554 LIII).
886 1508 907 1532 ιι
936 1484 1019 1538 De
1049 1485 1181 1539 aliis
1204 1487 1479 1540 omnibus
1505 1488 1729 1541 sanctis
1752 1487 1894 1542 dicit
1914 1488 2073 1543 Deus
2094 1506 2201 1559 per
2226 1522 2231 1525 ε

528 1588 598 1629 os
630 1572 773 1627 Job:
818 1595 840 1618 α
877 1573 938 1626 In
970 1574 1246 1627 omnibus
1277 1577 1502 1629 sanctis
1526 1575 1653 1629 suis
1672 1592 1787 1631 non
1811 1581 1903 1631 est
1925 1577 2200 1631 inventus

527 1662 657 1715 sine
701 1660 984 1731 pravitate
1026 1660 1179 1730 (Job.
1241 1666 1341 1731 IV).
1379 1687 1400 1710 ι»
1439 1662 1507 1717 Et
1557 1663 1849 1719 Jeremias
1907 1666 2199 1736 pr0pheta

527 1749 697 1803 dicit:
739 1771 759 1795 ι.
795 1749 985 1804 Corda
1014 1748 1316 1805 hominum
1345 1768 1524 1820 prava
1547 1752 1694 1823 (Jer.
1720 1755 1885 1823 xvu).
1925 1778 1945 1801 »

526 2050 617 2105 De
635 2049 912 2105 caecitate
940 2049 1272 2106 Judaeornm
1303 2052 1453 2124 quod
1483 2068 1594 2108 non
1621 2054 1870 2110 credant
1895 2057 2199 2113 Christum

880 2139 1240 2207 advenisse,
1301 2156 1410 2196 nec
1457 2141 1831 2215 intelligant.

595 2281 817 2352 Timeo,
851 2283 1084 2341 domine
1116 2282 1211 2349 mi,
1245 2282 1402 2354 quod
1435 2282 1513 2338 sit
1543 2286 1897 2357 completum
1930 2288 1989 2343 iu
2020 2289 2197 2345 nobis

525 2370 685 2442 quod
714 2371 862 2427 dixit
904 2372 1190 2427 Dominus
1215 2388 1320 2443 per
1357 2371 1575 2427 Isaiam
1606 2375 1987 2445 prophetam:
2029 2401 2051 2425 α
2085 2377 2199 2432 Ce-

524 2458 668 2513 cidit
698 2460 940 2516 caecitas
962 2476 1146 2531 super
1174 2461 1362 2515 Israel
1398 2477 1709 2533 quousque
1740 2465 1979 2520 intravit
2008 2467 2197 2536 pleni-

522 2547 664 2601 tudo
693 2549 959 2619 gentium
989 2549 1154 2618 (Isai.
1208 2567 1302 2603 1.1x
1329 2551 1385 2613 ):
1423 2573 1444 2598 »
1472 2554 1528 2604 et
1560 2551 1771 2606 iterum
1804 2553 1944 2608 dicit
1972 2570 1985 2610 :
2018 2577 2038 2601 α
2072 2558 2198 2609 Au-

525 2634 755 2691 dientes
787 2637 1026 2692 audient
1048 2640 1105 2692 et
1129 2654 1245 2694 non
1266 2639 1617 2711 intelligent,
1642 2644 1701 2695 et
1728 2642 1999 2696 videntes
2030 2644 2196 2698 vide-

522 2723 670 2778 bunt
700 2727 900 2780 etnon
950 2729 1335 2798 cognoscent,
1378 2728 1517 2798 quia
1562 2730 1741 2783 corda
1791 2730 1967 2784 istius
2002 2733 2196 2803 gentis

525 2814 665 2867 sunt
693 2813 1038 2885 ingrossata
1068 2814 1233 2883 (Isai.
1267 2816 1369 2883 γι).
1404 2839 1424 2862 ι»
1452 2815 1519 2869 Et
1542 2816 1732 2871 adhuc
1751 2819 1955 2873 eodem
1986 2820 2192 2890 capite:

528 2922 550 2946 «
584 2899 833 2957 Excaeca
854 2918 958 2956 cor
977 2903 1180 2973 p0puli
1213 2902 1418 2975 hujus,
1443 2908 1499 2959 et
1521 2905 1728 2959 obtura
1750 2922 1925 2962 aures
1949 2907 2102 2979 ejus,
2121 2924 2194 2962 ne

523 2988 675 3044 forte
745 2990 1072 3060 addiscant,
1106 2996 1161 3047 et
1209 2996 1624 3049 convertantur
1670 2994 1740 3048 ad
1773 3011 1865 3050 me
1905 3000 1961 3050 et
1991 3012 2193 3051 sanem

523 3092 649 3132 eos.
678 3102 701 3126 »
729 3077 801 3133 Et
818 3079 962 3135 dixit
982 3080 1169 3135 Isaias
1194 3096 1206 3136 :
1238 3104 1259 3129 α
1282 3081 1630 3153 Usquequo,
1656 3083 1899 3138 Domine
1920 3087 1948 3139 ?
1970 3089 2027 3140 et
2048 3085 2195 3140 dixit

1725 313 2155 391 SAMUELIS
2206 316 2765 395 MAROCHIANI

2235 1873 2276 1931 Ῐ,
2304 1834 2445 1897 alibi
2500 1843 2645 1898 dixit
2700 1844 2862 1898 Deus
2905 1859 3010 1915 per
3065 1844 3417 1914 prophetam
3462 1859 3474 1898 :

1126 1906 1377 1962 CAPUT
1423 1910 1578 1964 XIV.
2264 1910 2676 1964 ’ξιςουηοηιηηη
2753 1936 2805 1964 οι
2851 1936 3085 1964 Nummi
3132 1934 3339 1964 .Inmno
3387 1948 3474 1964 οη.

3861 322 3978 391 325

2926 519 3177 575 CAPUT
3220 521 3344 575 XV.
3386 534 3389 537 ‘

2313 622 2597 699 Ostendi_t_
2619 625 3096 699 reprobationem
3132 627 3464 682 Judieorum
3488 635 3737 699 praptcr
3769 644 3977 683 eorum

2373 694 2718 818 prlrlidiam',
2751 703 2808 751 et
2843 697 3191 752 electionem
3219 699 3466 769 gentiun
3488 694 3738 770 'pro'pter
3770 715 3976 755 eorum

2402 783 2441 819 ι(
2469 781 2578 819 em.

2382 872 2603 942 Timeo,
2638 873 2871 928 domine
2913 875 3011 944 mi,
3046 879 3284 945 propter
3328 876 3438 930 hoc
3480 877 3634 947 quod
3675 878 3812 948 quia
3858 892 3979 931 non

2312 961 2680 1017 crcdimusin
2704 961 3022 1034 istojusto;
3044 964 3262 1019 idcirco
3294 964 3503 1018 accidit
3532 965 3704 1019 nobis
3736 969 3792 1019 et
3809 981 3978 1020 com-

2320 1049 2537 1119 pletum
2569 1054 2658 1105 cst
2688 1051 2826 1105 illud
2850 1052 3003 1123 quod
3023 1052 3169 1105 dixit
3188 1052 3344 1106 Deus
3365 1068 3470 1122 per
3491 1069 3559 1108 os
3582 1053 3783 1107 Isaiae:
3814 1077 3835 1100 ιι
3854 1053 3985 1107 Erit

2313 1138 2616 1209 prephetia
2640 1143 2911 1210 tanquam
2936 1141 3116 1194 verba
3141 1141 3271 1194 libri
3296 1141 3481 1194 clausi
3502 1141 3601 1213 qui
3637 1142 3869 1196 dabitur
3888 1142 3982 1195 le-

2310 1228 2476 1293 ctori,
2517 1230 2573 1280 et
2602 1226 2863 1281 dicetur:
2886 1228 3003 1281 Iste
3025 1228 3177 1282 liber
3200 1228 3442 1282 clausus
3474 1233 3585 1298 est,
3612 1230 3814 1284 nescio
3833 1229 3979 1300 quid

2310 1318 2399 1369 est
2433 1315 2489 1369 in
2514 1331 2601 1383 eo,
2628 1320 2683 1369 ct
2720 1320 2855 1369 tunc
2888 1316 3046 1370 dabit
3079 1309 3368 1371 nescienti
3397 1317 3645 1386 litteras,
3694 1334 3808 1371 non
3842 1334 3978 1372 sum

2309 1406 2493 1457 lector
2522 1419 2634 1474 ego
2659 1403 2796 1471 (Isa.
2823 1404 3005 1473 xxix).
3037 1428 3057 1451 »ι
3095 1404 3165 1457 Et
3184 1421 3314 1476 qua)
3347 1404 3771 1459 clausuralibri
3787 1404 3982 1476 major

2307 1496 2418 1561 est,
2454 1492 2707 1562 domine,
2742 1509 2914 1563 quam
2942 1493 3216 1547 clausura
3235 1509 3349 1565 qua
3385 1493 3597 1547 clausit
3618 1494 3774 1547 Deus
3796 1493 3981 1548 corda

2306 1579 2676 1651 nostra;jam
2697 1586 2834 1635 sunt
2867 1581 3022 1635 mille
3045 1582 3198 1652 anni,
3235 1583 3290 1636 et
3312 1581 3480 1649 ultra,
3506 1596 3613 1636 nec
3645 1597 3981 1653 possumus

2308 1683 2674 1739 cognoscere
2711 1684 2817 1738 per
2850 1668 3220 1738 pr0phetiam
3270 1669 3442 1723 nobis
3473 1669 3740 1723 traditam
3769 1685 3801 1723 a
3831 1686 3981 1739 pro-

2305 1755 2499 1826 phetis
2534 1770 2719 1825 super
2749 1755 3067 1811 adventum
3102 1756 3279 1810 istius
3327 1754 3517 1827 justi,
3549 1759 3787 1826 propter
3817 1757 3982 1827 quod

3526 1867 3548 1890 α
3597 1843 3987 1898 Desolabitur

2308 1932 2702 2003 ilierusalem,
2752 1936 2808 1986 et
2850 1936 3086 1986 corruet
3131 1934 3341 1987 domus
3387 1934 3591 1985 sancta
3634 1932 3772 2000 (Isa.
3805 1931 3914 2002 ιιι),
3956 1958 3979 1979 -

2308 2021 2465 2074 Dixit
2503 2021 2676 2075 etiam
2715 2036 2728 2074 :
2767 2043 2787 2068 α
2824 2021 3004 2075 Terra
3035 2025 3238 2075 nostra
3266 2021 3520 2087 deserta,
3556 2021 3822 2075 civitates
3865 2036 3984 2074 no-

2306 2114 2447 2165 stre:
2478 2125 2794 2165 succensae
2823 2111 2981 2181 igne,
3016 2113 3071 2164 et
3106 2110 3430 2165 remanebit
3445 2110 3585 2165 Sion
3617 2112 3770 2162 sxcut
3798 2113 3986 2181 tugu-

2308 2198 2459 2253 rium
2490 2199 2548 2252 in
2579 2199 2749 2253 vinea
2780 2199 3068 2268 dissipata
3102 2197 3246 2267 (Isai
3275 2201 3335 2269 ι).
3373 2220 3394 2246 ι
3430 2198 3558 2252 Hoc
3589 2199 3699 2264 est,
3731 2197 3985 2252 domine

2303 2288 2404 2357 mi,
2439 2289 2497 2341 et
2521 2285 2644 2358 jam
2693 2290 2832 2342 sunt
2868 2288 3026 2341 mille
3071 2288 3230 2355 anni,
3278 2291 3334 2341 et
3376 2287 3551 2341 ultra.
3601 2286 3757 2340 Dixit
3796 2287 3989 2340 etiam

2307 2375 2547 2429 Esaias:
2574 2397 2597 2421 α
2636 2376 2881 2431 Domine
2904 2376 3085 2445 Deus,
3104 2375 3371 2430 exaltaho
3402 2390 3613 2430 nomen
3638 2380 3821 2443 tuum,
3841 2375 3992 2445 quia

2304 2464 2558 2535 posuisti
2591 2463 2883 2518 civitatem
2916 2464 2973 2518 in
3001 2464 3308 2532 tumulum,
3328 2467 3383 2518 et
3414 2464 3650 2518 domum
3680 2463 3741 2516 in
3757 2462 3988 2516 confu-

2306 2552 2553 2620 sionem,
2588 2554 2651 2606 ut
2684 2567 2801 2606 non
2832 2552 2910 2605 sit
2941 2568 3131 2622 usque
3178 2552 3237 2606 in
3267 2555 3550 2607 internum
3582 2551 3721 2619 (Isai
3743 2549 3906 2619 xxv).
3953 2574 3980 2598 ι.

2308 2640 2378 2694 Et
2399 2641 2572 2694 dixit:
2600 2665 2621 2687 «
2643 2641 2918 2695 Conteret
2948 2641 3199 2710 populos
3224 2640 3575 2695 contritione
3594 2639 3758 2693 vasis
3780 2638 3983 2710 ﬁguli,

2306 2729 2365 2784 in
2397 2745 2513 2800 quo
2546 2745 2661 2784 non
2694 2732 2993 2783 remaneat
3023 2746 3162 2800 pars
3184 2730 3255 2783 ad
3289 2727 3641 2798 portandum
3661 2728 3994 2781 carbonem

2308 2817 2487 2890 ignis,
2535 2833 2645 2872 nec
2675 2817 3058 2871 hauriendam
3093 2823 3316 2889 guttam
3346 2833 3515 2888 aquae
3545 2816 3707 2887 (Isai.
3744 2816 3916 2886 xxx).
3964 2842 3987 2861 ι»

2308 2905 2672 2976 Completum
2705 2909 2797 2959 est
2830 2906 3003 2960 etiam
3020 2906 3253 2959 domine
3271 2907 3369 2973 mi,
3392 2905 3546 2976 quod
3567 2904 3712 2959 dixit
3731 2903 3947 2957 Daniel
3977 2922 3988 2957 :

2310 3015 2332 3045 α
2366 2995 2687 3066 Postquam
2719 2994 2825 3048 fuit
2856 2993 3096 3049 occisus
3128 2991 3768 3059 Christus,remanebit
3797 2991 3993 3046 deso-

2306 3083 2442 3138 latio
2464 3086 2741 3153 perpetua
2760 3082 2930 3152 (Dan.
2970 3083 3104 3151 1x).»
3128 3082 3190 3136 In
3225 3083 3359 3153 quia
3377 3082 3737 3137 desolatione
3762 3097 3994 3135 sumus

520 3164 841 3238 Quousque
872 3169 991 3224 sint
1022 3170 1291 3226 civitates
1322 3171 1596 3239 desertae,
1631 3176 1687 3226 et
1722 3178 1950 3228 maneat
1981 3175 2191 3229 domus
2231 3223 2277 3281 Γ
2301 3171 2423 3242 jam
2456 3176 2594 3225 sunt
2632 3171 2791 3225 mille
2836 3172 2972 3225 anni
3001 3175 3057 3225 et
3108 3171 3277 3225 ultra.
3324 3171 3481 3225 Dixit
3520 3170 3694 3224 etiam
3745 3168 3987 3223 Isaias:

522 3255 651 3281 ,ηε-Α
714 3256 1038 3281 ι.-ι-ει---..,.
1104 3258 1302 3281 IIL!J\
1367 3276 1378 3281 _
1502 3260 1655 3281 “rufa
1709 3262 1865 3281 ,ιβ-Α
1948 3263 2146 3281 h-,,',l
2263 3260 2279 3279 Ι
2387 3260 2601 3281 l\_lf-a_.
2663 3262 2748 3281 ,Αι
2796 3260 2847 3281 2..
2893 3260 3037 3281 --_L-
3090 3259 3333 3281 ..,.1Η...ῙΙΔ
3420 3263 3467 3281 ,ι
3514 3257 3772 3281 -ει.21-ι.ει
3817 3261 3987 3281 ..Α-...Α

520 3255 653 3310 sine
714 3256 1042 3314 habitatore
1102 3258 1304 3327 (Ibid.)
1367 3276 1445 3315 :-

525 3365 547 3391 α
572 3342 789 3399 Claude
807 3361 1121 3402 sermones
1140 3350 1195 3401 et
1210 3348 1445 3402 involve
1461 3348 1866 3419 prophetiam(
1883 3350 2029 3406 Dan.
2050 3368 2153 3406 xu.
2169 3377 2188 3399 ιι

520 3429 593 3484 Et
620 3432 909 3488 Jeremias
946 3450 957 3488 :
996 3456 1019 3481 οι
1058 3436 1369 3489 Peccatum
1403 3436 1578 3490 Judae
1600 3438 1884 3508 scriptum
1917 3443 2008 3493 est
2038 3441 2189 3511 stylo

520 3517 716 3575 ferreo
764 3521 825 3574 in
870 3522 1062 3592 lapide
1112 3524 1503 3593 adamantino,
1568 3530 1621 3579 ct
1653 3532 1965 3581 extensum
2012 3545 2194 3598 super

517 3606 880 3665 latitudinem
932 3612 1132 3665 cordis
1190 3628 1393 3666 eorum
1476 3614 1624 3682 (Jer.
1677 3615 1840 3684 xvu).
1912 3639 1933 3663 η
2004 3617 2189 3672 Isaias

520 3695 709 3767 capite
749 3699 966 3767 primo:
998 3722 1018 3745 ιι
1045 3700 1339 3770 Cognovit
1367 3700 1479 3755 bos
1502 3716 1920 3770 possessorem
1939 3720 2111 3758 suum
2136 3711 2191 3761 et

496 3783 727 3855 ‘asinus
739 3801 1009 3857 praesepe
1021 3787 1240 3842 domini
1264 3789 1357 3841 sui
1380 3805 1394 3857 ;
1417 3791 1669 3859 populus
1686 3795 1880 3846 autem
1895 3809 2060 3846 meus
2075 3810 2188 3848 non

517 3871 807 3928 intellexit
828 3874 992 3945 (Isai.
1019 3877 1141 3944 xu).
1172 3899 1193 3925 ι»
1224 3876 1292 3931 Et
1314 3878 1525 3933 iterum
1557 3879 1881 3934 Jeremias:
1914 3904 1934 3927 ιι
1973 3881 2189 3937 Milvus

518 3964 575 4016 et
605 3961 876 4029 hirundo,
911 3966 967 4017 et
999 3963 1223 4019 ciconia
1265 3966 1460 4020 sciunt
1489 3970 1722 4037 tempus
1744 3968 2035 4023 adventus
2069 3973 2186 4028 sui,

518 4050 776 4120 populus
808 4057 1003 4105 autem
1037 4068 1205 4109 meus
1223 4070 1339 4108 non
1373 4056 1650 4127 cognovit
1680 4072 1772 4111 me
1793 4057 1942 4127 (Jer.
1983 4060 2125 4128 VIII).
2164 4084 2185 4107 η

518 4136 591 4191 Ει
625 4138 754 4194 haec
777 4140 991 4208 omnia,
1025 4141 1258 4196 domine
1291 4143 1387 4211 mi,
1424 4144 1576 4198 dicta
1619 4148 1757 4198 sunt
1787 4151 2026 4216 propter
2056 4164 2187 4218 nos,

400 4232 411 4245 ‘
517 4228 655 4298 quia
684 4244 798 4283 non
830 4231 1221 4301 c0gnovimus
1244 4232 1555 4286 adventum
1577 4233 1736 4287 illius
1763 4233 1912 4305 justi
1936 4235 2185 4290 Domini.

517 4315 590 4371 Et
619 4316 691 4371 de
726 4318 898 4373 nobis
930 4319 1077 4374 dixit
1099 4320 1384 4374 Dominus
1416 4338 1522 4391 per
1554 4322 1800 4377 Isaiam:
1841 4345 1863 4370 «
1906 4323 2189 4395 Elongate

516 4404 680 4465 foras
738 4409 974 4477 gentem
1007 4424 1246 4475 eaeam,
1280 4413 1337 4462 et
1379 4425 1496 4464 non
1528 4410 1839 4465 habentem
1871 4412 2099 4480 oculos,
2134 4415 2189 4466 et

516 4492 780 4563 surdam,
812 4497 869 4547 et
898 4509 1015 4549 non
1065 4495 1376 4552 habentem
1409 4513 1606 4569 aures,
1644 4514 1783 4552 ecce
1807 4515 2015 4554 omnes
2046 4516 2185 4554 con-

516 4581 751 4653 gregati
808 4587 945 4637 sunt
999 4582 1162 4649 (Isai.
1226 4586 1408 4654 xuu).
1440 4608 1461 4633 »
1498 4584 1567 4639 Et
1597 4586 1737 4657 quid
1768 4587 1951 4641 voluit
1984 4588 2185 4643 dicere

1502 3260 1657 3315 Dixit
1702 3262 1874 3315 etiam
1948 3263 2188 3318 Daniel:
2231 3260 2279 3281 "
2310 3283 2331 3307 οι

2385 3260 2610 3314 Ιῖοιὶοιει
2658 3262 2749 3314 est
2795 3260 2854 3311 in
2893 3260 3041 3313 urbe
3085 3259 3359 3329 solitudo,
3414 3263 3470 3313 et
3512 3257 3775 3312 sibilabit
3817 3261 3993 3311 terra

2306 3365 2510 3403 eorum
2538 3348 2713 3403 sibilo
2747 3363 2935 3418 usque
2978 3349 3036 3401 in
3069 3349 3488 3418 sempiternum
3519 3346 3681 3415 (Isai.
3715 3347 3919 3415 XXIV).
3963 3370 3986 3393 ι-

2309 3438 2465 3491 Dixit
2488 3437 2658 3491 etiam
2679 3437 2967 3491 Jeremias
2994 3454 3005 3491 :
3032 3460 3053 3482 «ι
3082 3439 3403 3507 Argentum
3423 3435 3742 3507 reprohum
3762 3438 3991 3488 vocate

2306 3526 2460 3596 illos,
2496 3526 2633 3597 quia
2664 3524 2949 3580 Dominus
3000 3525 3250 3596 projecit
3282 3541 3385 3579 eos
3418 3526 3565 3593 (Jer.
3598 3524 3699 3593 1x).
3739 3547 3762 3571 ιι
3823 3524 4001 3577 Dixit

2308 3616 2478 3669 etiam
2510 3615 2730 3669 Isaias:
2778 3613 3123 3667 cAmhulate
3156 3614 3209 3666 in
3242 3613 3460 3667 lumine
3493 3613 3649 3683 ignis
3673 3613 3891 3679 vestri,
3930 3614 3999 3666 et

2307 3704 2559 3758 flammis
2582 3720 2730 3775 quas
2761 3702 3158 3758 succendistis
3188 3702 3359 3757 vobis
3392 3701 3553 3770 (Isai.
3590 3704 3662 3766 ι).
3701 3721 3723 3747 ιι
3764 3700 3831 3753 In
3856 3703 4002 3771 qui-

2306 3792 2420 3848 bus
2464 3793 2714 3847 ﬂammis
2750 3808 2860 3846 nos
2907 3807 3136 3860 sumus,
3182 3790 3307 3862 jam
3349 3790 3506 3843 mille
3538 3789 3671 3843 anni
3704 3792 3875 3843 sunt.
3914 3789 3996 3842 Et

2308 3881 2452 3935 dixit
2480 3882 2650 3936 etiam
2683 3880 2865 3935 Amos
2893 3896 2904 3935 :
2931 3905 2951 3928 «
2990 3881 3210 3933 Domus
3242 3879 3424 3933 Israel
3448 3879 3614 3933 cadet
3644 3880 3697 3931 et
3732 3893 3857 3930 non
3884 3882 3996 3931 est

2305 3971 2404 4042 qui
2426 3970 2612 4043 erigat
2631 3985 2758 4024 eam
2775 3970 2995 4038 (Amos.
3016 3969 3093 4036 v).
3120 3989 3140 4015 ιι
3176 3967 3247 4021 Et
3277 3967 3507 4022 videtur
3536 3966 3697 4034 mihi,
3733 3966 4001 4020 domine

2307 4061 2403 4130 mi,
2424 4059 2578 4131 quod
2600 4058 2755 4113 Deus
2780 4058 3005 4112 induxit
3024 4073 3204 4128 super
3220 4072 3329 4111 nos
3361 4057 3589 4110 ruinam
3610 4056 3805 4123 istam,
3833 4060 4000 4125 post

2304 4148 2619 4202 adventum
2656 4145 2813 4199 Justi
2853 4144 3056 4216 hujus,
3102 4148 3415 4214 postquam
3446 4142 3733 4213 propheta
3764 4142 4004 4196 nullus

2304 4235 2567 4290 surrexit
2586 4236 2646 4289 in
2668 4233 2861 4302 nobis,
2883 4247 2991 4287 nec
3022 4236 3249 4304 surget,
3271 4233 3425 4286 sicut
3440 4231 3862 4302 prOphetatum
3884 4234 4004 4285 est

2303 4324 2477 4379 nobis
2508 4324 2644 4395 quia
2661 4338 2769 4376 nos
2800 4336 3105 4375 manemus
3127 4321 3622 4387 iuincredulitate,
3659 4334 3776 4372 non
3809 4321 4005 4374 reci-

2301 4414 2529 4484 pientes
2552 4410 2725 4464 ﬁdem
2741 4410 2899 4464 illius
2918 4409 3023 4463 sed
3042 4412 3347 4480 negantes.
3367 4408 3526 4462 Dixit
3545 4409 3716 4462 etiam
3735 4406 3958 4462 Oseas
3988 4425 4003 4463 :

2306 4524 2325 4547 «
2351 4501 2494 4555 Cum
2518 4498 2793 4552 accubuit
2822 4496 3035 4552 mulier
3054 4511 3235 4567 super
3262 4502 3478 4551 terram
3508 4499 3566 4550 et
3593 4495 3851 4565 peperit,
3894 4497 4006 4550 di-

2299 4589 2384 4643 xit
2406 4589 2564 4643 Deus
2586 4603 2598 4641 :
2620 4587 2779 4641 Voca
2808 4601 3020 4640 nomen
3051 4585 3184 4656 ejus
3204 4584 3351 4641 Sine
3368 4584 3807 4651 misericordia,
3831 4586 4009 4655 quia

516 4668 808 4740 Propheta
827 4671 1077 4741 perlch
1113 4673 1309 4740 verba,
1340 4672 1455 4726 nisi
1482 4674 1640 4744 quod
1672 4675 1834 4729 Deus
1864 4692 1975 4730 nos
2007 4693 2176 4745 repu-
2208 4670 2259 4731 D
2291 4693 2408 4731 non
2448 4676 2780 4731 miserebor
2817 4674 3031 4746 populo
3073 4674 3209 4728 huic
3254 4672 3415 4743 (Ose.
3458 4674 3518 4742 ι).
3551 4696 3572 4720 υ
3607 4670 3678 4725 Et
3709 4672 3766 4724 si
3802 4671 4009 4727 Deus

516 4759 601 4825 lit,
637 4760 774 4830 quia
804 4775 921 4815 non
936 4761 1326 4832 cognovimus
1349 4765 1581 4833 tempus
1605 4763 1779 4817 istius
1798 4764 1951 4819 Justi
1977 4764 2183 4819 citius?

518 4846 587 4901 Et
619 4848 1007 4921 congregavit
1039 4850 1110 4903 ad
1143 4865 1209 4903 se
1241 4850 1299 4903 in
1323 4849 1437 4904 ﬁde
1457 4855 1667 4923 gentes
1689 4851 1818 4906 loco
1842 4854 2053 4920 nostri,
2074 4854 2181 4908 Su-

517 4951 623 5003 per
652 4937 809 5005 quod
842 4937 1164 4992 admiratus
1195 4938 1379 4992 David
1412 4938 1558 4994 dixit
1590 4940 1648 4993 in
1676 4941 1939 5009 psalmo:
1980 4965 2002 4989 «
2038 4943 2181 4997 Haec

517 5025 612 5076 est
658 5024 899 5081 mutatio
954 5025 1213 5082 dexterae
1252 5026 1491 5082 Excelsi
1536 5027 1962 5099 (Psa1.1.xxvx).
2001 5051 2023 5079 ι
2052 5030 2180 5086 Nos

516 5111 711 5164 tamen
734 5112 836 5166 Dei
870 5129 1082 5169 sumus
1112 5115 1171 5169 in
1194 5131 1338 5170 casu
1370 5116 1484 5170 isto
1516 5120 1741 5184 nostro,
1767 5122 1824 5172 et
1844 5119 2180 5189 captivitate

516 5196 650 5264 ista,
671 5214 803 5271 quae
835 5216 951 5255 non
972 5201 1148 5257 habet
1178 5204 1375 5274 ﬁnem,
1410 5204 1600 5274 inqua
1632 5220 1861 5274 sumus,
1888 5206 2012 5277 jam
2046 5212 2181 5261 sunt

518 5285 674 5340 mille
703 5289 859 5354 anni,
893 5294 947 5343 et
998 5290 1111 5345 hoc
1142 5294 1333 5347 tamen
1364 5293 1577 5348 accidit
1604 5293 1683 5347 ita
1713 5294 1861 5348 male
1912 5297 2179 5363 patribus

517 5374 759 5442 nostris,
794 5377 893 5446 qui
925 5378 1317 5439 adoraverunt
1348 5382 1522 5449 idola,
1567 5386 1623 5436 et
1670 5382 2015 5438 occiderunt
2040 5401 2179 5455 pro—

514 5462 725 5536 phetas
756 5467 813 5519 et
829 5467 1195 5539 transgressi
1218 5470 1452 5526 fuerunt
1480 5471 1700 5544 Legem
1731 5486 1806 5525 ex
1831 5474 1971 5527 toto.

2292 4765 2545 4836 projecit
2585 4779 2717 4833 nos,
2761 4767 2817 4818 et
2859 4779 2977 4816 non
3022 4762 3338 4817 miseretur
3383 4760 3593 4829 nostri,
3643 4763 3703 4814 ut
3735 4762 4013 4830 experti

2292 4869 2523 4922 sumus,
2564 4851 2689 4924 jam
2734 4854 2872 4906 sunt
2900 4850 3057 4905 mille
3088 4851 3224 4904 anni
3256 4853 3310 4904 et
3344 4851 3514 4915 ultra,
3565 4864 3699 4918 quae
3731 4848 4007 4904 utilitas

2291 4948 2381 4999 est
2395 4958 2506 4997 nos
2522 4941 2743 4996 habere
2759 4941 2973 5010 legem,
2991 4938 3507 4993 circumeisionem
3524 4941 3580 4991 et
3596 4936 3962 4992 Sabbatum
3978 4943 4015 4993 ?

2292 5032 2449 5086 Dixit
2479 5030 2667 5085 Isaias
2716 5045 2728 5083 :
2772 5051 2793 5074 α
2825 5027 2990 5082 Educ
3022 5028 3182 5082 foras
3211 5026 3490 5098 p0pulum
3520 5041 3768 5094 caecum,
3802 5026 4017 5082 sicut

2291 5120 2493 5176 eduxit
2513 5134 2624 5174 nos
2646 5118 2718 5172 de
2747 5120 2903 5172 terra
2924 5118 3127 5172 nostra
3152 5116 3310 5170 Deus
3340 5129 3542 5184 verus,
3564 5118 3621 5168 et
3649 5113 4019 5185 gloriosus

2290 5208 2453 5280 (Isai.
2488 5207 2670 5277 XXIV).
2709 5226 2731 5256 ι
2763 5206 2895 5260 Jam
2926 5208 3064 5259 sunt
3096 5203 3252 5259 mille
3290 5202 3427 5258 anni
3477 5206 3533 5256 et
3581 5201 3756 5255 ultra.
3803 5200 4023 5261 Dixit

2292 5298 2465 5353 etiam
2496 5295 2689 5351 idem:
2727 5314 2750 5344 ι
2785 5293 2977 5347 Verus
3013 5307 3181 5346 error
3222 5290 3365 5345 abiit
3409 5289 3571 5359 (Isai.
3606 5291 3793 5357 xxvi).
3843 5314 3875 5338 ι-
3930 5293 4025 5348 Et

2291 5385 2431 5458 quid
2462 5387 2552 5439 est
2582 5382 2905 5453 antiquum,
2938 5380 3055 5435 nisi
3084 5380 3181 5435 lex
3212 5383 3434 5445 nostra,
3470 5392 3605 5448 quae
3636 5380 3938 5437 recessit
3980 5399 4024 5439 a

2291 5474 2485 5533 nobis.
2524 5471 2759 5527 domine
2794 5471 2892 5537 mi,
2929 5486 3062 5524 cum
3094 5484 3257 5540 rege,
3292 5482 3427 5521 cum
3457 5466 3782 5535 sacriﬁcio,
3828 5483 4023 5528 cum

2289 5562 2557 5627 incenso,
2576 5562 2782 5615 etcum
2805 5558 3131 5614 altaribus?
3161 5559 3218 5611 et
3235 5555 3379 5627 quid
3399 5553 3575 5625 pejus
3598 5555 3778 5609 nobis
3799 5566 4025 5625 pote-

2289 5651 2363 5705 rit
2375 5649 2652 5706 evenire?
2669 5651 2725 5703 et
2745 5648 2887 5719 quid
2903 5650 2997 5702 est
3017 5645 3174 5718 quod
3193 5661 3302 5701 nos
3316 5645 3736 5714 exspectamus
3751 5644 3782 5697 ?
3799 5643 3869 5698 N
3879 5664 4023 5706 an-
