3978 6178
123 295 213 355 353

870 286 1119 348 LIBER
1162 286 1273 346 DE
1304 284 1664 373 MESSLIE
1708 282 2116 346 ADVENTU
2162 282 2696 363 PRASTERITO.

3391 285 3510 348 354

122 509 175 545 ne
200 490 444 543 videmus
476 487 629 558 quod
657 488 940 559 diSpersit
969 501 1079 540 nos
1115 501 1219 554 per
1250 486 1503 555 quatuor
1534 486 1729 552 partes
1763 472 1813 534 Α
1842 482 2068 550 (Ibid).
2118 506 2138 529 ιι
2206 486 2262 537 et
2309 484 2379 537 de
2412 485 2628 553 popqu
2689 484 2836 538 dixit
2866 484 3052 539 Isaias
3088 502 3100 541 :
3133 485 3511 550 Quaesierunt

131 579 280 632 mundi
300 578 356 631 in
370 578 821 647 dispersionem,
846 575 1000 628 sicut
1023 574 1293 627 dixerunt
1314 572 1487 627 nobis
1507 571 1727 641 Moses,

136 666 385 734 leremias,
445 669 500 720 et
549 664 757 732 Isaias,
813 667 869 718 et
914 662 1011 716 alii
1042 661 1367 732 prophetae.
1424 660 1495 713 Et
1539 663 1733 713 tamen

124 772 204 811 nos
233 755 327 808 Dei
363 770 593 821 sumus,
634 756 688 807 et
708 752 781 806 ad
828 752 1025 821 ipsum
1056 750 1423 805 recurrimus
1476 749 1532 802 in
1574 748 1729 801 omni

123 847 307 901 eventu.

669 930 921 985 CAPUT
952 928 1106 983 XVI.

122 1038 347 1109 Ostendit
369 1036 852 1109 reprobationem
884 1035 1220 1109 Judaeornm
1246 1039 1495 1104 propter
1525 1047 1728 1087 eorum

164 1106 462 1181 perﬁdiam,
497 1113 558 1163 et
591 1107 940 1163 electionem
968 1106 1235 1178 gentium
1252 1110 1502 1176 propter
1532 1119 1731 1158 eorum

170 1179 332 1234 ﬁdem.

170 1269 359 1337 Timeo,
396 1267 635 1321 domine
667 1268 766 1336 mi,
800 1282 932 1321 eum
962 1281 1072 1320 nos
1131 1265 1385 1318 dicimus
1418 1264 1570 1318 inter
1601 1278 1732 1331 nos,

120 1356 171 1410 Et
214 1372 311 1426 ego
343 1361 396 1410 et
423 1360 483 1410 tu
519 1356 698 1410 etiam
722 1370 931 1409 sumus
950 1354 1053 1407 filii
1088 1353 1272 1407 Jacob
1295 1356 1350 1406 et
1373 1351 1577 1419 Israel,
1599 1352 1733 1422 quia

113 1445 207 1515 jam
248 1444 592 1515 completum
627 1446 720 1498 est
750 1443 890 1498 illud
922 1443 1077 1514 quod
1130 1442 1271 1496 dicit
1317 1441 1475 1495 Deus
1505 1457 1610 1510 per
1667 1456 1736 1493 os

119 1533 284 1587 Isaiae:
320 1556 339 1578 α
373 1532 698 1587 Interﬁciet
722 1536 775 1586 te
806 1532 985 1598 Deus,
1011 1531 1217 1600 Israel,
1252 1534 1308 1584 et
1336 1530 1571 1584 vocabit
1604 1545 1736 1582 scr-

119 1637 198 1675 vos
221 1621 438 1676 nomine
468 1620 823 1689 alieno(Isa.
858 1621 1015 1689 va).
1056 1644 1078 1667 η
1113 1619 1317 1674 Haveo
1341 1619 1498 1689 quod
1521 1618 1591 1672 de
1616 1618 1734 1671 illis

119 1709 271 1763 servis
301 1710 508 1779 simus,
545 1709 769 1780 quibus
785 1709 957 1763 debet
975 1708 1193 1778 imponi
1226 1708 1369 1761 illud
1393 1722 1627 1774 nomen,
1650 1722 1738 1759 se-

117 1796 323 1852 cundum
353 1797 509 1869 quod
538 1798 749 1852 Moses
790 1797 934 1852 dixit
981 1796 1424 1851 Deutcronomii
1452 1795 1736 1850 visesimo

117 1891 280 1940 octavo
310 1904 321 1940 :
357 1909 378 1933 α
400 1886 595 1940 Erunt
612 1891 824 1957 gentes
855 1886 914 1939 in
944 1886 1152 1956 capite,
1178 1889 1233 1939 et
1255 1883 1508 1955 populus
1538 1885 1737 1937 incre-

114 1973 252 2028 dulus
293 1975 344 2027 in
375 1974 586 2042 cauda,
620 1998 643 2020 α
669 1974 824 2029 sicut
854 1990 965 2028 nos
996 1988 1226 2042 sumus,
1256 1972 1380 2045 jam
1410 1977 1549 2027 sunt
1580 1971 1738 2026 mille

114 2063 218 2116 anni
241 2066 291 2117 et
318 2063 485 2117 ultra.
522 2064 611 2117 De
644 2063 763 2117 illis
796 2064 971 2118 etiam
1002 2063 1147 2117 dixit
1176 2062 1471 2117 Jeremias
1507 2077 1519 2116 :
1558 2083 1579 2107 α
1618 2061 1739 2115 Re-

116 2150 325 2219 plebitur
365 2156 523 2205 terra
556 2151 677 2205 ﬁde
701 2152 827 2219 Dei,
891 2154 947 2205 et
978 2151 1329 2205 redundabit
1378 2149 1534 2203 sicut
1587 2165 1740 2220 aqua

119 2241 277 2305 maris;
300 2265 321 2288 ο
345 2239 489 2295 etde
522 2239 648 2294 illis
705 2240 851 2293 dixit
879 2238 1156 2294 Salomon
1189 2254 1204 2294 :
1232 2261 1252 2285 ιι
1294 2238 1535 2291 Domine
1578 2238 1738 2291 Deus

118 2343 275 2395 meus,
297 2346 428 2383 cum
458 2329 698 2383 venerit
727 2327 1058 2399 alienigena
1089 2327 1160 2380 ad
1191 2327 1425 2381 domum
1476 2328 1738 2379 sanctam

121 2420 265 2484 tuam,
290 2423 343 2472 et
366 2417 738 2472 invocaverit
769 2432 980 2472 nomen
1012 2419 1176 2470 tuum
1205 2415 1601 2484 benedictum,
1634 2430 1739 2468 ex-

118 2506 222 2559 audi
247 2523 390 2577 eum,
422 2508 677 2561 Domine
724 2507 885 2560 Deus
917 2520 1106 2572 meus,
1158 2507 1219 2558 ut
1247 2504 1436 2558 discat
1464 2505 1740 2558 universa

117 2597 237 2648 terra
248 2610 449 2651 nomen
463 2601 632 2650 tuum
646 2594 1035 2663 timere,sicut
1047 2592 1300 2662 populus
1317 2590 1739 2663 Israeltmlieg.

117 2684 255 2751 vm).-
279 2682 336 2737 In
355 2700 471 2754 quo
505 2699 660 2754 ergo
689 2681 1098 2754 gloriabimur,
1115 2680 1348 2734 domine
1370 2680 1468 2750 mi,
1489 2684 1542 2734 et
1562 2695 1743 2751 quare

117 2773 500 2826 contemnimus
524 2768 775 2844 gentes!
807 2786 881 2825 ex
902 2786 1017 2840 quo
1049 2768 1327 2823 Salomon
1351 2769 1645 2838 phopheta
1670 2767 1745 2822 fe—

120 2865 177 2917 cit
201 2881 290 2921 eas
312 2867 635 2937 participes
665 2864 962 2919 in-timore
994 2864 1119 2931 Dei,
1152 2866 1209 2917 et
1231 2864 1289 2916 in
1309 2863 1482 2917 domo
1531 2866 1741 2917 sancta

122 2953 408 3023 nobiscum,
433 2958 491 3009 et
532 2954 689 3008 forte
719 2970 827 3009 nos
857 2953 1138 3024 indignos
1164 2951 1339 3023 ejecit
1368 2952 1528 3006 Deus
1555 2952 1626 3005 de
1658 2953 1744 3005 is-

119 3045 160 3094 ta
185 3042 354 3112 domo,
378 3048 432 3098 et
459 3042 627 3098 dedit
647 3058 776 3096 eam
792 3043 947 3110 istis,
969 3042 1240 3096 etdeillis
1254 3042 1428 3094 etiam
1459 3040 1736 3095 dixitMo—

123 3145 200 3184 ses
220 3153 239 3178 ι
266 3131 398 3186 Haec
411 3132 557 3187 dicit
576 3132 863 3186 Dominus
886 3131 1047 3186 Deus
1064 3146 1230 3185 meus
1253 3146 1265 3183 :
1288 3129 1635 3199 Replebitur
1652 3131 1746 3183 to-

1847 586 1939 624 me
1959 576 2151 625 etnon
2186 572 2645 643 interrogabant,
2673 578 2729 627 et
2768 575 3119 627 invenerunt
3142 590 3232 629 me
3262 574 3363 645 qui
3391 584 3510 628 non

1844 660 2189 728 quaerebant
2214 677 2309 715 me
2343 661 2504 730 (Isai.
2529 676 2685 730 LXV).
2716 685 2738 710 ιν
2766 661 2835 715 Et
2866 662 2938 716 de
2968 664 3117 732 ipsis
3167 664 3304 715 dicit
3338 663 3508 718 Jere-

1844 748 1991 802 mias
2018 765 2030 803 :
2057 770 2078 799 ci
2105 748 2644 822 Gongregabuntur
2668 766 2875 805 omnes
2904 751 2960 804 in
2993 751 3226 805 nomine
3259 750 3507 818 Domini,

1847 844 1909 897 in
1939 843 2110 898 domo
2144 850 2369 915 sancta;
2395 848 2449 899 et
2470 862 2584 901 non
2597 845 2979 900 ambulabunt
3002 846 3059 900 in
3075 847 3360 915 pravitate
3374 861 3512 899 cor-

1849 931 2008 985 dium
2058 931 2208 997 (Jer.
2269 934 2374 1001 ιιι).
2425 956 2445 979 α
2496 933 2577 987 De
2609 933 2760 1003 ipsis
2793 925 2948 987 idem
3000 932 3283 1003 propheta
3331 931 3510 986 dixit:

1855 1044 1876 1067 α
1908 1020 1995 1073 Ad
2028 1024 2082 1074 te
2112 1021 2578 1075 venientiomnes
2620 1025 2830 1092 gentes
2879 1021 2951 1075 ab
2985 1023 3262 1076 extremis
3294 1019 3514 1075 finibus

1848 1111 2118 1178 terrae,et
2149 1108 2343 1163 dicent
2386 1125 2397 1164 :
2432 1109 2564 1163 Non
2587 1109 3080 1164 haereditaverunt
3102 1114 3301 1180 patres
3318 1107 3512 1164 nostri

1855 1196 1973 1251 nisi
2003 1197 2375 1251 mendacium
2407 1201 2464 1251 et
2507 1198 2871 1270 iniquitatem
2902 1199 3052 1268 (Jcr.
3085 1199 3218 1267 xvi).
3257 1221 3278 1246 ιι
3313 1197 3385 1253 Et
3442 1198 3515 1252 de

1851 1285 2001 1355 ipsis
2034 1286 2178 1338 dixit
2208 1286 2542 1355 Sophonias
2579 1302 2590 1341 :
2629 1308 2651 1333 ιι
2686 1287 2892 1341 Datum
2913 1290 3001 1341 est
3032 1286 3311 1357 gentibus
3343 1289 3405 1341 ut
3424 1285 3516 1340 Io-

1852 1376 2175 1443 querentur
2205 1372 2381 1427 simul
2429 1374 2488 1426 in
2520 1374 2755 1428 nomine
2787 1374 3039 1441 Domini,
3085 1377 3141 1427 et
3171 1372 3434 1429 servient
3463 1375 3517 1428 ei

1852 1461 2102 1514 humero
2135 1477 2272 1530 uno,
2307 1462 2500 1515 omnis
2533 1461 2706 1516 homo
2727 1462 2798 1516 de
2822 1463 2951 1516 loco
2966 1479 3097 1531 suo,
3118 1466 3392 1517 etomues
3422 1464 3516 1518 in-

1850 1548 1999 1603 sulm
2038 1552 2302 1621 gentium
2332 1549 2535 1620 (Soph.
2572 1555 2675 1617 ιιι).
2708 1574 2729 1598 ››
2776 1550 2846 1604 Et
2876 1551 2947 1605 de
2980 1551 3097 1603 illis
3131 1551 3274 1605 dixit
3293 1551 3517 1606 Zacha-

1851 1638 1971 1692 rias
2008 1654 2019 1693 :
2060 1660 2082 1684 ιι
2111 1638 2357 1707 Laetare,
2393 1638 2605 1692 domus
2627 1638 2768 1693 Sion
2795 1656 2807 1692 :
2840 1637 2987 1703 Quia
3017 1655 3129 1711 ego
3177 1641 3411 1694 veniam
3443 1640 3517 1695 ad

1850 1731 1927 1795 te,
1956 1730 2011 1781 et
2041 1726 2319 1782 habitabo
2348 1728 2408 1781 in
2432 1727 2622 1782 medio
2649 1728 2800 1782 tuiin
2834 1728 2931 1781 illa
2962 1728 3075 1796 die,
3109 1732 3165 1783 et
3196 1729 3518 1799 appropin-

1775 1840 1819 1897 Β
1853 1816 2115 1886 quabunt
2137 1815 2255 1870 Deo
2279 1819 2486 1888 gentes
2526 1817 2584 1869 in
2619 1817 2984 1871 multitudine
3017 1833 3124 1870 sua
3154 1817 3357 1885 (Zacl).
3382 1817 3466 1887 ιι).
3491 1839 3514 1869 ι

1854 1905 2007 1959 Dicit
2036 1905 2189 1958 idem
2212 1906 2497 1976 prOpheta
2531 1905 2718 1975 capite
2751 1910 2958 1960 octavo
2984 1922 2997 1960 :
3030 1929 3049 1955 α
3081 1906 3223 1961 Haec
3247 1907 3387 1961 dicit
3409 1907 3522 1963 Do—

1856 1993 2052 2048 minus
2084 1994 2632 2063 Deusexcrcituum,
2667 1995 2903 2049 venient
2932 2000 3142 2067 gentes
3192 1996 3387 2051 multae
3444 1996 3518 2052 de

1855 2082 2002 2136 locis
2033 2082 2250 2150 multis,
2284 2087 2339 2135 et
2362 2082 2516 2137 dicet
2538 2081 2627 2137 vir
2655 2083 2728 2136 ad
2763 2084 3021 2139 vicinum
3053 2100 3226 2139 suum
3260 2101 3272 2140 :
3314 2085 3516 2141 Vada-

1854 2186 1987 2223 mus
2018 2175 2074 2223 et
2095 2186 2433 2240 quaeramus
2467 2171 2777 2224 Dominum
2828 2171 3010 2226 Deum
3034 2173 3095 2226 in
3123 2173 3277 2227 bono
3307 2173 3517 2244 (Zach.

1857 2260 1975 2325 11).»
2012 2260 2068 2310 et
2098 2256 2233 2322 ista,
2293 2256 2538 2309 Domine
2587 2257 2688 2325 mi,
2740 2257 3029 2328 completa
3058 2262 3197 2311 sunt
3253 2274 3429 2327 nunc,
3462 2262 3521 2314 et

1858 2343 2295 2414 complenturin
2327 2344 2517 2398 oculis
2531 2344 2754 2398 nostris
2772 2345 2843 2400 de
2876 2346 3068 2415 plano,
3086 2346 3252 2401 vides
3265 2347 3518 2416 pepulos

1856 2437 1912 2488 et
1941 2431 2388 2504 linguasﬂegere
2421 2432 2608 2486 libros
2639 2433 2821 2505 Legis
2861 2438 2917 2487 et
2947 2434 3363 2505 prophetarum
3396 2451 3521 2490 om-

1857 2523 2015 2575 nium
2034 2526 2089 2575 et
2110 2520 2481 2589 Psalterium;
2501 2520 2768 2575 dimissis
2781 2520 2956 2577 idolis
2970 2522 3324 2593 suis,nullus
3339 2538 3414 2577 ex
3430 2524 3520 2579 eis

1859 2611 2046 2666 credit
2094 2624 2199 2678 per
2224 2625 2457 2663 manum
2491 2609 2699 2677 Mosis,
2733 2625 2844 2664 nec
2875 2610 3089 2680 Aaron,
3123 2627 3235 2666 nec
3264 2611 3522 2683 alicujus

1858 2700 2278 2769 prophetarum
2298 2700 2659 2764 nostrorum,
2687 2713 2797 2752 nec
2813 2697 3031 2769 aliquid
3046 2704 3307 2754 remanet
3323 2701 3395 2755 de
3408 2700 3523 2757 fide

1858 2786 1931 2843 ab
1977 2786 2152 2841 idolis
2187 2786 2259 2839 ab
2279 2785 2377 2838 illo
2403 2788 2817 2857 tempore,quo
2836 2785 3210 2841 crediderunt
3230 2787 3520 2856 Justoilli,

1859 2876 1930 2930 de
1960 2890 2076 2947 quo
2106 2874 2246 2928 dicit
2278 2874 2555 2929 Habacuc
2581 2890 2592 2928 :
2631 2896 2653 2920 «
2692 2873 2996 2946 Egressus
3027 2892 3115 2946 es,
3150 2876 3415 2943 Domine,
3448 2876 3524 2932 ad

1860 2965 2109 3019 salutem
2168 2962 2370 3032 pobuli
2400 2963 2503 3033 tui,
2537 2963 2611 3017 ad
2662 2963 2911 3018 salutem
2969 2979 3103 3019 cum
3151 2965 3391 3021 Christo
3422 2969 3521 3021 tuo

1859 3052 2105 3125 (Hebae.
2127 3050 2234 3123 ιιι).
2275 3075 2296 3098 ››

2464 3140 2915 3196 CAPUTXVII.

123 3222 162 3270 la
186 3224 320 3275 terra
340 3221 531 3293 gloria
551 3219 787 3275 Domini
808 3218 1005 3288 (Nam.
1039 3226 1215 3289 30me
1238 3218 1309 3271 Ει
1339 3218 1411 3272 de
1435 3219 1586 3288 ipsis
1603 3218 1750 3270 (ἶίκίι
1781 3195 1828 3255 C
1862 3230 1950 3285 De
1978 3230 2036 3283 vi
2047 3227 2377 3301 vilicationc
2394 3231 2657 3301 gentium
2680 3235 2738 3284 et
2760 3229 3182 3287 interfectione
3198 3232 3521 3299 Judaarnm,

127 3306 300 3363 David:
330 3332 349 3358 α
384 3309 764 3366 Praevenient
794 3311 850 3363 et
880 3311 1300 3362 convertentur
1329 3306 1400 3360 ad
1451 3306 1749 3360 dominum

124 3397 347 3452 nnivers:
377 3399 532 3454 ﬁnes
568 3402 769 3465 terrae,
831 3400 888 3451 et
918 3397 1076 3451 mille
1108 3396 1528 3467 generationes
1559 3394 1746 3464 (Psal.

121 3500 265 3553 nu).-
299 3487 377 3541 De
399 3488 559 3558 ipsis
584 3487 912 3540 dixitetiam
940 3483 1125 3539 Isaias
1150 3500 1163 3538 :
1204 3507 1227 3532 α
1252 3484 1299 3538 Ο
1330 3485 1541 3539 domus
1565 3483 1751 3537 David

124 3577 305 3645 sancta,
337 3576 494 3631 venit
541 3575 742 3629 lumen
773 3580 957 3639 tuum,
997 3577 1053 3628 et
1083 3573 1273 3644 gloria
1309 3573 1539 3627 Domini
1573 3588 1754 3644 super

121 3665 164 3714 te
187 3666 294 3717 orta
324 3669 432 3734 est,
467 3667 585 3719 etc.
620 3662 691 3716 Et
739 3662 1119 3717 ambulabunt
1177 3664 1387 3732 gentes
1419 3662 1479 3715 in
1528 3661 1753 3715 lumine

120 3752 214 3818 tuo,
240 3755 289 3805 et
314 3768 491 3824 reges
523 3753 588 3805 in
644 3751 965 3821 splendore
998 3740 1166 3805 ortus
1218 3750 1322 3803 tui.
1358 3750 1517 3803 Leva
1542 3751 1602 3803 in
1633 3751 1751 3804 cir-

125 3840 251 3893 cuitu
300 3841 503 3896 oculos
545 3846 685 3894 tuos
716 3842 772 3894 et
801 3840 953 3908 vide,
1008 3854 1215 3894 omnes
1261 3838 1356 3891 isti
1407 3838 1755 3911 congregati

125 3929 254 3997 sunt;
282 3933 575 3984 venerunt
592 3929 717 3995 tibi,
755 3932 811 3982 el
834 3927 1220 3981 filiiextranei
1240 3927 1615 3981 mdiﬁeabunt
1634 3944 1759 3980 mu-

129 4030 229 4084 ros,
257 4020 309 4071 et
334 4018 638 4088 principes
657 4008 860 4071 eorum
891 4016 1153 4070 servient
1180 4015 1283 4069 tibi
1315 4015 1453 4082 (lsa.
1492 4017 1643 4085 1.x).«
1681 4015 1758 4069 Et

128 4104 207 4172 qui
232 4110 359 4160 sunt
386 4107 485 4160 isti
520 4105 629 4160 ﬁlii
661 4105 944 4173 extranei,
966 4105 1198 4159 domine
1222 4105 1321 4172 mi,
1345 4105 1443 4175 qui
1472 4107 1761 4159 venerunt

129 4192 185 4245 ad
206 4193 426 4249 domum
458 4195 589 4257 Dei,
623 4194 737 4247 nisi
771 4197 980 4266 gentes
1013 4209 1144 4263 qua:
1182 4193 1526 4248 serviebant
1557 4192 1754 4258 idolis,

129 4295 234 4349 quae
259 4288 418 4338 erant
438 4287 740 4339 extraneae
756 4299 788 4336 a
813 4282 955 4350 Deo,
971 4286 1027 4336 et
1054 4282 1166 4351 ipsi
1190 4281 1488 4352 principes
1506 4287 1559 4338 et
1579 4297 1758 4352 reges

131 4383 319 4440 eorum,
351 4373 421 4426 de
452 4373 674 4444 quibus
705 4371 849 4425 dixit
879 4371 1060 4439 Deus,
1094 4370 1252 4441 quod
1281 4370 1670 4425 ambulabunt
1702 4371 1761 4424 in

132 4455 313 4514 lumine
359 4462 575 4515 domus
607 4464 851 4527 sanctae,
906 4461 963 4513 et
1008 4475 1119 4513 nos
1150 4460 1372 4513 erimus
1403 4460 1463 4512 in
1491 4459 1761 4513 tenebris

134 4550 264 4601 extra
290 4549 461 4616 illam,
497 4552 556 4604 et
585 4564 796 4604 sumus
838 4547 965 4619 jam
995 4552 1135 4602 sunt
1196 4548 1352 4601 mille
1397 4549 1553 4602 anni.
1605 4548 1765 4602 Dixit

137 4634 295 4691 adhuc
322 4638 474 4693 idem
492 4637 778 4708 propheta
808 4638 881 4691 de
910 4637 1063 4690 illis:
1103 4657 1124 4682 α
1154 4635 1304 4691 Ecce
1324 4640 1556 4708 gentem
1589 4653 1763 4707 quam

138 4725 410 4781 nesciebas
439 4725 707 4795 vocabis,
731 4727 788 4780 et
802 4725 1070 4779 nationes
1092 4740 1225 4795 quae
1248 4726 1303 4778 te
1337 4739 1452 4778 non
1467 4741 1763 4796 cognove-

138 4816 246 4866 runt
265 4814 332 4868 ad
359 4818 412 4869 te
442 4815 680 4870 venient
699 4813 865 4883 (Isai.
888 4813 1029 4883 LIII).
1062 4834 1083 4862 ι
1122 4812 1192 4866 Et
1221 4813 1376 4867 sicut
1396 4813 1466 4867 de
1497 4813 1649 4867 facto
1682 4814 1764 4867 vi-

142 4898 333 4970 demus,
365 4903 541 4958 hodie
572 4906 711 4957 sunt
756 4902 916 4956 mille
946 4901 1082 4954 anni
1121 4903 1186 4975 et
1219 4901 1390 4969 ultra,
1426 4903 1561 4971 quia
1593 4901 1766 4958 Chri-

142 4990 248 5043 stus
275 4991 367 5043 mEs
387 5007 494 5045 sua
512 4991 838 5046 secundum
871 4990 1064 5062 legem
1083 4988 1257 5044 nobis
1290 4989 1481 5043 datam
1500 4989 1678 5058 venit,
1711 4993 1769 5043 et

145 5080 318 5144 gentes
346 5095 475 5149 qum
506 5081 697 5151 legem
730 5095 845 5134 non
872 5082 1178 5147 noverant,
1205 5079 1575 5132 veneruntad
1608 5095 1764 5149 eum,

146 5166 188 5214 et
212 5165 323 5234 ipse
354 5167 511 5223 dedit
545 5168 634 5223 eis
663 5169 860 5240 legem
914 5183 1147 5235 novam,
1191 5182 1417 5236 puram,
1481 5170 1765 5221 sanctam.

148 5250 320 5309 Adhuc
348 5256 797 5329 quadragesimo
822 5255 1025 5327 quinto
1048 5256 1236 5325 capite
1261 5271 1273 5310 :
1310 5277 1330 5300 ‹‹
1368 5253 1771 5309 Concordave-

150 5346 280 5412 runt,
310 5347 364 5399 et
392 5362 566 5418 reges
621 5361 825 5401 eorum
874 5345 1221 5415 congregati
1254 5346 1392 5397 sunt
1414 5343 1470 5395 in
1503 5344 1616 5397 ﬁde
1664 5344 1773 5398 Dei

149 5424 281 5491 (Isai.
327 5450 437 5503 xv).
473 5456 494 5483 ι»
535 5433 608 5488 Et
636 5434 833 5499 timeo,
868 5433 1102 5487 domine
1146 5432 1245 5503 mi,
1278 5433 1350 5486 de
1393 5430 1512 5486 illis
1577 5431 1768 5487 fuisse

153 5512 335 5575 dictum
363 5523 561 5579 eodem
578 5523 796 5594 capite:
836 5544 857 5569 ιι
882 5520 1342 5595 Congregamini
1372 5536 1578 5576 omnes
1609 5508 1775 5577 etve-

151 5603 265 5679 nite,
276 5615 490 5684 gentes,
504 5628 637 5688 qum
649 5613 892 5669 salvatae
906 5610 1053 5669 estis
1073 5626 1181 5686 per
1190 5610 1376 5668 Deum
1393 5625 1467 5668 ex
1491 5610 1772 5688 gentibus

2014 3306 2188 3371 prout
2220 3299 2410 3353 etiam
2433 3300 2738 3354 videbitur
2765 3301 2827 3354 in
2860 3303 3052 3373 capite
3075 3306 3366 3375 sequenti.

1935 3388 2161 3457 Timeo;
2182 3388 2418 3443 domine
2446 3389 2546 3458 mi,
2572 3390 2728 3461 quod
2743 3390 2903 3444 Deus
2934 3392 3123 3446 victor
3152 3397 3207 3447 et
3223 3393 3525 3465 gloriosus

1864 3478 2123 3531 viviﬁcat
2154 3477 2285 3532 illas
2324 3480 2534 3549 gentes
2549 3493 2654 3549 per
2685 3479 2859 3534 fidem
2889 3482 2945 3535 et
2975 3479 3250 3536 interﬁcit
3280 3498 3389 3537 nos
3439 3483 3525 3537 in-

1868 3567 2208 3622 credulitate
2230 3570 2453 3637 nostra,
2485 3567 2641 3622 sicut
2672 3567 2800 3637 ipse
2831 3568 2971 3623 dicit
2993 3574 3099 3639 per
3127 3586 3194 3625 os
3215 3570 3383 3627 Isaia:
3400 3585 3531 3642 pro-

1867 3656 2059 3727 phetae
2082 3670 2109 3719 :_
2133 3676 2154 3701 «
2191 3655 2307 3709 Pro
2356 3669 2427 3708 eo
2458 3654 2614 3726 quod
2643 3655 2850 3709 vocavi
2875 3660 2931 3710 et
2961 3672 3079 3712 non
3108 3658 3525 3730 respondistis,

1868 3744 1997 3799 haec
2029 3743 2169 3798 dicit
2187 3743 2475 3798 Dominus
2508 3744 2698 3798 Deus:
2724 3743 2877 3799 Ecce
2897 3745 3055 3800 servi
3072 3738 3527 3819 meic'omedent,

1869 3836 2046 3887 etvos
2069 3832 2367 3887 csurietis.
2396 3831 2547 3886 Ecce
2580 3833 2744 3886 servi
2766 3833 2880 3887 mei
2908 3833 3111 3888 bibent
3139 3839 3195 3889 et
3226 3852 3335 3891 vos
3366 3837 3524 3892 sitie-

1869 3923 1967 3975 tis.
1998 3920 2151 3974 Ecce
2185 3920 2345 3974 servi
2366 3920 2477 3975 mei
2500 3921 2758 3991 gaudent
2788 3922 2845 3976 in
2878 3921 3271 3979 exsultatione
3302 3926 3523 3996 cordis,

1871 4013 1925 4064 et
1948 4025 2056 4063 vos
2071 4009 2485 4063 concutiemini
2502 4025 2627 4078 prae
2645 4010 3030 4065 amaritudine
3044 4012 3262 4082 cordis,
3280 4018 3335 4067 et
3347 4014 3531 4069 inter-

1872 4098 2026 4152 ﬁciet
2055 4103 2109 4151 te
2142 4098 2321 4166 Deus,
2358 4113 2391 4151 ο
2423 4096 2626 4162 Israel,
2680 4101 2736 4151 et
2767 4099 2999 4153 vocabit
3028 4115 3239 4153 servos
3297 4102 3531 4159 nomine

1872 4188 2004 4258 alio,
2040 4187 2099 4241 in
2130 4203 2245 4258 quo
2269 4186 2701 4241 benedixitillis
2732 4188 2832 4257 qui
2864 4189 2956 4241 est
2985 4188 3335 4242 benedictus
3351 4206 3534 4260 super

1871 4274 2315 4331 terram.Amen
2346 4273 2508 4343 (Isai.
2528 4274 2687 4345 va).
2725 4295 2747 4324 ι»
2784 4274 2976 4329 Etnos
3007 4275 3340 4331 videbimus
3362 4293 3533 4333 rece-

1871 4367 2074 4435 ptores
2089 4362 2264 4417 istius
2279 4362 2536 4416 nominis
2566 4362 2913 4417 benedictos
2931 4378 2963 4416 a
2981 4362 3102 4418 Deo
3123 4379 3304 4432 super
3320 4364 3531 4420 faciem

1872 4457 2069 4520 terrae,
2107 4454 2166 4506 et
2218 4467 2329 4505 nos
2361 4451 2661 4521 dispersit,
2699 4451 2928 4506 scilicet
2959 4452 3019 4506 in
3059 4453 3388 4522 captivitate
3432 4469 3534 4524 per

1874 4545 2125 4614 quatuor
2154 4544 2354 4610 partes
2413 4539 2634 4608 mundi,
2668 4539 2842 4596 hodie
2876 4545 3014 4596 sunt
3042 4541 3198 4596 mille
3254 4542 3412 4596 anni.
3463 4540 3534 4597 Et

1872 4632 2159 4701 apparent
2190 4629 2551 4695 expressein
2579 4629 2754 4684 nobis
2784 4631 3155 4702 vestigiairae
3174 4630 3299 4702 Dei,
3321 4646 3440 4685 non
3460 4630 3535 4684 ad

1878 4717 2347 4788 castigationem,
2380 4717 2486 4771 sed
2510 4718 2581 4771 ad
2613 4717 3091 4789 destructionem,
3123 4721 3180 4773 et
3212 4720 3309 4773 illa
3338 4722 3431 4774 est
3448 4719 3537 4774 in-

1875 4806 2145 4862 terfectio
2179 4821 2354 4877 quam
2387 4806 2546 4861 Deus
2569 4809 2958 4863 comminatus
2990 4812 3100 4878 est,
3125 4809 3281 4879 quod
3310 4809 3538 4864 interti-

1879 4896 1990 4950 ciet
2018 4894 2220 4959 Israel,
2253 4897 2310 4948 et
2341 4894 2455 4948 illae
2486 4901 2697 4967 gentes
2729 4896 2901 4965 vivm,
2935 4912 3084 4967 quas
3105 4900 3277 4952 vocat
3297 4914 3534 4970 servos,

1882 4975 2165 5053 recipient
2193 4998 2405 5036 nomen
2434 4984 2591 5054 quod
2624 4984 2783 5039 Deus
2807 4986 3093 5056 promisit,
3120 4986 3225 5040 sed
3257 5003 3375 5042 non
3405 4992 3539 5043 ante

1880 5074 2127 5126 mortem
2157 5071 2344 5124 nostri
2383 5071 2637 5125 nominis
2669 5073 2841 5141 primi
2883 5074 3212 5128 secundum
3268 5075 3539 5132 ordinem

1878 5160 2201 5214 verborum
2223 5158 2325 5212 Dei
2348 5175 2456 5228 per
2476 5159 2707 5229 Isaiam,
2733 5161 2995 5216 etfames
3026 5165 3083 5217 et
3102 5163 3235 5218 sitis
3250 5181 3400 5236 quas
3430 5182 3538 5236 pa-

1877 5249 2091 5302 tiemur
2121 5262 2237 5300 non
2268 5248 2361 5300 est
2390 5247 2560 5315 panis
2584 5251 2681 5301 aut
2712 5263 2902 5319 aquae,
2925 5248 3033 5304 sed
3046 5251 3313 5307 cordium
3333 5255 3390 5309 et
3407 5253 3536 5307 ani-

1879 5351 2103 5390 marum
2121 5333 2425 5403 sterilitas,
2451 5338 2508 5389 et
2537 5335 2724 5391 fames
2741 5338 2910 5392 verbi
2925 5338 3050 5408 Dei,
3067 5340 3221 5394 sicut
3234 5342 3534 5411 propheta

1882 5425 2180 5481 declarant
2223 5438 2332 5494 per
2352 5438 2422 5476 os
2449 5425 2632 5478 Amos
2650 5426 2878 5495 (Amos.
2915 5428 3057 5500 νιιι).
3083 5428 3154 5484 Et
3194 5429 3535 5487 tuDomine.

1882 5513 2005 5571 scis
2038 5513 2151 5568 hoc
2166 5511 2400 5582 plenius
2414 5527 2590 5584 quam
2612 5528 2745 5586 ego.
2768 5514 3184 5574 Verumtamen
3204 5518 3311 5576 Dei
3328 5533 3538 5579 sumus

1881 5605 1942 5661 in
1970 5600 2244 5659 omnibus
2274 5615 2407 5678 quae
2438 5600 2712 5661 accidunt
2737 5603 2934 5667 nobis.
