3978 6178
428 275 548 340 355

1016 468 1269 525 CAPUT
1311 468 1514 523 XVIII.

439 578 729 645 Quomodo
751 583 982 649 gentes
993 591 1107 646 per
1126 574 1301 649 fidem
1340 574 1653 649 viviﬁcatae
1685 575 1905 649 habent
1928 590 2095 628 mun-

786 649 895 703 das
925 647 1345 701 observantias
1375 661 1540 700 novae
1570 646 1744 718 legis.

503 738 729 807 Timeo,
762 736 995 791 domine
1044 735 1143 802 mi,
1177 733 1331 805 quod
1378 737 1586 805 gentes
1625 734 1755 788 istas
1787 733 2097 788 viviﬁcatae

432 830 589 895 sunt,
624 825 748 897 jam
786 826 924 879 sunt
954 823 1109 877 mille
1141 824 1279 877 anni
1312 825 1623 893 postquam
1670 822 1779 877 fuit
1829 825 2097 876 mortuus

431 912 613 968 Jesus
637 914 695 966 in
729 912 1079 981 Jerusalem,
1122 911 1258 981 quia
1280 910 1422 964 nihil
1454 910 1594 964 boni
1627 910 1960 964 habuerunt
1990 923 2098 963 an-

437 1007 675 1073 tequam
698 1000 1077 1057 crediderunt
1102 1001 1161 1053 in
1177 1000 1381 1067 Deum,
1403 999 1528 1053 etin
1553 998 1851 1053 Christum
1884 1002 1941 1053 et
1962 1014 2099 1069 apo-

438 1091 631 1158 stolis,
665 1091 941 1161 quoniam
972 1089 1085 1158 ipsi
1144 1087 1296 1142 forte
1326 1090 1490 1142 erant
1546 1087 1628 1140 illi
1660 1087 1862 1157 pisces
1894 1090 1950 1141 et
1980 1086 2095 1140 illae

437 1179 670 1245 bestiae,
705 1179 776 1232 de
800 1177 1015 1247 quibus
1039 1176 1297 1247 loquitur
1329 1164 1608 1230 Habacuc
1636 1175 1942 1246 propheta,
1963 1190 2096 1245 quae

442 1284 558 1322 non
590 1262 1062 1335 habent,ducem,
1080 1268 1135 1319 et
1159 1265 1305 1334 ipsae
1328 1268 1538 1336 gentes
1569 1263 1892 1334 purificatae
1918 1280 2027 1333 per
2041 1263 2099 1318 li-

1624 268 2053 357 SAMUELIS
2101 267 2649 333 MAROCHIANI

3748 264 3872 330 356

2115 454 2166 516 A
2196 465 2585 534 sicutplantae
2599 465 2847 520 novellae
2878 465 3066 534 (Psal.
3101 468 3345 534 cxxvu).
3376 490 3396 513 ιι
3433 465 3871 533 Delsrael,do-

2200 544 2355 608 mine
2389 554 2487 623 mi,
2507 553 2649 608 dixit
2671 553 2831 608 Deus
2849 568 2956 623 per
2985 569 3054 607 os
3089 553 3289 608 Isaiae:
3311 576 3332 600 α
3351 554 3536 608 Vinea
3558 553 3662 607 Dei
3691 569 3872 607 exer-

2199 645 2416 697 cituum
2449 643 2556 697 fuit
2587 642 2800 696 domus
2849 642 3055 711 Israel,
3083 643 3409 713 exspectati
3452 643 3609 713 quod
3638 642 3873 696 veniret

2200 747 2331 785 cum
2352 748 2482 800 uva,
2510 736 2567 785 et
2595 733 2757 785 venit
2786 746 2919 785 cum
2952 730 3163 801 spinis,
3212 733 3452 801 propter
3480 730 3592 786 hoc
3631 746 3749 801 ego
3772 731 3875 783 ad-

2200 818 2410 873 ducam
2424 819 2522 890 qui
2539 819 2802 873 destruet
2814 819 2969 873 illam
2990 819 3047 872 in
3062 818 3739 887 conculcationem(lsai.
3756 818 3830 887 v).
3842 842 3860 863 ι

2203 908 2274 962 Et
2294 908 2366 961 de
2389 907 2506 961 illis
2528 907 2830 978 praedictis
2863 908 3001 961 filiis
3021 908 3127 961 Dei
3147 908 3250 978 qui
3282 910 3566 962 vocantur
3593 907 3863 976 apostoli‘

2205 997 2349 1051 dixit
2378 997 2538 1051 Deus
2569 1012 2675 1066 per
2695 1012 2764 1051 os
2797 995 2948 1050 Isaie
2981 1012 2992 1050 :
3032 1017 3054 1042 α
3088 997 3220 1050 Non
3251 997 3423 1051 modo
3445 995 3870 1051 erubescetJa-

2205 1086 2336 1151 cob,
2356 1101 2429 1139 ne
2462 1084 2721 1157 liquefiat
2749 1085 2934 1139 facies
2956 1085 3114 1156 ejus,
3146 1085 3253 1139 sed
3283 1088 3423 1139 tunc
3442 1084 3680 1155 quando
3700 1083 3875 1137 vide-

2203 1174 2287 1228 bit
2310 1173 2380 1227 de
2420 1174 2558 1227 ﬁliis
2596 1174 2725 1227 suis
2750 1173 2883 1228 illos
2929 1189 3082 1245 quos
3114 1178 3468 1228 creaverunt
3487 1188 3700 1227 manus
3724 1188 3875 1226 mea:

2204 1262 2606 1319 sanctificatos
2627 1264 2759 1316 ante
2782 1262 2989 1316 oculos
3004 1261 3326 1331 suos(1sai.
3361 1264 3519 1331 cxv).
3557 1282 3580 1312 ι
3615 1261 3689 1315 Et
3710 1261 3770 1315 si
3791 1275 3881 1315 es-

444 1354 577 1409 dem
610 1353 1064 1424 habentjejunia
1092 1368 1197 1407 sua
1230 1356 1287 1407 et
1328 1352 1743 1407 observantius
1782 1366 1924 1406 suas
1947 1353 2100 1423 legis
2204 1355 2358 1420 sent,
2394 1351 2627 1406 domine
2667 1350 2767 1421 mi,
2802 1349 2906 1404 ﬁlii
2944 1349 3043 1403 isti
3074 1350 3424 1404 sanctificati
3463 1365 3663 1404 coram
3699 1349 3878 1403 nobis

438 1459 632 1509 novae,
656 1446 714 1495 et
733 1442 953 1496 habent
982 1444 1191 1496 cuncta
1208 1441 1304 1495 illa
1345 1456 1479 1512 quae
1501 1442 1572 1495 ad
1589 1442 1929 1495 munditiam
1963 1456 2101 1509 per-
2203 1439 2531 1494 secundum
2549 1437 2868 1510 viamlegis
2885 1442 3126 1507 nostrae,
3142 1453 3259 1492 non
3275 1437 3571 1493 diceretur
3582 1439 3655 1493 de
3671 1438 3877 1505 nobis,

438 1531 623 1585 tinent
651 1531 711 1585 in
740 1530 874 1602 lege
905 1531 1144 1601 antiqua
1195 1532 1468 1585 contenta
1518 1530 1878 1584 Judaeorum.
1916 1529 2097 1583 Vides
2201 1527 2358 1601 quod
2393 1525 2743 1582 essemus‘ia
2779 1525 3540 1596 erubescentia.propterea
3566 1529 3623 1580 et
3655 1524 3883 1581 dissol-

434 1618 592 1690 quod
631 1619 691 1672 in
724 1618 882 1674 omni
911 1619 1135 1690 lingua,
1170 1621 1227 1673 et
1248 1620 1307 1672 in
1339 1619 1498 1673 omni
1530 1619 1660 1673 loco
1692 1619 1750 1671 in
1780 1617 2013 1672 Oriente
2045 1620 2102 1672 et
2199 1620 2483 1671 verentur
2512 1614 2694 1669 facies
2734 1614 2979 1683 nostrae,
3015 1611 3130 1668 imo
3148 1614 3504 1669 haberemus
3536 1614 3803 1686 gloriam
3827 1617 3885 1667 et

432 1707 771 1777 Occidente,
805 1706 1043 1774 Gentes,
1066 1709 1218 1761 'sunt
1247 1706 1596 1761 conﬁtentes
1627 1705 1687 1760 in
1719 1707 1952 1761 nomine
1985 1706 2098 1761 Do-
2202 1704 2653 1775 reaplenderent
2677 1701 2859 1759 facies
2883 1706 3125 1771 nostrae,
3160 1700 3264 1756 sed
3287 1701 3558 1758 confusio
3581 1703 3881 1758 facierum

433 1797 598 1866 mini,
648 1797 702 1850 ei
734 1811 850 1850 non
883 1795 1129 1849 credunt
1164 1788 1221 1848 in
1253 1808 1386 1849 eum
1420 1810 1526 1866 per
1581 1794 1808 1862 Mosen,
1849 1810 1958 1849 nec
1990 1810 2096 1865 per
2134 1792 2387 1885 BJacoh
2412 1795 2466 1845 et
2497 1789 2784 1843 desolatio
2808 1793 2899 1843 est
2928 1789 3061 1858 ista,
3088 1790 3244 1860 quod
3274 1788 3369 1843 isti
3386 1780 3497 1843 {ﬁlii
3529 1798 3684 1860 quos
3704 1791 3875 1845 Deus

338 1936 339 1939 η
434 1885 689 1955 aliquem
704 1883 1142 1955 prophetarum,
1163 1885 1435 1955 quamvis
1460 1886 1597 1938 sunt
1618 1883 1870 1938 studiosi
1890 1884 1947 1938 in
1965 1884 2100 1955 lege
2134 1877 2181 1885 ’⁷
2203 1880 2427 1934 creavit
2457 1894 2631 1932 manu
2663 1893 2790 1943 sua,
2815 1877 3044 1931 scilicet
3062 1877 3332 1947 apostoli,
3358 1883 3495 1932 sunt
3516 1879 3882 1933 sanctiﬁcati

2204 1985 2407 2024 coram
2438 1967 2631 2036 nobis,
2655 1969 2711 2021 et
2739 1981 2856 2020 non
2874 1965 3204 2020 secundum
3222 1964 3414 2037 legem
3434 1969 3724 2022 nostram.
3745 1968 3890 2023 Pro-

2202 2062 2403 2128 pterea
2425 2055 2587 2109 Deus
2610 2053 2706 2107 dat
2735 2054 3067 2125 intelligere
3088 2054 3243 2124 quod
3261 2053 3358 2108 lex
3388 2055 3589 2108 nostra
3622 2070 3748 2110 non
3794 2059 3889 2110 est

434 1977 491 2028 et
522 1973 579 2026 in
612 1972 787 2027 libris
811 1973 1071 2026 omnium
1088 1971 1526 2042 prophetarum,
1550 1970 1656 2026 sed
1686 1971 1847 2026 Deus
1870 1973 2103 2027 vocavit

434 2074 541 2116 eos
571 2077 677 2131 per
698 2059 1025 2130 discipulos
1050 2058 1221 2131 justi,
1251 2060 1350 2131 qui
1383 2074 1672 2133 egressus
1703 2064 1794 2114 est
1825 2076 1957 2115 cum
1982 2061 2102 2114 Deo

434 2150 505 2204 ad
525 2152 774 2204 salutem
794 2164 1018 2219 eorum,
1034 2150 1189 2202 sicut
1208 2149 1339 2218 ipse
1357 2149 1517 2203 Deus
1528 2148 1881 2203 benedictus
1905 2153 1961 2203 et
1974 2151 2101 2221 glo-

426 2240 639 2293 riosus
688 2239 962 2309 praedixit
1002 2252 1108 2308 per
1138 2251 1207 2292 os
1242 2236 1519 2291 Habacuc
1546 2237 1871 2307 prophetae.
1897 2236 1971 2291 Et
2004 2239 2101 2292 isti

436 2327 715 2398 discipuli
741 2327 877 2399 ejus
909 2326 1144 2381 fuerunt
1167 2325 1488 2391 tiliinostri,
1514 2325 1586 2377 de
1608 2325 1746 2378 ﬁliis
1771 2313 2104 2396 lsraél,lqui

441 2417 555 2471 alio
586 2416 823 2470 nomine
856 2418 1143 2469 vocantur
1179 2414 1451 2484 apostoli.
1486 2412 1667 2467 Valde
1697 2415 1852 2468 enim
1900 2415 2098 2483 timeo,

426 2500 678 2559 Idomin'e
700 2504 798 2571 mi,
834 2504 987 2574 quod
1022 2504 1117 2557 isti
1142 2507 1281 2557 sunt
1310 2502 1391 2556 illi
1422 2502 1493 2556 de
1523 2503 1740 2573 quibus
1773 2504 1916 2557 dixit
1938 2503 2101 2558 Deus

443 2606 554 2661 per
584 2607 652 2645 os
685 2591 867 2645 David
905 2592 963 2644 in
992 2590 1263 2661 psalmo:
1304 2614 1326 2637 ‹‹
1363 2591 1426 2644 In
1458 2607 1688 2645 omnem
1720 2595 1939 2646 terram
1970 2593 2100 2645 exi-

439 2680 524 2732 vit
574 2694 761 2733 sonus
803 2694 1028 2747 eorum,
1064 2684 1119 2732 et
1150 2679 1208 2732 in
1240 2680 1522 2733 extremis
1574 2679 1793 2733 finibus
1853 2683 2100 2734 extensa

435 2767 618 2826 Verba
650 2780 855 2822 eorum
914 2766 1101 2835 (Psal.
1134 2770 1320 2835 xvm).
1361 2790 1382 2814 ι»
1430 2767 1499 2819 Et
1539 2767 1718 2820 verba
1789 2768 2101 2837 Prophetas

428 2844 725 2926 expresse
759 2855 1168 2909 demonstrant
1200 2854 1374 2908 nobis
1393 2855 1549 2925 quod
1581 2855 1653 2908 de
1684 2855 1817 2909 istis
1842 2855 2104 2926 loquitur

434 2949 491 3000 et
511 2960 628 2999 non
659 2944 730 2999 de
761 2944 957 3012 nobis,
996 2959 1130 2997 cum
1150 2942 1323 2997 dicit:
1359 2943 1491 2996 Non
1513 2943 1628 2997 erit
1651 2942 1874 3014 lingua,
1911 2960 2101 3014 neque

434 3049 651 3102 sermo,
685 3033 785 3104 qui
826 3048 937 3087 noa
969 3032 1206 3086 audiant
1252 3047 1433 3085 voces
1467 3047 1672 3086 eorum
1697 3036 1783 3086 :et
1830 3033 1941 3087 hoc
1984 3050 2102 3087 non

434 3126 629 3193 potest
658 3137 796 3176 esse
828 3121 901 3175 de
942 3122 1146 3192 lingua
1178 3124 1379 3175 nostra
1412 3121 1659 3175 Hebraea
1698 3137 1711 3176 :
1763 3136 1895 3192 quae
1946 3124 2101 3177 enim

321 3254 339 3265 κ
436 3216 646 3285 gentes
671 3211 952 3266 obediunt
996 3211 1310 3281 praeceptis
1334 3209 1558 3264 Mosiet
1582 3209 2101 3274 Aaron?Quinimo

434 3300 548 3371 ipsi
569 3298 990 3357 interfecerunt
1020 3303 1231 3371 gentes
1250 3302 1308 3353 et
1338 3299 1958 3370 fugaverunteasase.
1996 3300 2100 3356 Hae

424 3393 627 3463 autem
658 3393 867 3460 gentes
901 3387 1099 3442 sciunt
1130 3386 1304 3442 hodie
1343 3388 1543 3441 Mosen
1579 3391 1635 3440 et
1664 3389 2006 3457 prophetas,
2045 3395 2102 3446 et

436 3480 769 3550 agnoscunt
818 3476 1005 3529 Deum
1048 3480 1105 3529 et
1139 3479 1379 3529 servant
1422 3475 1617 3547 legem
1666 3491 1898 3547 novam,
1948 3480 2103 3533 sicut

435 3562 685 3635 apostoli
713 3564 1042 3618 docuerunt
1059 3578 1185 3618 eos.
1220 3563 1491 3617 Attamen
1510 3563 1615 3618 Dei
1649 3580 1880 3621 sumus.

1039 3687 1293 3742 CAPUT
1334 3687 1496 3743 XIX.

416 3824 421 3831 '
532 3812 620 3867 De
651 3811 941 3867 electione
973 3810 1364 3882 apostolorum
1393 3810 1519 3866 loco
1545 3813 1997 3884 praplietarum.

510 3900 733 3970 Timeo,
751 3900 984 3955 domine
1011 3900 1106 3969 mi,
1129 3899 1281 3970 quod
1300 3898 1442 3954 illud
1465 3900 1621 3970 quod
1644 3902 1956 3958 Zacharias
1977 3922 2105 3974 pro-

437 3988 610 4061 pheta
640 3990 786 4044 dixit
817 4005 830 4044 :
874 4011 896 4040 ιι
924 3989 1253 4043 Percutiam
1314 3993 1618 4058 pastorem
1648 3994 1704 4044 et
1761 3992 2104 4066 dispergen-

414 4078 532 4134 Itur
544 4094 688 4133 oves
703 4076 1125 4150 gregis(Zar/1.
1142 4080 1288 4146 xm),
1304 4102 1323 4124 ι»
1342 4077 1449 4131 fuit
1487 4079 2101 4151 completum,quando

440 4184 552 4223 nos
573 4168 982 4238 percussimus
998 4169 1292 4235 pastorem
1308 4169 1885 4237 istorumjpuerorum
1909 4173 2109 4226 etsan-

442 4262 671 4312 ctorum
730 4257 1152 4326 apostolorum.
1189 4254 1277 4308 Ex
1321 4260 1459 4309 tunc
1514 4272 1626 4311 nos
1672 4273 1816 4311 oves
1847 4258 2107 4329 dispersi

443 4358 654 4401 Sumus
690 4359 795 4414 per
825 4345 1169 4398 universum
1210 4343 1433 4407 orbem,
1469 4345 1764 4399 etistililii
1785 4349 1974 4401 nostri
1997 4351 2109 4403 sci-

437 4434 579 4489 licet
609 4433 882 4502 apostoli;
918 4435 1313 4488 surrexcrunt
1341 4433 1471 4487 loco
1494 4433 2106 4508 prophetarum;quod

2202 2145 2301 2198 lex
2320 2144 2604 2214 ipsorum.
2642 2141 2798 2195 Dixit
2813 2141 2982 2195 etiam
3000 2140 3158 2195 Deus
3174 2156 3359 2210 peros
3380 2140 3714 2197 Ezechielis
3736 2159 3751 2197 :
3776 2167 3801 2191 α
3826 2144 3891 2199 ln

2203 2232 2297 2287 illa
2312 2233 2407 2286 die
2421 2247 2537 2285 non
2550 2230 2742 2283 dicent
2768 2233 2789 2283 ε’
2808 2230 3014 2283 Patres
3034 2229 3222 2283 nostri
3239 2230 3683 2285 commederunt
3697 2248 3888 2287 uvam

2203 2320 2499 2387 acerbam,
2526 2322 2582 2372 et
2611 2318 2817 2372 dentes
2849 2313 3103 2371 filiorum
3153 2318 3581 2388 obstupescunt
3614 2320 3881 2387 (Ezecll.

2206 2409 2393 2477 xvm),
2433 2431 2454 2454 η
2490 2407 2643 2460 sicut
2662 2405 2978 2459 inﬁdelitas
3010 2405 3354 2459 Judaeorum
3369 2414 3484 2460 non
3508 2408 3673 2462 novit
3695 2408 3886 2463 fidem

2208 2494 2633 2567 apostolorum,
2656 2509 2770 2549 non
2804 2492 3058 2560 nocebit,
3084 2494 3396 2562 etpropter
3423 2493 3533 2547 hoc
3556 2494 3853 2549 subditur
3877 2513 3889 2550 :

2214 2608 2235 2632 (ι
2269 2585 2416 2637 Vivo
2459 2598 2593 2653 ego,
2643 2580 3889 2651 dicitDominus,sieritultraproverbium

2210 2673 2367 2726 istud
2382 2672 2436 2724 in
2451 2669 2633 2724 Israel
2653 2668 2871 2739 (ibid).
2895 2691 2915 2716 η
2933 2668 3069 2738 quia
3083 2683 3381 2738 nunquam
3394 2668 3607 2740 aliquis
3628 2672 3703 2725 de
3739 2689 3891 2742 apo-

2209 2760 2382 2815 stolis
2411 2762 2721 2830 postquam
2764 2759 3113 2825 receperunt
3152 2756 3327 2811 fidem
3372 2758 3545 2812 rediit
3594 2759 3666 2812 ad
3698 2759 3893 2815 fidem

2207 2852 2493 2917 nostram,
2527 2862 2708 2916 quare
2738 2861 2856 2899 non
2888 2845 3149 2898 sentiunt
3197 2845 3576 2900 acerbitatem
3606 2845 3893 2904 infideli-

2211 2937 2347 2991 tatis
2377 2939 2620 3005 nostrae,
2657 2935 2811 2989 sicut
2844 2934 3051 2988 dentes
3088 2934 3278 2988 nostri
3309 2934 3751 3006 obstupescunt
3818 2938 3894 2993 de

2207 3026 2451 3093 peccato
2484 3025 2714 3091 patrum
2738 3023 3095 3074 nostrorum.

2282 3111 2489 3165 Adhuc
2520 3109 2744 3163 deistis
2764 3108 2921 3177 filiis,
2956 3107 3191 3162 domine
3206 3107 3416 3179 mi,qui
3441 3112 3893 3181 suntapostoli,

2209 3199 2354 3252 dixit
2371 3199 2531 3252 Deus
2543 3212 2650 3268 per
2664 3211 2732 3251 os
2746 3195 2916 3249 Isaias
2931 3195 3252 3266 prophetae:
3266 3198 3346 3249 «Α
3364 3213 3479 3267 quo
3492 3200 3903 3272 transmigra-

2209 3288 2306 3357 bo,
2341 3287 2457 3341 nisi
2489 3301 2520 3340 a
2561 3284 2776 3356 p0pulo
2808 3284 2981 3338 meo?
3010 3283 3140 3337 Filii
3171 3289 3364 3339 autem
3394 3286 3494 3356 qui
3532 3291 3710 3341 erunt
3745 3289 3899 3344 inti-

2211 3378 2396 3441 deles,
2422 3375 2582 3429 Deus
2614 3374 2724 3428 erit
2753 3373 3016 3427 salvator
3044 3387 3249 3427 eorum
3279 3371 3337 3426 in
3351 3373 3626 3429 omnibus
3643 3390 3901 3448 augus-

2208 3464 2307 3519 tiis
2330 3466 2629 3532 eorum,et
2651 3461 2849 3516 vultus
2882 3462 3014 3532 ejus
3048 3461 3339 3516 custodiet
3369 3475 3473 3517 eos
3495 3463 3553 3517 in
3586 3462 3903 3521 charitate

2211 3552 2367 3624 ejus,
2403 3556 2459 3606 et
2485 3552 2544 3605 in
2575 3550 2885 3606 clementia
2915 3550 3162 3604 redemit
3190 3565 3316 3620 eos,
3353 3555 3409 3606 et
3439 3551 3736 3621 prapitius
3775 3556 3904 3609 erit

2214 3643 2301 3697 eis
2334 3641 2392 3694 in
2420 3639 2794 3711 longitudine
2843 3639 3093 3693 dierum.
3131 3660 3152 3685 ιι
3190 3638 3580 3694 Verissimum
3614 3645 3734 3713 est,
3777 3644 3901 3698 do-

2213 3731 2368 3784 mine
2390 3730 2487 3797 mi,
2523 3729 2677 3799 quod
2711 3727 2807 3782 isti
2830 3728 2932 3782 tilii
2959 3727 3029 3781 de
3051 3727 3268 3798 quibus
3288 3728 3601 3799 loquimur,
3638 3745 3907 3801 semper

2214 3821 2558 3872 manserunt
2580 3816 2751 3886 ﬁrmi,
2775 3832 2885 3870 nec
2918 3816 3075 3871 Deus
3094 3817 3536 3888 transmigravit
3564 3817 3638 3871 ab
3664 3819 3765 3873 eis
3819 3822 3902 3875 ab

2215 3908 2593 3975 illotempore
2626 3920 2742 3975 quo
2778 3904 3026 3959 redemit
3054 3905 3183 3958 Rex
3213 3905 3549 3977 illejustus,
3583 3910 3907 3979 magister

2214 4010 2441 4063 eorum,
2500 3992 2607 4047 sed
2665 3993 3109 4063 transmigravit
3140 4008 3172 4046 a
3214 3994 3386 4048 nobis
3415 3999 3470 4048 et
3502 3995 3609 4048 fuit
3636 4011 3911 4068 semper

2217 4099 2349 4138 cum
2383 4084 2492 4151 eis,
2528 4086 2583 4135 ct
2612 4081 2684 4135 de
2714 4081 2831 4135 illis
2863 4083 3037 4135 etiam
3084 4081 3222 4136 filiis
3281 4084 3379 4152 qui
3412 4086 3549 4137 sunt
3594 4088 3905 4157 apostoli,

2215 4172 2358 4226 dixit
2388 4171 2629 4240 sapiens
2660 4170 2841 4224 Jesus
2861 4170 3018 4224 titius
3037 4169 3317 4225 Sirachin
3348 4172 3498 4226 libro
3530 4188 3676 4228 suo:
3705 4196 3731 4222 ι
3767 4178 3908 4232 Au-

2215 4261 2351 4330 dite,
2398 4260 2872 4328 ﬁliicharissimi,
2906 4263 2963 4313 et
2993 4261 3313 4330 operamini
3350 4263 3409 4315 in
3438 4261 3706 4333 salutem,
3753 4267 3920 4335 quia

2214 4349 2463 4404 honorat
2487 4349 2644 4403 Deus
2662 4351 2882 4417 patrem
2906 4348 2964 4401 in
2979 4349 3114 4402 filiis
3146 4348 3333 4419 (Eccl.
3357 4353 3495 4420 1a).»
3526 4350 3594 4405 Et
3618 4353 3914 4423 qualiter

2214 4438 2688 4509 intelligidebeat
2709 4437 2897 4491 honor
2918 4436 3034 4506 ille,
3060 4437 3317 4492 declarat
3338 4439 3496 4493 Deus
3514 4455 3621 4509 per
3651 4455 3725 4494 os
3765 4442 3917 4497 Ma-

442 4524 688 4592 apparet
719 4535 790 4574 ex
814 4520 1095 4591 hocquod
1131 4521 1289 4575 Deus
1312 4524 1446 4590 post
1464 4521 1596 4575 illos
1619 4539 1735 4577 non
1758 4525 2105 4580 misitnobis
2145 4520 2423 4585 Dlachiae
2451 4542 2462 4581 :
2502 4546 2523 4573 «
2549 4526 2733 4579 Mittet
2763 4525 2924 4580 Deus
2985 4525 3171 4580 Etiam
3219 4528 3319 4598 qui
3347 4532 3652 4583 convertat
3693 4534 3914 4587 corda

440 4610 810 4681 prophetam,
856 4623 964 4663 nec
1008 4608 1330 4663 notiticavit
1373 4610 1594 4680 aliquid
1650 4627 1756 4680 per
1793 4612 2105 4668 visionem.

444 4697 668 4766 Timeo,
705 4698 940 4752 domine
967 4697 1063 4767 mi,
1089 4697 1242 4767 quod
1262 4697 1360 4751 isti
1388 4699 1555 4767 pueri
1585 4700 1703 4753 sint
1732 4703 2001 4771 apostoli,
2037 4704 2109 4759 de

449 4788 667 4859 quibus
684 4786 828 4840 dixit
851 4786 1009 4841 Deus
1050 4800 1159 4856 per
1181 4801 1251 4839 os
1281 4785 1465 4840 Joelis
1497 4787 1799 4858 prephetae
1825 4806 1837 4844 :
1868 4811 1891 4840 α
1918 4792 2105 4848 Senes

440 4876 625 4930 vestri
654 4874 884 4930 somnia
917 4874 1313 4944 somniabunt,
1349 4877 1406 4929 et
1427 4875 1597 4944 pueri
1627 4879 1812 4932 vestri
1842 4880 2107 4938 visiones

443 4965 729 5020 videbunt
768 4963 940 5035 (Joel.
976 4962 1060 5033 ιι).
1109 4962 1475 5034 Certissime,
1525 4964 1757 5020 domine
1789 4969 1887 5039 mi,
1930 4986 2108 5026 senes

447 5056 585 5106 sunt
613 5051 917 5123 prophetae
939 5051 1147 5122 nostri,
1183 5053 1279 5123 qui
1302 5053 1744 5109 somniaverunt
1772 5056 1948 5111 ﬁdem
1964 5075 2107 5131 gen-

426 5141 611 5209 tium,
644 5155 818 5210 quam
847 5140 1150 5195 consecuti
1187 5145 1325 5195 sunt
1362 5142 1441 5195 illi
1476 5143 1661 5212 pueri,
1704 5146 1931 5200 scilicet
1961 5163 2107 5218 apo-

448 5226 606 5295 stoli,
642 5231 697 5281 et
717 5228 1006 5283 viderunt.
1035 5228 1104 5282 Et
1125 5229 1196 5284 de
1227 5230 1358 5283 istis
1381 5232 1583 5300 pueris
1606 5232 1749 5286 dixit
1770 5233 1952 5289 David
1985 5254 2111 5307 pro-

447 5314 623 5386 pheta
658 5329 671 5368 :
709 5338 731 5361 «
766 5315 993 5382 Venite,
1049 5314 1173 5383 filii,
1209 5318 1404 5372 audite
1436 5336 1546 5388 me,
1578 5319 1849 5377 timorem
1881 5324 2111 5381 Domini

449 5402 675 5459 docebo
707 5418 815 5458 vos
863 5403 1050 5471 (Psal.
1082 5409 1306 5475 xxxiii).
1354 5432 1375 5456 η
1412 5407 1571 5462 Deus
1601 5424 1716 5463 non
1748 5412 2006 5467 nominat
2037 5415 2109 5468 fi-

442 5490 637 5547 liosin
659 5491 892 5562 plurali,
920 5491 1061 5546 seds
1079 5493 1236 5547 olum
1256 5495 1515 5549 nominat
1536 5512 1639 5551 eos
1675 5496 1855 5553 Israel
1887 5500 2110 5570 primo-

404 5582 415 5586 “
447 5570 717 5654 genitum
748 5579 809 5635 in
826 5594 938 5634 usu
962 5579 1237 5650 loquendi
1257 5583 1570 5640 communi.
1592 5584 1664 5640 Et
1679 5586 1737 5641 in
1758 5586 1872 5643 alio
1882 5590 2110 5659 psalmo

451 5669 718 5733 nominat
760 5670 912 5728 istos
942 5682 1164 5744 pueros
1196 5671 1351 5730 ﬂlios
1391 5689 1524 5732 cum
1580 5673 1720 5734 dicit
1753 5692 1765 5736 :
1805 5676 1985 5736 «Filii
2029 5682 2112 5739 tui

2211 4621 2441 4686 patrum
2472 4617 2809 4669 nostrorum
2842 4614 2915 4668 ad
2960 4614 3115 4669 ﬁlios
3146 4614 3311 4686 (Mal.
3340 4618 3441 4685 ιν).
3478 4640 3499 4664 ιο
3534 4617 3581 4672 Ο
3611 4618 3913 4692 domine,

2217 4706 2267 4758 si
2300 4706 2460 4761 Deus
2479 4703 3144 4782 debuissetconvertere
3169 4705 3346 4760 corda
3370 4706 3619 4760 filiarum
3643 4709 3921 4766 scilicet

2214 4794 2616 4865 apostolorum
2641 4792 2710 4846 ad
2742 4796 2964 4862 patres,
2999 4808 3130 4847 cum
3154 4792 3619 4866 debeatintelligi
3638 4796 3711 4850 de
3738 4798 3911 4871 ﬁde,

2215 4886 2353 4936 tunc
2374 4882 2471 4936 isti
2502 4881 2605 4935 lilii
2634 4881 2863 4936 scilicet
2894 4881 3145 4951 apostoli
3189 4881 3445 4937 fuissent
3473 4884 3804 4942 nobiscum
3839 4890 3923 4947 in

2218 4973 2553 5043 captivitate
2593 4971 2704 5024 ista
2735 4986 2867 5040 quae
2914 4986 3032 5024 non
3062 4969 3238 5025 habet
3267 4970 3463 5042 tinem,
3498 4972 3655 5028 sicut
3683 4979 3748 5031 et
3784 4994 3925 5050 pa-

2214 5065 2340 5116 tres
2369 5061 2559 5115 nostri
2591 5062 2768 5113 etnos
2801 5074 3030 5114 sumus.
3050 5060 3165 5114 Sed
3188 5070 3259 5113 ex
3271 5074 3386 5132 quo
3400 5062 3559 5117 Deus
3582 5064 3931 5127 ordinavit

2216 5150 2373 5222 quod
2397 5149 2646 5205 debeant
2668 5148 2845 5202 corda
2876 5152 3105 5218 patrum
3134 5148 3205 5203 ad
3238 5151 3391 5205 filios
3415 5153 3700 5222 converti,
3740 5157 3925 5228 quid

2215 5239 2474 5310 estquod
2506 5240 2942 5307 exspectamus,
2975 5237 3208 5293 domine
3240 5239 3339 5307 mi,
3373 5245 3427 5295 et
3461 5241 3599 5312 quid
3627 5250 3931 5312 praesto-

2215 5328 2445 5382 lamur?
2466 5325 2600 5380 'Etsi
2636 5326 3000 5381 uoluerimus
3024 5327 3219 5381 dicere
3240 5329 3394 5399 quod
3417 5329 3511 5382 alii
3532 5328 3635 5384 filii
3660 5330 3933 5394 debent

2216 5431 2355 5472 esse
2377 5418 2597 5486 praeter
2626 5416 2966 5484 Apostolos,
2993 5417 3064 5471 de
3078 5418 3294 5488 quibus
3312 5416 3714 5490 intelligantur
3737 5437 3936 5493 pra-

2216 5506 2388 5574 dicta,
2421 5504 2505 5558 illi
2535 5508 2706 5559 erunt
2738 5504 2795 5557 in
2846 5505 3181 5574 captivitate
3211 5507 3365 5561 sicut
3394 5508 3451 5561 et
3479 5523 3610 5577 nos,
3654 5523 3732 5565 ex
3769 5527 3929 5583 quo

2214 5595 2371 5650 viam
2394 5593 2555 5649 illius
2582 5592 2732 5666 justi
2755 5608 2869 5649 non
2902 5596 3039 5648 sunt
3069 5595 3470 5667 secuti,quem
3491 5598 3748 5667 apostoli
3786 5594 3937 5660 llr.

2216 5682 2388 5742 miter
2417 5684 2608 5742 secuti
2638 5685 2797 5760 sunt,
2820 5685 2878 5741 et
2906 5683 3233 5743 docuerunt
3253 5682 3616 5763 sequendam
3644 5691 3704 5745 et
3739 5702 3932 5769 pro-
