3978 6178
148 226 249 287 357

946 225 1202 287 LIBER
1231 226 1341 286 DE
1375 225 1711 288 MESSIzE
1737 226 2144 291 ADVENTU
2178 228 2708 293 PRETERITO.

3433 236 3554 298 358

148 419 377 493 pterhoc
397 420 611 475 habent
629 421 908 477 honorem
930 426 1157 493 patrum
1180 425 1241 478 in
1262 424 1375 479 hoc
1395 426 1551 495 quod
1575 428 1772 495 patres
1801 407 1859 467 Α
1892 425 2126 481 tualem.
2156 426 2295 481 Etsi
2321 427 2481 481 Deus
2512 428 2765 485 dixisset
2792 434 2995 486 nostro
3020 432 3192 503 Mosi,
3218 434 3372 488 sicut
3400 436 3546 490 dixit

152 510 398 563 dicuntur
425 508 497 562 ad
529 509 661 564 illos
690 512 982 565 converti.
1021 511 1167 566 Cum
1202 528 1370 583 ergo,
1405 513 1640 567 domine
1674 514 1772 581 mi,

154 597 230 651 ﬁlii
259 597 441 650 nostri
474 601 756 652 venerunt
778 603 1087 669 antequam
1131 616 1242 655 nos
1265 601 1333 653 ad
1369 601 1541 654 ﬁdem
1566 601 1690 669 Dei,
1723 602 1772 653 si

154 684 298 739 corda
342 687 545 738 nostra
578 689 993 740 convertantur
1033 688 1102 740 ad
1149 689 1325 753 ﬁlios,
1361 688 1539 741 corda
1570 704 1772 742 eorum

147 776 535 828 convertentur
555 773 624 826 ad
640 789 772 827 nos.
799 774 868 827 Et
888 775 1044 829 sicut
1062 776 1203 829 dicit
1222 777 1384 830 Deus
1407 777 1767 830 altissimus:

148 885 165 908 ι
190 860 352 915 Erunt
368 860 625 929 populus
642 877 818 932 unus,
837 864 1070 918 animus
1090 880 1243 919 unus
1282 865 1339 917 in
1364 865 1482 918 Deo
1503 864 1770 935 glorioso

144 954 189 1003 et
213 949 516 1003 victorioso
538 949 744 1020 (Soph.
763 954 868 1020 in),
904 976 927 998 η
955 953 1089 1022 quia
1121 968 1239 1008 non
1268 952 1771 1007 debemusintelli-

141 1052 257 1108 gere
286 1036 435 1090 illam
465 1038 946 1109 conversionem,
977 1040 1096 1095 nisi
1127 1040 1198 1094 de
1232 1041 1571 1095 inﬁdelitate
1603 1041 1673 1094 ad
1706 1043 1766 1093 ﬁ-

139 1126 246 1179 dem
274 1130 324 1178 et
350 1125 684 1179 doctrinam
710 1127 871 1181 illius
902 1128 933 1182 ,Ι
942 1128 1076 1197 usti,
1110 1129 1210 1199 qui
1232 1132 1327 1182 est
1347 1129 1635 1201 Magister
1664 1145 1766 1182 sa-

135 1214 246 1267 lutis
269 1228 465 1268 eorum
504 1216 611 1283 qui
639 1215 888 1269 credunt
919 1216 977 1269 in
1025 1231 1094 1270 eo
1114 1258 1128 1285 ,
1165 1220 1221 1270 et
1251 1218 1579 1271 secundum
1611 1218 1769 1288 quod

135 1301 251 1355 dixit
275 1301 454 1355 David
484 1302 563 1365 de
591 1318 684 1356 eo.
718 1303 853 1372 Ipse
883 1308 974 1358 est
997 1304 1175 1375 cujus
1207 1306 1603 1361 sacerdotium
1635 1307 1763 1373 erit,

134 1390 421 1444 secundum
437 1390 712 1445 ordinem
731 1392 1167 1447 Melchisedech
1190 1394 1249 1447 in
1267 1399 1554 1448 aeternum
1575 1395 1763 1463 (Psal.

133 1480 244 1546 cu),
257 1480 348 1548 qui
366 1479 580 1533 obtulit
601 1479 960 1535 sacrificium
981 1482 1151 1550 panis
1174 1485 1230 1535 et
1260 1483 1380 1536 vini
1404 1482 1579 1550 (Gen.
1620 1485 1762 1552 xiv),

132 1570 174 1619 et
200 1564 632 1621 Melchisedech
655 1568 943 1624 sacerdos
972 1569 1078 1624 Dei
1095 1571 1371 1625 altissimi
1389 1575 1521 1625 ante
1545 1572 1764 1625 Aaron.

132 1652 187 1707 Et
209 1654 444 1723 attende,
481 1654 725 1710 domine
758 1656 856 1725 mi,
909 1660 1125 1727 quanta
1156 1659 1234 1712 sit
1264 1658 1593 1713 diﬁ‘erentia
1616 1661 1767 1714 inter

130 1741 449 1797 sacriﬁcium
498 1745 708 1798 Aaron
753 1749 808 1799 et
846 1745 1002 1800 Justi
1052 1747 1227 1801 istius
1260 1747 1512 1801 Domini.
1551 1769 1573 1797 α
1611 1748 1763 1802 Dixit
1792 1749 1847 1812 Β

129 1830 375 1885 Dominus
392 1831 651 1886 Domino
684 1848 846 1887 meo:
873 1834 957 1887 Tu
989 1850 1056 1890 es
1088 1836 1374 1890 sacerdos
1398 1837 1458 1889 in
1479 1840 1764 1892 aeternum

128 1917 282 1984 (P881.
300 1921 436 1989 six),
477 1943 502 1968 ο
538 1936 662 1975 non
691 1921 763 1975 ad
788 1925 1017 1992 tempus
1059 1924 1213 1978 sicut
1234 1924 1457 1992 Aaron,
1480 1924 1582 1995 qui
1613 1940 1766 1978 mor-

128 2010 239 2061 tuus
264 2006 367 2063 fuit
395 2009 617 2079 viginti
632 2013 865 2063 centum
885 2026 1195 2066 annorum.
1219 2012 1379 2076 ltcm,
1405 2013 1767 2066 sacriﬁcium

128 2094 291 2149 Aaron
338 2096 586 2152 fuerunt
637 2113 870 2168 carnes,
923 2104 980 2153 et
1015 2102 1377 2155 sacriﬁcium
1421 2102 1580 2156 illius
1612 2101 1768 2155 Justi

130 2182 323 2237 Domini
377 2184 492 2239 fuit
539 2188 717 2256 panis
764 2189 821 2241 et
860 2188 1063 2242 vinum
1119 2190 1447 2243 secundum
1495 2190 1767 2243 ordinem

131 2271 558 2328 Melchisedech.

184 2358 239 2415 In
253 2362 469 2431 quibus
487 2363 700 2418 verbis
724 2363 1009 2419 Dominus
1022 2381 1129 2434 per
1140 2366 1492 2435 Prophetam
1512 2367 1769 2421 ostendit

125 2450 402 2505 manifeste
447 2452 733 2521 quoniam
785 2454 1148 2508 sacriﬁcium
1203 2456 1399 2509 Aaron
1459 2456 1765 2522 ﬁniretur,

125 2538 324 2606 quando
370 2541 673 2609 inciperet
722 2542 862 2595 illud
912 2543 1276 2597 sacriﬁcium
1327 2544 1381 2596 in
1440 2548 1763 2612 aeternum;

125 2626 253 2694 quod
280 2626 552 2683 ﬁniretur
583 2629 821 2699 quando
844 2630 1129 2700 inciperet
1150 2633 1505 2686 sacriﬁcium
1526 2633 1583 2686 in
1617 2648 1767 2702 pane

124 2716 170 2765 et
202 2714 325 2770 vino
357 2718 726 2771 mternaliter
755 2719 1118 2789 duraturum,
1151 2737 1284 2774 cum
1315 2723 1508 2775 Aaron
1541 2738 1658 2775 non
1690 2723 1770 2776 sit

124 2802 231 2856 data
245 2805 541 2860 aeternitas
554 2806 989 2877 insacerdotio,
1004 2809 1181 2863 sicuti
1193 2810 1491 2864 sacerdoti
1505 2810 1764 2865 Christo.

126 2890 191 2944 De
205 2891 313 2948 illis
332 2893 474 2949 ﬁliis
492 2894 825 2949 dieitctiam
844 2896 1007 2949 Deus
1020 2912 1125 2966 per
1138 2913 1208 2952 os
1221 2899 1528 2967 prophetae
1554 2900 1766 2967 Mosis,

124 2978 469 3053 (Deut.xxx1)
496 3000 508 3038 :
537 3005 561 3029 α
598 2983 957 3055 Sanguinem
973 2984 1227 3040 ﬁliorum
1252 2988 1574 3041 ulciscetur
1608 2991 1665 3042 et
1686 2988 1768 3041 la-

121 3069 253 3122 vabit
274 3076 493 3126 terram
519 3072 722 3141 p0puli
745 3074 858 3126 sui.
882 3096 903 3120 -
934 3072 1149 3143 Etnos,
1170 3074 1424 3143 domine,
1441 3077 1767 3131 occidimus

124 3157 444 3229 prophetas,
478 3164 540 3215 et
568 3176 689 3214 non
724 3161 859 3216 fecit
901 3163 1218 3219 vindictam
1249 3164 1321 3219 de
1372 3165 1480 3233 eis,
1517 3165 1635 3218 nisi
1664 3182 1770 3234 per

126 3249 469 3319 septuaginta
491 3265 724 3320 annos;
747 3252 852 3306 sed
876 3252 1203 3307 occidimus
1226 3253 1546 3322 Apostolos
1560 3259 1615 3307 et
1632 3254 1769 3308 Jus-

123 3339 221 3387 tum
248 3335 606 3408 Magistrum
635 3354 858 3407 eorum,
895 3343 954 3394 et
982 3339 1121 3395 fecit
1152 3341 1314 3396 Deus
1342 3341 1663 3396 vindictam
1693 3343 1765 3398 de

123 3421 255 3477 ﬁliis.
280 3425 407 3479 Jam
431 3431 580 3481 sunt
601 3427 759 3482 mille
788 3429 947 3496 anni,
984 3433 1040 3484 et
1066 3430 1237 3484 ultra.
1276 3429 1347 3484 Et
1386 3446 1492 3500 per
1519 3437 1765 3487 mortem

122 3512 358 3580 ipsorum
387 3514 535 3569 lavit
569 3515 727 3571 Deus
759 3519 979 3572 terram
1017 3518 1215 3587 populi
1237 3519 1352 3588 sui,
1385 3523 1443 3574 et
1473 3535 1588 3575 non
1620 3520 1765 3575 dixit

122 3603 307 3656 terram
349 3604 615 3659 ﬁliorum
661 3606 865 3660 Israel.
902 3607 984 3661 De
1034 3607 1181 3676 ipsis
1225 3608 1397 3663 etiam
1447 3608 1587 3663 ﬁliis
1618 3610 1765 3664 dixit

125 3688 282 3745 David
319 3693 379 3748 in
421 3693 661 3764 psalmo
691 3696 1017 3749 centesimo
1050 3696 1278 3752 decimo
1310 3700 1500 3752 sexto.
1538 3719 1560 3749 ci
1596 3698 1762 3752 Sicut

120 3780 324 3849 sagittae
343 3782 404 3835 in
424 3797 610 3836 manu
626 3784 907 3854 potentis,
932 3784 1007 3837 ita
1033 3785 1131 3838 ﬁlii
1148 3785 1375 3841 ﬁdeles.
1406 3810 1428 3835 η
1452 3787 1765 3856 Comparat

120 3868 248 3921 enim
272 3869 572 3940 Propheta
602 3870 740 3925 illos
757 3871 917 3928 ﬁlios
935 3873 1141 3927 ﬁdeles
1163 3875 1400 3945 sagittis
1418 3875 1661 3930 emissis
1691 3877 1762 3930 de

122 3970 269 4011 manu
298 3959 587 4028 potentis,
620 3959 757 4030 quia
793 3960 953 4015 Deus
975 3962 1346 4032 omnipotens
1374 3964 1534 4017 misit
1562 3979 1667 4018 eos
1690 3965 1762 4018 ad

119 4042 441 4102 duodecium
460 4051 664 4117 partes
679 4049 877 4105 mundi
891 4066 1000 4118 per
1016 4068 1048 4121 q
1060 4056 1270 4105 uatuor
1288 4053 1487 4106 mundi
1507 4052 1756 4123 climata,

118 4132 296 4189 ﬁdeles
326 4136 439 4191 hos
476 4137 634 4192 ﬁlios
667 4153 799 4192 cum
844 4139 1109 4193 doctrina
1150 4140 1352 4211 Legis,
1402 4142 1665 4196 Psalterii
1698 4147 1754 4196 et

1887 530 1994 584 per
2021 530 2089 568 os
2112 515 2294 569 David
2315 516 2554 570 Messias
2573 518 2699 570 sive
2722 519 2956 572 Christo
2983 536 2993 573 :
3018 520 3101 573 Tu
3116 522 3319 577 venies
3342 540 3545 578 sacer-

1886 602 1996 656 dos
2028 604 2085 656 in
2120 607 2400 658 internum
2436 606 2762 660 secundum
2796 607 2985 678 legem
3011 609 3193 663 Mosis
3234 614 3289 665 et
3323 614 3542 683 Aaron,

1885 694 2068 744 staret
2098 692 2190 744 illa
2225 693 2349 758 lex;
2384 693 2490 747 sed
2511 694 2657 747 dixit
2688 710 2700 750 :
2742 716 2763 743 α
2800 696 2883 748 Tu
2918 698 3354 753 essacerdosin
3376 706 3544 755 aeter-

1881 794 2020 832 num
2051 781 2377 834 secundum
2398 782 2662 837 ordinem
2688 783 3125 839 Melchisedech
3149 785 3492 859 (Psal.cxx).
3517 810 3539 839 ι

1883 866 1950 919 Et
1983 870 2208 922 amicus
2234 870 2337 923 Dci
2374 872 2828 926 communicavit
2859 872 2931 926 de
2962 874 3255 928 sacriﬁcio
3289 876 3457 945 panis
3489 881 3545 932 et

1880 955 2030 1024 vini,
2078 961 2133 1011 et
2181 974 2299 1012 non
2342 959 2413 1012 de
2455 960 2750 1015 sacriﬁcio
2797 962 3081 1016 carnium.
3129 962 3218 1016 Ad
3250 962 3361 1017 hoc
3393 965 3542 1019 bene

1882 1048 2053 1098 sonat
2083 1047 2325 1099 verbum
2352 1048 2557 1116 Mosis,
2593 1064 2725 1102 eum
2754 1050 2901 1103 dixit
2926 1066 2937 1105 :
2978 1072 2998 1100 α
3026 1050 3357 1106 Comedelis
3381 1057 3541 1107 vetu-

1880 1133 2146 1188 stissima
2176 1139 2442 1190 veterum
2466 1137 2634 1205 (ch.
2660 1139 2842 1207 xxw),
2875 1161 2895 1187 ιο
2930 1156 3037 1209 per
3073 1141 3229 1210 quod
3270 1141 3546 1213 intelligit

1881 1222 2241 1275 sacriﬁcium
2261 1223 2720 1280 Melchisedech.
2753 1226 2821 1280 Et
2845 1229 3053 1282 iterum
3089 1244 3101 1283 :
3140 1228 3207 1282 Et
3236 1231 3409 1284 novis
3442 1246 3543 1285 su-

1880 1311 2383 1379 pervenientibus,
2420 1314 2474 1367 id
2508 1318 2619 1382 est,
2645 1331 2815 1369 novae
2847 1316 2997 1387 legis
3032 1318 3328 1373 sacriﬁcio
3360 1319 3543 1387 publi-

1883 1404 2030 1465 cato,
2064 1403 2291 1470 vetera,
2340 1401 2573 1457 scilicet
2621 1408 2819 1457 vestra
2866 1405 3158 1459 sacriﬁcia
3192 1406 3537 1479 projicietis.

1883 1487 2008 1541 Nos
2041 1494 2232 1543 tamen
2264 1489 2368 1543 Dei
2400 1506 2609 1544 sumus
2642 1491 2697 1543 in
2730 1494 2886 1546 omni
2910 1494 3181 1548 adventu.

2493 1578 2743 1633 CAPUT
2793 1582 2922 1636 XX.

1880 1666 1967 1720 De
2010 1666 2431 1741 reprobatione
2468 1667 2756 1722 sacriﬁcii
2786 1670 3146 1741 Judacorum,
3183 1678 3239 1727 ct
3277 1672 3350 1728 dc
3381 1673 3539 1729 cIec-

2198 1738 2358 1792 tione
2380 1741 2742 1793 sacramenti
2775 1738 3270 1799 Christianorum.

1951 1826 2173 1896 Timeo,
2209 1827 2443 1881 domine
2478 1828 2573 1897 mi,
2599 1828 2754 1899 quod
2787 1829 2946 1884 Deus
2981 1830 3154 1901 ejecit
3175 1849 3283 1887 nos
3317 1850 3347 1886 a
3386 1849 3452 1888 se
3485 1838 3540 1888 et

1879 1916 2237 1969 sacriﬁcium
2258 1919 2544 1984 nostrum,
2579 1923 2635 1971 et
2665 1920 2990 1988 acceptavit
3014 1922 3369 1976 sacriﬁcium
3388 1939 3538 1993 gen-

1878 2006 2043 2074 tium,
2067 2006 2221 2059 sicut
2248 2005 2393 2059 dixit
2430 2022 2534 2076 per
2564 2024 2631 2061 os
2656 2007 2963 2064 Malachite
2997 2025 3009 2065 :
3050 2031 3071 2060 «
3107 2010 3243 2066 Non
3274 2016 3365 2066 est
3397 2011 3540 2066 mihi

1880 2092 2152 2147 voluntas
2184 2094 2243 2147 in
2274 2094 2467 2164 vobis,
2503 2095 2646 2149 dixit
2686 2096 3003 2168 Dominus,
3039 2115 3228 2169 neque
3260 2101 3540 2171 accipiam

1878 2181 2237 2236 sacriﬁcium
2263 2186 2545 2253 vestrum,
2566 2186 2840 2254 quoniam
2856 2186 2926 2239 ah
2950 2191 3081 2241 ortu
3105 2187 3251 2242 solis
3268 2205 3455 2259 usque
3469 2190 3539 2243 ad

1878 2284 2155 2324 occasum
2191 2270 2323 2339 ejus
2358 2288 2634 2342 magnum
2668 2278 2760 2327 est
2789 2290 3002 2328 nomen
3030 2290 3223 2329 meum
3263 2277 3323 2329 in
3352 2276 3539 2346 genti-

1877 2358 2027 2426 bus;
2062 2374 2194 2428 quaa
2227 2358 2556 2412 oﬁ'cruntin
2579 2362 2816 2415 nomine
2847 2377 2976 2416 meo
3010 2364 3542 2419 sacriﬁciummun-

1878 2448 2014 2500 dum
2038 2446 2279 2515 (.tla1.i,-.
2305 2470 2325 2492 ι»
2352 2446 2509 2518 Ergo
2528 2447 2679 2518 apud
2698 2449 2877 2503 Deum
2899 2451 3253 2505 sacriﬁcium
3277 2452 3539 2524 gentium

1878 2538 1969 2589 est
2001 2535 2277 2589 mundius
2299 2553 2472 2606 quam
2496 2537 2853 2591 sacriﬁcium
2878 2542 3165 2593 nostrum.
3194 2540 3263 2594 Et
3290 2541 3538 2611 insuper

1877 2625 2013 2695 quia
2047 2624 2205 2677 Deus
2236 2625 2488 2694 privavit
2540 2642 2650 2679 nos
2680 2627 2835 2679 omni
2867 2629 3160 2682 sacriﬁcio
3196 2630 3444 2699 mundo,
3482 2636 3538 2684 et

1878 2713 2023 2766 alias
2055 2713 2277 2766 docens
2321 2712 2713 2784 Christianos,
2750 2720 2810 2768 ut
2859 2716 2974 2785 ipsi
3005 2718 3258 2772 vitarent
3303 2734 3432 2787 nos,
3466 2735 3538 2773 ne

1880 2802 2440 2872 contaminarentur,
2476 2803 2630 2857 sicut
2659 2820 2768 2858 nos
2801 2804 3121 2860 vitavimus
3154 2810 3362 2879 gentes
3382 2808 3539 2861 omni

1879 2895 2142 2960 tempore
2176 2908 2292 2962 quo
2308 2892 2665 2946 sacriﬁcium
2679 2897 2949 2947 nostrum
2964 2893 3069 2948 fuit
3089 2895 3368 2950 mundum
3386 2896 3538 2966 apud

1880 2980 2063 3033 Deum
2097 2984 2152 3033 et
2174 2984 2498 3050 acceptum.

1950 3068 2136 3122 Etiam
2168 3072 2249 3137 tu,
2298 3070 2532 3123 domine
2569 3071 2667 3134 mi,
2721 3071 2875 3125 nosti
2923 3070 3059 3142 quid
3093 3072 3247 3126 dicat
3276 3073 3434 3128 Deus
3465 3072 3536 3128 de

1878 3161 2085 3212 nostro
2118 3157 2411 3212 sacriﬁcio
2442 3175 2573 3211 cum
2616 3159 2691 3212 ait
2724 3175 2830 3228 per
2868 3175 2937 3213 os
2970 3160 3150 3213 David
3184 3161 3485 3232 prophetm
3519 3179 3531 3219 :

1883 3269 1904 3293 ιι
1928 3246 2205 3318 Nunquid
2228 3245 2780 3317 vidistis,vos,quod
2808 3264 2918 3319 ego
2943 3249 3170 3304 comedi
3192 3264 3404 3305 carnes
3419 3252 3537 3306 tau-

1879 3352 2101 3405 rorum,
2129 3341 2183 3389 ct
2206 3335 2507 3389 hircorum
2530 3335 2882 3407 sanguinem
2900 3336 3163 3392 biberem
3183 3338 3490 3410 (Psal.1x)?
3506 3365 3527 3389 ι»

1879 3425 1995 3480 Per
2010 3426 2166 3496 quod
2182 3423 2689 3480 manifestatDeus
2712 3426 2866 3495 quod
2885 3427 3012 3495 ipse
3035 3427 3383 3482 condemnat
3402 3443 3536 3483 car-

1877 3514 2035 3568 nium
2076 3513 2457 3569 sacriﬁcium.
2501 3511 2571 3566 Et
2607 3513 2760 3568 unde
2796 3517 2888 3569 est
2914 3516 3108 3586 nobis,
3159 3516 3393 3571 domine
3432 3519 3532 3590 mi,

1877 3605 2031 3676 quod
2070 3620 2180 3658 nos
2218 3603 2581 3658 detestamur
2602 3603 2659 3656 in
2680 3603 2958 3674 gentibus
2981 3605 3335 3660 sacriﬁcium
3365 3606 3536 3678 panis

1876 3700 1933 3750 et
1964 3694 2105 3763 vini,
2137 3694 2293 3766 quod
2319 3693 2519 3748 statuit
2538 3693 2791 3761 Deus,et
2806 3692 2863 3747 in
2885 3693 3045 3748 nullo
3072 3694 3537 3764 reprobat,sicut

1876 3786 2150 3855 reprobat
2192 3781 2550 3837 sacriﬁcium
2590 3783 2883 3851 carnium,
2934 3799 3067 3837 cum
3097 3783 3372 3839 Salomon
3402 3785 3535 3840 des-

1876 3874 2063 3928 cribat
2104 3872 2245 3926 illud
2292 3873 2517 3938 Aaron,
2568 3871 2773 3926 dicens
2809 3887 2821 3926 :
2855 3872 3007 3942 Iste,
3050 3872 3277 3928 scilicet
3314 3875 3533 3947 Aaron,

1876 3961 2135 4018 extendit
2164 3977 2374 4014 manus
2399 3976 2542 4014 suas
2563 3976 2744 4030 super
2763 3960 2963 4030 altare,
2990 3965 3045 4015 et
3061 3962 3268 4016 obtulit
3288 3966 3536 4035 sangui-

1873 4067 2007 4105 nem
2039 4066 2192 4119 uvae,
2217 4054 2271 4105 et
2305 4051 2612 4103 incensum
2645 4049 2766 4103 Deo
2797 4050 2953 4117 vivo,
2984 4053 3041 4103 et
3069 4050 3278 4104 obtulit
3308 4052 3537 4107 sacriﬁ-

1874 4142 2026 4193 cium
2059 4142 2325 4193 nostrum
2342 4138 2412 4191 de
2447 4138 2649 4208 granis
2679 4139 2873 4204 terrae,
2907 4136 3061 4190 sicut
3092 4136 3533 4195 Melchisedech

121 4222 548 4293 Prophetarum.
582 4228 791 4282 Mosen
813 4232 1003 4283 autem
1027 4232 1082 4282 et
1114 4232 1308 4284 Aaron
1328 4247 1443 4285 non
1465 4232 1624 4285 misit
1653 4247 1753 4285 cx-
1785 4230 1838 4292 D
1872 4229 2079 4284 obtulit
2101 4244 2209 4298 pro
2235 4228 2531 4281 Abraham
2550 4225 2760 4293 (Eccli.
2782 4226 2855 4293 ιι).
2878 4224 3152 4277 Declarat
3175 4226 3334 4279 Deus
3357 4227 3538 4280 sacri-

119 4314 191 4366 tra
216 4315 443 4371 domum
478 4322 747 4371 sanctam
778 4319 850 4371 ad
880 4319 1227 4389 docendum,
1261 4320 1398 4390 quia
1428 4335 1543 4375 non
1574 4321 1644 4375 ad
1665 4322 1755 4375 In-

123 4403 273 4478 diam,
308 4410 580 4479 Romam,
616 4424 727 4463 nec
758 4410 829 4463 ad
860 4410 971 4463 alia
1002 4410 1130 4463 loca
1162 4413 1325 4463 extra
1353 4412 1572 4464 terram
1594 4427 1762 4466 sanc-

121 4497 236 4565 tam,
268 4499 423 4553 misit
442 4514 554 4553 eos
586 4500 935 4553 annuntiare
959 4498 1281 4552 doctrinam
1314 4499 1495 4570 Legis
1527 4504 1583 4556 et
1614 4500 1775 4553 Proo'

122 4583 426 4657 phetarum,
463 4589 573 4642 sed
602 4589 700 4642 isti
733 4588 939 4642 ﬁdeles
970 4588 1072 4641 ﬁlii
1104 4588 1194 4641 sic
1216 4587 1463 4657 proiecti
1477 4588 1567 4643 vel
1590 4589 1760 4642 missi

124 4684 216 4739 per
239 4676 585 4731 universum
617 4677 926 4745 mundum,
976 4681 1370 4731 surrexerunt
1408 4691 1608 4731 coram
1640 4678 1760 4732 Deo

128 4758 239 4817 loco
270 4766 479 4830 nostri,
512 4771 824 4836 postquam
847 4766 1009 4819 Deus
1032 4765 1246 4820 occidit
1273 4765 1454 4820 Israel
1477 4769 1761 4821 etnomen

126 4855 361 4907 nostrum
383 4896 398 4923 ,
432 4854 594 4925 quod
641 4856 793 4908 bene
836 4854 1025 4908 innuit
1064 4854 1249 4908 David
1281 4854 1340 4907 in
1369 4854 1596 4924 psalmo
1628 4870 1760 4908 cum

128 4936 273 4995 dicit:
302 4964 323 4987 κ
338 4943 455 4997 Pro
470 4942 869 5011 patribustuis
887 4944 1004 4997 nati
1028 4946 1166 4996 sunt
1184 4943 1286 4997 tibi
1305 4943 1761 5011 ﬁlii,constitues

128 5040 214 5080 eos
230 5029 376 5085 ﬁlios
398 5048 581 5096 reges
598 5036 655 5085 et
675 5032 975 5101 principes
987 5031 1361 5101 (Psal.xmv),
1375 5055 1394 5076 ιι
1418 5036 1470 5086 et
1494 5032 1761 5102 peristos

132 5112 374 5172 innovate
403 5125 496 5173 est
528 5121 620 5173 lex
642 5120 833 5189 prima
866 5121 1189 5173 secundum
1224 5120 1484 5174 ordinem
1518 5120 1763 5173 Melchi-

134 5204 347 5273 sedech,
379 5209 479 5279 qui
500 5208 860 5266 sacriﬁcium
880 5209 985 5263 Dei
1000 5209 1253 5263 instituit
1274 5209 1331 5265 in
1361 5224 1509 5277 pane
1532 5211 1587 5262 et
1603 5209 1762 5276 vino,

135 5304 194 5345 ex
223 5295 902 5364 quibuscommunicavit
922 5297 1218 5353 Abraham
1239 5298 1427 5355 amico
1451 5298 1576 5353 Dei.
1606 5298 1765 5353 Deus

133 5379 283 5436 etiam
309 5400 415 5454 per
444 5386 836 5443 ministerium
865 5385 1115 5450 istorum
1140 5386 1380 5443 mutavit
1410 5386 1767 5441 sacriﬁcium

128 5473 395 5551 nostrum,
445 5475 601 5530 sicut
647 5460 892 5533 mutavit
927 5490 1143 5533 nomen
1189 5477 1487 5546 nostrum,
1528 5481 1587 5535 et
1614 5476 1769 5531 sicut

130 5560 351 5619 mutavit
388 5561 914 5640 legemcarnalem
947 5568 1210 5634 nostram
1257 5564 1317 5623 in
1359 5565 1555 5640 legem
1583 5565 1765 5640 spiri-

1870 4325 2065 4378 ﬁcium
2080 4320 2338 4394 gentium
2353 4332 2459 4387 per
2474 4313 2704 4369 Mosen:
2726 4311 3027 4367 «Ot'feretis
3041 4314 3163 4367 Deo
3178 4314 3535 4368 sacriﬁcium

1868 4414 1940 4469 de
1969 4410 2201 4471 levatis.
2229 4408 2300 4462 de
2331 4422 2486 4474 area,
2513 4408 2568 4457 et
2598 4403 2667 4456 de
2687 4401 3077 4473 expressione
3110 4418 3262 4470 uvae,
3288 4407 3343 4457 et
3365 4402 3537 4457 bene-

1870 4500 2208 4556 dicatvoliis
2222 4498 2385 4551 Deus
2407 4498 2461 4548 et
2476 4492 2706 4548 cunctis
2730 4491 3009 4562 operibus
3028 4505 3303 4545 manuum
3316 4494 3539 4546 vestra-

1870 4591 2183 4647 i'uthcv.
2220 4586 2406 4653 χχιιι).
2459 4607 2479 4629 »ι
2518 4581 2754 4636 Scimus
2794 4581 2967 4635 etiam
3008 4596 3139 4649 nos,
3171 4580 3403 4635 domine
3433 4580 3533 4650 mi,

1870 4654 2036 4750 quod.
2056 4679 2218 4733 Deus
2261 4673 2558 4729 mandavit
2588 4669 2647 4725 in
2677 4669 2964 4740 principio
3008 4670 3145 4739 poni
3178 4672 3309 4724 ante
3340 4683 3537 4723 arcam

1871 4768 2115 4822 foederis
2150 4763 2401 4831 Domini,
2442 4776 2624 4832 panes
2651 4763 2847 4815 etnon
2890 4775 3102 4813 carnes
3131 4757 3347 4827 (Exod.
3372 4757 3534 4828 xxv).

1874 4856 2057 4910 Etiam
2091 4854 2324 4909 domine
2348 4853 2449 4919 mi,
2469 4865 2602 4905 cum
2621 4850 2782 4904 Deus
2799 4848 2872 4904 de
2895 4847 3008 4903 hoc
3029 4848 3090 4901 in
3112 4847 3377 4901 Levitico
3395 4861 3540 4916 prea-

1874 4946 2025 5015 cepit
2058 4945 2257 4997 Aaron
2288 4957 2393 5011 per
2424 4940 2663 5006 Mosen,
2699 4938 2906 4991 dicens
2942 4952 2954 4991 :
2994 4960 3014 4983 «
3043 4936 3233 4991 Homo
3264 4935 3336 4989 de
3368 4936 3541 4991 semi-

1874 5049 1945 5087 ne
1977 5035 2172 5088 Aaron
2203 5028 2537 5084 sacerdotis
2580 5025 2677 5098 qui
2707 5025 2884 5079 habet
2912 5024 3223 5095 maculam,
3247 5040 3365 5080 non
3388 5020 3535 5079 oﬁ‘e-

1876 5126 1963 5177 rat
1993 5119 2349 5175 sacriﬁcium
2384 5117 2455 5171 de
2489 5115 2762 5186 panibus,
2803 5128 2912 5167 nec
2951 5113 3108 5167 aliud
3144 5114 3537 5185 quodcunque

1877 5209 2232 5265 sacriﬁcium
2256 5208 2454 5277 (Num.
2481 5204 2625 5272 xxi).
2665 5226 2685 5250 η
2724 5198 2793 5255 Et
2820 5203 2879 5255 in
2911 5201 3181 5272 pluribus
3209 5203 3536 5275 Scripturm

1877 5300 2024 5353 locis
2050 5298 2209 5353 Deus
2246 5293 2530 5366 praecepit
2552 5290 2677 5346 ﬁeri
2709 5290 3069 5345 sacriﬁcium
3098 5291 3171 5346 de
3199 5306 3348 5361 pane
3378 5296 3433 5346 et
3460 5306 3537 5346 ex

1875 5387 2062 5442 farina
2086 5385 2406 5457 purissima
2430 5380 2757 5468 acceptabit
2779 5380 2941 5449 illud,
2967 5381 3023 5434 et
3041 5378 3153 5434 tale
3176 5380 3537 5435 sacriﬁcium

1870 5476 2148 5533 esthodie
2162 5469 2684 5547 gentium,scilicet
2705 5469 2877 5539 panis
2901 5482 2975 5524 ex
2989 5468 3174 5524 farina
3186 5468 3530 5539 purissima.

1869 5566 1953 5623 De
1978 5562 2273 5622 sacriﬁcio
2307 5561 2478 5617 etiam
2511 5557 2683 5633 panis
2705 5557 2769 5614 ﬁt
2811 5558 3026 5615 mentio
3057 5558 3117 5613 in
3164 5558 3352 5631 primo
3380 5555 3533 5615 libro
