3978 6178
168 314 267 391 361.

912 312 1211 377 .LIBER
1250 311 1362 374 DE
1405 311 1743 413 messim
1788 311 2195 409 avaNTU
2238 312 2747 401 summano

3436 315 3558 397 362

167 512 338 583 populi
368 513 595 566 venient
622 512 692 566 de
723 516 887 567 utero
919 517 1038 581 tuo,
1072 514 1130 577 et
1158 468 1308 585 gens
1338 514 1573 583 gentem
1605 525 1779 583 supe-
1810 488 2096 599 Ayﬁcium
2125 508 2415 565 Ecclesiae
2444 511 2613 599 omni
2632 516 2894 584 tempore
2924 512 3267 569 duraturum
3297 515 3358 569 in
3385 518 3554 571 mter-

166 601 311 667 rabit,
331 605 385 655 et
414 600 599 672 major
625 600 848 675 serviet
876 601 1087 655 minori
1118 600 1290 670 (Gen.
1308 601 1471 670 xxv).
1491 622 1512 649 ι
1540 598 1783 654 Domine

165 688 246 757 mi,
261 687 378 743 sola
400 688 663 744 Rebecca
686 690 794 744 fuit
810 693 1000 744 mater
1018 689 1362 761 Iudaeorum
1384 691 1441 743 et
1457 688 1783 765 gentilium.

165 777 395 846 Populus
423 777 615 849 major
640 782 697 833 et
715 777 1152 855 primogenitus
1174 777 1283 832 fuit
1303 778 1638 849 Synagoga,
1655 791 1789 847 quae

165 880 346 937 magno
374 866 485 920 fuit
513 866 734 921 honore
764 870 822 921 et
850 867 1098 922 scientia
1129 866 1235 922 Dei
1267 866 1481 920 dotata.
1524 862 1793 935 POpulus

166 944 433 1008 secundus
455 955 695 1027 genitus
717 959 774 1010 et
789 956 982 1010 minor
1002 955 1156 1025 apud
1177 955 1363 1009 Deum
1383 955 1625 1010 fuerunt
1646 968 1789 1025 gen-

162 1044 256 1109 tes,
284 1043 338 1094 in
368 1034 706 1098 inﬁdelitate
727 1048 1034 1098 manentes
1054 1047 1110 1098 et
1141 1043 1552 1115 inignorantia
1582 1034 1710 1098 sua.
1726 1041 1789 1098 Si

163 1136 342 1201 tamen,
357 1130 592 1185 domine
604 1131 706 1202 mi,
724 1131 884 1187 Deus
906 1132 1120 1186 occidit
1140 1129 1343 1200 Ierael,
1360 1135 1535 1202 prout
1564 1131 1788 1186 descri-

159 1216 422 1286 bitIsaias,
437 1222 495 1274 et
516 1223 657 1275 tunc
668 1220 961 1275 subversa
981 1223 1073 1274 est
1094 1219 1433 1292 Synagoga,
1450 1235 1584 1291 qum
1598 1220 1801 1274 fuerat

159 1307 335 1378 major,
367 1310 422 1362 et
461 1309 714 1363 servivit
745 1309 1022 1381 gentibus
1079 1298 1212 1379 quae
1255 1304 1446 1364 fuerat
1482 1308 1694 1376 minor,
1728 1312 1791 1380 ut

159 1395 521 1466 compleretur
566 1397 816 1451 verbum
853 1397 1010 1468 quod
1058 1397 1219 1452 Deus
1263 1397 1409 1471 dixit
1458 1396 1785 1452 Rebeccae:

161 1483 327 1539 uGens
356 1487 596 1556 gentem
629 1485 931 1559 superabit
946 1484 1204 1555 (Ibid.).»
1222 1484 1409 1539 Etiam
1429 1484 1501 1540 de
1519 1483 1790 1539 Ecclesia

157 1571 276 1625 dixit
302 1572 457 1627 Deus
487 1588 602 1643 per
632 1589 701 1627 os
734 1573 950 1627 David:
977 1595 998 1620 σι
1032 1572 1234 1628 Astitit
1264 1573 1472 1644 regina
1502 1588 1536 1627 a
1565 1574 1788 1628 dextris

155 1659 252 1714 tuis
260 1660 316 1714 in
326 1661 542 1716 vestitu
559 1661 861 1729 deaurato,
878 1660 1175 1715 distinctis
1190 1661 1494 1716 coloribus
1507 1662 1789 1716 adornata

155 1748 501 1819 (ἔξαιμα).
526 1772 547 1796 ιι
584 1749 932 1820 Exponitur,
950 1750 1184 1804 domine
1211 1750 1311 1818 mi,
1330 1749 1489 1819 quod
1517 1749 1788 1804 Ecclesia

1897 614 2056 654 num.
2088 598 2315 654 Similat
2346 602 2540 654 autem
2572 598 2731 655 Deus
2748 601 2907 655 illam
2927 603 3097 673 matri
3115 602 3352 659 Iactanti
3375 598 3555 677 ﬁlios,

1897 690 1953 742 et
1982 687 2043 742 in
2074 687 2188 742 hoc
2221 686 2377 757 quod
2408 687 2579 742 dixit:
2620 708 2643 738 ι
2678 688 2990 744 Inebriabo
3021 694 3097 759 te,
3119 712 3141 740 ι
3167 691 3403 747 denotat
3430 710 3559 749 ma-

1896 775 2102 831 teriam
2134 777 2490 831 sacramenti
2520 776 2910 847 spiritualiter
2934 782 3213 849 quantum
3243 780 3315 835 ad
3332 781 3557 854 vinum,

1898 869 1953 919 et
1984 878 2091 933 per
2126 886 2145 912 ι
2182 863 2367 939 ubera
2401 887 2423 912 ι»
2458 863 2695 920 denotat
2737 865 2797 920 in
2847 866 3093 939 reliquis
3138 868 3411 939 partibus
3460 886 3567 925 sa-

1898 952 2183 1007 cramenti
2214 967 2353 1007 esse
2371 951 2718 1008 delectabile
2737 949 3155 1012 nutrimentum
3178 960 3236 1012 et
3251 958 3563 1014 sufﬁciens

1899 1042 2336 1094 sacramentum
2368 1056 2482 1111 quo
2516 1041 2814 1098 sacriﬁcio
2835 1042 2959 1114 jam
2991 1043 3207 1101 fruitur
3256 1050 3314 1102 et
3359 1040 3561 1103 delec-

1897 1130 2056 1182 tatur
2085 1126 2376 1182 Ecclesia.
2410 1128 2542 1182 Jam
2571 1128 2732 1184 mille
2760 1131 2898 1185 anni
2931 1135 3088 1203 sunt,
3109 1149 3141 1187 a
3163 1148 3280 1207 quo
3297 1136 3563 1207 tempore

1897 1215 2164 1286 privavit
2182 1214 2565 1288 Synagogam
2593 1217 2911 1275 sacriﬁcio.
2945 1218 3227 1277 {Emulus
3248 1222 3443 1279 autem
3465 1223 3569 1279 ille

1895 1304 1957 1358 in
1986 1319 2105 1374 quo
2136 1302 2406 1359 Ecclesia
2452 1306 2562 1374 est,
2597 1307 2715 1359 tam
2759 1308 2926 1378 grata
2973 1307 3114 1379 Deo,
3148 1313 3240 1365 est
3286 1308 3564 1368 Christus

1898 1391 2206 1461 Dominus,
2244 1397 2299 1447 et
2329 1394 2513 1448 ubera
2545 1392 2679 1465 ejus
2710 1394 2848 1449 dant
2875 1395 3077 1451 vinum
3106 1400 3564 1470 perpetuum,de

1898 1472 2015 1551 duo
2047 1481 2322 1552 provenit
2350 1481 2629 1556 gaudium
2663 1484 3118 1555 sempiternum,
3152 1489 3209 1541 et
3254 1502 3373 1543 non
3422 1486 3564 1543 dicit

1900 1569 2057 1640 quod
2086 1568 2247 1623 dabit
2278 1584 2489 1624 carnes
2522 1573 2578 1626 et
2609 1572 3031 1644 pinguedinem
3070 1576 3178 1631 vel
3210 1577 3564 1649 sanguinem

1900 1673 2035 1728 quas
2079 1657 2301 1713 faciunt
2350 1660 2709 1715 sacrificium
2756 1660 3142 1718 laboriosum.
3191 1664 3324 1719 Fuit
3369 1670 3562 1723 autem

1900 1744 2218 1818 Synagoga
2250 1747 2406 1801 sicut
2438 1748 2652 1803 mulier
2694 1764 2827 1820 qua:
2877 1748 3080 1805 habuit
3125 1752 3304 1807 alium
3346 1754 3561 1825 virum,

155 1836 445 1911 gentilium,
462 1853 601 1909 qua
614 1839 1079 1909 vocaturregina
1097 1838 1439 1892 diversitate
1452 1838 1787 1911 linguarum
1816 1827 1872 1893 Β
1902 1835 2136 1905 (supple
2161 1835 2389 1905 Deum),
2405 1839 2462 1890 et
2479 1837 2732 1905 perdidit
2752 1837 2917 1893 illum
2936 1840 2993 1893 et
3008 1839 3246 1895 domum
3273 1838 3561 1896 sanctam;

153 1926 377 1980 omnium
397 1942 534 1998 quin
553 1928 825 1981 serviunt
838 1927 912 1996 ei,
928 1931 1018 1981 est
1040 1927 1319 1981 adornata
1333 1926 1505 1998 quasi
1523 1928 1789 1982 colorum

152 2014 514 2070 distinctione.
554 2016 705 2070 Nam
737 2030 942 2071 omnes
973 2015 1195 2087 linguas
1236 2016 1294 2069 in
1327 2015 1599 2070 Ecclesia
1645 2032 1790 2070 con-

154 2102 364 2158 cordant
391 2105 453 2159 in
482 2120 630 2159 vera
662 2105 1030 2174 expositione
1062 2105 1236 2176 legis,
1273 2104 1543 2159 Psalterii
1579 2109 1635 2159 et
1653 2104 1792 2158 libri

152 2192 380 2247 omnium
410 2193 857 2264 prephetarum.
891 2193 1208 2265 Synagoga
1237 2209 1381 2248 vero
1424 2208 1541 2247 non
1592 2194 1796 2248 habuit

151 2280 244 2333 nisi
270 2297 439 2335 unam
486 2282 779 2354 linguam,
822 2285 879 2336 et
925 2286 1196 2336 ornatum
1245 2297 1421 2337 suum
1463 2282 1635 2353 quasi
1677 2296 1793 2336 uno

151 2368 339 2439 colore,
370 2370 611 2425 scilicet
640 2371 914 2425 Hebraea.

708 2475 961 2530 CAPUT
998 2475 1212 2531 XXIII.

178 2562 383 2618 Probat
412 2565 525 2620 hoc
554 2564 715 2620 idem
740 2581 856 2635 per
890 2562 1073 2620 verba
1102 2562 1414 2633 Malacliiae
1428 2565 1757 2637 prophetae.

205 2652 389 2709 Timeo
421 2654 626 2721 etiam,
642 2653 876 2708 domine
899 2653 998 2721 mi,
1016 2653 1088 2707 de
1109 2653 1314 2708 verbis
1344 2653 1602 2709 inductis
1626 2668 1796 2723 supe-

148 2740 255 2794 rius
279 2741 629 2814 frequenter
673 2757 779 2812 per
823 2740 1171 2796 Malacbiam
1216 2742 1601 2813 prophetam;
1650 2741 1796 2795 dixit

148 2827 284 2883 Deus
311 2826 655 2905 Synagogae
681 2846 692 2883 :
735 2852 756 2877 α
778 2828 911 2883 Non
942 2832 1034 2884 est
1061 2818 1500 2884 mihivolnntas
1525 2830 1583 2884 in
1608 2830 1793 2901 sacri-

150 2916 277 2972 ﬁciis
304 2910 567 2990 vestris,
587 2918 724 2988 quia
754 2916 826 2972 ab
859 2922 994 2972 ortu
1015 2917 1163 2972 solis
1188 2932 1379 2988 usque
1410 2916 1483 2972 ad
1515 2933 1796 2993 occasum

149 3018 395 3081 magnum
425 3010 523 3060 est
555 3021 771 3059 nomen
803 3020 995 3060 meum
1034 3006 1187 3060 inter
1215 3008 1445 3078 gentes,
1482 3022 1615 3077 quin
1647 3005 1791 3079 offe-

147 3097 261 3146 runt
288 3095 509 3149 nomini
540 3109 676 3148 meo
727 3093 1091 3149 sacriﬁcium
1135 3095 1419 3149 mundum
1466 3094 1631 3164 (Mal.
1664 3098 1725 3165 ι).
1762 3118 1785 3143 ι»

1898 1922 1973 1979 Et
1998 1924 2112 1977 ista
2142 1921 2411 1977 Ecclesia
2440 1923 2546 1978 fuit
2579 1941 2754 1979 cerva
2785 1927 2845 1980 in
2877 1928 3114 1982 deserto
3144 1928 3274 1984 sine
3324 1930 3558 2001 marito,

1900 2010 2009 2064 sed
2039 2011 2199 2065 Deus
2230 2011 2421 2066 vicem
2450 2012 2611 2067 illius
2643 2014 2896 2084 supplet.
2934 2016 3103 2070 Unde
3133 2017 3261 2086 ipse
3305 2017 3477 2073 fortis
3508 2020 3566 2074 et

1899 2098 2205 2170 gloriosus
2234 2099 2375 2154 dicit
2394 2116 2501 2171 per
2533 2101 2745 2156 Isaiam
2776 2104 3144 2174 prophetam:
3170 2127 3193 2152 α
3228 2107 3448 2162 Ρυθιιω
3472 2123 3565 2163 se-

1900 2189 2223 2258 questrata:
2253 2189 2529 2244 meliores
2562 2194 2701 2244 sunt
2729 2206 2904 2261 quam
2934 2192 3049 2246 illae
3067 2207 3201 2263 quae
3222 2194 3441 2249 habent
3473 2195 3564 2248 vi-

1900 2292 2031 2330 rum
2062 2275 2200 2347 (Isa.
2231 2278 2391 2348 uw).
2417 2300 2440 2327 ιι
2466 2278 2609 2333 Item
2639 2278 2736 2334 ille
2765 2281 3083 2351 propheta:
3117 2303 3138 2328 «ι
3174 2280 3301 2353 Ego
3323 2282 3557 2354 faciam,

1902 2364 2041 2418 dicit
2074 2363 2358 2420 Dominus
2403 2365 2585 2436 Deus,
2636 2367 2811 2436 viam,
2858 2371 2916 2422 et
2958 2368 3198 2423 ﬁumina
3247 2369 3320 2423 ad
3364 2373 3566 2440 potum

1899 2452 2117 2523 populo
2149 2469 2280 2509 meo
2311 2454 2518 2526 electo,
2552 2458 2611 2510 et
2640 2458 2721 2524 tu,
2746 2454 2954 2526 Jacob,
2972 2472 3090 2511 non
3108 2457 3377 2529 obedies,
3400 2461 3457 2512 et
3478 2460 3561 2528 tu,

1901 2540 2105 2611 Israel,
2140 2557 2259 2596 non
2290 2542 2496 2597 audies
2526 2541 2675 2613 (Isai
2703 2544 2885 2613 me).
2922 2564 2944 2594 ι
2979 2543 3143 2601 Sicut
3169 2562 3305 2618 nos,
3331 2546 3566 2604 domine

1900 2628 1999 2699 mi,
2027 2645 2237 2685 sumus
2271 2635 2433 2684 extra
2466 2631 2879 2702 obedientiam,
2913 2648 3023 2688 nec
3053 2633 3342 2690 habemus
3389 2650 3566 2691 aures

1901 2733 2009 2772 nec
2040 2718 2270 2790 oculos,
2304 2723 2665 2790 quapropter
2680 2720 2990 2791 captivitas
3011 2726 3215 2778 nostra
3227 2722 3355 2794 jam
3376 2737 3567 2794 usque

1901 2806 1974 2860 ad
2005 2807 2496 2876 complementum
2522 2809 2679 2863 mille
2711 2824 3001 2865 annorum
3029 2812 3319 2881 pervenit.
3340 2811 3564 2882 Timeo,

1901 2893 2135 2949 domine
2167 2895 2266 2966 mi,
2301 2896 2372 2950 de
2395 2895 2529 2968 lege
2559 2900 2765 2952 nostra
2792 2915 2926 2970 quin
2959 2898 3182 2954 furoris
3211 2899 3359 2955 iram
3391 2900 3569 2955 habet

1901 2982 1962 3036 in
2005 2986 2306 3052 promptu,
2360 2987 2417 3038 et
2469 2984 2637 3039 dicit:
2693 3006 2714 3034 α
2764 2985 3010 3040 Oculum
3057 3002 3163 3056 pro
3212 2988 3402 3057 oculo,
3452 2990 3564 3043 etc.

1902 3070 2074 3137 (Lev.
2108 3073 2292 3140 xxxv).
2333 3091 2355 3120 ι
2388 3071 2505 3126 Sed
2537 3087 2711 3126 cerva
2742 3073 2864 3144 illa,
2888 3074 3165 3129 aemulum
3193 3074 3420 3129 habens
3438 3075 3566 3129 uni-

148 3181 280 3235 cicut
307 3183 376 3238 de
407 3187 624 3238 natura
656 3197 765 3237 sua
796 3182 1011 3237 munda
1028 3185 1186 3253 sunt,
1204 3159 1694 3255 aqua,vinum,et
1710 3183 1792 3237 fa-
1824 3160 1875 3222 C
1905 3175 2058 3228 cum:
2092 3160 2236 3255 (ἶ-ίξίι
2265 3160 2324 3213 in
2359 3159 2683 3255 Evangeli-O
2716 3177 2831 3255 suo
2856 3162 3156 3255 glorioso
3183 3186 3204 3211 ιι
3231 3162 3344 3255 Qui
3434 3178 3568 3255 per-

147 3270 253 3323 rina
278 3286 441 3343 pura,
475 3271 554 3325 de
589 3270 806 3341 quibus
840 3271 1056 3345 factum
1080 3275 1169 3326 est
1194 3270 1572 3344 sacrificium,
1600 3274 1656 3326 et
1675 3286 1791 3326 non

147 3355 343 3431 indiget
363 3359 753 3415 mundatione
767 3360 1085 3429 etlotione;
1109 3360 1214 3414 sed
1237 3356 1553 3433 Synagoga
1569 3360 1796 3432 indiget

148 3445 322 3502 lavare
351 3463 576 3503 carnes
609 3446 1036 3503 sacriﬁciorum
1060 3450 1386 3519 etpurgare
1409 3452 1649 3504 ventres
1672 3449 1794 3503 ani-

149 3549 347 3591 marum
377 3553 519 3608 quoe
555 3536 615 3589 in
646 3535 941 3590 sacriﬁcio
964 3536 1477 3608 sacriticabuntur,
1511 3541 1567 3591 et
1595 3537 1795 3592 lavare

148 3620 316 3678 locum
329 3625 399 3679 de
413 3624 714 3697 sanguine
727 3626 783 3678 et
794 3624 1152 3695 pinguedine
1167 3624 1614 3692 sacriﬁciorum,
1626 3625 1797 3680 aliter

149 3715 291 3766 esset
322 3714 540 3768 horror
571 3716 824 3767 tractare
856 3716 912 3768 et
941 3712 1162 3767 videre.
1182 3712 1247 3767 In
1278 3713 1572 3768 sacriﬁcio
1602 3717 1797 3768 autem

150 3800 298 3868 panis
323 3805 380 3856 et
398 3801 527 3855 vini
563 3802 621 3854 et
641 3816 673 3853 a
696 3816 827 3872 qua:
845 3815 963 3872 non
994 3805 1234 3871 apparet
1262 3801 1479 3873 aliquid
1512 3802 1796 3856 indecens

157 3891 238 3941 aut
263 3891 451 3960 turpe.
486 3887 775 3957 Aistimo,
810 3889 1043 3943 domine
1066 3889 1165 3959 mi,
1199 3890 1354 3961 quod
1374 3890 1444 3945 de
1466 3891 1580 3961 isto
1613 3890 1796 3945 sacri-

156 3975 271 4030 ﬁcio
299 3978 445 4032 dixit
474 3979 641 4032 Deus
670 3993 777 4047 per
804 3977 1176 4032 Salomonem
1202 3994 1214 4032 :
1254 4001 1275 4025 ιι
1297 3974 1506 4053 Melior
1525 3982 1615 4032 est
1647 3979 1796 4032 buc-

150 4065 275 4118 cella
300 4068 472 4141 panis
507 4082 644 4120 cum
682 4065 963 4120 charitate
1012 4082 1185 4136 quam
1215 4065 1435 4120 vitulus
1487 4067 1795 4138 saginatus

150 4165 263 4206 cum
289 4154 597 4209 inimicitia
628 4153 837 4221 (Prov.
870 4154 1036 4225 xvii).
1076 4177 1097 4201 υ
1135 4154 1410 4209 Buccella
1432 4155 1795 4225 amoris,do-

149 4241 285 4297 mine
311 4243 409 4313 mi,
444 4258 596 4313 pura
630 4245 723 4296 est
753 4242 1142 4297 mansuetudo
1174 4258 1359 4313 super
1391 4245 1795 4298 mansuetudi-

152 4343 284 4401 nem,
315 4335 372 4386 et
399 4331 687 4386 remissio
720 4332 920 4385 mutua
948 4329 1325 4400 offensarum,
1351 4335 1406 4385 et
1434 4332 1654 4386 vitulus
1678 4333 1797 4387 odii

152 4419 437 4490 saginatus
469 4423 567 4475 est
583 4419 791 4474 oculus
806 4435 911 4489 pro
934 4420 1124 4489 oculo,
1141 4423 1195 4474 et
1218 4421 1446 4475 occulta
1463 4421 1793 4476 interfectio

1902 3248 2164 3319 inusserit
2176 3249 2234 3301 in
2248 3262 2423 3301 unam
2436 3249 2971 3318 maxilliam,statue
2987 3250 3070 3304 illi
3082 3250 3563 3311 alteram(Matth.

1902 3338 1981 3406 v).
2018 3359 2040 3384 η
2067 3336 2354 3408 Loquitur
2377 3336 2562 3390 David
2594 3336 2652 3390 in
2683 3337 2894 3409 psalm.
2928 3355 3052 3392 xxx
3081 3354 3093 3393 :
3135 3337 3321 3405 Quam
3351 3354 3566 3410 magna

1903 3428 1957 3479 et
2019 3440 2194 3496 quam
2236 3426 2415 3478 multa
2462 3425 2710 3479 dulcedo
2757 3430 2873 3496 tua,
2922 3414 3166 3483 Domine
3200 3443 3374 3499 quam
3424 3428 3568 3484 abs-

1905 3513 2158 3568 condisti
2190 3514 2533 3568 timentibus
2564 3518 2640 3581 te,
2676 3518 2732 3568 et
2763 3515 3131 3584 complevisti
3162 3530 3291 3570 eam
3322 3531 3564 3587 speran-

1905 3602 2065 3656 tibus
2097 3603 2158 3655 in
2188 3604 2263 3657 te.
2289 3626 2309 3649 η
2346 3601 2416 3656 Et
2447 3606 2537 3657 est
2557 3603 3052 3675 clarum,dominc
3082 3604 3355 3677 mi,quod
3374 3621 3565 3677 popu-

1905 3691 1999 3745 lus
2030 3691 2365 3763 Synagogw
2396 3692 2718 3746 timuerunt
2747 3709 2953 3763 pmnas
2986 3693 3160 3765 legis,
3187 3695 3415 3763 scilicet
3434 3710 3567 3750 ocu-

1904 3778 2025 3833 lum
2038 3796 2143 3848 pro
2159 3780 2495 3850 oculo,quia
2511 3784 2636 3833 erat
2651 3781 2707 3834 in
2722 3785 2995 3851 promptu
3009 3766 3455 3838 exsecutioSed
3469 3799 3567 3854 po-

1905 3867 2080 3937 pulus
2107 3867 2394 3922 Ecclesiae
2414 3884 2666 3938 sperans
2684 3874 2773 3923 est
2792 3871 2847 3922 in
2862 3870 3171 3947 dulcedine
3184 3872 3306 3942 Dei,
3324 3873 3566 3944 quiper-

1907 3958 2069 4010 cussi
2086 3957 2142 4010 in
2169 3958 2375 4010 faciem
2393 3974 2505 4010 non
2524 3960 2942 4025 repercutiunt.
2959 3948 3328 4031 Quapropter
3341 3961 3569 4031 paravit

1906 4046 2329 4115 Deus,scilicet
2349 4046 2646 4116 gentibus,
2680 4063 2951 4117 magnam
2982 4048 3413 4104 multitudinem
3434 4050 3569 4105 dul-

1906 4135 2131 4189 cedinis
2146 4152 2272 4188 suae
2303 4151 2476 4205 quam
2501 4134 3116 4190 ubsconditaJudaais.
3137 4136 3429 4209 Attamen,
3453 4141 3565 4193 etc.

2483 4240 2737 4293 CAPUT
2777 4239 2987 4292 XXIV.

2010 4328 2172 4393 Quod
2200 4332 2405 4381 cantus
2431 4327 2905 4380 Christianorum
2931 4333 3021 4381 est
3053 4328 3177 4384 Deo
3205 4335 3479 4401 acceptus

1978 4418 2196 4485 Paveo,
2229 4417 2465 4469 domine
2501 4416 2595 4483 mi,
2633 4416 2788 4485 quod
2818 4416 3040 4471 dictum
3069 4420 3162 4473 est
3190 4417 3262 4472 de
3282 4419 3572 4488 apostolis

151 4505 526 4563 inimicorum.
564 4507 743 4579 Ergo,
764 4508 997 4562 domine
1027 4509 1126 4577 mi,
1149 4508 1505 4565 sacriﬁcium
1538 4511 1795 4581 Synago-
1823 4501 1876 4563 D
1912 4507 2051 4560 illud
2082 4506 2251 4558 Isaiae
2279 4521 2289 4559 :
2337 4504 2796 4557 Manifestabunt
2834 4510 3105 4560 sanctum
3150 4506 3354 4577 Jacob,
3388 4524 3571 4562 evan-

155 4609 232 4663 ἕω
259 4600 346 4651 est
377 4598 602 4652 vitulus
630 4597 871 4668 pinguis
903 4612 1037 4650 cum
1088 4597 1412 4665 inimicitia,
1466 4602 1521 4651 et
1562 4598 1795 4651 sacriﬁ-

154 4682 289 4737 cium
318 4684 610 4739 Ecclesiae
641 4685 907 4739 buccella
930 4686 1021 4738 est
1040 4685 1211 4755 panis
1235 4701 1368 4739 cum
1401 4685 1706 4756 charitate,
1725 4687 1796 4740 de

153 4785 251 4840 qua
275 4773 413 4827 dicit
442 4773 643 4827 Deus:
682 4795 705 4820 ε
740 4773 948 4827 Melior
976 4776 1067 4827 est
1097 4773 1364 4828 buccella
1396 4775 1586 4844 panis,
1622 4795 1644 4824 ι
1682 4778 1795 4829 ctc.

156 4856 388 4916 Pulchre
402 4863 579 4916 etiam
593 4861 882 4916 describit
895 4862 1055 4916 Deus
1072 4861 1400 4917 Ecclesiam
1415 4864 1799 4918 assimilando

156 4949 353 5019 cervis,
388 4966 497 5021 per
528 4966 598 5005 os
627 4950 982 5020 Salomonis,
1024 4951 1102 5006 ub
1136 4951 1249 5005 ait:
1285 4949 1473 5006 Cerva
1504 4952 1626 5007 Deo
1658 4953 1800 5006 cha-

156 5034 374 5092 rissima
401 5040 463 5093 in
486 5039 701 5094 aemulo
733 5054 864 5109 suo,
899 5038 1075 5110 cujus
1107 5041 1291 5094 ubera
1335 5040 1627 5099 inebrient
1656 5044 1711 5095 te
1744 5043 1803 5096 in

157 5126 294 5180 omni
322 5130 611 5197 tempore,
644 5129 702 5182 et
732 5143 898 5182 amor
924 5128 1088 5184 illius
1120 5128 1372 5183 delectet
1421 5132 1475 5184 te
1520 5129 1582 5185 in
1628 5132 1803 5184 aeter—

160 5227 283 5268 num
309 5215 517 5285 (Prov.
550 5217 633 5287 v).
669 5240 692 5264 υ
727 5215 799 5272 Et
829 5215 1101 5272 Ecclesia
1130 5221 1223 5272 est
1256 5218 1377 5272 Deo
1391 5217 1604 5272 dilecta
1626 5234 1804 5272 cerva

160 5298 211 5354 in
228 5306 433 5360 aemulo
463 5320 575 5361 suo
606 5319 743 5375 uno,
777 5304 849 5359 de
877 5320 996 5376 quo
1026 5309 1083 5360 et
1103 5322 1220 5378 qua
1239 5307 1551 5361 scribitur:
1574 5329 1596 5354 α
1614 5306 1805 5361 Cerva

159 5388 487 5448 charissima
518 5394 640 5448 Deo
672 5393 733 5447 in
752 5394 965 5448 aemulo
988 5409 1120 5463 suo,
1140 5410 1257 5448 non
1276 5394 1507 5450 habens
1529 5411 1729 5465 parem
1747 5397 1807 5451 in

163 5480 443 5537 nobilitate
470 5485 527 5538 et
555 5482 767 5557 gratia.
807 5505 830 5531 η
864 5482 1031 5538 Tunc
1061 5481 1242 5555 addit,
1262 5483 1497 5540 domine
1526 5484 1627 5558 mi,
1647 5488 1703 5540 et
1722 5485 1807 5539 di-

162 5568 253 5623 cit:
274 5592 294 5617 ι
318 5569 616 5628 Inebrient
642 5574 700 5627 te
732 5571 919 5631 ubera
950 5570 1086 5644 ejus
1118 5572 1279 5629 omni
1307 5573 1596 5645 tempore,
1643 5573 1808 5629 dele-

166 5660 308 5716 ctare
323 5658 384 5717 in
400 5676 598 5719 amore
620 5660 757 5733 ejus
770 5659 1020 5737 jugiter,
1040 5684 1062 5711 ιι
1089 5676 1209 5735 quo
1229 5661 1605 5738 signiﬁcatur
1624 5663 1808 5721 sacri-

535 5746 807 5818 PA'rson
856 5748 1143 5819 CXLIX.

1910 4595 2243 4675 gelizabunt
2293 4594 2477 4647 Deum
2528 4593 2733 4663 lsrael,
2788 4598 2844 4647 et
2890 4595 3182 4664 accipient
3226 4596 3573 4667 ignorantes

1910 4682 2239 4752 Scientiam,
2284 4687 2339 4736 et
2371 4683 2580 4736 musici
2633 4683 2825 4736 scient
2871 4683 3039 4754 leges
3088 4684 3251 4754 (Isai.
3304 4684 3488 4752 xxxx).
3543 4704 3567 4734 ι

1911 4774 2124 4842 Aperte
2156 4773 2447 4839 videmus,
2466 4771 2698 4825 domine
2721 4772 2818 4839 mi,
2837 4773 2996 4843 quod
3019 4772 3143 4843 jam
3162 4777 3300 4827 sunt
3331 4774 3413 4826 illi
3435 4771 3575 4827 anni

1910 4862 2068 4932 quod
2091 4862 2433 4932 ignorantes
2452 4861 2684 4922 musici,
2702 4865 2757 4913 et
2771 4861 3189 4933 docentlegem
3219 4865 3502 4930 nostram,
3519 4865 3577 4915 et

1911 4951 2010 5020 qui
2041 4954 2180 5004 sunt
2211 4951 2559 5020 ignorantes
2578 4949 2695 5002 nisi
2712 4949 2991 5021 gentiles,
3009 4954 3065 5002 et
3082 4949 3182 5019 qui
3203 4953 3342 5003 sunt
3361 4949 3577 5005 musici

1913 5041 2242 5094 cantantes.
2262 5038 2611 5093 Psalterium
2640 5023 2932 5107 nostrum,
2956 5040 3011 5091 et
3031 5038 3355 5108 prophetas
3372 5039 3430 5091 in
3459 5038 3577 5093 Ec-

1914 5127 2117 5183 clesiis
2138 5127 2267 5181 suis
2289 5128 2407 5181 nisi
2428 5126 2791 5180 Christiani?
2815 5126 2895 5179 De
2919 5126 3137 5196 quibus
3161 5127 3432 5197 musicis,
3449 5128 3578 5182 sive

1914 5216 2280 5285 cantoribus,
2315 5214 2456 5269 dicit
2488 5214 2647 5269 Deus
2676 5230 2783 5284 per
2804 5229 2873 5268 os
2907 5214 3123 5271 David:
3152 5236 3175 5266 α
3210 5215 3449 5271 Cantate
3473 5216 3580 5271 Do-

1913 5306 2075 5360 mino
2108 5303 2402 5359 canticum
2432 5318 2673 5374 novum,
2708 5303 2845 5374 quia
2876 5304 3171 5358 mirabilia
3216 5304 3359 5360 fecit
3385 5304 3574 5375 (Psal.

1915 5394 2119 5464 xcvn).
2160 5413 2183 5443 ι
2220 5391 2290 5446 Et
2317 5391 2457 5462 quid
2478 5396 2569 5446 est
2601 5392 2897 5446 canticum
2925 5392 3072 5447 illud
3089 5393 3578 5466 novum,domine

1915 5484 2016 5554 mi,
2040 5481 2609 5537 nisiTestamentum
2635 5479 2900 5551 Novum;
2923 5481 3463 5554 etAntiquum,nisi
3484 5482 3584 5537 lex
3656 5510 3661 5515 -

1916 5570 2205 5644 antiqua?
2242 5568 2312 5623 Et
2350 5568 2422 5624 de
2460 5568 2596 5624 istis
2629 5569 2805 5625 etiam
2836 5569 3085 5627 musicis
3107 5570 3249 5626 dicit
3286 5570 3448 5626 Deus
3477 5584 3584 5641 per

1920 5661 2110 5720 David
2138 5657 2512 5743 prephetam:
2552 5681 2573 5707 α
2608 5656 2854 5719 Contate
2886 5659 3155 5733 Domino,
3179 5659 3374 5723 omnis
3402 5664 3579 5731 terra,

3204 5747 3302 5814 12.
