4008 6172
312 395 430 458 363

1520 385 1948 451 SAMUELIS
1993 380 2543 446 MAROCHIANI

3622 378 3748 441 364

310 595 604 664 psalmum
635 592 809 647 dicite
840 590 1057 646 nomini
1089 588 1443 661 ejus(Psal.
1475 586 1734 657 cxxxiv).
1758 608 1780 634 ι»
1810 584 1880 639 Et
1910 583 1969 638 in
1990 569 2065 632 Π
2084 580 2385 635 Christum
2418 579 2606 648 (PsaI.
2632 579 2743 649 CL).
2764 602 2786 626 υ
2822 577 3170 648 Exemplum
3190 578 3363 632 etiam
3391 579 3447 631 in
3478 577 3743 632 secundo

311 683 519 738 eodem
548 681 805 751 psalmo:
839 678 1170 733 Cantabunt
1200 678 1303 732 tibi
1353 680 1409 731 et
1449 676 1700 747 psallent
1747 672 1968 728 nomini
2078 670 2231 724 libro
2251 670 2401 740 Reg.
2422 685 2473 722 c.
2492 685 2570 737 vx,
2585 667 2687 722 ubi
2708 668 2928 739 legitur
2948 667 3346 738 (ιιιοᾶαῡανὶἀ
3366 666 3743 735 discooperto

311 776 412 827 tuo
438 770 739 826 universae
770 768 1011 821 familiae
1038 767 1320 838 gentium.
1357 785 1379 814 ι
1412 764 1482 819 Et
1508 766 1777 818 notanter
1805 761 1966 830 dicit,

316 882 338 909 «
373 861 672 915 universae
704 856 938 911 familiai
967 856 1292 928 gentium,»
1320 856 1377 908 et
1405 869 1521 907 non
1548 851 1733 906 Israel
1764 850 1966 921 singu-

310 948 534 1002 lariter.
578 947 660 1001 De
689 946 823 999 istis
854 945 1027 1000 etiam
1076 942 1323 998 musicis
1366 942 1506 996 dicit
1554 940 1713 994 Deus
1760 952 1868 1008 per
1898 953 1967 992 os

310 1036 531 1090 David:
562 1057 583 1081 α
611 1036 827 1089 Beatus
847 1034 1101 1104 populus
1123 1033 1224 1102 qui
1253 1032 1369 1085 scit
1399 1029 1777 1093 cantilenam;
1797 1027 1967 1081 inlu-

311 1125 466 1179 mine
494 1124 696 1178 vultus
724 1122 805 1177 tui
837 1121 1217 1176 ambulabunt
1257 1119 1445 1189 (Psal.
1478 1116 1780 1187 Lxxxvm).
1816 1139 1839 1164 τι
1883 1115 1967 1169 De

222 1242 230 1264 ι
311 1213 432 1268 illis
462 1214 657 1282 etiam,
692 1211 925 1266 domine
955 1211 1053 1280 mi,
1087 1209 1405 1265 scribitur:
1443 1230 1464 1255 α
1499 1205 1822 1261 Cantabant
1863 1203 1970 1259 tibi

310 1304 521 1373 gentes
554 1302 615 1356 in
649 1301 818 1355 domo
854 1300 961 1354 Dei
981 1299 1094 1353 mei
1116 1295 1607 1367 canticum(Psa1.
1625 1294 1964 1363 ωαχνιιι).»

310 1388 374 1443 In
405 1391 536 1444 loco
566 1390 680 1444 isto
710 1387 873 1457 ponit
903 1387 1252 1442 cantilenam
1274 1383 1753 1440 antonomastice.
1780 1381 1969 1436 Etiam

310 1480 451 1531 sunt
478 1476 637 1532 mille
668 1476 807 1531 anni
827 1476 984 1548 quod
1005 1491 1115 1529 nos
1137 1473 1366 1529 Judeaei
1383 1488 1500 1527 non
1520 1470 1885 1526 cantavimus
1908 1468 1968 1522 in
1986 1482 2003 1499 ι’

309 1565 482 1619 domo
516 1569 739 1620 saneta.
757 1565 839 1619 De
858 1565 992 1618 istis
1015 1563 1356 1618 cantoribus
1374 1561 1515 1615 dicit
1537 1558 1751 1613 David:
1778 1581 1799 1605 α
1820 1556 1968 1610 Can-

307 1652 514 1707 tabunt
544 1654 836 1707 canticum
865 1652 925 1706 in
956 1652 1128 1706 domo
1160 1651 1267 1705 Dei
1292 1651 1353 1703 in
1387 1653 1731 1704 aeternum.»
1761 1646 1844 1702 De
1865 1662 1968 1701 no-

305 1741 404 1795 bis
435 1729 631 1796 dieitf
664 1764 685 1788 α
733 1740 1035 1806 Quomodo
1084 1739 1399 1795 cantabunt
1427 1737 1720 1792 canticum
1767 1734 1872 1789 Dei
1910 1735 1969 1789 in

306 1834 464 1885 terra
494 1831 731 1884 aliena?
761 1828 949 1898 (Psal.
998 1828 1261 1893 cxxxvi.)
1303 1848 1324 1876 »
1375 1826 1461 1901 Et.
1485 1824 1734 1897 qualiter
1774 1826 1970 1894 potest

309 1933 469 1987 esse,
501 1918 733 1971 domine
764 1918 862 1985 mi,
897 1917 1053 1987 quod
1082 1930 1397 1986 speramus
1427 1917 1644 1969 terram
1673 1913 1890 1966 habere
1912 1916 1968 1966 et

308 2021 546 2075 nomen,
579 2021 713 2059 cum
741 2005 903 2059 Deus
923 2005 1068 2057 dixit
1086 2021 1195 2074 per
1211 2004 1395 2057 Amos
1416 2002 1789 2073 prophetam:
1821 2023 1842 2048 α
1868 2000 1970 2055 Ce-

310 2094 451 2148 cidit
480 2094 684 2164 Israel,
718 2096 774 2147 et
801 2109 920 2147 non
949 2095 1244 2164 resurget,
1279 2093 1450 2163 virgo
1472 2090 1655 2144 Israel
1676 2091 1970 2159 prostrata

309 2185 420 2251 est,
457 2184 515 2236 et
542 2198 658 2236 non
690 2181 1018 2236 elevabitur
1045 2181 1249 2249 (Amos
1277 2180 1359 2250 v).
1397 2200 1420 2229 ι
1453 2179 1613 2234 Idem
1642 2178 1963 2249 propheta:

323 2270 429 2323 «Et
461 2270 659 2323 veniet
689 2270 989 2323 tribulatio
1013 2273 1068 2322 et
1089 2284 1204 2323 non
1223 2269 1550 2323 satvabitur
1578 2266 1678 2337 qui
1697 2265 1969 2337 effugerit

307 2374 382 2412 ex
410 2359 591 2428 eis,et
621 2359 674 2411 si
704 2358 1124 2412 absconderint
1155 2372 1221 2411 se
1246 2358 1305 2410 in
1326 2358 1522 2412 monte
1542 2354 1967 2423 Carmeli,inde

305 2446 701 2516 praecipitabit
728 2461 834 2501 eos
867 2461 1076 2499 manus
1107 2461 1265 2511 mea;
1290 2445 1521 2499 etiamsi
1551 2443 1969 2498 descenderint

306 2535 368 2588 in
409 2534 769 2604 profundum
814 2534 1031 2600 maris,
1078 2534 1217 2587 illuc
1261 2533 1483 2588 mittam
1524 2536 1863 2602 serpentes,
1912 2534 1969 2585 et

305 2623 660 2677 mordebunt
687 2638 823 2692 eos;
848 2626 904 2676 et
927 2622 981 2675 si
1001 2622 1252 2675 abierint
1271 2622 1331 2675 in
1353 2622 1748 2691 captivitatem
1768 2635 1967 2675 coram

306 2710 564 2764 inimicis
598 2711 746 2779 suis,
780 2710 861 2763 ibi
892 2709 1179 2765 mandabo
1212 2709 1471 2780 gladium
1501 2712 1558 2763 et
1578 2708 1805 2764 occidet
1837 2724 1962 2776 eos,

307 2800 364 2852 et
390 2814 602 2868 ponam
636 2799 870 2852 oculum
918 2813 1099 2867 super
1142 2813 1247 2852 eos
1293 2798 1353 2851 in
1403 2797 1620 2851 malum
1660 2801 1717 2851 et
1762 2812 1879 2850 non
1906 2797 1966 2848 in

304 2886 528 2941 bonum
559 2887 763 2955 (Amos
793 2886 893 2955 ix).
933 2909 954 2932 α
1005 2885 1172 2950 Quod
1214 2885 1352 2940 fecit
1389 2886 1563 2940 nobis
1613 2886 1793 2940 Deus.
1836 2885 1964 2939 Jam

307 2980 445 3029 sunt
475 2975 629 3029 mille
662 2975 799 3029 anni
831 2974 1123 3043 completi,
1166 2974 1324 3044 quod
1368 2974 1659 3028 canticum
1703 2976 1761 3028 et
1803 2972 1965 3043 psal-

305 3078 466 3119 mum
497 3063 894 3132 cantavimus,
927 3078 1003 3116 ex
1033 3077 1148 3132 quo
1182 3062 1269 3116 sic
1299 3064 1393 3117 est
1421 3062 1710 3133 Attamen,
1744 3065 1856 3116 etc.

906 3149 1157 3204 CAPUT
1189 3150 1369 3204 XXV.

431 3240 591 3306 Quod
622 3239 813 3294 Judaei
843 3238 1113 3293 indebita
1142 3239 1587 3309 reprehendunt
1613 3245 1843 3293 cantum

889 3310 1388 3364 Christianorum.

367 3397 614 3453 Domine
628 3398 876 3467 mi,dixit
892 3399 1050 3452 Deus
1066 3398 1137 3451 de
1152 3400 1322 3451 cantu
1335 3396 1671 3452 Christiano
1686 3413 1814 3451 rum
1857 3413 1966 3467 per

305 3501 375 3540 os
394 3484 576 3539 David
600 3504 610 3539 :
639 3509 660 3532 α
686 3486 904 3540 Omnes
924 3491 1159 3556 gentes,
1180 3485 1435 3555 plaudite
1448 3485 1743 3555 manibus,
1760 3489 1816 3539 et
1833 3501 1965 3540 can-

304 3575 419 3627 tate
452 3575 572 3627 Deo
604 3590 749 3627 voce
780 3575 972 3627 laudis
1005 3574 1193 3644 (Psal.
1228 3575 1408 3642 XLVI).
1447 3598 1468 3620 η
1507 3573 1577 3627 Et
1618 3573 1756 3627 alibi
1787 3575 1962 3630 dicit:

310 3685 331 3708 «
351 3662 648 3716 Jubilitatc
664 3662 803 3731 Deo,
823 3663 1013 3715 omnis
1032 3666 1206 3731 terra,
1224 3663 1445 3716 servite
1465 3662 1710 3717 Domino
1733 3664 1793 3716 in
1813 3664 1965 3718 lasti-

302 3752 400 3804 tia.
421 3751 656 3805 lntroitc
688 3750 746 3803 in
779 3755 1103 3819 conspectu
1136 3752 1291 3821 ejus,
1317 3751 1483 3805 dicas
1509 3754 1692 3805 totum
1714 3751 1965 3822 jubilate

302 3839 491 3909 (Psal.
526 3842 680 3908 1.xv).
723 3865 742 3885 ιο
778 3837 883 3891 Et:
917 3860 937 3886 υ
973 3837 1209 3894 Cantate
1244 3839 1510 3909 Domino,
1544 3840 1735 3894 omnis
1786 3843 1961 3911 terra,

305 3931 359 3981 et
388 3928 725 3981 annuntiatc
758 3928 829 3981 de
860 3927 954 3980 die
986 3928 1044 3981 in
1074 3928 1229 3981 diem
1259 3928 1447 3997 (Psal.
1471 3930 1652 3998 xeix).
1686 3951 1708 3976 η
1744 3930 1960 3999 Paveo,

307 4016 541 4070 domine
586 4016 684 4086 mi,
721 4032 796 4070 ex
826 4032 942 4085 quo
977 4016 1137 4070 Deus
1169 4016 1313 4070 dixit
1356 4031 1462 4086 per
1515 4032 1584 4070 os
1647 4017 1959 4072 Jeremiae:

308 4128 328 4154 «
366 4104 580 4158 Docete
612 4105 768 4159 ﬁlios
799 4110 1038 4159 vestros
1077 4110 1133 4158 et
1183 4105 1334 4158 ﬁlias
1383 4109 1619 4160 vestras
1666 4106 1864 4159 fletum
1910 4109 1966 4158 et

297 4195 613 4264 planctum,
651 4194 924 4263 quoniam
955 4209 1117 4249 mors
1131 4208 1381 4265 egressa
1401 4196 1492 4247 est
1506 4210 1611 4263 per
1640 4197 1844 4264 portas
1868 4209 1965 4248 ve-

301 4288 457 4337 stras
492 4283 641 4349 (Jer.
675 4282 818 4351 1x).»
847 4282 933 4335 Ex
964 4298 1079 4353 quo
1100 4283 1259 4336 Deus
1291 4282 1525 4337 dixitde
1546 4283 1641 4336 his
1673 4283 1810 4337 ﬁliis
1833 4299 1965 4337 mu-

299 4374 443 4426 sicis
467 4388 572 4440 per
597 4387 664 4426 os
681 4371 895 4426 David:
921 4394 942 4418 ‹‹
974 4372 1173 4443 Reges
1204 4374 1408 4426 terrae:
1435 4375 1490 4425 et
1508 4386 1714 4425 omnes
1737 4372 1958 4451 pepuli,

296 4462 597 4531 principes
630 4463 685 4514 et
714 4460 1174 4530 omnesjudiees
1194 4458 1669 4530 terrae;juvenes
1697 4464 1753 4514 et
1783 4461 1961 4532 virgi-

296 4566 427 4618 ncs,
464 4564 644 4602 senes
679 4565 811 4601 cum
836 4547 1201 4618 junioribus,
1229 4549 1467 4602 laudent
1490 4564 1701 4602 nomen
1732 4548 1964 4602 Domini

2000 1937 2055 2002 Β

2003 3292 2057 3359 C

2081 758 2268 827 capite
2317 757 2544 812 saltans
2601 772 2734 810 cum
2780 755 3003 810 cithara
3060 758 3192 809 ante
3248 770 3449 809 aicam
3507 755 3744 810 Domini

2081 861 2256 916 quem
2287 844 2598 900 temeraria
2627 860 2777 898 uxor
2804 860 2912 898 sua
2943 843 3159 898 Miehol
3201 859 3349 897 ausa
3396 848 3489 898 est
3536 843 3743 898 redar—

2081 948 2287 1006 guere,
2322 933 2417 988 cui
2447 933 2577 1002 ipse
2609 933 2719 987 ait:
2752 932 2799 986 O
2832 932 3012 1000 fatua,
3044 947 3237 986 nonne
3259 932 3483 987 videbit
3498 946 3589 985 me
3619 931 3744 985 Do-

2080 1021 2276 1075 minus
2309 1020 2655 1089 despectum
2683 1021 3033 1088 psallentem
3053 1020 3081 1073 ‘2
3102 1019 3204 1073 ﬁlii
3226 1022 3420 1073 autem
3436 1019 3619 1072 Israel
3652 1034 3747 1072 so—

2081 1108 2297 1163 nabant
2324 1108 2655 1176 buccinam,
2688 1107 2826 1161 dum
2846 1107 3310 1162 transducebant
3330 1121 3547 1161 arcam.
3575 1129 3597 1155 »
3624 1104 3744 1160 Sed

2083 1197 2224 1268 quid
2267 1211 2510 1266 sumus,
2556 1195 2790 1250 domine
2832 1195 2931 1265 mi,
2977 1195 3296 1250 irridentes
3338 1194 3744 1249 solemnitates

2081 1285 2348 1355 ipsorum
2379 1285 2767 1354 musicorum;
2800 1284 2917 1339 nisi
2947 1284 3163 1339 Michol
3194 1284 3371 1354 fatua,
3390 1286 3447 1339 et
3475 1284 3575 1354 qui
3605 1286 3748 1339 sunt

2087 1372 2187 1427 isti
2203 1376 2505 1442 canentes,
2522 1372 2640 1427 nisi
2654 1370 2979 1426 Christiani
2999 1372 3281 1427 saltantes
3301 1374 3356 1427 et
3375 1372 3744 1427 exsultantes

2087 1461 2209 1516 Deo
2253 1462 2314 1514 in
2344 1460 2703 1529 humilitate,
2740 1460 2895 1515 sicut
2942 1460 3129 1515 David
3155 1462 3184 1515 ?
3227 1461 3558 1531 praesertim
3609 1475 3748 1514 cum

2085 1549 2225 1603 dicit
2275 1548 2478 1603 Deus:
2547 1569 2569 1599 ‹
2629 1547 2833 1603 Omnis
2881 1549 3127 1618 spiritus
3180 1548 3376 1604 laudet
3428 1550 3748 1604 Dominum

2083 1636 2272 1708 (PsaI.
2307 1638 2420 1707 cn).
2458 1660 2480 1685 ι»
2515 1636 2578 1692 Si
2609 1637 2865 1691 dixisset
2896 1653 2908 1692 :
2942 1636 3147 1692 Omnis
3180 1638 3445 1691 Israelita
3466 1638 3743 1708 praecise,

2080 1728 2219 1780 tunc
2262 1740 2586 1795 possemus
2637 1725 2769 1779 aliis
2829 1725 3133 1780 insultare.
3175 1726 3303 1780 Hoc
3350 1729 3544 1781 autem
3585 1726 3747 1797 quod

2080 1814 2269 1869 Isaias
2300 1814 2445 1868 dixit
2473 1814 2631 1884 quod
2667 1837 2687 1860 ιι
2722 1816 2933 1885 gentes
2963 1817 3102 1868 sunt
3132 1814 3192 1868 in
3234 1817 3560 1885 conspectu
3605 1814 3744 1884 ejus

2081 1903 2253 1974 quasi
2282 1902 2427 1957 nihil
2460 1902 2598 1973 (Isa.
2632 1902 2751 1973 XL),
2788 1925 2810 1949 ιτ
2846 1905 2939 1957 est
2966 1903 3413 1975 intelligendum
3443 1904 3514 1957 de
3544 1903 3745 1975 genti-

2080 1993 2195 2046 bus
2225 1992 2359 2045 istis
2390 2006 2524 2062 quaa
2556 1990 2795 2045 fuerunt
2824 1994 3136 2063 antequam
3167 1991 3453 2047 haberent
3480 1992 3747 2046 notitiam

2081 2080 2186 2135 Dei
2216 2094 2324 2150 per
2340 2079 2656 2133 adventum
2678 2078 2711 2133 J
2718 2080 2855 2149 usti,
2870 2079 3009 2150 quia
3028 2082 3167 2134 tunc
3189 2079 3425 2134 fuerant
3451 2080 3665 2151 pagani
3686 2083 3751 2134 et

2079 2168 2402 2222 idololatrae
2421 2183 2569 2238 ,non
2600 2168 2671 2221 de
2700 2168 2979 2240 gentibus
3008 2183 3141 2239 quae
3172 2168 3521 2223 invenerunt
3552 2167 3748 2221 Domi-

2082 2272 2242 2324 num,
2275 2272 2407 2327 quaa
2431 2254 2683 2311 offerunt
2702 2256 2860 2309 omni
2881 2256 2974 2310 die
2995 2256 3354 2310 sacriﬁcium
3376 2256 3656 2310 mundum
3683 2256 3747 2309 in

2080 2344 2319 2398 Oriente
2351 2346 2408 2398 et
2437 2345 2498 2398 in
2546 2343 2881 2413 Occidente,
2916 2344 3071 2398 sicut
3116 2345 3257 2400 dicit
3301 2360 3411 2416 per
3440 2360 3510 2399 os
3557 2344 3747 2397 Mala-

2082 2432 2232 2487 chiac
2261 2433 2564 2502 prophetae
2594 2432 2759 2501 (Mal.
2793 2431 3075 2502 1),utjam
3097 2433 3374 2502 superius
3406 2436 3500 2487 est
3525 2432 3750 2504 allega—

2081 2525 2201 2575 tum
2228 2522 2285 2575 et
2312 2524 2491 2591 certe,
2507 2521 2741 2575 domine
2767 2521 2865 2589 mi,
2882 2536 2992 2574 nos
3015 2536 3302 2576 erramus.
3319 2522 3747 2591 Attamen,etc.

2663 2607 2914 2661 CAPUT
2953 2608 3162 2662 XXVI.

2308 2696 2539 2752 Probat.
2567 2697 2920 2769 apostasiam
2951 2696 3286 2752 Judaeorum
3316 2714 3348 2751 a
3370 2698 3513 2753 Deo.

2151 2787 2345 2840 Paveo
2363 2827 2378 2856 ,
2409 2784 2664 2853 domine,
2688 2784 2847 2855 quod
2869 2786 3332 2855 apostatavimus
3355 2803 3389 2841 a
3411 2786 3531 2840 Deo
3549 2787 3607 2840 in
3630 2786 3751 2857 pri-

2081 2889 2174 2928 mo
2197 2875 2453 2929 adventu
2470 2874 2647 2929 istius
2670 2874 2845 2944 Justi,
2861 2874 2933 2928 de
2956 2890 3072 2945 quo
3094 2874 3529 2929 introduximus
3540 2879 3748 2929 aucto-

2080 2962 2285 3017 ritates
2315 2963 2655 3034 praedictas,
2674 2965 2730 3016 et
2750 2962 2843 3016 cui
2865 2977 3152 3031 expresse
3175 2964 3531 3018 conveniunt
3546 2964 3747 3018 omnia

2081 3067 2213 3122 quae
2244 3051 2468 3122 scripta
2497 3054 2635 3105 sunt
2656 3051 2810 3120 apud
2839 3065 2948 3105 nos
2978 3050 3038 3104 in
3067 3052 3236 3106 libris
3267 3052 3450 3123 Legis
3483 3056 3536 3106 et
3586 3052 3744 3106 Pro-

2080 3141 2410 3211 phetarum,
2442 3144 2681 3210 propter
2723 3155 2899 3210 quam
2943 3140 3320 3211 apostasiam,
3374 3140 3527 3194 sicut
3575 3139 3745 3193 Deus

2081 3229 2390 3298 praetendit
2446 3227 2876 3300 longitudinem
2923 3227 3191 3298 dierum,
3242 3232 3299 3283 et
3346 3228 3746 3298 captivitatem

2081 3316 2256 3373 istam
2284 3317 2459 3372 nobis
2488 3316 2699 3387 intulit,
2731 3319 2788 3371 et
2819 3318 2873 3371 si
2903 3321 3320 3386 exspectamus
3379 3318 3743 3372 salvatorem

2080 3406 2256 3460 alium
2286 3407 2360 3461 ab
2390 3406 2490 3461 illo
2520 3405 2551 3460 J
2559 3410 2714 3477 usto,
2747 3421 2863 3460 non
2893 3406 3136 3476 prodest
3155 3406 3348 3460 nobis.
3369 3405 3617 3477 Signum
3648 3409 3746 3461 est

2079 3494 2325 3549 evidens
2355 3495 2511 3565 quod
2542 3510 2649 3563 pro
2679 3497 2921 3565 peccato
2946 3494 3404 3566 generali,quod
3423 3497 3516 3548 est
3544 3494 3605 3548 in
3632 3509 3743 3549 no-

2078 3584 2174 3638 bis
2204 3584 2501 3652 omnibus,
2518 3582 2673 3653 quod
2693 3586 3000 3652 peccatum
3022 3599 3155 3637 cum
3175 3587 3517 3653 perseverat
3546 3583 3606 3636 in
3626 3598 3744 3637 no-

2080 3672 2197 3741 bis,
2229 3672 2640 3740 perseverabit
2689 3672 2774 3724 ira
2806 3688 2989 3741 super
3016 3675 3251 3744 gentem
3298 3677 3560 3726 nostram
3609 3673 3747 3726 sine

2083 3777 2211 3831 spe,
2247 3764 2303 3814 et
2333 3764 2525 3814 tamen
2554 3763 2968 3830 exspectamus
2998 3762 3252 3832 aliquem
3274 3761 3617 3832 alium,qum
3635 3777 3745 3815 ex-

2085 3851 2370 3920 spectatio
2393 3866 2509 3904 non
2522 3850 2766 3919 prodest
2782 3849 2978 3905 nobis.
2995 3849 3065 3903 Et
3082 3850 3137 3904 si
3155 3850 3517 3905 voluerimus
3538 3850 3743 3905 dicere

2081 3938 2237 4012 quod
2270 3939 2399 3993 haec
2429 3938 2737 4009 captivitas
2768 3954 2886 3994 non
2918 3941 3009 3993 est
3039 3939 3369 4011 generalis,
3403 3942 3460 3993 et
3487 3940 3643 4009 quod
3680 3940 3744 3993 in

2078 4029 2273 4099 aliqua
2300 4031 2464 4097 parte
2496 4025 2699 4079 mundi
2725 4041 2835 4080 nos
2864 4026 3153 4082 habemus
3186 4043 3389 4099 regem
3429 4030 3484 4081 et
3514 4028 3742 4098 princi-

2077 4132 2233 4188 pem,
2268 4117 2382 4170 cito
2411 4116 2736 4186 poterimus
2768 4116 3095 4170 secundum
3124 4117 3347 4188 Legem
3372 4120 3637 4171 nostram
3653 4132 3745 4170 ar-
3765 4149 3778 4162 ο

2079 4207 2183 4279 gui
2210 4206 2281 4260 de
2312 4205 2616 4259 mendacio
2647 4207 2703 4258 et
2731 4205 3022 4259 convinci.
3054 4204 3202 4258 Nam
3225 4206 3275 4259 si
3308 4221 3419 4260 nos
3451 4205 3645 4260 εἰαόωὶ
3680 4207 3743 4261 in

2079 4297 2273 4367 aliqua
2302 4298 2466 4365 parte
2485 4293 2684 4347 mundi
2707 4306 2912 4365 regem
2933 4296 2990 4347 et
3008 4294 3332 4364 principem
3353 4294 3738 4364 haberemus,

2077 4385 2190 4439 hoc
2221 4386 2384 4438 esset
2412 4383 2483 4437 de
2516 4399 2630 4436 una
2662 4384 2790 4437 sola
2819 4383 3557 4453 tribu,scilicetJuda,sed
3574 4383 3740 4438 Deus

2077 4473 2341 4527 deﬁnivit
2373 4474 2574 4526 contra
2605 4471 2817 4526 Judam
2847 4471 3003 4542 quod
3031 4488 3148 4526 non
3181 4476 3343 4526 esset
3373 4488 3556 4543 super
3583 4472 3741 4527 Juda

2076 4576 2183 4615 rex
2210 4577 2284 4615 ex
2313 4561 2407 4613 illa
2437 4560 2499 4613 in
2527 4562 2830 4614 aeternum.
2866 4560 3034 4615 Unde
3063 4560 3206 4615 dixit
3250 4560 3543 4614 Jereinias
3593 4576 3741 4630 pro-

297 4638 765 4707 (Psa1.cxx.vmi.
787 4658 807 4685 »
831 4636 927 4690 Et:
956 4659 975 4681 ιι
995 4637 1056 4688 In
1080 4636 1379 4690 sacriﬁcio
1410 4640 1619 4690 cantus
1650 4637 1963 4691 honorabit
1994 4649 2049 4712 ι)
2072 4650 2248 4720 pheta
2274 4666 2284 4702 ;
2325 4672 2347 4695 α
2384 4650 2697 4703 peccatum
2726 4648 2894 4702 Judae
2928 4649 3213 4718 scriptum
3230 4652 3323 4703 est
3352 4646 3506 4719 stylo
3539 4648 3740 4703 ferreo

298 4726 587 4796 me(Psul.
603 4727 813 4795 xLix);»
825 4742 892 4778 ac
907 4724 957 4778 si
974 4729 1174 4794 aperte
1189 4725 1425 4778 diceret:
1446 4725 1578 4779 Non
1593 4725 1649 4778 in
1666 4725 1961 4780 sacrificio

297 4815 563 4867 carnium
594 4815 915 4876 hircorum,
950 4814 1103 4867 sicut
1136 4813 1498 4866 sacriﬁcium
1528 4818 1815 4868 nostrum.
1846 4837 1867 4861 ››
1893 4814 1963 4868 Et

296 4902 367 4955 de
398 4902 491 4955 his
518 4903 704 4956 Isaias
724 4903 1037 4972 prephcta:
1064 4926 1084 4949 α
1113 4902 1507 4956 Addiscentes
1525 4902 1884 4973 Scripturas,
1905 4906 1961 4957 et

296 4992 479 5043 totum
515 4992 866 5047 Psalterium
900 4992 1103 5060 David,
1130 4992 1218 5045 sic
1241 4990 1511 5045 musicali
1543 4996 1669 5045 arte
1700 4994 1959 5045 notatum

294 5093 401 5146 per
431 5094 642 5132 sonum
677 5086 909 5135 acutum
928 5086 983 5134 et
1017 5096 1280 5152 gravem.
1312 5103 1331 5126 υ
1368 5080 1477 5133 His
1510 5080 1784 5134 omnibus
1814 5096 1961 5134 con-

298 5164 600 5235 sideratis,
635 5168 868 5222 videtur
900 5170 1041 5222 milii
1073 5169 1230 5240 quod
1259 5183 1369 5222 nos
1418 5183 1687 5222 erramus
1731 5168 1789 5221 in
1821 5168 1955 5236 hoc,

296 5257 454 5323 quod
487 5270 597 5307 nos
631 5255 689 5308 in
722 5272 848 5310 sua:
880 5257 1071 5311 laudis
1103 5257 1396 5311 sacriﬁcio
1419 5255 1782 5327 judicamus,
1804 5255 1962 5326 quod

292 5342 352 5394 in
386 5340 655 5395 Ecclesia
696 5343 799 5398 Dei
819 5346 1097 5400 exhibent
1128 5346 1434 5415 cantando,
1463 5344 1797 5414 praesertim
1828 5359 1962 5398 eum

294 5430 353 5483 in
378 5431 510 5502 lege
544 5431 646 5484 Dei
678 5433 735 5484 in
766 5432 878 5486 hoc
910 5434 1280 5489 inveniamus
1298 5436 1592 5504 praecepta
1614 5437 1670 5487 et
1690 5433 1960 5501 exempla

276 5519 502 5590 David,
537 5520 636 5591 qui
668 5521 840 5574 etiam
871 5522 1038 5577 dicit:
1080 5545 1101 5569 «
1145 5523 1405 5577 Laudate
1451 5538 1583 5577 eum
1626 5522 1687 5575 in
1736 5520 1961 5576 cithara

293 5613 349 5663 et
382 5624 627 5681 organo,
660 5613 718 5664 et
748 5609 977 5665 laudate
1008 5626 1143 5665 eum
1164 5613 1224 5666 in
1256 5612 1542 5684 cymbalis
1573 5613 1804 5683 magnis
1837 5611 1957 5666 lau-

292 5698 491 5771 dibus,
526 5702 583 5756 et
614 5700 808 5756 omnis
848 5700 1099 5773 spiritus
1149 5701 1347 5758 laudet
1392 5702 1705 5758 Dominum
1751 5701 1960 5759 Jesum

2073 4740 2131 4791 in
2161 4738 2354 4808 lapide
2384 4737 2777 4804 adamantino,
2804 4735 3074 4790 insiliens
3108 4752 3290 4807 super
3319 4737 3499 4791 corda
3529 4752 3739 4791 eorum

2075 4827 2224 4896 (Jer.
2260 4842 2426 4891 XVII).
2449 4848 2471 4873 η
2499 4824 2574 4879 Et
2592 4824 2650 4877 id
2678 4825 2834 4895 quod
2858 4825 3142 4895 scriptum
3165 4829 3256 4879 est
3278 4824 3431 4895 stylo
3456 4824 3654 4879 ferreo
3679 4826 3741 4878 in

2078 4915 2271 4985 lapide
2300 4914 2669 4968 adamantino
2689 4914 2941 4984 qualiter
2958 4914 3144 4967 deleri
3166 4917 3601 4983 exspectamus,
3620 4930 3740 4967 non

2077 5005 2369 5059 delebitur
2396 5004 2454 5056 in
2485 5005 2789 5072 aeternum,
2803 5003 3136 5073 praesertim
3159 5019 3290 5056 cum
3310 5003 3471 5057 Deus
3494 5002 3666 5056 fortis
3680 5005 3741 5057 et

2075 5094 2382 5165 gloriosus
2402 5092 2637 5147 locutus
2659 5095 2751 5147 est
2779 5107 2884 5161 per
2904 5107 2973 5145 os
3006 5092 3176 5145 Isaiae
3206 5091 3509 5162 prophetae
3535 5108 3546 5145 ε
3578 5113 3601 5139 α
3628 5091 3742 5145 Do-

2070 5182 2327 5236 minator
2359 5180 2644 5236 Dominus
2677 5180 2868 5234 aufert
2890 5180 2962 5235 ab
2993 5180 3324 5235 Jerusalem
3343 5178 3743 5250 etJudajudi-

2071 5287 2219 5338 cem,
2254 5270 2601 5341 prophetam
2632 5272 2689 5325 et
2716 5269 3041 5339 principem
3080 5268 3217 5337 (Isa.
3252 5268 3357 5338 ιιι).
3397 5292 3417 5315 η
3446 5268 3529 5324 De
3558 5268 3741 5323 nobis

2070 5359 2245 5414 etiam
2277 5359 2419 5412 dicit
2438 5357 2723 5429 propheta
2752 5356 2905 5410 Osce
2931 5372 2943 5411 :
2981 5380 3002 5403 ιι
3040 5356 3225 5411 Erunt
3253 5356 3357 5410 ﬁlii
3387 5356 3571 5412 Israel
3604 5356 3741 5411 sine

2068 5448 2354 5521 principe,
2389 5450 2446 5502 et
2476 5447 2607 5500 sine
2637 5446 2792 5518 lege,
2827 5446 2956 5501 sine
3002 5445 3315 5512 sacriﬁcio,
3352 5445 3481 5500 sine
3514 5445 3736 5516 ephod,

2071 5538 2200 5592 sine
2213 5537 2378 5591 altari
2403 5539 2460 5591 et
2491 5535 2620 5593 sine
2648 5535 2936 5605 teraphim
2959 5532 3206 5608 [therap]
3228 5533 3389 5605 (Ose.
3414 5536 3519 5604 ιιι).
3549 5557 3571 5582 ιι
3607 5532 3740 5588 Nos

2070 5628 2318 5697 scimus,
2352 5625 2587 5681 domine
2618 5625 2718 5696 mi,
2753 5625 2910 5697 quod
2940 5625 3012 5680 ab
3042 5625 3207 5680 initio
3246 5624 3448 5679 mundi
3495 5623 3742 5678 fuerunt

2069 5716 2251 5792 aliqui
2280 5714 2479 5791 magni
2511 5719 2568 5773 et
2599 5715 2791 5772 sancti
2821 5728 3022 5772 coram
3052 5714 3196 5788 Deo,
3231 5716 3288 5773 et
3334 5713 3396 5772 in
3440 5709 3739 5786 principio
