3978 6178
187 382 287 446 365

935 377 1192 440 LIBER
1235 378 1347 439 DE
1390 376 1729 439 M'ESSI/E
1771 377 2183 443 ADVENTU
2227 382 2736 446 PRIETERITO

3394 398 3397 403 ⁴
3439 390 3558 454 366

189 579 407 635 fueruntl
435 595 595 650 ongae
634 578 791 648 vitm,
813 579 967 633 sicut
996 577 1387 633 Mathusalem
1406 581 1463 631 et
1484 576 1708 647 Enoch,
1733 582 1789 633 et
1808 560 1864 628 λ
1898 577 2053 632 linea
2081 595 2272 651 usque
2317 582 2388 636 ad
2434 583 2664 637 beatam
2703 583 2948 639 Mariam
2976 586 3265 658 virginem
3314 594 3557 645 matrem

182 669 346 724 ceteri
371 667 529 737 (Gen.
559 670 638 737 v),
671 669 731 722 et
773 667 997 721 nullum
1046 667 1277 721 illorum
1324 667 1585 722 extendit
1626 667 1787 721 Deus

1901 666 2057 737 ejus.
2090 667 2174 723 De
2210 668 2393 724 Maria
2422 686 2563 725 vero
2594 672 2807 727 dicitur
2836 673 2926 727 sic
2955 673 3013 727 in
3047 675 3338 732 Alcorano
3367 678 3439 732 de
3469 678 3560 732 fa-

181 757 299 812 ultra
325 757 467 812 mille
492 771 700 825 annos,
726 760 784 811 et
810 771 922 811 nos
954 756 1288 811 invenimus
1318 756 1472 811 inter
1497 772 1608 811 nos
1630 755 1788 827 quod
1898 755 2058 810 milia
2089 757 2346 812 Adamar
2377 775 2390 813 :
2438 759 2596 813 Dixit
2624 761 2876 832 angelus
2904 760 3139 818 Gabriel
3168 764 3238 817 ad
3268 765 3511 820 Mariam
3546 782 3559 820 :

181 845 413 914 Messias,
436 845 558 900 sive
582 843 859 900 Christus
889 846 1226 915 promissus
1257 845 1451 915 nobis,
1476 845 1586 899 fuit
1613 847 1787 899 natus
1899 845 1947 898 Ο
1977 845 2177 915 Maria,
2213 847 2374 901 Deus
2404 850 2461 901 te
2492 848 2670 920 elegit
2697 852 2754 903 et
2783 850 2980 905 docuit
3017 853 3286 924 gratiam,
3320 856 3377 908 et
3401 870 3562 925 prae-

181 937 226 989 in
248 934 537 1004 Babylonia
579 939 845 1004 tempore
893 934 1248 1004 captivitatis
1290 933 1451 989 illius
1500 950 1633 1004 quae
1679 932 1791 988 fuit

182 1022 499 1094 septuaginta
544 1038 833 1078 annorum
857 1064 872 1094 ,
923 1023 1031 1077 sed
1080 1022 1194 1077 hoc
1240 1025 1473 1093 tempus
1520 1023 1789 1075 nostrum

179 1111 319 1165 habet
341 1111 395 1164 in
423 1113 588 1166 atate
635 1110 773 1166 1050
813 1127 1041 1177 annos;
1083 1127 1259 1182 quam
1298 1110 1553 1165 fabulam
1584 1114 1790 1165 etnon

180 1200 495 1269 prophetiam
526 1200 688 1256 nulla
725 1201 949 1257 ratione
989 1215 1315 1271 possumus
1354 1198 1701 1267 defendere,
1734 1199 1793 1252 et

176 1292 331 1343 tamen
356 1287 603 1344 dicimus
633 1292 690 1344 et
718 1289 1051 1344 asserimus
1080 1289 1141 1343 in
1169 1287 1508 1361 Synagogis
1543 1286 1787 1356 nostris,

177 1378 255 1430 ubi
267 1377 444 1431 nullus
464 1379 885 1434 commiscetur
902 1378 1078 1433 nobis
1091 1379 1431 1433 extraneus.
1447 1375 1563 1442 Sed
1583 1375 1791 1431 audias

175 1464 454 1521 doctrinam
498 1465 975 1521 Christianorum
1029 1465 1322 1536 publicam
1392 1479 1576 1534 super
1638 1463 1789 1534 psal.

172 1570 345 1608 Lxxxvi
377 1570 388 1609 :
429 1578 450 1602 ι
489 1552 814 1610 Fundatam
846 1555 921 1609 ad
951 1554 1094 1609 Sion
1126 1555 1282 1609 dicet
1312 1553 1508 1623 homo,
1534 1556 1591 1607 et
1616 1552 1792 1607 homo

172 1645 311 1697 natus
336 1646 421 1698 est
446 1644 507 1698 in
537 1658 631 1713 ea,
657 1646 713 1698 et
742 1644 872 1714 ipse
904 1643 1005 1713 qui
1033 1644 1146 1711 est,
1187 1641 1454 1696 fundavit
1484 1655 1633 1695 eam.
1671 1664 1692 1688 η
1726 1640 1791 1694 In

170 1730 338 1785 verbis
367 1731 494 1787 istis
526 1733 792 1787 nominat
815 1731 1060 1785 Mariam
1092 1730 1384 1785 dominam
1407 1730 1641 1784 nomine
1658 1728 1796 1782 civi-

167 1820 292 1889 tatis,
313 1822 362 1875 et
397 1820 534 1875 dicit
566 1821 726 1892 quod
764 1844 786 1869 ιι
821 1821 996 1875 homo
1025 1822 1199 1874 natus
1226 1822 1317 1873 est
1345 1819 1404 1872 in
1427 1834 1516 1889 ea,
1542 1838 1563 1867 ι
1592 1820 1648 1872 et
1676 1832 1794 1871 non

168 1907 294 1974 dicit,
316 1909 440 1963 talis
463 1909 734 1964 Israelita
754 1911 847 1964 vel
869 1909 1026 1979 talis,
1048 1912 1109 1963 ut
1138 1908 1436 1980 intelligas
1458 1907 1614 1978 quod
1637 1905 1794 1959 filius

169 1994 334 2052 Mariae
354 2011 466 2053 non
481 1999 599 2054 fuit
619 2014 877 2069 unquam
898 1998 959 2052 in
984 1997 1204 2052 lumbis
1233 1995 1491 2066 alicujus
1513 1994 1793 2050 hominis.

165 2083 220 2138 Et
252 2086 303 2140 in
329 2087 591 2142 secundo
632 2086 787 2142 libro
830 2087 1061 2158 Regum
1110 2086 1298 2156 capite
1346 2085 1627 2154 septimo,
1681 2083 1795 2137 hoc

165 2174 433 2230 manifeste
450 2175 735 2244 declarat,
753 2191 886 2229 cum
905 2175 1066 2229 Deus
1086 2173 1226 2228 dicit
1242 2173 1313 2227 ad
1332 2173 1515 2227 David
1535 2188 1546 2227 :
1567 2195 1589 2219 ιι
1608 2171 1796 2238 Quan-

163 2262 222 2317 do
235 2264 614 2333 compleveris
634 2264 764 2318 dies
782 2267 939 2331 tuos,
958 2266 1014 2318 et
1035 2262 1350 2316 dormieris
1373 2277 1504 2316 cum
1527 2260 1794 2331 patribus

162 2351 274 2419 tuis,
295 2353 599 2408 suscitabo
631 2353 977 2424 progeniem
1006 2354 1163 2405 tuam
1194 2353 1332 2421 post
1359 2354 1436 2421 te,
1462 2366 1595 2422 quae
1623 2364 1798 2422 egre-

160 2438 319 2494 dietur
344 2441 412 2495 de
442 2445 620 2496 utero
649 2443 772 2511 tuo,
815 2444 869 2496 et
920 2455 1035 2512 ego
1086 2456 1188 2495 ero
1226 2439 1311 2493 illi
1356 2440 1417 2493 in
1461 2442 1707 2509 patrem,
1742 2440 1800 2492 et

160 2527 264 2597 ipse
289 2530 394 2584 erit
422 2529 576 2584 mihi
610 2529 667 2584 in
700 2529 904 2584 tilium.
929 2528 1078 2584 uSed
1099 2543 1396 2599 nunquam
1418 2527 1635 2582 fuisset
1663 2541 1802 2596 pos-

158 2616 573 2689 sibile,domine
596 2619 699 2687 mi,
716 2618 871 2689 quod
893 2618 1109 2689 aliquis
1131 2617 1517 2689 egrederetur
1536 2614 1608 2669 de
1631 2616 1798 2668 utero

158 2708 316 2773 patris
344 2708 458 2777 sui,
492 2708 609 2763 sed
637 2706 751 2762 hoc
782 2721 1071 2776 expresse
1102 2705 1266 2776 ponit
1294 2705 1366 2758 ad
1393 2704 1801 2759 demonstran-

158 2792 288 2865 dum,
314 2797 467 2867 quod
487 2796 775 2851 Christus
798 2811 914 2851 non
936 2795 1089 2850 foret
1118 2792 1545 2863 concipiendus
1575 2793 1637 2846 in
1668 2807 1800 2845 mu-

160 2882 274 2938 liere
299 2899 399 2955 per
428 2900 644 2941 semen
687 2885 955 2939 decisum
985 2884 1057 2938 de
1090 2882 1307 2937 lumbis
1339 2881 1469 2951 viri,
1497 2882 1653 2935 sicut
1681 2896 1801 2933 cae-

158 2973 249 3025 teri
274 2972 567 3042 homines,
611 2976 730 3027 tam
774 2989 806 3027 a
852 2972 1034 3026 David
1066 2986 1243 3042 quam
1277 2970 1348 3024 ab
1379 2970 1514 3023 aliis
1545 2969 1802 3023 descen-

158 3059 337 3117 dendo.
363 3062 517 3117 Dicit
549 3064 731 3117 etiam
764 3060 924 3115 Deus
952 3075 1060 3130 per
1087 3075 1156 3113 os
1190 3057 1377 3112 David
1406 3058 1466 3111 in
1497 3057 1647 3127 psal.
1674 3072 1799 3111 Cix:

161 3169 178 3192 ι
206 3147 280 3203 Ex
306 3153 469 3206 utero
511 3154 654 3205 ante
699 3150 1035 3204 Luciferum
1070 3147 1250 3220 genui
1280 3149 1356 3216 te,
1394 3169 1417 3195 ι
1453 3161 1521 3200 ac
1555 3146 1606 3200 si
1641 3145 1799 3199 Deus

155 3235 301 3293 fortis
330 3244 386 3294 et
416 3239 733 3312 gloriosus
756 3238 976 3293 diceret
1004 3237 1077 3292 de
1107 3228 1344 3292 Christo
1376 3251 1507 3304 suo,
1542 3234 1699 3305 quod
1731 3235 1802 3288 de

1839 3281 1892 3344 C

1909 932 2087 1005 elegit
2116 949 2300 1005 super
2326 950 2532 991 omnes
2576 937 2856 993 mulieres
2887 940 3145 995 omnium
3175 941 3562 1013 saeculorum,

1904 1025 1960 1077 et
1988 1023 2186 1092 posuit
2231 1026 2283 1077 te
2322 1025 2494 1095 quasi
2534 1041 2751 1080 novum
2790 1028 3077 1099 medium,
3112 1029 3384 1086 dividens
3412 1032 3567 1087 inter

1904 1110 2175 1165 homines
2206 1113 2474 1166 terrenos
2504 1115 2561 1166 et
2589 1114 2837 1185 angelos
2882 1115 2989 1171 Dei
3018 1118 3077 1172 in
3108 1119 3383 1189 paradiso
3415 1119 3567 1175 deli-

1904 1199 2369 1254 ciarum.Dicunt
2386 1200 2559 1255 etiam
2576 1217 2782 1258 omnes
2795 1202 3105 1260 Sarraceni
3121 1207 3277 1278 quod
3288 1207 3563 1264 Christus

1903 1286 2031 1342 sive
2053 1287 2307 1342 Messias
2331 1288 2534 1345 habuit
2554 1306 2587 1344 a
2610 1290 2730 1346 Deo
2752 1293 3098 1362 potestatem
3120 1294 3373 1351 faciendi
3396 1297 3565 1352 mira-

1907 1375 2066 1444 cula,
2111 1377 2357 1430 sanandi
2400 1393 2632 1432 omnem
2672 1380 3022 1451 languorem
3054 1385 3111 1436 et
3138 1382 3564 1457 inﬁrmitatem,

1905 1467 1962 1518 et
1992 1464 2268 1535 ejiciendi
2292 1466 2601 1536 daemonia,
2623 1469 2680 1522 et
2700 1469 3027 1523 suscitandi
3058 1474 3348 1543 mortuos,
3374 1476 3430 1528 et
3452 1474 3568 1528 sci-

1902 1553 1987 1607 vit
2018 1553 2212 1608 omnia
2244 1557 2476 1609 secreta
2496 1556 2782 1626 cordium,
2808 1560 2865 1611 et
2896 1557 3141 1613 credunt
3172 1561 3367 1615 omnia
3392 1562 3566 1617 mira-

1906 1640 2037 1696 cula
2059 1642 2266 1696 Jesum
2298 1643 2519 1697 fecisse
2551 1660 2684 1715 quae
2714 1644 3103 1717 Evangelium
3127 1653 3566 1705 commemorat.

1905 1729 1976 1784 Et
2006 1730 2116 1784 hoc
2150 1746 2436 1801 expresse
2468 1732 2815 1788 testiﬁcatur
2843 1734 3173 1791 Alcoranus
3210 1737 3311 1791 ubi
3356 1737 3572 1794 dicitur

1904 1818 1964 1872 in
1988 1819 2175 1888 capite
2197 1819 2479 1889 praedicto
2494 1821 2650 1892 quod
2668 1822 2924 1878 Messias
2943 1824 3119 1879 scivit
3138 1827 3193 1879 et
3215 1826 3331 1880 scit
3350 1827 3566 1897 omnia,

1906 1911 1963 1961 et
1990 1908 2163 1962 etiam
2205 1913 2439 1963 secreta
2479 1910 2767 1965 cordium.
2811 1911 2980 1967 Unde
3025 1913 3212 1968 verba
3254 1914 3573 1970 Mahometi

1906 1995 2145 2050 fuerunt
2173 1996 2344 2051 talia:
2380 1995 2563 2052 Scivit
2592 1998 2752 2069 Eise,
2786 1999 2843 2053 id
2875 2004 2967 2055 est
2995 2000 3205 2072 Jesus,
3244 2017 3476 2057 omnem
3504 2004 3569 2057 li-

1904 2085 2077 2139 brum
2110 2088 2166 2140 et
2194 2101 2426 2140 omnem
2457 2087 2804 2157 sapientiam
2823 2130 2837 2158 ,
2873 2091 2929 2143 et
2966 2090 3140 2144 etiam
3167 2091 3346 2144 totam
3375 2091 3572 2163 legem

1907 2173 2121 2244 Moysi,
2146 2177 2202 2228 et
2232 2175 2371 2244 quid
2404 2174 2674 2230 homines
2708 2177 3095 2232 comedebant
3125 2180 3183 2232 et
3211 2179 3493 2233 bibebant
3514 2179 3570 2234 in

1907 2261 2182 2317 domibus
2213 2263 2362 2331 suis,
2386 2265 2443 2318 et
2463 2263 2604 2333 quid
2636 2265 2997 2334 reponebant
3020 2265 3078 2319 in
3095 2266 3395 2321 thesauris
3416 2267 3568 2323 suis.

1907 2350 2121 2405 Dicunt
2151 2351 2325 2404 etiam
2361 2351 2433 2405 de
2463 2351 2729 2423 Christo,
2762 2354 2890 2407 sive
2931 2352 3180 2424 Messia,
3213 2355 3399 2425 quod,
3433 2355 3573 2410 dum

1907 2437 2016 2493 fuit
2047 2440 2106 2492 in
2136 2439 2249 2493 hoc
2281 2440 2528 2509 mundo,
2574 2441 2926 2511 contempsit
2973 2442 3208 2498 divitias
3257 2445 3315 2497 et
3356 2441 3574 2513 abjecit

1908 2526 2178 2581 carnales
2203 2527 2645 2598 delectationes,
2665 2545 2775 2584 nec
2797 2529 2996 2585 habuit
3032 2531 3415 2602 concubinas,
3440 2545 3575 2603 qum

1907 2618 2046 2669 sunt
2076 2617 2313 2671 occasio
2356 2618 2582 2687 peccati
2630 2622 2686 2673 et
2737 2634 2917 2673 causa
2956 2620 3388 2675 inobedientiaa.
3431 2618 3575 2674 Item

1907 2705 2131 2758 inducit
2185 2705 2243 2758 in
2299 2705 2592 2762 Alcorano
2639 2707 2783 2761 illud
2828 2709 3075 2762 verbum
3126 2709 3572 2781 evangelicum;

1912 2814 1935 2843 α
1964 2793 2186 2863 Vulpes
2210 2792 2415 2849 foveas
2434 2795 2743 2866 habent,et
2764 2796 3041 2851 volucres
3064 2798 3197 2852 coeli
3220 2798 3391 2852 nidos
3409 2798 3571 2868 (Luc.

1906 2881 2010 2950 ix).
2064 2904 2085 2928 ιι
2140 2881 2211 2935 Et
2258 2882 2387 2937 haec
2420 2884 2613 2938 omnia
2648 2884 2785 2939 licet
2826 2885 2944 2939 sint
2990 2885 3119 2939 sine
3155 2887 3500 2941 auctoritate
3543 2899 3578 2940 a

1908 2973 2074 3039 parte
2096 2970 2431 3035 dicentium,
2450 2976 2587 3026 sunt
2603 2976 2797 3027 tamen
2816 2973 3155 3027 conformes
3173 2973 3269 3028 his
3291 2990 3424 3045 quae
3445 2989 3576 3044 pro-

1908 3058 2100 3128 phetae
2125 3058 2400 3113 dixerunt
2429 3060 2500 3114 de
2532 3061 2752 3114 Messia
2776 3062 2833 3115 in
2857 3063 3044 3130 primo
3077 3061 3329 3115 adventu
3361 3077 3493 3132 suo,
3512 3065 3578 3116 ut

1907 3150 2065 3217 patet
2097 3148 2152 3200 in
2186 3148 2510 3217 prmdictis.
2544 3148 2755 3203 Dicunt
2784 3150 2956 3203 etiam
2996 3150 3055 3203 in
3096 3150 3386 3204 Alcorano
3417 3151 3574 3221 quod

1912 3235 2070 3303 Eise,
2093 3235 2148 3288 id
2180 3240 2272 3289 est
2301 3236 2482 3290 Jesus
2513 3235 2809 3304 Christus,
2831 3242 2921 3291 est
2948 3237 3204 3292 Verbum
3234 3237 3431 3308 Dei,et
3461 3238 3575 3292 hoc

156 3326 422 3383 voluntate
462 3343 614 3394 sua,
659 3328 817 3399 quod
856 3329 948 3380 est
990 3325 1245 3395 Spiritus
1276 3326 1553 3394 sanctus,
1603 3324 1805 3394 genuit
1841 3324 2141 3378 “scilicet
2162 3340 2299 3379 esse
2318 3325 2578 3379 Verbum
2608 3325 2841 3395 Dei,est
2863 3325 3007 3381 Jesu
3026 3325 3245 3381 Christi
3264 3327 3416 3396 apud
3440 3326 3577 3382 Sar-

158 3429 286 3485 eum,
309 3421 364 3472 et
390 3433 510 3473 non
533 3417 615 3471 de
637 3415 863 3471 semine
880 3414 1151 3483 dicendo,
1177 3428 1310 3467 cum
1336 3413 1498 3483 ponit
1519 3428 1593 3466 ex
1613 3416 1802 3481 utero,

156 3505 270 3573 quia
324 3506 613 3562 Christus
655 3507 830 3560 natus
877 3520 952 3558 ex
1000 3507 1164 3557 utero
1215 3503 1346 3557 sine
1392 3500 1546 3555 virili
1581 3500 1807 3555 semine

153 3596 342 3661 praeter
381 3610 641 3651 cursum
680 3594 921 3648 solitum
961 3595 1223 3661 natura},
1257 3594 1312 3646 et
1355 3603 1484 3645 haec
1526 3593 1617 3644 est
1664 3604 1809 3643 vera

153 3680 385 3738 doctrina
400 3682 889 3740 Christianorum
920 3697 1054 3753 quae
1086 3696 1202 3735 non
1231 3681 1409 3734 intrat
1431 3679 1491 3732 in
1513 3678 1809 3748 capitibus

152 3774 374 3843 nostris,
398 3776 653 3844 propter
682 3770 796 3826 hoc
826 3770 1022 3825 evenit
1049 3770 1222 3824 nobis
1251 3768 1394 3823 illud
1424 3769 1579 3839 quod
1614 3767 1809 3823 evenit

153 3861 325 3916 nobis.
356 3860 671 3917 Describit
698 3859 871 3915 etiam
915 3874 1023 3930 per
1066 3858 1337 3913 eumdem
1366 3857 1602 3911 modum
1632 3855 1808 3910 Chri-

151 3949 286 4004 stum
342 3951 725 4007 nasciturum
784 3948 972 4003 David
1017 3946 1302 4018 propheta
1362 3961 1495 4001 cum
1551 3945 1692 3999 dicit
1749 3945 1806 3997 in

153 4038 285 4105 psal.
314 4056 498 4095 cxxxi
535 4056 550 4094 ε
595 4039 822 4095 Juravit
854 4036 1140 4091 Dominus
1171 4035 1476 4090 veritatem
1511 4050 1522 4089 :
1567 4035 1651 4088 De
1681 4034 1808 4088 fru-

156 4129 236 4181 ctu
264 4130 492 4185 ventris
526 4128 616 4184 tui
645 4143 858 4198 ponam
889 4139 1071 4195 super
1097 4124 1301 4180 sedem
1329 4127 1508 4179 tuam.
1540 4123 1807 4177 Attamen

150 4212 240 4270 Dei
267 4233 499 4273 sumus.

707 4311 960 4367 CAPUT
999 4304 1235 4367 XXVII.

154 4408 510 4468 Concluendo
543 4409 775 4482 inducit
793 4411 986 4482 aIi'qua
1029 4409 1188 4464 dicta
1234 4407 1705 4482 sarracenorum
1736 4405 1811 4461 de

541 4481 688 4537 Jesu
718 4490 777 4536 et
804 4481 1001 4535 Maria
1031 4487 1223 4534 matre
1254 4481 1401 4551 ejus.

1911 3428 2165 3468 racenos
2187 3414 2358 3484 quasi
2378 3429 2589 3467 nomen
2608 3415 2930 3483 pr0prium,
2946 3415 3023 3468 ita
3036 3416 3189 3485 quod
3209 3415 3407 3471 nullus
3424 3415 3577 3471 alius

1910 3500 2087 3556 homo
2110 3506 2355 3557 vocatur
2384 3503 2440 3555 in
2473 3502 2585 3557 hoc
2619 3504 2872 3572 nomine,
2896 3504 3012 3557 nisi
3037 3504 3238 3574 Jesus,
3262 3519 3436 3575 quem
3468 3518 3578 3560 vo-

1912 3592 2045 3644 cant
2068 3591 2319 3645 Arabica
2342 3590 2500 3646 Eise.
2536 3592 2825 3646 Dicuntur
2846 3594 3020 3646 etiam
3051 3593 3110 3647 in
3140 3593 3432 3648 Alcorano
3451 3593 3573 3648 sic:
3682 3638 3685 3643 ,

1915 3702 1935 3724 «ι
1966 3678 2126 3732 Dixit
2158 3679 2315 3733 Deus
2336 3680 2405 3734 ad
2431 3679 2598 3734 Eise:
2625 3679 2752 3751 Ego
2784 3696 2919 3735 sum
2950 3681 3301 3736 sufficientia
3323 3686 3440 3751 tua,
3464 3697 3577 3754 ego

1911 3767 2121 3822 levabo
2152 3771 2208 3822 te
2240 3785 2430 3839 usque
2453 3769 2523 3822 ad
2546 3785 2658 3839 me,
2682 3774 2737 3823 et
2757 3769 3081 3839 purificabo
3103 3773 3159 3824 te
3180 3770 3575 3826 infidelibus.»

1914 3855 2237 3911 Considera
2261 3872 2427 3927 ergo,
2455 3857 2709 3927 domine,
2731 3858 2886 3928 quod
2912 3873 3061 3929 gens
3083 3858 3422 3914 Judzeorum
3443 3874 3579 3930 pro-

1915 3947 2045 4014 pter
2073 3945 2464 4013 captivitatem
2489 3961 2660 4017 quam
2688 3946 2855 4013 passi
2879 3952 3017 4000 sunt
3043 3946 3164 4017 jam
3194 3947 3352 4003 mille
3384 3948 3577 4020 annis,

1919 4037 2057 4086 sunt
2088 4034 2240 4087 enim
2266 4034 2613 4103 paucissimi
2648 4034 2837 4087 Judaei
2870 4036 3303 4105 comparatione
3333 4037 3581 4091 aliarum

1918 4122 2238 4177 nationum.
2274 4122 2423 4175 Nam
2455 4122 2763 4176 Sarraceni
2797 4123 3157 4192 multiplicati
3190 4127 3346 4193 sunt,
3367 4129 3424 4180 et
3455 4140 3581 4181 cre-

1919 4214 2093 4265 scunt
2123 4211 2402 4281 quotidie.
2424 4210 2598 4264 Fides
2643 4214 2833 4265 autem
2855 4212 3077 4265 Christi
3106 4213 3367 4282 implevit
3396 4217 3582 4269 totum

1916 4300 2217 4353 mundum.
2253 4300 2377 4353 Nos
2417 4316 2559 4354 vero
2604 4300 2821 4370 ubique
2863 4300 3123 4369 dispersi
3154 4315 3363 4356 sumus
3394 4318 3427 4356 a
3458 4303 3580 4358 Deo

1918 4392 2152 4457 nostro,
2187 4392 2243 4443 et
2283 4389 2499 4459 ubique
2530 4403 2739 4442 sumus
2768 4389 3150 4459 paucissimi,
3186 4390 3341 4445 sicut
3371 4391 3583 4446 Ruben

1920 4479 2011 4532 cui
2047 4478 2194 4531 dixit
2220 4482 2386 4548 pater
2417 4494 2428 4533 :
2478 4500 2499 4525 «
2543 4477 2674 4531 Non
2700 4494 2961 4546 crescas,
2997 4482 3107 4533 etc.
3141 4479 3313 4547 (Gen.
3338 4482 3517 4551 xmx).
3557 4500 3579 4530 ι

207 4569 398 4641 Certe,
465 4571 705 4626 domine
763 4570 874 4638 mi,
934 4569 1071 4623 licet
1118 4568 1294 4623 nobis
1346 4582 1462 4622 non
1515 4569 1811 4638 opponant
1840 4628 1888 4641 _
1920 4568 2046 4623 Nos
2081 4574 2271 4622 autem
2306 4583 2422 4620 non
2455 4568 2802 4636 crescimus,
2840 4571 2895 4621 et
2935 4568 3016 4621 illi
3062 4572 3341 4624 crescunt
3368 4568 3585 4640 quibus

151 4628 456 4715 Christiani
487 4658 648 4713 dicta
679 4655 1165 4725 Sarracenorum,
1196 4657 1496 4727 praecipue
1532 4672 1664 4727 quae
1697 4660 1811 4709 tra-
1838 4628 1896 4696 D
1919 4658 2137 4712 inimici
2164 4673 2350 4727 super
2371 4671 2576 4710 omnes
2598 4661 2899 4727 gentes,et
2920 4658 2999 4710 nil
3019 4657 3587 4727 proficimus.Testi-

151 4744 346 4803 duntur
365 4749 430 4802 in
455 4747 756 4802 Alcorano
779 4749 837 4803 et
866 4746 927 4800 in
958 4744 1434 4815 expositionibus
1457 4743 1591 4816 ejus
1620 4744 1813 4799 scien-

156 4836 235 4887 tes
263 4837 420 4907 quod
451 4850 571 4891 nos
600 4850 720 4889 non
750 4835 1175 4906 reciperemus,
1197 4834 1352 4888 sicut
1381 4848 1491 4889 nec
1521 4833 1637 4903 ipsi
1665 4833 1812 4886 reci-

154 4921 321 4993 piunt,
353 4926 559 4978 tamen
609 4923 682 4977 ad
730 4923 1132 4995 fatigationem
1179 4925 1443 4977 nostram
1487 4937 1624 4976 esse
1657 4924 1713 4975 et
1741 4919 1812 4974 ad

155 5008 619 5067 fortiﬁcationem
652 5012 1042 5080 credentium,
1077 5013 1130 5066 si
1174 5011 1351 5066 nobis
1381 5015 1818 5081 opponerentur

156 5096 240 5153 illa
269 5116 404 5172 qum
436 5101 722 5156 dicuntur
741 5116 773 5154 a
800 5100 1150 5156 Sarracenis
1181 5100 1253 5154 de
1286 5100 1429 5154 Jesu
1461 5103 1518 5154 et
1546 5100 1616 5153 de
1645 5098 1817 5152 beata

159 5184 323 5242 Maria
357 5193 550 5245 matre
575 5188 745 5261 ejus.
793 5188 1013 5243 Omnes
1058 5189 1214 5242 enim
1262 5187 1574 5242 Sarraceni
1618 5186 1818 5241 dicunt

158 5276 299 5345 quod
330 5278 465 5349 ipse
499 5277 609 5333 fuit
639 5278 737 5332 ille
766 5277 1023 5333 Messias
1046 5292 1220 5349 quem
1250 5275 1656 5347 prmdixerunt
1676 5289 1817 5329 ven-

156 5363 357 5435 turum,
390 5370 452 5421 et
482 5369 835 5437 praeponunt
877 5366 1043 5421 illum
1088 5366 1426 5421 Mahometo
1474 5379 1677 5419 eorum
1707 5363 1817 5419 deo

159 5458 427 5522 quantum
461 5455 537 5509 ad
567 5454 998 5528 genealogiam.
1028 5453 1311 5509 Fatentur
1339 5452 1496 5508 enim
1526 5452 1681 5524 quod
1711 5468 1818 5523 pa-

160 5544 346 5597 rentes
385 5541 708 5599 Mahometi
756 5543 996 5599 fuerunt
1025 5542 1353 5598 idololatrm
1401 5545 1459 5597 et
1504 5542 1699 5612 pravi,
1745 5556 1819 5596 ex

162 5630 376 5687 semine
404 5633 572 5704 Agar
599 5632 851 5688 ancillas.
886 5631 958 5688 Et
987 5632 1189 5688 dicunt
1218 5631 1379 5705 quod
1408 5631 1665 5687 Messias
1712 5629 1823 5685 fuit

158 5715 307 5775 illius
337 5720 513 5777 Isaac
553 5726 610 5779 et
653 5721 1077 5798 prOphetarum
1124 5723 1183 5779 et
1219 5720 1544 5797 justorum,
1577 5722 1636 5778 et
1662 5721 1823 5776 recta

1919 4748 2180 4800 monium
2201 4746 2517 4799 multorum
2540 4748 2653 4798 stat
2686 4761 2925 4815 semper
2947 4751 3148 4800 contra
3178 4761 3308 4815 nos,
3336 4746 3583 4817 scilicet,

1922 4834 2387 4889 Christianorum
2406 4838 2459 4888 et
2486 4833 3309 4901 Sarracenorum,Alcoranus
3322 4838 3379 4889 et
3395 4834 3586 4889 Evan-

1926 4923 2143 4995 gelium
2176 4922 2420 4989 Christi,
2455 4924 2672 4993 quibus
2706 4923 2981 4976 nolumus
3017 4923 3282 4991 credere,
3319 4924 3590 4996 quamvis

1922 5027 2054 5066 meo
2086 5011 2313 5082 judicio
2351 5011 2682 5065 Alcoranus
2715 5012 2855 5065 nihil
2904 5012 3058 5064 valet
3108 5026 3241 5065 cum
3279 5012 3589 5068 manifeste

1925 5102 2218 5155 contineat
2249 5102 2472 5166 contra,
2508 5101 2661 5153 sicut
2691 5100 2819 5169 ipse
2851 5101 3029 5169 nosti,
3073 5103 3129 5153 et
3159 5102 3589 5171 compositores

1926 5189 2079 5260 ejus,
2102 5192 2337 5259 apparet
2361 5188 2664 5243 evidenter
2683 5188 2838 5258 quod
2862 5191 3159 5259 utcunque
3183 5189 3591 5260 ignoraverint

1925 5278 2382 5332 Tastamentum.
2442 5276 2558 5331 Sed
2602 5275 2744 5346 quid
2801 5276 3068 5332 dicemus
3125 5278 3196 5333 de
3266 5278 3589 5352 Evangelia

1923 5365 2412 5430 Christianorum,
2446 5364 2755 5436 supposito
2781 5365 2935 5436 quod
2963 5366 3238 5422 Christus
3267 5369 3395 5424 sive
3426 5368 3591 5424 Mes-

1927 5456 2051 5510 sias
2079 5454 2201 5525 jam
2223 5454 2467 5518 venerit,
2486 5452 2630 5507 nihil
2648 5453 2799 5507 enim
2827 5455 3084 5510 continet
3105 5460 3309 5511 contra
3339 5457 3592 5527 prephe-

1924 5547 2016 5599 tas
2047 5546 2104 5598 et
2129 5543 2322 5614 legem
2352 5546 2641 5613 nostram,
2664 5543 2770 5597 sed
2789 5547 2881 5597 est
2905 5544 3299 5601 manifestatio
3329 5545 3593 5601 omnium

1926 5631 2371 5706 pr0phetarum,
2392 5635 2449 5687 et
2468 5630 2892 5703 promissionis
2921 5633 3201 5706 impletio,
3225 5650 3359 5707 quae
3380 5634 3440 5687 in
3460 5634 3594 5705 lege

1929 5721 2301 5781 continentur
2345 5721 2633 5780 sumendo
2677 5720 3081 5797 spiritualiter,
3123 5725 3295 5797 prout
3334 5722 3595 5780 continet
