3978 6178
364 358 484 427 36¹7

988 350 1438 417 OSBERNUS
1482 345 2162 415 CANTUARIENSIS
2203 343 2641 409 ECCLESL/E
2682 340 3185 406 MONACHUS.

3681 336 3803 430 ἓδδ

364 555 630 612 doctrina
656 553 1148 608 Christianorum.
1192 549 1613 619 Nihilominus,
1645 548 1878 603 domine
1911 548 2019 614 mi,
2061 528 2111 589 Α
2138 546 2324 599 Deum
2354 543 2488 615 ejus
2519 542 2884 612 Scripturam
2926 537 3124 594 docuit
3168 538 3233 590 ut
3275 535 3591 605 corruptus
3621 531 3799 588 homo

363 660 546 715 super
562 642 657 697 his
675 642 872 696 dubiis
891 641 962 694 ad
980 644 1035 695 te
1058 653 1328 707 recurro,
1343 638 1594 692 maxime
1613 652 1797 707 super
1817 635 2024 706 primis

360 732 587 788 nostris
619 746 752 801 quae
783 729 963 783 habui
1002 745 1033 781 a
1072 726 1400 797 prephetis,
1446 726 1582 797 quia
1628 725 1699 778 de
1748 723 2025 779 Alcorani

357 819 699 875 testimonio
731 818 857 872 scio
889 816 1045 888 quod
1077 816 1248 887 quasi
1283 814 1428 869 nihil
1459 813 1783 884 reputabis,
1817 815 1879 866 tu
1908 827 2025 865 ma-

361 910 518 962 xime
548 908 647 978 qui
678 906 995 960 Arabicum
1027 905 1173 959 scis.
1216 904 1486 958 Perfecta
1517 901 1672 956 enim
1701 900 1857 955 nosti
1889 901 2026 971 quia

360 996 493 1066 ipse
524 995 916 1064 Mahometus,
942 994 1041 1065 qui
1073 993 1219 1046 dixit
1250 1008 1317 1047 se
1348 991 1712 1062 prophetam,
1738 1005 1848 1044 nec
1876 1004 2025 1043 ven-

361 1087 494 1140 tura
521 1084 801 1156 praedixi,
833 1087 889 1137 et
926 1082 1025 1153 qui
1064 1081 1210 1135 dixit
1244 1097 1310 1136 se
1339 1082 1609 1135 nuntium
1639 1079 1775 1148 Dei,
1820 1080 2027 1132 contra

2135 634 2371 705 penitus
2403 633 2709 705 ignorans.

2134 819 2375 891 Explic.
2404 816 2789 891 Epistola‘li“.
2831 813 3075 891 Samuel
3110 814 3297 891 missa
3344 813 3419 891 ad
3442 812 3533 891 _R.
3561 811 3805 891 _Is,_snl)

2209 883 2359 944 anno
2389 883 2626 943 Domini
2647 888 2804 956 1000,
2832 884 3230 956 ίΓθΠεῙᾶιᾶῖάθ
3254 883 3519 956 Arabico
3547 884 3610 937 in
3644 883 3806 956 Lati-

2208 978 2343 1014 num
2382 976 2510 1037 ‘per
2564 958 2631 1013 F.
2690 954 3053 1037 Alplionsum
3083 955 3521 1037 “Bon-inopinis
3568 954 3807 1008 ordinis

2207 1025 2714 1098 Praedicatorum,
2748 1025 2860 1083 sub
2890 1043 3043 1083 anno
3071 1026 3309 1081 Domini
3336 1025 3494 1080 1389.

361 1239 3779 1288 ﬂ

1704 1417 1881 1462 ANNO
1910 1413 2143 1462 DOMINI
2170 1414 2463 1459 MLXXXV.

1430 1555 2737 1715 OSBEBNUS

878 1782 1561 1861 CANTUARIENSIS
1605 1792 2041 1855 ECCLESLE
2083 1790 2449 1853 MONACH

1745 1792 2041 1855 ILESLE
2083 1789 2563 1853 MONACHUS
2608 1788 2713 1849 ET
2758 1786 3316 1850 ΡΒλΕΟΕΝΤΟΒ.

1541 2041 1985 2150 ΝΟΤΙΤΙΑ
2046 2039 2624 2145 HISTORIGA

1134 2228 1361 2299 (Ouum.
1399 2227 1722 2285 Comment.
1755 2228 1827 2283 de
1858 2226 2261 2299 Seriptoribus
2291 2226 2753 2306 ecclesiasticis,
2776 2224 2848 2297 II,
2880 2223 3031 2291 757.)

434 2524 740 2579 Osbernus
770 2521 1214 2577 Cantuariensis
1261 2521 1550 2577 Ecclesia
1593 2522 1921 2577 monachus
1972 2525 2031 2575 et
2058 2503 2109 2564 Β
2141 2521 2644 2592 chiepiseopatum
2666 2521 2953 2592 suscepit,
2973 2520 3250 2576 nimirum
3270 2536 3344 2575 an
3366 2536 3460 2575 an.
3478 2519 3637 2576 1070.
3662 2521 3814 2576 Inte-

365 2616 720 2684 praeeentor,
745 2627 918 2682 quem
941 2610 1289 2665 Guillelmus
1319 2609 1515 2664 Cavus
1545 2611 1764 2679 omisit,
1794 2610 2029 2666 natione

364 2701 626 2774 Anglus,
673 2699 766 2752 vir
815 2698 1009 2753 multa:
1057 2699 1290 2767 pietatis
1330 2702 1386 2753 et
1428 2699 1800 2769 eloquentiae,
1854 2713 2030 2769 quem

362 2789 736 2844 Possevinus
766 2788 827 2842 in
858 2789 1158 2857 Apparatu
1187 2785 1368 2840 Sacro
1399 2787 1471 2840 ad
1502 2802 1717 2841 annum
1748 2787 1888 2840 1020
1918 2788 2030 2841 ilo-

364 2878 563 2933 ruisse
619 2877 868 2945 asserit,
919 2879 1093 2945 atque
1139 2873 1387 2930 Carolus
1442 2875 1781 2945 Saussayus
1840 2875 1939 2928 lib.
1992 2890 2031 2925 v

362 2964 679 3020 Annalium
701 2964 1237 3031 Aurelianensium,
1263 2979 1390 3033 cap.
1409 2962 1464 3033 8,
1483 2964 1814 3018 Obsernum
1834 2964 2026 3030 vocat,

276 3108 287 3129 Ι
363 3055 481 3108 nisi
511 3052 859 3124 typographi
890 3053 943 3106 is
977 3053 1181 3122 lapsus
1204 3055 1314 3106 est.
1342 3052 1423 3106 Ita
1455 3052 1692 3123 quidem
1722 3066 2030 3105 senseram

363 3144 422 3197 in
452 3143 869 3212 Supplementa
900 3140 1279 3210 scriptorum,
1319 3157 1455 3212 pag.
1495 3139 1619 3209 322,
1656 3141 1758 3194 sed
1792 3140 2029 3193 attentis

377 3233 621 3300 prepius
663 3231 957 3298 omnibus,
1001 3229 1157 3283 hunc
1184 3228 1518 3283 Osbernum
1544 3228 2030 3282 Cantuariensem

362 3320 736 3381 monachum,
765 3318 1080 3371 Lanfranci
1119 3317 1554 3387 archiepiscopi
1582 3316 2028 3371 Cantuariensis

364 3408 711 3461 familiarem
753 3410 807 3459 ct
847 3406 1278 3475 synchronum,
1328 3406 1441 3459 sub
1491 3404 1799 3458 Guillelmo
1832 3404 2027 3458 Notho

362 3495 691 3564 Anglorum
722 3510 863 3563 rege
896 3509 1046 3546 anno
1081 3492 1217 3546 1080
1246 3498 1301 3546 et
1330 3493 1481 3546 ultra
1512 3493 1791 3547 ﬂoruisse
1824 3492 2031 3565 proba-

361 3581 543 3635 bilius
568 3584 677 3648 est,
696 3581 767 3636 de
788 3596 903 3650 quo
928 3581 1003 3632 ita
1021 3579 1370 3634 Guillelmus
1392 3580 1944 3634 Malmesburiensis
1967 3580 2027 3633 in

362 3670 514 3724 libro
548 3670 630 3723 De
660 3668 905 3739 regibus
937 3667 1288 3738 Anglorum,
1323 3683 1449 3737 cap.
1474 3668 1527 3736 8,
1553 3669 1651 3722 ubi
1685 3669 1756 3723 de
1787 3668 1846 3723 S.
1869 3668 2024 3722 Dun-

363 3761 562 3813 stano:
588 3757 775 3810 Plura
809 3762 865 3810 et
898 3772 1009 3809 non
1034 3756 1457 3810 contemnenda
1480 3756 1553 3810 de
1582 3757 1711 3811 viro
1737 3756 2025 3811 volentem

2138 2610 2364 2665 rierunt
2384 2626 2453 2665 eo
2478 2613 2741 2680 tempore
2771 2610 3069 2681 praecipua
3101 2608 3388 2665 Ecclesia
3408 2607 3575 2665 Cant.
3596 2624 3809 2665 monu-

2138 2702 2351 2767 menta,
2376 2702 2433 2753 et
2464 2702 2732 2754 veterum
2762 2698 3349 2768 archiepiscoporum
3374 2700 3431 2752 et
3459 2701 3811 2753 sanctorum

2136 2786 2524 2858 Anglicorum
2544 2787 2693 2842 Vita;
2722 2787 3140 2858 elegantiores.
3184 2785 3620 2856 Superfuerunt
3650 2786 3808 2840 dun—

2136 2877 2294 2928 taxat
2317 2875 2510 2945 aliqua
2533 2875 2591 2928 in
2616 2876 2928 2946 Anglicam
2948 2875 3213 2946 linguam
3235 2874 3372 2928 olim
3396 2889 3710 2928 conversa.
3730 2874 3812 2928 Ut

2137 2963 2289 3017 hanc
2304 2962 2599 3034 jacturam
2620 2964 2958 3030 resarciret,
2978 2967 3036 3017 et
3055 2977 3129 3017 ex
3156 2962 3505 3033 Anglicanis
3529 2962 3808 3032 reliquiis

2136 3052 2721 3121 archiepiscoporum
2756 3052 2921 3105 Vitas
2954 3052 3158 3106 Latine
3186 3052 3586 3117 concinnaret,
3624 3051 3743 3104 sibi
3776 3068 3813 3104 a

2138 3140 2581 3194 commonachis
2600 3141 2729 3194 suis
2748 3156 2988 3209 operam
3007 3140 3195 3194 fuisse
3219 3139 3410 3193 datam
3422 3139 3736 3193 Osbernus
3751 3139 3811 3192 in

2135 3228 2481 3297 praefatione
2495 3228 3059 3282 adDunstaniVitam
3072 3227 3519 3282 innuit.0bitum
3534 3227 3695 3280 illius
3710 3227 3809 3282 his

2135 3317 2337 3370 verbis
2368 3316 2735 3370 Obituarium
2752 3315 3174 3370 Cantuariense
3205 3316 3379 3370 tradit
3411 3331 3423 3369 :
3465 3331 3522 3367 ιν
3551 3314 3806 3369 Kalend.

2136 3404 2486 3458 Decembris
2507 3405 2652 3459 obiit
2668 3404 2977 3459 Osbernus
3002 3408 3335 3474 praecentor
3348 3404 3620 3459 ecclesiae
3634 3402 3807 3457 Chri-

2137 3492 2212 3546 sti
2247 3491 2716 3547 Cantuariensis.
2752 3492 2837 3547 Ex
2877 3491 2971 3546 his
3004 3492 3154 3547 Vitis
3184 3492 3536 3547 hodiernum
3568 3495 3810 3546 exstant

2136 3580 2285 3634 Vitta
2307 3580 2411 3635 SS.
2438 3581 2728 3635 Dunstani
2749 3584 2806 3635 et
2836 3580 3088 3652 Elphegi
3111 3597 3247 3636 cum
3264 3581 3523 3636 Historia
3546 3580 3619 3634 de
3640 3583 3808 3634 tran-

2135 3668 2384 3723 slatione
2404 3668 2677 3740 Elphegi,
2694 3668 2976 3741 Singulas
2998 3670 3175 3724 edidit
3198 3669 3493 3724 Henricus
3507 3668 3809 3723 Warthon

2135 3772 2165 3810 a
2197 3772 2313 3826 quo
2346 3757 2633 3811 verbatim
2674 3757 2803 3813 haec
2842 3757 3122 3828 pleraque
3152 3757 3522 3827 accepimus,
3562 3758 3726 3812 tome
3758 3756 3809 3809 Il

369 3846 592 3910 dicere,
611 3851 853 3899 revocat
872 3844 1209 3898 Cantuariae
1229 3844 1884 3916 cautorOsbernus,qui
1901 3845 2027 3913 eius
2059 3848 2106 3908 Ο
2135 3846 2367 3915 Anglia:
2392 3861 2601 3915 sacrae,
2627 3861 2763 3917 pag.
2788 3846 2877 3913 88,
2904 3846 3006 3900 122
3042 3850 3098 3901 et
3130 3844 3251 3912 143,
3286 3863 3359 3901 ex
3385 3847 3560 3902 unico
3580 3844 3807 3900 biblio-

374 3934 560 3988 Vitam
592 3935 848 3988 Romana
894 3933 1224 4004 eloquentia
1264 3934 1603 4004 composuit,
1643 3932 1791 3987 nulli
1822 3937 2027 3987 nostro

363 4028 624 4093 tempore
646 4027 700 4075 st
704 4021 802 4092 ylo
830 4022 1145 4088 secundus,
1167 4022 1388 4075 musica
1422 4028 1588 4076 certe
1620 4022 1870 4076 omnium
1894 4022 2026 4076 sine

363 4111 774 4167 controversia
799 4111 1050 4181 primus.
1078 4110 1305 4174 Quibus
1334 4109 1538 4165 verbis
1571 4110 1863 4165 claruisse
1895 4110 2024 4165 suis

362 4200 791 4271 quodammodo
821 4199 1207 4269 temporibus,
1232 4201 1482 4253 testatur
1502 4198 1852 4253 Guillelmus
1884 4198 2023 4252 Mal-

359 4288 813 4343 mesburiensis.
860 4288 1029 4356 Apud
1078 4287 1457 4342 Cantuarium
1505 4291 1700 4356 natus,
1736 4287 1944 4341 saltem
1993 4303 2026 4340 a

358 4380 581 4432 teneris
605 4378 777 4430 annis
800 4377 952 4444 apud
974 4375 1457 4430 Cantuariensem
1481 4375 1794 4430 ecclesiam
1814 4376 2028 4429 enutri-

359 4472 455 4521 tus
488 4466 612 4518 fuit.
648 4465 745 4518 Sic
776 4465 932 4517 enim
960 4464 1060 4517 lib.
1085 4481 1125 4516 ιι
1156 4465 1244 4519 De
1286 4464 1414 4517 Vita
1447 4463 1510 4517 S.
1548 4463 1861 4532 Dunstani,
1895 4480 2021 4534 cap.

357 4554 443 4620 12,
462 4553 693 4607 scribit:
718 4552 899 4606 Forte
914 4568 1017 4623 ego
1037 4568 1162 4605 cum
1185 4552 1300 4606 alio
1314 4551 1561 4622 puerulo
1583 4559 1879 4606 cowtanco
1899 4568 2027 4606 meo

358 4643 433 4697 ad
462 4642 652 4696 altare
687 4640 919 4694 Christi
948 4640 1323 4710 (Cantuarize)
1355 4640 1631 4693 ministra
1646 4656 1864 4709 veram,
1891 4656 2025 4695 con-

356 4736 752 4801 summatoque
768 4729 1106 4782 ministerio
1120 4744 1233 4799 per
1251 4728 1477 4799 gradus
1493 4724 1864 4783 deScendere
1885 4729 2025 4783 inei-

348 4820 604 4889 piebam.
639 4819 799 4872 ldem
831 4818 1083 4886 capitulo
1115 4815 1185 4869 ΞΟ
1215 4815 1487 4887 ejusdem
1519 4817 1674 4885 libri,
1704 4817 1879 4870 tradit
1907 4817 2022 4871 sibi

358 4910 740 4961 commissum
757 4906 945 4959 fuisse
960 4905 1397 4975 praedicationis
1414 4922 1629 4959 munus
1644 4922 1675 4958 a
1690 4905 2022 4961 Lanfranco

355 4995 825 5064 archiepiscopo.
847 4995 1052 5048 Ofﬁcia
1084 5010 1249 5062 vero,
1274 5011 1406 5064 quas
1437 4995 1631 5066 gessit
1663 4995 1720 5048 in
1752 4994 2021 5049 coenobio

355 5080 764 5136 Cantuariensi
800 5087 1083 5138 memorat
1103 5086 1238 5137 nota
1260 5083 1510 5151 librarii,
1531 5082 1603 5136 ad
1635 5083 1854 5137 calcem
1886 5083 2021 5137 libri

356 5169 625 5239 ejusdem
672 5172 861 5224 addita
912 5174 966 5224 in
1020 5173 1221 5226 codice
1252 5172 1700 5226 Lambethano:
1755 5172 2020 5242 Explicit
2050 5206 2104 5265 D

353 5258 543 5312 Liber
570 5259 984 5314 miraculorum
1019 5260 1358 5315 beatissimi
1388 5261 1597 5314 Patris
1627 5261 1822 5315 nostri
1843 5266 1901 5314 et
1918 5277 2020 5332 pa-

356 5346 517 5399 troni
546 5347 978 5419 ai'cliiepiscOpi
999 5348 1455 5404 Cantuariensis
1475 5347 1785 5416 Ecclesiae,
1811 5364 2018 5403 secun-

353 5434 487 5488 dum
526 5433 856 5488 Osbernum
905 5437 1081 5508 hujus
1127 5437 1419 5493 Ecclesiae
1451 5436 1917 5492 commonaclium
1958 5443 2016 5491 et

344 5528 780 5595 praecentorem
813 5529 872 5578 et
900 5524 1295 5596 subpriorcm,
1323 5527 1421 5599 qui
1450 5532 1581 5582 erat
1618 5526 1713 5580 vir
1732 5525 2015 5580 doetissi-

348 5629 497 5669 mus.
538 5612 735 5686 Hujus
770 5615 940 5668 aetate
978 5612 1236 5669 ecclesia
1269 5615 1716 5671 Cantuariensis
1740 5613 2014 5669 incendio

350 5703 757 5780 conﬂagravit,
774 5718 844 5762 eo
863 5701 1100 5760 circiter
1118 5705 1383 5777 tempore
1400 5719 1517 5777 quo
1535 5702 1907 5760 Lanfrancus
1923 5718 2015 5761 ar-

2134 3932 2323 3988 thccae
2338 3933 2756 3989 Lambethanae
2772 3934 3101 4005 codice,qui
3114 3934 3405 3993 Ecclesia
3419 3934 3806 3990 Cantuarien-

2137 4023 2224 4076 sis
2248 4023 2385 4076 olim
2411 4022 2536 4091 fuit,
2557 4027 2613 4077 et
2642 4022 2846 4092 plures
2878 4023 3468 4094 archiepiscoporum
3492 4027 3548 4077 et
3570 4026 3808 4077 sancto-

2136 4127 2267 4164 rum
2315 4110 2828 4166 Cantuariensium
2866 4111 3033 4167 Vitas
3082 4114 3429 4183 complexus
3470 4115 3580 4167 est.
3625 4111 3806 4166 Com-

2135 4199 2485 4253 mentarium
2544 4215 2718 4253 suum
2759 4200 2831 4254 de
2866 4199 2996 4254 Vita
3043 4200 3102 4254 S.
3147 4201 3436 4255 Dunstani
3489 4200 3808 4256 Osbernus

2136 4287 2369 4342 duobus
2410 4287 2581 4341 libris
2623 4288 2898 4342 absolvit.
2949 4288 3187 4342 Primus
3232 4289 3304 4343 de
3352 4289 3535 4343 rebus
3563 4289 3637 4342 ab
3671 4289 3806 4359 ipso

2134 4376 2369 4430 vivente
2399 4377 2611 4447 gestis,
2644 4377 2946 4431 secundus
2968 4377 3039 4431 de
3066 4376 3367 4431 miraculis
3391 4380 3525 4446 post
3550 4380 3804 4431 mortem

2133 4464 2306 4517 factis
2338 4464 2480 4535 agit.
2518 4464 2778 4534 Uterque
2808 4464 2962 4535 apud
2994 4467 3139 4519 Acta
3172 4468 3511 4519 sanctorum
3542 4467 3806 4518 Antuer-

2132 4553 2364 4622 piensia
2396 4553 2922 4622 Bollandistarum,
2954 4556 3113 4608 tome
3144 4569 3203 4606 IV
3237 4552 3393 4623 Maii,
3419 4568 3554 4624 pag.
3578 4551 3706 4621 359,
3732 4553 3805 4606 de

2133 4641 2351 4711 quibus
2385 4641 2771 4711 loquiturlate
2797 4642 3000 4696 Daniel
3031 4642 3499 4711 Papebroehius,
3520 4657 3657 4712 pag.
3673 4640 3804 4710 344,

2132 4729 2192 4781 in
2224 4730 2660 4784 commentariis
2692 4730 2839 4784 Vitae
2871 4729 3235 4784 S.Dunstani
3257 4730 3499 4798 praeviis
3541 4728 3612 4782 Et
3646 4729 3804 4798 apud

2132 4817 2276 4870 Acta
2306 4818 2825 4872 Benedictinorum
2857 4817 3200 4887 Mabillonii,
3235 4818 3469 4873 Saeculo
3502 4835 3558 4885 v,
3589 4834 3647 4888 p.
3690 4818 3799 4872 654

2132 4908 2344 4959 exstat.
2381 4905 2627 4959 Librum
2663 4910 2858 4961 autem
2898 4907 3226 4961 secundum
3256 4906 3637 4976 praetermisit
3668 4906 3805 4961 loco

2132 4994 2306 5048 citato
2338 4993 2653 5065 Warthon,
2688 4995 2820 5049 ideo
2852 4996 3007 5066 quod
3040 4996 3114 5049 ad
3148 4995 3456 5050 historiam
3486 5010 3807 5064 perparum

2133 5082 2475 5151 contulerit,
2531 5082 2878 5151 praefatione
2926 5086 3148 5138 tantum
3198 5083 3331 5138 data
3375 5099 3513 5155 pag.
3559 5082 3692 5154 121,
3741 5086 3805 5136 ut

2132 5171 2321 5242 inquit
2360 5171 2420 5225 in
2467 5171 2814 5240 praefatione
2861 5172 2935 5227 ad
2984 5176 3203 5226 tomum
3250 5190 3288 5225 ιι
3336 5172 3568 5243 Anglice
3599 5170 3803 5225 Saeraa

2133 5275 2292 5314 num.
2336 5276 2392 5326 v,
2441 5275 2577 5330 pag.
2619 5258 2672 5314 9.
2716 5260 2917 5330 Itaque
2950 5260 3140 5315 Vitam
3191 5264 3248 5315 et
3295 5260 3578 5315 miracula
3608 5259 3805 5314 sancti

2132 5347 2417 5403 Dunstani
2443 5346 2887 5403 Cantuariensis
2912 5349 3345 5419 archiepiscopi
3370 5349 3542 5403 libris
3564 5348 3803 5403 duobus

2131 5436 2451 5507 contexuit,
2487 5452 2640 5508 quos
2672 5441 3060 5507 repraesentat
3096 5438 3453 5494 Laurentius
3483 5436 3700 5492 Surius
3727 5436 3803 5490 ad

2129 5524 2284 5581 diem
2314 5522 2380 5581 19
2415 5525 2571 5597 Maii,
2611 5528 2760 5581 teste
2790 5526 3056 5582 Gerardo
3084 5526 3314 5582 Joanne
3346 5527 3589 5597 Vossio,
3621 5525 3726 5581 lib.
3760 5541 3804 5583 ιι

2130 5613 2213 5669 De
2246 5614 2554 5671 historicis
2594 5615 2851 5688 Latinis,
2884 5631 3012 5687 cap.
3044 5615 3145 5687 46,
3173 5630 3310 5688 pag.
3341 5615 3488 5671 mihi
3518 5613 3645 5671 357.
3680 5614 3801 5669 Ve-

2126 5719 2259 5761 rum
2290 5704 2403 5763 hos
2435 5719 2513 5762 ex
2537 5705 2944 5781 manuscripto
2966 5704 3172 5766 codice
3192 5704 3536 5765 Colhertino
3565 5704 3802 5782 primus
