  <div class='ocr_page' id='page_1' title='image "/cluster/home/n/w/nwhite01/storage/ocr_20150623/149/hvd.32044054760079/190.png"; bbox 0 0 3978 6178; ppageno 0'>
   <div class='ocr_carea' id='block_1_1' title="bbox 209 335 319 399">
    <p class='ocr_par' dir='ltr' id='par_1_1' title="bbox 209 335 319 399">
     <span class='ocr_line' id='line_1_1' title="bbox 209 335 319 399; baseline 0 0"><span class='ocrx_word' id='word_1_1' title='bbox 209 335 319 399; x_wconf 89' lang='grc'>369</span> 
     </span>
    </p>
   </div>
   <div class='ocr_carea' id='block_1_2' title="bbox 1426 329 2332 396">
    <p class='ocr_par' dir='ltr' id='par_1_2' title="bbox 1426 329 2332 396">
     <span class='ocr_line' id='line_1_2' title="bbox 1426 329 2332 396; baseline 0 0"><span class='ocrx_word' id='word_1_2' title='bbox 1426 361 1438 376; x_wconf 91' lang='grc'><strong>·</strong></span> <span class='ocrx_word' id='word_1_3' title='bbox 1473 330 1824 396; x_wconf 84' lang='grc' dir='ltr'><strong>ΝΟΤῙἸἹΑ</strong></span> <span class='ocrx_word' id='word_1_4' title='bbox 1864 329 2332 396; x_wconf 82' lang='lat' dir='ltr'><strong>HISTORICA</strong></span> 
     </span>
    </p>
   </div>
   <div class='ocr_carea' id='block_1_3' title="bbox 3510 341 3627 403">
    <p class='ocr_par' dir='ltr' id='par_1_3' title="bbox 3510 341 3627 403">
     <span class='ocr_line' id='line_1_3' title="bbox 3510 341 3627 403; baseline 0 0"><span class='ocrx_word' id='word_1_5' title='bbox 3510 341 3627 403; x_wconf 88' lang='lat'><strong>370</strong></span> 
     </span>
    </p>
   </div>
   <div class='ocr_carea' id='block_1_4' title="bbox 205 512 3627 607">
    <p class='ocr_par' dir='ltr' id='par_1_4' title="bbox 205 512 3627 607">
     <span class='ocr_line' id='line_1_4' title="bbox 205 512 3627 607; baseline 0.003 -19"><span class='ocrx_word' id='word_1_6' title='bbox 205 533 651 589; x_wconf 89' lang='lat' dir='ltr'><strong>ediditJoannes</strong></span> <span class='ocrx_word' id='word_1_7' title='bbox 682 532 979 589; x_wconf 86' lang='lat' dir='ltr'><strong>Mabillon.</strong></span> <span class='ocrx_word' id='word_1_8' title='bbox 1013 532 1246 588; x_wconf 69' lang='lat' dir='ltr'><strong>Smculo</strong></span> <span class='ocrx_word' id='word_1_9' title='bbox 1270 531 1678 587; x_wconf 89' lang='lat' dir='ltr'><strong>Vsanctorum</strong></span> <span class='ocrx_word' id='word_1_10' title='bbox 1709 532 1869 587; x_wconf 91' lang='lat' dir='ltr'><strong>ordi-</strong></span> <span class='ocrx_word' id='word_1_11' title='bbox 1895 512 2078 604; x_wconf 71' lang='grc' dir='ltr'><strong>ΑΠςί</strong></span> <span class='ocrx_word' id='word_1_12' title='bbox 2104 533 2261 589; x_wconf 86' lang='lat' dir='ltr'><strong>haud</strong></span> <span class='ocrx_word' id='word_1_13' title='bbox 2290 535 2547 591; x_wconf 83' lang='lat' dir='ltr'><strong>obscure</strong></span> <span class='ocrx_word' id='word_1_14' title='bbox 2576 540 2771 607; x_wconf 84' lang='lat' dir='ltr'><strong>potest</strong></span> <span class='ocrx_word' id='word_1_15' title='bbox 2824 539 3038 595; x_wconf 90' lang='lat' dir='ltr'><strong>librum</strong></span> <span class='ocrx_word' id='word_1_16' title='bbox 3069 541 3325 597; x_wconf 88' lang='lat' dir='ltr'><strong>Osberni</strong></span> <span class='ocrx_word' id='word_1_17' title='bbox 3374 543 3445 597; x_wconf 90' lang='lat' dir='ltr'><strong>de</strong></span> <span class='ocrx_word' id='word_1_18' title='bbox 3494 543 3627 597; x_wconf 89' lang='lat' dir='ltr'><strong>Vita</strong></span> 
     </span>
    </p>
   </div>
   <div class='ocr_carea' id='block_1_5' title="bbox 202 619 1862 694">
    <p class='ocr_par' dir='ltr' id='par_1_5' title="bbox 202 619 1862 694">
     <span class='ocr_line' id='line_1_5' title="bbox 202 619 1862 694; baseline 0.001 -18"><span class='ocrx_word' id='word_1_19' title='bbox 202 624 288 677; x_wconf 90' lang='lat' dir='ltr'><strong>nis</strong></span> <span class='ocrx_word' id='word_1_20' title='bbox 329 623 448 676; x_wconf 83' lang='lat' dir='ltr'><strong>divi</strong></span> <span class='ocrx_word' id='word_1_21' title='bbox 491 623 825 686; x_wconf 84' lang='lat' dir='ltr'><strong>Benedicti,</strong></span> <span class='ocrx_word' id='word_1_22' title='bbox 870 637 1019 693; x_wconf 88' lang='lat' dir='ltr'><strong>page</strong></span> <span class='ocrx_word' id='word_1_23' title='bbox 1047 619 1152 676; x_wconf 80' lang='grc'>659</span> <span class='ocrx_word' id='word_1_24' title='bbox 1203 624 1257 675; x_wconf 88' lang='lat' dir='ltr'><strong>et</strong></span> <span class='ocrx_word' id='word_1_25' title='bbox 1276 622 1862 694; x_wconf 87' lang='lat' dir='ltr'><strong>sequentibus,quos</strong></span> 
     </span>
    </p>
   </div>
   <div class='ocr_carea' id='block_1_6' title="bbox 200 710 1864 781">
    <p class='ocr_par' dir='ltr' id='par_1_6' title="bbox 200 710 1864 781">
     <span class='ocr_line' id='line_1_6' title="bbox 200 710 1864 781; baseline -0.001 -15"><span class='ocrx_word' id='word_1_26' title='bbox 200 711 453 766; x_wconf 85' lang='lat' dir='ltr'><strong>nonnulli</strong></span> <span class='ocrx_word' id='word_1_27' title='bbox 500 713 886 767; x_wconf 87' lang='lat' dir='ltr'><strong>crediderunt</strong></span> <span class='ocrx_word' id='word_1_28' title='bbox 923 711 1077 766; x_wconf 89' lang='lat' dir='ltr'><strong>idem</strong></span> <span class='ocrx_word' id='word_1_29' title='bbox 1127 725 1265 765; x_wconf 92' lang='lat' dir='ltr'><strong>esse</strong></span> <span class='ocrx_word' id='word_1_30' title='bbox 1297 725 1447 781; x_wconf 92' lang='lat' dir='ltr'><strong>opus</strong></span> <span class='ocrx_word' id='word_1_31' title='bbox 1497 710 1653 781; x_wconf 91' lang='lat' dir='ltr'><strong>quod</strong></span> <span class='ocrx_word' id='word_1_32' title='bbox 1712 712 1864 780; x_wconf 85' lang='lat' dir='ltr'><strong>apud</strong></span> 
     </span>
    </p>
   </div>
   <div class='ocr_carea' id='block_1_7' title="bbox 197 798 1859 856">
    <p class='ocr_par' dir='ltr' id='par_1_7' title="bbox 197 798 1859 856">
     <span class='ocr_line' id='line_1_7' title="bbox 197 798 1859 856; baseline -0.001 -1"><span class='ocrx_word' id='word_1_33' title='bbox 197 801 422 855; x_wconf 84' lang='lat' dir='ltr'><strong>Surium</strong></span> <span class='ocrx_word' id='word_1_34' title='bbox 454 800 550 854; x_wconf 88' lang='lat' dir='ltr'><strong>die</strong></span> <span class='ocrx_word' id='word_1_35' title='bbox 588 800 656 855; x_wconf 92' lang='lat'><strong>19</strong></span> <span class='ocrx_word' id='word_1_36' title='bbox 686 801 823 855; x_wconf 86' lang='lat' dir='ltr'><strong>Maii</strong></span> <span class='ocrx_word' id='word_1_37' title='bbox 849 801 961 856; x_wconf 89' lang='lat' dir='ltr'><strong>sub</strong></span> <span class='ocrx_word' id='word_1_38' title='bbox 1019 800 1253 854; x_wconf 87' lang='lat' dir='ltr'><strong>nomine</strong></span> <span class='ocrx_word' id='word_1_39' title='bbox 1296 798 1531 854; x_wconf 90' lang='lat' dir='ltr'><strong>Osberti</strong></span> <span class='ocrx_word' id='word_1_40' title='bbox 1587 800 1859 854; x_wconf 85' lang='lat' dir='ltr'><strong>monachi</strong></span> 
     </span>
    </p>
   </div>
   <div class='ocr_carea' id='block_1_8' title="bbox 194 888 1857 961">
    <p class='ocr_par' dir='ltr' id='par_1_8' title="bbox 194 888 1857 961">
     <span class='ocr_line' id='line_1_8' title="bbox 194 888 1857 961; baseline 0.001 -18"><span class='ocrx_word' id='word_1_41' title='bbox 194 889 414 961; x_wconf 78' lang='lat' dir='ltr'><strong>legitur.</strong></span> <span class='ocrx_word' id='word_1_42' title='bbox 451 889 625 942; x_wconf 86' lang='lat' dir='ltr'><strong>Idem</strong></span> <span class='ocrx_word' id='word_1_43' title='bbox 654 890 962 944; x_wconf 91' lang='lat' dir='ltr'><strong>Osbernus</strong></span> <span class='ocrx_word' id='word_1_44' title='bbox 989 889 1229 958; x_wconf 83' lang='lat' dir='ltr'><strong>scripsit</strong></span> <span class='ocrx_word' id='word_1_45' title='bbox 1255 888 1428 943; x_wconf 87' lang='lat' dir='ltr'><strong>etiam</strong></span> <span class='ocrx_word' id='word_1_46' title='bbox 1454 889 1644 943; x_wconf 86' lang='lat' dir='ltr'>Vitam</span> <span class='ocrx_word' id='word_1_47' title='bbox 1665 890 1857 944; x_wconf 84' lang='lat' dir='ltr'><strong>sancti</strong></span> 
     </span>
    </p>
   </div>
   <div class='ocr_carea' id='block_1_9' title="bbox 196 976 1857 1048">
    <p class='ocr_par' dir='ltr' id='par_1_9' title="bbox 196 976 1857 1048">
     <span class='ocr_line' id='line_1_9' title="bbox 196 976 1857 1048; baseline 0.001 -18"><span class='ocrx_word' id='word_1_48' title='bbox 196 978 418 1043; x_wconf 88' lang='lat' dir='ltr'><strong>Odonis,</strong></span> <span class='ocrx_word' id='word_1_49' title='bbox 429 976 890 1032; x_wconf 89' lang='lat' dir='ltr'><strong>Cantuarieusis</strong></span> <span class='ocrx_word' id='word_1_50' title='bbox 904 977 1337 1048; x_wconf 82' lang='lat' dir='ltr'><strong>archiepiscopi</strong></span> <span class='ocrx_word' id='word_1_51' title='bbox 1347 993 1541 1047; x_wconf 88' lang='lat' dir='ltr'><strong>,quam</strong></span> <span class='ocrx_word' id='word_1_52' title='bbox 1563 994 1635 1031; x_wconf 84' lang='lat' dir='ltr'><strong>ex</strong></span> <span class='ocrx_word' id='word_1_53' title='bbox 1649 977 1857 1033; x_wconf 89' lang='lat' dir='ltr'><strong>eodem</strong></span> 
     </span>
    </p>
   </div>
   <div class='ocr_carea' id='block_1_10' title="bbox 192 1065 1854 1136">
    <p class='ocr_par' dir='ltr' id='par_1_10' title="bbox 192 1065 1854 1136">
     <span class='ocr_line' id='line_1_10' title="bbox 192 1065 1854 1136; baseline 0.001 -17"><span class='ocrx_word' id='word_1_54' title='bbox 192 1067 585 1136; x_wconf 89' lang='lat' dir='ltr'><strong>manuscripto</strong></span> <span class='ocrx_word' id='word_1_55' title='bbox 622 1068 824 1121; x_wconf 90' lang='lat' dir='ltr'><strong>codice</strong></span> <span class='ocrx_word' id='word_1_56' title='bbox 856 1067 1101 1121; x_wconf 89' lang='lat' dir='ltr'><strong>Thuano</strong></span> <span class='ocrx_word' id='word_1_57' title='bbox 1124 1065 1486 1135; x_wconf 89' lang='lat' dir='ltr'><strong>Colbertino,</strong></span> <span class='ocrx_word' id='word_1_58' title='bbox 1511 1066 1693 1121; x_wconf 88' lang='lat' dir='ltr'><strong>edidit</strong></span> <span class='ocrx_word' id='word_1_59' title='bbox 1723 1067 1854 1120; x_wconf 92' lang='lat' dir='ltr'><strong>loco</strong></span> 
     </span>
    </p>
   </div>
   <div class='ocr_carea' id='block_1_11' title="bbox 136 1154 1855 1227">
    <p class='ocr_par' dir='ltr' id='par_1_11' title="bbox 136 1154 1855 1227">
     <span class='ocr_line' id='line_1_11' title="bbox 136 1154 1855 1227; baseline 0.001 -18"><span class='ocrx_word' id='word_1_60' title='bbox 136 1185 149 1198; x_wconf 85' lang='lat'><strong>-</strong></span> <span class='ocrx_word' id='word_1_61' title='bbox 190 1156 346 1209; x_wconf 86' lang='lat' dir='ltr'><strong>citato</strong></span> <span class='ocrx_word' id='word_1_62' title='bbox 368 1155 531 1209; x_wconf 89' lang='lat' dir='ltr'><strong>idem</strong></span> <span class='ocrx_word' id='word_1_63' title='bbox 565 1156 872 1210; x_wconf 89' lang='lat' dir='ltr'><strong>Mabillon.</strong></span> <span class='ocrx_word' id='word_1_64' title='bbox 897 1172 1034 1227; x_wconf 90' lang='lat' dir='ltr'><strong>pag.</strong></span> <span class='ocrx_word' id='word_1_65' title='bbox 1066 1154 1191 1225; x_wconf 86' lang='grc'>287,</span> <span class='ocrx_word' id='word_1_66' title='bbox 1227 1171 1360 1226; x_wconf 66' lang='lat' dir='ltr'><strong>quae</strong></span> <span class='ocrx_word' id='word_1_67' title='bbox 1375 1155 1592 1209; x_wconf 89' lang='lat' dir='ltr'><strong>dicitur</strong></span> <span class='ocrx_word' id='word_1_68' title='bbox 1621 1171 1855 1225; x_wconf 89' lang='lat' dir='ltr'><strong>quoque</strong></span> 
     </span>
    </p>
   </div>
   <div class='ocr_carea' id='block_1_12' title="bbox 190 1242 1856 1316">
    <p class='ocr_par' dir='ltr' id='par_1_12' title="bbox 190 1242 1856 1316">
     <span class='ocr_line' id='line_1_12' title="bbox 190 1242 1856 1316; baseline -0.001 -18"><span class='ocrx_word' id='word_1_69' title='bbox 190 1247 407 1298; x_wconf 79' lang='lat' dir='ltr'><strong>exstare</strong></span> <span class='ocrx_word' id='word_1_70' title='bbox 439 1259 562 1297; x_wconf 91' lang='lat' dir='ltr'><strong>ms.</strong></span> <span class='ocrx_word' id='word_1_71' title='bbox 628 1242 1043 1316; x_wconf 73' lang='lat' dir='ltr'><strong>Cantabrigiae,</strong></span> <span class='ocrx_word' id='word_1_72' title='bbox 1093 1245 1153 1297; x_wconf 90' lang='lat' dir='ltr'><strong>in</strong></span> <span class='ocrx_word' id='word_1_73' title='bbox 1200 1243 1557 1298; x_wconf 85' lang='lat' dir='ltr'><strong>bibliotheca</strong></span> <span class='ocrx_word' id='word_1_74' title='bbox 1605 1243 1856 1315; x_wconf 88' lang='lat' dir='ltr'><strong>Collegii</strong></span> 
     </span>
    </p>
   </div>
   <div class='ocr_carea' id='block_1_13' title="bbox 193 1332 1855 1404">
    <p class='ocr_par' dir='ltr' id='par_1_13' title="bbox 193 1332 1855 1404">
     <span class='ocr_line' id='line_1_13' title="bbox 193 1332 1855 1404; baseline -0.001 -18"><span class='ocrx_word' id='word_1_75' title='bbox 193 1332 374 1386; x_wconf 83' lang='lat' dir='ltr'><strong>Sancti</strong></span> <span class='ocrx_word' id='word_1_76' title='bbox 389 1333 724 1387; x_wconf 82' lang='lat' dir='ltr'><strong>Benedicti.</strong></span> <span class='ocrx_word' id='word_1_77' title='bbox 744 1333 1008 1404; x_wconf 86' lang='lat' dir='ltr'><strong>Denique</strong></span> <span class='ocrx_word' id='word_1_78' title='bbox 1025 1333 1215 1386; x_wconf 89' lang='lat' dir='ltr'><strong>Vitam</strong></span> <span class='ocrx_word' id='word_1_79' title='bbox 1231 1333 1546 1387; x_wconf 84' lang='lat' dir='ltr'><strong>etPassion</strong></span> <span class='ocrx_word' id='word_1_80' title='bbox 1555 1347 1647 1387; x_wconf 93' lang='lat' dir='ltr'><strong>em</strong></span> <span class='ocrx_word' id='word_1_81' title='bbox 1664 1332 1855 1387; x_wconf 88' lang='lat' dir='ltr'><strong>sancti</strong></span> 
     </span>
    </p>
   </div>
   <div class='ocr_carea' id='block_1_14' title="bbox 193 1420 1853 1492">
    <p class='ocr_par' dir='ltr' id='par_1_14' title="bbox 193 1420 1853 1492">
     <span class='ocr_line' id='line_1_14' title="bbox 193 1420 1853 1492; baseline 0.001 -19"><span class='ocrx_word' id='word_1_82' title='bbox 193 1420 426 1492; x_wconf 85' lang='lat' dir='ltr'><strong>Elphegi</strong></span> <span class='ocrx_word' id='word_1_83' title='bbox 446 1462 460 1489; x_wconf 91' lang='lat'><strong>,</strong></span> <span class='ocrx_word' id='word_1_84' title='bbox 491 1421 947 1476; x_wconf 87' lang='lat' dir='ltr'><strong>Cantuariensis</strong></span> <span class='ocrx_word' id='word_1_85' title='bbox 978 1420 1240 1491; x_wconf 84' lang='lat' dir='ltr'><strong>episcopi</strong></span> <span class='ocrx_word' id='word_1_86' title='bbox 1275 1423 1331 1476; x_wconf 88' lang='lat' dir='ltr'><strong>et</strong></span> <span class='ocrx_word' id='word_1_87' title='bbox 1359 1422 1653 1491; x_wconf 78' lang='lat' dir='ltr'><strong>martyris,</strong></span> <span class='ocrx_word' id='word_1_88' title='bbox 1679 1437 1853 1492; x_wconf 89' lang='lat' dir='ltr'><strong>quam</strong></span> 
     </span>
    </p>
   </div>
   <div class='ocr_carea' id='block_1_15' title="bbox 186 1509 1847 1579">
    <p class='ocr_par' dir='ltr' id='par_1_15' title="bbox 186 1509 1847 1579">
     <span class='ocr_line' id='line_1_15' title="bbox 186 1509 1847 1579; baseline 0 -15"><span class='ocrx_word' id='word_1_89' title='bbox 186 1510 483 1564; x_wconf 87' lang='lat' dir='ltr'><strong>ediderunt</strong></span> <span class='ocrx_word' id='word_1_90' title='bbox 501 1524 908 1565; x_wconf 86' lang='lat' dir='ltr'><strong>successores</strong></span> <span class='ocrx_word' id='word_1_91' title='bbox 925 1509 1213 1577; x_wconf 90' lang='lat' dir='ltr'><strong>Bollandi,</strong></span> <span class='ocrx_word' id='word_1_92' title='bbox 1239 1510 1313 1563; x_wconf 91' lang='lat' dir='ltr'><strong>ad</strong></span> <span class='ocrx_word' id='word_1_93' title='bbox 1343 1509 1498 1564; x_wconf 91' lang='lat' dir='ltr'><strong>diem</strong></span> <span class='ocrx_word' id='word_1_94' title='bbox 1516 1509 1582 1564; x_wconf 88' lang='grc'><strong>19</strong></span> <span class='ocrx_word' id='word_1_95' title='bbox 1604 1510 1847 1579; x_wconf 84' lang='lat' dir='ltr'><strong>Aprilis,</strong></span> 
     </span>
    </p>
   </div>
   <div class='ocr_carea' id='block_1_16' title="bbox 183 1598 1845 1669">
    <p class='ocr_par' dir='ltr' id='par_1_16' title="bbox 183 1598 1845 1669">
     <span class='ocr_line' id='line_1_16' title="bbox 183 1598 1845 1669; baseline 0.001 -18"><span class='ocrx_word' id='word_1_96' title='bbox 183 1601 323 1652; x_wconf 90' lang='lat' dir='ltr'><strong>tomo</strong></span> <span class='ocrx_word' id='word_1_97' title='bbox 355 1598 429 1667; x_wconf 92' lang='grc' dir='ltr'>ΙΙ,</span> <span class='ocrx_word' id='word_1_98' title='bbox 457 1614 605 1669; x_wconf 90' lang='lat' dir='ltr'><strong>pag.</strong></span> <span class='ocrx_word' id='word_1_99' title='bbox 640 1598 765 1667; x_wconf 87' lang='grc'>621,</span> <span class='ocrx_word' id='word_1_100' title='bbox 799 1603 857 1653; x_wconf 92' lang='lat' dir='ltr'><strong>et</strong></span> <span class='ocrx_word' id='word_1_101' title='bbox 879 1599 1269 1668; x_wconf 87' lang='lat' dir='ltr'><strong>sequentibus</strong></span> <span class='ocrx_word' id='word_1_102' title='bbox 1305 1615 1316 1652; x_wconf 89' lang='lat'><strong>:</strong></span> <span class='ocrx_word' id='word_1_103' title='bbox 1351 1614 1484 1669; x_wconf 69' lang='lat' dir='ltr'><strong>quae</strong></span> <span class='ocrx_word' id='word_1_104' title='bbox 1524 1599 1699 1652; x_wconf 89' lang='lat' dir='ltr'><strong>etiam</strong></span> <span class='ocrx_word' id='word_1_105' title='bbox 1729 1615 1845 1653; x_wconf 92' lang='lat' dir='ltr'><strong>ms.</strong></span> 
     </span>
    </p>
   </div>
   <div class='ocr_carea' id='block_1_17' title="bbox 180 1685 1849 1759">
    <p class='ocr_par' dir='ltr' id='par_1_17' title="bbox 180 1685 1849 1759">
     <span class='ocr_line' id='line_1_17' title="bbox 180 1685 1849 1759; baseline 0.002 -19"><span class='ocrx_word' id='word_1_106' title='bbox 180 1690 442 1755; x_wconf 86' lang='lat' dir='ltr'><strong>superest</strong></span> <span class='ocrx_word' id='word_1_107' title='bbox 464 1686 874 1758; x_wconf 70' lang='lat' dir='ltr'><strong>Cantabrigim</strong></span> <span class='ocrx_word' id='word_1_108' title='bbox 895 1687 955 1740; x_wconf 93' lang='lat' dir='ltr'><strong>in</strong></span> <span class='ocrx_word' id='word_1_109' title='bbox 978 1685 1243 1759; x_wconf 87' lang='lat' dir='ltr'><strong>Collegio</strong></span> <span class='ocrx_word' id='word_1_110' title='bbox 1263 1688 1456 1756; x_wconf 90' lang='lat' dir='ltr'><strong>citato,</strong></span> <span class='ocrx_word' id='word_1_111' title='bbox 1478 1703 1611 1742; x_wconf 90' lang='lat' dir='ltr'><strong>cum</strong></span> <span class='ocrx_word' id='word_1_112' title='bbox 1625 1687 1756 1742; x_wconf 86' lang='lat' dir='ltr'><strong>Vita</strong></span> <span class='ocrx_word' id='word_1_113' title='bbox 1786 1687 1849 1743; x_wconf 91' lang='lat' dir='ltr'><strong>S.</strong></span> 
     </span>
    </p>
   </div>
   <div class='ocr_carea' id='block_1_18' title="bbox 180 1774 1850 1847">
    <p class='ocr_par' dir='ltr' id='par_1_18' title="bbox 180 1774 1850 1847">
     <span class='ocr_line' id='line_1_18' title="bbox 180 1774 1850 1847; baseline 0.002 -20"><span class='ocrx_word' id='word_1_114' title='bbox 180 1776 422 1843; x_wconf 82' lang='lat' dir='ltr'><strong>Martini,</strong></span> <span class='ocrx_word' id='word_1_115' title='bbox 452 1774 757 1831; x_wconf 91' lang='lat' dir='ltr'><strong>Odilonis.</strong></span> <span class='ocrx_word' id='word_1_116' title='bbox 791 1775 1029 1846; x_wconf 89' lang='lat' dir='ltr'><strong>Majolce</strong></span> <span class='ocrx_word' id='word_1_117' title='bbox 1048 1778 1104 1830; x_wconf 87' lang='lat' dir='ltr'><strong>et</strong></span> <span class='ocrx_word' id='word_1_118' title='bbox 1135 1776 1408 1845; x_wconf 90' lang='lat' dir='ltr'><strong>aliorum,</strong></span> <span class='ocrx_word' id='word_1_119' title='bbox 1443 1776 1715 1847; x_wconf 77' lang='lat' dir='ltr'><strong>ejusdem</strong></span> <span class='ocrx_word' id='word_1_120' title='bbox 1736 1776 1850 1831; x_wconf 81' lang='lat' dir='ltr'><strong>Os-</strong></span> 
     </span>
    </p>
   </div>
   <div class='ocr_carea' id='block_1_19' title="bbox 178 1864 1850 1935">
    <p class='ocr_par' dir='ltr' id='par_1_19' title="bbox 178 1864 1850 1935">
     <span class='ocr_line' id='line_1_19' title="bbox 178 1864 1850 1935; baseline 0 -17"><span class='ocrx_word' id='word_1_121' title='bbox 178 1864 352 1918; x_wconf 89' lang='lat' dir='ltr'><strong>berni.</strong></span> <span class='ocrx_word' id='word_1_122' title='bbox 386 1865 594 1918; x_wconf 83' lang='lat' dir='ltr'><strong>Vitam</strong></span> <span class='ocrx_word' id='word_1_123' title='bbox 626 1864 687 1919; x_wconf 90' lang='lat' dir='ltr'><strong>S.</strong></span> <span class='ocrx_word' id='word_1_124' title='bbox 724 1864 975 1935; x_wconf 82' lang='lat' dir='ltr'><strong>Elphegi</strong></span> <span class='ocrx_word' id='word_1_125' title='bbox 1002 1865 1075 1919; x_wconf 87' lang='lat' dir='ltr'><strong>ab</strong></span> <span class='ocrx_word' id='word_1_126' title='bbox 1105 1864 1379 1919; x_wconf 86' lang='lat' dir='ltr'><strong>Osberno</strong></span> <span class='ocrx_word' id='word_1_127' title='bbox 1394 1865 1677 1934; x_wconf 88' lang='lat' dir='ltr'><strong>scriptam</strong></span> <span class='ocrx_word' id='word_1_128' title='bbox 1692 1864 1850 1919; x_wconf 84' lang='lat' dir='ltr'><strong>Ead-</strong></span> 
     </span>
    </p>
   </div>
   <div class='ocr_carea' id='block_1_20' title="bbox 177 1952 1850 2023">
    <p class='ocr_par' dir='ltr' id='par_1_20' title="bbox 177 1952 1850 2023">
     <span class='ocr_line' id='line_1_20' title="bbox 177 1952 1850 2023; baseline 0.001 -17"><span class='ocrx_word' id='word_1_129' title='bbox 177 1968 382 2022; x_wconf 88' lang='lat' dir='ltr'><strong>merus,</strong></span> <span class='ocrx_word' id='word_1_130' title='bbox 418 1952 530 2023; x_wconf 88' lang='lat' dir='ltr'><strong>lib,</strong></span> <span class='ocrx_word' id='word_1_131' title='bbox 564 1970 586 2006; x_wconf 88' lang='grc' dir='ltr'>ι</span> <span class='ocrx_word' id='word_1_132' title='bbox 622 1953 707 2007; x_wconf 92' lang='lat' dir='ltr'><strong>De</strong></span> <span class='ocrx_word' id='word_1_133' title='bbox 737 1953 867 2007; x_wconf 88' lang='lat' dir='ltr'><strong>Vita</strong></span> <span class='ocrx_word' id='word_1_134' title='bbox 904 1953 1192 2017; x_wconf 88' lang='lat' dir='ltr'><strong>Anselmi,</strong></span> <span class='ocrx_word' id='word_1_135' title='bbox 1232 1968 1358 2021; x_wconf 87' lang='lat' dir='ltr'><strong>cap.</strong></span> <span class='ocrx_word' id='word_1_136' title='bbox 1390 1953 1479 2022; x_wconf 84' lang='grc'><strong>29,</strong></span> <span class='ocrx_word' id='word_1_137' title='bbox 1507 1953 1597 2007; x_wconf 92' lang='lat' dir='ltr'><strong>sic</strong></span> <span class='ocrx_word' id='word_1_138' title='bbox 1645 1953 1850 2008; x_wconf 90' lang='lat' dir='ltr'><strong>lauda-</strong></span> 
     </span>
    </p>
   </div>
   <div class='ocr_carea' id='block_1_21' title="bbox 177 2040 1850 2113">
    <p class='ocr_par' dir='ltr' id='par_1_21' title="bbox 177 2040 1850 2113">
     <span class='ocr_line' id='line_1_21' title="bbox 177 2040 1850 2113; baseline 0.001 -18"><span class='ocrx_word' id='word_1_139' title='bbox 177 2042 247 2095; x_wconf 83' lang='lat' dir='ltr'><strong>vit</strong></span> <span class='ocrx_word' id='word_1_140' title='bbox 277 2057 288 2096; x_wconf 93' lang='lat'><strong>:</strong></span> <span class='ocrx_word' id='word_1_141' title='bbox 314 2041 661 2096; x_wconf 78' lang='lat' dir='ltr'><strong>Historiam</strong></span> <span class='ocrx_word' id='word_1_142' title='bbox 697 2042 832 2096; x_wconf 74' lang='lat' dir='ltr'><strong>vitae</strong></span> <span class='ocrx_word' id='word_1_143' title='bbox 862 2056 929 2095; x_wconf 88' lang='lat' dir='ltr'><strong>ac</strong></span> <span class='ocrx_word' id='word_1_144' title='bbox 955 2042 1259 2112; x_wconf 79' lang='lat' dir='ltr'><strong>passionis</strong></span> <span class='ocrx_word' id='word_1_145' title='bbox 1290 2041 1418 2113; x_wconf 79' lang='lat' dir='ltr'><strong>ejus</strong></span> <span class='ocrx_word' id='word_1_146' title='bbox 1435 2040 1733 2112; x_wconf 83' lang='lat' dir='ltr'><strong>(Elphegi)</strong></span> <span class='ocrx_word' id='word_1_147' title='bbox 1752 2042 1850 2096; x_wconf 88' lang='lat' dir='ltr'><strong>di-</strong></span> 
     </span>
    </p>
   </div>
   <div class='ocr_carea' id='block_1_22' title="bbox 180 2128 1848 2201">
    <p class='ocr_par' dir='ltr' id='par_1_22' title="bbox 180 2128 1848 2201">
     <span class='ocr_line' id='line_1_22' title="bbox 180 2128 1848 2201; baseline 0.001 -19"><span class='ocrx_word' id='word_1_148' title='bbox 180 2129 383 2201; x_wconf 85' lang='lat' dir='ltr'><strong>ligenti</strong></span> <span class='ocrx_word' id='word_1_149' title='bbox 398 2131 612 2185; x_wconf 86' lang='lat' dir='ltr'><strong>studio</strong></span> <span class='ocrx_word' id='word_1_150' title='bbox 629 2128 768 2184; x_wconf 83' lang='lat' dir='ltr'><strong>ﬁeri</strong></span> <span class='ocrx_word' id='word_1_151' title='bbox 769 2130 1035 2201; x_wconf 75' lang='lat' dir='ltr'><strong>praecepi</strong></span> <span class='ocrx_word' id='word_1_152' title='bbox 1041 2135 1061 2183; x_wconf 94' lang='lat' dir='ltr'><strong>t</strong></span> <span class='ocrx_word' id='word_1_153' title='bbox 1074 2131 1099 2198; x_wconf 97' lang='lat'><strong><em>(</em></strong></span> <span class='ocrx_word' id='word_1_154' title='bbox 1104 2129 1522 2199; x_wconf 84' lang='lat' dir='ltr'><strong>Lanfrancus),</strong></span> <span class='ocrx_word' id='word_1_155' title='bbox 1539 2146 1703 2201; x_wconf 86' lang='lat' dir='ltr'><strong>quam</strong></span> <span class='ocrx_word' id='word_1_156' title='bbox 1718 2130 1848 2201; x_wconf 90' lang='lat' dir='ltr'><strong>qui-</strong></span> 
     </span>
    </p>
   </div>
   <div class='ocr_carea' id='block_1_23' title="bbox 178 2217 1848 2291">
    <p class='ocr_par' dir='ltr' id='par_1_23' title="bbox 178 2217 1848 2291">
     <span class='ocr_line' id='line_1_23' title="bbox 178 2217 1848 2291; baseline 0 -19"><span class='ocrx_word' id='word_1_157' title='bbox 178 2219 296 2273; x_wconf 88' lang='lat' dir='ltr'><strong>dem</strong></span> <span class='ocrx_word' id='word_1_158' title='bbox 315 2218 664 2274; x_wconf 78' lang='lat' dir='ltr'><strong>Historiam</strong></span> <span class='ocrx_word' id='word_1_159' title='bbox 680 2235 792 2273; x_wconf 93' lang='lat' dir='ltr'><strong>non</strong></span> <span class='ocrx_word' id='word_1_160' title='bbox 821 2217 1005 2273; x_wconf 90' lang='lat' dir='ltr'><strong>solum</strong></span> <span class='ocrx_word' id='word_1_161' title='bbox 1022 2218 1201 2290; x_wconf 87' lang='lat' dir='ltr'><strong>plano</strong></span> <span class='ocrx_word' id='word_1_162' title='bbox 1219 2218 1539 2273; x_wconf 87' lang='lat' dir='ltr'><strong>dictamine</strong></span> <span class='ocrx_word' id='word_1_163' title='bbox 1558 2219 1634 2273; x_wconf 89' lang='lat' dir='ltr'><strong>ad</strong></span> <span class='ocrx_word' id='word_1_164' title='bbox 1646 2217 1848 2291; x_wconf 82' lang='lat' dir='ltr'><strong>legen-</strong></span> 
     </span>
    </p>
   </div>
   <div class='ocr_carea' id='block_1_24' title="bbox 177 2306 1846 2377">
    <p class='ocr_par' dir='ltr' id='par_1_24' title="bbox 177 2306 1846 2377">
     <span class='ocr_line' id='line_1_24' title="bbox 177 2306 1846 2377; baseline 0.001 -16"><span class='ocrx_word' id='word_1_165' title='bbox 177 2307 316 2377; x_wconf 89' lang='lat' dir='ltr'><strong>dum,</strong></span> <span class='ocrx_word' id='word_1_166' title='bbox 329 2324 540 2363; x_wconf 81' lang='lat' dir='ltr'><strong>verum</strong></span> <span class='ocrx_word' id='word_1_167' title='bbox 566 2308 749 2363; x_wconf 85' lang='lat' dir='ltr'><strong>etiam</strong></span> <span class='ocrx_word' id='word_1_168' title='bbox 766 2308 990 2362; x_wconf 78' lang='lat' dir='ltr'><strong>musico</strong></span> <span class='ocrx_word' id='word_1_169' title='bbox 1006 2306 1399 2362; x_wconf 83' lang='lat' dir='ltr'><strong>modulamine</strong></span> <span class='ocrx_word' id='word_1_170' title='bbox 1413 2306 1489 2361; x_wconf 90' lang='lat' dir='ltr'><strong>ad</strong></span> <span class='ocrx_word' id='word_1_171' title='bbox 1500 2306 1846 2377; x_wconf 86' lang='lat' dir='ltr'><strong>canendum,</strong></span> 
     </span>
    </p>
   </div>
   <div class='ocr_carea' id='block_1_25' title="bbox 176 2394 1851 2466">
    <p class='ocr_par' dir='ltr' id='par_1_25' title="bbox 176 2394 1851 2466">
     <span class='ocr_line' id='line_1_25' title="bbox 176 2394 1851 2466; baseline 0.001 -17"><span class='ocrx_word' id='word_1_172' title='bbox 176 2397 477 2466; x_wconf 71' lang='lat' dir='ltr'><strong>ajucundae</strong></span> <span class='ocrx_word' id='word_1_173' title='bbox 500 2397 811 2452; x_wconf 74' lang='lat' dir='ltr'><strong>memoriae</strong></span> <span class='ocrx_word' id='word_1_174' title='bbox 832 2394 1124 2463; x_wconf 78' lang='lat' dir='ltr'><strong>Osberno,</strong></span> <span class='ocrx_word' id='word_1_175' title='bbox 1154 2394 1323 2451; x_wconf 87' lang='lat' dir='ltr'><strong>Cant.</strong></span> <span class='ocrx_word' id='word_1_176' title='bbox 1344 2394 1643 2450; x_wconf 74' lang='lat' dir='ltr'><strong>Ecclesiae</strong></span> <span class='ocrx_word' id='word_1_177' title='bbox 1660 2411 1851 2450; x_wconf 86' lang='lat' dir='ltr'><strong>mona-</strong></span> 
     </span>
    </p>
   </div>
   <div class='ocr_carea' id='block_1_26' title="bbox 182 2483 1847 2557">
    <p class='ocr_par' dir='ltr' id='par_1_26' title="bbox 182 2483 1847 2557">
     <span class='ocr_line' id='line_1_26' title="bbox 182 2483 1847 2557; baseline 0.001 -21"><span class='ocrx_word' id='word_1_178' title='bbox 182 2484 404 2553; x_wconf 79' lang='lat' dir='ltr'><strong>cbo,‘ad</strong></span> <span class='ocrx_word' id='word_1_179' title='bbox 418 2491 800 2557; x_wconf 74' lang='lat' dir='ltr'><strong>praeceptam</strong></span> <span class='ocrx_word' id='word_1_180' title='bbox 830 2484 997 2538; x_wconf 86' lang='lat' dir='ltr'><strong>illius</strong></span> <span class='ocrx_word' id='word_1_181' title='bbox 1018 2483 1307 2539; x_wconf 79' lang='lat' dir='ltr'><strong>nobiliter</strong></span> <span class='ocrx_word' id='word_1_182' title='bbox 1328 2484 1567 2550; x_wconf 87' lang='lat' dir='ltr'><strong>editam,</strong></span> <span class='ocrx_word' id='word_1_183' title='bbox 1593 2484 1723 2555; x_wconf 86' lang='lat' dir='ltr'><strong>ipse</strong></span> <span class='ocrx_word' id='word_1_184' title='bbox 1743 2500 1847 2538; x_wconf 87' lang='lat' dir='ltr'><strong>sua</strong></span> 
     </span>
    </p>
   </div>
   <div class='ocr_carea' id='block_1_27' title="bbox 177 2572 1852 2645">
    <p class='ocr_par' dir='ltr' id='par_1_27' title="bbox 177 2572 1852 2645">
     <span class='ocr_line' id='line_1_27' title="bbox 177 2572 1852 2645; baseline 0.001 -19"><span class='ocrx_word' id='word_1_185' title='bbox 177 2572 487 2643; x_wconf 85' lang='lat' dir='ltr'><strong>prudentia</strong></span> <span class='ocrx_word' id='word_1_186' title='bbox 500 2588 712 2629; x_wconf 87' lang='lat' dir='ltr'><strong>amore</strong></span> <span class='ocrx_word' id='word_1_187' title='bbox 723 2573 1017 2645; x_wconf 76' lang='lat' dir='ltr'><strong>martyris</strong></span> <span class='ocrx_word' id='word_1_188' title='bbox 1026 2572 1177 2627; x_wconf 87' lang='lat' dir='ltr'><strong>celsi</strong></span> <span class='ocrx_word' id='word_1_189' title='bbox 1182 2588 1249 2628; x_wconf 89' lang='lat' dir='ltr'><strong>us</strong></span> <span class='ocrx_word' id='word_1_190' title='bbox 1260 2573 1487 2644; x_wconf 85' lang='lat' dir='ltr'><strong>insigni</strong></span> <span class='ocrx_word' id='word_1_191' title='bbox 1494 2573 1553 2625; x_wconf 83' lang='lat' dir='ltr'><strong>vi</strong></span> <span class='ocrx_word' id='word_1_192' title='bbox 1557 2573 1852 2644; x_wconf 83' lang='lat' dir='ltr'><strong>t,insign1-</strong></span> 
     </span>
    </p>
   </div>
   <div class='ocr_carea' id='block_1_28' title="bbox 180 2658 1850 2733">
    <p class='ocr_par' dir='ltr' id='par_1_28' title="bbox 180 2658 1850 2733">
     <span class='ocr_line' id='line_1_28' title="bbox 180 2658 1850 2733; baseline 0.001 -20"><span class='ocrx_word' id='word_1_193' title='bbox 180 2668 283 2714; x_wconf 84' lang='lat' dir='ltr'><strong>tam</strong></span> <span class='ocrx_word' id='word_1_194' title='bbox 297 2663 613 2717; x_wconf 86' lang='lat' dir='ltr'><strong>auctoriza</strong></span> <span class='ocrx_word' id='word_1_195' title='bbox 626 2663 727 2731; x_wconf 84' lang='lat' dir='ltr'><strong>vit,</strong></span> <span class='ocrx_word' id='word_1_196' title='bbox 762 2662 1181 2716; x_wconf 73' lang='lat' dir='ltr'><strong>auctoriZatam</strong></span> <span class='ocrx_word' id='word_1_197' title='bbox 1213 2662 1275 2715; x_wconf 89' lang='lat' dir='ltr'><strong>in</strong></span> <span class='ocrx_word' id='word_1_198' title='bbox 1306 2661 1583 2716; x_wconf 85' lang='lat' dir='ltr'><strong>Ecclesia</strong></span> <span class='ocrx_word' id='word_1_199' title='bbox 1601 2658 1715 2715; x_wconf 91' lang='lat' dir='ltr'><strong>Dei</strong></span> <span class='ocrx_word' id='word_1_200' title='bbox 1724 2660 1850 2733; x_wconf 88' lang='lat' dir='ltr'><strong>legi</strong></span> 
     </span>
    </p>
   </div>
   <div class='ocr_carea' id='block_1_29' title="bbox 175 2750 1844 2823">
    <p class='ocr_par' dir='ltr' id='par_1_29' title="bbox 175 2750 1844 2823">
     <span class='ocr_line' id='line_1_29' title="bbox 175 2750 1844 2823; baseline 0.001 -21"><span class='ocrx_word' id='word_1_201' title='bbox 175 2751 510 2823; x_wconf 84' lang='lat' dir='ltr'><strong>cantarique</strong></span> <span class='ocrx_word' id='word_1_202' title='bbox 524 2751 817 2820; x_wconf 85' lang='lat' dir='ltr'><strong>instituit,</strong></span> <span class='ocrx_word' id='word_1_203' title='bbox 836 2765 1157 2821; x_wconf 85' lang='lat' dir='ltr'><strong>nomenque</strong></span> <span class='ocrx_word' id='word_1_204' title='bbox 1168 2750 1463 2821; x_wconf 73' lang='lat' dir='ltr'><strong>martyris</strong></span> <span class='ocrx_word' id='word_1_205' title='bbox 1473 2750 1583 2804; x_wconf 77' lang='lat' dir='ltr'><strong>hac</strong></span> <span class='ocrx_word' id='word_1_206' title='bbox 1595 2750 1658 2804; x_wconf 88' lang='lat' dir='ltr'><strong>in</strong></span> <span class='ocrx_word' id='word_1_207' title='bbox 1669 2755 1844 2821; x_wconf 87' lang='lat' dir='ltr'><strong>parte</strong></span> 
     </span>
    </p>
   </div>
   <div class='ocr_carea' id='block_1_30' title="bbox 177 2837 1841 2911">
    <p class='ocr_par' dir='ltr' id='par_1_30' title="bbox 177 2837 1841 2911">
     <span class='ocr_line' id='line_1_30' title="bbox 177 2837 1841 2911; baseline 0.001 -19"><span class='ocrx_word' id='word_1_208' title='bbox 177 2855 277 2893; x_wconf 87' lang='lat' dir='ltr'><strong>non</strong></span> <span class='ocrx_word' id='word_1_209' title='bbox 290 2856 504 2910; x_wconf 88' lang='lat' dir='ltr'><strong>parum</strong></span> <span class='ocrx_word' id='word_1_210' title='bbox 525 2839 804 2911; x_wconf 77' lang='lat' dir='ltr'><strong>glorifica</strong></span> <span class='ocrx_word' id='word_1_211' title='bbox 816 2840 918 2893; x_wconf 83' lang='lat' dir='ltr'><strong>vit.</strong></span> <span class='ocrx_word' id='word_1_212' title='bbox 951 2837 1374 2909; x_wconf 89' lang='lat' dir='ltr'><strong>Compendium</strong></span> <span class='ocrx_word' id='word_1_213' title='bbox 1400 2837 1658 2909; x_wconf 84' lang='lat' dir='ltr'><strong>hujusce</strong></span> <span class='ocrx_word' id='word_1_214' title='bbox 1682 2838 1841 2893; x_wconf 62' lang='lat' dir='ltr'><strong>Vitae</strong></span> 
     </span>
    </p>
   </div>
   <div class='ocr_carea' id='block_1_31' title="bbox 176 2926 1840 2999">
    <p class='ocr_par' dir='ltr' id='par_1_31' title="bbox 176 2926 1840 2999">
     <span class='ocr_line' id='line_1_31' title="bbox 176 2926 1840 2999; baseline 0 -18"><span class='ocrx_word' id='word_1_215' title='bbox 176 2930 317 2981; x_wconf 84' lang='lat' dir='ltr'><strong>extat</strong></span> <span class='ocrx_word' id='word_1_216' title='bbox 339 2928 500 2999; x_wconf 88' lang='lat' dir='ltr'><strong>apud</strong></span> <span class='ocrx_word' id='word_1_217' title='bbox 525 2927 875 2999; x_wconf 89' lang='lat' dir='ltr'><strong>Legendam</strong></span> <span class='ocrx_word' id='word_1_218' title='bbox 888 2927 1117 2983; x_wconf 89' lang='lat' dir='ltr'><strong>Novam</strong></span> <span class='ocrx_word' id='word_1_219' title='bbox 1129 2926 1648 2999; x_wconf 86' lang='lat' dir='ltr'><strong>Capgravii,atque</strong></span> <span class='ocrx_word' id='word_1_220' title='bbox 1666 2928 1840 2981; x_wconf 86' lang='lat' dir='ltr'><strong>exin-</strong></span> 
     </span>
    </p>
   </div>
   <div class='ocr_carea' id='block_1_32' title="bbox 172 3012 1842 3087">
    <p class='ocr_par' dir='ltr' id='par_1_32' title="bbox 172 3012 1842 3087">
     <span class='ocr_line' id='line_1_32' title="bbox 172 3012 1842 3087; baseline 0 -17"><span class='ocrx_word' id='word_1_221' title='bbox 172 3012 237 3071; x_wconf 77' lang='lat' dir='ltr'><strong>de</strong></span> <span class='ocrx_word' id='word_1_222' title='bbox 263 3016 413 3087; x_wconf 88' lang='lat' dir='ltr'><strong>apud</strong></span> <span class='ocrx_word' id='word_1_223' title='bbox 443 3016 695 3072; x_wconf 90' lang='lat' dir='ltr'><strong>Surium</strong></span> <span class='ocrx_word' id='word_1_224' title='bbox 713 3015 807 3071; x_wconf 90' lang='lat' dir='ltr'><strong>die</strong></span> <span class='ocrx_word' id='word_1_225' title='bbox 838 3015 904 3069; x_wconf 89' lang='grc'><strong>19</strong></span> <span class='ocrx_word' id='word_1_226' title='bbox 946 3015 1303 3087; x_wconf 87' lang='lat' dir='ltr'><strong>Aprilis,ubi</strong></span> <span class='ocrx_word' id='word_1_227' title='bbox 1337 3016 1842 3070; x_wconf 89' lang='lat' dir='ltr'><strong>Osbernoinscri-</strong></span> 
     </span>
    </p>
   </div>
   <div class='ocr_carea' id='block_1_33' title="bbox 176 3104 1842 3177">
    <p class='ocr_par' dir='ltr' id='par_1_33' title="bbox 176 3104 1842 3177">
     <span class='ocr_line' id='line_1_33' title="bbox 176 3104 1842 3177; baseline 0.001 -19"><span class='ocrx_word' id='word_1_228' title='bbox 176 3104 336 3169; x_wconf 88' lang='lat' dir='ltr'><strong>bitur.</strong></span> <span class='ocrx_word' id='word_1_229' title='bbox 389 3109 448 3161; x_wconf 89' lang='lat' dir='ltr'><strong>et</strong></span> <span class='ocrx_word' id='word_1_230' title='bbox 482 3109 771 3177; x_wconf 87' lang='lat' dir='ltr'><strong>tanquam</strong></span> <span class='ocrx_word' id='word_1_231' title='bbox 797 3104 1053 3160; x_wconf 90' lang='lat' dir='ltr'><strong>Osberni</strong></span> <span class='ocrx_word' id='word_1_232' title='bbox 1083 3120 1233 3175; x_wconf 90' lang='lat' dir='ltr'><strong>cpus</strong></span> <span class='ocrx_word' id='word_1_233' title='bbox 1265 3120 1297 3158; x_wconf 94' lang='lat' dir='ltr'><strong>a</strong></span> <span class='ocrx_word' id='word_1_234' title='bbox 1328 3104 1581 3158; x_wconf 90' lang='lat' dir='ltr'><strong>Baronio</strong></span> <span class='ocrx_word' id='word_1_235' title='bbox 1613 3106 1670 3158; x_wconf 92' lang='lat' dir='ltr'><strong>et</strong></span> <span class='ocrx_word' id='word_1_236' title='bbox 1709 3104 1842 3159; x_wconf 89' lang='lat' dir='ltr'><strong>aliis</strong></span> 
     </span>
    </p>
   </div>
   <div class='ocr_carea' id='block_1_34' title="bbox 1970 620 3626 700">
    <p class='ocr_par' dir='ltr' id='par_1_34' title="bbox 1970 620 3626 700">
     <span class='ocr_line' id='line_1_34' title="bbox 1970 620 3626 700; baseline 0.008 -26"><span class='ocrx_word' id='word_1_237' title='bbox 1970 620 2192 676; x_wconf 90' lang='lat' dir='ltr'><strong>Odonis</strong></span> <span class='ocrx_word' id='word_1_238' title='bbox 2207 639 2381 694; x_wconf 87' lang='lat' dir='ltr'><strong>quem</strong></span> <span class='ocrx_word' id='word_1_239' title='bbox 2398 624 2947 683; x_wconf 88' lang='lat' dir='ltr'><strong>Malmesburiensis</strong></span> <span class='ocrx_word' id='word_1_240' title='bbox 2965 631 3128 700; x_wconf 89' lang='lat' dir='ltr'><strong>vidit,</strong></span> <span class='ocrx_word' id='word_1_241' title='bbox 3160 648 3192 684; x_wconf 89' lang='lat' dir='ltr'><strong>a</strong></span> <span class='ocrx_word' id='word_1_242' title='bbox 3214 634 3417 685; x_wconf 91' lang='lat' dir='ltr'><strong>nostro</strong></span> <span class='ocrx_word' id='word_1_243' title='bbox 3433 633 3626 686; x_wconf 89' lang='lat' dir='ltr'><strong>diver-</strong></span> 
     </span>
    </p>
   </div>
   <div class='ocr_carea' id='block_1_35' title="bbox 1968 710 3623 784">
    <p class='ocr_par' dir='ltr' id='par_1_35' title="bbox 1968 710 3623 784">
     <span class='ocr_line' id='line_1_35' title="bbox 1968 710 3623 784; baseline 0.007 -21"><span class='ocrx_word' id='word_1_244' title='bbox 1968 726 2102 763; x_wconf 92' lang='lat' dir='ltr'><strong>sum</strong></span> <span class='ocrx_word' id='word_1_245' title='bbox 2123 710 2313 766; x_wconf 91' lang='lat' dir='ltr'><strong>fuisse</strong></span> <span class='ocrx_word' id='word_1_246' title='bbox 2339 729 2352 780; x_wconf 86' lang='lat'><strong>;</strong></span> <span class='ocrx_word' id='word_1_247' title='bbox 2384 714 2538 784; x_wconf 91' lang='lat' dir='ltr'><strong>quod</strong></span> <span class='ocrx_word' id='word_1_248' title='bbox 2562 717 2617 768; x_wconf 88' lang='lat' dir='ltr'><strong>et</strong></span> <span class='ocrx_word' id='word_1_249' title='bbox 2639 715 2897 771; x_wconf 81' lang='lat' dir='ltr'><strong>Joannes</strong></span> <span class='ocrx_word' id='word_1_250' title='bbox 2926 718 3299 773; x_wconf 88' lang='lat' dir='ltr'><strong>Mabillonius</strong></span> <span class='ocrx_word' id='word_1_251' title='bbox 3323 723 3494 774; x_wconf 90' lang='lat' dir='ltr'><strong>antea</strong></span> <span class='ocrx_word' id='word_1_252' title='bbox 3520 719 3623 775; x_wconf 91' lang='lat' dir='ltr'><strong>ob-</strong></span> 
     </span>
    </p>
   </div>
   <div class='ocr_carea' id='block_1_36' title="bbox 1969 799 3624 876">
    <p class='ocr_par' dir='ltr' id='par_1_36' title="bbox 1969 799 3624 876">
     <span class='ocr_line' id='line_1_36' title="bbox 1969 799 3624 876; baseline 0.007 -24"><span class='ocrx_word' id='word_1_253' title='bbox 1969 799 2248 854; x_wconf 84' lang='lat' dir='ltr'><strong>servavit.</strong></span> <span class='ocrx_word' id='word_1_254' title='bbox 2312 800 2483 855; x_wconf 90' lang='lat' dir='ltr'><strong>Hunc</strong></span> <span class='ocrx_word' id='word_1_255' title='bbox 2527 806 2717 858; x_wconf 89' lang='lat' dir='ltr'><strong>tamen</strong></span> <span class='ocrx_word' id='word_1_256' title='bbox 2777 806 2878 876; x_wconf 88' lang='lat' dir='ltr'><strong>qui</strong></span> <span class='ocrx_word' id='word_1_257' title='bbox 2908 812 3185 875; x_wconf 88' lang='lat' dir='ltr'><strong>superest</strong></span> <span class='ocrx_word' id='word_1_258' title='bbox 3238 808 3452 862; x_wconf 90' lang='lat' dir='ltr'><strong>librum</strong></span> <span class='ocrx_word' id='word_1_259' title='bbox 3510 810 3624 864; x_wconf 91' lang='lat' dir='ltr'><strong>sub</strong></span> 
     </span>
    </p>
   </div>
   <div class='ocr_carea' id='block_1_37' title="bbox 1970 886 3623 967">
    <p class='ocr_par' dir='ltr' id='par_1_37' title="bbox 1970 886 3623 967">
     <span class='ocr_line' id='line_1_37' title="bbox 1970 886 3623 967; baseline 0.007 -27"><span class='ocrx_word' id='word_1_260' title='bbox 1970 886 2220 941; x_wconf 81' lang='lat' dir='ltr'><strong>Osberni</strong></span> <span class='ocrx_word' id='word_1_261' title='bbox 2254 891 2485 944; x_wconf 88' lang='lat' dir='ltr'><strong>nomine</strong></span> <span class='ocrx_word' id='word_1_262' title='bbox 2508 892 2662 945; x_wconf 90' lang='lat' dir='ltr'><strong>idem</strong></span> <span class='ocrx_word' id='word_1_263' title='bbox 2676 892 3091 949; x_wconf 90' lang='lat' dir='ltr'><strong>Mabilloniuse</strong></span> <span class='ocrx_word' id='word_1_264' title='bbox 3111 896 3374 967; x_wconf 86' lang='lat' dir='ltr'><strong>vulgavit</strong></span> <span class='ocrx_word' id='word_1_265' title='bbox 3393 896 3623 952; x_wconf 65' lang='lat' dir='ltr'><strong>Smculo</strong></span> 
     </span>
    </p>
   </div>
   <div class='ocr_carea' id='block_1_38' title="bbox 1971 976 3628 1054">
    <p class='ocr_par' dir='ltr' id='par_1_38' title="bbox 1971 976 3628 1054">
     <span class='ocr_line' id='line_1_38' title="bbox 1971 976 3628 1054; baseline 0.007 -26"><span class='ocrx_word' id='word_1_266' title='bbox 1971 976 2485 1033; x_wconf 84' lang='lat' dir='ltr'><strong>Benedictinorum</strong></span> <span class='ocrx_word' id='word_1_267' title='bbox 2502 979 2714 1051; x_wconf 90' lang='lat' dir='ltr'><strong>V,pag.</strong></span> <span class='ocrx_word' id='word_1_268' title='bbox 2736 981 2858 1051; x_wconf 81' lang='grc'>283,</span> <span class='ocrx_word' id='word_1_269' title='bbox 2877 983 3628 1054; x_wconf 73' lang='lat' dir='ltr'><strong>eumdemq‘ueinscriptum</strong></span> 
     </span>
    </p>
   </div>
   <div class='ocr_carea' id='block_1_39' title="bbox 1970 1064 3622 1137">
    <p class='ocr_par' dir='ltr' id='par_1_39' title="bbox 1970 1064 3622 1137">
     <span class='ocr_line' id='line_1_39' title="bbox 1970 1064 3622 1137; baseline 0.005 -19"><span class='ocrx_word' id='word_1_270' title='bbox 1970 1064 2160 1119; x_wconf 89' lang='lat' dir='ltr'><strong>eidem</strong></span> <span class='ocrx_word' id='word_1_271' title='bbox 2189 1067 2434 1137; x_wconf 82' lang='lat' dir='ltr'><strong>auctori,</strong></span> <span class='ocrx_word' id='word_1_272' title='bbox 2466 1084 2578 1123; x_wconf 92' lang='lat' dir='ltr'><strong>nos</strong></span> <span class='ocrx_word' id='word_1_273' title='bbox 2626 1085 2699 1123; x_wconf 84' lang='lat' dir='ltr'><strong>ex</strong></span> <span class='ocrx_word' id='word_1_274' title='bbox 2723 1071 2927 1124; x_wconf 90' lang='lat' dir='ltr'><strong>eodem</strong></span> <span class='ocrx_word' id='word_1_275' title='bbox 2963 1073 3167 1125; x_wconf 89' lang='lat' dir='ltr'><strong>codice</strong></span> <span class='ocrx_word' id='word_1_276' title='bbox 3222 1072 3622 1127; x_wconf 88' lang='lat' dir='ltr'><strong>Lambethano</strong></span> 
     </span>
    </p>
   </div>
   <div class='ocr_carea' id='block_1_40' title="bbox 1968 1156 3625 1231">
    <p class='ocr_par' dir='ltr' id='par_1_40' title="bbox 1968 1156 3625 1231">
     <span class='ocr_line' id='line_1_40' title="bbox 1968 1156 3625 1231; baseline 0.004 -24"><span class='ocrx_word' id='word_1_277' title='bbox 1968 1156 2547 1224; x_wconf 85' lang='lat' dir='ltr'><strong>repraesentavimus.</strong></span> <span class='ocrx_word' id='word_1_278' title='bbox 2603 1158 3006 1229; x_wconf 80' lang='lat' dir='ltr'><strong>Praeterquam</strong></span> <span class='ocrx_word' id='word_1_279' title='bbox 3055 1161 3210 1214; x_wconf 90' lang='lat' dir='ltr'><strong>enim</strong></span> <span class='ocrx_word' id='word_1_280' title='bbox 3258 1162 3416 1231; x_wconf 89' lang='lat' dir='ltr'><strong>quod</strong></span> <span class='ocrx_word' id='word_1_281' title='bbox 3447 1161 3625 1215; x_wconf 89' lang='lat' dir='ltr'><strong>alium</strong></span> 
     </span>
    </p>
   </div>
   <div class='ocr_carea' id='block_1_41' title="bbox 1971 1242 3639 1319">
    <p class='ocr_par' dir='ltr' id='par_1_41' title="bbox 1971 1242 3639 1319">
     <span class='ocr_line' id='line_1_41' title="bbox 1971 1242 3639 1319; baseline 0.006 -24"><span class='ocrx_word' id='word_1_282' title='bbox 1971 1242 2118 1296; x_wconf 85' lang='lat' dir='ltr'><strong>Vitae</strong></span> <span class='ocrx_word' id='word_1_283' title='bbox 2148 1242 2370 1298; x_wconf 89' lang='lat' dir='ltr'><strong>Odonis</strong></span> <span class='ocrx_word' id='word_1_284' title='bbox 2419 1245 2770 1314; x_wconf 88' lang='lat' dir='ltr'><strong>scriptorem</strong></span> <span class='ocrx_word' id='word_1_285' title='bbox 2800 1248 3036 1317; x_wconf 90' lang='lat' dir='ltr'><strong>Baleus,</strong></span> <span class='ocrx_word' id='word_1_286' title='bbox 3070 1264 3177 1303; x_wconf 92' lang='lat' dir='ltr'><strong>seu</strong></span> <span class='ocrx_word' id='word_1_287' title='bbox 3205 1249 3450 1319; x_wconf 87' lang='lat' dir='ltr'><strong>Pitsius,</strong></span> <span class='ocrx_word' id='word_1_288' title='bbox 3504 1264 3639 1305; x_wconf 85' lang='lat' dir='ltr'><strong>non&#39;</strong></span> 
     </span>
    </p>
   </div>
   <div class='ocr_carea' id='block_1_42' title="bbox 1968 1333 3620 1400">
    <p class='ocr_par' dir='ltr' id='par_1_42' title="bbox 1968 1333 3620 1400">
     <span class='ocr_line' id='line_1_42' title="bbox 1968 1333 3620 1400; baseline 0.006 -17"><span class='ocrx_word' id='word_1_289' title='bbox 1968 1333 2446 1400; x_wconf 86' lang='lat' dir='ltr'><strong>memoraverint,</strong></span> <span class='ocrx_word' id='word_1_290' title='bbox 2508 1333 2643 1387; x_wconf 90' lang='lat' dir='ltr'><strong>huic</strong></span> <span class='ocrx_word' id='word_1_291' title='bbox 2672 1335 2732 1387; x_wconf 92' lang='lat' dir='ltr'><strong>in</strong></span> <span class='ocrx_word' id='word_1_292' title='bbox 2765 1336 2966 1389; x_wconf 90' lang='lat' dir='ltr'><strong>codice</strong></span> <span class='ocrx_word' id='word_1_293' title='bbox 2995 1335 3339 1391; x_wconf 91' lang='lat' dir='ltr'><strong>Cottoniano</strong></span> <span class='ocrx_word' id='word_1_294' title='bbox 3369 1338 3518 1393; x_wconf 92' lang='lat' dir='ltr'><strong>Otho</strong></span> <span class='ocrx_word' id='word_1_295' title='bbox 3550 1340 3620 1393; x_wconf 90' lang='lat' dir='ltr'><strong>A.</strong></span> 
     </span>
    </p>
   </div>
   <div class='ocr_carea' id='block_1_43' title="bbox 1969 1417 3620 1496">
    <p class='ocr_par' dir='ltr' id='par_1_43' title="bbox 1969 1417 3620 1496">
     <span class='ocr_line' id='line_1_43' title="bbox 1969 1417 3620 1496; baseline 0.005 -24"><span class='ocrx_word' id='word_1_296' title='bbox 1969 1417 2058 1488; x_wconf 86' lang='grc'>12,</span> <span class='ocrx_word' id='word_1_297' title='bbox 2079 1419 2217 1473; x_wconf 89' lang='lat' dir='ltr'><strong>licet</strong></span> <span class='ocrx_word' id='word_1_298' title='bbox 2237 1436 2416 1475; x_wconf 85' lang='lat' dir='ltr'><strong>manu</strong></span> <span class='ocrx_word' id='word_1_299' title='bbox 2436 1423 2765 1477; x_wconf 87' lang='lat' dir='ltr'><strong>recentiore</strong></span> <span class='ocrx_word' id='word_1_300' title='bbox 2778 1423 3030 1477; x_wconf 89' lang='lat' dir='ltr'><strong>Osberni</strong></span> <span class='ocrx_word' id='word_1_301' title='bbox 3044 1441 3256 1479; x_wconf 89' lang='lat' dir='ltr'><strong>nomen</strong></span> <span class='ocrx_word' id='word_1_302' title='bbox 3270 1427 3620 1496; x_wconf 82' lang='lat' dir='ltr'><strong>praefigitur,</strong></span> 
     </span>
    </p>
   </div>
   <div class='ocr_carea' id='block_1_44' title="bbox 1965 1505 3620 1584">
    <p class='ocr_par' dir='ltr' id='par_1_44' title="bbox 1965 1505 3620 1584">
     <span class='ocr_line' id='line_1_44' title="bbox 1965 1505 3620 1584; baseline 0.003 -23"><span class='ocrx_word' id='word_1_303' title='bbox 1965 1505 2115 1570; x_wconf 90' lang='lat' dir='ltr'><strong>Quin</strong></span> <span class='ocrx_word' id='word_1_304' title='bbox 2138 1509 2308 1562; x_wconf 86' lang='lat' dir='ltr'><strong>etiam</strong></span> <span class='ocrx_word' id='word_1_305' title='bbox 2326 1509 2628 1564; x_wconf 89' lang='lat' dir='ltr'><strong>Jocelinus</strong></span> <span class='ocrx_word' id='word_1_306' title='bbox 2651 1509 2734 1564; x_wconf 92' lang='lat' dir='ltr'><strong>De</strong></span> <span class='ocrx_word' id='word_1_307' title='bbox 2750 1510 3069 1566; x_wconf 88' lang='lat' dir='ltr'><strong>Historicis</strong></span> <span class='ocrx_word' id='word_1_308' title='bbox 3086 1512 3375 1581; x_wconf 80' lang='lat' dir='ltr'><strong>Anglicis,</strong></span> <span class='ocrx_word' id='word_1_309' title='bbox 3397 1513 3620 1584; x_wconf 87' lang='lat' dir='ltr'><strong>cap.10,</strong></span> 
     </span>
    </p>
   </div>
   <div class='ocr_carea' id='block_1_45' title="bbox 1965 1595 3621 1668">
    <p class='ocr_par' dir='ltr' id='par_1_45' title="bbox 1965 1595 3621 1668">
     <span class='ocr_line' id='line_1_45' title="bbox 1965 1595 3621 1668; baseline 0.004 -20"><span class='ocrx_word' id='word_1_310' title='bbox 1965 1595 2157 1649; x_wconf 92' lang='lat' dir='ltr'><strong>Vitam</strong></span> <span class='ocrx_word' id='word_1_311' title='bbox 2177 1596 2398 1651; x_wconf 91' lang='lat' dir='ltr'><strong>Odonis</strong></span> <span class='ocrx_word' id='word_1_312' title='bbox 2430 1598 2502 1651; x_wconf 89' lang='lat' dir='ltr'><strong>ab</strong></span> <span class='ocrx_word' id='word_1_313' title='bbox 2540 1597 2810 1652; x_wconf 90' lang='lat' dir='ltr'><strong>Osberno</strong></span> <span class='ocrx_word' id='word_1_314' title='bbox 2838 1600 3116 1668; x_wconf 89' lang='lat' dir='ltr'><strong>scriptam</strong></span> <span class='ocrx_word' id='word_1_315' title='bbox 3172 1601 3282 1653; x_wconf 90' lang='lat' dir='ltr'><strong>hac</strong></span> <span class='ocrx_word' id='word_1_316' title='bbox 3330 1601 3621 1655; x_wconf 88' lang='lat' dir='ltr'><strong>sententia</strong></span> 
     </span>
    </p>
   </div>
   <div class='ocr_carea' id='block_1_46' title="bbox 1964 1683 3622 1743">
    <p class='ocr_par' dir='ltr' id='par_1_46' title="bbox 1964 1683 3622 1743">
     <span class='ocr_line' id='line_1_46' title="bbox 1964 1683 3622 1743; baseline 0.004 -7"><span class='ocrx_word' id='word_1_317' title='bbox 1964 1683 2295 1738; x_wconf 88' lang='lat' dir='ltr'><strong>inchoatam</strong></span> <span class='ocrx_word' id='word_1_318' title='bbox 2313 1700 2451 1740; x_wconf 89' lang='lat' dir='ltr'><strong>esse</strong></span> <span class='ocrx_word' id='word_1_319' title='bbox 2465 1686 2603 1739; x_wconf 90' lang='lat' dir='ltr'><strong>dicit</strong></span> <span class='ocrx_word' id='word_1_320' title='bbox 2632 1703 2644 1740; x_wconf 89' lang='lat'>:</span> <span class='ocrx_word' id='word_1_321' title='bbox 2675 1687 3048 1741; x_wconf 90' lang='lat' dir='ltr'><strong>Venerabilis</strong></span> <span class='ocrx_word' id='word_1_322' title='bbox 3065 1689 3283 1743; x_wconf 88' lang='lat' dir='ltr'><strong>Christi</strong></span> <span class='ocrx_word' id='word_1_323' title='bbox 3307 1689 3622 1742; x_wconf 87' lang='lat' dir='ltr'><strong>confessor</strong></span> 
     </span>
    </p>
   </div>
   <div class='ocr_carea' id='block_1_47' title="bbox 1962 1773 3622 1847">
    <p class='ocr_par' dir='ltr' id='par_1_47' title="bbox 1962 1773 3622 1847">
     <span class='ocr_line' id='line_1_47' title="bbox 1962 1773 3622 1847; baseline 0.002 -20"><span class='ocrx_word' id='word_1_324' title='bbox 1962 1773 2085 1827; x_wconf 92' lang='lat' dir='ltr'><strong>Odo</strong></span> <span class='ocrx_word' id='word_1_325' title='bbox 2117 1774 2436 1843; x_wconf 90' lang='lat' dir='ltr'><strong>nobilibus,</strong></span> <span class='ocrx_word' id='word_1_326' title='bbox 2466 1776 2573 1829; x_wconf 91' lang='lat' dir='ltr'><strong>sed</strong></span> <span class='ocrx_word' id='word_1_327' title='bbox 2595 1777 2865 1846; x_wconf 87' lang='lat' dir='ltr'><strong>paganis,</strong></span> <span class='ocrx_word' id='word_1_328' title='bbox 2902 1780 3037 1847; x_wconf 90' lang='lat' dir='ltr'><strong>etc.,</strong></span> <span class='ocrx_word' id='word_1_329' title='bbox 3072 1793 3203 1847; x_wconf 79' lang='lat' dir='ltr'><strong>quae</strong></span> <span class='ocrx_word' id='word_1_330' title='bbox 3223 1777 3357 1831; x_wconf 89' lang='lat' dir='ltr'><strong>libri</strong></span> <span class='ocrx_word' id='word_1_331' title='bbox 3385 1793 3418 1830; x_wconf 92' lang='lat' dir='ltr'>a</span> <span class='ocrx_word' id='word_1_332' title='bbox 3448 1777 3622 1831; x_wconf 80' lang='lat' dir='ltr'><strong>nobis</strong></span> 
     </span>
    </p>
   </div>
   <div class='ocr_carea' id='block_1_48' title="bbox 1888 1861 3625 1939">
    <p class='ocr_par' dir='ltr' id='par_1_48' title="bbox 1888 1861 3625 1939">
     <span class='ocr_line' id='line_1_48' title="bbox 1888 1861 3625 1939; baseline 0.002 -24"><span class='ocrx_word' id='word_1_333' title='bbox 1888 1879 1936 1939; x_wconf 80' lang='grc' dir='ltr'>Β</span> <span class='ocrx_word' id='word_1_334' title='bbox 1963 1861 2103 1916; x_wconf 87' lang='lat' dir='ltr'><strong>editi</strong></span> <span class='ocrx_word' id='word_1_335' title='bbox 2151 1862 2381 1917; x_wconf 89' lang='lat' dir='ltr'><strong>initium</strong></span> <span class='ocrx_word' id='word_1_336' title='bbox 2410 1862 2567 1917; x_wconf 85' lang='lat' dir='ltr'><strong>facit.</strong></span> <span class='ocrx_word' id='word_1_337' title='bbox 2615 1863 2716 1916; x_wconf 91' lang='lat' dir='ltr'>Illa</span> <span class='ocrx_word' id='word_1_338' title='bbox 2745 1864 3019 1934; x_wconf 90' lang='lat' dir='ltr'><strong>denique,</strong></span> <span class='ocrx_word' id='word_1_339' title='bbox 3052 1864 3111 1919; x_wconf 92' lang='lat' dir='ltr'><strong>in</strong></span> <span class='ocrx_word' id='word_1_340' title='bbox 3164 1866 3380 1935; x_wconf 91' lang='lat' dir='ltr'><strong>quibus</strong></span> <span class='ocrx_word' id='word_1_341' title='bbox 3411 1865 3542 1918; x_wconf 86' lang='lat' dir='ltr'><strong>Vita</strong></span> <span class='ocrx_word' id='word_1_342' title='bbox 3590 1882 3625 1919; x_wconf 91' lang='lat' dir='ltr'>a</span> 
     </span>
    </p>
   </div>
   <div class='ocr_carea' id='block_1_49' title="bbox 1962 1949 3621 2008">
    <p class='ocr_par' dir='ltr' id='par_1_49' title="bbox 1962 1949 3621 2008">
     <span class='ocr_line' id='line_1_49' title="bbox 1962 1949 3621 2008; baseline 0.002 -4"><span class='ocrx_word' id='word_1_343' title='bbox 1962 1949 2271 2004; x_wconf 91' lang='lat' dir='ltr'><strong>Guillelmo</strong></span> <span class='ocrx_word' id='word_1_344' title='bbox 2316 1950 2831 2006; x_wconf 89' lang='lat' dir='ltr'><strong>Malmesburiensi</strong></span> <span class='ocrx_word' id='word_1_345' title='bbox 2864 1953 3034 2007; x_wconf 89' lang='lat' dir='ltr'><strong>citata</strong></span> <span class='ocrx_word' id='word_1_346' title='bbox 3066 1970 3094 2005; x_wconf 84' lang='lat' dir='ltr'><strong>a</strong></span> <span class='ocrx_word' id='word_1_347' title='bbox 3129 1957 3335 2008; x_wconf 88' lang='lat' dir='ltr'><strong>nostra</strong></span> <span class='ocrx_word' id='word_1_348' title='bbox 3384 1953 3621 2008; x_wconf 76' lang='lat' dir='ltr'><strong>discor-</strong></span> 
     </span>
    </p>
   </div>
   <div class='ocr_carea' id='block_1_50' title="bbox 1961 2038 3625 2106">
    <p class='ocr_par' dir='ltr' id='par_1_50' title="bbox 1961 2038 3625 2106">
     <span class='ocr_line' id='line_1_50' title="bbox 1961 2038 3625 2106; baseline 0.002 -15"><span class='ocrx_word' id='word_1_349' title='bbox 1961 2038 2078 2106; x_wconf 88' lang='lat' dir='ltr'><strong>dat,</strong></span> <span class='ocrx_word' id='word_1_350' title='bbox 2111 2039 2356 2094; x_wconf 90' lang='lat' dir='ltr'><strong>levioris</strong></span> <span class='ocrx_word' id='word_1_351' title='bbox 2386 2040 2667 2094; x_wconf 86' lang='lat' dir='ltr'><strong>momenti</strong></span> <span class='ocrx_word' id='word_1_352' title='bbox 2697 2043 2853 2095; x_wconf 90' lang='lat' dir='ltr'><strong>sunt.</strong></span> <span class='ocrx_word' id='word_1_353' title='bbox 2885 2042 3101 2096; x_wconf 87' lang='lat' dir='ltr'><strong>Postea</strong></span> <span class='ocrx_word' id='word_1_354' title='bbox 3122 2044 3316 2095; x_wconf 89' lang='lat' dir='ltr'><strong>tamen</strong></span> <span class='ocrx_word' id='word_1_355' title='bbox 3359 2056 3625 2096; x_wconf 88' lang='lat' dir='ltr'><strong>errorem</strong></span> 
     </span>
    </p>
   </div>
   <div class='ocr_carea' id='block_1_51' title="bbox 1963 2126 3615 2199">
    <p class='ocr_par' dir='ltr' id='par_1_51' title="bbox 1963 2126 3615 2199">
     <span class='ocr_line' id='line_1_51' title="bbox 1963 2126 3615 2199; baseline 0.002 -19"><span class='ocrx_word' id='word_1_356' title='bbox 1963 2126 2410 2195; x_wconf 89' lang='lat' dir='ltr'><strong>deprehendi,in</strong></span> <span class='ocrx_word' id='word_1_357' title='bbox 2425 2128 2664 2199; x_wconf 91' lang='lat' dir='ltr'><strong>antiquo</strong></span> <span class='ocrx_word' id='word_1_358' title='bbox 2677 2130 2831 2183; x_wconf 91' lang='lat' dir='ltr'><strong>enim</strong></span> <span class='ocrx_word' id='word_1_359' title='bbox 2847 2128 3082 2199; x_wconf 88' lang='lat' dir='ltr'><strong>collegii</strong></span> <span class='ocrx_word' id='word_1_360' title='bbox 3099 2130 3380 2198; x_wconf 87' lang='lat' dir='ltr'><strong>Corporis</strong></span> <span class='ocrx_word' id='word_1_361' title='bbox 3394 2128 3615 2184; x_wconf 90' lang='lat' dir='ltr'><strong>Christi</strong></span> 
     </span>
    </p>
   </div>
   <div class='ocr_carea' id='block_1_52' title="bbox 1962 2213 3621 2287">
    <p class='ocr_par' dir='ltr' id='par_1_52' title="bbox 1962 2213 3621 2287">
     <span class='ocr_line' id='line_1_52' title="bbox 1962 2213 3621 2287; baseline 0.002 -19"><span class='ocrx_word' id='word_1_362' title='bbox 1962 2213 2473 2287; x_wconf 89' lang='lat' dir='ltr'><strong>Cantabrigiensis</strong></span> <span class='ocrx_word' id='word_1_363' title='bbox 2488 2216 2710 2284; x_wconf 87' lang='lat' dir='ltr'><strong>codice,</strong></span> <span class='ocrx_word' id='word_1_364' title='bbox 2728 2216 2858 2270; x_wconf 61' lang='lat' dir='ltr'><strong>haec</strong></span> <span class='ocrx_word' id='word_1_365' title='bbox 2874 2217 3005 2271; x_wconf 90' lang='lat' dir='ltr'><strong>Vita</strong></span> <span class='ocrx_word' id='word_1_366' title='bbox 3035 2217 3188 2271; x_wconf 90' lang='lat' dir='ltr'><strong>inter</strong></span> <span class='ocrx_word' id='word_1_367' title='bbox 3210 2217 3323 2271; x_wconf 89' lang='lat' dir='ltr'><strong>alia</strong></span> <span class='ocrx_word' id='word_1_368' title='bbox 3348 2217 3621 2272; x_wconf 89' lang='lat' dir='ltr'><strong>Eadmeri</strong></span> 
     </span>
    </p>
   </div>
   <div class='ocr_carea' id='block_1_53' title="bbox 1961 2302 3621 2376">
    <p class='ocr_par' dir='ltr' id='par_1_53' title="bbox 1961 2302 3621 2376">
     <span class='ocr_line' id='line_1_53' title="bbox 1961 2302 3621 2376; baseline 0.002 -19"><span class='ocrx_word' id='word_1_369' title='bbox 1961 2302 2150 2372; x_wconf 90' lang='lat' dir='ltr'><strong>Opera</strong></span> <span class='ocrx_word' id='word_1_370' title='bbox 2177 2305 2500 2372; x_wconf 81' lang='lat' dir='ltr'><strong>reponitur,</strong></span> <span class='ocrx_word' id='word_1_371' title='bbox 2534 2304 2841 2375; x_wconf 88' lang='lat' dir='ltr'><strong>eidemque</strong></span> <span class='ocrx_word' id='word_1_372' title='bbox 2863 2305 3230 2359; x_wconf 88' lang='lat' dir='ltr'><strong>inscribitur.</strong></span> <span class='ocrx_word' id='word_1_373' title='bbox 3252 2306 3402 2359; x_wconf 91' lang='lat' dir='ltr'><strong>Huic</strong></span> <span class='ocrx_word' id='word_1_374' title='bbox 3423 2306 3621 2376; x_wconf 87' lang='lat' dir='ltr'><strong>itaque</strong></span> 
     </span>
    </p>
   </div>
   <div class='ocr_carea' id='block_1_54' title="bbox 1959 2391 3621 2463">
    <p class='ocr_par' dir='ltr' id='par_1_54' title="bbox 1959 2391 3621 2463">
     <span class='ocr_line' id='line_1_54' title="bbox 1959 2391 3621 2463; baseline 0.001 -18"><span class='ocrx_word' id='word_1_375' title='bbox 1959 2392 2190 2445; x_wconf 87' lang='lat' dir='ltr'><strong>restitui</strong></span> <span class='ocrx_word' id='word_1_376' title='bbox 2222 2391 2412 2446; x_wconf 90' lang='lat' dir='ltr'><strong>debet.</strong></span> <span class='ocrx_word' id='word_1_377' title='bbox 2433 2391 2624 2445; x_wconf 90' lang='lat' dir='ltr'><strong>Vitam</strong></span> <span class='ocrx_word' id='word_1_378' title='bbox 2644 2392 2709 2446; x_wconf 91' lang='lat' dir='ltr'><strong>B.</strong></span> <span class='ocrx_word' id='word_1_379' title='bbox 2729 2393 3031 2463; x_wconf 87' lang='lat' dir='ltr'><strong>Bregwiui</strong></span> <span class='ocrx_word' id='word_1_380' title='bbox 3060 2394 3301 2447; x_wconf 87' lang='lat' dir='ltr'><strong>brevem</strong></span> <span class='ocrx_word' id='word_1_381' title='bbox 3324 2408 3398 2447; x_wconf 83' lang='lat' dir='ltr'><strong>ex</strong></span> <span class='ocrx_word' id='word_1_382' title='bbox 3413 2394 3621 2447; x_wconf 90' lang='lat' dir='ltr'><strong>eodem</strong></span> 
     </span>
    </p>
   </div>
   <div class='ocr_carea' id='block_1_55' title="bbox 1962 2479 3620 2552">
    <p class='ocr_par' dir='ltr' id='par_1_55' title="bbox 1962 2479 3620 2552">
     <span class='ocr_line' id='line_1_55' title="bbox 1962 2479 3620 2552; baseline 0.001 -18"><span class='ocrx_word' id='word_1_383' title='bbox 1962 2479 2163 2534; x_wconf 90' lang='lat' dir='ltr'><strong>codice</strong></span> <span class='ocrx_word' id='word_1_384' title='bbox 2195 2479 2595 2534; x_wconf 88' lang='lat' dir='ltr'><strong>Lambethano</strong></span> <span class='ocrx_word' id='word_1_385' title='bbox 2628 2480 2849 2551; x_wconf 90' lang='lat' dir='ltr'><strong>accepi,</strong></span> <span class='ocrx_word' id='word_1_386' title='bbox 2883 2481 3035 2535; x_wconf 91' lang='lat' dir='ltr'><strong>inter</strong></span> <span class='ocrx_word' id='word_1_387' title='bbox 3053 2480 3274 2536; x_wconf 90' lang='lat' dir='ltr'><strong>Odonis</strong></span> <span class='ocrx_word' id='word_1_388' title='bbox 3293 2484 3350 2535; x_wconf 89' lang='lat' dir='ltr'><strong>et</strong></span> <span class='ocrx_word' id='word_1_389' title='bbox 3370 2480 3620 2552; x_wconf 89' lang='lat' dir='ltr'><strong>Elphegi</strong></span> 
     </span>
    </p>
   </div>
   <div class='ocr_carea' id='block_1_56' title="bbox 1960 2568 3620 2638">
    <p class='ocr_par' dir='ltr' id='par_1_56' title="bbox 1960 2568 3620 2638">
     <span class='ocr_line' id='line_1_56' title="bbox 1960 2568 3620 2638; baseline 0.001 -17"><span class='ocrx_word' id='word_1_390' title='bbox 1960 2568 2123 2622; x_wconf 90' lang='lat' dir='ltr'><strong>Vitas</strong></span> <span class='ocrx_word' id='word_1_391' title='bbox 2157 2568 2519 2623; x_wconf 85' lang='lat' dir='ltr'><strong>collocatam.</strong></span> <span class='ocrx_word' id='word_1_392' title='bbox 2554 2569 2705 2624; x_wconf 88' lang='lat' dir='ltr'><strong>Hinc</strong></span> <span class='ocrx_word' id='word_1_393' title='bbox 2734 2572 2869 2624; x_wconf 90' lang='lat' dir='ltr'><strong>nata</strong></span> <span class='ocrx_word' id='word_1_394' title='bbox 2890 2572 2983 2624; x_wconf 89' lang='lat' dir='ltr'><strong>est</strong></span> <span class='ocrx_word' id='word_1_395' title='bbox 3007 2570 3149 2623; x_wconf 90' lang='lat' dir='ltr'><strong>mihi</strong></span> <span class='ocrx_word' id='word_1_396' title='bbox 3174 2570 3426 2638; x_wconf 89' lang='lat' dir='ltr'><strong>licentia,</strong></span> <span class='ocrx_word' id='word_1_397' title='bbox 3460 2569 3620 2623; x_wconf 90' lang='lat' dir='ltr'><strong>illam</strong></span> 
     </span>
    </p>
   </div>
   <div class='ocr_carea' id='block_1_57' title="bbox 1958 2655 3620 2728">
    <p class='ocr_par' dir='ltr' id='par_1_57' title="bbox 1958 2655 3620 2728">
     <span class='ocr_line' id='line_1_57' title="bbox 1958 2655 3620 2728; baseline 0.001 -18"><span class='ocrx_word' id='word_1_398' title='bbox 1958 2655 2228 2711; x_wconf 87' lang='lat' dir='ltr'><strong>Osberno</strong></span> <span class='ocrx_word' id='word_1_399' title='bbox 2277 2657 2481 2711; x_wconf 90' lang='lat' dir='ltr'><strong>deberi</strong></span> <span class='ocrx_word' id='word_1_400' title='bbox 2508 2672 2711 2728; x_wconf 91' lang='lat' dir='ltr'><strong>posse.</strong></span> <span class='ocrx_word' id='word_1_401' title='bbox 2760 2656 3143 2713; x_wconf 86' lang='lat' dir='ltr'><strong>Postmodum</strong></span> <span class='ocrx_word' id='word_1_402' title='bbox 3166 2674 3311 2713; x_wconf 90' lang='lat' dir='ltr'><strong>vero</strong></span> <span class='ocrx_word' id='word_1_403' title='bbox 3366 2658 3530 2711; x_wconf 87' lang='lat' dir='ltr'><strong>illam</strong></span> <span class='ocrx_word' id='word_1_404' title='bbox 3558 2658 3620 2712; x_wconf 93' lang='lat' dir='ltr'><strong>in</strong></span> 
     </span>
    </p>
   </div>
   <div class='ocr_carea' id='block_1_58' title="bbox 1958 2745 3621 2822">
    <p class='ocr_par' dir='ltr' id='par_1_58' title="bbox 1958 2745 3621 2822">
     <span class='ocr_line' id='line_1_58' title="bbox 1958 2745 3621 2822; baseline 0.001 -22"><span class='ocrx_word' id='word_1_405' title='bbox 1958 2745 2206 2822; x_wconf 84' lang='lat' dir='ltr'><strong>Joannis</strong></span> <span class='ocrx_word' id='word_1_406' title='bbox 2229 2745 3046 2818; x_wconf 87' lang='lat' dir='ltr'><strong>TinmuthensisSanctilogio</strong></span> <span class='ocrx_word' id='word_1_407' title='bbox 3079 2748 3273 2801; x_wconf 88' lang='lat' dir='ltr'><strong>inveni</strong></span> <span class='ocrx_word' id='word_1_408' title='bbox 3294 2748 3365 2799; x_wconf 90' lang='lat' dir='ltr'><strong>ad</strong></span> <span class='ocrx_word' id='word_1_409' title='bbox 3396 2747 3621 2801; x_wconf 88' lang='lat' dir='ltr'><strong>calcem</strong></span> 
     </span>
    </p>
   </div>
   <div class='ocr_carea' id='block_1_59' title="bbox 1958 2832 3621 2890">
    <p class='ocr_par' dir='ltr' id='par_1_59' title="bbox 1958 2832 3621 2890">
     <span class='ocr_line' id='line_1_59' title="bbox 1958 2832 3621 2890; baseline 0.001 -3"><span class='ocrx_word' id='word_1_410' title='bbox 1958 2832 2238 2889; x_wconf 82' lang='lat' dir='ltr'><strong>Historiae</strong></span> <span class='ocrx_word' id='word_1_411' title='bbox 2270 2835 2482 2889; x_wconf 74' lang='lat' dir='ltr'><strong>Aureaa</strong></span> <span class='ocrx_word' id='word_1_412' title='bbox 2538 2835 2596 2889; x_wconf 91' lang='lat' dir='ltr'><strong>in</strong></span> <span class='ocrx_word' id='word_1_413' title='bbox 2626 2834 2981 2889; x_wconf 89' lang='lat' dir='ltr'><strong>bibliotheca</strong></span> <span class='ocrx_word' id='word_1_414' title='bbox 3022 2836 3439 2890; x_wconf 87' lang='lat' dir='ltr'><strong>Lambethana.</strong></span> <span class='ocrx_word' id='word_1_415' title='bbox 3475 2833 3621 2888; x_wconf 86' lang='lat' dir='ltr'><strong>Eam</strong></span> 
     </span>
    </p>
   </div>
   <div class='ocr_carea' id='block_1_60' title="bbox 1957 2922 3617 2977">
    <p class='ocr_par' dir='ltr' id='par_1_60' title="bbox 1957 2922 3617 2977">
     <span class='ocr_line' id='line_1_60' title="bbox 1957 2922 3617 2977; baseline 0.001 -2"><span class='ocrx_word' id='word_1_416' title='bbox 1957 2922 2401 2977; x_wconf 88' lang='lat' dir='ltr'><strong>Tinmuthensis</strong></span> <span class='ocrx_word' id='word_1_417' title='bbox 2418 2939 2491 2977; x_wconf 87' lang='lat' dir='ltr'><strong>ex</strong></span> <span class='ocrx_word' id='word_1_418' title='bbox 2512 2924 2773 2977; x_wconf 87' lang='lat' dir='ltr'><strong>uberiori</strong></span> <span class='ocrx_word' id='word_1_419' title='bbox 2801 2925 3219 2977; x_wconf 89' lang='lat' dir='ltr'><strong>commentario</strong></span> <span class='ocrx_word' id='word_1_420' title='bbox 3251 2923 3528 2977; x_wconf 87' lang='lat' dir='ltr'><strong>Eadmeri</strong></span> <span class='ocrx_word' id='word_1_421' title='bbox 3545 2924 3617 2977; x_wconf 90' lang='lat' dir='ltr'><strong>de</strong></span> 
     </span>
    </p>
   </div>
   <div class='ocr_carea' id='block_1_61' title="bbox 1954 3010 3619 3082">
    <p class='ocr_par' dir='ltr' id='par_1_61' title="bbox 1954 3010 3619 3082">
     <span class='ocr_line' id='line_1_61' title="bbox 1954 3010 3619 3082; baseline -0.001 -18"><span class='ocrx_word' id='word_1_422' title='bbox 1954 3010 2084 3065; x_wconf 90' lang='lat' dir='ltr'><strong>Vita</strong></span> <span class='ocrx_word' id='word_1_423' title='bbox 2116 3010 2384 3081; x_wconf 80' lang='lat' dir='ltr'><strong>ejusdem</strong></span> <span class='ocrx_word' id='word_1_424' title='bbox 2442 3012 2686 3081; x_wconf 87' lang='lat' dir='ltr'><strong>accepit,</strong></span> <span class='ocrx_word' id='word_1_425' title='bbox 2719 3012 2921 3066; x_wconf 87' lang='lat' dir='ltr'><strong>verbis</strong></span> <span class='ocrx_word' id='word_1_426' title='bbox 2958 3012 3130 3066; x_wconf 91' lang='lat' dir='ltr'><strong>istius</strong></span> <span class='ocrx_word' id='word_1_427' title='bbox 3189 3013 3251 3065; x_wconf 88' lang='lat' dir='ltr'><strong>ut</strong></span> <span class='ocrx_word' id='word_1_428' title='bbox 3301 3011 3619 3082; x_wconf 82' lang='lat' dir='ltr'><strong>plurimum</strong></span> 
     </span>
    </p>
   </div>
   <div class='ocr_carea' id='block_1_62' title="bbox 1952 3098 3615 3154">
    <p class='ocr_par' dir='ltr' id='par_1_62' title="bbox 1952 3098 3615 3154">
     <span class='ocr_line' id='line_1_62' title="bbox 1952 3098 3615 3154; baseline 0 -2"><span class='ocrx_word' id='word_1_429' title='bbox 1952 3099 2301 3153; x_wconf 87' lang='lat' dir='ltr'><strong>asservatis.</strong></span> <span class='ocrx_word' id='word_1_430' title='bbox 2360 3099 2444 3153; x_wconf 91' lang='lat' dir='ltr'><strong>De</strong></span> <span class='ocrx_word' id='word_1_431' title='bbox 2488 3098 2760 3153; x_wconf 88' lang='lat' dir='ltr'><strong>Eadmeri</strong></span> <span class='ocrx_word' id='word_1_432' title='bbox 2807 3100 2958 3154; x_wconf 89' lang='lat' dir='ltr'><strong>libro</strong></span> <span class='ocrx_word' id='word_1_433' title='bbox 3000 3099 3251 3153; x_wconf 90' lang='lat' dir='ltr'><strong>inferius</strong></span> <span class='ocrx_word' id='word_1_434' title='bbox 3299 3098 3615 3153; x_wconf 91' lang='lat' dir='ltr'><strong>dicendum</strong></span> 
     </span>
    </p>
   </div>
   <div class='ocr_carea' id='block_1_63' title="bbox 176 3189 2122 3298">
    <p class='ocr_par' dir='ltr' id='par_1_63' title="bbox 176 3189 2122 3298">
     <span class='ocr_line' id='line_1_63' title="bbox 176 3189 2122 3298; baseline -0.004 -52"><span class='ocrx_word' id='word_1_435' title='bbox 176 3194 388 3249; x_wconf 84' lang='lat' dir='ltr'><strong>citatur.</strong></span> <span class='ocrx_word' id='word_1_436' title='bbox 421 3195 597 3266; x_wconf 89' lang='lat' dir='ltr'><strong>Opus</strong></span> <span class='ocrx_word' id='word_1_437' title='bbox 626 3194 882 3249; x_wconf 89' lang='lat' dir='ltr'><strong>Osberni</strong></span> <span class='ocrx_word' id='word_1_438' title='bbox 913 3194 1236 3264; x_wconf 89' lang='lat' dir='ltr'><strong>genuinum</strong></span> <span class='ocrx_word' id='word_1_439' title='bbox 1277 3193 1633 3264; x_wconf 88' lang='lat' dir='ltr'><strong>evulgarunt</strong></span> <span class='ocrx_word' id='word_1_440' title='bbox 1664 3192 1840 3247; x_wconf 89' lang='lat' dir='ltr'><strong>colle-</strong></span> <span class='ocrx_word' id='word_1_441' title='bbox 1872 3233 1925 3298; x_wconf 67' lang='grc' dir='ltr'>Ο</span> <span class='ocrx_word' id='word_1_442' title='bbox 1953 3189 2063 3241; x_wconf 91' lang='lat' dir='ltr'><strong>est.</strong></span> <span class='ocrx_word' id='word_1_443' title='bbox 2100 3209 2122 3233; x_wconf 86' lang='grc'><strong>››</strong></span> 
     </span>
    </p>
   </div>
   <div class='ocr_carea' id='block_1_64' title="bbox 179 3280 1841 3351">
    <p class='ocr_par' dir='ltr' id='par_1_64' title="bbox 179 3280 1841 3351">
     <span class='ocr_line' id='line_1_64' title="bbox 179 3280 1841 3351; baseline 0 -16"><span class='ocrx_word' id='word_1_444' title='bbox 179 3287 357 3338; x_wconf 88' lang='lat' dir='ltr'><strong>ctores</strong></span> <span class='ocrx_word' id='word_1_445' title='bbox 386 3284 684 3338; x_wconf 83' lang='lat' dir='ltr'><strong>Actorum</strong></span> <span class='ocrx_word' id='word_1_446' title='bbox 738 3285 1076 3337; x_wconf 90' lang='lat' dir='ltr'><strong>sanctorum</strong></span> <span class='ocrx_word' id='word_1_447' title='bbox 1120 3280 1612 3351; x_wconf 84' lang='lat' dir='ltr'><strong>Antuerpienses,</strong></span> <span class='ocrx_word' id='word_1_448' title='bbox 1646 3281 1742 3336; x_wconf 92' lang='lat' dir='ltr'><strong>die</strong></span> <span class='ocrx_word' id='word_1_449' title='bbox 1774 3281 1841 3335; x_wconf 87' lang='lat'><strong>19</strong></span> 
     </span>
    </p>
   </div>
   <div class='ocr_carea' id='block_1_65' title="bbox 180 3369 1836 3441">
    <p class='ocr_par' dir='ltr' id='par_1_65' title="bbox 180 3369 1836 3441">
     <span class='ocr_line' id='line_1_65' title="bbox 180 3369 1836 3441; baseline 0.001 -18"><span class='ocrx_word' id='word_1_450' title='bbox 180 3371 405 3441; x_wconf 77' lang='lat' dir='ltr'><strong>Aprilis,</strong></span> <span class='ocrx_word' id='word_1_451' title='bbox 435 3371 645 3426; x_wconf 89' lang='lat' dir='ltr'><strong>addita</strong></span> <span class='ocrx_word' id='word_1_452' title='bbox 673 3371 936 3425; x_wconf 85' lang='lat' dir='ltr'><strong>Historia</strong></span> <span class='ocrx_word' id='word_1_453' title='bbox 959 3370 1228 3441; x_wconf 90' lang='lat' dir='ltr'><strong>ejusdem</strong></span> <span class='ocrx_word' id='word_1_454' title='bbox 1252 3370 1323 3423; x_wconf 90' lang='lat' dir='ltr'><strong>de</strong></span> <span class='ocrx_word' id='word_1_455' title='bbox 1360 3370 1741 3424; x_wconf 89' lang='lat' dir='ltr'><strong>translatione</strong></span> <span class='ocrx_word' id='word_1_456' title='bbox 1777 3369 1836 3425; x_wconf 91' lang='lat' dir='ltr'><strong>S.</strong></span> 
     </span>
    </p>
   </div>
   <div class='ocr_carea' id='block_1_66' title="bbox 180 3457 1838 3533">
    <p class='ocr_par' dir='ltr' id='par_1_66' title="bbox 180 3457 1838 3533">
     <span class='ocr_line' id='line_1_66' title="bbox 180 3457 1838 3533; baseline 0.001 -21"><span class='ocrx_word' id='word_1_457' title='bbox 180 3458 434 3533; x_wconf 89' lang='lat' dir='ltr'><strong>Elphegi,</strong></span> <span class='ocrx_word' id='word_1_458' title='bbox 457 3477 539 3516; x_wconf 86' lang='lat' dir='ltr'><strong>ex</strong></span> <span class='ocrx_word' id='word_1_459' title='bbox 568 3459 931 3530; x_wconf 83' lang='lat' dir='ltr'><strong>Harpsfeldii</strong></span> <span class='ocrx_word' id='word_1_460' title='bbox 972 3458 1235 3513; x_wconf 85' lang='lat' dir='ltr'><strong>Historia</strong></span> <span class='ocrx_word' id='word_1_461' title='bbox 1256 3457 1684 3527; x_wconf 88' lang='lat' dir='ltr'><strong>ecclesiastica,</strong></span> <span class='ocrx_word' id='word_1_462' title='bbox 1706 3474 1838 3529; x_wconf 82' lang='lat' dir='ltr'><strong>quae</strong></span> 
     </span>
    </p>
   </div>
   <div class='ocr_carea' id='block_1_67' title="bbox 177 3546 1837 3622">
    <p class='ocr_par' dir='ltr' id='par_1_67' title="bbox 177 3546 1837 3622">
     <span class='ocr_line' id='line_1_67' title="bbox 177 3546 1837 3622; baseline 0 -21"><span class='ocrx_word' id='word_1_463' title='bbox 177 3564 277 3602; x_wconf 90' lang='lat' dir='ltr'><strong>non</strong></span> <span class='ocrx_word' id='word_1_464' title='bbox 304 3549 484 3622; x_wconf 90' lang='lat' dir='ltr'><strong>longe</strong></span> <span class='ocrx_word' id='word_1_465' title='bbox 523 3552 666 3620; x_wconf 86' lang='lat' dir='ltr'><strong>post</strong></span> <span class='ocrx_word' id='word_1_466' title='bbox 689 3548 917 3603; x_wconf 91' lang='lat' dir='ltr'><strong>initium</strong></span> <span class='ocrx_word' id='word_1_467' title='bbox 938 3547 1153 3603; x_wconf 85' lang='lat' dir='ltr'><strong>deficit.</strong></span> <span class='ocrx_word' id='word_1_468' title='bbox 1188 3546 1510 3617; x_wconf 87' lang='lat' dir='ltr'><strong>Utramque</strong></span> <span class='ocrx_word' id='word_1_469' title='bbox 1540 3549 1733 3601; x_wconf 89' lang='lat' dir='ltr'><strong>autem</strong></span> <span class='ocrx_word' id='word_1_470' title='bbox 1766 3562 1837 3601; x_wconf 87' lang='lat' dir='ltr'><strong>ex</strong></span> 
     </span>
    </p>
   </div>
   <div class='ocr_carea' id='block_1_68' title="bbox 181 3634 1838 3706">
    <p class='ocr_par' dir='ltr' id='par_1_68' title="bbox 181 3634 1838 3706">
     <span class='ocr_line' id='line_1_68' title="bbox 181 3634 1838 3706; baseline -0.001 -16"><span class='ocrx_word' id='word_1_471' title='bbox 181 3638 365 3694; x_wconf 86' lang='lat' dir='ltr'><strong>codice</strong></span> <span class='ocrx_word' id='word_1_472' title='bbox 380 3637 797 3693; x_wconf 89' lang='lat' dir='ltr'><strong>Lambethano</strong></span> <span class='ocrx_word' id='word_1_473' title='bbox 819 3636 1143 3706; x_wconf 85' lang='lat' dir='ltr'><strong>perfectam</strong></span> <span class='ocrx_word' id='word_1_474' title='bbox 1167 3634 1327 3689; x_wconf 92' lang='lat' dir='ltr'><strong>dedit</strong></span> <span class='ocrx_word' id='word_1_475' title='bbox 1348 3635 1642 3689; x_wconf 88' lang='lat' dir='ltr'><strong>Henricus</strong></span> <span class='ocrx_word' id='word_1_476' title='bbox 1662 3635 1838 3689; x_wconf 91' lang='lat' dir='ltr'><strong>War-</strong></span> 
     </span>
    </p>
   </div>
   <div class='ocr_carea' id='block_1_69' title="bbox 178 3722 1837 3798">
    <p class='ocr_par' dir='ltr' id='par_1_69' title="bbox 178 3722 1837 3798">
     <span class='ocr_line' id='line_1_69' title="bbox 178 3722 1837 3798; baseline 0 -21"><span class='ocrx_word' id='word_1_477' title='bbox 178 3724 322 3798; x_wconf 88' lang='lat' dir='ltr'><strong>thon,</strong></span> <span class='ocrx_word' id='word_1_478' title='bbox 356 3731 585 3783; x_wconf 83' lang='lat' dir='ltr'><strong>tomon</strong></span> <span class='ocrx_word' id='word_1_479' title='bbox 617 3724 852 3797; x_wconf 84' lang='lat' dir='ltr'><strong>Angliae</strong></span> <span class='ocrx_word' id='word_1_480' title='bbox 893 3725 1114 3793; x_wconf 84' lang='lat' dir='ltr'><strong>Sacrae,</strong></span> <span class='ocrx_word' id='word_1_481' title='bbox 1139 3740 1274 3795; x_wconf 89' lang='lat' dir='ltr'><strong>pag.</strong></span> <span class='ocrx_word' id='word_1_482' title='bbox 1320 3723 1422 3778; x_wconf 87' lang='grc'><strong>122</strong></span> <span class='ocrx_word' id='word_1_483' title='bbox 1446 3726 1503 3777; x_wconf 91' lang='lat' dir='ltr'><strong>et</strong></span> <span class='ocrx_word' id='word_1_484' title='bbox 1536 3723 1654 3778; x_wconf 82' lang='lat'><strong>143.</strong></span> <span class='ocrx_word' id='word_1_485' title='bbox 1715 3722 1837 3777; x_wconf 84' lang='lat' dir='ltr'><strong>Ex-</strong></span> 
     </span>
    </p>
   </div>
   <div class='ocr_carea' id='block_1_70' title="bbox 182 3810 1834 3889">
    <p class='ocr_par' dir='ltr' id='par_1_70' title="bbox 182 3810 1834 3889">
     <span class='ocr_line' id='line_1_70' title="bbox 182 3810 1834 3889; baseline -0.002 -22"><span class='ocrx_word' id='word_1_486' title='bbox 182 3817 282 3869; x_wconf 86' lang='lat' dir='ltr'><strong>stat</strong></span> <span class='ocrx_word' id='word_1_487' title='bbox 308 3820 564 3889; x_wconf 89' lang='lat' dir='ltr'><strong>utraque</strong></span> <span class='ocrx_word' id='word_1_488' title='bbox 577 3816 635 3869; x_wconf 90' lang='lat' dir='ltr'><strong>in</strong></span> <span class='ocrx_word' id='word_1_489' title='bbox 650 3815 852 3869; x_wconf 89' lang='lat' dir='ltr'><strong>codice</strong></span> <span class='ocrx_word' id='word_1_490' title='bbox 871 3814 1111 3884; x_wconf 88' lang='lat' dir='ltr'><strong>antiquo</strong></span> <span class='ocrx_word' id='word_1_491' title='bbox 1125 3811 1502 3868; x_wconf 74' lang='lat' dir='ltr'><strong>bibliothecae</strong></span> <span class='ocrx_word' id='word_1_492' title='bbox 1534 3810 1834 3867; x_wconf 90' lang='lat' dir='ltr'><strong>Cottonia-</strong></span> 
     </span>
    </p>
   </div>
   <div class='ocr_carea' id='block_1_71' title="bbox 179 3898 1835 3974">
    <p class='ocr_par' dir='ltr' id='par_1_71' title="bbox 179 3898 1835 3974">
     <span class='ocr_line' id='line_1_71' title="bbox 179 3898 1835 3974; baseline -0.001 -18"><span class='ocrx_word' id='word_1_493' title='bbox 179 3920 259 3958; x_wconf 84' lang='lat' dir='ltr'><strong>nae</strong></span> <span class='ocrx_word' id='word_1_494' title='bbox 286 3905 433 3961; x_wconf 87' lang='lat' dir='ltr'><strong>Otho</strong></span> <span class='ocrx_word' id='word_1_495' title='bbox 453 3908 531 3960; x_wconf 82' lang='grc' dir='ltr'><strong>Α.</strong></span> <span class='ocrx_word' id='word_1_496' title='bbox 566 3905 655 3974; x_wconf 83' lang='grc'>12,</span> <span class='ocrx_word' id='word_1_497' title='bbox 681 3907 738 3959; x_wconf 92' lang='lat' dir='ltr'><strong>et</strong></span> <span class='ocrx_word' id='word_1_498' title='bbox 757 3903 816 3957; x_wconf 90' lang='lat' dir='ltr'><strong>in</strong></span> <span class='ocrx_word' id='word_1_499' title='bbox 846 3903 960 3957; x_wconf 90' lang='lat' dir='ltr'><strong>alio</strong></span> <span class='ocrx_word' id='word_1_500' title='bbox 992 3902 1185 3957; x_wconf 91' lang='lat' dir='ltr'><strong>adhuc</strong></span> <span class='ocrx_word' id='word_1_501' title='bbox 1221 3900 1532 3955; x_wconf 90' lang='lat' dir='ltr'><strong>vetustiori</strong></span> <span class='ocrx_word' id='word_1_502' title='bbox 1552 3898 1835 3955; x_wconf 64' lang='lat' dir='ltr'><strong>&#39;Vitellius</strong></span> 
     </span>
    </p>
   </div>
   <div class='ocr_carea' id='block_1_72' title="bbox 182 3989 1835 4064">
    <p class='ocr_par' dir='ltr' id='par_1_72' title="bbox 182 3989 1835 4064">
     <span class='ocr_line' id='line_1_72' title="bbox 182 3989 1835 4064; baseline -0.001 -20"><span class='ocrx_word' id='word_1_503' title='bbox 182 3991 239 4046; x_wconf 89' lang='lat' dir='ltr'><strong>D.</strong></span> <span class='ocrx_word' id='word_1_504' title='bbox 267 3993 344 4062; x_wconf 84' lang='lat' dir='ltr'><strong>t7,</strong></span> <span class='ocrx_word' id='word_1_505' title='bbox 378 3995 476 4049; x_wconf 92' lang='lat' dir='ltr'><strong>cui</strong></span> <span class='ocrx_word' id='word_1_506' title='bbox 509 3994 745 4064; x_wconf 91' lang='lat' dir='ltr'><strong>utrique</strong></span> <span class='ocrx_word' id='word_1_507' title='bbox 784 3992 1037 4047; x_wconf 89' lang='lat' dir='ltr'><strong>Osberni</strong></span> <span class='ocrx_word' id='word_1_508' title='bbox 1065 4004 1279 4046; x_wconf 91' lang='lat' dir='ltr'><strong>nomen</strong></span> <span class='ocrx_word' id='word_1_509' title='bbox 1311 4005 1488 4044; x_wconf 91' lang='lat' dir='ltr'><strong>manu</strong></span> <span class='ocrx_word' id='word_1_510' title='bbox 1519 3989 1835 4044; x_wconf 88' lang='lat' dir='ltr'><strong>recentiori</strong></span> 
     </span>
    </p>
   </div>
   <div class='ocr_carea' id='block_1_73' title="bbox 180 4078 1833 4154">
    <p class='ocr_par' dir='ltr' id='par_1_73' title="bbox 180 4078 1833 4154">
     <span class='ocr_line' id='line_1_73' title="bbox 180 4078 1833 4154; baseline -0.002 -19"><span class='ocrx_word' id='word_1_511' title='bbox 180 4082 517 4154; x_wconf 73' lang='lat' dir='ltr'><strong>praefigitur.</strong></span> <span class='ocrx_word' id='word_1_512' title='bbox 552 4081 883 4136; x_wconf 91' lang='lat' dir='ltr'><strong>Osbernum</strong></span> <span class='ocrx_word' id='word_1_513' title='bbox 906 4082 1100 4135; x_wconf 90' lang='lat' dir='ltr'><strong>autem</strong></span> <span class='ocrx_word' id='word_1_514' title='bbox 1114 4083 1415 4134; x_wconf 89' lang='lat' dir='ltr'><strong>auctorem</strong></span> <span class='ocrx_word' id='word_1_515' title='bbox 1440 4078 1651 4147; x_wconf 88' lang='lat' dir='ltr'><strong>fuisse,</strong></span> <span class='ocrx_word' id='word_1_516' title='bbox 1676 4094 1833 4149; x_wconf 82' lang='lat' dir='ltr'><strong>prae-</strong></span> 
     </span>
    </p>
   </div>
   <div class='ocr_carea' id='block_1_74' title="bbox 180 4167 1828 4240">
    <p class='ocr_par' dir='ltr' id='par_1_74' title="bbox 180 4167 1828 4240">
     <span class='ocr_line' id='line_1_74' title="bbox 180 4167 1828 4240; baseline 0.001 -18"><span class='ocrx_word' id='word_1_517' title='bbox 180 4172 259 4223; x_wconf 89' lang='lat' dir='ltr'><strong>ter</strong></span> <span class='ocrx_word' id='word_1_518' title='bbox 284 4170 565 4226; x_wconf 87' lang='lat' dir='ltr'><strong>Eadmeri</strong></span> <span class='ocrx_word' id='word_1_519' title='bbox 596 4171 790 4224; x_wconf 90' lang='lat' dir='ltr'><strong>locum</strong></span> <span class='ocrx_word' id='word_1_520' title='bbox 821 4184 1002 4240; x_wconf 89' lang='lat' dir='ltr'><strong>supra</strong></span> <span class='ocrx_word' id='word_1_521' title='bbox 1033 4168 1349 4223; x_wconf 86' lang='lat' dir='ltr'><strong>adductum</strong></span> <span class='ocrx_word' id='word_1_522' title='bbox 1378 4171 1433 4222; x_wconf 93' lang='lat' dir='ltr'><strong>et</strong></span> <span class='ocrx_word' id='word_1_523' title='bbox 1465 4167 1689 4222; x_wconf 90' lang='lat' dir='ltr'><strong>codicis</strong></span> <span class='ocrx_word' id='word_1_524' title='bbox 1716 4182 1828 4223; x_wconf 91' lang='lat' dir='ltr'><strong>ms.</strong></span> 
     </span>
    </p>
   </div>
   <div class='ocr_carea' id='block_1_75' title="bbox 181 4255 1831 4328">
    <p class='ocr_par' dir='ltr' id='par_1_75' title="bbox 181 4255 1831 4328">
     <span class='ocr_line' id='line_1_75' title="bbox 181 4255 1831 4328; baseline 0 -18"><span class='ocrx_word' id='word_1_525' title='bbox 181 4255 554 4314; x_wconf 88' lang='lat' dir='ltr'><strong>Lambethani</strong></span> <span class='ocrx_word' id='word_1_526' title='bbox 587 4258 780 4328; x_wconf 82' lang='lat' dir='ltr'><strong>fidem,</strong></span> <span class='ocrx_word' id='word_1_527' title='bbox 836 4261 1066 4313; x_wconf 87' lang='lat' dir='ltr'><strong>constat</strong></span> <span class='ocrx_word' id='word_1_528' title='bbox 1098 4271 1331 4328; x_wconf 89' lang='lat' dir='ltr'><strong>quoque</strong></span> <span class='ocrx_word' id='word_1_529' title='bbox 1363 4272 1436 4311; x_wconf 85' lang='lat' dir='ltr'><strong>ex</strong></span> <span class='ocrx_word' id='word_1_530' title='bbox 1467 4255 1831 4311; x_wconf 90' lang='lat' dir='ltr'><strong>Malmesbu-</strong></span> 
     </span>
    </p>
   </div>
   <div class='ocr_carea' id='block_1_76' title="bbox 184 4345 1829 4418">
    <p class='ocr_par' dir='ltr' id='par_1_76' title="bbox 184 4345 1829 4418">
     <span class='ocr_line' id='line_1_76' title="bbox 184 4345 1829 4418; baseline 0.001 -21"><span class='ocrx_word' id='word_1_531' title='bbox 184 4345 346 4401; x_wconf 86' lang='lat' dir='ltr'><strong>riensi</strong></span> <span class='ocrx_word' id='word_1_532' title='bbox 378 4349 483 4404; x_wconf 84' lang='lat' dir='ltr'><strong>fol.</strong></span> <span class='ocrx_word' id='word_1_533' title='bbox 522 4345 903 4418; x_wconf 77' lang='lat' dir='ltr'><strong>116-139,qui</strong></span> <span class='ocrx_word' id='word_1_534' title='bbox 924 4347 1179 4402; x_wconf 88' lang='lat' dir='ltr'><strong>Osberni</strong></span> <span class='ocrx_word' id='word_1_535' title='bbox 1206 4347 1421 4401; x_wconf 90' lang='lat' dir='ltr'><strong>librum</strong></span> <span class='ocrx_word' id='word_1_536' title='bbox 1454 4346 1536 4400; x_wconf 90' lang='lat' dir='ltr'><strong>De</strong></span> <span class='ocrx_word' id='word_1_537' title='bbox 1568 4345 1695 4399; x_wconf 85' lang='lat' dir='ltr'><strong>Vita</strong></span> <span class='ocrx_word' id='word_1_538' title='bbox 1729 4345 1829 4399; x_wconf 90' lang='lat' dir='ltr'><strong>El-</strong></span> 
     </span>
    </p>
   </div>
   <div class='ocr_carea' id='block_1_77' title="bbox 184 4434 1830 4507">
    <p class='ocr_par' dir='ltr' id='par_1_77' title="bbox 184 4434 1830 4507">
     <span class='ocr_line' id='line_1_77' title="bbox 184 4434 1830 4507; baseline 0.001 -19"><span class='ocrx_word' id='word_1_539' title='bbox 184 4434 344 4507; x_wconf 86' lang='lat' dir='ltr'><strong>phegi</strong></span> <span class='ocrx_word' id='word_1_540' title='bbox 374 4437 657 4506; x_wconf 89' lang='lat' dir='ltr'><strong>laudavit,</strong></span> <span class='ocrx_word' id='word_1_541' title='bbox 715 4441 771 4490; x_wconf 89' lang='lat' dir='ltr'><strong>et</strong></span> <span class='ocrx_word' id='word_1_542' title='bbox 816 4453 887 4490; x_wconf 83' lang='lat' dir='ltr'><strong>ex</strong></span> <span class='ocrx_word' id='word_1_543' title='bbox 918 4450 987 4490; x_wconf 91' lang='lat' dir='ltr'><strong>eo</strong></span> <span class='ocrx_word' id='word_1_544' title='bbox 1044 4435 1224 4489; x_wconf 87' lang='lat' dir='ltr'><strong>multa</strong></span> <span class='ocrx_word' id='word_1_545' title='bbox 1254 4436 1314 4489; x_wconf 91' lang='lat' dir='ltr'><strong>in</strong></span> <span class='ocrx_word' id='word_1_546' title='bbox 1344 4439 1550 4489; x_wconf 88' lang='lat' dir='ltr'><strong>nostro</strong></span> <span class='ocrx_word' id='word_1_547' title='bbox 1590 4434 1830 4489; x_wconf 88' lang='lat' dir='ltr'><strong>totidem</strong></span> 
     </span>
    </p>
   </div>
   <div class='ocr_carea' id='block_1_78' title="bbox 184 4523 1831 4596">
    <p class='ocr_par' dir='ltr' id='par_1_78' title="bbox 184 4523 1831 4596">
     <span class='ocr_line' id='line_1_78' title="bbox 184 4523 1831 4596; baseline 0.003 -24"><span class='ocrx_word' id='word_1_548' title='bbox 184 4524 368 4579; x_wconf 86' lang='lat' dir='ltr'><strong>verbis</strong></span> <span class='ocrx_word' id='word_1_549' title='bbox 391 4527 630 4596; x_wconf 85' lang='lat' dir='ltr'><strong>reperta</strong></span> <span class='ocrx_word' id='word_1_550' title='bbox 662 4525 1000 4595; x_wconf 90' lang='lat' dir='ltr'><strong>descripsit.</strong></span> <span class='ocrx_word' id='word_1_551' title='bbox 1032 4525 1175 4579; x_wconf 66' lang='lat' dir='ltr'><strong>Haec</strong></span> <span class='ocrx_word' id='word_1_552' title='bbox 1206 4523 1499 4578; x_wconf 89' lang='lat' dir='ltr'><strong>Warthon</strong></span> <span class='ocrx_word' id='word_1_553' title='bbox 1523 4523 1582 4577; x_wconf 90' lang='lat' dir='ltr'><strong>in</strong></span> <span class='ocrx_word' id='word_1_554' title='bbox 1610 4524 1831 4592; x_wconf 81' lang='lat' dir='ltr'><strong>praefa-</strong></span> 
     </span>
    </p>
   </div>
   <div class='ocr_carea' id='block_1_79' title="bbox 187 4590 1912 4686">
    <p class='ocr_par' dir='ltr' id='par_1_79' title="bbox 187 4590 1912 4686">
     <span class='ocr_line' id='line_1_79' title="bbox 187 4590 1912 4686; baseline 0.003 -24"><span class='ocrx_word' id='word_1_555' title='bbox 187 4611 322 4667; x_wconf 88' lang='lat' dir='ltr'><strong>tione</strong></span> <span class='ocrx_word' id='word_1_556' title='bbox 350 4615 420 4669; x_wconf 89' lang='lat' dir='ltr'><strong>ad</strong></span> <span class='ocrx_word' id='word_1_557' title='bbox 451 4590 675 4668; x_wconf 75' lang='lat' dir='ltr'><strong>tomum</strong></span> <span class='ocrx_word' id='word_1_558' title='bbox 724 4613 771 4667; x_wconf 90' lang='lat' dir='ltr'><strong>II</strong></span> <span class='ocrx_word' id='word_1_559' title='bbox 811 4590 1039 4686; x_wconf 69' lang='lat' dir='ltr'><strong>Anglia)</strong></span> <span class='ocrx_word' id='word_1_560' title='bbox 1069 4613 1290 4681; x_wconf 67' lang='lat' dir='ltr'><strong>Sacrae,</strong></span> <span class='ocrx_word' id='word_1_561' title='bbox 1325 4629 1482 4667; x_wconf 90' lang='lat' dir='ltr'><strong>num.</strong></span> <span class='ocrx_word' id='word_1_562' title='bbox 1516 4611 1569 4682; x_wconf 89' lang='lat'><strong>6,</strong></span> <span class='ocrx_word' id='word_1_563' title='bbox 1603 4590 1740 4684; x_wconf 75' lang='lat' dir='ltr'><strong>pag.</strong></span> <span class='ocrx_word' id='word_1_564' title='bbox 1774 4610 1828 4668; x_wconf 90' lang='lat'><strong>9.</strong></span> <span class='ocrx_word' id='word_1_565' title='bbox 1852 4590 1912 4655; x_wconf 77' lang='lat' dir='ltr'><strong>D</strong></span> 
     </span>
    </p>
   </div>
   <div class='ocr_carea' id='block_1_80' title="bbox 244 4699 1830 4772">
    <p class='ocr_par' dir='ltr' id='par_1_80' title="bbox 244 4699 1830 4772">
     <span class='ocr_line' id='line_1_80' title="bbox 244 4699 1830 4772; baseline 0.001 -18"><span class='ocrx_word' id='word_1_566' title='bbox 244 4699 378 4756; x_wconf 89' lang='lat' dir='ltr'><strong>Cum</strong></span> <span class='ocrx_word' id='word_1_567' title='bbox 409 4707 611 4757; x_wconf 88' lang='lat' dir='ltr'><strong>autem</strong></span> <span class='ocrx_word' id='word_1_568' title='bbox 657 4703 809 4757; x_wconf 91' lang='lat' dir='ltr'><strong>idem</strong></span> <span class='ocrx_word' id='word_1_569' title='bbox 864 4702 1124 4772; x_wconf 87' lang='lat' dir='ltr'><strong>scriptor</strong></span> <span class='ocrx_word' id='word_1_570' title='bbox 1181 4701 1400 4756; x_wconf 88' lang='lat' dir='ltr'><strong>ibidem</strong></span> <span class='ocrx_word' id='word_1_571' title='bbox 1446 4705 1830 4771; x_wconf 88' lang='lat' dir='ltr'><strong>procurasset</strong></span> 
     </span>
    </p>
   </div>
   <div class='ocr_carea' id='block_1_81' title="bbox 187 4785 1826 4859">
    <p class='ocr_par' dir='ltr' id='par_1_81' title="bbox 187 4785 1826 4859">
     <span class='ocr_line' id='line_1_81' title="bbox 187 4785 1826 4859; baseline 0.003 -20"><span class='ocrx_word' id='word_1_572' title='bbox 187 4785 419 4859; x_wconf 87' lang='lat' dir='ltr'><strong>imprimi</strong></span> <span class='ocrx_word' id='word_1_573' title='bbox 452 4792 569 4846; x_wconf 91' lang='lat' dir='ltr'><strong>sub</strong></span> <span class='ocrx_word' id='word_1_574' title='bbox 608 4791 860 4846; x_wconf 90' lang='lat' dir='ltr'><strong>Osberni</strong></span> <span class='ocrx_word' id='word_1_575' title='bbox 913 4792 1150 4845; x_wconf 91' lang='lat' dir='ltr'><strong>nomine</strong></span> <span class='ocrx_word' id='word_1_576' title='bbox 1179 4790 1393 4844; x_wconf 87' lang='lat' dir='ltr'><strong>librum</strong></span> <span class='ocrx_word' id='word_1_577' title='bbox 1448 4790 1531 4844; x_wconf 89' lang='lat' dir='ltr'><strong>De</strong></span> <span class='ocrx_word' id='word_1_578' title='bbox 1584 4790 1716 4844; x_wconf 87' lang='lat' dir='ltr'><strong>Vita</strong></span> <span class='ocrx_word' id='word_1_579' title='bbox 1765 4791 1826 4846; x_wconf 92' lang='lat' dir='ltr'><strong>S.</strong></span> 
     </span>
    </p>
   </div>
   <div class='ocr_carea' id='block_1_82' title="bbox 187 4875 1830 4951">
    <p class='ocr_par' dir='ltr' id='par_1_82' title="bbox 187 4875 1830 4951">
     <span class='ocr_line' id='line_1_82' title="bbox 187 4875 1830 4951; baseline 0.002 -22"><span class='ocrx_word' id='word_1_580' title='bbox 187 4875 386 4935; x_wconf 89' lang='lat' dir='ltr'><strong>Odonis</strong></span> <span class='ocrx_word' id='word_1_581' title='bbox 420 4880 861 4951; x_wconf 89' lang='lat' dir='ltr'><strong>archiepiscopi</strong></span> <span class='ocrx_word' id='word_1_582' title='bbox 890 4879 1356 4949; x_wconf 86' lang='lat' dir='ltr'><strong>Cantuariensis,</strong></span> <span class='ocrx_word' id='word_1_583' title='bbox 1390 4896 1524 4950; x_wconf 87' lang='lat' dir='ltr'><strong>pag.</strong></span> <span class='ocrx_word' id='word_1_584' title='bbox 1559 4877 1830 4947; x_wconf 90' lang='lat' dir='ltr'><strong>78,item-</strong></span> 
     </span>
    </p>
   </div>
   <div class='ocr_carea' id='block_1_83' title="bbox 191 4967 1829 5041">
    <p class='ocr_par' dir='ltr' id='par_1_83' title="bbox 191 4967 1829 5041">
     <span class='ocr_line' id='line_1_83' title="bbox 191 4967 1829 5041; baseline 0.002 -22"><span class='ocrx_word' id='word_1_585' title='bbox 191 4980 307 5035; x_wconf 89' lang='lat' dir='ltr'><strong>que.</strong></span> <span class='ocrx_word' id='word_1_586' title='bbox 334 4985 471 5041; x_wconf 88' lang='lat' dir='ltr'><strong>pag.</strong></span> <span class='ocrx_word' id='word_1_587' title='bbox 495 4967 586 5036; x_wconf 79' lang='lat'><strong>&#39;75,</strong></span> <span class='ocrx_word' id='word_1_588' title='bbox 629 4969 843 5023; x_wconf 85' lang='lat' dir='ltr'><strong>librum</strong></span> <span class='ocrx_word' id='word_1_589' title='bbox 874 4969 957 5022; x_wconf 92' lang='lat' dir='ltr'><strong>De</strong></span> <span class='ocrx_word' id='word_1_590' title='bbox 988 4967 1118 5021; x_wconf 89' lang='lat' dir='ltr'><strong>Vita</strong></span> <span class='ocrx_word' id='word_1_591' title='bbox 1149 4967 1208 5023; x_wconf 92' lang='lat' dir='ltr'><strong>S.</strong></span> <span class='ocrx_word' id='word_1_592' title='bbox 1244 4968 1548 5040; x_wconf 80' lang='lat' dir='ltr'><strong>Bregwini</strong></span> <span class='ocrx_word' id='word_1_593' title='bbox 1576 4968 1829 5023; x_wconf 89' lang='lat' dir='ltr'><strong>Cantua-</strong></span> 
     </span>
    </p>
   </div>
   <div class='ocr_carea' id='block_1_84' title="bbox 189 5054 1829 5129">
    <p class='ocr_par' dir='ltr' id='par_1_84' title="bbox 189 5054 1829 5129">
     <span class='ocr_line' id='line_1_84' title="bbox 189 5054 1829 5129; baseline 0.005 -25"><span class='ocrx_word' id='word_1_594' title='bbox 189 5054 384 5113; x_wconf 85' lang='lat' dir='ltr'><strong>riensis</strong></span> <span class='ocrx_word' id='word_1_595' title='bbox 416 5058 872 5129; x_wconf 85' lang='lat' dir='ltr'><strong>archiepiscOpi;</strong></span> <span class='ocrx_word' id='word_1_596' title='bbox 890 5057 1144 5128; x_wconf 90' lang='lat' dir='ltr'><strong>illosque</strong></span> <span class='ocrx_word' id='word_1_597' title='bbox 1163 5059 1538 5128; x_wconf 86' lang='lat' dir='ltr'><strong>postmodum</strong></span> <span class='ocrx_word' id='word_1_598' title='bbox 1559 5056 1829 5113; x_wconf 88' lang='lat' dir='ltr'><strong>Osberno</strong></span> 
     </span>
    </p>
   </div>
   <div class='ocr_carea' id='block_1_85' title="bbox 192 5145 1829 5218">
    <p class='ocr_par' dir='ltr' id='par_1_85' title="bbox 192 5145 1829 5218">
     <span class='ocr_line' id='line_1_85' title="bbox 192 5145 1829 5218; baseline 0.002 -22"><span class='ocrx_word' id='word_1_599' title='bbox 192 5149 517 5215; x_wconf 85' lang='lat' dir='ltr'><strong>suppositos</strong></span> <span class='ocrx_word' id='word_1_600' title='bbox 546 5147 857 5218; x_wconf 90' lang='lat' dir='ltr'><strong>putaverit,</strong></span> <span class='ocrx_word' id='word_1_601' title='bbox 883 5146 1043 5201; x_wconf 92' lang='lat' dir='ltr'><strong>illius</strong></span> <span class='ocrx_word' id='word_1_602' title='bbox 1063 5161 1377 5201; x_wconf 87' lang='lat' dir='ltr'><strong>censuram</strong></span> <span class='ocrx_word' id='word_1_603' title='bbox 1405 5146 1500 5200; x_wconf 90' lang='lat' dir='ltr'><strong>hic</strong></span> <span class='ocrx_word' id='word_1_604' title='bbox 1528 5145 1829 5216; x_wconf 82' lang='lat' dir='ltr'><strong>subjicere</strong></span> 
     </span>
    </p>
   </div>
   <div class='ocr_carea' id='block_1_86' title="bbox 191 5230 1828 5307">
    <p class='ocr_par' dir='ltr' id='par_1_86' title="bbox 191 5230 1828 5307">
     <span class='ocr_line' id='line_1_86' title="bbox 191 5230 1828 5307; baseline 0.001 -22"><span class='ocrx_word' id='word_1_605' title='bbox 191 5230 359 5288; x_wconf 74' lang='lat' dir='ltr'><strong>visum</strong></span> <span class='ocrx_word' id='word_1_606' title='bbox 385 5241 479 5291; x_wconf 89' lang='lat' dir='ltr'><strong>est</strong></span> <span class='ocrx_word' id='word_1_607' title='bbox 511 5252 686 5307; x_wconf 89' lang='lat' dir='ltr'><strong>quam</strong></span> <span class='ocrx_word' id='word_1_608' title='bbox 712 5235 889 5289; x_wconf 90' lang='lat' dir='ltr'><strong>habet</strong></span> <span class='ocrx_word' id='word_1_609' title='bbox 922 5235 980 5289; x_wconf 89' lang='lat' dir='ltr'><strong>in</strong></span> <span class='ocrx_word' id='word_1_610' title='bbox 1009 5235 1357 5305; x_wconf 82' lang='lat' dir='ltr'><strong>praefatione</strong></span> <span class='ocrx_word' id='word_1_611' title='bbox 1386 5235 1457 5288; x_wconf 85' lang='lat' dir='ltr'><strong>ad</strong></span> <span class='ocrx_word' id='word_1_612' title='bbox 1508 5239 1730 5289; x_wconf 88' lang='lat' dir='ltr'><strong>tomum</strong></span> <span class='ocrx_word' id='word_1_613' title='bbox 1779 5233 1828 5288; x_wconf 89' lang='grc'><strong>11</strong></span> 
     </span>
    </p>
   </div>
   <div class='ocr_carea' id='block_1_87' title="bbox 194 5320 1347 5394">
    <p class='ocr_par' dir='ltr' id='par_1_87' title="bbox 194 5320 1347 5394">
     <span class='ocr_line' id='line_1_87' title="bbox 194 5320 1347 5394; baseline 0.006 -23"><span class='ocrx_word' id='word_1_614' title='bbox 194 5320 398 5393; x_wconf 64' lang='lat' dir='ltr'><strong>Anglia:</strong></span> <span class='ocrx_word' id='word_1_615' title='bbox 425 5324 644 5394; x_wconf 67' lang='lat' dir='ltr'><strong>Sacrae,</strong></span> <span class='ocrx_word' id='word_1_616' title='bbox 678 5341 837 5379; x_wconf 88' lang='lat' dir='ltr'><strong>num.</strong></span> <span class='ocrx_word' id='word_1_617' title='bbox 872 5324 980 5378; x_wconf 73' lang='grc' dir='ltr'><strong>Ἴθι</strong></span> <span class='ocrx_word' id='word_1_618' title='bbox 1001 5323 1054 5392; x_wconf 92' lang='grc'><strong>8,</strong></span> <span class='ocrx_word' id='word_1_619' title='bbox 1088 5339 1225 5394; x_wconf 87' lang='lat' dir='ltr'><strong>pag.</strong></span> <span class='ocrx_word' id='word_1_620' title='bbox 1260 5324 1347 5378; x_wconf 91' lang='lat'><strong>10.</strong></span> 
     </span>
    </p>
   </div>
   <div class='ocr_carea' id='block_1_88' title="bbox 254 5431 1829 5502">
    <p class='ocr_par' dir='ltr' id='par_1_88' title="bbox 254 5431 1829 5502">
     <span class='ocr_line' id='line_1_88' title="bbox 254 5431 1829 5502; baseline -0.003 -14"><span class='ocrx_word' id='word_1_621' title='bbox 254 5449 273 5478; x_wconf 73' lang='grc' dir='ltr'>ι</span> <span class='ocrx_word' id='word_1_622' title='bbox 303 5431 629 5488; x_wconf 89' lang='lat' dir='ltr'><strong>Osbernum</strong></span> <span class='ocrx_word' id='word_1_623' title='bbox 660 5432 1103 5502; x_wconf 90' lang='lat' dir='ltr'><strong>conscripsisse</strong></span> <span class='ocrx_word' id='word_1_624' title='bbox 1132 5432 1327 5486; x_wconf 88' lang='lat' dir='ltr'><strong>Vitam</strong></span> <span class='ocrx_word' id='word_1_625' title='bbox 1373 5432 1597 5487; x_wconf 90' lang='lat' dir='ltr'><strong>Odonis</strong></span> <span class='ocrx_word' id='word_1_626' title='bbox 1626 5431 1829 5487; x_wconf 89' lang='lat' dir='ltr'><strong>archi-</strong></span> 
     </span>
    </p>
   </div>
   <div class='ocr_carea' id='block_1_89' title="bbox 192 5518 1830 5593">
    <p class='ocr_par' dir='ltr' id='par_1_89' title="bbox 192 5518 1830 5593">
     <span class='ocr_line' id='line_1_89' title="bbox 192 5518 1830 5593; baseline 0.004 -26"><span class='ocrx_word' id='word_1_627' title='bbox 192 5518 1010 5593; x_wconf 38' lang='lat' dir='ltr'><strong>episcopi,Malmesburiensis</strong></span> <span class='ocrx_word' id='word_1_628' title='bbox 1037 5524 1309 5591; x_wconf 87' lang='lat' dir='ltr'><strong>testatur,</strong></span> <span class='ocrx_word' id='word_1_629' title='bbox 1343 5522 1444 5592; x_wconf 90' lang='lat' dir='ltr'><strong>qui</strong></span> <span class='ocrx_word' id='word_1_630' title='bbox 1477 5523 1532 5575; x_wconf 90' lang='lat' dir='ltr'><strong>in</strong></span> <span class='ocrx_word' id='word_1_631' title='bbox 1576 5520 1830 5576; x_wconf 86' lang='lat' dir='ltr'><strong>texenda</strong></span> 
     </span>
    </p>
   </div>
   <div class='ocr_carea' id='block_1_90' title="bbox 187 5608 1824 5684">
    <p class='ocr_par' dir='ltr' id='par_1_90' title="bbox 187 5608 1824 5684">
     <span class='ocr_line' id='line_1_90' title="bbox 187 5608 1824 5684; baseline 0.005 -27"><span class='ocrx_word' id='word_1_632' title='bbox 187 5616 275 5659; x_wconf 84' lang='lat' dir='ltr'><strong>sua</strong></span> <span class='ocrx_word' id='word_1_633' title='bbox 292 5608 363 5664; x_wconf 92' lang='lat' dir='ltr'><strong>De</strong></span> <span class='ocrx_word' id='word_1_634' title='bbox 376 5610 756 5680; x_wconf 81' lang='lat' dir='ltr'><strong>pontificibus</strong></span> <span class='ocrx_word' id='word_1_635' title='bbox 778 5611 1108 5684; x_wconf 82' lang='lat' dir='ltr'><strong>Anglorum</strong></span> <span class='ocrx_word' id='word_1_636' title='bbox 1142 5610 1428 5679; x_wconf 86' lang='lat' dir='ltr'><strong>Historia,</strong></span> <span class='ocrx_word' id='word_1_637' title='bbox 1445 5610 1651 5665; x_wconf 91' lang='lat' dir='ltr'><strong>eadem</strong></span> <span class='ocrx_word' id='word_1_638' title='bbox 1674 5626 1824 5665; x_wconf 91' lang='lat' dir='ltr'><strong>usus</strong></span> 
     </span>
    </p>
   </div>
   <div class='ocr_carea' id='block_1_91' title="bbox 191 5695 1829 5774">
    <p class='ocr_par' dir='ltr' id='par_1_91' title="bbox 191 5695 1829 5774">
     <span class='ocr_line' id='line_1_91' title="bbox 191 5695 1829 5774; baseline 0.006 -30"><span class='ocrx_word' id='word_1_639' title='bbox 191 5698 282 5747; x_wconf 84' lang='lat' dir='ltr'><strong>est.</strong></span> <span class='ocrx_word' id='word_1_640' title='bbox 307 5695 383 5752; x_wconf 76' lang='lat' dir='ltr'><strong>Ex</strong></span> <span class='ocrx_word' id='word_1_641' title='bbox 424 5700 699 5773; x_wconf 85' lang='lat' dir='ltr'><strong>pluribus</strong></span> <span class='ocrx_word' id='word_1_642' title='bbox 736 5702 932 5756; x_wconf 89' lang='lat' dir='ltr'><strong>autem</strong></span> <span class='ocrx_word' id='word_1_643' title='bbox 955 5715 1088 5774; x_wconf 83' lang='lat' dir='ltr'><strong>quae</strong></span> <span class='ocrx_word' id='word_1_644' title='bbox 1115 5699 1352 5755; x_wconf 88' lang='lat' dir='ltr'><strong>adducit</strong></span> <span class='ocrx_word' id='word_1_645' title='bbox 1380 5699 1540 5755; x_wconf 91' lang='lat' dir='ltr'><strong>illius</strong></span> <span class='ocrx_word' id='word_1_646' title='bbox 1560 5698 1675 5754; x_wconf 92' lang='lat' dir='ltr'><strong>loci</strong></span> <span class='ocrx_word' id='word_1_647' title='bbox 1708 5699 1829 5754; x_wconf 86' lang='lat' dir='ltr'><strong>col-</strong></span> 
     </span>
    </p>
   </div>
   <div class='ocr_carea' id='block_1_92' title="bbox 2023 3292 3607 3364">
    <p class='ocr_par' dir='ltr' id='par_1_92' title="bbox 2023 3292 3607 3364">
     <span class='ocr_line' id='line_1_92' title="bbox 2023 3292 3607 3364; baseline 0 -18"><span class='ocrx_word' id='word_1_648' title='bbox 2023 3293 2183 3347; x_wconf 88' lang='lat' dir='ltr'><strong>Inter</strong></span> <span class='ocrx_word' id='word_1_649' title='bbox 2197 3306 2345 3347; x_wconf 84' lang='lat' dir='ltr'><strong>mss.</strong></span> <span class='ocrx_word' id='word_1_650' title='bbox 2380 3292 2618 3349; x_wconf 73' lang='lat' dir='ltr'><strong>codices</strong></span> <span class='ocrx_word' id='word_1_651' title='bbox 2650 3294 3037 3348; x_wconf 88' lang='lat' dir='ltr'><strong>ecclesiarum</strong></span> <span class='ocrx_word' id='word_1_652' title='bbox 3051 3292 3280 3364; x_wconf 67' lang='lat' dir='ltr'><strong>Anglia:</strong></span> <span class='ocrx_word' id='word_1_653' title='bbox 3300 3292 3607 3347; x_wconf 88' lang='lat' dir='ltr'><strong>cathedra-</strong></span> 
     </span>
    </p>
   </div>
   <div class='ocr_carea' id='block_1_93' title="bbox 1951 3378 3610 3451">
    <p class='ocr_par' dir='ltr' id='par_1_93' title="bbox 1951 3378 3610 3451">
     <span class='ocr_line' id='line_1_93' title="bbox 1951 3378 3610 3451; baseline 0 -16"><span class='ocrx_word' id='word_1_654' title='bbox 1951 3381 2113 3450; x_wconf 91' lang='lat' dir='ltr'><strong>lium,</strong></span> <span class='ocrx_word' id='word_1_655' title='bbox 2137 3397 2296 3435; x_wconf 91' lang='lat' dir='ltr'><strong>num.</strong></span> <span class='ocrx_word' id='word_1_656' title='bbox 2321 3378 2482 3451; x_wconf 83' lang='lat'><strong>5996,</strong></span> <span class='ocrx_word' id='word_1_657' title='bbox 2508 3379 2566 3435; x_wconf 92' lang='lat' dir='ltr'><strong>in</strong></span> <span class='ocrx_word' id='word_1_658' title='bbox 2588 3396 2735 3451; x_wconf 77' lang='lat' dir='ltr'><strong>mss.</strong></span> <span class='ocrx_word' id='word_1_659' title='bbox 2760 3381 3001 3437; x_wconf 83' lang='lat' dir='ltr'><strong>Thomae</strong></span> <span class='ocrx_word' id='word_1_660' title='bbox 3041 3381 3203 3436; x_wconf 90' lang='lat' dir='ltr'><strong>Galei</strong></span> <span class='ocrx_word' id='word_1_661' title='bbox 3251 3380 3454 3436; x_wconf 90' lang='lat' dir='ltr'><strong>codice</strong></span> <span class='ocrx_word' id='word_1_662' title='bbox 3485 3379 3610 3451; x_wconf 88' lang='grc'>162,</span> 
     </span>
    </p>
   </div>
   <div class='ocr_carea' id='block_1_94' title="bbox 1949 3470 3610 3540">
    <p class='ocr_par' dir='ltr' id='par_1_94' title="bbox 1949 3470 3610 3540">
     <span class='ocr_line' id='line_1_94' title="bbox 1949 3470 3610 3540; baseline -0.001 -15"><span class='ocrx_word' id='word_1_663' title='bbox 1949 3470 2205 3525; x_wconf 88' lang='lat' dir='ltr'><strong>Osberni</strong></span> <span class='ocrx_word' id='word_1_664' title='bbox 2252 3470 2518 3540; x_wconf 81' lang='lat' dir='ltr'><strong>epistolae</strong></span> <span class='ocrx_word' id='word_1_665' title='bbox 2549 3473 2785 3525; x_wconf 85' lang='lat' dir='ltr'><strong>exstare</strong></span> <span class='ocrx_word' id='word_1_666' title='bbox 2842 3471 3133 3525; x_wconf 88' lang='lat' dir='ltr'><strong>dicuntur.</strong></span> <span class='ocrx_word' id='word_1_667' title='bbox 3183 3470 3385 3536; x_wconf 89' lang='lat' dir='ltr'><strong>Quoad</strong></span> <span class='ocrx_word' id='word_1_668' title='bbox 3415 3472 3610 3525; x_wconf 88' lang='lat' dir='ltr'><strong>autem</strong></span> 
     </span>
    </p>
   </div>
   <div class='ocr_carea' id='block_1_95' title="bbox 1950 3558 3608 3632">
    <p class='ocr_par' dir='ltr' id='par_1_95' title="bbox 1950 3558 3608 3632">
     <span class='ocr_line' id='line_1_95' title="bbox 1950 3558 3608 3632; baseline 0.002 -22"><span class='ocrx_word' id='word_1_669' title='bbox 1950 3558 2140 3613; x_wconf 91' lang='lat' dir='ltr'><strong>Vitam</strong></span> <span class='ocrx_word' id='word_1_670' title='bbox 2174 3559 2362 3613; x_wconf 90' lang='lat' dir='ltr'><strong>sancti</strong></span> <span class='ocrx_word' id='word_1_671' title='bbox 2383 3558 2659 3614; x_wconf 86' lang='lat' dir='ltr'><strong>Edwardi</strong></span> <span class='ocrx_word' id='word_1_672' title='bbox 2684 3560 2869 3632; x_wconf 89' lang='lat' dir='ltr'><strong>regis,</strong></span> <span class='ocrx_word' id='word_1_673' title='bbox 2903 3575 3077 3631; x_wconf 88' lang='lat' dir='ltr'><strong>quam</strong></span> <span class='ocrx_word' id='word_1_674' title='bbox 3106 3558 3408 3614; x_wconf 87' lang='lat' dir='ltr'><strong>Gerardus</strong></span> <span class='ocrx_word' id='word_1_675' title='bbox 3438 3559 3608 3614; x_wconf 89' lang='lat' dir='ltr'><strong>Joan-</strong></span> 
     </span>
    </p>
   </div>
   <div class='ocr_carea' id='block_1_96' title="bbox 1948 3647 3605 3721">
    <p class='ocr_par' dir='ltr' id='par_1_96' title="bbox 1948 3647 3605 3721">
     <span class='ocr_line' id='line_1_96' title="bbox 1948 3647 3605 3721; baseline 0.002 -21"><span class='ocrx_word' id='word_1_676' title='bbox 1948 3663 2056 3700; x_wconf 90' lang='lat' dir='ltr'><strong>nes</strong></span> <span class='ocrx_word' id='word_1_677' title='bbox 2089 3647 2366 3717; x_wconf 89' lang='lat' dir='ltr'><strong>Vossius,</strong></span> <span class='ocrx_word' id='word_1_678' title='bbox 2386 3648 2539 3703; x_wconf 88' lang='lat' dir='ltr'><strong>libro</strong></span> <span class='ocrx_word' id='word_1_679' title='bbox 2564 3666 2601 3702; x_wconf 81' lang='grc' dir='ltr'>ιι</span> <span class='ocrx_word' id='word_1_680' title='bbox 2632 3649 2717 3703; x_wconf 92' lang='lat' dir='ltr'><strong>De</strong></span> <span class='ocrx_word' id='word_1_681' title='bbox 2745 3648 3061 3703; x_wconf 89' lang='lat' dir='ltr'><strong>Historicis</strong></span> <span class='ocrx_word' id='word_1_682' title='bbox 3094 3648 3344 3717; x_wconf 89' lang='lat' dir='ltr'><strong>Latinis,</strong></span> <span class='ocrx_word' id='word_1_683' title='bbox 3369 3647 3605 3721; x_wconf 78' lang='lat' dir='ltr'><strong>cap.46,</strong></span> 
     </span>
    </p>
   </div>
   <div class='ocr_carea' id='block_1_97' title="bbox 1946 3736 3609 3806">
    <p class='ocr_par' dir='ltr' id='par_1_97' title="bbox 1946 3736 3609 3806">
     <span class='ocr_line' id='line_1_97' title="bbox 1946 3736 3609 3806; baseline 0.002 -18"><span class='ocrx_word' id='word_1_684' title='bbox 1946 3751 2083 3806; x_wconf 89' lang='lat' dir='ltr'><strong>pag.</strong></span> <span class='ocrx_word' id='word_1_685' title='bbox 2104 3736 2229 3805; x_wconf 85' lang='lat'><strong>380,</strong></span> <span class='ocrx_word' id='word_1_686' title='bbox 2263 3736 2403 3790; x_wconf 89' lang='lat' dir='ltr'><strong>dicit</strong></span> <span class='ocrx_word' id='word_1_687' title='bbox 2446 3741 2681 3792; x_wconf 88' lang='lat' dir='ltr'><strong>exstare</strong></span> <span class='ocrx_word' id='word_1_688' title='bbox 2711 3752 2823 3792; x_wconf 89' lang='lat' dir='ltr'><strong>ms.</strong></span> <span class='ocrx_word' id='word_1_689' title='bbox 2870 3737 2928 3792; x_wconf 91' lang='lat' dir='ltr'><strong>in</strong></span> <span class='ocrx_word' id='word_1_690' title='bbox 2958 3738 3254 3793; x_wconf 89' lang='lat' dir='ltr'><strong>volumine</strong></span> <span class='ocrx_word' id='word_1_691' title='bbox 3287 3737 3371 3792; x_wconf 91' lang='lat' dir='ltr'><strong>De</strong></span> <span class='ocrx_word' id='word_1_692' title='bbox 3403 3737 3520 3791; x_wconf 89' lang='lat' dir='ltr'><strong>vita</strong></span> <span class='ocrx_word' id='word_1_693' title='bbox 3552 3738 3609 3792; x_wconf 88' lang='lat' dir='ltr'><strong>et</strong></span> 
     </span>
    </p>
   </div>
   <div class='ocr_carea' id='block_1_98' title="bbox 1946 3824 3607 3897">
    <p class='ocr_par' dir='ltr' id='par_1_98' title="bbox 1946 3824 3607 3897">
     <span class='ocr_line' id='line_1_98' title="bbox 1946 3824 3607 3897; baseline 0.001 -19"><span class='ocrx_word' id='word_1_694' title='bbox 1946 3824 2250 3879; x_wconf 84' lang='lat' dir='ltr'><strong>miraculis</strong></span> <span class='ocrx_word' id='word_1_695' title='bbox 2268 3826 2655 3897; x_wconf 89' lang='lat' dir='ltr'><strong>quorumdam</strong></span> <span class='ocrx_word' id='word_1_696' title='bbox 2677 3830 3039 3896; x_wconf 88' lang='lat' dir='ltr'><strong>sanctorum,</strong></span> <span class='ocrx_word' id='word_1_697' title='bbox 3075 3827 3229 3897; x_wconf 91' lang='lat' dir='ltr'><strong>quod</strong></span> <span class='ocrx_word' id='word_1_698' title='bbox 3251 3843 3283 3880; x_wconf 91' lang='lat' dir='ltr'>a</span> <span class='ocrx_word' id='word_1_699' title='bbox 3313 3826 3445 3881; x_wconf 90' lang='lat' dir='ltr'><strong>Vita</strong></span> <span class='ocrx_word' id='word_1_700' title='bbox 3456 3825 3607 3880; x_wconf 87' lang='lat' dir='ltr'><strong>Mar-</strong></span> 
     </span>
    </p>
   </div>
   <div class='ocr_carea' id='block_1_99' title="bbox 1947 3913 3600 3987">
    <p class='ocr_par' dir='ltr' id='par_1_99' title="bbox 1947 3913 3600 3987">
     <span class='ocr_line' id='line_1_99' title="bbox 1947 3913 3600 3987; baseline 0.004 -22"><span class='ocrx_word' id='word_1_701' title='bbox 1947 3913 2102 3966; x_wconf 90' lang='lat' dir='ltr'><strong>tialis</strong></span> <span class='ocrx_word' id='word_1_702' title='bbox 2120 3913 2340 3983; x_wconf 92' lang='lat' dir='ltr'><strong>incipit,</strong></span> <span class='ocrx_word' id='word_1_703' title='bbox 2358 3914 2415 3967; x_wconf 91' lang='lat' dir='ltr'><strong>in</strong></span> <span class='ocrx_word' id='word_1_704' title='bbox 2436 3914 2701 3987; x_wconf 90' lang='lat' dir='ltr'><strong>Collegio</strong></span> <span class='ocrx_word' id='word_1_705' title='bbox 2720 3915 2840 3969; x_wconf 92' lang='lat' dir='ltr'><strong>divi</strong></span> <span class='ocrx_word' id='word_1_706' title='bbox 2861 3916 3160 3971; x_wconf 89' lang='lat' dir='ltr'><strong>Benedicti</strong></span> <span class='ocrx_word' id='word_1_707' title='bbox 3182 3914 3600 3987; x_wconf 68' lang='lat' dir='ltr'><strong>Cantabrigiaa,</strong></span> 
     </span>
    </p>
   </div>
   <div class='ocr_carea' id='block_1_100' title="bbox 1948 4001 3607 4077">
    <p class='ocr_par' dir='ltr' id='par_1_100' title="bbox 1948 4001 3607 4077">
     <span class='ocr_line' id='line_1_100' title="bbox 1948 4001 3607 4077; baseline 0.003 -23"><span class='ocrx_word' id='word_1_708' title='bbox 1948 4001 2047 4055; x_wconf 92' lang='lat' dir='ltr'><strong>ubi</strong></span> <span class='ocrx_word' id='word_1_709' title='bbox 2078 4005 2341 4058; x_wconf 86' lang='lat' dir='ltr'><strong>extremo</strong></span> <span class='ocrx_word' id='word_1_710' title='bbox 2379 4002 2509 4058; x_wconf 91' lang='lat' dir='ltr'><strong>loco</strong></span> <span class='ocrx_word' id='word_1_711' title='bbox 2541 4007 2806 4074; x_wconf 90' lang='lat' dir='ltr'><strong>repertas</strong></span> <span class='ocrx_word' id='word_1_712' title='bbox 2846 4003 3038 4058; x_wconf 89' lang='lat' dir='ltr'><strong>Vitam</strong></span> <span class='ocrx_word' id='word_1_713' title='bbox 3058 4005 3222 4077; x_wconf 88' lang='lat' dir='ltr'><strong>regis</strong></span> <span class='ocrx_word' id='word_1_714' title='bbox 3258 4004 3515 4058; x_wconf 86' lang='lat' dir='ltr'><strong>Eduardi</strong></span> <span class='ocrx_word' id='word_1_715' title='bbox 3547 4004 3607 4059; x_wconf 90' lang='lat' dir='ltr'><strong>in</strong></span> 
     </span>
    </p>
   </div>
   <div class='ocr_carea' id='block_1_101' title="bbox 1948 4078 3607 4160">
    <p class='ocr_par' dir='ltr' id='par_1_101' title="bbox 1948 4078 3607 4160">
     <span class='ocr_line' id='line_1_101' title="bbox 1948 4078 3607 4160; baseline 0.002 -17"><span class='ocrx_word' id='word_1_716' title='bbox 1948 4090 2613 4160; x_wconf 57' lang='lat' dir='ltr'><strong>epitomenjcontractam</strong></span> <span class='ocrx_word' id='word_1_717' title='bbox 2634 4108 2709 4147; x_wconf 61' lang='lat' dir='ltr'><strong>ex</strong></span> <span class='ocrx_word' id='word_1_718' title='bbox 2723 4094 2893 4145; x_wconf 89' lang='lat' dir='ltr'><strong>tract.</strong></span> <span class='ocrx_word' id='word_1_719' title='bbox 2921 4092 3139 4147; x_wconf 91' lang='lat' dir='ltr'><strong>domini</strong></span> <span class='ocrx_word' id='word_1_720' title='bbox 3158 4078 3607 4147; x_wconf 87' lang='lat' dir='ltr'><strong>OsberniWes-</strong></span> 
     </span>
    </p>
   </div>
   <div class='ocr_carea' id='block_1_102' title="bbox 1945 4166 3699 4251">
    <p class='ocr_par' dir='ltr' id='par_1_102' title="bbox 1945 4166 3699 4251">
     <span class='ocr_line' id='line_1_102' title="bbox 1945 4166 3699 4251; baseline 0.003 -21"><span class='ocrx_word' id='word_1_721' title='bbox 1945 4179 2479 4249; x_wconf 89' lang='lat' dir='ltr'><strong>tmonasteriensis,</strong></span> <span class='ocrx_word' id='word_1_722' title='bbox 2513 4184 2574 4234; x_wconf 91' lang='lat' dir='ltr'><strong>ut</strong></span> <span class='ocrx_word' id='word_1_723' title='bbox 2603 4183 2695 4234; x_wconf 92' lang='lat' dir='ltr'><strong>est</strong></span> <span class='ocrx_word' id='word_1_724' title='bbox 2724 4179 2878 4251; x_wconf 90' lang='lat' dir='ltr'><strong>apud</strong></span> <span class='ocrx_word' id='word_1_725' title='bbox 2901 4179 3182 4234; x_wconf 88' lang='lat' dir='ltr'><strong>Thomam</strong></span> <span class='ocrx_word' id='word_1_726' title='bbox 3203 4180 3424 4235; x_wconf 81' lang='lat' dir='ltr'><strong>James.</strong></span> <span class='ocrx_word' id='word_1_727' title='bbox 3458 4180 3602 4251; x_wconf 89' lang='lat' dir='ltr'><strong>Opi-</strong></span> <span class='ocrx_word' id='word_1_728' title='bbox 3692 4166 3699 4167; x_wconf 18' lang='grc' dir='ltr'>ί</span> 
     </span>
    </p>
   </div>
   <div class='ocr_carea' id='block_1_103' title="bbox 1945 4267 3602 4339">
    <p class='ocr_par' dir='ltr' id='par_1_103' title="bbox 1945 4267 3602 4339">
     <span class='ocr_line' id='line_1_103' title="bbox 1945 4267 3602 4339; baseline -0.004 -11"><span class='ocrx_word' id='word_1_729' title='bbox 1945 4291 2054 4330; x_wconf 88' lang='lat' dir='ltr'><strong>nor</strong></span> <span class='ocrx_word' id='word_1_730' title='bbox 2090 4270 2147 4323; x_wconf 87' lang='lat' dir='ltr'><strong>id</strong></span> <span class='ocrx_word' id='word_1_731' title='bbox 2180 4283 2316 4325; x_wconf 88' lang='lat' dir='ltr'><strong>esse</strong></span> <span class='ocrx_word' id='word_1_732' title='bbox 2342 4285 2455 4323; x_wconf 90' lang='lat' dir='ltr'><strong>non</strong></span> <span class='ocrx_word' id='word_1_733' title='bbox 2484 4283 2708 4334; x_wconf 84' lang='lat' dir='ltr'><strong>verum,</strong></span> <span class='ocrx_word' id='word_1_734' title='bbox 2745 4284 2853 4322; x_wconf 91' lang='lat' dir='ltr'><strong>nec</strong></span> <span class='ocrx_word' id='word_1_735' title='bbox 2883 4267 3043 4322; x_wconf 90' lang='lat' dir='ltr'><strong>illam</strong></span> <span class='ocrx_word' id='word_1_736' title='bbox 3074 4284 3331 4339; x_wconf 89' lang='lat' dir='ltr'><strong>unquam</strong></span> <span class='ocrx_word' id='word_1_737' title='bbox 3362 4268 3435 4322; x_wconf 89' lang='lat' dir='ltr'><strong>ab</strong></span> <span class='ocrx_word' id='word_1_738' title='bbox 3490 4268 3602 4322; x_wconf 92' lang='lat' dir='ltr'><strong>Os-</strong></span> 
     </span>
    </p>
   </div>
   <div class='ocr_carea' id='block_1_104' title="bbox 1942 4355 3603 4428">
    <p class='ocr_par' dir='ltr' id='par_1_104' title="bbox 1942 4355 3603 4428">
     <span class='ocr_line' id='line_1_104' title="bbox 1942 4355 3603 4428; baseline -0.004 -10"><span class='ocrx_word' id='word_1_739' title='bbox 1942 4364 2129 4418; x_wconf 91' lang='lat' dir='ltr'><strong>berno</strong></span> <span class='ocrx_word' id='word_1_740' title='bbox 2178 4357 2584 4414; x_wconf 83' lang='lat' dir='ltr'><strong>Cantuariensi</strong></span> <span class='ocrx_word' id='word_1_741' title='bbox 2616 4357 3019 4427; x_wconf 89' lang='lat' dir='ltr'><strong>compositam,</strong></span> <span class='ocrx_word' id='word_1_742' title='bbox 3054 4355 3160 4410; x_wconf 91' lang='lat' dir='ltr'><strong>sed</strong></span> <span class='ocrx_word' id='word_1_743' title='bbox 3200 4356 3375 4428; x_wconf 89' lang='lat' dir='ltr'><strong>longe</strong></span> <span class='ocrx_word' id='word_1_744' title='bbox 3406 4356 3603 4412; x_wconf 88' lang='lat' dir='ltr'><strong>serius</strong></span> 
     </span>
    </p>
   </div>
   <div class='ocr_carea' id='block_1_105' title="bbox 1943 4446 3605 4516">
    <p class='ocr_par' dir='ltr' id='par_1_105' title="bbox 1943 4446 3605 4516">
     <span class='ocr_line' id='line_1_105' title="bbox 1943 4446 3605 4516; baseline -0.002 -11"><span class='ocrx_word' id='word_1_745' title='bbox 1943 4452 2016 4506; x_wconf 93' lang='lat' dir='ltr'><strong>ab</strong></span> <span class='ocrx_word' id='word_1_746' title='bbox 2083 4450 2333 4505; x_wconf 90' lang='lat' dir='ltr'><strong>Osberto</strong></span> <span class='ocrx_word' id='word_1_747' title='bbox 2393 4446 2665 4501; x_wconf 88' lang='lat' dir='ltr'><strong>nimirum</strong></span> <span class='ocrx_word' id='word_1_748' title='bbox 2727 4446 3384 4516; x_wconf 88' lang='lat' dir='ltr'><strong>Westmonasteriensl,</strong></span> <span class='ocrx_word' id='word_1_749' title='bbox 3444 4446 3605 4501; x_wconf 88' lang='lat' dir='ltr'><strong>circa</strong></span> 
     </span>
    </p>
   </div>
   <div class='ocr_carea' id='block_1_106' title="bbox 1943 4533 3602 4608">
    <p class='ocr_par' dir='ltr' id='par_1_106' title="bbox 1943 4533 3602 4608">
     <span class='ocr_line' id='line_1_106' title="bbox 1943 4533 3602 4608; baseline -0.004 -13"><span class='ocrx_word' id='word_1_750' title='bbox 1943 4557 2160 4595; x_wconf 88' lang='lat' dir='ltr'><strong>annum</strong></span> <span class='ocrx_word' id='word_1_751' title='bbox 2192 4538 2347 4608; x_wconf 83' lang='lat'><strong>1136,</strong></span> <span class='ocrx_word' id='word_1_752' title='bbox 2382 4536 2556 4607; x_wconf 90' lang='lat' dir='ltr'><strong>cujus</strong></span> <span class='ocrx_word' id='word_1_753' title='bbox 2589 4538 2757 4590; x_wconf 85' lang='lat' dir='ltr'><strong>aetate</strong></span> <span class='ocrx_word' id='word_1_754' title='bbox 2787 4535 3046 4591; x_wconf 91' lang='lat' dir='ltr'><strong>nondum</strong></span> <span class='ocrx_word' id='word_1_755' title='bbox 3069 4533 3402 4589; x_wconf 90' lang='lat' dir='ltr'><strong>Edwardus</strong></span> <span class='ocrx_word' id='word_1_756' title='bbox 3432 4535 3492 4588; x_wconf 90' lang='lat' dir='ltr'><strong>in</strong></span> <span class='ocrx_word' id='word_1_757' title='bbox 3514 4534 3602 4589; x_wconf 91' lang='lat' dir='ltr'><strong>a1-</strong></span> 
     </span>
    </p>
   </div>
   <div class='ocr_carea' id='block_1_107' title="bbox 1943 4623 3603 4695">
    <p class='ocr_par' dir='ltr' id='par_1_107' title="bbox 1943 4623 3603 4695">
     <span class='ocr_line' id='line_1_107' title="bbox 1943 4623 3603 4695; baseline -0.004 -10"><span class='ocrx_word' id='word_1_758' title='bbox 1943 4632 2082 4686; x_wconf 91' lang='lat' dir='ltr'><strong>bum</strong></span> <span class='ocrx_word' id='word_1_759' title='bbox 2114 4632 2453 4684; x_wconf 91' lang='lat' dir='ltr'><strong>sanctorum</strong></span> <span class='ocrx_word' id='word_1_760' title='bbox 2474 4625 2695 4679; x_wconf 90' lang='lat' dir='ltr'><strong>relatus</strong></span> <span class='ocrx_word' id='word_1_761' title='bbox 2724 4625 2931 4694; x_wconf 88' lang='lat' dir='ltr'><strong>fuerat,</strong></span> <span class='ocrx_word' id='word_1_762' title='bbox 2958 4628 3019 4678; x_wconf 94' lang='lat' dir='ltr'><strong>ut</strong></span> <span class='ocrx_word' id='word_1_763' title='bbox 3048 4640 3122 4679; x_wconf 88' lang='lat' dir='ltr'><strong>ex</strong></span> <span class='ocrx_word' id='word_1_764' title='bbox 3153 4624 3423 4695; x_wconf 91' lang='lat' dir='ltr'><strong>epistolis</strong></span> <span class='ocrx_word' id='word_1_765' title='bbox 3444 4623 3603 4678; x_wconf 91' lang='lat' dir='ltr'><strong>illius</strong></span> 
     </span>
    </p>
   </div>
   <div class='ocr_carea' id='block_1_108' title="bbox 1942 4712 3604 4788">
    <p class='ocr_par' dir='ltr' id='par_1_108' title="bbox 1942 4712 3604 4788">
     <span class='ocr_line' id='line_1_108' title="bbox 1942 4712 3604 4788; baseline -0.006 -13"><span class='ocrx_word' id='word_1_766' title='bbox 1942 4722 2191 4788; x_wconf 90' lang='lat' dir='ltr'><strong>constat,</strong></span> <span class='ocrx_word' id='word_1_767' title='bbox 2225 4718 2296 4772; x_wconf 88' lang='lat' dir='ltr'><strong>de</strong></span> <span class='ocrx_word' id='word_1_768' title='bbox 2327 4716 2541 4788; x_wconf 92' lang='lat' dir='ltr'><strong>quibus</strong></span> <span class='ocrx_word' id='word_1_769' title='bbox 2572 4714 2940 4770; x_wconf 81' lang='lat' dir='ltr'><strong>disseremus</strong></span> <span class='ocrx_word' id='word_1_770' title='bbox 2973 4717 3195 4783; x_wconf 88' lang='lat' dir='ltr'><strong>postea.</strong></span> <span class='ocrx_word' id='word_1_771' title='bbox 3230 4712 3604 4767; x_wconf 86' lang='lat' dir='ltr'><strong>Confundant</strong></span> 
     </span>
    </p>
   </div>
   <div class='ocr_carea' id='block_1_109' title="bbox 1940 4800 3603 4880">
    <p class='ocr_par' dir='ltr' id='par_1_109' title="bbox 1940 4800 3603 4880">
     <span class='ocr_line' id='line_1_109' title="bbox 1940 4800 3603 4880; baseline -0.006 -16"><span class='ocrx_word' id='word_1_772' title='bbox 1940 4809 2205 4880; x_wconf 89' lang='lat' dir='ltr'><strong>plerique</strong></span> <span class='ocrx_word' id='word_1_773' title='bbox 2228 4806 2386 4860; x_wconf 86' lang='lat' dir='ltr'><strong>hunc</strong></span> <span class='ocrx_word' id='word_1_774' title='bbox 2414 4805 2746 4859; x_wconf 89' lang='lat' dir='ltr'><strong>Osbernum</strong></span> <span class='ocrx_word' id='word_1_775' title='bbox 2769 4820 2902 4859; x_wconf 90' lang='lat' dir='ltr'><strong>cum</strong></span> <span class='ocrx_word' id='word_1_776' title='bbox 2917 4804 3170 4857; x_wconf 90' lang='lat' dir='ltr'><strong>Osberto</strong></span> <span class='ocrx_word' id='word_1_777' title='bbox 3202 4801 3474 4873; x_wconf 85' lang='lat' dir='ltr'><strong>ejusdem</strong></span> <span class='ocrx_word' id='word_1_778' title='bbox 3492 4800 3603 4854; x_wconf 86' lang='lat' dir='ltr'><strong>fer-</strong></span> 
     </span>
    </p>
   </div>
   <div class='ocr_carea' id='block_1_110' title="bbox 1940 4890 3597 4965">
    <p class='ocr_par' dir='ltr' id='par_1_110' title="bbox 1940 4890 3597 4965">
     <span class='ocr_line' id='line_1_110' title="bbox 1940 4890 3597 4965; baseline -0.004 -14"><span class='ocrx_word' id='word_1_779' title='bbox 1940 4914 2033 4951; x_wconf 91' lang='lat' dir='ltr'><strong>me</strong></span> <span class='ocrx_word' id='word_1_780' title='bbox 2069 4895 2349 4965; x_wconf 88' lang='lat' dir='ltr'><strong>temporis</strong></span> <span class='ocrx_word' id='word_1_781' title='bbox 2397 4897 2453 4949; x_wconf 90' lang='lat' dir='ltr'><strong>et</strong></span> <span class='ocrx_word' id='word_1_782' title='bbox 2480 4893 2730 4947; x_wconf 89' lang='lat' dir='ltr'><strong>instituti</strong></span> <span class='ocrx_word' id='word_1_783' title='bbox 2760 4896 2816 4948; x_wconf 93' lang='lat' dir='ltr'><strong>et</strong></span> <span class='ocrx_word' id='word_1_784' title='bbox 2840 4891 3114 4959; x_wconf 75' lang='lat' dir='ltr'><strong>nationis,</strong></span> <span class='ocrx_word' id='word_1_785' title='bbox 3159 4890 3254 4944; x_wconf 94' lang='lat' dir='ltr'><strong>cui</strong></span> <span class='ocrx_word' id='word_1_786' title='bbox 3285 4890 3597 4960; x_wconf 86' lang='lat' dir='ltr'><strong>inscripsit</strong></span> 
     </span>
    </p>
   </div>
   <div class='ocr_carea' id='block_1_111' title="bbox 1941 4976 3603 5054">
    <p class='ocr_par' dir='ltr' id='par_1_111' title="bbox 1941 4976 3603 5054">
     <span class='ocr_line' id='line_1_111' title="bbox 1941 4976 3603 5054; baseline -0.003 -13"><span class='ocrx_word' id='word_1_787' title='bbox 1941 4986 2126 5041; x_wconf 87' lang='lat' dir='ltr'><strong>libros</strong></span> <span class='ocrx_word' id='word_1_788' title='bbox 2159 4985 2332 5054; x_wconf 90' lang='lat' dir='ltr'><strong>duos,</strong></span> <span class='ocrx_word' id='word_1_789' title='bbox 2363 4999 2544 5038; x_wconf 91' lang='lat' dir='ltr'><strong>unum</strong></span> <span class='ocrx_word' id='word_1_790' title='bbox 2594 4983 2678 5036; x_wconf 91' lang='lat' dir='ltr'><strong>De</strong></span> <span class='ocrx_word' id='word_1_791' title='bbox 2732 4982 2870 5050; x_wconf 90' lang='lat' dir='ltr'><strong>vita,</strong></span> <span class='ocrx_word' id='word_1_792' title='bbox 2917 4981 3162 5034; x_wconf 89' lang='lat' dir='ltr'><strong>alterum</strong></span> <span class='ocrx_word' id='word_1_793' title='bbox 3191 4976 3273 5034; x_wconf 89' lang='lat' dir='ltr'><strong>De</strong></span> <span class='ocrx_word' id='word_1_794' title='bbox 3300 4978 3603 5036; x_wconf 84' lang='lat' dir='ltr'><strong>miraculis</strong></span> 
     </span>
    </p>
   </div>
   <div class='ocr_carea' id='block_1_112' title="bbox 1943 5069 3602 5141">
    <p class='ocr_par' dir='ltr' id='par_1_112' title="bbox 1943 5069 3602 5141">
     <span class='ocr_line' id='line_1_112' title="bbox 1943 5069 3602 5141; baseline -0.002 -12"><span class='ocrx_word' id='word_1_795' title='bbox 1943 5074 2130 5131; x_wconf 91' lang='lat' dir='ltr'><strong>sancti</strong></span> <span class='ocrx_word' id='word_1_796' title='bbox 2155 5073 2441 5128; x_wconf 87' lang='lat' dir='ltr'><strong>Duustani</strong></span> <span class='ocrx_word' id='word_1_797' title='bbox 2472 5069 2916 5127; x_wconf 86' lang='lat' dir='ltr'><strong>Cantuariensis</strong></span> <span class='ocrx_word' id='word_1_798' title='bbox 2948 5069 3398 5141; x_wconf 90' lang='lat' dir='ltr'><strong>archiepiscopi,</strong></span> <span class='ocrx_word' id='word_1_799' title='bbox 3449 5085 3602 5141; x_wconf 92' lang='lat' dir='ltr'><strong>quos</strong></span> 
     </span>
    </p>
   </div>
   <div class='ocr_carea' id='block_1_113' title="bbox 1941 5158 3604 5220">
    <p class='ocr_par' dir='ltr' id='par_1_113' title="bbox 1941 5158 3604 5220">
     <span class='ocr_line' id='line_1_113' title="bbox 1941 5158 3604 5220; baseline -0.003 -1"><span class='ocrx_word' id='word_1_800' title='bbox 1941 5164 2151 5220; x_wconf 89' lang='lat' dir='ltr'><strong>Surius</strong></span> <span class='ocrx_word' id='word_1_801' title='bbox 2182 5163 2256 5217; x_wconf 90' lang='lat' dir='ltr'><strong>ad</strong></span> <span class='ocrx_word' id='word_1_802' title='bbox 2316 5162 2470 5216; x_wconf 91' lang='lat' dir='ltr'><strong>diem</strong></span> <span class='ocrx_word' id='word_1_803' title='bbox 2502 5162 2568 5215; x_wconf 80' lang='lat' dir='ltr'><strong>l9</strong></span> <span class='ocrx_word' id='word_1_804' title='bbox 2599 5160 2823 5214; x_wconf 90' lang='lat' dir='ltr'><strong>mensis</strong></span> <span class='ocrx_word' id='word_1_805' title='bbox 2879 5158 3016 5213; x_wconf 90' lang='lat' dir='ltr'><strong>Maii</strong></span> <span class='ocrx_word' id='word_1_806' title='bbox 3047 5159 3153 5213; x_wconf 89' lang='lat' dir='ltr'><strong>sed</strong></span> <span class='ocrx_word' id='word_1_807' title='bbox 3183 5162 3488 5215; x_wconf 89' lang='lat' dir='ltr'><strong>truncatos</strong></span> <span class='ocrx_word' id='word_1_808' title='bbox 3547 5162 3604 5214; x_wconf 90' lang='lat' dir='ltr'><strong>et</strong></span> 
     </span>
    </p>
   </div>
   <div class='ocr_carea' id='block_1_114' title="bbox 1940 5246 3602 5323">
    <p class='ocr_par' dir='ltr' id='par_1_114' title="bbox 1940 5246 3602 5323">
     <span class='ocr_line' id='line_1_114' title="bbox 1940 5246 3602 5323; baseline -0.002 -15"><span class='ocrx_word' id='word_1_809' title='bbox 1940 5246 2214 5317; x_wconf 82' lang='lat' dir='ltr'><strong>mutilos;</strong></span> <span class='ocrx_word' id='word_1_810' title='bbox 2248 5253 2516 5323; x_wconf 86' lang='lat' dir='ltr'><strong>integros</strong></span> <span class='ocrx_word' id='word_1_811' title='bbox 2567 5252 2779 5320; x_wconf 85' lang='lat' dir='ltr'><strong>autem,</strong></span> <span class='ocrx_word' id='word_1_812' title='bbox 2812 5252 2986 5321; x_wconf 87' lang='lat' dir='ltr'><strong>atque</strong></span> <span class='ocrx_word' id='word_1_813' title='bbox 3022 5250 3248 5305; x_wconf 89' lang='lat' dir='ltr'><strong>sanatis</strong></span> <span class='ocrx_word' id='word_1_814' title='bbox 3300 5251 3602 5322; x_wconf 89' lang='lat' dir='ltr'><strong>utcunque</strong></span> 
     </span>
    </p>
   </div>
   <div class='ocr_carea' id='block_1_115' title="bbox 1940 5338 3600 5409">
    <p class='ocr_par' dir='ltr' id='par_1_115' title="bbox 1940 5338 3600 5409">
     <span class='ocr_line' id='line_1_115' title="bbox 1940 5338 3600 5409; baseline -0.001 -11"><span class='ocrx_word' id='word_1_815' title='bbox 1940 5359 2143 5398; x_wconf 89' lang='lat' dir='ltr'><strong>eorum</strong></span> <span class='ocrx_word' id='word_1_816' title='bbox 2174 5341 2544 5408; x_wconf 81' lang='lat' dir='ltr'><strong>vulneribus,</strong></span> <span class='ocrx_word' id='word_1_817' title='bbox 2565 5338 2744 5394; x_wconf 89' lang='lat' dir='ltr'><strong>edidit</strong></span> <span class='ocrx_word' id='word_1_818' title='bbox 2763 5339 3022 5393; x_wconf 84' lang='lat' dir='ltr'><strong>Joannes</strong></span> <span class='ocrx_word' id='word_1_819' title='bbox 3044 5338 3344 5409; x_wconf 88' lang='lat' dir='ltr'><strong>Mabillon,</strong></span> <span class='ocrx_word' id='word_1_820' title='bbox 3365 5339 3600 5396; x_wconf 63' lang='lat' dir='ltr'><strong>Saecula</strong></span> 
     </span>
    </p>
   </div>
   <div class='ocr_carea' id='block_1_116' title="bbox 1940 5426 3602 5509">
    <p class='ocr_par' dir='ltr' id='par_1_116' title="bbox 1940 5426 3602 5509">
     <span class='ocr_line' id='line_1_116' title="bbox 1940 5426 3602 5509; baseline -0.002 -23"><span class='ocrx_word' id='word_1_821' title='bbox 1940 5430 2017 5485; x_wconf 88' lang='grc' dir='ltr'><strong>ΙΙΙ</strong></span> <span class='ocrx_word' id='word_1_822' title='bbox 2049 5433 2387 5486; x_wconf 89' lang='lat' dir='ltr'><strong>sanctorum</strong></span> <span class='ocrx_word' id='word_1_823' title='bbox 2431 5427 2653 5509; x_wconf 79' lang='lat' dir='ltr'><strong>ordinis</strong></span> <span class='ocrx_word' id='word_1_824' title='bbox 2684 5426 2803 5481; x_wconf 92' lang='lat' dir='ltr'><strong>divi</strong></span> <span class='ocrx_word' id='word_1_825' title='bbox 2834 5426 3152 5485; x_wconf 89' lang='lat' dir='ltr'><strong>Benedicti.</strong></span> <span class='ocrx_word' id='word_1_826' title='bbox 3196 5440 3332 5502; x_wconf 89' lang='lat' dir='ltr'><strong>pag.</strong></span> <span class='ocrx_word' id='word_1_827' title='bbox 3391 5428 3489 5484; x_wconf 79' lang='lat'><strong>701</strong></span> <span class='ocrx_word' id='word_1_828' title='bbox 3545 5431 3602 5483; x_wconf 90' lang='lat' dir='ltr'><strong>et</strong></span> 
     </span>
    </p>
   </div>
   <div class='ocr_carea' id='block_1_117' title="bbox 1941 5517 3602 5592">
    <p class='ocr_par' dir='ltr' id='par_1_117' title="bbox 1941 5517 3602 5592">
     <span class='ocr_line' id='line_1_117' title="bbox 1941 5517 3602 5592; baseline -0.002 -16"><span class='ocrx_word' id='word_1_829' title='bbox 1941 5537 2109 5592; x_wconf 86' lang='lat' dir='ltr'><strong>seqq.</strong></span> <span class='ocrx_word' id='word_1_830' title='bbox 2134 5519 2402 5575; x_wconf 91' lang='lat' dir='ltr'><strong>Osberno</strong></span> <span class='ocrx_word' id='word_1_831' title='bbox 2415 5517 2818 5571; x_wconf 85' lang='lat' dir='ltr'><strong>Cautuariensi</strong></span> <span class='ocrx_word' id='word_1_832' title='bbox 2840 5517 3101 5589; x_wconf 88' lang='lat' dir='ltr'><strong>legitimo</strong></span> <span class='ocrx_word' id='word_1_833' title='bbox 3123 5519 3345 5573; x_wconf 92' lang='lat' dir='ltr'><strong>auctori</strong></span> <span class='ocrx_word' id='word_1_834' title='bbox 3370 5519 3602 5572; x_wconf 90' lang='lat' dir='ltr'><strong>restitu-</strong></span> 
     </span>
    </p>
   </div>
   <div class='ocr_carea' id='block_1_118' title="bbox 1940 5606 3597 5682">
    <p class='ocr_par' dir='ltr' id='par_1_118' title="bbox 1940 5606 3597 5682">
     <span class='ocr_line' id='line_1_118' title="bbox 1940 5606 3597 5682; baseline -0.004 -16"><span class='ocrx_word' id='word_1_835' title='bbox 1940 5613 2053 5666; x_wconf 92' lang='lat' dir='ltr'><strong>tos.</strong></span> <span class='ocrx_word' id='word_1_836' title='bbox 2086 5610 2224 5682; x_wconf 87' lang='lat' dir='ltr'><strong>Agit</strong></span> <span class='ocrx_word' id='word_1_837' title='bbox 2246 5610 2317 5663; x_wconf 91' lang='lat' dir='ltr'><strong>de</strong></span> <span class='ocrx_word' id='word_1_838' title='bbox 2348 5611 2597 5679; x_wconf 89' lang='lat' dir='ltr'><strong>utroque</strong></span> <span class='ocrx_word' id='word_1_839' title='bbox 2623 5607 2892 5662; x_wconf 87' lang='lat' dir='ltr'><strong>Osberno</strong></span> <span class='ocrx_word' id='word_1_840' title='bbox 2924 5609 2981 5661; x_wconf 89' lang='lat' dir='ltr'><strong>et</strong></span> <span class='ocrx_word' id='word_1_841' title='bbox 3007 5606 3258 5662; x_wconf 85' lang='lat' dir='ltr'><strong>Osberto</strong></span> <span class='ocrx_word' id='word_1_842' title='bbox 3291 5607 3597 5663; x_wconf 87' lang='lat' dir='ltr'><strong>Gerardus</strong></span> 
     </span>
    </p>
   </div>
   <div class='ocr_carea' id='block_1_119' title="bbox 1937 5695 3592 5768">
    <p class='ocr_par' dir='ltr' id='par_1_119' title="bbox 1937 5695 3592 5768">
     <span class='ocr_line' id='line_1_119' title="bbox 1937 5695 3592 5768; baseline -0.002 -16"><span class='ocrx_word' id='word_1_843' title='bbox 1937 5699 2200 5755; x_wconf 84' lang='lat' dir='ltr'><strong>Joannes</strong></span> <span class='ocrx_word' id='word_1_844' title='bbox 2232 5699 2510 5768; x_wconf 90' lang='lat' dir='ltr'><strong>Vossius,</strong></span> <span class='ocrx_word' id='word_1_845' title='bbox 2534 5696 2637 5752; x_wconf 89' lang='lat' dir='ltr'><strong>lib.</strong></span> <span class='ocrx_word' id='word_1_846' title='bbox 2672 5713 2714 5749; x_wconf 84' lang='grc' dir='ltr'>ιι</span> <span class='ocrx_word' id='word_1_847' title='bbox 2744 5695 2828 5750; x_wconf 93' lang='lat' dir='ltr'><strong>De</strong></span> <span class='ocrx_word' id='word_1_848' title='bbox 2851 5695 3169 5753; x_wconf 87' lang='lat' dir='ltr'><strong>Historicis</strong></span> <span class='ocrx_word' id='word_1_849' title='bbox 3191 5696 3436 5765; x_wconf 88' lang='lat' dir='ltr'><strong>Latinis,</strong></span> <span class='ocrx_word' id='word_1_850' title='bbox 3464 5710 3592 5765; x_wconf 90' lang='lat' dir='ltr'><strong>cap.</strong></span> 
     </span>
    </p>
   </div>
  </div>
