3978 6178
339 271 455 337 3’71

1275 279 1643 341 OSBERNI
1686 279 2081 343 MONACHI
2124 281 2828 344 CANTUARIENSIS.

3685 284 3819 347 372

277 478 282 482 ’
341 473 431 530 43.
466 491 602 546 pag.
638 475 780 530 mihi
819 474 924 530 380
953 480 1009 530 et
1058 493 1184 546 cap.
1243 477 1331 545 49,
1364 493 1497 548 pag.
1552 479 1691 531 mihi
1741 479 1864 533 409.
1920 480 2002 533 De
2031 469 2088 529 A
2117 483 2308 534 vocat.
2334 481 2628 535 Henricus
2651 480 2944 535 Warthon
2965 481 3022 534 in
3047 479 3390 550 praafatione
3414 480 3484 534 ad
3503 483 3734 536 tomum
3757 481 3808 533 II

348 563 616 617 Osberno
647 562 1056 617 Cantuariensi
1091 566 1376 619 monacho
1418 566 1679 620 Joannes
1713 567 2012 622 Lelandus

344 651 852 706 Collectaneorum
885 655 1000 705 vol.
1036 654 1079 721 I,
1129 670 1285 708 num.
1318 655 1371 721 4,
1408 654 1504 708 ubi
1530 655 1657 707 Vita
1681 656 1739 708 S.
1763 656 2015 727 Elphegi

348 739 804 808 archiepiscopi,
839 745 1077 795 auctore
1101 742 1374 796 Osberno
1405 742 1837 798 Cantuariensi.
1872 761 2008 816 pag.

354 827 444 894 22,
481 829 837 896 excerpitur.
877 829 946 882 Et
977 829 1478 883 (.lollectaneorum
1503 831 1718 883 volum.
1756 832 1828 883 IV
1856 849 2013 886 num.

2124 569 2355 640 Angliae
2387 570 2607 638 Sacrae,
2663 585 2822 623 num.
2859 571 2910 637 4,
2943 571 2997 637 5,
3032 569 3084 638 6,
3117 570 3148 622 '7
3178 573 3233 622 et
3263 571 3314 639 8,
3349 585 3526 640 quem
3554 569 3654 623 hic
3685 586 3808 624 ex-

2125 659 2500 726 scripsimus.
2536 659 2796 712 Joannes
2831 658 3130 726 Mabillon,
3165 659 3221 711 in
3253 658 3419 712 Actis
3451 661 3807 712 sanctorum

2125 747 2352 799 ordinis
2383 746 2501 799 divi
2546 747 2850 800 Benenicti
2881 747 3112 801 Saeculo
3147 750 3337 814 sexto,
3371 750 3534 815 parte
3566 764 3605 799 ι.
3653 762 3806 817 pag.

2130 833 2251 900 113,
2315 835 2413 887 ubi
2463 834 2653 886 Vitam
2677 835 2866 888 sancti
2919 835 3169 906 Elphegi
3217 834 3461 904 profert,
3516 834 3810 888 editionis

348 915 469 982 104,
503 931 637 986 pag.
665 915 785 969 137.
819 916 1020 969 Caesar
1051 918 1340 971 Baronius
1373 920 1430 970 in
1463 920 1789 973 Annalibus
1808 922 1876 973 ad
1901 937 2009 973 an-
2120 922 2482 976 Parisiensis
2516 923 2668 992 apud
2699 922 2973 977 Carolum
3001 923 3308 994 Robustel,
3342 937 3494 977 anno
3527 922 3691 991 1701,
3718 923 3811 977 in-

347 1019 488 1057 num
527 1003 651 1072 840,
675 1003 802 1070 855,
845 1003 970 1071 857,
1002 1003 1125 1072 860,
1162 1010 1217 1059 et
1263 1007 1320 1058 in
1357 1007 1525 1060 Notis
1561 1007 1632 1060 ad
1667 1008 2012 1078 Martyrolo-

354 1093 518 1163 gium
551 1093 882 1146 Romanum
912 1093 1004 1146 die
1047 1091 1111 1147 ’19
1136 1094 1291 1163 Maii,
1327 1095 1425 1164 qui
1458 1095 1675 1166 ubique
1698 1095 2015 1151 Osbertum

2125 1009 2288 1064 folio.

1232 1421 1565 1532 VITA
1621 1422 2124 1538 SANCTI
2188 1429 2470 1542 DUN
2481 1427 2840 1541 STAN
2853 1429 2901 1536 Ι

1479 1661 2064 1736 ARCHIEPISCOPI
2119 1655 2674 1736 GATUARIENSIS

973 1842 1266 1902 Auctore
1299 1840 1610 1901 OSBERNO
1641 1841 1930 1922 ejusdem
1962 1839 2284 1902 Ecclesia:
2321 1840 2824 1902 Cantuariensis
2857 1843 3188 1904 monacho.

1090 2021 1258 2089 (Vide
1293 2023 1587 2094 Patrolog.
1608 2025 1746 2077 tom.
1771 2019 2144 2092 CXXXVIII,
2181 2021 2292 2076 col.
2325 2018 2449 2088 407,
2477 2019 2536 2073 in
2557 2018 2616 2073 S.
2653 2019 3016 2088 Dunsmno.)

1037 2323 1475 2475 VITA
1557 2323 2208 2477 SANCTI
2298 2319 3102 2474 ELPHEGI

907 2596 1658 2678 ARGHIEPISGOPI
1697 2594 2474 2678 GANTUARIENSIS
2533 2595 2660 2674 ET
2717 2593 3218 2674 MARTYBIS

1441 2751 1446 2758 ’
1588 2796 1644 2856 Α
1673 2789 2040 2856 UCTORE
2090 2785 2554 2850 OSBERNO.

346 2975 616 3044 (MABILL.
651 2976 802 3032 Acta
841 2976 954 3033 SS.
988 2977 1115 3032 0rd.
1149 2976 1213 3032 S.
1267 2976 1492 3032 Bened.
1525 2976 1675 3032 Sane.
1712 2977 1806 3045 VI,
1840 2978 2003 3046 parte
2044 2991 2082 3042 ι,
2115 2987 2250 3044 pag.
2277 2971 2397 3042 114,
2431 2987 2505 3026 ex
2563 2969 2746 3040 Aprili
2777 2967 3027 3024 Suriano
3049 2969 3106 3022 et
3136 2981 3248 3037 ms,
3284 2967 3438 3036 cod.,
3461 2965 3804 3035 Thuaneo.)

1337 3277 2153 3373 OBSERVATIONES
2209 3279 2670 3372 PRZEVIE.

417 3500 469 3554 1.
522 3501 739 3555 Beatus
788 3502 1179 3571 Lanfrancus,
1267 3501 1598 3556 Cantuariae
1658 3502 1924 3570 antistes,
1984 3517 2015 3554 a
2047 3481 2099 3541 Β
2202 3497 2254 3551 2.
2290 3498 2420 3552 Vita
2467 3501 2655 3554 sancti
2710 3501 2960 3574 Elphegi
3013 3519 3129 3558 non
3183 3504 3378 3559 solum
3421 3504 3494 3558 ab
3525 3502 3803 3558 Osberno

349 3591 556 3643 sancto
588 3590 1047 3658 Anselmo,tunc
1079 3591 1366 3645 Beccensi
1399 3592 1630 3653 abbate,
1662 3607 2012 3660 persuasus,

349 3676 684 3748 Liphegum
732 3679 1247 3747 archiepiscopum
1279 3679 1784 3748 Cantuariensem,
1831 3680 1929 3750 qui
1985 3695 2018 3732 a

346 3764 532 3818 Danis
590 3766 939 3822 interfectus
990 3767 1200 3838 fuerat,
1235 3784 1339 3838 pro
1396 3784 1539 3822 vero
1588 3770 1641 3822 et
1695 3768 2017 3823 indubitate

343 3857 600 3923 martyre
631 3871 815 3924 posse
844 3856 1073 3926 haberi,
1135 3861 1195 3910 ut
1254 3857 1506 3912 inferius
1539 3857 1752 3912 dicturi
1784 3873 2014 3925 sumus,

347 3941 630 4001 Osberno
663 3945 954 3999 Ecclesia)
988 3961 1115 4000 suae
1146 3945 1433 4002 monacho
1466 3947 1826 4016 provinciam
1859 3945 2019 3999 dedit

343 4035 625 4108 ejusdem
656 4034 844 4089 sancti
876 4035 1151 4105 martyris
1176 4037 1319 4088 Acta
1351 4035 1559 4090 litteris
1589 4034 1921 4101 mandandi,
1955 4038 2018 4088 ut

345 4126 405 4180 in
436 4123 631 4179 officio
663 4123 860 4178 divino
892 4123 1256 4196 legerentur.
1286 4125 1592 4180 Pontiﬁcis
1635 4123 1879 4194 imperio
1907 4124 2017 4177 ob-

346 4213 696 4284 temperavit
725 4212 1054 4284 Osbernus,
1090 4229 1158 4268 ac
1182 4215 1338 4268 beati
1397 4213 1646 4285 Elphegi
1681 4213 1870 4266 Vitam
1898 4228 2016 4266 non

351 4305 546 4360 solum
582 4326 603 4349 «
634 4303 806 4372 pleno
822 4303 1153 4371 dictamine,
1193 4327 1214 4350 ιι
1251 4307 1331 4371 ut,
1352 4301 1790 4372 aitEadmerus,
1811 4317 2018 4356 verum

343 4395 518 4449 etiam
540 4414 561 4441 α
588 4391 818 4446 musico
856 4391 1252 4447 modulamine
1304 4393 1372 4446 ad
1408 4392 1735 4447 canendum
1762 4414 1783 4439 »
1812 4390 2014 4445 edidit.

348 4484 514 4537 Hanc
536 4497 608 4534 ex
639 4480 816 4534 Surio
847 4482 1222 4550 exhibemus,
1247 4482 1442 4536 addito
1481 4497 1554 4536 ex
1588 4480 1911 4548 ms,codice
1930 4479 2015 4532 bi-

341 4571 656 4628 bliothecas
674 4568 936 4623 Thuanaa
962 4570 1234 4641 prologo,
1278 4586 1452 4640 quem
1477 4568 1810 4624 Bollandini
1841 4568 2017 4621 etiam

2130 3589 2536 3642 auctoritatem
2592 3591 2783 3655 habet,
2817 3592 2924 3645 sed
2973 3594 3144 3667 etiam
3177 3609 3209 3646 a
3236 3593 3408 3648 beato
3442 3592 3801 3662 Lanfraneo,

2126 3675 2224 3745 qui
2279 3693 2405 3730 eam
2437 3679 2824 3749 approbasse,
2858 3684 2914 3734 et
2976 3683 3076 3736 toti
3135 3683 3477 3754 Anglicanas
3504 3681 3804 3736 Ecclesiae

2125 3764 2435 3836 legendam
2464 3767 2786 3822 tradidisse
2846 3773 3205 3824 memoratur
3230 3771 3383 3840 apud
3413 3769 3798 3838 Eadmerum,

2123 3852 2307 3908 libro:
2333 3855 2414 3909 De
2439 3857 2555 3910 vita
2583 3857 2771 3910 sancti
2794 3857 3199 3927 Anselmi,ubi
3231 3860 3303 3914 de
3337 3860 3674 3914 Lanfranco
3709 3861 3804 3914 sic

2124 3943 2382 4012 loquitur
2410 3945 2437 3997 ‘?
2467 3967 2488 3990 α
2515 3944 2836 3999 Historiam
2861 3946 2998 4000 vitae
3015 3963 3084 4000 ac
3111 3947 3418 4017 passionis
3432 3947 3568 4018 ejus
3584 3949 3802 4016 (sancti

2121 4031 2368 4102 Elphegi
2390 4032 2638 4102 scilicet)
2659 4033 2924 4106 diligenti
2948 4036 3274 4091 studiotieri
3297 4036 3600 4106 praecepit,
3621 4052 3804 4107 quam

2122 4120 2356 4190 quidem
2392 4121 2711 4175 Historiam
2760 4139 2878 4178 non
2919 4124 3111 4178 solum
3147 4123 3322 4195 plano
3353 4124 3667 4178 dictamine
3725 4125 3800 4178 ad

2123 4209 2461 4280 legendum,
2496 4226 2699 4264 verum
2759 4212 2930 4266 etiam
2988 4214 3218 4268 musico
3272 4213 3670 4268 modulamine
3722 4213 3798 4266 ad

2124 4299 2474 4368 canendum,
2507 4314 2538 4351 a
2563 4299 2848 4369 jucunda:
2880 4303 3180 4356 memoriaa
3213 4302 3505 4371 Osberno,
3537 4302 3799 4356 Cantua-

2124 4385 2342 4440 riensis
2377 4386 2663 4443 Ecclesiae
2688 4390 2998 4445 monacho.
3028 4392 3098 4446 ad
3118 4396 3479 4461 praaceptum
3509 4389 3670 4445 illius
3695 4407 3802 4446 no-

2123 4473 2321 4528 biliter
2350 4476 2583 4544 editam,
2619 4477 2746 4547 ipse
2775 4494 2883 4532 sua
2909 4480 3214 4548 prudentia
3245 4496 3350 4549 pro
3401 4495 3598 4534 amore
3630 4479 3794 4534 illius

2124 4565 2406 4634 martyris
2433 4565 2655 4619 celsius
2679 4566 3008 4638 insignivit,
3034 4568 3801 4640 insignitamauctOrizavit,

345 4660 582 4716 edidere
596 4673 730 4712 cum
744 4657 1400 4729 prolixioriVita,quam
1416 4659 1740 4730 genuinum
1759 4656 2018 4711 Osberni
2049 4643 2100 4705 C
2128 4653 2540 4707 auctorizatam
2571 4654 2630 4708 in
2659 4655 2928 4710 Ecclesia
2979 4657 3081 4711 Dei
3105 4657 3224 4729 legi
3277 4657 3621 4727 cantarique
3655 4657 3796 4712 insti

346 4751 530 4804 fetum
570 4746 927 4802 existimant.
970 4746 1189 4801 Verum
1229 4763 1362 4801 cum
1405 4747 1532 4801 hinc
1587 4745 1736 4813 Vita,
1786 4761 1918 4815 quae
1962 4745 2020 4799 in

347 4839 535 4912 Aprili
557 4836 940 4894 Bollandiano
953 4837 1248 4906 publicata
1271 4840 1382 4906 est,
1402 4852 1469 4890 ea
1488 4835 1618 4905 ipsa
1648 4834 2022 4889 solummodo

352 4933 625 5001 pluribus
653 4929 857 4987 verbis
882 4926 1099 4983 referat
1126 4941 1260 4997 quae
1286 4925 1441 4995 apud
1469 4924 1704 4978 Surium
1736 4923 2024 4994 pauciori.

344 5019 461 5074 bus
475 5022 902 5092 exprimuntur,
919 5015 1258 5072 breviorem
1281 5013 1376 5068 hic
1396 5013 1674 5068 sufﬁcere
1698 5012 1892 5066 visum
1909 5015 2020 5066 est.

345 5107 597 5180 Elphegi
625 5110 774 5164 Vitae
804 5106 1078 5178 ejusdem
1096 5103 1503 5160 translationis
1537 5101 1844 5156 historiam
1881 5101 2024 5156 sub-

340 5196 672 5268 jungimus,
705 5213 882 5268 quam
904 5196 1057 5250 idem
1086 5195 1396 5249 Osbernus
1412 5191 1710 5262 aliquanto
1745 5194 1882 5261 post
1901 5189 2022 5244 edi-

351 5289 470 5339 tam
499 5285 689 5339 Vitam
702 5284 1076 5354 conscripsit,
1104 5286 1163 5337 ut
1179 5284 1305 5352 ipse
1321 5282 1378 5334 in
1397 5279 1754 5334 narrationis
1775 5278 2020 5333 exordio

345 5377 403 5429 at
433 5376 679 5428 testaur.
723 5372 888 5427 Hanc
924 5389 1065 5427 vero
1098 5387 1172 5426 ex
1222 5371 1454 5426 laudato
1485 5369 1685 5424 codice
1741 5367 2019 5421 Thuaneo

353 5462 609 5532 primum
639 5461 1088 5530 descripsimus,
1111 5460 1214 5514 sed
1249 5476 1375 5514 eam
1394 5457 1765 5528 postmodum
1794 5455 2018 5510 inveni~

349 5567 484 5606 mus
514 5550 572 5605 in
605 5549 816 5621 Anglia
846 5550 1023 5605 Sacra
1067 5550 1280 5604 editam
1333 5566 1404 5604 ex
1448 5565 1593 5604 mss.
1630 5545 2014 5617 Anglicanis;

348 5640 442 5711 cui
453 5656 522 5696 us
536 5639 904 5694 solummodo
920 5638 1311 5709 fragmentum
1325 5638 1608 5692 dederunt
1626 5633 2011 5700 Bollandiani,

347 5730 504 5800 quod
535 5727 876 5801 imperfecta
907 5727 964 5782 in
995 5742 1199 5782 eorum
1226 5726 1429 5781 codice
1459 5726 1793 5780 haberetur.

2128 4741 2255 4804 tuit,
2287 4757 2620 4813 nomenque
2651 4746 2927 4815 martyris
2981 4745 3091 4800 hac
3148 4746 3206 4799 in
3253 4749 3415 4816 parte
3447 4761 3563 4800 non
3592 4762 3799 4816 parum

2130 4829 2505 4901 gloriticavit.
2541 4854 2560 4878 ι
2600 4831 2687 4885 Ex
2717 4833 2830 4887 hoc
2861 4833 3800 4906 apparetsanetiElphegimemo-

2133 4919 2281 4973 riam
2304 4918 2429 4988 jam
2448 4921 2670 4975 swculo
2689 4921 2998 4977 undecimo
3020 4923 3319 4978 celebrem
3349 4923 3562 4990 fuisse,
3596 4927 3798 4993 utpote

2134 5006 2309 5077 cujus
2341 5007 2558 5062 festum
2578 5025 2684 5078 per
2715 5013 2892 5063 totam
2923 5011 3199 5083 Angliam
3230 5015 3364 5065 tunc
3394 5013 3658 5066 solemne
3691 5013 3798 5066 ha-

2132 5096 2397 5166 bebatur,
2427 5098 2584 5168 quod
2601 5099 2738 5152 item
2764 5115 2837 5154 ex
2855 5099 2982 5169 ipsa
3001 5100 3137 5170 ejus
3164 5100 3570 5155 translationis
3604 5101 3802 5156 Histo-

2132 5186 2218 5238 ria
2244 5186 2620 5240 manifestum
2651 5188 2786 5242 erit.
2821 5187 3018 5258 Hujus
3049 5189 3239 5244 sancti
3275 5189 3548 5260 martyris
3603 5189 3798 5244 cultus

2131 5275 2342 5329 exinde
2355 5274 2410 5328 in
2427 5275 2644 5347 Anglia
2656 5278 3066 5346 perseveravit
3084 5294 3274 5349 usque
3287 5279 3361 5332 ad
3375 5277 3662 5349 ejuratam
3681 5279 3794 5332 sub

2132 5363 2389 5420 Henrico
2417 5364 2546 5417 VIII
2599 5365 2793 5420 fidem.
2822 5365 2941 5420 Imo
2973 5383 3090 5422 non
3139 5367 3290 5437 apud
3321 5367 3550 5438 Anglos
3579 5367 3795 5434 solum,

2128 5468 2332 5507 verum
2364 5456 2537 5507 ettam
2567 5455 2719 5523 apud
2751 5455 2897 5509 alias
2929 5456 3195 5511 naiiones
3210 5455 3465 5510 celebris
3481 5448 3795 5510 fuitsancti

2128 5541 2377 5615 Elphegi
2411 5543 2710 5611 memoria,
2745 5543 2920 5615 cujus
2943 5545 3097 5600 diem
3115 5545 3332 5600 festum
3353 5545 3450 5617 agi
3470 5545 3527 5599 in
3548 5545 3792 5599 Dolensi

2126 5633 2380 5686 ecclesia
2403 5633 2553 5701 apud
2577 5637 2817 5686 nostros
2839 5634 3131 5689 Brittones
3147 5633 3493 5707 observavit
3516 5632 3791 5688 Godefri-

2124 5721 2235 5775 dus
2265 5721 2699 5776 Henschenius.
2723 5721 2950 5778 Nomen
2975 5722 3109 5795 ejus
3141 5724 3356 5793 praeter
3383 5722 3785 5795 Angticanum
